3924 6306
336 291 470 346 1119

1536 287 1625 344 DE
1656 288 1876 345 LlBRlS
1915 287 2365 346 STROMATUM.
2408 353 2414 358 _

3427 289 3553 346 1151

342 409 634 478 interiecto
671 409 931 477 temporis
953 407 1262 471 intervallo,
1291 407 1456 463 fuisse
1484 423 1512 462 a
1553 411 1662 464 Deo
1691 410 1907 466 condita
1939 419 1981 472 Α
2089 411 2330 478 Denique
2357 409 2607 463 Clemens
2641 410 2742 465 hoc
2772 409 3049 465 Geneseos
3081 409 3299 462 verbum
3337 430 3354 460 ο
3394 411 3500 474 die,
3538 431 3558 464 ι

340 491 398 534 et
425 489 610 533 creata
650 497 664 534 :
702 494 890 555 verum
922 481 1082 532 etiam
1117 493 1214 555 cur
1239 494 1300 532 ea
1333 479 1620 555 subcisivis
1641 481 1910 555 nihilomi-

343 565 450 604 nus
503 550 1084 619 temporibusﬂcreala
1132 548 1408 619 dicantur,
1458 548 1768 605 diserte‘sic
1810 566 1906 605 ex-

344 619 514 688 plicat
544 633 560 671 :
597 618 628 670 ί
675 620 803 685 Qus;
842 618 1094 688 diversis,
1143 618 1318 688 inquit
1353 619 1419 681 “,
1453 619 1644 674 diebus
1688 621 1907 674 fuerunt

344 690 679 751 creationes,
735 687 973 741 maxima
1018 697 1256 756 accepta:
1305 698 1428 740 sunt
1479 691 1902 757 consequentia;

345 768 534 826 utpote
563 758 708 828 quod
756 759 962 818 omnia,
1013 771 1134 823 qua:
1189 758 1326 810 facta
1379 765 1524 824 sunt,
1579 776 1700 827 quze
1746 761 1904 814 simul

343 837 531 884 creata
563 837 689 881 sunt
713 842 836 882 cum
865 828 1214 895 cogitatione,
1238 828 1493 880 honorem
1520 829 1626 882 sint
1652 829 1903 883 habitura

341 913 406 950 ex
459 912 526 951 eo
565 899 708 966 quod
763 895 1058 965 antiquius,
1097 913 1194 950 nec
1242 897 1313 950 sit
1363 897 1539 951 futura
1586 913 1682 966 par
1714 915 1902 954 eorum

340 965 652 1022 aestimatio.
688 967 873 1035 Neque
905 981 1037 1020 voce
1087 965 1277 1021 fuisset
1323 965 1630 1021 declaratus
1659 970 1906 1022 uniuscu-

339 1037 534 1107 iusque
576 1048 750 1101 ortus,
785 1038 842 1107 si
874 1037 1167 1107 acervatim
1213 1047 1262 1088 et
1298 1037 1460 1107 simul
1487 1039 1669 1090 omnia
1708 1037 1902 1093 fecisse

340 1105 482 1160 dicta
510 1116 656 1162 esset
681 1105 1232 1177 creatiotOportebat
1260 1106 1400 1160 enim
1432 1107 1634 1176 aliquid
1669 1109 1899 1177 prinnnn

339 1191 552 1245 quoque
580 1174 1210 1247 nominasse.Propterea
1236 1189 1365 1247 ergo
1389 1174 1557 1244 prima
1590 1174 1902 1247 prophetice

337 1248 479 1299 dicta
515 1256 662 1307 sunt,
697 1261 761 1300 ex
807 1246 1002 1312 quibus
1048 1246 1305 1308 secunda,
1343 1260 1464 1299 cum
1512 1246 1704 1300 omnia
1738 1247 1899 1301 simul

338 1325 607 1382 potestate
637 1317 773 1369 facta
808 1315 1002 1369 sintex
1036 1331 1139 1367 una
1171 1315 1430 1369 essentia.
1461 1316 1555 1370 Est
1580 1318 1724 1370 enim
1767 1332 1894 1382 una,

338 1394 397 1439 ut
425 1387 640 1452 opinor,
672 1385 762 1438 Dei
795 1388 1042 1438 voluntas
1069 1386 1122 1436 iu
1151 1399 1253 1437 una
1285 1385 1587 1440 identitate.
1615 1387 1900 1452 Qumnodo

336 1465 516 1508 autem
553 1456 604 1508 in
632 1465 873 1522 tempore
900 1454 1040 1507 facta
1080 1453 1242 1506 fuerit
1279 1456 1510 1518 crcatio,
1539 1457 1584 1510 si
1613 1473 1717 1510 una
1775 1472 1895 1509 cum

336 1525 403 1577 iis
424 1540 543 1594 qua:
579 1536 706 1578 sunt
737 1534 945 1591 tempus
977 1540 1192 1593 quoque
1223 1523 1422 1578 factum
1452 1524 1649 1580 fuerit?
1676 1545 1693 1577 ι
1734 1527 1898 1580 Vides

334 1596 605 1662 quomodo
630 1595 718 1666 ille
751 1611 854 1666 non
893 1605 1098 1666 tantum
1146 1604 1454 1662 asseveret,
1495 1598 1591 1650 sed
1622 1606 1674 1650 et
1704 1595 1897 1666 probet

335 1679 433 1718 cur
461 1666 638 1718 omnia
668 1664 827 1718 simul
850 1674 1030 1717 creata
1064 1665 1288 1726 fuerint,
1322 1667 1568 1732 quamvis
1615 1667 1668 1720 in
1706 1664 1894 1722 sacris

333 1735 624 1803 Scriptura:
653 1734 806 1814 libris
836 1733 1077 1817 legamus
1108 1749 1170 1788 ea
1198 1736 1523 1817 nop‘simul,
1557 1741 1649 1792 sed
1677 1737 1892 1791 diverso
1928 1763 1966 1817 Β

337 1814 601 1872 tempore,
633 1804 906 1872 variisque
936 1804 1122 1857 diebus
1151 1803 1387 1861 condita.

405 1874 589 1942 Neque
627 1873 676 1927 id
705 1874 953 1927 Clemens
979 1874 1144 1927 semel
1173 1874 1376 1928 dixisse
1403 1882 1716 1939 contentus,
1745 1875 1886 1931 idem

336 1943 499 2010 paulo
533 1954 655 2012 p05t
677 1943 935 2013 repetit"?
969 1961 984 1997 :
1023 1960 1042 1995 ι
1087 1942 1152 1998 Ut
1173 1958 1300 2013 ergo
1328 1946 1604 1999 discamus
1629 1947 1886 2000 mundum

333 2029 453 2068 esse
483 2014 746 2082 genitum,
788 2028 894 2067 non
917 2012 972 2066 in
1001 2012 1256 2084 tempore
1291 2024 1472 2068 autem
1506 2014 1684 2070 facere
1718 2016 1887 2070 Deutn

335 2085 724 2154 existimemus,
760 2083 1040 2153 subiunxit
1084 2083 1367 2154 prephetia
1389 2085 1476 2138 "z
1509 2084 1608 2140 llic
1644 2095 1726 2140 est
1752 2087 1891 2141 liber

335 2153 721 2220 generationis,
765 2163 820 2207 et
852 2167 1039 2207 eorum
1067 2167 1188 2273 thure
1217 2161 1344 2208 sunt
1389 2154 1444 2209 in
1493 2155 1644 2222 ipsis,
1673 2156 1890 2225 quando

335 2222 475 2273 facta
510 2234 652 2273 sunt.
677 2237 786 2273 nuo
815 2224 898 2273 die
922 2221 1045 2273 fecit
1121 2239 1217 2273 eus
1242 2223 1504 2273 cmlumet
1519 2236 1736 2273 terram.
1757 2226 1889 2273 Illud

335 2222 475 2275 facta
510 2234 652 2284 sunt,
677 2237 786 2291 quo
815 2224 898 2276 die
922 2221 1045 2276 fecit
1077 2221 1217 2278 Deus
1242 2221 1736 2280 ccelumetterram.
1757 2226 1889 2280 Illud

333 2292 490 2367 εξιιῇηι⁸
516 2295 780 2367 :_quando
817 2291 957 2347 faeta
983 2301 1129 2356 sunt,
1162 2296 1588 2367 enuntiationem
1619 2297 1892 2367 significat

336 2362 663 2435 [tuli-[initam
710 2371 1059 2435 etexpertem
1083 2366 1361 2432 temporis.
1390 2364 1500 2420 Hoc
1537 2362 1716 2420 autem
1744 2380 1758 2416 :
1783 2380 1891 2435 quo

338 2430 500 2504 184
528 2432 772 2504 diefeeit
801 2430 960 2497 Deus,
994 2430 1209 2504 hociest
1265 2436 1318 2488 iu
1345 2450 1471 2504 quo,
1504 2445 1558 2488 et
1585 2450 1680 2504 per
1729 2430 1889 2504 quem

334 2503 696 2565 feett’omnia,
725 2504 924 2574 et_sine
958 2517 1064 2571 quo
1095 2503 1293 2558 factum
1321 2503 1404 2559 eet
1428 2503 1598 2572 nihil,
1621 2503 1893 2574 significat

335 2585 462 2646 eam
487 2586 627 2646 qua;
654 2588 749 2642 per
791 2572 987 2646 Filium
1034 2573 1094 2626 fit
1127 2577 1517 2646 operationem,
1567 2572 1725 2646 quem
1760 2577 1892 2629 dicit

335 2639 537 2695 Davidi
569 2639 672 2698 llic
693 2652 779 2696 est
814 2643 950 2708 dies,
985 2657 1143 2712 quem
1165 2639 1301 2699 fecit
1327 2639 1604 2710 Dominus,
1649 2647 1891 2699 exsulee-

335 2724 478 2784 mus,
505 2721 558 2766 et
598 2713 840 2784 laetemur
875 2713 926 2765 in
960 2728 1025 2767 eo
1053 2752 1092 2784 ,7
1134 2715 1234 2768 hoc
1265 2725 1350 2769 est
1378 2730 1474 2784 per
1501 2730 1618 2769 eam
1651 2731 1771 2783 quae
1796 2731 1892 2784 per

332 2783 508 2852 ipsum
559 2782 894 2852 traditaest
945 2783 1342 2852 cognitionem,
1379 2782 1596 2840 'divinis
1647 2782 1888 2839 fruamur

330 2851 526 2924 epulis.
561 2851 684 2905 Dies
708 2851 848 2904 enim
882 2851 1086 2924 dictum
1118 2863 1202 2924 est
1230 2853 1484 2918 Verbum,
1508 2856 1652 2924 quod
1680 2856 1892 2909 occulta

333 2921 623 2994 illuminat,
653 2930 708 2974 et
739 2936 834 2989 per
860 2923 1002 2990 quod
1033 2922 1086 2975 in
1116 2921 1288 2977 lucem
1319 2934 1372 2977 et
1398 2925 1461 2977 ad
1492 2921 1893 2994 generationem

334 2992 565 3046 accessit
610 3004 943 3062 unaquaeque
981 3004 1252 3050 creatura.
1287 3013 1306 3046 ι
1337 2992 1517 3049 Aliani
1544 2996 1618 3049 ibi
1645 2995 1897 3052 Clemens

334 3062 548 3132 profert
579 3062 844 3132 rationem
893 3076 991 3116 cur
1029 3062 1172 3117 Deus
1215 3065 1470 3119 mundum
1517 3080 1624 3119 non
1668 3067 1719 3121 in
1753 3073 1892 3120 tem-

329 3120 487 3201 pore,
536 3132 628 3185 sed
677 3131 835 3184 simul
871 3141 1042 3185 totum
1095 3135 1390 3189 creaverit.
1441 3135 1547 3190 Sed
1582 3120 1716 3191 litec’
1747 3139 1890 3191 ratio
1917 3120 1960 3178 (ἶ

332 3204 562 3276 quodam
583 3201 878 3276 Scriptura:
901 3202 1097 3256 divinae
1124 3205 1431 3276 testimonio
1448 3205 1713 3271 firmatur,
1741 3211 1887 3276 quod

333 3272 388 3345 in
418 3285 586 3345 sacro
610 3273 755 3325 illius
785 3281 955 3339 textu,
986 3289 1093 3328 non
1122 3275 1311 3328 iisdem
1349 3275 1508 3345 plane
1538 3279 1718 3332 verbis
1740 3272 1804 3331 ac
1831 3278 1884 3332 iu

331 3342 626 3396 Clementis
676 3345 844 3396 nostri
897 3353 1188 3408 contextu,
1246 3342 1490 3400 fortassis
1537 3347 1884 3402 librariorum

332 3412 545 3534 incurila
573 3412 826 3488 habetur.
871 3412 978 3469 Sed
1009 3415 1076 3468 de
1103 3414 1188 3470 his
1212 3414 1431 3483 Nobilii,
1463 3417 1508 3472 si
1535 3416 1693 3483 velis,
1728 3429 1887 3474 notas

332 3495 498 3534 COIISU
527 3497 573 3532 (Β.

331 3495 573 3536 (2011311113.

403 3554 485 3605 Ad
540 3552 683 3606 illius
735 3567 894 3621 porro
936 3555 1004 3609 de
1040 3555 1242 3609 mundo
1274 3564 1330 3609 et
1378 3556 1629 3612 omnibus
1667 3574 1789 3626 qua:
1831 3558 1884 3612 in

333 3622 424 3696 lllo
448 3631 623 3696 erant,
669 3639 772 3677 non
804 3629 855 3678 in
894 3634 1158 3696 tempore,
1203 3627 1296 3680 sed
1345 3629 1533 3681 eodem
1571 3622 1796 3682 instanti
1832 3641 1889 3683 et

333 3692 490 3768 simul
519 3707 547 3744 a
581 3694 687 3768 Deo
717 3697 917 3768 creatis
938 3692 1257 3768 ppipionem
1306 3701 1449 3768 quod
1483 3708 1709 3766 spectat,
1749 3713 1887 3768 prte-

334 3764 479 3835 viu_m
514 3765 665 3835 seqt_ti
700 3764 911 3835 videtur
938 3763 1241 3827 Philonem,
1281 3763 1437 3835 cujus
1469 3763 1582 3822 haec
1607 3763 1886 3823 sunt—ver-

334 3832 520 3886 bu'":
552 3849 571 3882 ι
602 3832 736 3885 Tum
770 3834 934 3901 igitur
964 3837 1147 3889 omnia
1189 3832 1360 3888 simul
1393 3845 1518 3890 sunt
1541 3839 1780 3893 condita.
1827 3837 1884 3892 In

331 3918 438 3970 quo
471 3905 684 3971 quidem
712 3905 1002 3959 universali
1031 3904 1246 3969 opificio
1274 3920 1492 3961 necesse
1519 3917 1639 3961 erat
1677 3911 1884 3962 servari

331 3973 612 4036 ordinem,
655 3976 1162 4045 preptcrjuturatn
1204 3979 1602 4045 generationem
1658 3981 1884 4032 aliarum

332 4058 512 4096 rerum
548 4058 613 4096 ex
663 4043 807 4096 aliis.
843 4063 861 4095 ι
889 4043 954 4098 Et
991 4061 1178 4101 rursus
1210 4043 1336 4100 alibi
1371 4047 1457 4101 δίε
1499 4065 1518 4098 ι
1556 4047 1885 4114 Rusticanze,

331 4114 429 4174 ait,
463 4115 825 4182 simplicitatis
859 4126 941 4169 est
973 4126 1162 4183 putare
1185 4133 1281 4170 sex
1329 4119 1540 4182 diebus,
1569 4127 1660 4172 aut
1699 4121 1887 4188 utique

330 4193 478 4257 certo
511 4194 753 4257 tempore
776 4188 1032 4240 mundum
1059 4188 1367 4251 conditum;
1402 4193 1528 4257 quia
1549 4197 1694 4244 totus
1727 4205 1887 4242 tuttu-

331 4254 430 4306 dus
471 4255 787 4308 vicissitudo
815 4269 894 4310 est
923 4262 1131 4310 dierum
1173 4273 1237 4309 ac
1267 4254 1527 4323 noctium,
1563 4275 1722 4325 quam
1758 4259 1888 4316 solis

329 4335 511 4377 minus
555 4340 714 4392 super
757 4335 954 4380 terram
1000 4329 1098 4380 sub
1139 4338 1388 4395 terraque
1416 4331 1648 4384 meantis
1692 4345 1884 4384 neces-

325 4396 474 4448 sario
502 4397 740 4449 coniicit.
775 4397 864 4449 Sol
892 4409 1072 4451 autem
1098 4413 1223 4466 pars
1251 4400 1369 4453 caeli
1398 4409 1682 4461 censetur;
1717 4411 1773 4453 ut
1803 4403 1886 4452 l'a-

2052 498 2120 533 no
2151 482 2288 534 Deus
2329 490 2656 533 memoratur
2694 479 2888 534 fecisse
2922 479 3119 532 ctelntn
3155 490 3208 532 et
3248 491 3468 543 terram,
3499 485 3566 535 de

2052 498 2120 533 llO
2152 497 2288 534 υειιε
2329 497 2656 533 memoratur
2694 497 2888 534 1801858
2922 497 3119 532 ειειιιηι
3155 497 3208 532 ει
3248 497 3468 543 ιονΓεηιι,
3499 497 3564 535 tle

2011 497 2148 605 gilio
2170 551 2285 616 ejus
2314 549 2718 614 intelligendum
2745 564 2864 603 esse
2888 550 3160 617 Opinatur.
3190 547 3295 602 Sed
3325 550 3564 618 plerique

2012 620 2204 673 Patres
2233 636 2336 674 non
2384 619 2533 680 illud,
2575 620 2668 690 sed
2713 620 2895 690 prima
2930 619 3208 690 Ceneseos
3258 621 3420 690 verba
3456 638 3475 669 ς
3508 621 3563 676 in

2013 691 2302 806 principio.
2338 708 2357 740 ι
2393 691 2456 743 de
2494 689 2682 742 eodem
2720 689 2819 742 Dei
2859 689 2997 742 Filio
3033 689 3368 756 interpretati
3413 700 3562 770 sunt.

2044 759 2224 806 ’nlesis
2257 759 2564 806 (lt-inanem-
2611 759 2796 806 homil-
2839 761 2861 806 1
2911 759 2962 806 in
3007 757 3557 806 Genes-:Ensebmm-

2044 757 2224 812 ’itlesis
2257 759 2565 825 Origenetn,
2611 759 2797 816 homil.
2839 761 2861 812 1
2911 759 2962 811 in
3007 757 3559 826 Gencs.;Eusebiu|n,

2009 829 2209 898 libtvtt
2239 826 2476 897 Prwpar.
2515 845 2724 890 evanq.,
2752 845 2870 898 cap.
2904 827 3006 893 1‘2;
3041 831 3383 882 Ambrosium
3409 829 3503 884 lili.
3534 846 3550 883 t

2006 900 2057 969 in
2099 897 2378 962 Hexaem.,
2403 914 2522 969 cap.
2551 900 2605 962 4,
2641 897 2788 969 §15;
2817 897 3173 969 Augustinum
3211 913 3375 952 serm.
3410 905 3461 962 1,
3498 901 3564 953 de

2005 967 2208 1035 Script.
2255 977 2310 1022 et
2359 966 2509 1029 alibi;
2563 966 2926 1036 Cassianum,—
2956 968 3137 1022 collat.
3183 984 3304 1029 vm,
3332 984 3449 1036 cap.
3493 969 3560 1034 7;

2004 1036 2354 1108 Methodinrn,
2395 1037 2490 1090 lib.
2533 1037 2608 1108 De
2645 1046 2808 1091 creat.
2838 1039 2977 1108 apud
3012 1037 3292 1108 Combef.;
3324 1037 3562 1095 Eucher.

2005 1107 2207 1178 Quajst.
2231 1107 2285 1160 in
2304 1105 2512 1170 Cenem,
2531 1107 2691 1178 Greg.
2713 1105 2938 1178 Turon.,
2961 1108 3053 1164 lib.
3072 1123 3090 1162 t
3111 1107 3339 1178 "istan,
3360 1124 3477 1178 cap.
3498 1111 3521 1162 1
3543 1125 3562 1176 ;

2005 1175 2165 1246 Zaclt.
2195 1179 2558 1231 Christianum
2591 1177 2728 1231 libro
2754 1177 3072 1242 ttConsult.,
3101 1193 3222 1246 cap.
3253 1177 3309 1241 '5,
3337 1175 3470 1231 toni.
3518 1175 3564 1234 Χ

2001 1243 2185 1312 Spicil.
2209 1249 2455 1310 Dacher.;
2477 1247 2767 1312 Aponium,
2790 1247 2884 1303 lib.
2906 1264 2956 1301 vr
2978 1248 3030 1300 in
3049 1243 3230 1314 Cant.;
3254 1249 3563 1314 Alcuinum,

2002 1315 2262 1387 interrog.
2295 1316 2365 1387 ἓϐ
2411 1317 2464 1370 in
2495 1317 2691 1387 Genes.
2731 1327 2784 1373 et
2827 1317 2917 1370 lib.
2958 1333 2995 1371 ιι
3029 1318 3102 1371 De
3123 1319 3228 1386 [ille
3257 1316 3315 1372 S.
3347 1315 3563 1382 Trinit.,

2000 1401 2120 1457 cap.
2155 1384 2242 1451 14';
2294 1384 2544 1457 Rupert.,
2565 1386 2704 1441 libro
2735 1404 2807 1441 vu
2848 1387 2924 1441 De
2957 1384 3132 1442 divin.
3164 1389 3331 1455 oﬂic.,
3363 1404 3480 1457 cap.
3505 1390 3562 1447 5.

1997 1464 2050 1509 et
2081 1456 2170 1510 lib.
2199 1471 2261 1518 ll,
2283 1473 2404 1524 cap.
2437 1456 2536 1522 l5;
2564 1457 2709 1512 Petr.
2734 1459 3064 1541 lilesensem,
3095 1460 3187 1512 lib.
3212 1460 3392 1510 Contr.
3422 1459 3561 1582 perl.

1997 1525 2152 1582 Jud..
2177 1543 2298 1582 can.
2323 1526 2386 1582 ὅς
2414 1527 2719 1581 Brunonetn
2745 1534 2884 1582 δια..
2909 1545 2960 1580 Ill
2990 1528 3082 1582 lib.
3115 1544 3165 1581 tv
3189 1527 3335 1582 Sent.
3362 1543 3482 1582 can.
3543 1568 3561 1582 .

1997 1525 2152 1597 Jud.,
2177 1543 2298 1597 cap.
2323 1526 2386 1590 5;
2414 1527 2719 1581 Brunonem
2745 1530 2884 1597 δίδη
2909 1529 2960 1580 in
2990 1528 3082 1583 lib.
3115 1544 3165 1581 tv
3189 1527 3335 1583 Sent.
3362 1543 3482 1596 cap.
3508 1525 3561 1593 1,

1997 1607 2053 1648 et
2077 1595 2211 1667 alios
2246 1595 2287 1649 'a
2324 1597 2546 1651 l’etaviti
2587 1599 2763 1652 adhuc
2803 1595 3002 1651 citatos
3048 1600 3140 1653 lib.
3189 1616 3204 1652 ι
3247 1598 3322 1653 De
3353 1595 3562 1667 epitic.,

1998 1681 2117 1734 cap.
2151 1666 2204 1731 1,
2239 1682 2361 1738 pag.
2396 1667 2521 1732 2‘29,
2551 1679 2680 1721 tom.
2709 1668 2773 1720 111
2802 1667 3052 1738 Tlteolog.
3083 1671 3261 1737 dogm.

2515 1759 2912 1816 ARTICULUS
2954 1759 3020 1814 11.

2000 1845 2074 1901 De
2108 1849 2414 1920 angelorum
2459 1851 2746 1914 creatione,
2775 1862 2929 1919 atque
2975 1866 3156 1904 eorum
3190 1858 3395 1902 natum
3425 1865 3564 1916 prte-

2065 1922 2296 1983 stantia,
2333 1929 2382 1973 et
2421 1921 2606 1990 gratia:
2645 1923 2713 1972 ad
2749 1921 3184 1988 perseverandum
3216 1921 3564 1990 necessitate;

2069 1989 2205 2044 alios
2233 1992 2356 2042 aliis
2382 1989 2494 2044 esse
2525 1993 2861 2059 superiores;
2893 1994 2954 2043 de
2982 1989 3199 2042 illorum
3242 2005 3364 2059 erga
3393 1989 3566 2041 Itami-

2069 2075 2158 2114 nes
2188 2059 2382 2128 ofﬁciis
2411 2071 2456 2113 et
2483 2058 2708 2124 muniis;
2743 2062 2808 2114 de
2833 2060 3034 2128 angelis
3074 2058 3376 2112 custodibus
3407 2069 3563 2128 atque

2064 2130 2596 2198 prwt'aricawribus,
2647 2139 2698 2183 et
2747 2147 2850 2199 qua
2908 2134 2961 2182 hi
3014 2131 3256 2182 doctrina
3316 2131 3564 2184 mulieres

2068 2202 2373 2266 imbuerint,
2407 2216 2467 2253 ac
2487 2200 2552 2254 de
2582 2201 2691 2255 illis
2727 2203 2853 2270 quid
2880 2202 3074 2270 pagani
3095 2201 3372 2268 scriptores
3393 2201 3566 2253 tradi-

2065 2272 2262 2324 derint.

2069 2360 2325 2415 Mundum
2355 2368 2409 2418 et
2449 2363 2630 2418 omnia
2655 2377 2774 2433 quae
2799 2362 2945 2433 ineo
2972 2371 3138 2426 sunt,-
3159 2360 3322 2416 simul
3344 2359 3566 2433 eodem-

1996 2445 2102 2501 que
2125 2443 2396 2487 momento
2420 2444 2602 2489 creata
2633 2432 2800 2488 fuisse
2830 2432 2875 2486 si
2903 2432 3152 2488 Clemens
3183 2432 3434 2497 credidit,
3463 2447 3563 2486 cur

1997 2517 2151 2571 ergo,
2190 2502 2424 2571 inquies,
2457 2505 2728 2558 hominem
2757 2504 2962 2570 angelis
2994 2521 3012 2554 ‹
3045 2513 3288 2567 tempore
3328 2510 3381 2556 et
3411 2502 3566 2556 indu-

2002 2580 2186 2626 mento
2223 2591 2242 2624 ι
2284 2574 2594 2627 interiorem
2625 2589 2747 2628 esse
2767 2573 3092 2628 asseverat?
3116 2571 3305 2627 Nonne
3331 2573 3415 2627 his
3439 2587 3558 2626 ver-

2003 2642 2335 2712 bisrindicat
2390 2646 2609 2712 angelos
2673 2655 2800 2698 ante
2858 2645 3442 2707 hominem,creatos,
3498 2656 3563 2698 ac

2000 2711 2509 2782 proindemundum
2533 2730 2637 2766 non
2673 2712 2858 2778 simul,
2886 2715 2982 2767 sed
3003 2713 3229 2768 diversis
3256 2722 3557 2782 temporum

2003 2781 2304 2836 intervallis
2350 2798 2378 2835 a
2424 2782 2532 2837 Deo
2580 2783 2965 2850 procreatum?
3006 2782 3114 2836 Sed
3159 2783 3306 2849 audi,
3348 2781 3562 2851 quaeso,

2041 2853 2271 2922 uomodo
2293 2851 2543 2907 Clemens
2565 2863 2749 2908 noster
2768 2854 2837 2908 de
2859 2853 2926 2908 iis
2947 2853 3220 2922 loquatur,
3249 2868 3346 2906 nec
3367 2866 3564 2922 inagna

2024 2921 2231 2977 orsitau
2257 2921 2439 2992 labore
2471 2923 2619 2977 illum
2655 2923 2755 2978 sibi
2782 2923 2882 2992 ipsi
2911 2921 3133 2978 minime
3161 2921 3562 2992 contradixisse

2003 2993 2292 3062 intelliges.
2321 2990 2458 3047 Nam
2481 2995 2598 3048 haec
2622 2993 2766 3049 illius
2789 2990 2914 3048 sunt
2956 2994 3121 3047 verba
3145 2993 3191 3023 ³³
3219 3009 3232 3046 :
3261 3009 3280 3042 ι
3316 2992 3382 3046 Et
3405 2991 3563 3060 quid-

2007 3078 2129 3116 nam
2161 3073 2265 3128 est,
2291 3063 2342 3117 in
2369 3077 2478 3132 quo
2515 3063 2698 3118 differt
2729 3063 2887 3119 homo
2910 3078 2938 3116 a
2965 3063 3172 3129 bestiis,
3197 3071 3252 3117 et
3279 3077 3344 3117 eo
3375 3077 3563 3117 rursus

1995 3133 2086 3188 Dei
2140 3133 2318 3202 angeli
2349 3134 2748 3202 sapientiores?
2786 3133 2854 3188 Et
2894 3135 3135 3189 tninuisti
3177 3149 3324 3197 eum,
3356 3133 3550 3202 inquit,

1992 3203 2150 3274 paulo
2209 3205 2386 3258 minus
2429 3207 2496 3259 ab
2551 3205 2779 3274 angelis.
2841 3205 2914 3260 De
2971 3205 3198 3259 Domino
3254 3204 3399 3257 enim
3450 3217 3558 3256 non

1992 3275 2270 3345 accipiunt
2309 3274 2682 3343 Scripturam,
2727 3289 3036 3345 qumquam
3064 3274 3152 3329 ille
3181 3289 3399 3344 quoque
3436 3288 3560 3327 car-

1992 3359 2116 3398 nem
2144 3343 2376 3409 lerebat,
2415 3347 2510 3399 sed
2536 3345 2600 3400 de
2627 3360 2692 3400 eo
2741 3343 2833 3415 qui
2865 3343 2946 3400 est
2970 3343 3245 3415 perfectus
3275 3354 3330 3398 et
3355 3345 3563 3415 gnosti-

1988 3429 2104 3478 cus,
2130 3416 2221 3483 qui
2255 3424 2307 3469 et
2332 3425 2576 3484 tempore
2607 3425 2660 3469 et
2705 3413 3020 3470 indumento
3048 3417 3351 3468 diminutas
3369 3413 3462 3468 est
3491 3413 3561 3467 ab

1987 3485 2620 3554 attgelts.iQuorutndatn
2649 3486 2831 3555 itaque
2857 3486 3179 3540 sententiam
3208 3485 3279 3538 ibi
3305 3485 3558 3555 Clemens

1988 3552 2175 3621 refert,
2209 3560 2300 3625 qui
2343 3557 2510 3609 citata
2565 3552 2876 3610 Psaltn—isue
2909 3558 3070 3608 verba
3111 3569 3216 3608 non
3243 3556 3308 3608 de
3336 3552 3557 3608 Christo
3614 3611 3624 3625 ο

1990 3625 2237 3690 Domino,
2267 3627 2480 3679 tametsi
2508 3625 2575 3680 de
2597 3642 2662 3681 eo
2694 3625 2919 3694 intelligi
2957 3634 3204 3694 possent,
3225 3625 3558 3694 interpreta-

1990 3697 2210 3765 bantur,
2236 3695 2329 3749 sed
2361 3713 2378 3744 t
2405 3697 2470 3748 de
2491 3698 2740 3765 gnostico
2766 3705 2819 3750 et
2840 3691 3078 3765 perfecto
3101 3691 3437 3765 Clii'istiano,
3461 3693 3558 3746 ἐπὶ

1985 3766 2082 3836 τρῦ
2119 3764 2350 3830 τελείου,
2379 3765 2472 3820 καὶ
2500 3763 2826 3834 ῖγνωστικοῦ,
2855 3765 2934 3834 τῷ
2958 3764 3135 3836 χρόνῳ
3170 3766 3263 3819 καὶ
3301 3763 3560 3834 ὲνδύματι

1987 3835 2394 3908 ἐλαττουμένου
2428 3837 2578 3908 παρὰ
2613 3837 2740 3900 τοὺς
2778 3835 3062 3905 ἀγγέλούς,
3095 3837 3186 3906 qui
3221 3846 3474 3908 tempore
3506 3845 3563 3908 et

1991 3907 2312 3960 indumento
2345 3906 2648 3962 ditninutus
2671 3918 2756 3962 est
2794 3913 2862 3961 ab
2893 3909 3120 3976 angelis.
3154 3924 3175 3957 ι
3203 3906 3275 3958 At
3310 3906 3560 3976 quamvis

1987 3976 2240 4031 Clemens
2269 3977 2462 4030 huicce
2494 3978 2732 4045 opinioni
2763 3975 3199 4046 subscripsisset,
3230 3977 3360 4045 quid
3408 3975 3556 4038 inde,

1989 4049 2184 4100 amabo
2209 4056 2281 4110 te,
2308 4058 2496 4100 contra
2522 4049 2664 4102 illius
2682 4050 2748 4102 de
2774 4057 2885 4101 toto
2911 4047 3114 4102 mundo
3146 4047 3306 4100 simul
3334 4046 3553 4099 condito

1988 4116 2336 4185 opinionem?
2359 4117 2476 4171 Non
2505 4119 2649 4172 enim
2692 4119 2764 4173 ibi
2793 4119 2880 4172 ille
2925 4119 2990 4171 de
3028 4117 3272 4185 quolibet
3313 4116 3554 4178 homine,

1989 4201 2164 4254 neque
2194 4187 2258 4239 de
2282 4188 2510 4251 Adamo,
2544 4191 2637 4243 sed
2655 4190 2720 4242 de
2751 4189 2992 4257 perfecto
3021 4197 3076 4241 et
3107 4186 3354 4257 gnostico
3397 4187 3556 4257 Chri-

1989 4257 2170 4310 stiano
2198 4257 2458 4326 disputat.
2479 4259 2633 4314 llunc
2658 4255 2840 4312 autem
2865 4259 2997 4313 dicit
3015 4255 3137 4312 esse
3162 4256 3368 4324 angelis
3396 4255 3557 4308 ἐλατ-

1990 4326 2272 4397 τούμενον,
2299 4329 2577 4386 minorem.
2619 4338 2675 4383 et
2701 4329 3019 4384 inferiorem
3047 4327 3329 4398 ὲνδύματι,
3357 4343 3376 4376 ι
3401 4327 3558 4380 indu-

1990 4409 2198 4460 mento,
2225 4417 2243 4449 ι
2274 4398 2377 4470 hoc
2393 4408 2478 4453 est
2507 4413 2773 4470 corpore,
2793 4401 2886 4453 καὶ
2910 4400 3136 4470 χρόνῳ,‹
3164 4410 3217 4452 et
3245 4408 3549 4470 tetnpore,_r

331 4466 552 4548 tendum
593 4469 682 4548 sit.
707 4476 914 4548 templis
962 4470 1229 4548 posterius
1274 4472 1473 4548 mundo
1513 4485 1652 4548 esse,
1687 4473 1886 4548 quippe
1921 4481 1964 4535 ι)
1991 4470 2131 4548 haud
2164 4469 2327 4522 dubie
2357 4472 2484 4548 quia
2507 4466 2866 4548 homo,_ut_ad
2899 4466 3558 4548 summumperfectionis

328 4536 473 4600 quod
500 4537 684 4587 mundi
713 4545 794 4589 est
826 4536 1064 4593 ell'ecius.
1105 4537 1234 4592 Nam
1271 4540 1395 4592 εαξιὶ
1421 4550 1597 4595 motus
1630 4536 1890 4594 indicavit

331 4614 579 4680 naturam
611 4608 909 4680 temporis.
957 4626 977 4660 ι
1027 4608 1237 4662 Philoni
1286 4625 1502 4680 quoque
1564 4611 1890 4678 subscripsit

327 4666 685 4752 Qrigenesf’,
712 4666 872 4752 alque
907 4681 1067 4752 etiam
1099 4666 1435 4752 Athanasius
1453 4679 1521 4744 ³⁵,
1547 4691 1598 4734 et
1633 4682 1722 4734 alii
1765 4666 1890 4752 qut-

329 4743 736 4816 dam-Ecclesia:
764 4746 970 4816 ljatres.
998 4751 1067 4803 At
1095 4751 1146 4802 in
1178 4751 1365 4816 primis
1390 4743 1650 4806 videndus
1675 4760 1757 4808 est
1775 4743 1887 4808 Ᾰυ-

325 4813 578 4882 gustinus
607 4815 740 4868 libro
764 4814 840 4868 De
868 4815 1051 4872 Genesi
1085 4821 1152 4872 ad
1178 4813 1285 4873 litt.

394 4883 597 4938 Contra
621 4899 750 4938 vero
777 4888 931 4957 longe
958 4891 1137 4956 plures
1176 4892 1432 4946 mundum
1462 4891 1734 4948 distinctis
1768 4895 1883 4951 die-

325 4952 460 5031 bus,
511 4952 972 5031 quemadmodum
1017 4959 1346 5031 in_Cenesis
1395 4963 1535 5017 libro
1592 4977 1883 5031 narratur,

324 5023 528 5102 factum
554 5038 676 5078 esse
709 5029 1040 5102 existimant.
1072 5028 1184 5094 Qua
1215 5034 1278 5085 de
1305 5036 1596 5098 sententia,
1621 5035 1734 5102 jam
1768 5023 1882 5091 fere

321 5095 564 5168 omnium
605 5099 881 5168 communi
911 5101 1134 5168 probata
1171 5116 1460 5168 consensu,
1500 5095 1730 5160 adeundi
1758 5117 1886 5161 sunt

325 5164 559 5240 theologi
587 5164 978 5221 scholastici'tn
1000 5169 1161 5240 Ιὼηιιί
1185 5164 1598 5237 Sentent.,dist.
1627 5176 1715 5240 l2,
1747 5187 1804 5230 et
1829 5179 1882 5230 in

416 5235 616 5308 Thom.
645 5251 661 5288 t
687 5247 854 5305 part.,
879 5249 1074 5306 qua-st.
1105 5238 1192 5305 74,
1227 5253 1328 5295 art.
1355 5231 1713 5308 2;'Petavius'
1735 5247 1833 5302 lib.
1869 5261 1885 5300 ι

324 5304 399 5355 De
424 5307 602 5386 opt/ie.
627 5304 835 5372 mutuli,
866 5304 986 5380 cap.
1020 5310 1074 5376 5,
1109 5323 1162 5365 et
1181 5304 1351 5366 Sacrae
1382 5304 1675 5386 Scriptura:
1695 5317 1748 5371 in
1776 5317 1886 5374 Ge-

324 5387 499 5428 ιιεδιιιι
524 5387 871 5448 ιιιιυψτεωδ.

391 5583 438 5613 ¹⁹
468 5585 668 5637 Strom.
708 5585 743 5640 Ι.
779 5602 853 5650 vt,
885 5603 934 5656 p.
971 5589 1094 5645 684.

323 5652 569 5724 alleget,
611 5671 664 5724 ρ.
698 5659 788 5709 41.

1173 5592 1216 5623 ³ο
1251 5593 1403 5658 ibid.,
1435 5611 1489 5663 p.
1525 5594 1650 5652 686.
1720 5597 1762 5628 ³¹
1793 5597 1990 5653 Cenes.
2025 5615 2082 5663 Il,
2113 5599 2167 5657 4.

881 5658 1138 5736 Ἶρι-13..
1161 5661 1196 5736 1Σ
1227 5658 1481 5736 vrgenti.
1515 5670 1684 5735 Cels.,
1724 5684 1778 5736 p.
1806 5671 1931 5723 502,

1993 4539 2200 4610 apicem
2245 4541 2527 4604 ascendat,
2568 4540 2795 4608 longiori
2834 4555 2998 4610 quam
3045 4539 3268 4610 angelus
3315 4548 3558 4610 tempore

1993 4607 2226 4678 indiget.
2259 4610 2411 4676 Quod
2443 4607 2755 4678 quidem’ex
2793 4607 2916 4665 mox
2946 4607 3188 4665 dicendis
3225 4607 3427 4662 clarius
3455 4622 3558 4676 pa-

1995 4680 2150 4733 tebit.
2199 4680 2420 4734 Interim
2476 4683 2654 4734 obiter
2695 4681 3109 4737 observabimus
3158 4679 3555 4748 theologorum,

1993 4749 2085 4817 qui
2123 4753 2385 4805 mundum
2419 4751 2648 4805 diversis
2694 4751 2886 4806 diebus
2930 4761 3172 4805 creatum
3217 4752 3552 4813 existimant,

1993 4833 2333 4875 Communem
2367 4836 2486 4874 cum
2518 4823 2577 4874 D.
2612 4820 2818 4877 Thoma
2841 4823 2886 4852 ³⁸
2914 4837 3056 4874 nunc
3079 4835 3201 4874 esse
3229 4828 3556 4874 sententiain

1993 4890 2215 4962 angelos
2260 4891 2424 4946 simul
2475 4907 2598 4945 cum
2649 4905 2907 4962 corporea
2961 4901 3214 4962 creatura
3269 4891 3554 4962 conditos,

1993 4960 2240 5027 quamvis
2283 4977 2350 5014 ex
2401 4959 2800 5030 antiquissimis
2847 4963 3103 5018 Ecclesiae
3145 4959 3400 5014 l’atribus
3448 4974 3556 5011 non

1997 5031 2165 5084 intimi
2201 5033 2436 5086 nominis
2481 5035 2696 5104 plurimi
2749 5049 2844 5104 eos
2899 5041 3024 5086 ante
3046 5045 3365 5104 corporeum
3398 5044 3556 5104 mun-

1991 5104 2118 5154 dum
2167 5114 2382 5157 creatos
2428 5099 2761 5172 putaverint.
2798 5102 2997 5158 Eorum
3043 5103 3261 5155 nomina
3313 5103 3358 5155 si
3406 5099 3560 5154 scire

1992 5185 2177 5235 aveas,
2209 5176 2349 5242 apud
2382 5172 2591 5229 Iastium
2619 5174 2660 5203 ³⁷
2681 5175 2859 5244 legere
2884 5173 3107 5244 poteris.

2065 5244 2299 5313 Angelos
2335 5256 2516 5298 autem
2566 5260 2673 5297 non
2728 5243 2903 5298 Solum
2936 5262 2954 5293 ‹
2992 5243 3240 5313 gnostico
3271 5260 3290 5292 ι
3337 5252 3392 5296 et
3427 5256 3556 5311 per-

1995 5313 2136 5366 fecto
2185 5315 2496 5370 Christiano
2527 5329 2859 5382 superiores,
2887 5315 2985 5368 sed
3023 5323 3079 5367 et
3123 5313 3266 5366 sicut
3297 5331 3314 5362 r
3346 5313 3556 5382 gnosti-

1998 5398 2120 5438 cum
2153 5403 2173 5437 ι
2209 5386 2264 5439 in
2298 5395 2468 5453 terra,
2499 5387 2572 5440 ita
2603 5387 2725 5439 illos
2750 5390 2803 5439 in
2840 5386 2980 5439 cwlo
3019 5400 3134 5439 rem
3163 5382 3554 5453 praestantissi-

2245 5601 2310 5632 ³¹⁶
2335 5599 2506 5664 Philo,
2535 5599 2570 5653 1.
2603 5600 2677 5656 De
2702 5601 2884 5654 mundi
2924 5599 3080 5671 opif.,
3113 5616 3167 5670 p.
3207 5601 3293 5656 14.
3367 5601 3414 5633 ⁸¹
3438 5601 3555 5657 Lib.

2023 5670 2070 5702 “
2099 5671 2324 5738 Albam,
2355 5682 2492 5724 orat.
2530 5672 2564 5724 2
2591 5681 2768 5724 contr.
2803 5670 3013 5737 Arian.,
3043 5689 3095 5741 p.
3137 5673 3244 5729 528
3277 5687 3400 5741 nov.
3428 5678 3558 5726 edit.

322 5721 368 5753 ⁸⁸
409 5721 675 5779 διε-υιηζι.
709 5741 783 5789 tv,
809 5743 863 5800 p.
896 5729 1018 5785 477.
1051 5721 1141 5765 ν³⁶
1172 5733 1234 5789 D.
1270 5733 1464 5791 Thom.
1494 5721 1702 5798 103111...
1725 5721 1891 5797 iniice

2007 5739 2051 5806 ι,
2085 5721 2324 5801 ista"
2356 5742 2397 5774 ³⁷
2422 5721 2767 5798 Ε’έιῖίὶίὶὼζ
2786 5721 3345 5810 ιῖέὲίξίῖ,’ἁίεῖῗέζς
3371 5721 3426 5795 2'3.
