3924 6306
240 282 371 343 1181

768 408 1166 468 ARTICULUS
1195 412 1285 469 Ν.

277 518 354 574 De
405 532 653 591 perpetuo
693 524 1035 649 uirginitatis:
1059 534 1108 580 et
1157 527 1491 582 continentia:
1544 538 1685 584 statu
1722 540 1773 585 et

952 612 1010 649 vo
1037 612 1087 649 ο.

952 612 1087 649 υοιο.

309 681 592 755 Perpetua:
621 686 966 742 continentiae
996 697 1054 742 et
1100 688 1370 745 castitatis
1418 704 1482 743 ac
1519 692 1804 749 cmlibatus

239 762 442 833 statum
475 772 580 811 non
614 757 792 812 minus
818 774 977 833 quam
1008 759 1416 833 matrimonium
1435 759 1681 817 Clemens
1706 778 1806 833 ap-

240 827 436 893 probat
462 836 518 881 et
552 829 911 880 commendat.
936 826 1055 882 Jam
1083 829 1226 884 enim
1261 829 1329 882 ab
1366 829 1456 883 illo
1501 826 1806 887 audivimus

239 896 650 966 matrimonium
686 896 980 966 Scripturm
1007 914 1178 952 sacrae
1218 901 1549 955 auctoritate
1574 903 1804 958 consuli.

237 967 309 1018 At
341 966 386 1020 si
429 965 498 1041 ab
526 965 1191 1041 illa_tantumconsulitur
1229 978 1284 1021 et
1323 983 1426 1024 non
1472 973 1802 1041 praecipitur,

238 1034 564 1111 non_mi_nus
588 1036 919 1111 virginitatis
945 1048 998 1092 et
1030 1039 1325 1111 caelibatus
1371 1034 1532 1108 quam
1567 1034 1805 1111 conjugii

240 1104 636 1180 professionem
671 1107 937 1180 amplecti
957 1108 1179 1180 cuilibet
1204 1104 1493 1180 integrum
1546 1104 1805 1180 piumde

237 1185 344 1250 est.
370 1175 477 1250 Sed
502 1177 843 1250 argumentis
870 1175 1445 1250 minimeindigeuius,
1463 1175 1804 1250 quandoqui-

238 1245 388 1311 dem,
424 1245 513 1299 ubi
553 1245 804 1301 Clemens
852 1247 1208 1302 disertissime
1248 1245 1636 1315 pronuntiavit
1682 1245 1808 1305 uui-

237 1317 437 1387 cuique
473 1316 526 1370 in
556 1330 643 1380 eo,
672 1331 829 1385 quem
859 1318 1041 1387 elegit,
1073 1319 1188 1372 sive
1218 1317 1450 1387 conjugii
1472 1360 1487 1384 ,
1517 1320 1632 1374 sive
1654 1321 1804 1376 caeli-

234 1384 394 1458 batus
420 1394 574 1458 statu;
600 1384 726 1458 esse
761 1384 1210 1458 perseverandum
1229 1386 1273 1419 ³⁸
1312 1384 1403 1458 τί
1434 1389 1799 1458 Propositum,

234 1455 452 1525 inquit,
486 1456 906 1525 uniuscujusque
928 1496 943 1518 ,
979 1469 1085 1512 tam
1125 1456 1242 1526 ejus
1265 1456 1353 1524 qui
1387 1473 1447 1511 se
1470 1455 1724 1514 castravit
1749 1455 1805 1515 et

233 1528 323 1597 qui
359 1535 818 1597 rursuspropler
866 1527 1154 1581 liberorum
1224 1530 1659 1597 procreationem
1712 1545 1803 1586 se-

232 1593 409 1663 ipsum
461 1593 743 1664 conjunxit
789 1597 1158 1661 matrimonio,
1206 1593 1367 1652 debet
1410 1613 1800 1665 perseverare,

232 1680 342 1719 non
400 1667 602 1736 cedens
658 1675 712 1719 et
767 1666 1121 1736 acquiesceus
1154 1666 1226 1731 ei,
1282 1670 1425 1735 quod
1486 1678 1570 1724 est
1621 1671 1802 1726 minus

231 1749 298 1789 ac
351 1734 603 1793 inferius.
649 1757 689 1785 ι,
729 1734 1057 1792 Νοεέειιιοι
1119 1737 1170 1791 id
1229 1734 1433 1792 dixisse
1489 1748 1777 1794 contentus

230 1804 376 1879 idem
414 1806 580 1877 paulo
621 1817 909 1879 postnon
939 1808 1118 1879 minus
1169 1808 1455 1879 perspicue
1504 1811 1670 1879 repeti

237 1893 259 1928 ι
301 1875 508 1941 Omnes
555 1878 795 1946 Apostoli
823 1918 838 1941 ,
898 1875 1184 1945 inquiens,
1253 1875 1501 1948 Epistolas
1641 1922 1657 1938 .
1690 1917 1706 1933 .
1740 1918 1756 1935 .
1787 1920 1803 1936 .

230 1956 531 2020 utrumque
554 1949 884 2020 admittunt,
910 1957 964 2001 et
995 1963 1117 2020 eum
1150 1948 1240 2020 qui
1287 1949 1397 2002 Deo
1436 1952 1644 2017 agendo
1683 1967 1809 2020 gra-

230 2017 341 2073 tias
374 2019 679 2073 moderate.
707 2019 882 2089 utitur
925 2017 1269 2073 matrimonio
1289 2060 1305 2080 ,
1339 2027 1394 2073 et
1424 2034 1545 2074 eum
1592 2017 1718 2089 qui,
1746 2030 1805 2078 ut

229 2088 353 2171 Vult_
376 2089 665 2171 Dominus.
699 2088 830 2171 vivit
853 2088 907 2143 in
935 2089 1210 2169 castitate,
1241 2089 1514 2171 eovouzlqt,
1541 2088 1804 2161 quemad-

229 2158 454 2231 modum
488 2168 712 2214 vocatus
739 2169 823 2214 est
868 2158 1267 2229 unusquisque,
1298 2158 1641 2216 inoffense'et
1680 2177 1805 2231 per-

230 2227 375 2301 fecte
401 2230 634 2301 eligens.
676 2248 694 2281 ι

303 2298 504 2355 Visne'
541 2300 748 2371 aliquid
809 2299 1120 2371 expressius
1154 2299 1179 2353 ?
1222 2300 1476 2355 Ausculta
1505 2341 1521 2367 ,
1573 2315 1791 2370 quazso,

230 2367 333 2438 ipsi
382 2371 563 2424 adhuc
597 2367 658 2425 ei
704 2367 942 2438 ejusdem
991 2370 1285 2438 Scriptura:
1317 2367 1639 2435 auctoritate
1683 2371 1801 2427 dis-

230 2442 446 2507 potanti
486 2440 563 2495 ³³ε
598 2460 615 2490 ι
636 2441 842 2495 Rursus
858 2441 992 2497 dicit
1016 2439 1306 2496 Dominus:
1334 2441 1436 2508 Qui
1464 2455 1684 2494 uxorem
1706 2440 1803 2495 du-

230 2511 332 2573 xit,
360 2527 430 2564 ne
456 2510 689 2580 expellat
714 2528 728 2576 ;
755 2522 809 2564 et
835 2511 923 2579 qui
955 2525 1062 2580 non
1087 2510 1261 2574 duxit,
1292 2526 1359 2566 ne
1380 2512 1566 2566 ducat.
1611 2511 1666 2564 Ὀ
1695 2528 1798 2566 κα-

230 2579 299 2652 τὰ
325 2578 582 2652 πρόθεσιν
603 2578 877 2651 εὐνουχίας
899 2578 1231 2651 ὁμολογήσας
1263 2580 1337 2652 μὴ
1364 2581 1561 2652 γῆμαι,
1591 2580 1804 2652 ἄγαμος

228 2649 556 2722 διαμὲνέτω.
584 2652 685 2718 Qui
720 2649 788 2706 ei
821 2649 1093 2720 proposito
1119 2649 1387 2722 eastiiatis
1411 2649 1802 2722 professus'est

231 2720 461 2775 uxorem
499 2736 603 2774 non
632 2723 846 2786 ducere,
878 2730 1095 2774 maneat
1126 2720 1337 2775 cmlebs.
1366 2739 1386 2773 ι
1415 2721 1645 2776 Videant
1671 2735 1802 2775 sane

230 2800 487 2844 votorum
544 2791 812 2845 castitatis
861 2800 915 2844 et
948 2789 1331 2852 continentiae,
1366 2805 1395 2844 a
1429 2791 1707 2846 monachis
1748 2799 1804 2845 et

231 2860 506 2927 religiosis
528 2860 660 2914 viris
692 2861 1039 2925 emissorum,
1072 2873 1260 2915 osores
1285 2861 1414 2928 quid
1443 2874 1632 2913 contra
1662 2861 1826 2914 hanc:

232 2929 445 2984 claram
487 2940 542 2983 et
581 2941 825 2998 apertam
875 2928 1171 2998 Clementis
1219 2930 1388 2983 nostri
1431 2930 1798 2984 deﬁnitionem

232 2998 323 3052 vel
355 2997 655 3068 obgannir’e
685 2999 767 3053 vel
798 2999 998 3053 latrare
1024 2997 1259 3054 valeant.
1292 2998 1430 3065 Quid
1472 3000 1614 3054 enim
1662 3000 1801 3053 inter

231 3080 449 3142 votum
475 3070 762 3142 castitatis,
800 3075 1205 3142 nuncupantem
1249 3077 1325 3142 _et_
1355 3068 1495 3123 κατὰ
1540 3068 1802 3142 πρόβξσιν

232 3138 518 3211 εὐνουχίας
540 3139 946 3211 ὁμολογήσαντα
968 3137 1293 3211 discriminis
1315 3137 1635 3211 intercedit?
1651 3139 1801 3211 Nun-

233 3210 367 3279 quid
400 3207 730 3264 Clemeutem
762 3207 831 3264 de
867 3223 1053 3264 errore
1084 3207 1262 3275 aliquo
1294 3209 1695 3278 postulabunt?
1733 3213 1803 3265 At

234 3278 308 3333 ibi
373 3279 465 3334 ille
515 3291 703 3334 contra
769 3279 1056 3334 Inereticos
1118 3293 1183 3331 ex

232 3358 392 3416 cepto
447 3349 699 3404 Ecclesiae
745 3364 893 3405 more
944 3358 999 3405 et
1036 3363 1133 3401 usu
1177 3348 1418 3403 dimicat.
1456 3349 1561 3404 Sed
1609 3350 1675 3404 de
1698 3350 1802 3405 hoc

234 3421 586 3475 continentia:
632 3429 685 3474 et
713 3419 977 3489 virginum
1014 3429 1137 3489 vo_to
1186 3434 1213 3472 a
1248 3421 1405 3475 nobis
1449 3419 1565 3489 jam
1616 3429 1800 3475 actum

233 3499 316 3543 est
347 3489 400 3542 in
432 3498 613 3543 nostra
648 3490 715 3545 ad
744 3487 1018 3547 Ambrosii
1057 3487 1131 3542 De
1176 3487 1462 3559 virginibus
1497 3490 1668 3545 libros
1706 3492 1801 3546 ad-

233 3560 540 3615 monitione
561 3561 625 3615 ³⁸.

308 3629 693 3684 Verumtamen
745 3629 940 3700 aliquis
975 3627 1201 3685 forsitan
1250 3628 1470 3696 objiciet
1510 3638 1714 3695 votum,
1743 3637 1800 3683 ut

235 3698 481 3768 theologi
532 3701 719 3762 aiunt,
754 3698 859 3754 non
907 3714 1063 3767 posse
1100 3700 1201 3754 nisi
1242 3709 1462 3769 propter
1510 3700 1703 3755 melius
1747 3708 1804 3769 et

232 3770 531 3839 perfecuus
561 3772 821 3837 quoddam
862 3772 1061 3823 bonum
1104 3785 1133 3822 a
1168 3768 1436 3838 quoquam
1470 3768 1793 3838 nuncupari.

233 3842 394 3910 Atqui
422 3839 671 3895 Clemens
700 3840 1101 3894 matrimonium
1135 3839 1382 3893 caelibatu
1410 3851 1465 3893 et
1488 3840 1802 3910 virginitate

233 3908 587 3978 praestantius
636 3922 798 3979 atque
854 3909 1213 3964 exoelleutius
1265 3925 1385 3964 esse
1444 3908 1692 3964 decernit
1731 3908 1797 3962 ³⁸.

236 3998 259 4031 ‹
293 3981 393 4047 Qui
439 3983 583 4034 enim
622 3978 785 4034 fuerit
826 3978 1098 4049 perfectus
1126 4019 1141 4044 ,
1192 3999 1212 4031 ι
1274 3979 1350 4035 ita
1400 3979 1488 4036 ille
1527 3980 1797 4049 loquitur,

237 4067 259 4100 ι
293 4050 543 4119 exempla
574 4051 738 4104 habet
776 4049 1071 4120 apostolos,
1100 4060 1154 4103 et
1184 4065 1368 4104 revera
1394 4051 1478 4105 vir
1516 4052 1798 4119 probatur,

235 4135 342 4174 non
374 4123 428 4174 iu
457 4138 521 4174 eo
545 4120 701 4190 201
749 4121 891 4189 quod
926 4122 1085 4174 vitam
1139 4120 1359 4189 elegerit
1404 4120 1796 4185 monasticam;

233 4205 422 4245 verum
453 4191 544 4246 ille
579 4207 722 4246 VII'US
750 4191 919 4245 vincit
940 4231 955 4255 ,
996 4192 1084 4258 qui
1118 4192 1171 4245 in
1207 4191 1552 4244 matrimonio
1578 4199 1632 4243 et
1663 4190 1798 4242 libe-

235 4275 421 4315 rorum
446 4264 844 4329 procreatioue,
879 4270 935 4315 et
967 4260 1160 4315 domus
1187 4276 1316 4315 cura
1348 4275 1413 4314 ac
1440 4259 1796 4329 providentia,

234 4332 369 4400 citra
407 4334 731 4400 voluptatem
766 4341 822 4386 et
851 4331 1089 4386 dolorem
1129 4345 1191 4385 se
1232 4342 1486 4393 exercet,
1514 4340 1713 4384 etcum
1744 4329 1798 4383 in

235 4397 456 4454 familia:
486 4397 734 4456 versetur
762 4402 1078 4465 curatione;
1113 4400 1411 4453 indivulsns
1438 4408 1620 4454 tatuen
1652 4409 1737 4453 est
1765 4413 1797 4453 a

1470 295 1562 351 DE
1600 295 1821 354 LIBRIS
1860 297 2309 358 S'l'BOMATUM.

1838 425 1883 478 Α
1914 417 2138 482 tionem,
2167 433 2287 486 quae
2312 415 2533 489 aderttir
2556 433 2652 489 per
2676 418 2836 484 alios,
2861 432 3108 485 uxorem,
3135 426 3189 475 et
3211 418 3461 489 famulos,

1678 1778 1799 1866 1'33“:
1833 1778 1875 1835 ιι

1246 3280 1522 3335 communi
1584 3289 1639 3335 et
1701 3295 1801 3335 re-
1882 3292 1883 3295 ‘

3329 301 3469 358 “82

1912 497 1967 541 et
2001 490 2399 557 possessiones.
2441 508 2460 541 ι
2496 487 2603 559 Qui
2638 505 2769 559 ergo
2802 490 3072 545 connubio
3098 488 3319 557 junctus
3354 487 3460 557 est,

1913 567 1967 610 et
2019 560 2359 628 insurgentes
2401 558 2637 625 undique
2679 558 2745 613 ex
2786 559 2936 624 filiis,
2984 574 3187 627 uxore,
3226 561 3460 624 famulis,

1913 628 2347 696 possessionibus
2370 631 2700 683 tentatioues
2720 669 2735 690 ,
2767 645 2795 683 a
2831 630 2920 683 Dei
2953 630 3214 683 cbaritate
3243 631 3464 686 minime

1911 697 2152 751 divulsus
2181 706 2248 768 et
2274 699 2586 764 distractus,
2633 700 2929 763 superavit,
2964 702 3008 752 is
3040 699 3193 755 alteri
3223 700 3450 768 virgini-

1912 776 2074 820 tatem
2118 765 2533 837 caelibatumque
2579 768 2850 838 profitenti
2897 785 2926 824 a
2967 768 3242 825 Clemente
3272 765 3464 825 nostro

1911 838 2276 906 auteponitur.

1982 906 2087 960 Sed
2120 907 2209 975 qui
2246 908 2319 960 ita
2356 909 2862 976 argumentabitur,
2897 908 2988 963 ille
3032 910 3269 963 animum
3300 907 3367 962 ad
3396 923 3461 961 ea

1911 974 2162 1029 advertat
2187 991 2306 1043 quae
2342 974 2591 1032 Clemens
2616 980 2953 1033 continenter
2980 978 3299 1046 subiunxit:
3341 995 3361 1028 ‹
3395 978 3459 1032 Εἰ

1910 1054 2088 1118 autem
2122 1047 2212 1112 qui
2240 1048 2453 1099 domum
2488 1064 2591 1102 non
2613 1049 2814 1118 habet,
2849 1064 3036 1117 magna
3072 1064 3137 1102 ex
3168 1060 3318 1118 parte
3344 1061 3465 1103 eve-

1910 1115 2015 1179 nit,
2049 1124 2107 1168 ut
2137 1130 2244 1186 non
2286 1125 2547 1186 tentetur.
2592 1117 2692 1183 Qui
2720 1132 2849 1186 ergo
2894 1115 2976 1172 sui
3005 1115 3339 1172 solummodo
3361 1131 3463 1186 cu-

1910 1199 2024 1257 ram
2063 1185 2223 1257 gerit,
2251 1185 2484 1239 vincitur
2515 1189 2583 1241 ab
2612 1200 2697 1252 eo,
2723 1189 2813 1257 qui
2848 1203 2968 1242 cum
3000 1189 3069 1241 sit
3094 1187 3319 1241 inferior
3343 1185 3465 1257 qui-
3489 1206 3495 1215 υ

1909 1253 2052 1328 dem.
2070 1253 2121 1328 i_n
2149 1254 2215 1308 iis
2241 1268 2360 1328 quae
2387 1257 2661 1328 pertinent
2680 1253 2754 1311 ad
2776 1271 2928 1312 suam
2948 1258 3173 1328 salutem
3202 1256 3345 1311 κατὰ
3360 1253 3465 1328 tm

1907 1322 2100 1397 ἑαυτοῦ
2136 1322 2438 1397 σωτηρίαν.
2466 1327 2713 1397 superior
2746 1336 2924 1381 autem
2980 1329 3033 1381 in
3085 1327 3182 1393 iis,
3227 1343 3346 1397 qua:
3391 1322 3462 1381 a'd

1909 1393 2035 1446 vita:
2058 1393 2308 1465 spectant
2334 1393 2810 1464 dispensationem.
2830 1399 3080 1465 exiguam
3107 1393 3294 1452 revera
3324 1411 3461 1452 con-

1908 1464 2403 1535 servatimaginem
2432 1504 2449 1530 ,
2483 1467 2725 1520 veritatis
2754 1464 3113 1535 providentia.
3152 1485 3171 1519 ι
3204 1467 3459 1522 Caelibem

1908 1532 2077 1603 igitur
2105 1532 2156 1585 in
2188 1532 2254 1587 iis
2284 1542 2490 1588 tantum
2510 1576 2526 1600 ,
2553 1550 2671 1603 qua:
2699 1532 2768 1591 ad
2793 1536 2916 1590 vitae
2939 1577 2954 1601 ,
2986 1537 3087 1591 hoc
3113 1545 3199 1591 est
3224 1576 3240 1600 ,
3268 1536 3462 1591 domus

1905 1600 1975 1675 et
2039 1600 2265 1675 familia:
2343 1600 2799 1675 dispensationem
2886 1600 3176 1675 spectant,
3259 1606 3462 1675 conju-

1907 1671 2594 1745 gibus‘inferiorem'esse
2642 1671 3007 1729 animae—At
3071 1671 3218 1731 hunc
3283 1671 3458 1745 ipsum

1909 1742 2298 1814 tentatiouibus
2368 1745 2545 1814 minus
2605 1745 2920 1809 obnoxium,
2985 1756 3149 1814 atque
3209 1742 3343 1800 adeo
3402 1746 3460 1799 in

1906 1810 1972 1885 iis
1997 1854 2013 1881 ,
2044 1828 2163 1882 qua:
2206 1813 2273 1867 ad
2308 1813 2535 1868 salutem
2556 1816 2850 1885 iattineut,
2883 1810 3199 1885 conjugibus
3235 1825 3463 1870 conten-

1905 1882 1999 1955 dit;
2014 1898 2137 1937 esse
2165 1884 2522 1951 superiorem.
2552 1884 2933 1955 Nemogautem
2975 1882 3160 1951 ile—iis,
3193 1900 3316 1955 qua:
3347 1895 3461 1939 ten-

1906 1953 2164 2025 tatiouem
2211 1963 2490 2025 removent
2539 1953 2780 2025 pericula
2808 1993 2824 2017 ,
2861 1964 2916 2009 et
2959 1969 3085 2025 quae
3124 1956 3189 2008 ad
3212 1953 3462 2008 salutem

1905 2024 2077 2095 magis
2130 2023 2477 2095 conducunt,
2527 2032 2654 2079 vota
2705 2024 2820 2079 lieri
2872 2023 3031 2094 posée
3071 2023 3195 2093 jure
3223 2038 3463 2095 unquam

1905 2094 2099 2162 merito
2129 2092 2364 2162 negabit.
2504 2161 2508 2162 ί
2874 2092 2885 2094 ⁷
3075 2092 3081 2093 “
3316 2092 3331 2095 “
3530 2140 3538 2148 .

1978 2161 2418 2232 Πιεθιιὶειιιιιιεη
2454 2161 2785 2218 Clementem
2815 2163 2919 2218 alio
2952 2164 3004 2218 in
3038 2163 3177 2218 libro
3200 2205 3212 2225 ,
3237 2163 3327 2217 ubi
3352 2163 3467 2216 vir-

1902 2230 2234 2303 ginemhcum
2263 2232 2421 2303 vidua
2456 2234 2772 2303 componit,
2805 2234 3003 2289 dixisse
3027 2233 3074 2266 ⁸⁸
3110 2251 3125 2287 :
3156 2232 3296 2303 Ἤδη
3320 2232 3466 2297 τινὲς

1902 2300 1997 2376 κα).
2045 2301 2145 2371 τῆς
2182 2300 2452 2373 παρθένου
2488 2300 2595 2376 τῂν
2620 2305 2796 2376 χήραν
2840 2305 2921 2368 εἰς
2954 2300 3302 2376 ι-ὶῖκρὸιτιειανΔ
3324 2318 3464 2375 προ-

1900 2371 2178 2448 τείνο-υσιλ
2235 2371 2927 2448 καῖαμεγαλοφρονήσασαν
2998 2371 3084 2448 ἦέ-
3110 2371 3466 2448 --πεπειραῖιαι

1900 2390 2133 2426 τεινουσι
2156 2411 2171 2435 ,
2235 2390 2927 2498 καταμεγαλοφῖονησασαν
2998 2390 3067 2448 ης
3140 2390 3459 2443 πεπειραται

1900 2441 2115 2512 ἡδονῆς.
2141 2443 2292 2507 Quod
2325 2442 2595 2512 interpres
2670 2447 2852 2500 atinus
2884 2446 2957 2498 ita
2995 2444 3259 2501 reddidit:
3290 2461 3310 2494 ι
3340 2442 3459 2498 lam

1903 2511 2144 2566 nonnulli
2189 2523 2404 2582 quoque
2454 2511 2749 2581 praeferunt
2787 2515 3000 2570 viduam
3048 2514 3284 2582 virgini,
3316 2512 3462 2579 quod

1903 2583 2098 2653 attinet
2142 2581 2207 2634 ad
2251 2583 2685 2646 continentiam,
2736 2596 2796 2639 ut
2851 2599 2970 2653 quae
3025 2581 3185 2653 quam
3238 2594 3464 2651 experta

1901 2661 1986 2705 est
2013 2651 2348 2721 voluptatem
2370 2689 2388 2715 ,
2422 2667 2620 2721 magno
2653 2663 2710 2707 et
2745 2651 2960 2709 excelso
2989 2651 3172 2708 animo
3220 2662 3466 2707 contem-

1902 2721 2091 2789 pserit.
2130 2718 2153 2770 ἰ
2187 2718 2331 2788 Ergo
2356 2764 2370 2786 ,
2405 2718 2638 2791 inquies,
2670 2722 2921 2778 Clemens
2948 2725 3190 2786 viduam,
3226 2737 3347 2792 qua
3382 2722 3467 2776 vi-

1904 2806 2022 2862 rum
2048 2801 2272 2862 experta
2303 2802 2388 2845 est
2411 2831 2427 2854 ,
2465 2792 2657 2862 virgini
2688 2794 2945 2862 praetulit.
2978 2793 3165 2862 Neque
3195 2794 3466 2862 patienter

1900 2859 2047 2914 feres
2096 2860 2189 2913 tibi
2248 2859 2572 2929 responderi
2614 2859 3119 2932 in'posterioribus
3156 2859 3466 2916 Clementi-

1902 2944 2095 3002 norum
2128 2931 2736 3002 pperumeditionibus’
2773 2948 2869 3002 pro
2905 2934 3010 2987 illis
3039 2934 3224 2987 verbis
3245 2971 3260 2994 ,
3294 2948 3320 3002 ι
3352 2931 3465 2983 vir-

1903 3000 2011 3070 gini
2044 3040 2058 3062 ,
2104 3002 2248 3067 quod
2284 3000 2476 3055 attinet
2524 3004 2589 3055 ad
2618 3000 3006 3058 continentiam
3031 3043 3047 3068 ,
3085 3021 3105 3054 ι
3144 3003 3256 3055 haec
3297 3000 3467 3055 fuisse

1903 3070 2235 3140 substituta,
2276 3089 2294 3121 ι
2333 3071 2524 3139 virgini
2576 3072 2954 3126 incontinenti.
3004 3091 3023 3124 ι
3076 3071 3219 3126 Nihil
3266 3072 3466 3140 quippe

1901 3138 2095 3195 Graeco
2124 3138 2619 3197 Clementistextui
2654 3143 2824 3212 magis
2850 3145 3187 3197 contrarium
3230 3138 3464 3212 proferri

1938 3221 2089 3264 otera
2099 3218 2137 3263 ί.

1902 3225 2240 3353 Ρέὲιῖἓὲἶτοα
2266 3280 2480 3340 difﬁteri
2509 3281 2728 3350 quidem
2760 3295 2867 3353 non
2893 3280 3344 3353 possumus'banc
3366 3281 3466 3353 bo-

1902 3349 2145 3417 minnm,
2178 3361 2381 3407 textum
2414 3349 2656 3408 auctoris
2690 3352 2772 3406 sui
2808 3349 2914 3406 tam
2959 3368 3219 3422 perverse
3256 3351 3467 3422 adulte-

1902 3423 2164 3484 rantium,
2195 3432 2289 3475 aut
2312 3423 2610 3484 inscitiam,
2642 3432 2736 3476 aut
2763 3421 3031 3487 fraudein,
3068 3423 3374 3489 malamque
3401 3421 3467 3474 li-
3564 3467 3580 3482 κ

1901 3491 2022 3543 dem
2049 3508 2079 3544 a
2107 3492 2325 3562 nemine
2359 3508 2516 3561 posse
2544 3507 2783 3562 unquam
2817 3493 3088 3547 excusari.
3126 3490 3233 3546 Sed
3261 3492 3336 3556 hi,
3370 3505 3467 3545 ne-

1902 3574 2005 3627 que
2034 3561 2243 3629 primus
2269 3563 2432 3616 etiam
2465 3561 2692 3617 Latinus
2721 3564 3004 3632 interpres,
3027 3562 3319 3617 Clementis
3339 3575 3468 3632 sen-

1900 3644 2017 3683 sum
2051 3632 2552 3699 percepere.‘Nobis
2581 3634 2729 3686 enim
2762 3634 2847 3687 hic
2868 3631 2992 3687 esse
3016 3634 3225 3686 videtur
3252 3649 3264 3684 :
3296 3649 3314 3681 ι
3345 3631 3463 3684 Jam

1902 3698 2330 3772 vero’nonnnlli
2397 3703 2614 3756 viduam
2687 3706 2753 3757 ad
2799 3704 3027 3772 virginis
3075 3698 3486 3756 contiuentiam'

1900 3770 2220 3834 extendunt,
2271 3779 2454 3840 utpote
2489 3788 2611 3840 qua:
2637 3770 2965 3841 voluptatem
2992 3814 3007 3839 ,
3041 3786 3203 3841 quam
3243 3780 3465 3836 experta

1901 3847 2020 3911 est,
2047 3855 2256 3894 summe
2307 3842 2590 3911 despiciat.
2628 3861 2648 3894 ι
2687 3840 2874 3911 Neque
2903 3856 3036 3896 sane
3060 3840 3245 3895 ialiam
3294 3840 3465 3894 luisse

1901 3908 2048 3982 illitis
2094 3922 2322 3982 mentem
2349 3952 2365 3977 ,
2399 3908 2523 3967 inde
2572 3908 2815 3981 profecto
2867 3915 3098 3982 probare
3153 3925 3463 3982 possumus,

1900 3981 2042 4052 quod
2071 3981 2139 4034 ab
2171 3981 2261 4034 illo
2285 3983 2427 4052 alibi
2457 3983 2721 4052 scriptum
2755 3982 2951 4052 legitur
2974 3983 3057 4036 ":
3099 3982 3157 4034 '0
3192 3981 3302 4052 γὰρ
3343 3982 3468 4052 ἐπι.-

1902 4047 2150 4122 βυλμήσας
2168 4089 2183 4114 ,
2211 4050 2308 4122 καὶ
2338 4047 2624 4122 κατασχὼν
2670 4047 2863 4122 ἑαυτοῦ
2882 4091 2898 4115 ,
2941 4047 3465 4122 καθάπερήάήρα,

1899 4118 2373 4194 διὰ-ἁωφροο-ύνης
2397 4118 2561 4194 αὖθις
2583 4121 2870 4194 παρθένος.
2913 4141 2930 4173 ι
2970 4124 3071 4188 Qui
3098 4118 3467 4176 enim'cinicu-

1900 4189 2034 4257 pivit
2067 4203 2119 4245 et
2145 4189 2384 4259 Seipsum
2422 4189 2724 4258 continuit,
2757 4195 2930 4247 instar
2969 4203 3054 4247 est
3087 4194 3260 4246 vidua:
3283 4229 3299 4254 ,
3343 4206 3467 4261 qua:

1900 4270 1984 4312 est
2033 4275 2225 4316 rursus
2257 4263 2408 4331 virgo
2457 4278 2554 4331 per
2599 4264 3037 4333 temperantiam.
3078 4282 3099 4316 ι
3156 4265 3227 4315 At
3285 4264 3469 4333 nullus

1902 4339 2055 4384 certe
2096 4333 2218 4403 sani
2272 4334 2468 4403 capitis
2507 4335 2666 4387 homo
2714 4331 2840 4388 inde
2887 4348 3124 4403 unquam
3179 4331 3467 4403 concludet

1904 4410 2108 4454 statum
2146 4402 2476 4472 virginitatis
2502 4404 2848 4458 matrimonio
2876 4402 3247 4459 aut’viduitati
3275 4402 3345 4457 ab
3375 4416 3468 4454 auo

237 4468 332 4524 Dei
364 4472 651 4539 charitate,
700 4473 1035 4543 iusurgitque
1061 4461 1327 4525 adversus
1360 4486 1578 4526 onmem
1617 4479 1797 4524 tenta-
1831 4461 1876 4517 Β
1904 4480 2058 4526 ctore
2088 4461 2280 4528 nostro
2313 4470 2480 4529 fuisse
2501 4474 2880 4545 postpositum.

1536 4672 1918 4763 CAPUT
1964 4673 2148 4762 XI.

697 4803 785 4864 De
814 4801 1193 4866 Christianis
1224 4802 1601 4876 virtutibus,
1635 4805 1697 4862 et
1725 4799 2113 4879 quibusdam
2146 4801 2651 4867 Christianorum
2682 4803 2991 4868 moribus.
3178 4844 3226 4880 ρ

778 4992 1175 5049 ARTICULUS
1210 4994 1251 5049 l.

234 5086 309 5142 De
339 5086 723 5150 cardinalibns,
757 5087 834 5137 nti
860 5086 1028 5147 aiunt,
1072 5087 1369 5149 virtutibus,
1410 5094 1564 5153 atque
1601 5086 1655 5138 in
1685 5083 1796 5152 pri-

300 5159 398 5212 mis
438 5158 502 5211 de
525 5157 843 5211 continentia
879 5159 1133 5233 servanda
1171 5165 1220 5209 et
1260 5156 1619 5226 impugnanda
1650 5155 1798 5210 volu-

299 5241 459 5298 ptate,
490 5231 775 5296 mortisque
802 5228 1163 5279 meditatione.

299 5340 380 5395 Ad
430 5351 746 5395 communes
788 5339 1039 5392 omnibus
1087 5336 1415 5391 Christianis
1458 5337 1691 5391 virtutes
1734 5348 1796 5394 ut

228 5409 335 5481 jam
406 5411 729 5473 veniamus,
796 5409 973 5481 primo
1009 5408 1423 5481 _a_t_ln_otaudul_t_i_
1468 5417 1551 5481 est
1598 5408 1791 5481 _vir_ttr~

232 5476 338 5536 ient
371 5497 399 5536 a
430 5481 707 5538 Clemente
758 5476 956 5534 alicubi
988 5477 1201 5532 deliniri
1230 5476 1316 5530 ἐς
1358 5477 1423 5530 Ἥ
1458 5476 1626 5549 ἀρετὴ
1658 5477 1797 5551 αὑτὴ

1202 5655 1256 5709 p.
1288 5639 1412 5696 ιθε.

301 5642 344 5675 ιι
379 5644 420 5699 ι.
462 5660 558 5711 ιιι,
590 5624 649 5713 ’ρ.
680 5641 813 5713 459,
880 5641 955 5713 ,ιι
999 5639 1157 5713 ibid.,

1317 5727 1369 5781 p.
1402 5710 1528 5767 469.

239 5712 329 5784 lib.
368 5732 441 5770 vn
467 5758 482 5781 ,
521 5710 571 5784 ρ.
595 5710 729 5771 7M.
801 5712 845 5744 ³⁸
875 5710 1080 5784 _Strom.
1121 5710 1279 5784 μιν,

1548 5639 1596 5672 ³³
1629 5639 1781 5706 ibid.,
1815 5657 1849 5711 p

1622 5711 1666 5743 "
1699 5711 1900 5768 Strom.
1936 5711 1973 5765 l.
2008 5727 2103 5776 vn,

1904 4990 2142 5063 διάθεσίς
2181 4992 2296 5063 eam
2338 4990 2513 5063 ψυχῆς
2554 4990 2840 5063 σύμφωνος
2871 4989 2976 5063 ὑπὸ
3018 4986 3110 5042 τοῦ
3147 4986 3305 5063 λόγου
3342 4983 3469 5063 περὶ

1904 5061 2026 5132 ὅλον
2048 5062 2139 5114 τὸν
2182 5061 2313 5132 βίον.
2349 5059 2369 5114 ἆ
2401 5059 2519 5132 Ipsa
2551 5059 2720 5116 virtus
2768 5072 2849 5115 est
2890 5059 3103 5114 all'cclio
3151 5061 3343 5111 auimre
3370 5059 3470 5113 sub

1909 5131 2143 5201 imperio
2176 5131 2405 5188 rationis
2431 5131 2529 5201 per
2563 5139 2731 5188 totam
2759 5133 2925 5186 vitam
2952 5145 3257 5184 consonans
3291 5140 3345 5184 et
3380 5143 3469 5183 rc-

1908 5202 2200 5258 spondens.
2244 5222 2262 5255 ι
3058 5238 3063 5245 -

1938 5216 2346 5327 p‘gllgftli‘sauiem
2375 5273 2441 5325 de
2472 5271 2763 5326 virtutibus
2793 5267 3231 5339 singulatimille
3256 5279 3468 5339 pertra-

1904 5348 2016 5396 ctat
2043 5342 2109 5406 ”,
2144 5359 2267 5410 quae
2298 5344 2515 5411 quidem
2553 5356 2674 5395 cum
2720 5338 2905 5395 facilia,
2932 5340 3060 5404 sint,
3095 5338 3163 5411 iis
3186 5338 3470 5411 esplican—

1904 5413 1988 5465 dis
2015 5409 2173 5465 nihil
2205 5409 2426 5465 necesse
2470 5420 2553 5464 est
2605 5427 2705 5464 nos
2742 5412 2829 5465 diu
2881 5409 3177 5464 immorari.
3213 5409 3473 5471 Prmclare

1902 5482 2167 5551 siquidem
2204 5493 2255 5536 et
2286 5491 2537 5536 accurate
2560 5482 2747 5536 delimt
2772 5490 2827 5535 et
2847 5480 3082 5549 explicat
3107 5480 3235 5549 quid
3261 5481 3332 5532 sit
3355 5481 3476 5549 pie-

1899 5638 2025 5698 467.
2145 5639 2192 5672 ³⁸
2221 5649 2351 5694 tmu.
2370 5638 2414 5695 ll
2444 5638 2629 5703 Amb.,
2662 5654 2718 5708 p.
2748 5637 2853 5693 142
2881 5648 2934 5693 et
2962 5652 3079 5706 seq.
3188 5639 3236 5671 ³⁸
3269 5634 3478 5708 Strom.

2133 5727 2186 5782 p.
2216 5710 2344 5768 742.
2390 5780 2401 5782 _
2456 5711 2501 5744 ³⁸
2528 5702 2701 5773 Ρωιιῖ,
2730 5709 2767 5764 l.
2801 5702 3056 5782 vn._cap.'
3091 5709 3193 5767 ult.
3217 5752 3233 5778 ,
3254 5721 3316 5777 p.
3350 5702 3482 5757 {'56.

240 5782 281 5816 ”
316 5779 584 5843 Strom.'l.
619 5801 692 5853 ιι,
721 5799 770 5855 p.
799 5781 901 5838 504
925 5792 981 5838 et
1001 5796 1097 5855 seq
1124 5799 1138 5850 ;
1170 5782 1205 5838 Ι.
1240 5779 1400 5854 νιίν.
1432 5782 1555 5849 662,
1584 5794 1634 5838 et
1677 5781 1711 5836 ι.
1747 5799 1837 5849 vn,
1868 5798 1921 5854 p.
1950 5781 2057 5839 709
2084 5779 2146 5840 et'
2168 5796 2284 5851 seq.
2313 5790 2365 5837 et
2390 5780 2533 5851 738;
2567 5781 2605 5836 l.
2632 5795 2705 5849 ιι,
2741 5796 2794 5851 p.
2826 5779 2927 5837 397
2958 5788 3015 5835 et
3038 5792 3156 5849 seq.
