3924 6306
558 353 694 412 1187

1189 348 1256 405 ΙΝ
1294 345 1716 405 (ειΕιιΕΝτΕιι
1758 343 1955 399 Αιελ.
1997 343 2058 399 D.
2103 340 2188 396 LE
2227 336 2508 395 NOURR!
2559 334 3013 394 DISSERTATIO
3047 337 3113 396 11.

3601 347 3700 404 “88

557 471 646 525 ille
681 471 755 524 ait
793 469 861 531 ",
899 467 1018 532 ﬁdei
1047 465 1398 520 meditatione
1427 465 1486 518 ﬁt
1507 464 1760 531 scientia,
1785 479 1905 535 quae
1939 461 2118 535 stabili
2150 465 2198 524 Α
2227 459 2355 535 dere
2383 468 2563 535 autem
2598 458 2865 535 __verita_t_i,
2916 459 3088 512 trahit
3122 457 3172 512 in
3205 459 3435 535 exitium.
3471 480 3488 514 ι
3511 464 3702 535 Sediam

557 557 620 596 ac
645 541 799 595 ﬁrmo
833 541 951 593 nixa
1003 547 1090 606 est
1121 538 1488 590 fundamento.
1531 535 1713 603 Neque
1763 533 1940 606 tamen
1979 533 2123 606 sinit.

559 613 684 666 inde
709 613 776 665 ab
814 611 993 678 aliquo
1036 603 1221 661 inferri
1267 607 1471 674 aliquid
1511 607 1562 659 in
1601 606 1859 678 ﬁdeesse
1901 603 2122 678 dubium

555 690 648 736 aut
678 674 960 736 incertum.
991 678 1148 737 Nam.
1170 695 1189 727 ι
1209 679 1297 745 qui
1321 678 1515 730 divinis
1543 676 1774 730 credidit
1805 674 2122 745 Scriptnris,

555 752 730 821 inquit
755 751 823 814 ³⁸,
852 753 1063 804 ﬁrmum
1109 744 1320 821 habens
1357 749 1640 821 judicium,
1671 747 1784 821 _cui
1818 744 2122 821 contradici

555 816 764 889 nequit,
795 819 1307 876 demonstrationem
1359 818 1499 884 ejus,
1541 816 1981 889 quiScripturas
2031 817 2124 868 de—

557 885 658 957 dit,
688 885 870 946 vocem
909 890 1122 958 accipit.
1173 907 1191 940 ι
1246 889 1582 959 Quapropter
1638 887 1779 942 haud
1813 885 2123 959 dubitanter

555 971 835 1018 asseverat
867 961 911 992 ⁸⁷
951 957 1108 1014 ﬁdem
1138 957 1380 1013 scientia
1404 973 1522 1012 esse
1569 957 2020 1027 prtestantiorem,
2065 964 2121 1010 et

554 1032 700 1087 illius
759 1031 1189 1103 xptcﬁptov.__Et
1245 1029 1296 1084 id
1351 1026 1584 1099 quidem
1631 1026 1998 1082 Theodoretus
2052 1042 2118 1082 ex

552 1100 841 1158 Aristotele
869 1100 1048 1157 retulit
1075 1100 1140 1154 ⁸³.

624 1174 830 1239 Quanta
884 1182 1061 1226 autem
1093 1173 1160 1224 sit
1199 1170 1318 1224 ﬁdei
1354 1171 1432 1222 vis
1465 1177 1518 1223 et
1560 1168 1798 1236 potentia
1854 1169 1939 1221 his
1993 1169 2117 1222 Cle-

553 1259 708 1298 mens
767 1243 944 1298 verbis
983 1242 1268 1310 perspicue
1314 1241 1551 1294 ostendit
1599 1239 1643 1270 ⁸⁹
1686 1257 1714 1310 :_
1751 1257 1769 1288 ι
1827 1239 2116 1306 Disciplina

551 1329 682 1382 ergo
710 1323 790 1367 est
821 1308 1013 1382 parere
1062 1308 1366 1380 praeceptis,
1401 1310 1543 1380 quod
1587 1320 1668 1363 est
1698 1308 1814 1382 _Deo
1866 1313 2116 1379 credere,

551 1379 759 1438 t-tlides
783 1379 873 1436 Dei
909 1379 1176 1450 potentia,
1205 1397 1322 1448 qnte
1367 1379 1450 1434 est
1486 1382 1567 1433 vis
1599 1379 1873 1444 veritatis,
1929 1382 2114 1434 Statim

552 1465 732 1507 autem
763 1455 894 1508 dicit
928 1475 937 1507 :
968 1451 1023 1506 Si
1059 1452 1302 1506 habeatis
1327 1452 1510 1512 ﬁdem,
1542 1459 1598 1503 ιιι
1629 1465 1854 1518 granum
1886 1451 2113 1519 sinapis,

551 1533 765 1578 montes
819 1523 1176 1578 transferens.
1226 1522 1291 1576 Et
1343 1535 1528 1574 rursus
1564 1538 1575 1572 :
1609 1519 1912 1574 Secundum
1957 1522 2114 1576 ﬁdem

553 1603 700 1646 tuam
732 1594 962 1648 ﬁattilii.
1019 1594 1083 1646 Et
1128 1608 1265 1645 unus
1316 1592 1529 1660 quidem
1574 1599 1818 1650 curatur,
1861 1601 2114 1660 suscepta

551 1680 647 1733 per
679 1666 834 1718 ﬁdem
890 1665 1214 1726 curatione;
1257 1672 1498 1715 mortuus
1531 1671 1708 1733 autem
1746 1663 1980 1730 resurgit
2020 1677 2114 1730 per

550 1732 658 1788 vim
693 1734 846 1804 ejus,
890 1735 983 1806 qui
1017 1733 1354 1796 crediderat,
1404 1732 1545 1800 quod
1589 1741 1738 1785 esset
1770 1743 2110 1787 resurrectu-

550 1820 663 1859 TUS.
691 1823 709 1856 ι

625 1876 862 1944 Denique
886 1889 1007 1928 cum
1037 1874 1304 1935 Clemens,
1329 1873 1659 1938 nttliximus,
1687 1873 1928 1927 docuerit
1953 1872 2113 1928 ﬁdem

549 1961 668 2002 esse
695 1943 937 2000 veritatis
963 1946 1130 1998 basim
1162 1947 1207 1977 '°
1237 1963 1252 2011 ;
1288 1946 1410 1999 hinc
1443 1946 1662 2014 planum
1708 1943 1796 2014 ille
1829 1944 1957 1996 facit
1991 1945 2112 2013 qni-

551 2018 651 2070 bus
688 2016 938 2084 gradibus
965 2017 1029 2070 ab
1060 2031 1122 2069 ea
1149 2014 1214 2069 ad
1244 2013 1566 2070 charitatem
1598 2023 1652 2068 et
1693 2013 1894 2083 γνῶσιν
1925 2028 2115 2068 ascen-

551 2088 742 2141 damus
775 2105 788 2141 :
829 2105 849 2138 ‹
887 2085 1061 2139 Prima
1085 2088 1151 2139 ad
1185 2086 1432 2151 salutem,
1474 2105 1492 2137 ι
1529 2084 1692 2140 verba
1731 2085 1872 2138 illius
1895 2093 2020 2138 sunt
2044 2085 2110 2150 °',

553 2175 575 2210 ι
616 2157 889 2211 inclinatio
920 2157 1073 2211 nobis
1109 2155 1239 2210 ﬁdes
1289 2167 1530 2225 apparet,
1595 2165 1874 2224 postquam
1930 2155 2112 2219 timor,

554 2237 613 2281 et
646 2241 792 2296 Spes,
830 2237 883 2281 et
909 2227 1255 2296 pmnilentia,
1287 2241 1409 2280 cunt
1435 2226 1764 2280 continentia
1788 2235 1842 2278 et
1874 2225 2114 2278 toleran-

549 2298 624 2352 tia
665 2298 1027 2366 proﬁcientes,
1077 2313 1174 2353 nos
1207 2298 1411 2351 ducunt
1453 2296 1515 2348 ad
1556 2296 1873 2351 charitatem
1920 2306 1974 2349 et
2023 2310 2114 2350 co-

549 2368 864 2440 gnitionem.
909 2386 927 2421 ι

610 2437 878 2492 ϐιριειηιιη
913 2437 1308 2507 qtuebactenus
1343 2435 1407 2490 de
1446 2434 1551 2490 ﬁde
1585 2451 1648 2490 ex
1700 2433 1974 2489 Clemente
2007 2437 2114 2492 dis-

546 2517 732 2575 putata
766 2519 910 2574 snnt,
939 2511 1050 2562 lucc
1083 2518 1134 2560 te
1166 2523 1269 2560 non
1305 2507 1484 2576 pigeat
1516 2523 1638 2561 cum
1667 2507 1730 2559 iis
1760 2509 2110 2574 contendere,

542 2590 667 2645 quae
701 2578 766 2632 de
801 2579 888 2631 illa
924 2577 1296 2632 Tlteodoretns
1322 2577 1515 2631 litteris
1551 2578 1823 2630 mandavit
1852 2578 1919 2640 ",
1951 2587 2114 2644 atque

543 2648 775 2719 sigvclis,
811 2665 930 2719 qute
963 2649 1196 2719 theologi
1234 2649 1284 2719 i_n
1319 2649 1436 2701 suis
1462 2648 1526 2702 de
1559 2647 1675 2719 litler
1698 2651 2113 2702 commentatio-

541 2718 720 2782 nibus,
781 2717 920 2772 et'in
960 2718 1058 2773 lib.
1117 2735 1176 2772 ιιι
1229 2717 1496 2781 5ειιιεηῑ.,
1555 2718 1792 2770 distinct.
1834 2719 1926 2784 25,
1963 2729 2018 2772 et
2057 2719 2111 2772 in

542 2788 610 2844 D.
645 2787 838 2843 Thom.
866 2787 981 2852 2-2,
1020 2797 1210 2859 quaest.
1243 2790 1268 2841 1
1307 2798 1363 2842 et
1400 2791 1456 2856 ‘2,
1504 2788 1779 2857 copiosius
1809 2799 2114 2858 pertracta-

542 2867 689 2914 runt.

1061 2947 1456 3005 ARTICULUS
1497 2946 1586 3004 ΙΙΙ.

542 3041 620 3097 De
657 3041 992 3112 inﬁdelitate,
1034 3051 1083 3096 et
1123 3053 1296 3124 utrum
1335 3058 1508 3096 omnes
1550 3041 1844 3113 inﬁdelium
1881 3045 2111 3099 actiones

1141 3121 1244 3166 sint
1284 3123 1516 3182 peccata.

621 3201 936 3274 Oppositum
957 3201 1088 3274 ﬁdei
1106 3203 1295 3274 vitium
1327 3212 1411 3258 est
1439 3202 1749 3266 inﬁdelitas,
1779 3219 1899 3274 quae
1938 3220 1965 3258 a
1991 3205 2113 3260 Cle-

542 3273 729 3349 mente
775 3274 822 3349 οξ
877 3273 1183 3349 per_ﬁdci_
1217 3274 1609 3349 oppositionem
1647 3273 1917 3349 dicitur,
1969 3278 2002 3349 ἡ
2053 3277 2111 3331 δὲ

542 3343 768 3418 ἀπιστίᾳ
801 3343 1064 3418 ὑπόληψις
1093 3343 1186 3397 τοῦ
1210 3342 1599 3418 ἀντικειμένῳ
1630 3343 1866 3418 deﬂevi};
1895 3342 2111 3418 ἀπόφα-

540 3416 691 3486 τική.
728 3417 857 3482 Quae
879 3417 1108 3486 quidem
1155 3417 1218 3468 ad
1275 3416 1496 3486 verbum
1531 3415 1662 3468 nihil
1690 3415 1852 3486 aliud
1891 3415 2109 3485 sonant,

542 3500 702 3554 quam
743 3503 764 3536 ι
805 3485 1094 3539 inﬁdelitas
1137 3495 1222 3539 est
1263 3485 1444 3554 opinip
1473 3485 1730 3540 contrarii
1774 3485 1985 3540 inﬁrma
2019 3505 2112 3544 ne-

541 3557 741 3626 gativa.
801 3573 820 3608 ι
886 3554 1081 3626 Verum
1136 3555 1398 3609 Hervetns
1443 3571 1564 3609 cum
1619 3555 1672 3608 in
1724 3555 1914 3610 Grmco
1960 3567 2109 3612 textu

541 3625 642 3697 pro
673 3626 988 3697 ἀποφατική
1020 3625 1272 3698 _forsitan
1294 3697 1299 3698 ν
1320 3625 1538 3698 legisset
1572 3626 1912 3698 ἀποφαντική
1935 3667 1950 3691 ,
2000 3629 2112 3698 hinc

543 3696 708 3752 verba
757 3698 946 3751 Latine
979 3696 1067 3750 sic
1115 3697 1398 3768 reddidit:
1450 3713 1469 3747 ι
1524 3697 1821 3768 Inlitlelitas
1860 3696 1944 3752 est
1990 3697 2111 3768 ejus

541 3769 688 3837 quod
739 3767 1054 3837 Oppositum,
1093 3767 1355 3820 imbecilla
1409 3767 1738 3820 enuntiativa
1786 3769 1970 3836 opinio
2015 3767 2109 3824 Seu

541 3836 893 3892 existimatio.
959 3857 977 3890 ι
1037 3836 1143 3892 Sed
1190 3852 1298 3890 non
1353 3838 1476 3890 inde
1508 3838 1679 3907 magis
1707 3848 1850 3908 patet
1883 3840 2004 3908 quis
2042 3844 2112 3894 sit

539 3909 733 3962 borum
774 3910 1068 3963 Clementis
1119 3909 1402 3961 verborum
1450 3922 1657 3961 sensus.
1715 3907 2108 3964 Nobis’autetn

541 3978 682 4032 idem
740 3981 966 4032 omnino
1018 3979 1069 4032 in
1119 3979 1485 4046 manuscripto
1541 3975 1966 4033 Claromontano
2014 3997 2108 4034 co-

538 4049 659 4102 dice
697 4048 768 4117 ",
801 4058 963 4117 atque
1007 4051 1059 4102 in
1104 4047 1288 4102 Grzeca
1345 4048 1586 4101 editione
1633 4048 1951 4118 legentibus,
1994 4051 2107 4105 lucc

537 4120 752 4172 videtur
782 4134 902 4173 esse
929 4119 1170 4173 auctoris
1196 4120 1364 4172 nostri
1399 4131 1550 4172 mens
1583 4128 1637 4172 et
1680 4121 1946 4172 sententia
1974 4137 1988 4183 ;
2023 4123 2108 4173 in-

539 4189 779 4264 ﬁdelitas
827 4199 910 4244 est
949 4189 1135 4264 debilis
1177 4200 1228 4264 et
1276 4188 1499 4264 inﬁrma_
1537 4189 1745 4264 Opinio,
1793 4204 1911 4258 quae
1945 4189 2109 4264 204

537 4261 898 4325 contrarium,
927 4261 1040 4314 sive
1069 4260 1198 4312 illud
1227 4260 1370 4328 quod
1401 4275 1428 4310 a
1468 4259 1576 4312 Deo
1611 4261 1661 4311 itt
1697 4259 1993 4329 Scriptttri’s
2019 4259 2109 4315 Sta—-

538 4331 649 4383 cris
680 4331 935 4383 traditum
961 4341 1063 4394 est,
1109 4334 1360 4398 quodque
1403 4343 1514 4398 pra:
1545 4330 1862 4385 inﬁrmitate
1902 4333 2110 4400 perspi-

537 4413 665 4453 cere
695 4402 897 4469 nequit,
923 4416 1111 4454 verum
1143 4414 1264 4453 esse
1314 4409 1494 4468 negat.
1524 4399 1673 4465 Quod
1718 4400 1762 4454 si
1814 4399 2104 4468 legendum

535 4480 694 4540 putes
721 4471 1084 4543 ἀποφαντική,
1134 4470 1180 4524 is
1218 4485 1434 4543 quoque
1465 4474 1570 4523 erit
1601 4471 1765 4543 _idem
1811 4470 2104 4527 Clementis

535 4554 726 4596 sensus
762 4560 776 4598 :
813 4541 1102 4596 lnﬁdelitas
1142 4550 1223 4595 est
1262 4542 1474 4593 iutirma
1526 4541 1728 4609 opinio.
1771 4555 1889 4610 quae
1932 4557 2102 4596 enun-

537 4611 663 4676 tiat,
690 4621 745 4666 et
770 4628 878 4682 pne
904 4613 1214 4667 inﬁrmitate
1245 4612 1438 4665 asserit
1491 4613 1562 4676 id,
1611 4611 1759 4682 quod
1807 4611 2102 4681 Scripturis

538 4685 714 4738 sacris
741 4681 797 4737 et
831 4685 1044 4738 veritati
1089 4682 1420 4737 contrarium
1463 4691 1564 4735 est.
1608 4681 1678 4734 Et
1733 4682 1846 4734 haec
1880 4684 2099 4750 quidem

539 4753 825 4821 explicatio
863 4769 928 4808 ex
977 4755 1043 4808 iis
1087 4751 1503 4821 baudabsurde
1545 4751 1856 4821 conﬁrmari
1902 4763 2100 4820 potest,

538 4819 657 4895 quae
725 4825 1066 4895 continenter
1136 4820 1536 4895 subjttngtttttttr
1580 4819 1683 4873 ":
1744 4819 2009 4895 Καθάπερ
2067 4825 2100 4895 ἡ

537 4890 824 4948 δυσπιστία
853 4894 965 4961 ἕξις
995 4889 1436 4962 δυσπαρὰδεδὶτος
1475 4889 1728 4955 πίστεως.
1771 4910 1791 4944 ι
1833 4889 2103 4958 ριιθιῖιςιιιὶ

538 4965 756 5017 modum
783 4964 1077 5019 dillicultas
1097 4965 1352 5020 credendi
1397 4972 1484 5016 est
1530 4965 1764 5030 habitus,
1800 4966 1892 5033 qui
1940 4965 2101 5018 Iidem

539 5033 826 5088 dilllciliter
845 5036 1098 5088 admittit.
1144 5051 1162 5085 ι

614 5105 891 5174 Duplicem
925 5115 1104 5158 autem
1138 5102 1384 5158 Clemens
1417 5103 1494 5157 ait
1552 5117 1674 5158 esse
1728 5103 2102 5159 inﬁdelitatem

538 5191 631 5229 seu
672 5176 1134 5237 incredulitatem,
1173 5176 1365 5227 bonam
1402 5177 1618 5243 quidem
1654 5190 1836 5238 unam,
1873 5177 2103 5229 alteram

549 5261 670 5300 vero
707 5246 924 5299 malam.
962 5245 1036 5298 De
1071 5253 1306 5314 utraque
1330 5255 1508 5297 autem
1535 5248 1610 5300 ait
1643 5245 1733 5298 ille
1749 5246 1796 5278 ”
1826 5262 1840 5299 :
1877 5265 1895 5296 ι
1936 5243 2103 5299 Multa

539 5316 892 5370 incredulitas
928 5315 1055 5368 fecit
1089 5313 1248 5377 bona,
1286 5313 1416 5369 ﬁdes
1452 5315 1660 5368 mala...
1693 5315 1811 5370 Jatn
1841 5331 1949 5371 non
1983 5330 2104 5371 cre-

538 5389 664 5440 dere
699 5387 915 5454 quidem
952 5387 1162 5439 veritati
1198 5385 1358 5438 atIert
1391 5397 1641 5449 mortem,
1681 5388 1846 5454 _sicnt
1880 5389 2104 5442 credere

536 5451 732 5512 vitam;
755 5455 954 5511 Contra
988 5467 1162 5510 autem
1209 5457 1493 5511 mendacio
1561 5451 1805 5526 credere,
1841 5475 1945 5513 non
1979 5474 2103 5513 cre-

2228 530 2294 583 de
2326 544 2388 600 ea
2431 528 2748 600 inﬁdelitate
2775 529 3284 600 disputantemque
3313 532 3427 600 quia
3452 534 3605 600 prima
3624 528 3706 592 're-

2229 599 2403 663 ritati,
2439 613 2539 670 seu
2575 597 2790 670 Deo,rin
2823 601 2994 652 sacris
3038 597 3586 670 Scripturis'loquenti,
3625 623 3704 660 non

2227 671 2434 732 credit;
2470 669 2679 724 idcirco
2712 669 2850 722 hanc
2877 670 3000 738 jure
3034 671 3228 722 merito
3287 669 3512 726 Clemens
3555 674 3707 729 inferre

2227 747 2452 794 mortem
2493 749 2548 794 et
2582 740 2633 792 in
2671 740 2895 793 exitium
2943 740 3159 794 trahere
3181 739 3418 796 aﬁirtnat.
3452 743 3594 808 Quam
3616 762 3709 801 sane

2223 810 2293 864 ob
2326 825 2547 865 causam
2599 810 2689 862 ille
2735 825 2924 864 rursus
2957 821 3140 876 postea
3162 809 3206 842 "
3244 828 3258 863 :
3299 829 3316 862 ‹
3361 815 3429 868 De
3467 816 3708 879 incredulis,

2226 880 2423 950 inquit,
2456 881 2875 952 ﬂep‘tdﬁfﬂwv,
2913 882 3115 934 dictum
3141 891 3222 934 est
3243 895 3334 936 eos
3360 898 3468 936 esse
3491 895 3709 950 repntatns

2225 960 2483 1021 tanquam
2518 951 2823 1018 pulverem,
2857 965 3018 1019 quam
3073 953 3284 1020 projicit
3337 964 3513 1006 ventus
3555 971 3581 1007 a
3613 953 3710 1009 facie

2224 1029 2404 1094 terrai.
2433 1031 2488 1075 et
2518 1030 2722 1094 guttam
2756 1035 2876 1090 qua:
2906 1036 2970 1074 ex
3005 1023 3388 1094 cadoien-idit‘.
3425 1042 3443 1073 ι
3473 1023 3708 1094 Cujusqui-

2222 1092 2343 1145 dem
2377 1094 2514 1146 lianc
2539 1094 2652 1159 ipse
2677 1093 2912 1145 insinuat
2946 1093 3292 1160 suggeritque
3309 1092 3708 1148 rationem”:iltt

2223 1161 2398 1228 ipsum
2431 1163 2679 1232 (verbum
2714 1161 2922 1216 scilicet
2951 1163 3214 1226 divinum)
3249 1172 3304 1216 et
3334 1179 3424 1232 per
3454 1165 3600 1232 ipsum
3629 1182 3710 1220 cre-

2221 1232 2370 1304 dere,
2410 1231 2712 1304 povaﬁtxdvr
2745 1231 2861 1304 ἐστι
2895 1231 3183 1304 γενέσθαι,
3243 1231 3556 1288 εειίιιιιίειιιιι
3597 1235 3708 1301 ﬁeri;

2219 1301 2428 1358 scilicet
2463 1305 2514 1356 in
2547 1304 2662 1370 ipso
2703 1301 2974 1357 indivulse
3011 1306 3258 1368 unitum;
3305 1320 3403 1357 non
3436 1304 3626 1360 credere
3645 1322 3709 1360 att-

2220 1374 2744 1498 ttitgoess'dubitare,
2783 1375 3069 1443 spatioque
3121 1388 3185 1427 ac
3221 1373 3492 1430 intervallo
3531 1375 3702 1446 disjungi

2220 1457 2248 1498 ε
2338 1458 2406 1496 ινι
2450 1461 2484 1498 Ι.
2529 1461 2547 1495 ι

2217 1451 2273 1498 et
2295 1443 2484 1498 dividi.
2529 1461 2547 1495 ι

2288 1514 2422 1579 Quia
2458 1527 2585 1567 vero
2613 1513 2886 1578 Clemens,
2924 1511 2999 1565 nti
3057 1513 3258 1567 dictum
3311 1523 3410 1578 est,
3465 1526 3707 1570 constanter

2218 1585 2454 1638 asseruit
2482 1583 2640 1638 ﬁdem
2669 1599 2790 1638 esse
2821 1583 3226 1637 fundamentum
3268 1584 3418 1638 bonae
3449 1588 3639 1639 actionis
3671 1599 3706 1640 et

2215 1655 2500 1723 prudentis
2548 1655 2855 1716 electionis,
2923 1655 3044 1707 sine
3087 1670 3190 1724 qua
3241 1656 3402 1707 vitam
3443 1657 3706 1724 spiritualem

2215 1726 2402 1779 vivere
2455 1724 2630 1780 nullus
2677 1730 2870 1794 potest,
2925 1732 3086 1792 atque
3118 1727 3423 1780 econtrario
3463 1725 3707 1779 inﬁdelitate

2145 1811 2190 1869 Β
2217 1794 2510 1869 quemlibet
2540 1796 2697 1869 trahi
2729 1795 2784 1849 in
2825 1794 3079 1869 exitium,
3116 1798 3258 1869 etdei
3289 1807 3507 1849 mortem
3538 1794 3701 1857 alieni;

2139 3171 2179 3228 C

2134 4515 2180 4574 D

2217 1865 2344 1920 inde
2365 1866 2500 1919 scite
2522 1866 2728 1936 colligit
2750 1865 3010 1936 cujusvis
3040 1865 3255 1931 gentilis
3287 1871 3555 1930 actionem,
3585 1881 3705 1934 quan-

2214 1935 2506 2005 doquidem
2534 1934 2708 1990 bonus
2735 1934 2840 1990 non
2873 1942 2954 1990 est
2979 1934 3123 1990 illius
3154 1938 3298 2000 linis,
3326 1952 3497 1990 revera
3523 1951 3704 2003 peccare,

2215 2016 2423 2061 etesse
2469 2007 2690 2061 malam.
2745 2006 2851 2060 Sed
2909 2015 3129 2074 praestat
3189 2007 3472 2071 ipsutnmet
3501 2007 3706 2059 bacdere

2217 2078 2564 2147 apertissime
2613 2077 2934 2147 loquentem
2983 2077 3172 2131 audire
3189 2077 3236 2108 9’
3273 2095 3286 2130 :
3322 2093 3341 2127 ι
3374 2077 3622 2143 Quomodo
3639 2076 3704 2129 ab-

2214 2144 2393 2204 solute
2421 2146 2636 2216 quidem
2667 2144 2873 2201 salvuttt
2915 2144 3096 2201 facere
3126 2157 3214 2201 est
3259 2163 3326 2202 ex
3369 2148 3450 2212 iis,
3497 2163 3598 2216 quae
3623 2157 3705 2200 sunt

2217 2219 2420 2282 media,
2458 2228 2605 2272 recte
2635 2229 2841 2283 autem,
2865 2226 2936 2278 et,
2964 2226 3022 2268 ut
3042 2218 3222 2282 decet,
3259 2217 3542 2286 perfectum
3576 2217 3705 2271 estol-

2215 2290 2420 2352 ﬁcium,
2444 2287 2797 2359 κατόρθωμα.
2831 2288 2882 2341 id
2907 2296 3010 2350 est,
3032 2305 3052 2338 ι
3073 2298 3130 2359 ut
3151 2289 3344 2342 Cicero
3371 2291 3700 2356 interpretatur,

2217 2369 2424 2414 rectum
2449 2369 2542 2414 aut
2579 2357 2728 2413 recte
2752 2360 2957 2413 factum
2993 2375 3006 2410 :
3048 2377 3067 2409 ι
3116 2357 3194 2412 Ita
3233 2361 3398 2412 etiam
3444 2359 3595 2412 omnis
3615 2360 3705 2408 actio

2215 2430 2447 2502 gttostici
2481 2440 2687 2484 rectum
2713 2439 2766 2502 et
2793 2429 3092 2502 perfectum
3117 2427 3489 2502 est.__ofticium,
3514 2428 3591 2482 καὶ
3610 2428 3705 2502 adn

2214 2498 2410 2572 ’Ξτρᾶξις
2441 2499 2739 2572 γνωστικοῦ
2788 2498 3145 2572 κατόρθωμαή
3188 2500 3329 2572 Ejus
3370 2508 3530 2572 autem
3563 2499 3706 2566 quiest

2217 2570 2591 2625 tantummodo
2618 2571 2818 2632 ﬁdelis,
2844 2570 3016 2624 media
3045 2571 3150 2623 dici
3185 2571 3359 2639 possit
3388 2571 3536 2633 actio,
3563 2578 3606 2620 ut
3627 2582 3705 2636 qua

2213 2641 2354 2694 κατὰ
2386 2640 2564 2708 λόγον,
2600 2656 2667 2696 ex
2727 2641 2937 2695 ratione
2992 2641 3234 2695 nonduin
3287 2640 3556 2704 elliciatur,
3584 2650 3706 2706 neque

2215 2723 2364 2765 recte
2395 2713 2606 2781 geritur
2633 2726 2699 2765 ex
2751 2711 3000 2766 scientia.
3059 2709 3267 2781 _Contra
3325 2722 3495 2764 autem
3535 2709 3704 2781 cujusvis

2213 2778 2434 2853 gentilis
2465 2784 2876 2853 peccatgactio,
2916 2779 3114 2844 παντὸς
3144 2781 3203 2835 δὲ
3237 2781 3462 2853 ἔμπαλιν
3497 2779 3576 2832 τοῦ
3612 2778 3706 2832 eo».

2213 2852 2309 2924 κοῦ
2345 2851 2706 2924 ἁμαρτητική.
2748 2853 2863 2907 Νοιι
2911 2854 3055 2906 enim
3111 2851 3361 2908 absolute
3410 2857 3530 2904 bene
3561 2863 3705 2924 _agere,

2212 2923 2307 2977 sed
2331 2920 2562 2996 scopum
2577 2925 2862 2992 quemdam
2886 2920 3704 2996 spectandokactionesproducere,

2211 3004 2268 3046 et
2316 3008 2384 3048 ex
2432 2988 2642 3046 ratione
2704 2988 2929 3062 Operari‘
2971 3003 3223 3060 oportere
3292 2993 3564 3048 ostendunt
3609 2988 3706 3041 Scri-

2212 3070 2408 3131 ptura}.
2453 3079 2473 3112 ι
2508 3063 2700 3117 Nescio
2748 3077 2879 3116 sane
2920 3073 3100 3116 utrum
3137 3063 3205 3116 ad
3244 3065 3381 3118 hanc
3430 3062 3706 3131 qumstiotteta

2215 3128 2586 3204 explicandam
2637 3134 2835 3187 clarius
2872 3132 3076 3201 aliquid
3123 3143 3176 3186 et
3214 3128 3492 3189 enodatius
3539 3128 3705 3204 prolerri

2213 3215 2397 3271 queat.
2426 3203 2609 3274 Neque
2633 3205 2778 3259 enim
2813 3205 3184 3274 tantummodo
3228 3206 3472 3259 Clemens
3522 3203 3706 3255 disertis-

2212 3280 2350 3330 sime
2377 3273 2650 3329 asseverat
2682 3288 2898 3329 omnem
2925 3273 3157 3328 inﬁdelis
3189 3275 3428 3330 hominis
3456 3277 3708 3343 peccatect

2214 3345 2410 3399 malam
2437 3359 2558 3400 esse
2587 3345 2893 3409 actionem;
2922 3359 3110 3398 verum
3141 3345 3308 3400 etiam
3333 3356 3521 3400 certain
3548 3356 3599 3392 ac
3625 3351 3705 3406 per-

2212 3417 2452 3486 spicuam
2484 3415 2627 3486 illius
2659 3415 2839 3486 reddit
2867 3415 3168 3486 rationem;
3206 3418 3335 3486 quia
3357 3414 3708 3478 nimirumqur-

2213 3485 2346 3541 libet
2389 3485 2476 3539 illa
2511 3485 2744 3540 inﬁdelis
2787 3485 3026 3541 hominis
3069 3485 3323 3542 actio’ad
3375 3488 3555 3541 bonum
3596 3486 3706 3534 linetl

2213 3572 2320 3611 non
2361 3557 2614 3611 refertur.

2281 3627 2473 3700 Obiter
2506 3627 2733 3700 observa
2767 3627 2886 3681 haec
2919 3624 3107 3700 (ιι-φρει
3141 3629 3315 3700 verba
3335 3669 3350 3694 ,
3380 3629 3492 3684 οὐδὲ
3523 3628 3610 3700 μὴν
3634 3624 3708 3685 τοῖς

2211 3697 2464 3770 ἀπείροις
2509 3696 2602 3749 τοῦ
2645 3698 2849 3762 αὐλεῖν,
2891 3697 3088 3765 αὐλῶν,
3128 3700 3178 3751 in
3220 3699 3406 3754 Latina
3459 3696 3708 3766 interpreta-

2215 3769 2360 3823 tione
2396 3769 2560 3822 l'uisse
2580 3771 2802 3823 omnino
2832 3771 3234 3838 praetermissa;
3272 3770 3489 3824 fortasse
3527 3774 3627 3838 quia
3651 3780 3709 3819 su-

2211 3853 2477 3907 pervacua
2511 3838 2853 3892 videbantur.
2899 3840 2991 3892 Sic
3041 3850 3225 3894 autem
3286 3839 3470 3895 Latine
3509 3845 3705 3894 sanant:

2217 3925 2236 3959 ι
2275 3909 2342 3962 Et
2373 3909 2500 3962 tibia
2528 3922 2724 3962 canere
2751 3910 3034 3977 imperitis,
3076 3912 3208 3964 tibia
3250 3927 3354 3965 non
3386 3912 3658 3964 canendum.
3691 3922 3703 3954 ι

2286 3979 2392 4034 Sed
2425 3981 2490 4033 iis
2520 3980 2858 4048 perstrictis,
2910 3994 3088 4034 nonne
3136 3983 3352 4044 eodem,
3401 3983 3472 4034 uti
3521 3979 3707 4037 vidimus,

2213 4051 2376 4105 modo
2408 4049 2472 4104 de
2498 4049 2794 4103 inﬁdelium
2825 4051 3126 4104 actionibus
3150 4052 3330 4106 adhuc
3382 4059 3710 4119 argumentatur

2210 4123 2481 4186 Clemens,
2515 4122 2602 4172 ubi
2648 4121 2760 4172 haec
2789 4121 2953 4174 habet
2977 4122 2993 4151 ¹
3029 4139 3042 4174 :
3084 4140 3102 4172 ‹
3136 4112 3480 4188 Quaecunque
3539 4131 3640 4186 ergo
3671 4112 3710 4164 lit

2212 4193 2356 4246 actio
2383 4205 2412 4244 a
2435 4191 2672 4263 sciente,
2705 4205 2768 4244 ea
2797 4199 2880 4263 est
2920 4202 3067 4245 recta
3105 4195 3275 4248 actio.
3310 4192 3620 4259 Qutrcnnque
3641 4201 3710 4263 ιιιο

2213 4270 2318 4315 tem
2344 4264 2410 4314 ab
2434 4261 2716 4324 insciente,
2747 4261 2883 4314 mala
2919 4273 3030 4328 est;
3065 4264 3285 4318 etiamsi
3340 4265 3552 4315 nt‘axitne
3585 4261 3708 4328 persi-

2210 4339 2338 4403 stat,
2369 4340 2423 4386 et
2447 4332 2500 4384 in
2534 4331 2659 4403 hoc,
2682 4331 2964 4401 proposito
3018 4324 3280 4398 inaneat;
3315 4334 3548 4403 quoniam
3572 4342 3650 4382 non
3670 4324 3709 4403 ﬁl

2209 4392 2369 4474 fortis
2391 4417 2456 4474 ex
2478 4392 2936 4474 consideratione,
2974 4417 3152 4472 neque
3182 4392 3369 4474 dirigit
3418 4403 3644 4457 actionem
3664 4392 3709 4474 ad

2209 4473 2413 4542 aliquid
2447 4473 2576 4525 utile
2622 4487 2692 4527 ex
2723 4471 2809 4537 iis,
2851 4487 2972 4542 qua:
2999 4471 3072 4528 ad
3101 4471 3357 4528 virtutem
3420 4471 3708 4542 dirigunt.mel

2209 4538 2509 4613 procedunt
2535 4556 2566 4595 a
2590 4544 2810 4597 virtute.
2843 4538 3042 4598 Eadem
3066 4554 3149 4599 est
3182 4556 3368 4598 autem
3397 4538 3601 4613 ratio—de
3620 4538 3706 4590 aliis

2215 4611 2531 4684 virtutibus.
2567 4631 2584 4663 ι
2621 4613 2812 4668 Omnis
2842 4615 3022 4682 itaque
3045 4617 3188 4670 ratio
3209 4629 3329 4684 quae
3359 4615 3414 4667 ﬁt
3439 4616 3500 4684 ab
3530 4611 3708 4684 ἰηδςιεη·

2212 4693 2282 4748 te,
2313 4683 2402 4736 διὰ
2431 4681 2522 4738 τοῦ
2551 4680 2997 4754 ἀνεπιστήμονός,
3055 4680 3271 4740 etiamsi
3320 4700 3386 4740 ex
3429 4680 3701 4738 fortitudine.

2209 4764 2304 4809 aut
2334 4755 2438 4808 alia
2467 4755 2714 4823 qualibet
2740 4757 2944 4811 virtute
2989 4756 3404 4824 proﬁciscatur;
3437 4754 3612 4824 idcirco
3651 4754 3708 4821 ιζ·

2211 4839 2335 4879 tnen
2365 4822 2508 4879 mala
2541 4834 2649 4888 est,
2680 4826 2808 4894 quia
2838 4841 2942 4879 non
2990 4822 3369 4894 proﬁciscitur
3393 4822 3458 4879 ex
3485 4822 3702 4895 λογισιιουι

2209 4910 2278 4950 ex
2308 4891 2772 4966 conStderatione,
2807 4912 2900 4950 seu
2933 4891 3111 4964 potius
3142 4900 3378 4962 ratione;
3412 4891 3706 4966 nequeryl'cf'

2211 4976 2300 5021 tur
2340 4966 2407 5020 ad
2437 4965 2644 5036 aliquid
2671 4980 2738 5021 ex
2780 4966 2848 5020 iis
2877 4963 3028 5037 utile,
3058 4982 3181 5037 quae
3207 4969 3440 5035 dirigunt
3480 4963 3540 5016 ad
3579 4963 3705 5037 viri?“

2211 5047 2341 5102 tem,
2372 5047 2429 5091 et
2457 5023 2747 5092 ex'virtute
2790 5023 3113 5108 proceduni.
3140 5023 3456 5108 Atqui‘iales
3476 5045 3584 5108 esse
3618 5023 3703 5108 ini-

2209 5109 2410 5162 delium
2456 5109 2699 5162 actiones
2750 5104 2927 5163 nullus
2974 5108 3134 5178 plane
3196 5104 3436 5178 ainbigit.
3473 5104 3564 5156 Eas
3603 5107 3698 5178 eri?

2209 5178 2458 5249 Clemens
2484 5188 2538 5234 et
2571 5191 2638 5232 ex
2697 5193 2886 5245 causa,
2940 5176 3152 5233 scilicet
3211 5176 3700 5249 ἱειιοιίιιιὶοιιρςθιαιυε

2209 5263 2276 5303 ex
2323 5248 2452 5315 ﬁne,
2489 5249 2617 5319 quia
2648 5249 2714 5301 ad
2743 5243 2925 5302 veram
2979 5243 3261 5304 virtutem'
3282 5264 3384 5304 non
3435 5243 3698 5300 relerunturi

2211 5319 2382 5374 malas
2403 5334 2525 5375 esse
2553 5321 2855 5373 arbitratus
2883 5330 2987 5375 est.
3609 5380 3615 5384 ,

2283 5390 2432 5444 Hanc
2456 5404 2617 5458 porro
2641 5405 2762 5463 esse
2785 5391 3108 5463 ipsissimam
3133 5390 3699 5463 Augustiniseutenlﬂm'

2211 5476 2378 5532 quam
2403 5467 2664 5516 adversus
2711 5459 3050 5532 Pelagianos,
3090 5459 3248 5533 atque
3281 5465 3333 5516 in
3363 5460 3536 5529 primis
3557 5462 3699 5507 contra

606 5688 837 5764 {ibid.,
863 5704 915 5760 p.
938 5691 1093 5764 562ζ
1107 5761 1124 5764 _
1144 5690 1193 5764 ξ’
1221 5690 1368 5764 ιδιά.
1425 5691 1471 5724 δ’
1495 5691 1651 5757 ibid.,
1688 5709 1742 5764 p.
1773 5691 1914 5764 565.
1975 5693 2018 5726 ⁸⁸
2042 5692 2332 5757 Tbeodor.,
2359 5700 2398 5746 t.
2425 5690 2517 5764 iV,
2545 5691 2620 5747 De
2640 5691 2817 5748 Graec.
2845 5689 3022 5764 aﬁ'ect.
3057 5696 3252 5764 curat"
3277 5678 3504 5764 senm},
3535 5676 3586 5764 de
3604 5670 3693 5764 “ff;

536 5760 733 5830 p.479.
805 5761 849 5834 δέ
879 5763 1032 5828 ibid.,
1063 5761 1187 5815 58!.
1264 5764 1310 5795 ⁹⁰
1338 5763 1540 5834 Strom.
1589 5765 1622 5816 Ι.
1669 5760 1728 5827 ti,
1777 5781 1830 5834 p.
1868 5763 1998 5818 375.

536 5843 592 5888 et
615 5849 732 5903 seq.
807 5832 852 5864 9'
887 5835 1090 5888 Strom.
1130 5839 1165 5905 Ι.
1209 5849 1269 5896 ιι,
1298 5852 1349 5905 p.
1379 5833 1505 5887 ⁸571.
1579 5834 1625 5865 ⁸⁸
1657 5832 1792 5890 ibid.
1862 5836 1908 5868 "
1936 5837 2065 5894 ibid.

538 5907 582 5937 ν’
624 5916 828 5961 btront.
870 5905 904 5960 Ι.
938 5921 1008 5972 ιι,
1041 5919 1096 5975 ρ.
1135 5904 1260 5959 tibi).
1300 5904 1304 5905 “
1341 5908 1355 5937 ¹
1391 5907 1430 5961 ι.
1463 5919 1559 5974 rtt,
1601 5921 1655 5976 p.
1690 5905 1812 5960 754.

2078 5767 2119 5797 ⁹¹
2157 5766 2285 5821 ibid.
2362 5766 2407 5795 ⁹¹
2432 5766 2626 5818 Theotlt

2175 5836 2222 5869 “
2253 5837 2292 5893 l.
2318 5851 2393 5902 tv,
2419 5850 2469 5907 p.
2499 5834 2626 5890 477.

3241 5736 3512 5829 Miselle
3556 5736 3693 5829 ριὲῑτ

2362 5764 2407 5795 θ’
2432 5763 2702 5819 Theudor.
2736 5764 2771 5816 Ι.
2809 5763 2930 5826 Cil.,
2974 5763 3048 5814 De
3082 5759 3203 5824 ﬁde,
3241 5759 3512 5829 praesertim
3556 5762 3598 5814 ρ.
3622 5759 3689 5822 ευ

2362 5851 2393 5886 ι.
2419 5850 2469 5886 o.
2499 5834 2626 5886 477.
2737 5835 2779 5866 ³⁷
2813 5834 2945 5886 ibid.
2971 5847 3024 5886 ι).
3059 5829 3182 5886 556.
3288 5825 3331 5886 "_
3361 5823 3498 5885 ibid.,
3529 5834 3574 5886 ρο
3601 5809 3691 5870 507-

3322 5853 3330 5888 ζ
3361 5853 3498 5885 Ινιυοο
3529 5853 3574 5886 γ·

2737 5835 2779 5866 ον
2813 5834 2945 5890 una.
2969 5847 3024 5903 p.
3059 5829 3182 5886 556.
3242 5899 3250 5904 _
