3924 6306
189 300 327 356 “89

1379 279 1466 336 DE
1505 281 1726 338 lJBRlS
1765 279 2219 336 STROMATUM.

3283 287 3418 342 H90

186 410 473 480 Julicilulin.
510 394 784 480 acerrime
801 394 1372 480 “constantissimeque
1416 405 1742 480 propugnat,
1773 401 1820 457 Α
1848 395 2274 480 cessitatis-esse
2304 397 2629 480 crediderit;
2663 408 2857 467 praeter
2883 397 3028 480 iilam
3055 407 3247 480 tamen.
3276 398 3414 452 bona

185 463 299 538 ξέἱὶς
327 464 540 519 inﬁcias
563 465 738 538 iverit
761 463 993 538 ?Nonne
1026 466 1186 538 enim
1203 474 1259 520 ut
1287 463 1535 536 plurima
1553 463 1742 522 mittaé

189 535 319 596 itus.
341 543 530 590 contra
563 535 659 590 hos
683 537 868 604 gratia:
897 537 993 592 Dei
1041 535 1302 590 inimicos
1320 539 1744 605 expressissimis

175 606 357 677 verbis
395 605 485 659 ille
517 605 683 660 dixit'
717 624 732 660 :
771 625 790 659 ι
825 606 1229 675 Quantumlibet
1250 621 1412 677 opera
1443 608 1741 662 infidelium

177 676 571 747 prmdicentur,
592 677 828 744 Apostoli
854 678 1176 732 sententiam
1199 676 1389 732 veram
1415 679 1665 747 novimus
1688 686 1743 733 et

179 745 439 818 invictam
472 762 485 798 :
517 745 692 818 Omne
725 749 865 818 quod
892 763 1000 803 non
1043 756 1126 802 est
1162 761 1227 803 ex
1289 749 1427 811 ﬁde,
1460 745 1740 818 peceatum

177 827 281 873 est.
321 837 340 868 ι
376 815 580 889 Contra
615 815 887 872 Julianum
948 832 1076 874 vero
1105 827 1388 887 postquam
1436 815 1539 874 h'oc
1583 835 1743 889 argu-

178 884 576 960 mentumfuse
606 889 971 960 pertractavit,
1011 904 1076 942 ex
1104 884 1188 960 iis,
1211 884 1330 958 quae
1352 884 1738 960 disputaver'at,

179 961 324 1014 hanc
386 957 534 1011 elicit
581 957 1058 1030 conclusionem':
1101 976 1119 1010 ι
1167 957 1242 1030 Et
1302 974 1409 1028 quo
1439 957 1744 1030 'eolligitur

178 1030 342 1083 etiam
373 1029 488 1096 ipsa
520 1041 706 1101 Opera,
739 1029 1106 1101 quasil‘aciunt
1160 1029 1425 1093 inﬁdeles,
1460 1046 1563 1101 non
1601 1029 1741 1101 ipso-

180 1114 296 1154 rum
324 1111 470 1163 esse,
498 1099 590 1151 sed
623 1099 766 1154 illius
799 1100 891 1170 qui
920 1101 1056 1155 bene
1091 1101 1261 1171 utitur
1295 1102 1469 1154 malis.
1501 1099 1739 1171 Ipsorum

179 1179 358 1222 autem
392 1180 518 1221 esse
560 1178 805 1237 peccata,
853 1172 1047 1238 quibus
1075 1181 1128 1223 et
1154 1170 1291 1224 bona
1326 1171 1463 1226 male
1498 1170 1739 1239 faciunt;

177 1239 303 1308 quia
334 1251 540 1308 canon
575 1239 737 1299 lideli.
783 1241 875 1295 sed
930 1240 1147 1301 inﬁdeli,
1187 1243 1287 1295 hoc
1321 1251 1421 1306 est,
1477 1242 1639 1295 stulta
1689 1254 1743 1298 et

178 1307 339 1364 noxia
398 1307 605 1361 faciunt
652 1311 927 1364 voluntate
973 1327 988 1363 :
1030 1311 1204 1380 qualis
1266 1311 1535 1375 voluntas,
1595 1314 1740 1367 nullo

175 1381 394 1434 Christo
433 1380 734 1442 dubitante,
772 1383 932 1435 arbor
954 1389 1036 1436 est
1072 1381 1230 1445 mala,
1266 1397 1384 1450 qua:
1419 1382 1596 1437 facere
1628 1400 1732 1437 non

175 1459 374 1518 potest,
440 1451 545 1503 nisi
603 1449 810 1506 fructus
843 1452 1048 1515 malos,
1082 1452 1132 1504 id
1163 1449 1293 1516 est,’
1321 1452 1433 1506 sola
1498 1464 1738 1520 peccata.

173 1522 343 1574 Omne
378 1520 551 1579 enim,
585 1521 718 1574 vclis
750 1522 909 1589 nolis,
935 1521 1076 1590 quod
1107 1537 1212 1575 non
1241 1533 1412 1577 estex
1444 1523 1567 1582 ﬁde,
1619 1539 1741 1591 pec-

173 1600 351 1645 calum
379 1600 484 1643 est.
517 1591 579 1644 Et
603 1592 722 1645 ideo
747 1592 878 1647 istas
903 1593 1126 1647 arbores
1159 1608 1263 1648 non
1289 1602 1464 1660 potest
1493 1593 1734 1661 diligere,

175 1663 297 1715 etsi
330 1662 474 1733 tales
525 1665 952 1733 permanserint,
982 1664 1216 1733 disponit
1261 1663 1546 1726 excidere;
1611 1667 1736 1733 quia

1846 481 2006 534 opera
2032 467 2100 520 ab
2132 466 2460 534 hominibus,
2485 479 2541 522 ut
2565 466 2821 524 aeternam
2846 471 3071 525 salutem
3103 469 3420 536 adipiscan-

1847 546 1956 600 tur,
1985 550 2103 608 esse
2135 537 2464 608 necessaria,
2500 549 2554 593 et
2585 541 2693 594 Deo
2723 541 2793 594 ita
2826 540 3042 606 iubente
3083 539 3247 607 exigi,
3281 555 3413 608 pas-

1846 610 1946 679 sim
1982 607 2072 661 ille
2097 607 2382 679 constituit
2409 620 2464 662 et
2490 611 2770 678 praedicat.
2807 611 2879 665 Ex
2900 612 2966 666 iis
2997 610 3180 678 itaque
3239 607 3415 679 pauca

1845 678 2136 752 seligamus
2162 693 2176 730 ς
2206 695 2225 728 t
2257 677 2540 752 Debemus,
2567 681 2869 752 ὀφείλομεν,
2909 682 2986 752 ait
3010 677 3166 752 ille",
3213 677 3415 752 habere

1845 762 2007 816 opera
2033 747 2348 821 clamantia,
2391 747 2642 817 tanquam
2677 747 2851 821 indie
2878 750 3236 805 ambulantes.
3299 749 3410 804 Lu-

1844 828 2001 890 c_ea_ut
2024 817 2170 890 enim
2201 832 2398 890 opera;
2426 831 2509 872 et:
2531 821 2667 874 Ecce
2691 817 2850 875 homo
2877 833 2933 875 et
2960 837 3122 889 opera
3154 821 3414 890 ejnsante

1845 887 2036 942 faciem
2067 888 2202 955 ejus.
2244 888 2380 943 Ecce
2409 890 2550 942 enim
2585 893 2739 952 licus,
2777 901 2831 944 et
2858 887 3018 958 opera
3049 887 3196 958 ejusf
3238 891 3406 946 Deum

1842 967 2057 1030 oportet
2086 959 2309 1030 imitari,
2342 960 2481 1030 quod
2515 961 2631 1028 ejus
2664 962 2776 1014 ﬁeri
2807 971 3001 1030 potest,
3035 961 3359 1028 gnosticum.
3387 979 3408 1012 ι

1842 1028 2081 1099 Audisne
2112 1029 2310 1097 quibus
2363 1029 2454 1084 ille
2504 1045 2671 1084 sacra:
2729 1028 3026 1099 Scripturae
3086 1031 3412 1086 testimoniis

1842 1097 2034 1166 probet
2064 1099 2204 1152 bona
2231 1112 2415 1168 opera,
2444 1116 2548 1154 non
2579 1112 2780 1156 tantum
2815 1097 3195 1155 alliit'istiatiis
3225 1103 3409 1160 minus

1844 1168 2121 1240 perfectis.
2149 1170 2242 1240 sed
2261 1170 2424 1224 etiain
2443 1185 2471 1222 a
2501 1191 2519 1222 ι
2544 1173 2806 1240 gnostico,
2839 1190 2855 1222 ι
2893 1173 2993 1225 hoc
3020 1182 3102 1225 est
3129 1171 3415 1239 perfectis-

1844 1239 1983 1291 simo
2011 1239 2342 1303 Christiano,
2380 1241 2456 1294 uti
2488 1239 2707 1295 omnino
2743 1244 3048 1296 necessaria
3078 1243 3322 1309 requiri?

1915 1308 2020 1364 Sed
2053 1309 2148 1372 illi,
2177 1323 2380 1377 quaeso,
2402 1311 2509 1365 alio
2533 1313 2584 1365 in
2613 1313 2749 1365 l‘ihrn
2776 1322 3008 1364 mentem
3035 1308 3188 1365 suam
3224 1328 3413 1369 rursus

1841 1378 2127 1450 explicanti
2157 1394 2450 1448 parumper
2485 1383 2764 1437 ausculta“
2795 1399 2808 1434 :
2841 1401 2858 1433 ι
2897 1384 3118 1450 Oportet
3150 1394 3280 1450 ergo
3305 1385 3414 1437 Deo

1839 1448 2033 1502 offerre
2061 1450 2329 1503 sacrilicia
2383 1466 2484 1504 non
2534 1463 2847 1518 sumptuosa
2874 1448 3260 1518 aesplendida,
3316 1456 3410 1508 sed

1841 1534 1960 1591 qtae
1994 1529 2117 1573 sunt
2164 1520 2246 1587 pia
2298 1531 2352 1574 et
2405 1522 2454 1574 ei
2513 1533 2751 1591 accepta,
2785 1533 2841 1578 et
2870 1521 3110 1576 sufﬁtum
3162 1523 3309 1576 illum
3352 1525 3407 1578 in

1843 1589 2366 1664 legecompositnin,
2403 1592 2493 1660 qui
2539 1589 2752 1664 constat
2779 1607 2845 1647 ex
2893 1593 3074 1664 multis
3131 1592 3330 1664 linguis
3355 1604 3409 1649 et

1841 1659 2066 1733 vocibus
2089 1660 2140 1714 in
2175 1659 2439 1733 oratione,
2476 1663 2557 1716 vel
2583 1663 2759 1731 potius
2785 1663 2876 1732 qui
2901 1679 2965 1718 ex
3000 1659 3239 1717 diversis
3276 1681 3412 1733 gen-

175 1734 290 1786 sine
323 1732 429 1786 ﬁde
461 1731 804 1803 impossibile
828 1741 910 1787 est
956 1730 1173 1803 placere
1203 1734 1336 1788 Deo.
1374 1735 1478 1787 Sed
1522 1736 1593 1787 ita
1629 1730 1738 1790 'hic
1769 1743 1812 1800 Β
1842 1730 1987 1803 tibus
2015 1739 2068 1784 et
2100 1731 2320 1803 sexibus
2366 1747 2460 1800 per
2526 1730 2724 1786 denum
2779 1730 3224 1788 testamentorum
3276 1730 3415 1789 con-

171 1803 457 1867 immorer,
488 1802 644 1870 quasi
686 1802 817 1856 istas
842 1802 1066 1859 arbOres
1093 1817 1196 1857 non
1217 1803 1327 1871 jam
1365 1815 1417 1857 tu
1452 1805 1563 1872 ipse
1585 1807 1742 1859 steri-

173 1874 250 1944 les
283 1873 746 1944 pronuntiaveris.
774 1873 1056 1940 Quomodo
1089 1874 1250 1944 igitur
1282 1889 1388 1927 non
1417 1883 1510 1927 aut
1535 1875 1740 1944 jocaris

175 1943 228 1997 in
283 1944 367 1997 his
411 1943 893 2011 disputationibus,
945 1954 1038 1997 aut
1084 1943 1307 2006 deliras,
1347 1945 1438 2012 qui
1476 1943 1740 2002 sterilium

172 2015 379 2068 fructus
412 2012 674 2083 arborum
709 2013 935 2069 laudas?
970 2016 1069 2083 Qui
1105 2016 1289 2082 utique
1316 2027 1408 2068 aut
1432 2015 1556 2068 nulli
1595 2028 1738 2082 sunt,

173 2095 264 2137 aut
289 2084 333 2138 si
379 2081 509 2135 mali
543 2093 689 2150 sunt,
726 2081 1118 2140 laudandi'non
1147 2081 1274 2138 sunt
1299 2103 1312 2137 :
1341 2094 1436 2138 aut
1459 2087 1503 2138 si
1536 2081 1742 2142 fructus

139 2183 142 2188 -
171 2154 294 2207 boni
331 2154 468 2218 sint,
503 2154 744 2221 profecto
775 2157 986 2212 steriles
1027 2155 1248 2210 arbores
1278 2170 1385 2208 non
1417 2165 1580 2218 sunt;
1636 2157 1742 2214 imo

171 2233 224 2276 et
252 2225 409 2280 bona:
441 2232 590 2288 sunt,
616 2238 842 2293 quarum
883 2226 1090 2281 fructus
1128 2226 1257 2281 boni
1284 2237 1432 2288 sunt,
1462 2238 1517 2280 et
1545 2227 1742 2283 debent

173 2293 280 2349 Deo
332 2295 573 2364 placere,
610 2296 696 2348 cui
735 2296 890 2350 bona;
929 2298 1151 2352 arbores
1196 2311 1301 2349 non
1362 2307 1585 2364 possunt
1639 2301 1740 2353 nisi

170 2365 410 2437 placere,
465 2363 765 2437 falsumque
791 2367 892 2420 erit
918 2369 1058 2436 quod
1097 2363 1471 2437 scriptutn'est
1502 2390 1513 2422 :
1559 2385 1576 2420 ι
1609 2366 1740 2424 Sine

171 2435 278 2490 ﬁde
312 2435 650 2505 impossibile
679 2435 761 2491 est
788 2435 999 2505 placere
1027 2439 1153 2492 Deo.
1188 2456 1207 2489 ι

242 2505 464 2578 Scimus
497 2506 709 2574 quidem
736 2507 995 2578 plurimos
1019 2515 1140 2578 post
1163 2517 1413 2564 sanctum
1446 2506 1740 2563 Thomam‘

172 2575 456 2647 theologos
497 2575 752 2631 censere’
778 2575 1037 2633 inﬁdeles
1072 2597 1090 2630 ‹
1151 2594 1254 2632 non
1319 2594 1475 2647 posse
1520 2584 1736 2647 operari

169 2645 311 2717 bona
339 2661 527 2717 Opera,
562 2662 679 2714 quae
701 2656 831 2702 sunt
854 2662 922 2702 ex
947 2649 1144 2716 gratia,
1177 2645 1386 2703 scilicet
1413 2645 1579 2717 opera
1628 2665 1741 2704 me-

171 2716 365 2771 ritoria
392 2733 408 2783 ;
445 2727 623 2770 tamen
655 2717 814 2782 bona,
843 2720 909 2773 ad
937 2735 1056 2787 qua:
1089 2719 1292 2774 sufﬁcit
1344 2716 1543 2772 bonum
1582 2731 1740 2773 natu-

171 2801 265 2851 rae,
310 2787 596 2858 aequaliter
631 2789 847 2856 operari
873 2805 1052 2856 posse.
1091 2807 1110 2840 ι
1152 2790 1514 2854 Quamobrem
1547 2805 1651 2843 non
1684 2793 1736 2844 in

168 2859 346 2920 omni,
381 2857 648 2925 inquiunt,
678 2858 890 2912 actione
912 2873 1006 2912 sua
1033 2866 1282 2926 peccant,
1315 2858 1409 2914 sed
1438 2860 1504 2913 iis
1531 2868 1738 2914 tantum

169 2942 292 2996 qu:e
313 2943 382 2984 ex
410 2926 724 2982 inﬁdelitate
750 2936 1066 2995 operantur.

250 2997 443 3070 Utrum
471 3007 723 3070 autemet
748 2998 864 3070 hazc
895 2998 1060 3052 fuerit
1093 2999 1263 3054 nostri
1298 2999 1593 3054 Clementis
1621 3001 1738 3070 upi-

174 3069 289 3136 nio,
312 3083 381 3141 es
409 3069 477 3141 iis
506 3067 734 3141 forsitan
772 3069 892 3141 quis
915 3070 1116 3141 percipi
1149 3085 1303 3138 posse
1333 3071 1583 3138 putabit,
1617 3067 1738 3141 qui-

173 3142 274 3194 bus
307 3139 400 3192 ill-e
431 3139 551 3210 iduo
583 3139 863 3210 distinguit
909 3140 1187 3194 hominum
1237 3155 1460 3209 genera,
1507 3139 1735 3210 quorum

173 3211 264 3264 alii
289 3209 620 3281 nescientes,
649 3209 740 3263 alii
772 3225 900 3264 vero
951 3210 1186 3281 scientes
1223 3219 1280 3265 et
1327 3211 1483 3281 gnari
1525 3209 1737 3281 aliquid

173 3284 310 3334 bene
344 3280 552 3351 faciunt
579 3287 634 3333 et
660 3289 803 3333 recte
852 3281 1060 3336 vivunt.
1093 3280 1351 3350 Utrisque
1391 3291 1572 3336 autem
1601 3280 1738 3351 quo-

172 3363 384 3422 cunque
417 3350 834 3422 modoegerint,
865 3352 1188 3422 negatrillud
1208 3361 1326 3421 post
1349 3361 1580 3407 mortem
1614 3350 1738 3422 pro-

172 3418 350 3485 desse,
378 3419 492 3492 rnisi
525 3418 680 3492 ﬁdem
718 3418 1040 3476 habneriiit'
1068 3437 1083 3476 :
1115 3441 1134 3474 ς
1162 3418 1278 3476 Jam
1304 3437 1430 3476 vero
1455 3422 1580 3476 illud
1608 3418 1739 3492 quo-

170 3505 294 3557 que,
339 3491 438 3562 ait,
489 3489 912 3562 consideremus,
971 3507 1037 3545 an
1069 3493 1481 3562 quandorrecte
1525 3489 1733 3559 vivunt,

171 3562 262 3628 qui
291 3561 542 3615 nesciunt
582 3559 930 3626 benefacere;
978 3559 1179 3616 accidit
1229 3561 1374 3617 enim
1411 3572 1469 3616 ut
1516 3563 1736 3617 benefa-

170 3633 316 3684 ciant
351 3648 379 3702 :7
410 3629 848 3702 nonnulliautem
875 3645 971 3699 per
997 3633 1408 3702 intelligentiam
1439 3634 1503 3686 ad
1530 3635 1735 3687 verita-

172 3702 240 3755 tis
272 3698 780 3772 verburnieruutur,
812 3698 1064 3770 tanquam
1098 3698 1434 3772 ad'scopum.
1463 3705 1735 3757 Abraham

130 3815 136 3822 .
173 3769 546 3842 autem7205
568 3784 670 3822 non
697 3785 761 3824 ex
783 3769 1038 3839 operibus
1063 3769 1389 3842 justilicatus
1413 3781 1516 3836 est,
1553 3775 1648 3828 sed
1669 3789 1737 3828 ex

171 3841 296 3895 ﬁde.
331 3841 476 3895 Nihil
498 3855 628 3907 ergo
655 3842 733 3894 eis
765 3851 886 3910 post
911 3844 1034 3896 vita:
1059 3841 1217 3896 linem
1247 3844 1508 3912 proderit,
1538 3845 1732 3898 etiam-

170 3911 215 3966 si
244 3928 388 3967 nunc
426 3921 573 3965 recte
602 3922 917 3977 operentur,
954 3912 1053 3967 nisi
1089 3911 1254 3966 fidem
1285 3915 1541 3970 habeant.
1587 3933 1606 3966 ι

241 3982 446 4036 Deinde
471 3997 597 4035 vero
627 3993 910 4049 postquam
944 3981 1032 4035 ille
1061 3997 1158 4037 nos
1182 3983 1307 4037 alibi
1331 3985 1733 4039 admonuitnon

174 4062 380 4108 tantum
414 4061 660 4122 utroque,
690 4068 812 4106 cum
841 4052 1022 4122 Veteri
1055 4062 1164 4106 tum
1190 4053 1338 4106 Novo
1362 4051 1730 4116 Testamento,

173 4125 267 4178 sed
302 4125 520 4178 statutis
546 4124 708 4176 etiam
734 4125 872 4192 apud
900 4121 1116 4178 Graaeos
1140 4134 1192 4196 et
1223 4124 1569 4193 philos0phos
1605 4126 1736 4196 legi-

174 4196 272 4248 hus
301 4213 318 4246 ι
353 4209 544 4262 genus,
577 4195 809 4247 actionis
833 4209 954 4247 esse
983 4194 1512 4258 manifestissimum,
1551 4212 1569 4244 ι
1607 4194 1736 4250 con-

175 4267 409 4319 tinenter
433 4263 664 4330 adjecit‘l
693 4279 708 4316 :
744 4264 858 4326 cEt
888 4272 946 4317 ut
969 4265 1135 4318 semel
1176 4264 1369 4331 dicam,
1405 4267 1582 4319 omnis
1630 4267 1734 4320 uti-

171 4333 314 4399 litas,
342 4351 460 4405 qua:
493 4335 558 4386 ad
591 4340 753 4388 vitam
792 4335 1045 4404 pertinet,
1085 4349 1335 4403 suprema
1369 4337 1586 4405 quidem
1630 4351 1732 4405 mra-

174 4406 318 4458 tione
345 4423 373 4458 a
405 4404 514 4458 Deo
541 4405 928 4474 omnipotente,
957 4405 1047 4474 qui
1087 4415 1281 4474 praeest
1309 4404 1592 4469 omnibus,
1625 4404 1731 4460 Pa-

172 4482 254 4526 tre
285 4476 560 4542 perlicitur
593 4489 687 4543 per
723 4473 918 4530 Filium
941 4514 955 4541 ,
977 4473 1278 4544 quietiam
1342 4486 1620 4546 propterea
1653 4489 1736 4532 est

167 4553 413 4615 servator
439 4546 698 4609 omnium,
729 4546 899 4615 inquit
934 4546 1237 4613 Apostolus,
1271 4550 1506 4601 maxime
1553 4558 1733 4602 autem

171 4613 433 4664 ﬁdelium.
468 4615 613 4687 rAn
662 4613 820 4680 porro
846 4632 913 4672 ex
942 4617 1028 4672 his
1069 4617 1318 4687 concludi
1376 4618 1548 4687 possit
1600 4618 1730 4672 Cle-

171 4690 410 4757 mentem
431 4684 773 4740 existimasse
806 4687 1048 4757 quzedam
1082 4684 1393 4742 inﬁdelium'
1424 4689 1564 4742 bona
1613 4689 1733 4756 qui-

166 4750 304 4827 dem_
320 4765 439 4807 esse
483 4767 665 4827 Opera,
701 4757 794 4811 sed
818 4750 880 4812 ea
909 4757 974 4811 ad
1001 4758 1166 4812 vitam
1210 4768 1473 4813 aeternam
1512 4750 1732 4827 compa-

167 4821 716 4896 i'andamtieetttilia,
773 4843 874 4882 nec
919 4830 1277 4896 pertinentia,
1336 4830 1562 4882 aliorum
1609 4821 1727 4884 esto

163 4887 449 4968 judicium.
487 4893 542 4948 Si
569 4887 750 4950 autem
792 4887 1002 4952 remita
1032 4914 1091 4953 se
1127 4887 1327 4955 habere
1357 4899 1725 4968 pronuntient,

170 4961 674 5036 nobisedisserant,
705 4970 975 5034 quomodo
1005 4969 1107 5022 sibi
1136 4969 1235 5036 ipsi
1269 4961 1575 5024 constiterit
1605 4961 1734 5023 erit?-

167 5031 474 5108 d_itissimus
505 5046 694 5090 auctor
722 5031 924 5104 noster,
953 5040 1045 5107 qui
1087 5031 1329 5108 cujusvis
1361 5039 1579 5108 gentilis
1635 5053 1727 5094 ac-

172 5103 369 5180 tionem
402 5119 627 5180 peccare
668 5107 809 5162 haud
850 5103 1072 5178 prorsus
1099 5103 1169 5163 se'
1194 5103 1470 5179 ambigere
1495 5111 1728 5180 apertis-

154 5176 302 5233 .sime
339 5176 642 5242 profitetur.

159 5253 163 5258 '
689 5246 1081 5304 ARTICULUS
1119 5248 1206 5305 IV.

171 5306 370 5368 l’rwler
408 5316 566 5385 ﬁdem
599 5318 734 5374 bona
787 5335 944 5384 opera
975 5323 1042 5372 ad
1069 5324 1290 5402 salutem
1311 5319 1728 5392 consequendam

721 5406 830 5443 8888
849 5406 1160 5443 ηεεεδείιηα.

147 5473 149 5476 ·
237 5454 490 5519 Quamvis
513 5457 763 5518 Clemens
798 5463 957 5514 ﬁdem
1007 5471 1189 5529 tant-.e,
1229 5463 1306 5517 uti
1344 5463 1599 5529 vidimus,
1634 5475 1730 5515 ne-

239 5627 267 5698 ’ί
295 5627 542 5698 Augusl.,
578 5644 617 5686 t.
661 5635 728 5698 Χ,
770 5637 844 5692 De

172 5695 406 5774 p.ﬂ60l._
448 5695 823 5774 ξΞ-Ξμιυὼει.
860 5695 944 5774 lli,
974 5719 1077 5762 art.
1111 5711 1164 5764 4.
1235 5695 1265 5742 ἶ
1301 5695 1500 5765 Strom.
1536 5695 1570 5763 l'.
1593 5695 1642 5773 ἶ,

925 5641 1054 5693 estis
1108 5638 1313 5705 Pelag.,
1367 5655 1417 5693 c.
1473 5639 1559 5703 16,
1593 5639 1736 5711 ἑῦι,
1763 5655 1815 5709 p.
1853 5639 1977 5692 2H.

929 5750 944 5774 ,
972 5719 1077 5780 art.
1111 5711 1164 5764 4.
1241 5713 1260 5742 ⁸
1301 5711 1500 5765 Stroni.
1536 5713 1570 5763 Ι.
1607 5729 1642 5773 t,
1674 5725 1726 5780 p.
1788 5708 1912 5764 89.8.

1851 1801 2083 1853 struitur
2117 1801 2170 1854 in
2207 1803 2491 1856 veritatem
2519 1803 2726 1866 ﬁdei,et
2752 1806 2803 1858 in
2830 1805 3082 1857 laudibus
3115 1819 3414 1873 congrega-

1853 1879 1957 1933 tur,
1991 1881 2170 1925 mente
2198 1873 2411 1939 quidem
2445 1888 2597 1940 pura,
2627 1873 2770 1936 justa
2803 1886 2982 1928 autem
3018 1885 3072 1926 et
3101 1885 3247 1927 recta
3282 1879 3408 1930 vitae

1851 1941 2193 2011 institutione
2219 1955 2284 1994 ex
2314 1947 2515 1997 sanctis
2563 1944 2838 2011 operibus,
2867 1953 2922 1999 et
2951 1942 3104 2011 justa
3143 1945 3413 2000 oratione.

1849 2009 1907 2077 ὲξ
1934 2009 2090 2084 ὁσίων
2136 2011 2330 2082 ἔργων,
2374 2013 2548 2084 ἀρχῆς
2579 2009 2637 2068 ea
2676 2013 2907 2078 δικαίας.
2942 2009 2964 2066 ἰ
3010 2013 3210 2068 Praeter
3257 2014 3413 2072 ﬁdem

1851 2098 1980 2155 ergo
2003 2083 2251 2155 Clemens
2279 2083 2571 2150 quemlibet
2605 2087 2669 2137 ad
2699 2087 2834 2137 bona
2865 2098 3030 2152 opera
3070 2085 3277 2155 agenda
3305 2085 3410 2141 ob-

1849 2152 2094 2223 strictum
2119 2153 2522 2223 obligatumque
2560 2170 2681 2208 esse
2712 2155 2963 2208 credidit.

1919 2222 2058 2288 Quid
2090 2237 2242 2286 vero,
2275 2223 2417 2292 quod
2436 2222 2757 2293 ipsammet,
2794 2227 2862 2279 de
2890 2239 2996 2292 qua
3021 2225 3225 2294 agitur,
3251 2225 3410 2284 ﬁdem

1848 2291 1936 2344 ille
1963 2296 2225 2347 honorum
2267 2291 2490 2360 operum
2523 2294 2845 2348 effectricem
2893 2291 3014 2350 esse
3044 2291 3126 2350 liis
3173 2297 3415 2354 declarat

1846 2363 2069 2417 verbis“
2105 2381 2119 2418 :
2156 2381 2173 2412 i
2209 2361 2327 2416 Jam
2364 2379 2492 2418 vero
2523 2366 2672 2427 ﬁdes,
2709 2375 2761 2419 et
2788 2366 2832 2418 si
2857 2375 2942 2419 est
2963 2365 3264 2418 voluntaria
3293 2369 3412 2425 ani-

1849 2448 1948 2486 mae
1973 2433 2244 2508 assensio,
2274 2443 2357 2488 est
2411 2437 2890 2508 tamenibonorum
2917 2437 3214 2504 operatrix,
3243 2447 3294 2492 et
3320 2439 3410 2508 ju-

1847 2510 1944 2556 sta:
1967 2503 2378 2558 fundamentum
2413 2505 2680 2558 actionis?
2717 2524 2736 2557 ι

1916 2571 2025 2627 Nec
2056 2583 2140 2646 est
2169 2573 2412 2646 proiecto
2442 2575 2580 2644 quod
2613 2575 2979 2630 heterodoxus
3021 2575 3142 2644 quis
3179 2591 3410 2646 respon-

1846 2642 1971 2695 deat
1996 2644 2125 2697 nihil
2157 2646 2212 2697 in
2247 2642 2543 2716 Clementis
2577 2647 2744 2699 nostri
2805 2642 3409 2716 scriptis—frequentius

1844 2728 2158 2780 occurrere,
2210 2730 2371 2783 quam
2402 2714 2538 2768 bona
2567 2730 2730 2784 opera
2777 2717 2828 2769 in
2857 2714 3187 2784 scripturis
3211 2720 3415 2774 sanctis

1846 2785 2140 2856 noninmlo
2165 2786 2394 2856 consuli,
2418 2799 2609 2856 verum
2646 2786 2811 2839 etiam
2848 2789 3098 2856 prmcipi;
3131 2787 3224 2842 sed
3251 2787 3412 2842 nulli-

1845 2852 1893 2904 bi
1933 2852 2078 2907 illum
2123 2855 2340 2909 dixisse
2377 2855 2544 2907 ttllum
2611 2852 2862 2924 unquam’
2895 2852 3166 2910 hominem
3222 2857 3411 2912 iisdem

1842 2924 2096 2988 operibus
2131 2925 2267 2987 suis,
2293 2933 2385 2977 ant
2410 2925 2569 2977 etiam
2597 2926 2701 2979 ﬁde
2735 2925 2818 2979 vel
2853 2937 3199 2994 peccatorum
3223 2930 3414 2983 remis-

1843 2995 2074 3060 sionem,
2110 2994 2193 3047 vel
2229 2995 2471 3049 divinam
2507 2995 2879 3064 adoptionem,
2910 2997 2991 3051 vel
3047 2998 3212 3052 vitam
3270 2998 3416 3052 salu-

1846 3073 2060 3133 temque
2085 3074 2342 3119 aeternam
2371 3067 2688 3133 promereri.
2746 3065 2902 3121 Hunc
2933 3069 3133 3121 etenim
3167 3082 3412 3123 errorem

1765 3109 1809 3171 C
1841 3109 2902 3207 _camisistis};insessam:
2933 3109 3416 3207 massas;

1841 3204 1951 3279 ln_m
1984 3207 2268 3279 perspicue
2301 3207 2459 3279 docet
2491 3225 2509 3257 ι
2546 3220 2642 3279 nos
2666 3208 2954 3279 honorum
3002 3204 3227 3279 operum
3283 3211 3414 3264 elle-

1839 3274 2418 3349 ciione,_dya00epyiq,
2463 3291 2526 3331 ac
2569 3277 2762 3349 divina
2797 3274 3210 3345 assitiiilatiOIie,
3261 3279 3414 3344 θείας

1837 3342 2242 3416 ἐξομοιώσέως,
2273 3342 2660 3402 'ad'wternam
2699 3346 3012 3403 felicitatem
3067 3342 3332 3416 subvehi;
3383 3342 3404 3403 ἱ

1839 3423 1932 3469 sed
1967 3417 2164 3470 ibidem
2191 3419 2385 3472 addit:
2423 3435 2440 3468 ι
2476 3417 2613 3470 Sunt
2661 3418 2973 3489 alimoves,
3023 3421 3198 3489 inquit
3230 3422 3414 3475 Domi-

1840 3501 1963 3550 nus,
1999 3502 2119 3556 (μιᾶς
2158 3503 2261 3540 non
2295 3497 2420 3542 sunt
2450 3502 2516 3541 ex
2548 3493 2647 3540 hoc
2681 3487 2831 3554 ovili,
2869 3505 2989 3558 qua:
3035 3487 3138 3544 alio
3170 3492 3298 3545 ovili
3354 3502 3414 3546 et

1815 3559 2123 3612 -mansione
2148 3572 2244 3626 pro
2268 3559 2613 3628 proportione
2645 3559 2765 3612 lidei
2797 3571 2924 3613 sunt
2977 3561 3232 3628 dignata».
3280 3561 3410 3617 Meae

1840 3637 2018 3699 autem
2045 3643 2180 3699 oves
2206 3643 2376 3699 meam
2406 3642 2588 3699 vocem
2618 3629 2866 3694 audiunt,
2897 3644 2926 3682 a
2957 3632 3262 3699 cognitione
3290 3647 3410 3686 mea

1839 3696 2102 3769 mandata
2134 3698 2514 3769 intelligentes.
2541 3696 2654 3753 Hoc
2684 3709 2866 3754 autem
2923 3696 3049 3754 licet
3094 3701 3407 3768 magniﬁce,

1840 3776 1895 3821 et
1925 3782 2021 3837 pro
2054 3767 2328 3835 dignitate
2351 3769 2666 3837 tneritisque
2717 3772 2966 3837 accipere
2999 3784 3119 3824 cum
3177 3767 3400 3840 {perum

1841 3840 2275 3910 remuneratione
2295 3848 2351 3893 et
2377 3848 2559 3910 mutua
2582 3841 2989 3908 consequentia.
3024 3846 3202 3907 Quare
3231 3857 3408 3910 quan-

1839 3911 1908 3962 do
1941 3908 2270 3963 audierimus
2303 3926 2317 3963 :
2358 3927 2377 3961 ‹
2417 3908 2579 3965 Fides
2611 3921 2701 3965 tua
2730 3921 2781 3964 te
2808 3911 3012 3964 salvam
3063 3911 3212 3972 fecit,
3247 3908 3267 3964 ὀ
3305 3928 3411 3967 non

1840 3979 2136 4048 accipimus
2184 3993 2308 4034 eum
2363 3981 2544 4036 dicere
2575 3982 2819 4034 absolute
2851 3995 2944 4034 eos
2973 3981 3150 4036 salvos
3177 3981 3407 4050 futuros,

1839 4051 1930 4126 qui
1956 4051 2442 4118 quomodocunque
2474 4052 2829 4126 crediderint,
2863 4053 2965 4126 nisi
3001 4065 3165 4118 Opera
3197 4069 3412 4126 quoque

1841 4121 2042 4173 fuerint
2066 4133 2378 4176 consecuta.
2429 4140 2449 4174 ι
2491 4121 2628 4188 Quid
2653 4124 2718 4175 ad
2753 4122 3130 4176 haereticorum
3161 4121 3403 4178 errorem

1839 4193 2203 4244 damnandum
2238 4193 2320 4245 his
2349 4192 2644 4246 Clementis
2693 4193 2864 4246 nostri
2909 4191 3087 4246 verbis
3117 4195 3319 4249 clarius
3345 4204 3402 4249 et

1839 4258 2306 4316 luculentius?lbi
2349 4264 2630 4316 enimvero
2678 4263 3033 4316 disertissime
3087 4265 3407 4331 pronuntiat

1837 4331 2043 4405 salvum
2086 4333 2200 4405 ﬁeri
2240 4332 2510 4405 hominem
2545 4332 2668 4397 ﬁde,
2707 4340 2783 4387 et
2810 4332 2963 4405 bonis
3004 4334 3170 4387 etiam
3229 4337 3413 4405 operi-

1838 4401 1957 4467 bus,
2004 4416 2124 4470 qua:
2177 4403 2229 4456 in
2287 4403 2455 4457 altera
2514 4405 2622 4456 vita
2679 4404 2840 4457 simul
2894 4401 3406 4463 remunerabuntur.

1839 4472 2180 4540 Quapropter
2231 4473 2357 4527 alibi
2387 4488 2452 4528 ex
2487 4473 2733 4542 ipsisuiet
2784 4473 3059 4540 Evangelii
3106 4474 3408 4530 verbis'os-

1840 4543 2066 4595 tendit”
2097 4545 2236 4611 apud
2266 4545 2550 4596 Dominum
2580 4558 2703 4598 esse
2743 4544 3056 4612 complures
3094 4547 3406 4602 mansiones

1837 4622 1892 4665 et
1921 4613 2206 4685 praeclaras
2237 4616 2709 4669 remunerationes
2736 4629 2835 4684 pro
2858 4613 3234 4685 cujuscunque
3281 4631 3398 4670 me-

1835 4686 2044 4753 ritis-Aet
2069 4684 2192 4738 vita:
2223 4687 2595 4753 proportione.

1902 4751 1986 4807 Ad
2016 4753 2130 4809 haec
2162 4751 2288 4809 vero
2317 4751 2652 4810 Clementem
2685 4754 2990 4810 audivimus
3040 4754 3197 4824 plane
3227 4765 3282 4809 et
3317 4755 3405 4810 di-

1831 4825 2007 4878 lucide
2044 4835 2451 4880 asscverantem
2491 4827 2632 4880 bona
2689 4841 2852 4894 opera
2899 4823 3051 4894 post
3085 4823 3256 4894 hujus
3279 4829 3404 4880 vitae

1835 4897 1996 4948 ﬁnem
2029 4895 2158 4948 nulli
2196 4897 2472 4963 prodesse,
2502 4898 2606 4951 nisi
2638 4893 2796 4952 iidem
2826 4893 3080 4949 [tabuerit
3100 4895 3162 4948 “.
3214 4893 3406 4950 Nonne

1834 4977 2014 5019 autem
2044 4965 2168 5018 inde
2201 4975 2352 5019 recte
2388 4968 2621 5020 infertur
2657 4970 2796 5021 bona
2833 4979 2998 5034 opera
3061 4966 3128 5020 iis
3173 4965 3406 5019 homini-

1833 5038 1935 5090 bus
1961 5043 2084 5104 post
2115 5036 2270 5102 hujus
2295 5038 2416 5090 vine
2450 5039 2609 5091 linem
2639 5037 2938 5105 profutura,
2967 5035 3055 5104 qui
3091 5037 3252 5091 simul
3276 5051 3402 5089 eum

1833 5106 1990 5175 bonis
2025 5113 2277 5172 operibus
2308 5120 2431 5160 vera
2468 5108 2570 5160 fide
2604 5116 2765 5161 erunt
2785 5110 2961 5159 ornati
2988 5122 3052 5160 ac
3081 5107 3336 5175 przediti?

1905 5173 2002 5228 His
2033 5175 2258 5244 insuper
2302 5178 2558 5245 adjunge,
2587 5179 2633 5230 si
2668 5175 2824 5240 velis,
2860 5178 3002 5242 quod
3032 5173 3098 5230 ab
3127 5177 3242 5242 ipso
3273 5177 3412 5230 scri-

1832 5257 1984 5316 ptum
2028 5245 2264 5314 legitur:
2312 5263 2330 5296 t
2369 5249 2486 5301 Orti
2539 5261 2751 5308 sumus,
2799 5254 2855 5297 ut
2903 5247 3225 5313 eligeremus
3283 5251 3416 5300 obe-

1835 5319 1952 5371 dire
1997 5317 2289 5380 mandatis,
2325 5319 2390 5370 ad
2420 5318 2522 5370 hoc
2546 5329 2603 5369 ut
2637 5316 2896 5371 vellemus
2937 5331 3059 5370 esse
3086 5317 3288 5371 salvi...
3318 5316 3415 5369 Est

1833 5403 1964 5454 ergo
1994 5385 2230 5438 olIieium
2262 5389 2496 5441 hominis
2529 5388 2635 5440 Deo
2659 5399 2873 5455 parere,
2901 5387 2991 5454 qui
3012 5387 3158 5439 varia
3186 5402 3410 5440 annun-

1837 5459 1990 5510 tiaVit
2021 5471 2118 5526 per
2153 5456 2378 5511 salutem
2441 5471 2778 5526 praecepta...
2811 5455 2913 5521 Qui
2969 5472 3091 5511 cum
3146 5458 3236 5524 iis,
3269 5471 3412 5527 quas

2089 5638 2112 5670 ³
2144 5637 2240 5694 lib.
2275 5652 2350 5700 iv,
2386 5639 2585 5693 Contra
2619 5630 2818 5686 Julian.
2859 5628 3065 5699 Pelag.,
3095 5643 3144 5684 c.
3170 5627 3227 5698 3,
3257 5625 3412 5700 §__'.’i‘§.

2002 5710 2023 5741 ⁸
2056 5709 2260 5764 Slrom.
2285 5696 2430 5780 flavi,
2465 5725 2518 5780 p.
2543 5703 2668 5780 695.
2745 5701 2763 5732 ⁷
2797 5696 3066 5780 Sirqiiifl.
3103 5716 3180 5770 tv,
3211 5696 3419 5774 p.353.

173 5763 188 5794 '
221 5766 414 5826 Strom.
450 5772 486 5829 ι.
518 5763 687 5845 vn,
718 5775 838 5831 719.
915 5763 942 5812 θ’
965 5779 1004 5836 ι.
1033 5795 1085 5848 v,
1111 5763 1162 5852 p.
1192 5763 1326 5839 668.
1349 5763 1510 5859 “°__l-
1545 5763 1699 5854 νιῖιῖὲ
1733 5797 1736 5825 ¹

1846 5763 1881 5837 ,ί
1937 5781 1976 5813 ιι
2003 5781 2041 5836 ι.
2072 5763 2142 5848 tv,
2178 5798 2234 5851 p.
2268 5763 2429 5835 488.’
2464 5763 2520 5860 in
2554 5778 2592 5833 l.
2622 5789 2718 5840 vn,
2749 5787 2803 5843 ρ.
2834 5771 2960 5827 710.
