3924 6306
225 314 382 371 “93
472 306 485 323 ⁸

1442 321 1528 375 DE
1564 318 1790 376 LIBRIS
1831 317 2283 377 STROMATUM.

3357 326 3493 382 “95

222 456 329 516 stis
366 442 569 516 timens
597 451 680 516 _ne_
713 438 968 516 castigem
991 440 1270 516 meipsnm
1317 441 1503 516 diligo.
1557 441 1808 516 timorem
1841 444 1886 501 Α
1919 439 2196 516 tritionein
2233 438 2619 516 imperfectam
2661 454 2784 510 qua:
2826 441 3306 516 attritio_dicitur.
3354 464 3494 516 quo-

222 511 473 581 eligens.
510 508 609 581 Qui
645 511 796 565 timet
829 507 1102 581 offendere
1119 507 1340 580 patrem
1368 552 1384 577 ,
1417 507 1654 580 seipsnm
1686 512 1811 565 dili—

222 579 333 651 git.
374 600 396 633 ι
429 580 649 635 Primus
672 581 854 651 itaque
883 580 1047 634 timor
1067 579 1220 645 juxta
1251 579 1550 638 Clementis
1576 593 1811 638 mentem

224 650 329 706 ille
366 661 477 711 est.
504 665 612 720 quo
637 652 760 718 quis
788 650 993 719 aliquid
1031 653 1170 707 sicut
1205 652 1376 707 feram
1413 654 1639 718 metuit,
1684 668 1813 721 pro-

223 733 361 790 pter
388 736 605 793 pinnam
635 721 890 775 nimirum
923 720 1293 793 indigentiam.
1324 724 1392 777 At
1419 725 1508 777 hic
1529 720 1693 778 timor
1720 738 1811 790 pe-

224 796 388 845 nitus
419 791 631 845 servilis
658 802 762 857 est,
786 802 955 863 atque
985 791 1135 848 illum
1167 793 1420 851 Clemens
1440 794 1566 849 odio
1596 794 1813 849 mistnm

224 876 360 917 esse.
386 863 652 917 declarat.

301 933 465 987 Alter
498 934 659 987 timor
687 940 790 994 est,
820 947 926 1001 quo
953 933 1074 1002 quis
1101 942 1317 1002 patrem
1350 949 1506 989 suum
1534 936 1815 990 offendere

222 1015 483 1079 veretur.
509 1005 614 1058 Iste
636 1013 824 1079 autent
853 1004 1016 1079 timor
1041 1018 1189 1079 mere
1223 1005 1407 1060 filialis
1436 1017 1553 1070 est.
1583 1006 1675 1079 qui
1703 1044 1720 1069 .
1755 1016 1816 1062 ut

223 1074 628 1146 ait‘Clemens.
653 1075 825 1128 amori
853 1076 1217 1146 coniungitur.

302 1144 554 1199 Tertium
586 1144 818 1213 denique
845 1144 1094 1200 timorem
1122 1157 1177 1201 et
1202 1146 1344 1200 inter
1370 1156 1663 1216 utrumque
1696 1163 1812 1200 uie.-

223 1216 415 1280 dium,
441 1216 559 1270 sive
592 1217 772 1286 potius
796 1219 1180 1272 secundarium
1220 1219 1418 1286 prioris
1444 1219 1656 1272 timoris
1684 1219 1814 1273 elle-

224 1296 383 1341 ctum
410 1303 537 1341 eum
567 1300 685 1341 esse
709 1285 961 1342 Clemens
990 1289 1118 1341 dicit
1144 1306 1157 1342 :
1194 1285 1228 1340 r
1252 1288 1371 1357 Quo
1397 1304 1583 1343 rursus
1615 1290 1813 1343 timens

225 1374 300 1430 ne
343 1357 948 1430 castigenmmeipsum
990 1358 1195 1430 diligo,
1234 1361 1487 1414 timorem
1514 1358 1737 1430 eligens.
1790 1385 1807 1411 ι

222 1426 426 1500 itaque
473 1426 564 1497 qui
627 1426 716 1482 illo
755 1433 949 1482 timore
991 1427 1245 1491 adicitur.
1281 1430 1352 1482 ita
1391 1426 1806 1500 castigationem

224 1499 434 1570 metuit
457 1541 472 1563 ,
505 1507 559 1551 ut
586 1501 770 1570 potius
796 1502 1051 1569 seipsuin,
1084 1516 1247 1568 quam
1277 1500 1450 1559 illum.
1471 1516 1498 1554 a
1531 1499 1640 1570 quo
1668 1502 1810 1554 haud

221 1569 399 1624 dubie
434 1580 657 1640 propter
689 1568 904 1640 culpam
933 1578 987 1622 et
1021 1570 1290 1625 offensam
1323 1568 1583 1640 castigari
1619 1571 1773 1625 timet
1794 1612 1809 1635 ,

220 1654 432 1712 revera
470 1638 791 1712 diligat.rDe
813 1642 915 1694 lioc
949 1652 1129 1695 autent
1160 1638 1491 1712 iliipliciseii
1514 1641 1713 1712 triplici
1740 1643 1811 1695 ti-

221 1711 407 1764 moris
444 1724 643 1780 genere
686 1711 883 1780 lcgesis
908 1713 1052 1780 quod
1087 1724 1312 1765 sanctus
1346 1710 1600 1765 Thomas
1634 1712 1810 1765 tradi—

1918 511 2062 563 niain
2092 508 2173 563 vel
2204 526 2268 563 ex
2298 510 2652 580 turpitudinis
2675 508 2884 579 peccati
2916 508 3384 580 consideratione,
3410 523 3491 576 vel

1915 595 1980 634 ex
2009 581 2267 649 gehennre
2299 590 2355 636 et
2400 597 2682 649 pinnarum
2729 593 2870 637 metu
2920 587 3281 639 communiter
3309 595 3494 645 Cotti-i-

1918 651 2772 726 pitiir,_sivoluntatempeccati
2806 655 3081 726 excludat,
3111 672 3233 709 cum
3270 672 3365 726 spe
3400 676 3494 716 ve-

1916 722 2039 800 niae,
2067 721 2307 776 declarat
2338 739 2445 800 non
2476 722 2649 778 solum
2686 739 2789 779 non
2828 724 3004 779 [arere
3020 721 3495 800 homineni'liypo-

1918 794 2110 846 critam
2136 804 2191 845 et
2224 796 2393 857 magis
2417 802 2794 854 peccatorem,
2841 810 3029 848 verum
3075 797 3243 850 etiam
3290 794 3489 855 donum

1919 863 2012 915 Dei
2041 876 2162 916 esse
2195 874 2248 915 et
2282 864 2521 932 Spiritus
2548 866 2720 918 Sancti
2764 865 3056 933 impulsum
3078 905 3093 928 ,
3154 883 3258 921 non
3309 870 3491 926 adhuc

1915 934 2132 1011 quidem
2180 934 2581 1011 inliabitautis.
2640 936 2996 1011 sed__tati_tum
3037 939 3344 1011 moventis.
3380 958 3491 1011 quo

1918 1004 2189 1077 paenitens
2232 1004 2461 1077 adjutus
2512 1007 2656 1077 viam
2703 1006 2805 1060 sibi
2829 1006 2897 1060 ad
2942 1005 3210 1077 justitiam
3241 1004 3418 1077 parat:
3460 1031 3481 1066 ι

1916 1072 2106 1129 Nonne
2154 1075 2301 1128 enim
2355 1076 2470 1128 liiec
2514 1076 2789 1142 ipsissima
2836 1072 3266 1132 est'Clcmcntis
3316 1085 3486 1138 nostri

1917 1143 2186 1219 doctrina,
2219 1147 2333 1212 qui,
2374 1157 2434 1197 nt
2460 1147 2722 1219 _vidiniits.
2751 1149 2953 1216 saepius
2985 1150 3185 1216 repetit
3213 1159 3266 1203 et
3294 1156 3490 1219 prohat

1918 1214 2165 1268 timorem
2201 1232 2323 1270 esse
2356 1216 2637 1284 sapientiae
2662 1257 2677 1279 ,
2722 1214 3022 1285 disciplina!
3053 1214 3109 1275 et
3136 1214 3330 1277 divinat":
3351 1224 3489 1277 dile-

1917 1285 2117 1339 ctionis
2148 1285 2750 1359 initiuin,_atqueillum
2773 1292 2837 1342 ad
2863 1290 3267 1359 ptenitentiam,
3303 1290 3486 1358 fidem,

1915 1370 2066 1433 spem
2094 1366 2147 1410 et
2173 1357 2638 1433 perfectissimam
2670 1357 2996 1415 charitatem
3029 1362 3171 1416 viain
3202 1365 3363 1418 nobis
3390 1357 3486 1433 pa-

1917 1426 2197 1480 tefacere?

1990 1496 2187 1568 Verum
2211 1497 2408 1567 aliquis
2431 1497 2662 1554 forsitan
2695 1500 2919 1568 objiciet
2945 1500 3283 1559 Clementem
3316 1503 3489 1560 diser-

1917 1567 2142 1641 tissime,
2167 1570 2524 1641 pronuntiare
2551 1584 2698 1641 eum,
2732 1567 2822 1639 qui
2853 1572 2933 1626 vel
2958 1572 3235 1641 supplicii,
3264 1575 3348 1628 vel
3377 1576 3483 1630 iiii-

1917 1638 2177 1692 minentis
2206 1638 2455 1713 periculi,
2486 1640 2568 1696 vel
2597 1643 2704 1695 odii
2736 1638 2880 1713 metu
2902 1681 2917 1704 ,
2949 1638 3218 1697 imo—vero
3261 1657 3486 1713 propter

1916 1711 2311 1782 consequentiae
2338 1725 2367 1762 a
2396 1710 2508 1765 Deo
2533 1711 2801 1767 mercedis
2828 1727 3006 1781 spent,
3034 1713 3102 1767 ab
3137 1710 3400 1782 iiijustiti‘a
3423 1733 3484 1771 se

220 1781 305 1835 dit
326 1780 418 1855 "A;
452 1779 576 1835 inde
608 1779 1057 1855 quippeluxmon
1093 1782 1315 1835 minima
1358 1783 1484 1837 huic
1514 1782 1811 1839 Clementis
1842 1795 1885 1852 Β
1915 1780 2172 1855 θρξιίιξει.
2234 1779 2378 1834 hunc
2426 1796 2521 1855 sua
2573 1794 2769 1851 sponte
2794 1779 2905 1855 non
2937 1782 3166 1855 bonum.
3192 1779 3276 1839 'ac
3305 1789 3486 1855 potius

220 1853 410 1905 nostri
453 1855 734 1908 sententi-.1:
759 1850 939 1905 afferri
969 1862 1167 1921 potest.

294 1921 508 1998 Utrum
545 1938 674 1979 vero
706 1922 957 1977 Clemens
991 1923 1271 1998 quodlibet
1309 1923 1439 1998 illud
1477 1924 1690 1980 timoris
1716 1941 1811 1998 ge-

219 2009 330 2048 nus
368 1996 578 2047 b0num
606 2008 727 2064 esse
763 1995 1065 2061 putaverit.
1100 1994 1143 2047 si
1177 1993 1460 2064 inquiras,
1499 1993 1805 2064 perpende.

218 2079 459 2137 quaesi},
490 2061 634 2137 quod
665 2064 771 2137 ille,
786 2064 944 2137 paulo
975 2074 1094 2132 post
1114 2080 1178 2118 ex
1207 2061 1415 2137 liermie
1433 2061 1656 2137 enim
1690 2068 1804 2121 col-

221 2134 423 2205 ligit”
451 2150 468 2190 :
509 2152 529 2187 (
568 2135 707 2191 Dicit
738 2134 1036 2188 timendum
1068 2148 1187 2189 esse
1227 2135 1511 2189 Dominum
1549 2136 1614 2189 ad
1639 2139 1807 2191 incliti-

218 2208 536 2270 cntionem,
560 2208 654 2261 sed
683 2220 790 2260 non
816 2205 1086 2258 diabolum
1119 2207 1184 2259 ad
1211 2208 1569 2261 eversionem.
1603 2206 1804 2264 Contra

219 2289 423 2332 autem
457 2291 619 2344 Opera
663 2276 878 2347 quidem
932 2276 1171 2347 Domini,
1225 2278 1326 2332 hoc
1382 2288 1464 2332 est
1504 2291 1803 2346 praicepta,

218 2364 346 2402 esse
410 2346 693 2415 diligenda
738 2355 792 2400 et
842 2346 1120 2415 facienda;
1158 2363 1323 2415 opera
1377 2357 1560 2402 autem
1595 2349 1801 2404 diaboli

217 2432 346 2473 esse
381 2414 627 2472 timenda
655 2428 709 2472 et
736 2432 842 2471 non
876 2414 1145 2470 facienda.
1172 2414 1358 2472 Timor
1383 2429 1561 2472 autem
1595 2420 1801 2475 Domini

219 2489 511 2552 erudit,et
534 2490 787 2560 castigat,
812 2494 866 2560 et
894 2487 949 2560 in
968 2486 1319 2560 dilectionem
1346 2490 1614 2545 restituit:
1642 2492 1804 2546 timor

220 2570 422 2615 autem
456 2557 701 2625 operum'
728 2557 927 2612 diaboli
964 2558 1127 2612 habet
1155 2559 1321 2613 etiam
1349 2560 1534 2614 odium
1578 2563 1803 2618 cohabi-

222 2641 380 2686 tans.
417 2651 435 2682 ι
470 2631 543 2682 Ex
574 2631 655 2683 his
678 2637 860 2684 autem
887 2636 942 2681 et
967 2628 1337 2698 superioribus
1359 2630 1598 2685 auctoris
1626 2634 1800 2687 nostri

219 2702 421 2756 verbis
442 2700 606 2771 207
648 2700 946 2771 facile,uti
990 2699 1320 2753 arbitramur
1342 2740 1358 2765 ,
1393 2702 1645 2770 intelligis
1680 2718 1804 2770 per-

222 2787 465 2828 suasum
507 2773 604 2840 ipsi
637 2770 804 2825 fuisse
831 2770 1082 2824 timorem
1126 2771 1363 2840 diaboli,
1393 2783 1487 2825 aut
1521 2771 1797 2838 ferarum,

228 2844 339 2897 boc
367 2839 673 2911 estspotnte
698 2852 753 2895 et
779 2840 1053 2908 supplicii,
1095 2839 1140 2895 si
1172 2841 1245 2895 ibi
1288 2852 1497 2895 tantum
1532 2844 1821 2907 consistat,

200 2920 344 2968 “non
375 2929 499 2967 esse
526 2914 720 2982 bonum
745 2951 759 2973 ,
790 2919 972 2978 utpote
1006 2910 1100 2980 qui
1140 2926 1244 2965 non
1271 2926 1535 2971 amorem.
1572 2911 1665 2965 sed
1700 2921 1821 2982 po-'

227 2984 346 3037 tius
393 2984 575 3037 odium
623 2981 936 3050 adjunctuin
974 2982 1193 3035 habeat.
1224 2982 1424 3035 Contra
1452 2996 1577 3037 vero
1609 2981 1710 3037 Dei
1735 2985 1802 3035 ti-

227 3068 467 3116 morem,
499 3069 606 3122 quo
633 3054 782 3105 illum
804 3053 944 3105 sicut
974 3062 1181 3119 patrem
1220 3050 1493 3107 offendere
1519 3053 1793 3115 timemus.

225 3138 360 3205 esse
391 3124 848 3214 .reverajbonum;
876 3122 1081 3214 quippe
1106 3122 1198 3192 qui
1223 3123 1547 3193 principium
1576 3124 1647 3177 sit
1671 3124 1801 3179 dile-
1825 3156 1870 3214 ο

225 3195 437 3252 etionis
468 3205 522 3250 et
548 3195 612 3248 ad
646 3208 766 3247 eam
791 3209 892 3247 nos
921 3193 1172 3248 adducat.

302 3266 495 3335 Neque
523 3274 701 3320 tamen
730 3264 781 3316 in
812 3273 961 3317 tuum
982 3305 997 3328 ,
1030 3278 1219 3335 quieso
1242 3303 1256 3327 ,
1300 3263 1525 3317 inducas
1556 3264 1795 3320 animum

224 3340 298 3394 ab
332 3333 427 3390 illo
451 3350 664 3390 omnem
693 3347 914 3402 prorSits
952 3333 1206 3388 servilem
1248 3345 1449 3388 metum
1498 3338 1794 3403 prosoribi,

226 3427 294 3464 ac
319 3418 585 3475 tanquam
609 3405 811 3459 malum
845 3406 1062 3472 penitus
1088 3405 1383 3473 repudiari.
1411 3405 1542 3457 Nam
1574 3419 1799 3473 printer-

224 3493 397 3550 quam
431 3478 575 3547 quod
617 3476 932 3550 ille_contra
965 3476 1272 3550 haereticos,
1315 3477 1389 3550 uti
1417 3477 1673 3550 diximus,
1709 3491 1798 3533 os-

226 3546 408 3605 tendit
442 3561 683 3604 veterem
713 3546 906 3615 legent.
943 3546 1303 3614 timoremque
1330 3547 1397 3601 ab
1429 3563 1496 3601 eo
1520 3546 1794 3601 incussum

225 3621 462 3674 minime
490 3633 612 3673 esse
644 3617 807 3680 mala,
842 3616 1056 3684 quando
1098 3632 1162 3669 ex
1204 3618 1304 3670 hoc
1341 3618 1533 3670 timore
1559 3619 1625 3670 ad
1661 3618 1799 3670 lilia-

223 3692 333 3745 lein
364 3699 597 3753 metunt,
630 3701 871 3741 amorem
897 3695 951 3738 et
978 3687 1298 3740 charitatem
1329 3687 1708 3752 ascendimus;
1745 3689 1797 3742 id

222 3776 362 3815 sane
396 3761 599 3815 clarius
639 3761 1015 3827 demonstrat,
1050 3756 1138 3809 tibi
1177 3757 1372 3826 quibus
1412 3757 1672 3827 gradibus
1696 3760 1798 3813 hoc

224 3832 350 3893 ﬂat,
381 3832 456 3885 ita
486 3826 800 3884 edisserit“
841 3847 853 3881 :
896 3844 914 3878 ι
946 3824 1098 3880 Licet
1138 3824 1242 3882 non
1272 3842 1393 3882 esse
1419 3824 1589 3882 iiliuin
1620 3829 1797 3883 incre-

225 3902 497 3963 dulitatis,
527 3904 621 3955 sed
659 3898 893 3953 transire
930 3913 961 3950 a
995 3898 1312 3951 tenebrisad
1343 3901 1532 3963 vitam,
1570 3910 1627 3952 et
1660 3914 1797 3954 aure

222 3972 514 4041 sapientia;
551 3968 959 4041 acconitiiodata
980 4008 996 4034 ,
1034 3983 1156 4041 esse
1184 3969 1298 4041 Dei
1338 3970 1641 4041 legitimum
1671 3970 1797 4041 ενό-

225 4036 398 4117 μιξιον
438 4036 577 4117 sive}
620 4038 778 4103 θεοῦ,
815 4040 1279 4117 ςβτνιμῃι-(μιίιξειη
1313 4036 1578 4117 primum,
1612 4038 1795 4117 δοῦλργ

225 4109 328 4185 iis};
354 4115 423 4167 τὰ
454 4111 666 4185 πρῶταε
701 4111 898 4185 deinde
932 4110 1143 4163 fidelem
1177 4109 1435 4185 famulum
1466 4151 1481 4174 ,
1508 4109 1707 4185 ⁸ἔπειτα
1735 4113 1794 4166 δὲ

222 4179 420 4250 ’ξυστὸν
465 4179 737 4250 ῌῨενέσθαι
775 4179 1119 4250 θεράποντα,
1180 4182 1456 4250 timentem
1508 4181 1791 4250 Dominum

226 4244 423 4299 Deum.
456 4244 608 4311 Quod
640 4249 684 4302 si
713 4244 1097 4317 quis'ulterius
1133 4249 1455 4310 ascenderit,
1484 4249 1717 4304 refertur
1751 4251 1806 4306 in

225 4317 808 4391 numerum_ﬁ_lior_um.
854 4316 1147 4386 Postquam
1188 4329 1371 4373 autem
1400 4320 1635 4374 charitas
1674 4336 1809 4391 ope-

225 4385 405 4460 ruerit
435 4387 836 4460 multitudinem
877 4385 1223 4457 peccatorum
1245 4431 1260 4449 .
1288 4391 1460 4445 beatae
1488 4391 1601 4460 spei
1632 4385 1808 4460 perfe-

226 4455 448 4533 ctione,
482 4457 607 4533 li_cet
634 4474 757 4533 eum
798 4455 1174 4533 tiinc‘auetum
1204 4462 1471 4533 charitate
1511 4455 1783 4533 suscipere

228 4504 465 4579 animi;
513 4504 826 4601 inuelveuctam
874 4504 1105 4601 liber-tim
1151 4504 1496 4601 adoptionem
1517 4573 1532 4597 ,
1563 4504 1806 4601 quagvDei
1824 4507 1866 4560 θ

227 4602 423 4673 vocata
471 4606 553 4650 est
596 4599 787 4673 amica.
829 4618 846 4649 ι
873 4597 1025 4655 Servi
1073 4616 1205 4673 ergo
1246 4597 1299 4657 et
1340 4602 1523 4658 famuli
1560 4597 1808 4659 timorem

228 4660 487 4744 Clemens
532 4676 662 4744 tunc
708 4669 927 4744 bonum
953 4687 1074 4744 esse
1118 4660 1463 4735 e‘itistimavit.
1493 4675 1709 4744 quando
1744 4692 1811 4727 eo

231 4732 430 4815 timore
460 4736 801 4815 pedetentim
812 4740 877 4793 ad
901 4741 993 4795 Dei
1019 4758 1261 4798 amorem
1281 4753 1335 4799 et
1362 4732 1810 4815 perfectissimam

228 4804 553 4882 charitatem
584 4809 947 4877 perducimur.

293 4878 429 4943 Quis
460 4878 639 4948 itaque
669 4897 775 4936 non
802 4882 981 4935 videat
1008 4881 1143 4936 lianc
1164 4879 1460 4938 Clementis
1489 4886 1555 4938 de
1588 4884 1786 4942 timore

217 4947 314 5003 Dei
382 4947 683 5005 doctrinam
735 4952 1017 5006 sententiis
1067 4952 1509 5009 Tridentinoruui
1562 4955 1782 5009 Patrum

215 5021 444 5091 omnino
483 5036 605 5076 esse
632 5031 1077 5083 consentaneum.
1105 5039 1167 5077 ac
1197 5031 1353 5091 plane
1380 5026 1623 5081 eamdem
1656 5044 1778 5081 cum

215 5089 322 5163 hac
353 5092 575 5145 illorum
603 5091 939 5158 deﬁnitione,
969 5108 1076 5163 qua
1103 5089 1303 5149 nostra:
1336 5099 1516 5151 anatis
1537 5099 1777 5152 haeretici

216 5158 323 5236 lioc
356 5168 705 5217 anathemate
745 5158 1221 5233 percelluiitur“?
1259 5183 1279 5216 ι
1314 5165 1370 5221 Si
1409 5170 1534 5236 quis
1580 5168 1780 5223 dixerit

215 5233 477 5295 gehennae
504 5246 739 5297 metum,
774 5247 872 5301 per
900 5248 1061 5302 quem
1115 5233 1648 5292 ad-miserieordiam
1685 5238 1778 5293 Dei

216 5306 283 5376 de
310 5304 550 5370 peccatis
578 5305 811 5357 dolendo
840 5304 1306 5375 ccuftigimus,vel
1329 5326 1359 5361 a
1391 5318 1614 5376 peccato
1645 5314 1778 5362 abs-

219 5371 476 5449 tinetnus,
528 5385 810 5449 peccatum
871 5371 1030 5449 esse;
1056 5385 1149 5429 aut
1192 5371 1505 5445 peccatores
1547 5381 1780 5449 majores

215 5438 415 5508 facere,
441 5438 725 5499 anathema
749 5448 841 5499 sit.
881 5464 899 5499 ι
958 5438 1323 5512 Quamobrem
1349 5449 1477 5503 alibi
1525 5438 1650 5503 liiec'
1689 5467 1782 5504 eo-

216 5518 458 5568 rumdem
488 5513 708 5570 Patrum
731 5516 1029 5585 synodus“
1063 5533 1077 5570 :
1110 5534 1130 5569 ι
1169 5518 1317 5573 lllaui
1345 5559 1361 5585 ,
1395 5520 1573 5589 inquit
1642 5537 1777 5576 eon-

282 5717 326 5751 ³⁹
350 5721 554 5799 2~2._q.
589 5722 683 5799 19,Δ
713 5724 896 5799 art.2.
1007 5726 1053 5759 ⁸ο
1090 5726 1226 5782 ibid.
1249 5767 1264 5790 ,
1303 5743 1357 5799 p.
1395 5728 1522 5784 584.

214 5787 260 5821 ⁸³
286 5808 421 5848 beas.
463 5787 549 5853 μ’.
578 5812 625 5847 c.
661 5796 713 5852 4.
792 5796 836 5826 ⁵³
867 5802 1070 5851 Stront.
1109 5801 1145 5852 Ι.
1182 5787 1260 5864 tr,
1375 5801 1497 5856 551.

527 5890 787 5952 person
837 5894 928 5953 Gtt
1001 5895 1115 5956 IX.

1633 5728 1675 5761 "
1719 5727 1926 5784 Strom.
1954 5731 1991 5784 l.
2029 5748 2068 5789 i.

1576 5801 1619 5831 ³³
1646 5803 1664 5855 ι
1687 5799 1844 5858 Joan.
1871 5816 1947 5869 tv,
1982 5806 2065 5858 l3.

1917 1848 2114 1921 videri.
2173 1864 2336 1921 quam
2387 1852 2564 1919 reipsa
2605 1848 2739 1907 esse
2785 1854 3015 1920 justum.
3049 1854 3189 1921 Ergo
3233 1848 3486 1912 Clemens

1912 1919 2262 1975 existimabat
2295 1923 2545 1994 supplicii
2576 1919 2799 1984 metum.
2832 1936 2888 1978 et
2915 1919 3184 1979 mercedis
3209 1941 3358 1994 Spem
3401 1927 3487 1981 l‘a-

1911 2005 2056 2050 cere.
2112 1993 2569 2059 quemadmodum
2612 1994 2852 2049 liairetici
2880 1994 3075 2058 aiunt.
3138 2011 3159 2046 α
3205 1993 3482 2053 hominem

1913 2061 2250 2134 liypoeritaiu
2303 2070 2359 2134 et
2408 2065 2582 2134 magis
2610 2074 2976 2132 peccatorem.
3016 2084 3036 2117 ι
3070 2063 3297 2120 Siccine
3351 2083 3482 2123 vero

1910 2133 2261 2187 doctissimus
2281 2132 2368 2185 ille
2398 2134 2481 2186 vir
2506 2132 2566 2187 in
2596 2149 2837 2189 errorem
2869 2149 2901 2188 a
2930 2150 2991 2189 se
3022 2137 3185 2190 toties
3212 2175 3226 2197 .
3260 2146 3318 2190 ut
3344 2139 3484 2193 vidi-

1912 2216 2054 2265 inus,
2087 2204 2474 2274 proscriptum
2523 2207 2740 2259 tandem
2796 2206 3085 2274 prolapsus
3126 2207 3260 2262 est?
3293 2207 3484 2264 Nullus

1910 2272 2102 2340 procul
2132 2272 2299 2327 dubio
2319 2288 2466 2327 sana:
2497 2277 2693 2329 mentis
2723 2272 2884 2330 boiuo
2917 2272 2969 2331 id
3004 2278 3061 2330 in
3102 2278 3347 2332 animum
3391 2280 3478 2335 fa—

1911 2342 2018 2416 cile
2039 2342 2145 2397 sibi
2181 2344 2478 2399 induxerit.
2506 2343 2692 2415 Neque
2720 2361 2849 2401 vero
2876 2346 2989 2400 haec
3022 2362 3262 2416 unquam
3292 2350 3391 2403 fuit
3419 2352 3484 2406 il-

1909 2413 2016 2487 lius
2050 2428 2210 2487 mens
2239 2423 2531 2487 etsensus.
2555 2413 2638 2471 Ab
2667 2417 2947 2486 ipsoeaim
2979 2416 3094 2473 haec
3113 2413 3347 2487 Scriptis
3371 2432 3482 2474 tra-

1907 2482 2019 2538 dita
2043 2484 2275 2559 legimus
2292 2483 2376 2559 ft:
2409 2504 2427 2539 ι
2458 2485 2569 2539 Nos
2594 2482 2775 2542 autent
2800 2501 2949 2559 eum,
2978 2489 3068 2556 qui
3097 2482 3312 2559 semper
3337 2500 3394 2546 et
3430 2495 3481 2544 in

1906 2556 2161 2626 omnibus
2183 2563 2267 2610 est
2293 2555 2492 2621 justus,
2527 2559 2670 2613 scire
2704 2557 2976 2626 cupimus,
2995 2555 3104 2626 ’qiii
3158 2555 3259 2615 nec
3283 2560 3484 2617 timens

1907 2625 2194 2694 supplicia,
2226 2640 2348 2693 quae
2374 2642 2404 2679 a
2441 2626 2555 2695 lege
2588 2625 2929 2691 statuuntur,
2964 2625 3066 2682 nec
3128 2643 3317 2684 eorum
3357 2648 3480 2686 cum

1907 2698 2104 2768 quibus
2121 2705 2391 2768 versatur,
2418 2698 2576 2765 etqui
2602 2709 2825 2768 peccata
2852 2709 3279 2768 persequuntur,
3292 2702 3477 2755 odium

1910 2765 2089 2838 vitans
2121 2768 2175 2838 in
2201 2766 2496 2832 improbos.
2526 2765 2625 2823 nec
2651 2769 2795 2837 quod
2830 2765 2896 2823 ex
2935 2765 3070 2838 ipsis
3097 2769 3397 2826 sceleribus
3423 2782 3472 2826 et

1904 2833 2126 2905 ﬂagitiis
2165 2836 2460 2911 impendet,
2503 2833 2810 2907 periculum
2859 2833 3229 2911 reformidans
3255 2881 3271 2905 ,
3302 2840 3481 2911 justus

1907 2916 2214 2980 permanet.
2240 2905 2344 2973 Qui
2369 2905 2516 2962 enim
2545 2911 2898 2980 propterhaic
2915 2909 3155 2966 abstinet
3177 2926 3207 2964 a
3231 2905 3479 2968 faciendo

1907 2977 2113 3052 aliquid
2144 2980 2310 3052 exiis
2341 2992 2463 3046 qua:
2501 2977 2876 3052 sutitiiijusta,
2913 2998 3019 3035 nou
3039 2995 3121 3036 est
3143 2997 3243 3041 sua
3260 2995 3479 3052 sponte,

1905 3049 2001 3120 sed
2034 3048 2506 3120 metujbouus...“
2537 3050 2595 3105 Si
2626 3060 2806 3106 autem
2840 3053 2908 3107 ab
2941 3052 3206 3120 iniustitia
3227 3048 3479 3111 facienda

1906 3118 2245 3191 abstinuerit
2289 3131 2516 3188 promer
2560 3136 2710 3191 spem
2763 3118 3226 3180 remunerationis
3279 3140 3310 3178 a
3369 3124 3481 3180 Deo

1901 3189 2324 3265 consequendae.
2352 3192 2422 3265 ob
2441 3205 2503 3244 ea
2527 3189 2646 3260 qua:
2674 3192 2815 3265 iuste
2853 3192 3064 3262 fecerit,
3110 3209 3211 3250 nec
3245 3197 3329 3249 sic
3359 3200 3479 3265 qui-

1902 3261 2024 3333 dein
2053 3274 2148 3313 sua
2174 3273 2369 3328 sponte
2393 3263 2567 3333 bonus
2583 3276 2686 3333 est.
2719 3260 2877 3317 Sicut
2900 3260 3057 3319 enini
3083 3265 3230 3319 illum
3258 3260 3435 3321 metus
3459 3307 3475 3327 .

1900 3330 1980 3404 sic
2010 3331 2153 3385 hunc
2179 3330 2627 3404 quoqueinerees
2648 3332 2855 3404 justum
2887 3333 3037 3397 facit,
3064 3338 3347 3404 velpotius
3371 3335 3481 3391 elli-

1900 3400 1996 3465 cit,
2051 3410 2109 3454 ut
2158 3400 2408 3456 videatur
2443 3400 2665 3470 justus;
2707 3423 2725 3456 ι
2763 3403 2910 3459 Nulli
2949 3417 3097 3461 certe
3134 3400 3355 3461 dubium
3384 3418 3479 3463 aut.

1898 3471 2191 3545 obscurum
2213 3488 2334 3528 esse
2365 3485 2544 3542 potest
2573 3474 2912 3530 Clementem
2950 3476 3020 3531 ibi
3060 3476 3209 3545 loqui
3240 3478 3305 3530 de
3324 3478 3477 3542 justo

1901 3543 2257 3617 perfectoque
2287 3545 2527 3608 homine,
2555 3560 2717 3614 quem
2741 3563 2762 3597 ι
2802 3548 3109 3614 gnosticum
3135 3543 3168 3599 ⁷»
3213 3549 3474 3617 appellat,

1898 3622 1956 3689 et
1994 3616 2086 3681 qui
2122 3614 2420 3689 perfectam
2470 3617 2651 3686 attigit
2682 3617 3003 3670 charitatem
3026 3632 3055 3689 ςΔ
3078 3618 3202 3681 vel,
3235 3614 3300 3670 ut
3344 3620 3478 3689 ipsis

1898 3680 2205 3756 Clementis
2229 3684 2400 3737 nostri
2426 3680 2607 3741 verbis
2636 3695 2878 3756 utamur,
2912 3705 2930 3736 ι
2968 3680 3061 3755 qui
3092 3680 3314 3756 semper
3332 3680 3389 3743 et
3420 3691 3473 3743 in

1898 3754 2155 3828 omnibus
2186 3753 2369 3828 justus
2421 3765 2525 3812 est.
2587 3776 2607 3808 ι
2662 3755 2761 3810 Hic
2803 3753 3025 3828 autent,
3069 3766 3128 3811 ut
3158 3753 3249 3812 ille
3272 3762 3475 3828 pergit,

1900 3823 2052 3897 nullo
2084 3825 2338 3893 supplicii
2368 3828 2720 3897 autperieuli
2760 3838 2907 3880 metu
2940 3827 3123 3896 justus
3170 3823 3474 3897 permanet;

1897 3891 1965 3946 Et
1992 3903 2140 3966 recte
2157 3891 2406 3966 quidem.
2437 3891 2571 3951 Nam
2605 3900 2661 3951 in
2699 3897 2878 3966 prima
2908 3891 3150 3965 Epistula
3171 3891 3276 3952 'sua
3307 3897 3478 3955 Joan-

1896 3964 2307 4037 nes_scripsit“
2344 3983 2357 4023 τ
2406 3984 2426 4016 σ
2452 3967 2665 4037 νΤίιιιοτ
2693 3964 2906 4023 nonest
2953 3964 3004 4021 in
3046 3969 3347 4035 cliaritate;
3378 3974 3477 4027 sed

1897 4033 2412 4109 perfecta'charitas
2440 4036 2584 4094 foras
2607 4040 2774 4093 mittit
2799 4039 3052 4095 timorem
3076 4054 3093 4103 ;
3121 4033 3382 4109 quoniam
3410 4044 3477 4096 ti-

1897 4120 2017 4183 nior
2055 4120 2273 4183 [)(Bttttitl
2317 4108 2522 4183 habet:
2551 4110 2646 4180 qui
2689 4121 2872 4163 autem
2898 4110 3074 4176 timet,
3103 4108 3210 4164 non
3238 4122 3321 4166 est
3346 4127 3474 4183 per-

1895 4176 2071 4230 fectus
2101 4194 2152 4231 in
2182 4179 2478 4239 charitate.
2523 4198 2541 4231 ι
2569 4176 2585 4180 “
3209 4190 3215 4197 ‘

1965 4249 2234 4313 Quocirca
2255 4248 2437 4315 justus
2474 4250 2561 4305 ille
2596 4251 2849 4305 timorem
2876 4266 2976 4303 cur
3004 4251 3300 4320 expulerit,
3331 4252 3473 4309 hanc

1893 4316 2148 4373 Clemens
2179 4320 2403 4388 protulit
2431 4323 2720 4376 rationem.
2755 4321 2858 4386 Qui
2892 4316 3118 4390 propter
3149 4333 3353 4377 metum
3378 4336 3473 4380 aut

1895 4390 2163 4463 mercedis
2190 4406 2344 4459 spem
2373 4391 2443 4446 ab
2484 4391 2765 4463 injustitia:
2804 4408 2863 4444 se
2897 4392 3135 4463 abstinet
3175 4395 3471 4463 operibus.

1896 4462 1942 4532 is
1963 4470 2176 4532 nonest
2206 4458 2399 4532 sponte
2436 4458 2777 4531 sua'jnstus:
2818 4462 2911 4516 sed
2943 4462 3111 4516 ellleit
3148 4458 3332 4532 potius
3365 4466 3471 4520 du-

1894 4530 2015 4605 plex
2044 4531 2133 4605 illa
2163 4530 2401 4605 affectio,
2422 4530 2680 4603 utjitstiis
2705 4533 2974 4588 videatur.
3007 4530 3253 4588 Nondum
3272 4536 3472 4605 quippe

1894 4603 1958 4653 ad
1989 4601 2287 4675 perfectam
2322 4602 2468 4657 illam
2499 4601 2826 4658 charitatem
2863 4607 3128 4672 pervenit,
3159 4620 3265 4673 qua
3288 4601 3474 4675 speet

1895 4684 2040 4726 metu
2089 4672 2279 4741 procul
2328 4676 2663 4735 amendatis.
2698 4677 2897 4727 bonum
2925 4672 3258 4739 voluntaria,
3293 4672 3359 4732 ac
3403 4677 3473 4732 li-

1896 4743 2022 4795 bera
2047 4757 2294 4812 prorsus,
2321 4755 2375 4799 et
2398 4745 2647 4814 expedita
2683 4746 2963 4798 voluntate
2983 4756 3266 4815 Operetur.

1966 4815 2103 4880 Quid
2135 4829 2286 4884 ergo,
2329 4814 3033 4886 arguetaliusquispiam,
3072 4814 3320 4883 nunquid
3347 4815 3470 4872 Cle-

1893 4900 2046 4940 mens
2076 4903 2105 4938 a
2133 4901 2153 4936 t
2186 4887 2434 4952 gnostico
2465 4906 2484 4938 ι
2515 4900 2613 4941 Seu
2644 4888 2887 4954 perfecto
2917 4886 3229 4941 Christiano
3250 4901 3468 4942 onmem

1890 4973 2039 5026 spem
2083 4958 2249 5008 etiam
2307 4974 2325 5007 i
2379 4959 2837 5012 remunerationis
2870 4975 2889 5009 ι
2927 4974 2959 5011 a
2983 4957 3128 5021 Deo,
3157 4965 3215 5010 ut
3244 4958 3362 5025 ipse
3392 4958 3470 5013 Iov

1888 5031 2095 5097 quitur,
2122 5044 2141 5076 i
2181 5028 2534 5097 accipiendae,
2563 5046 2582 5079 ι
2610 5029 2755 5083 sicut
2777 5037 2834 5081 et
2862 5036 3089 5091 metum,
3118 5026 3338 5097 penitus
3374 5031 3468 5083 de-

1887 5099 2191 5183 pellendam
2210 5100 2635 5183 essendeeernit‘t
2658 5099 2910 5179 Nunquid
2931 5113 3085 5168 ergo,
3106 5098 3324 5166 urgebit
3351 5098 3468 5183 ille,
3547 5164 3550 5183 .

1887 5170 2030 5222 haud
2068 5169 2302 5224 obscure
2329 5169 2583 5224 Clemens
2605 5170 2808 5233 docuit,
2844 5184 2994 5238 spem
3015 5208 3030 5233 ,
3075 5182 3199 5239 quae
3225 5172 3468 5225 secunda

1886 5242 2057 5293 virtus
2082 5241 2399 5310 theologica
2426 5248 2531 5302 est,
2576 5240 3027 5307 iinperl'ectorunt
3083 5240 3468 5294 tantummodo

1883 5324 2006 5364 esse
2058 5308 2538 5373 Christianorum,
2603 5311 2829 5362 minime
2884 5323 3016 5364 vero
3063 5311 3473 5379 perlectoruiu?

1886 5382 1993 5435 Sed
2022 5386 2067 5436 is
2093 5397 2198 5434 non
2230 5382 2449 5435 videtur
2477 5395 2600 5447 esse
2634 5395 2831 5434 sensus
2851 5379 3154 5435 Clementis
3174 5422 3190 5441 ,
3220 5383 3313 5449 qui
3347 5393 3469 5435 tan~

1886 5465 1999 5506 tum
2030 5456 2206 5516 abest,
2253 5460 2313 5505 ut
2365 5453 2437 5506 ibi
2464 5466 2615 5521 spem
2660 5467 2688 5503 a
2720 5451 2966 5519 perfecto
2986 5450 3305 5506 Christiano
3331 5454 3472 5519 abjio

1885 5523 2135 5579 ciendam
2183 5537 2305 5578 esse
2342 5533 2571 5585 statuat,
2631 5524 2765 5593 quin
2815 5528 2997 5591 potius
3044 5525 3116 5577 ab
3147 5537 3214 5577 eo
3248 5536 3474 5593 semper

2457 5731 2503 5768 δ’
2531 5730 2783 5787 Tit-dent.
2815 5746 2961 5806 δια,
2996 5746 3136 5786 sese.
3166 5737 3228 5807 6,
3260 5745 3393 5790 can.
3425 5727 3486 5781 8.

3086 5900 3174 5964 33

2098 5747 2152 5804 p.
2187 5732 2315 5788 355.
