3924 6306
186 395 312 449 11⁸ῗῖ

1372 389 1455 443 DE
1488 387 1708 442 LIBRIS
1750 385 2196 450 STROMATUM.

3267 403 3401 457 1108

178 517 256 579 est
291 503 620 579 philosophi,
652 505 732 579 to
758 501 898 557 κατὰ
947 500 1137 579 geoth
1179 501 1406 579 τρεπαςὸν
1453 502 1546 555 καὶ
1582 517 1716 571 μετα

1846 516 1944 558 nec
2003 507 2318 579 stationum,
2370 523 2486 576 qua!
2522 518 2575 562 et
2627 507 2753 578 ipsm
2797 510 3013 579 quidem
3052 514 3166 568 dies
3204 515 3405 573 habent

180 572 392 647 eum,
429 593 447 626 ι
492 574 543 627 id
594 574 734 644 quod
774 588 841 628 ex
893 572 1164 643 voluptate
1211 572 1349 626 verti
1397 583 1494 627 aut
1542 573 1737 625 mutari

183 655 384 782 pagiiid
420 661 596 769 autem
627 712 692 766 de
726 711 924 782 triplici
968 712 1054 767 illa
1093 711 1330 766 amicitia
1374 713 1736 776 sentiendum,

183 787 260 843 sic
286 785 378 841 ille
407 783 714 854 concludit:
751 802 770 834 ι
803 783 897 837 Est
941 797 1070 852 ergo
1109 782 1468 854 ttnaAqttidem
1502 783 1736 854 philoso-

179 857 268 928 phi
328 853 590 928 amicitia,
640 851 806 928 altera
859 868 987 928 v_er_o
1011 851 1296 928 ’hominis,
1320 851 1525 928 _tertia'_
1556 861 1734 928 autem

178 921 446 982 animalis.
472 922 674 976 Revera
704 926 844 978 enim
875 923 964 978 Dei
995 933 1076 978 est
1119 923 1293 992 imago
1320 921 1483 992 homo
1514 923 1732 977 benefa-

177 999 345 1058 ciens,
376 1009 481 1063 qua
508 994 559 1046 in
590 1008 645 1048 re
678 994 791 1062 ipse
829 993 990 1048 etiam
1026 991 1290 1048 benefit-io
1319 991 1570 1059 afIicitur,
1598 993 1738 1047 sicut

173 1070 507 1139 gubernator
527 1064 698 1139 simul
715 1074 895 1118 servat
927 1074 980 1139 et
1008 1072 1273 1139 servatur.
1299 1081 1329 1139 _i
1359 1063 1562 1128 Quibus
1585 1077 1736 1118 certe

173 1133 350 1192 {rerbis
401 1134 488 1188 ille
531 1134 797 1203 significat
845 1135 1060 1189 tertium
1110 1133 1360 1203 amicitia:
1387 1147 1556 1200 genus
1589 1148 1738 1188 mere

172 1222 290 1262 esse
317 1202 670 1265 animale,’ac
707 1205 929 1272 proinde
975 1204 1192 1258 homine
1226 1202 1454 1257 rationis
1491 1214 1737 1271 compote

174 1278 312 1330 haud
337 1290 562 1344 prorsus
584 1275 803 1340 dignum
829 1293 842 1338 ;
876 1275 1169 1330 secundum
1194 1288 1320 1344 vero
1350 1288 1474 1344 esse
1503 1274 1733 1341 bonum;

169 1349 262 1402 sed
286 1341 522 1416 primum
558 1360 681 1400 esse
710 1344 991 1416 optimum.
1033 1341 1280 1416 Secundo
1305 1343 1502 1416 etenim
1544 1345 1737 1398 amici-

171 1419 256 1472 tia:
289 1413 493 1486 genere
528 1416 690 1486 homo
721 1413 774 1486 in
800 1414 934 1468 alios
965 1413 1238 1468 beneficus
1261 1413 1479 1486 quidem
1507 1423 1610 1478 est,
1639 1417 1732 1470 sed

167 1483 378 1541 tantum
410 1485 569 1556 mea:
613 1484 879 1556 ἀμοιβήν,
917 1503 934 1536 ‹
976 1500 1070 1556 ex_
1082 1483 1542 1556 remuneratione,
1575 1503 1594 1535 ι
1629 1499 1733 1552 qua

162 1559 287 1680 quis
315 1555 506 1610 collati
541 1553 811 1610 beneficii
836 1557 984 1609 vices
1029 1553 1131 1608 sibi
1171 1553 1393 1623 rependi
1434 1563 1731 1622 exspectat.

216 1637 235 1680 t
282 1627 525 1680 primum
571 1625 823 1679 amicitiae
865 1639 1036 1680 aeuus
1077 1639 1142 1678 ex
1183 1623 1383 1676 virtute
1422 1633 1474 1677 et
1529 1623 1731 1678 ratione

216 1637 235 1681 t
282 1627 525 1696 primum
571 1625 823 1696 amicitiae
865 1639 1142 1696 genusﬁex
1179 1623 1735 1696 virtutehetiratione

163 1692 359 1759 oritur,
397 1706 565 1764 atque
590 1710 655 1749 eo
685 1695 844 1749 homo
870 1692 941 1749 ile
980 1692 1309 1762 quibuslibet
1337 1693 1458 1748 aliis
1497 1694 1733 1749 homini-

164 1768 265 1822 bus
309 1767 431 1821 sine
457 1766 561 1818 ulla
594 1765 980 1820 vicissitudinis
1013 1779 1107 1832 spe
1133 1764 1269 1818 bene
1299 1773 1556 1828 meretur,
1586 1765 1733 1819 illos-

1842 583 2053 647 quartae
2082 574 2229 647 feriae
2249 587 2309 647 et
2349 574 2535 641 serae,
2569 574 2780 646 passive
2813 574 2990 636 iamcn
3034 595 3277 647 currant,
3308 603 3402 642 ne-

1839 656 1946 726 que
1974 646 2076 698 sub
2107 646 2211 726 ulla
2245 646 2360 714 lege
2395 649 2668 726 praecepti.
2702 665 2876 726 neque
2914 651 3055 707 ultra
3093 646 3400 724 supremam

1840 714 1966 784 diei,
1994 717 2206 784 quando
2238 729 2293 770 et
2332 714 2605 772 orationes
2634 717 2746 773 fere
2777 714 2909 775 hora
2945 738 3085 778 nona
3116 714 3406 780 concludat

1840 782 1905 836 de
1937 782 2079 839 Petri
2115 787 2379 859 exemplo,
2425 788 2566 859 quod
2623 789 2775 844 Actis
2826 790 3079 848 refertur.
3122 811 3141 844 ι
3181 794 3253 848 fta
3292 795 3403 859 ille.

1840 861 1960 928 post
1989 857 2242 928 suamgad
2284 855 2637 928 Montanistas
2665 859 3046 928 defectionem,
3074 855 3404 921 orlhodoxos

1841 923 2120 991 loquentes
2155 925 2380 998 inducit.
2425 927 2493 980 At
2541 943 2636 983 eos
2675 931 2741 982 ab
2777 931 2878 985 hoc
2910 923 3147 998 homine,
3189 935 3404 990 haereti-

1838 1008 2025 1047 corum
2078 995 2322 1066 partibus
2366 997 2478 1065 jam
2522 1000 2855 1066 pertinacius
2904 995 3142 1064 addicto,
3171 1005 3310 1058 male
3349 1017 3402 1061 et

1838 1078 2116 1144 perperam
2145 1065 2420 1144 redargui
2459 1065 2612 1123 testis
2659 1085 2802 1144 s_ane_
2840 1072 3289 1144 locupletissimus
3319 1078 3402 1130 ci-

1840 1137 1948 1208 tari
1982 1143 2159 1208 potest
2195 1137 2548 1208 Augustinus,
2599 1141 2689 1208 qui
2737 1140 2802 1194 ad
2835 1137 3158 1197 Casulaunm
3199 1144 3310 1199 haec
3349 1145 3401 1201 in

1841 1203 2000 1257 verba
2045 1206 2422 1283 seripsit‘iai
2460 1207 2513 1262 Si
2552 1203 2728 1263 autem
2762 1213 3013 1280 quoniam
3066 1215 3188 1269 huic
3232 1231 3403 1283 quan-

1835 1284 1946 1353 tum
2004 1276 2181 1345 potui,
2225 1277 2556 1353 sufﬁcienter
2615 1295 2700 1334 me
2757 1276 3099 1353 respondisse
3143 1276 3293 1353 puto.
3335 1289 3404 1342 de

1835 1343 2021 1399 hae.re
2047 1349 2373 1424 sententiam
2405 1364 2578 1424 meam
2608 1351 2804 1419 qnmris
2826 1343 2967 1424 {ego
2988 1353 3040 1406 in
3070 1343 3404 1424 evangelicis

1836 1424 1890 1466 et
1920 1416 2232 1496 apostolicis
2280 1418 2513 1482 litteris,
2567 1416 2786 1496 toi_oqne
2835 1416 3239 1496 instrumento:
3261 1429 3402 1496 quod

1835 1485 2138 1566 appellatur
2167 1486 2571 1543 Testamentum
2626 1485 2854 1566 Novum,
2884 1494 3083 1566 animo
3126 1495 3176 1566 id
3224 1485 3400 1552 re'vol-

1833 1557 2168 1629 vens,__video
2203 1569 2530 1626 praeceptum
2571 1574 2692 1615 esse
2731 1560 3015 1629 jejunium.
3051 1563 3256 1629 Quibus
3303 1583 3403 1620 an-

1836 1634 1943 1706 tem
1975 1625 2164 1680 diebus
2190 1641 2312 1706 non_
2333 1625 2882 1706 oporteatjejunare,
2914 1642 2968 1688 et
3009 1625 3208 1706 quibus
3236 1652 3400 1706 opor-

1835 1704 1944 1770 t_ea_t
1976 1704 2261 1770 praecepto
2280 1699 2488 1770 Domini
2521 1701 2604 1754 vel
2637 1699 3154 1770 apostolorumfnon
3186 1699 3400 1761 invenio

1835 1765 2336 1847 defininim:5_Sed
2378 1765 2684 1847 responderi
2721 1771 2861 1847 forte
2903 1784 3085 1847 posset
3117 1775 3396 1847 ibiAugn-

161 1854 264 1916 que
309 1834 816 1916 beneficiisaﬂlcit.
859 1833 1214 1916 209_Hunc
1263 1842 1442 1886 autem
1482 1835 1734 1916 Clemens
1764 1840 1806 1896 Β
1835 1838 2037 1916 stinum
2067 1835 2291 1916 alicujus
2319 1833 2684 1916 tantinnmodo
2711 1833 3033 1916 de_creti,_in
3056 1845 3226 1899 sacris
3263 1833 3395 1900 Novi

159 1904 290 1962 dicit
319 1922 446 1961 esse
489 1907 577 1960 Dei
614 1906 922 1973 imaginem,
953 1905 1045 1974 qui
1091 1919 1156 1958 eo
1192 1905 1440 1974 ipsoque
1478 1904 1614 1959 alios
1645 1906 1736 1960 be-

163 1978 374 2031 neficiis
415 1986 593 2039 ornat,
625 1972 814 2029 iisdem
857 1972 984 2044 ipse
1015 1974 1127 2028 suis
1165 1972 1442 2029 beneficiis
1481 1985 1730 2028 ornatur.

159 2046 294 2113 Quid
325 2061 512 2116 porro,
541 2045 683 2115 quod
715 2045 838 2098 alibi
874 2047 1031 2100 docet
1075 2052 1198 2116 tam;
1223 2058 1318 2098 eos
1357 2057 1479 2116 esse
1523 2046 1735 2100 miseri-

157 2114 375 2182 cordes,
411 2119 504 2187 qui
538 2114 805 2186 quatenus
840 2124 1092 2187 possunt,
1132 2114 1361 2187 aliorum
1409 2115 1734 2170 miserentur

157 2183 447 2258 opemque
474 2183 786 2258 eis—ferunt,
828 2183 987 2258 quam
1041 2184 1158 2239 illos
1186 2183 1302 2258 qui,
1330 2199 1454 2237 eum
1502 2200 1605 2258 non
1638 2200 1734 2238 va-

155 2254 410 2323 le.int,'id
435 2267 692 2326 quantum
730 2257 782 2310 in
826 2254 957 2326 ipsis
987 2265 1144 2310 estet
1167 2254 1409 2326 cupiunt,
1439 2264 1500 2326 e_t_
1515 2257 1731 2310 sincero

155 2330 220 2380 ad
264 2329 399 2383 illud
454 2324 760 2382 faciendum
803 2324 985 2380 animo
1033 2335 1162 2380 sunt
1207 2325 1418 2394 parati?
1459 2324 1732 2394 Utrosque

154 2409 337 2452 autem
371 2413 473 2468 pro
500 2397 986 2468 voluntatismodo
1015 2395 1277 2451 honorem
1317 2396 1730 2468 mercedemque

153 2467 487 2539 accepturos
520 2479 671 2523 certo
695 2467 1001 2537 pollicetur.

671 2557 1064 2614 ARTICULUS
1095 2557 1204 2612 Vll.

153 2654 228 2709 De
272 2653 598 2725 quibusdam
634 2651 1050 2707 Christianorum
1098 2651 1330 2705 moribus
1364 2661 1413 2704 et
1453 2652 1724 2707 institutis.

221 2745 366 2800 l-luic
387 2746 456 2800 de
486 2745 916 2799 Christianorum
953 2743 1244 2797 virtutibus
1285 2743 1635 2809 disputationi
1663 2759 1725 2798 ea

147 2819 571 2878 snbnectamus,
588 2830 706 2883 quae
727 2815 795 2867 de
818 2815 1053 2882 ipsorum
1080 2815 1320 2883 moribus
1339 2811 1591 2867 Clemens
1614 2816 1728 2869 suis

147 2888 494 2941 Stromatum
541 2882 691 2938 libris
737 2884 1055 2953 identidem
1081 2882 1306 2953 inseruit
1335 2883 1401 2953 ".
1431 2883 1503 2936 De
1529 2902 1548 2934 ι
1589 2899 1726 2953 gno-

145 2958 289 3011 stiro
326 2973 346 3006 ι
388 2964 564 3008 autem
599 2954 687 3007 ubi
737 2953 824 3007 ille
870 2951 1109 3022 disserit,
1159 2952 1231 3022 ibi
1273 2952 1461 3008 scribit
1503 2953 1568 3007 ab
1596 2951 1724 3022 ipso

145 3025 386 3094 intelligi
420 3033 637 3094 quarta:
668 3034 722 3079 et
760 3032 926 3079 sexta:
969 3021 1148 3094 feriae,
1181 3021 1542 3094 sivedierum
1574 3021 1724 3094 Mer-

143 3097 287 3150 curii
327 3090 386 3148 ét
417 3090 643 3149 Veneris
667 3092 1154 3164 :enigmataahaud
1196 3090 1356 3164 dubie
1397 3094 1524 3162 quia
1561 3093 1720 3149 Chri-

142 3168 314 3242 stiani
352 3181 549 3242 omnes
586 3161 1266 3242 his_diebus_jejunabant.
1301 3162 1375 3242 Et_
1417 3161 1544 3217 vero
1594 3165 1719 3242 Epi-
1746 3184 1789 3242 ο

144 3236 390 3315 phauius
423 3235 552 3290 illud
596 3235 874 3315 utriusque
902 3229 1301 3315 dieijejunium
1328 3233 1394 3286 ab
1419 3229 1715 3315 apostolica

141 3304 462 3373 sanctione,
507 3315 567 3360 ut
615 3306 806 3360 saltem
862 3303 1154 3358 traditione
1205 3303 1282 3356 sic
1340 3305 1584 3370 repetivit
1617 3305 1711 3360 ‘9:

146 3391 170 3427 ι
213 3377 353 3443 Quis
379 3387 487 3443 est,
522 3377 729 3446 uspiam
775 3384 1065 3440 terrarum,
1099 3374 1187 3442 qui
1237 3389 1342 3446 non
1379 3375 1431 3426 in
1477 3388 1545 3446 eo
1589 3391 1718 3430 con-

141 3447 378 3504 sentiat.
403 3443 650 3514 quartam
703 3455 982 3500 sextamve
1029 3445 1220 3501 feriam
1266 3443 1491 3499 solemni
1535 3445 1586 3499 in
1617 3446 1714 3501 Ec-

141 3516 316 3571 clesia
353 3517 566 3583 jejunio
611 3516 1020 3570 consecratam?
1053 3515 1208 3582 Quod
1245 3515 1290 3568 si
1337 3529 1404 3569 ex
1441 3516 1713 3584 apostolo-

142 3603 266 3640 rum
311 3588 704 3642 constitutione
744 3585 1030 3653 repetenda
1076 3585 1230 3640 nobis
1275 3589 1570 3640 auctoritas
1609 3597 1711 3652 est,

138 3673 240 3712 cur
288 3656 402 3712 illis
452 3667 657 3727 quartae
692 3666 924 3727 sextaaye
965 3654 1116 3711 feriae
1149 3653 1413 3727 jejunium
1456 3668 1712 3727 perpetua

139 3727 262 3798 lege
287 3723 561 3792 sancitur,
591 3736 812 3794 excepta
853 3725 1324 3798 Pentecoste...._...
1359 3723 1512 3798 Quod
1552 3723 1601 3798 si
1647 3729 1714 3782 de

138 3795 344 3866 quiarta
375 3810 602 3852 sextave
622 3799 754 3851 feria
784 3795 982 3849 nullam
1007 3796 1228 3851 omnino
1251 3795 1302 3866 in
1328 3796 1713 3866 constitutione

135 3864 237 3922 sua
278 3870 616 3922 mentionem
659 3867 886 3937 apostoli
939 3866 1215 3929 fecissent,
1249 3864 1370 3937 aliis
1411 3873 1588 3920 tamen
1622 3881 1713 3920 ar-

135 3940 430 4005 gumentis
466 3940 657 3994 licebat
690 3934 788 3990 uti.
839 3937 1154 4005 Quanquam
1202 3949 1264 3989 ea
1313 3934 1379 3989 de
1418 3951 1476 3990 re
1522 3945 1604 3990 est
1643 3938 1710 3989 ab

135 4008 247 4064 illis
291 4011 711 4064 accuratissime
758 4010 1041 4076 scriptum,
1081 4005 1241 4075 idque
1286 4005 1456 4072 ipsum
1498 4007 1567 4076 ab
1611 4005 1710 4060 Ec-

131 4080 308 4134 clesia
338 4092 674 4147 susceptum,
705 4075 976 4132 communi
1020 4086 1104 4130 est
1139 4075 1492 4130 consensione
1529 4075 1712 4130 firma-

135 4157 299 4212 tum,
356 4161 651 4218 antequam
700 4150 892 4203 Acrius
947 4147 1085 4202 ullus
1138 4162 1259 4201 cum
1315 4147 1566 4201 Aerianis
1613 4160 1713 4200 ex-

129 4220 391 4274 sisteret.
431 4239 451 4272 ι

209 4293 411 4358 Itaque
449 4291 549 4346 hoc
582 4289 844 4360 jejunium
886 4287 1114 4360 quadam
1167 4286 1282 4357 lege
1321 4287 1706 4360 ab-apostolis,

132 4361 187 4414 in
217 4357 424 4414 eorum
453 4357 676 4416 forsitan
704 4357 1191 4415 Constitutionibus
1222 4361 1326 4412 lata
1348 4357 1414 4421 ",
1448 4359 1707 4413 indictum

126 4432 310 4484 fuisse
356 4428 690 4500 Epiphanius
733 4434 996 4500 perhibet.
1022 4428 1222 4500 verum
1261 4431 1390 4500 quia
1436 4443 1540 4481 non
1591 4444 1708 4483 Olll-

127 4504 269 4555 nino
299 4499 615 4555 certaerat
655 4499 843 4555 harum
895 4499 1310 4570 apostolicarnm
1355 4499 1710 4553 Constitutio-

123 4587 266 4624 num
299 4573 628 4640 auctoritas,
648 4587 711 4625 ne
735 4572 858 4640 quid
884 4581 1070 4626 contra
1090 4569 1308 4622 Aeriani
1333 4570 1706 4636 mussitarent,

114 4655 253 4696 eam
313 4638 654 4709 Epiphanius
696 4638 814 4709 plus
854 4657 1033 4712 quam
1086 4655 1182 4710 par
1249 4651 1367 4694 erat
1418 4640 1707 4712 urgendam

113 4723 251 4763 esse
279 4712 485 4777 procul
521 4711 684 4764 dubio
715 4729 818 4766 non
856 4709 1102 4768 censuit.’
1126 4711 1485 4776 Quamobrem
1515 4709 1706 4766 Aeria-

112 4794 328 4835 norum
368 4779 446 4834 de
493 4780 715 4850 jejuniis
760 4797 1000 4836 errorem
1049 4781 1250 4836 invicto
1303 4780 1501 4834 refellit
1546 4795 1707 4850 argu-

113 4859 344 4922 mento,
409 4853 821 4922 exreorumdem
863 4851 1220 4922 apostolorum
1273 4859 1396 4922 tam,
1432 4850 1702 4906 constanti

116 4921 442 4976 traditione
465 4921 750 4990 desutnpto
774 4961 790 4986 ,
832 4921 1118 4985 nt’nullus,
1163 4936 1230 4976 ne
1274 4921 1487 4988 quidem
1523 4923 1699 4975 haere-

117 4995 269 5049 ticus
305 4993 500 5057 homo,
530 5007 650 5045 eam
684 5007 933 5061 respuere
959 4993 1150 5046 merito
1179 5006 1415 5060 unquam
1445 4991 1696 5061 patuerit.

191 5062 584 5118 Tertullianus
641 5073 819 5116 autem
875 5071 1126 5117 testatum
1181 5063 1393 5129 quidem
1453 5062 1702 5116 similiter

116 5135 261 5190 facit
299 5134 351 5165 ⁸⁸
390 5138 489 5187 hoc
516 5135 660 5188 idem
684 5131 946 5200 jejunium
973 5133 1039 5183 ab
1068 5132 1322 5200 apostolis
1348 5130 1697 5200 profluxisse;

113 5209 219 5262 sed
259 5205 414 5259 haud
452 5205 681 5259 obscure
717 5206 950 5258 insinuat
974 5202 1266 5256 catholicus
1297 5205 1541 5256 homines
1585 5205 1699 5257 exi-

112 5290 393 5335 stimasse
421 5289 480 5330 se
529 5274 670 5328 nulla
700 5292 719 5324 ι
751 5273 1001 5342 praecepti
1039 5271 1152 5342 lege
1179 5288 1198 5320 ι
1227 5273 1293 5342 ad
1320 5271 1447 5325 illud
1477 5286 1700 5326 servan-

114 5352 254 5402 dum
296 5345 476 5399 teneri
505 5362 521 5399 :
558 5361 577 5394 ι
614 5344 706 5399 Sic
728 5341 785 5398 et
811 5342 1102 5411 apostolos,
1135 5341 1329 5411 inquit,
1357 5343 1697 5408 observasse,

112 5420 343 5472 milluni
398 5416 541 5470 aliud
595 5417 931 5484 imponentes
973 5413 1169 5484 jugum‘
1202 5421 1494 5473 certorum,
1536 5421 1594 5484 et
1644 5413 1698 5484 in

111 5498 429 5544 commune
452 5479 702 5540 omnibus
718 5485 1084 5539 obeundoruni
1099 5479 1447 5552 jejuniorum,
1473 5482 1700 5548 proinde

187 5652 235 5684 ³⁷
268 5649 485 5703 Strom.
521 5647 558 5701 l.
589 5663 682 5714 vn,
723 5662 775 5716 p.
817 5645 942 5699 7H.

1022 5644 1067 5676 ⁸⁸
1099 5654 1274 5699 contr.
1321 5642 1566 5707 Aeriam,
1603 5645 1796 5699 haeres.
1832 5641 1985 5714 75,5

1839 1905 2175 1979 Testamenti
2204 1905 2520 1979 'Scripturis
2572 1913 2893 1979 praescripti,
2926 1905 3128 1969 fecisse
3168 1918 3397 1971 mentio-

1836 1977 2258 2054 nem,__mini_me
2303 1977 2427 2054 vero
2477 1979 2542 2034 de
2575 1977 2688 2034 alio
2729 1977 2978 2054 quopiam
3021 1983 3089 2038 ab
3138 1989 3397 2054 apostolis

1836 2056 1955 2123 post
1982 2047 2183 2123 Christi
2224 2049 2276 2123 in
2322 2049 2490 2103 cmlos
2536 2047 2903 2106 ascensionem
2939 2047 3191 2123 deinceps
3230 2059 3399 2112 stabi-

1834 2117 1952 2194 lito.
1995 2119 2063 2194 At
2099 2118 2276 2187 urgeri
2303 2134 2532 2194 quoque
2583 2131 2781 2189 potest,
2827 2123 2871 2175 si
2918 2117 3186 2194 quoddam
3226 2128 3294 2180 ab
3333 2130 3398 2194 iis

1832 2188 2167 2266 Augustinus
2207 2190 2370 2266 verbo
2411 2188 2470 2266 et
2513 2206 2762 2266 sermone
2807 2188 3000 2266 datum
3034 2191 3404 2266 cognovisset;

1833 2257 1960 2335 illud
2003 2259 2068 2312 ab
2109 2274 2242 2335 ipso
2268 2259 2539 2328 debuisse,
2579 2263 2652 2316 uti
2702 2277 2788 2318 res
2826 2257 3158 2335 postulabai,
3194 2269 3248 2323 in
3283 2257 3399 2324 me?

1833 2329 1978 2382 dium
2012 2329 2264 2399 proferri.

1906 2419 2189 2490 Utcunque
2215 2436 2371 2490 porro
2415 2436 2526 2476 rem
2571 2437 2632 2478 se
2673 2424 2930 2480 habuisse
2965 2427 3182 2493 dixeris,
3219 2432 3397 2487 nullus

1832 2491 1992 2562 plane
2021 2493 2294 2563 dubitandi
2325 2493 2473 2546 locus
2493 2505 2576 2547 est
2601 2496 2890 2563 prmdiclos
2921 2491 3251 2562 jeiuniorum
3277 2503 3392 2556 (iiea‘

1831 2561 1896 2616 ab
1938 2561 2187 2616 omnibus
2215 2562 2566 2626 Christianis,
2600 2561 2643 2619 si
2686 2561 2966 2621 haereticos
2999 2571 3258 2632 quosdam
3301 2588 3395 2626 ex-

1830 2633 2018 2708 cipias,
2042 2632 2209 2686 fuisse
2241 2633 3011 2708 religiosissimeobservatos.
3038 2637 3170 2708 Nam
3201 2653 3396 2708 pra-ter

1829 2702 2075 2779 laudatos
2095 2716 2128 2779 _a
2165 2702 2626 2779 nobis__aucto_res,
2658 2705 2710 2758 id
2749 2715 2907 2779 certe
2946 2709 3013 2779 ab
3050 2702 3286 2779 Origene
3312 2713 3396 2766 lu-

1827 2772 2474 2851 culentissjmetraditnm
2510 2772 2736 2851 legimus
2764 2793 2778 2851 _:
2810 2792 2830 2851 ε
2867 2772 3176 2851 Habemus:
3195 2781 3395 2851 inquie-

1827 2843 1923 2914 bat
1950 2842 2039 2896 ille
2060 2843 2126 2906 “,
2153 2842 2584 2911 quadragesimae
2611 2844 2724 2899 dies
2761 2845 2982 2914 jejuniis
3021 2842 3389 2910 consecratos.

1828 2911 2100 2990 Habemus
2146 2923 2393 2990 quartam
2435 2921 2490 2966 et
2534 2911 3155 2984 sextam—hebdomadas,
3200 2922 3393 2990 quibus

1826 2981 2142 3037 solenmiter
2174 2981 2504 3051 jejunamus.
2548 3002 2568 3035 ι

1892 3079 2209 3154 Conantem
2233 3077 2444 3154 duobus
2481 3077 2817 3154 illis_diebus_
2845 3078 3135 3154 Christiani
3179 3083 3390 3154 jejuna-

1824 3158 1964 3212 rent,
2003 3149 2143 3222 hanc
2158 3149 2497 3222 Epiphanius
2529 3148 2685 3203 affert
2717 3151 2984 3204 rationem
3010 3153 3056 3183 ⁸³
3087 3173 3100 3208 :
3133 3172 3151 3206 ι
3180 3148 3386 3222 Quarta

1824 3228 2045 3274 sextave
2075 3217 2206 3272 feria
2231 3217 2494 3284 jejunium
2534 3221 2600 3273 ad
2658 3222 2846 3275 horam
2876 3237 3046 3290 usque
3081 3217 3279 3280 nonim
3308 3227 3390 3281 in-

1825 3291 2051 3362 dictum,
2083 3300 2364 3362 propterea
2390 3290 2534 3358 quod
2563 3299 2757 3359 quarta
2793 3290 2927 3345 feria
2960 3296 3386 3362 comprehensus

1823 3371 1908 3415 est
1953 3360 2232 3424 Dominus,
2270 3370 2324 3413 et
2370 3371 2522 3414 sexta
2581 3363 2628 3413 in
2693 3376 2906 3415 crucem
2957 3360 3217 3420 sublatus.
3265 3366 3388 3421 Ideo

1822 3445 1919 3503 per
1951 3430 2068 3503 illos
2091 3431 2210 3485 dies
2231 3429 2583 3503 jejnnaudutn
2610 3445 2732 3485 esse
2758 3432 3113 3503 decreverunt
3135 3436 3386 3503 apostoli,

1823 3509 1880 3554 ut
1905 3500 2188 3567 impleatur
2221 3500 2364 3568 quod
2405 3501 2666 3568 scriptum
2706 3511 2789 3555 est
2821 3518 2834 3554 :
2869 3500 2999 3554 Cum
3047 3500 3283 3559 sublatus
3323 3508 3388 3562 ab

1820 3571 2083 3645 eisfuerit
2102 3570 2844 3645 sppmus._tuncjejitnabunf
2863 3571 2953 3645 °"_.
2995 3592 3013 3624 ι
3042 3575 3118 3627 Ad
3137 3575 3386 3645 Aidipsmn

1823 3641 1980 3712 redit,
2041 3641 2181 3708 quod
2241 3640 2401 3708 paulo
2453 3641 2611 3694 aliter
2661 3651 2880 3712 enarrat
2919 3640 3255 3712 Augustin";
3297 3644 3382 3699 ab:

1826 3728 1844 3761 ι
1882 3709 1992 3764 Cur
2025 3718 2220 3780 quarta
2248 3719 2302 3763 et
2325 3724 2476 3764 sexta
2509 3712 2743 3764 iiiaxime
2763 3709 2968 3778 jejunet
2997 3709 3261 3778 Ecclesia,
3295 3715 3383 3769 illa

1821 3782 1957 3854 ratio
2007 3780 2156 3835 reddi
2199 3780 2431 3854 videtur,
2482 3783 2624 3850 quod
2679 3782 3020 3854 considerato
3071 3783 3384 3854 Evangelio,

1819 3852 1935 3920 ipsa
1974 3859 2168 3921 quarta
2203 3849 2440 3921 sabbati,
2475 3849 2637 3920 quam
2686 3851 2845 3920 vulgo
2883 3861 3130 3920 quartam
3188 3849 3382 3909 fériam

1819 3920 2034 3985 vocant,
2065 3920 2349 3990 consilium
2389 3922 2733 3990 reperiuntur
2777 3925 2846 3979 ad
2889 3922 3242 3978 occidendum
3278 3924 3385 3979 Do-

1817 3992 2019 4045 minum
2068 3989 2263 4044 fecisse
2298 3989 2490 4046 Judaei.
2530 3991 2843 4048 Intermissa
2887 4004 3067 4047 autem
3106 3995 3382 4052 die........

1817 4062 2022 4134 deinde
2046 4061 2291 4134 traditus;
2319 4070 2403 4116 est
2441 4078 2502 4115 ea
2541 4074 2717 4134 nocte,
2752 4077 2872 4132 qua:
2910 4062 3022 4129 jam
3063 4062 3130 4117 ad
3170 4076 3380 4120 sextam

1816 4131 2048 4202 sabbati,
2094 4131 2187 4201 qui
2243 4131 2357 4202 dies
2416 4133 2682 4201 passionis
2733 4131 2852 4202 ejus
2901 4134 3220 4189 manifestus
3273 4147 3378 4197 est,

1818 4199 2262 4268 pertinebat......
2303 4199 2430 4254 Hoc
2458 4216 2587 4272 ergo
2615 4203 2701 4272 die
2728 4199 3057 4268 intermisso,
3084 4219 3271 4272 passus
3297 4218 3384 4260 est

1816 4272 2096 4333 Dominus,
2122 4273 2264 4344 quod
2306 4272 2480 4326 ItlliillS
2511 4271 2734 4344 ambigit
2762 4281 2916 4344 sexta
2947 4271 3172 4327 Sabbati
3194 4292 3208 4329 :
3234 4290 3377 4344 qua-

1814 4351 2036 4411 propter
2067 4350 2122 4395 et
2148 4341 2262 4410 ipsa
2293 4351 2444 4395 sexta
2476 4351 2620 4396 recte
2652 4341 2854 4410 jejunio
2886 4340 3198 4412 deputatur.
3231 4340 3252 4397 ό

1885 4432 2048 4503 Addit
2083 4446 2263 4503 porro
2302 4432 2631 4501 Augustinus
2675 4431 2975 4503 Romanam
3017 4441 3071 4486 et
3110 4433 3376 4503 quasdam

1814 4500 2145 4567 Occidentis,
2196 4500 2422 4555 minime
2453 4517 2586 4556 vero
2629 4502 2888 4565 Orientis,
2925 4500 3194 4556 Eeclcsias
3235 4503 3377 4558 idem

1815 4572 2020 4628 sabbati
2047 4585 2296 4627 servasse
2323 4572 2610 4641 jejunium.
2635 4576 2705 4625 At
2737 4587 2982 4627 summus
3012 4572 3253 4641 pontifex
3287 4571 3376 4625 ln-

1813 4643 2100 4697 nocentius
2126 4644 2334 4711 primus
2367 4643 2434 4704 ⁶⁸,
2469 4656 2572 4696 non
2603 4657 2761 4697 secus
2792 4657 2856 4697 ac
2901 4641 3141 4697 Isidorus
3182 4643 3372 4709 Hispa-

1811 4713 1977 4767 lensis
2007 4711 2429 4783 “jejunii'feria
2463 4721 2616 4766 sexta
2668 4722 2723 4766 et
2769 4713 2997 4768 sabbato
3044 4711 3374 4766 observandi

1810 4786 2089 4837 mentione
2117 4783 2279 4845 facta,
2311 4783 2514 4836 nullum
2543 4793 2747 4850 quartae
2782 4783 2950 4848 ferim,
2984 4797 3050 4836 ne
3087 4783 3372 4850 minimum

1809 4853 2047 4921 quidem,
2074 4852 2296 4908 verbum
2313 4853 2542 4908 faciunt.
2562 4849 2808 4921 Denique
2836 4851 3090 4908 Nicolaus
3110 4849 3373 4920 primus"

1809 4924 1876 4976 ad
1905 4922 2545 4993 consultagBulgarorum
2601 4923 2890 4992 respondet
2932 4933 3084 4977 sexta
3133 4922 3376 4993 qualibet

1809 5007 1905 5062 per
1930 5009 2128 5046 annum
2156 4991 2314 5055 feria,
2341 4993 2582 5061 exceptis
2623 4991 2799 5062 tamen
2837 4993 3160 5061 quibusdam
3197 4991 3371 5056 festis,

1802 5061 2190 5132 jejunandum;
2219 5074 2414 5131 quarta
2443 5073 2624 5116 autem
2665 5061 2800 5132 feria
2845 5063 3109 5131 cujusque
3148 5062 3374 5132 arbitrio

1810 5129 1866 5187 id
1893 5133 2174 5203 permittit.
2210 5129 2284 5186 Ex
2312 5134 2509 5202 quibus
2555 5132 2715 5203 haud
2736 5129 2968 5203 absurde
2997 5129 3374 5203 csolligigforsif

1809 5201 1908 5256 tau
1930 5213 2130 5272 potest,
2159 5201 2356 5256 nullam
2397 5205 2466 5256 ab
2493 5201 2751 5272 apostolis
2791 5204 2857 5256 de
2877 5202 2976 5272 his
3009 5201 3254 5272 jejuniis,
3291 5201 3370 5272 uti

1809 5270 1968 5342 paulo
2013 5282 2141 5328 ante
2189 5270 2540 5336 dicebamus,
2571 5271 2827 5339 scriptam
2868 5270 3033 5326 fuisse
3074 5274 3264 5342 legem.
3298 5270 3373 5324 De

1805 5339 1994 5397 iisdem
2023 5359 2186 5410 porro
2212 5343 2545 5411 jejuniorum
2590 5342 2800 5404 diebus,
2838 5342 2883 5411 si
2917 5352 3072 5396 vacat
3105 5339 3160 5395 et
3196 5339 3370 5411 lubet.

1805 5414 1969 5468 adisis
2011 5409 2287 5468 Petaviuui
2329 5415 2381 5466 in
2425 5415 2646 5468 citatum
2690 5425 2719 5462 a
2767 5409 2922 5465 nobis
2964 5413 3211 5464 ultimum
3245 5410 3372 5476 Epi-

1803 5485 1988 5554 phanii
2016 5485 2215 5549 locum,
2247 5497 2452 5538 necnon
2485 5492 2540 5536 et
2565 5481 2892 5536 Coteleriuin
2941 5481 2995 5535 in
3030 5478 3370 5535 Constitutio-

2015 5641 2070 5706 6,
2097 5656 2150 5710 p.
2183 5639 2310 5695 9l0.
2364 5709 2369 5710 ί
2397 5636 2445 5710 f’
2479 5636 2636 5710 libi.‘v
2665 5635 2898 5710 Constit.
2930 5632 3261 5710 apostol._._c.
3307 5631 3377 5688 i5

110 5733 168 5778 et
191 5701 299 5783 eo,
326 5734 399 5770 ac
432 5701 583 5774 ιζνιι.
618 5701 790 5772 esss.
865 5717 910 5746 °°
940 5715 1032 5770 lib.
1068 5715 1140 5768 De
1154 5714 1380 5783 jejunio,
1411 5729 1459 5767 c.
1478 5701 1564 5768 2.’
1608 5715 1649 5746 οι
1686 5718 1844 5784 epist.
1870 5701 1939 5767 56
1957 5701 2032 5784 3a
2056 5701 2315 5784 CasuI,,§
2350 5708 2527 5784 25,_p.
2549 5706 2640 5784 γε,
2668 5707 2881 5784 gigas,
2918 5701 3112 5784 μξηδι;Λ
3154 5701 3375 5784 “hom.

866 5802 912 5840 ε.
966 5787 1085 5858 aa,
1120 5786 1150 5858 ς
1189 5785 1284 5858 aa,
1308 5786 1524 5858 patet.

111 5795 185 5848 ίυ
232 5796 290 5846 in
338 5788 515 5842 Levii.
569 5855 573 5856 ί
647 5789 696 5823 ⁵³
718 5791 864 5856 Εκρο

111 5867 159 5895 ⁸³
177 5863 354 5929 epist.
389 5857 424 5909 ‘2
455 5861 516 5910 ιι]
561 5855 630 5910 Ut:
661 5855 829 5921 οωιξ,
858 5874 908 5911 c.
932 5858 986 5913 4.

1635 5785 1699 5815 ⁸³⁸
1722 5783 1854 5840 Luc.
1883 5798 1935 5848 v,
1968 5783 2056 5837 35.

1067 5853 1236 5911 “vlnb.
1272 5855 1344 5911 De
1371 5857 1536 5910 divin.
1570 5854 1755 5912 oﬂiciis
1787 5895 1804 5923 ,
1833 5871 1883 5909 c.
1908 5853 1996 5908 42.

2164 5783 2208 5813 ⁸⁸
2231 5768 2396 5850 epist.
2431 5768 2511 5834 3'6
2552 5768 2634 5850 adi
2661 5768 2943 5841 Casini-ain,
2975 5775 3004 5847 ᾗ
3048 5773 3140 5837 50,
3197 5790 3261 5845 ι),
3283 5768 3384 5826 ὃδ-

2049 5854 2123 5931 _"
2150 5855 2216 5910 ad
2248 5849 2497 5908 Consult.
2518 5849 2762 5918 Belgam,
2786 5863 2838 5902 c.
2857 5851 2911 5901 4.
