3924 6306
589 256 731 314 ίῖθδ

588 380 854 454 rationem
887 380 1002 449 ipse
1044 383 1238 454 asserit
1288 386 1490 454 γνῶσιν
1524 389 1668 446 illam
1701 392 1956 447 omnibus
1990 367 2155 448 disci-

590 449 752 532 plinis
773 460 1062 532 praestare.
1087 453 1182 507 sed
1209 449 1474 532 acquisita
1507 475 1625 515 esse
1648 462 2040 528 difﬁcillimam,
2067 479 2163 518 nec

591 522 711 598 sine
740 521 926 598 labore
953 523 1126 577 multo
1156 521 1462 598 comparari
1512 545 1691 598 posse.
1728 532 1835 586 Sed
1867 534 1978 586 haec
2007 521 2038 584 a
2070 550 2166 587 no-

592 590 674 643 bis
719 589 941 671 uberius
975 601 1031 646 et
1071 589 1428 671 enucleatius
1459 589 1798 657 discutienda
1832 614 1977 666 sunt,
2009 613 2161 671 post-

589 675 767 741 quam_
794 661 972 741 obiter
1006 663 1560 741 animadverterimus
1589 686 1775 725 vocem
1808 661 2024 741 γνῶσίς·
2067 674 2162 726 ali-

588 731 805 810 quando
833 730 1154 810 aCﬁlemente
1180 734 1344 788 etiam
1369 752 1464 804 pro
1492 739 1580 794 Dei
1606 730 1877 808 intuitiva,
1903 755 1961 798 ut
1987 730 2158 808 aiunt,

590 799 800 854 visione
824 809 878 854 et
909 799 1172 856 felicitate
1198 799 1398 858 aeterna
1449 811 1619 880 accipi
1653 812 1720 866 ⁸³.

1011 900 1174 971 212
1224 898 1618 956 ABTICULUS
1658 902 1718 956 ιι.

662 989 794 1055 Quae
832 994 899 1048 sit
937 999 1160 1064 gnastici
1200 999 1269 1051 ad
1306 1012 1609 1078 supremum
1639 995 1846 1050 virtutis
1887 997 2085 1065 apicem

1206 1083 1524 1137 progressio.

657 1155 918 1229 Quamvis
947 1156 1197 1229 Clemens
1226 1158 1456 1229 gnostici
1488 1167 1541 1229 et
1569 1159 1758 1226 guosis
1789 1159 2006 1212 nomine
2037 1172 2156 1228 per-

588 1225 803 1297 fectum
826 1225 1197 1282 Christianum
1229 1225 1304 1284 ac
1343 1229 1469 1282 vita:
1507 1225 1830 1282 Christianae
1861 1225 2152 1297 perfectio-

589 1310 711 1368 nem
762 1295 1060 1368 signiﬁcari
1118 1300 1353 1368 saepius,
1402 1300 1478 1351 uti
1535 1298 1816 1355 vidimus.
1862 1295 2149 1364 docuerit,

587 1365 770 1419 varios
805 1367 1153 1422 nihilominus
1185 1365 1424 1424 ostendit
1455 1384 1576 1423 esse
1603 1369 1830 1436 gnoslici
1868 1369 1918 1421 iu
1950 1369 2152 1425 virtute

586 1451 902 1508 progressus
926 1440 1189 1504 variaque
1217 1439 1564 1508 perfectionis
1599 1453 1817 1507 genera.
1857 1438 1962 1493 Sed
1989 1441 2112 1506 quia
2135 1482 2149 1500 ,

588 1516 646 1558 ut
680 1507 796 1575 ipse
825 1506 1063 1576 loquitur
1091 1509 1159 1574 ",
1191 1506 1392 1564 (nobis
1417 1506 1633 1576 quidem
1660 1547 1676 1571 ,
1706 1523 1868 1576 quam
1904 1508 2018 1562 ﬁeri
2048 1523 2148 1576 po-

585 1587 693 1629 test
728 1577 998 1640 maxime,
1031 1579 1186 1646 prius
1213 1581 1364 1632 varie
1391 1577 1691 1633 exercenda
1720 1589 1803 1633 est
1831 1578 2014 1633 anima
2037 1618 2052 1639 .
2090 1589 2149 1633 ut

583 1646 651 1718 _a_d
693 1645 1094 1718 suscipiendam
1135 1649 1499 1718 cognitionem
1540 1650 1611 1702 sit
1646 1648 1897 1717 expedita
1928 1659 1982 1708 et
2016 1649 2148 1702 faei-

1258 265 1325 320 ΙΝ
1356 267 1773 327 CLEMENTEM
1805 271 2007 327 ALEX.
2050 273 2110 329 D.
2153 273 2238 328 LE
2278 275 2558 334 NOURRY
2595 279 3046 338 DISSERTATIO
3085 281 3146 340 ΙΙ.

3609 297 3703 358 l‘illt

2193 395 2237 450 Α
2267 410 2385 484 qua:
2414 400 2870 484 magis_u_niverse
2892 413 2952 484 et
2980 405 3259 484 magniﬁce
3289 421 3315 458 a
3348 407 3566 476 Domino,
3592 431 3709 484 quem

2265 481 2482 540 cagnem
2517 471 2754 525 induisse
2784 474 2967 540 novit,
3001 471 3144 529 dicta
3176 484 3313 530 sunt.

2333 537 2484 623 Tune
2533 551 2729 623 autem”
2762 543 2850 623 ubi
3049 556 3326 623 assecutus
3345 555 3462 623 _est,
3503 566 3712 623 nunquam

2256 609 2554 691 jucundum
2588 611 2806 691 praefert
2838 613 2954 691 utili
2982 628 2998 667 :
3030 615 3124 691 sed
3155 615 3198 670 si
3230 609 3459 676 morbus,
3483 631 3560 691 aut
3581 609 3715 690 cistis,

2263 687 2362 759 aut
2405 680 2532 759 ipsa
2551 680 2716 759 etiam
2739 695 2899 759 _mors
2932 684 3243 759 immineat,
3277 697 3438 739 manet
3483 680 3718 756 impavidus

2259 756 2316 825 et
2349 748 2626 825 immotus.
2655 748 2835 825 Rebus
2863 767 3024 825 porro
3039 755 3246 825 creatis
3265 794 3280 818 ,
3307 768 3450 823 prout
3473 748 3593 813 recta
3618 748 3719 820 ratio

2260 816 2578 898 dictaverit,
2623 816 2971 898 ntendoﬂde
3014 823 3080 898 iis
3124 816 3360 898 Creatori
3411 829 3583 894 gratias
3607 816 3713 898 agit,

2259 895 2422 969 atque
2460 887 2566 969 illis
2609 891 3002 969 utendi_plane
3040 893 3300 969 _dptninus
3340 887 3435 969 est:
3473 897 3558 969 Ab
3582 887 3720 969 aliqua

2256 957 2472 1012 etiamsi
2506 957 2968 1033 itnnteritohlzestts
2990 1002 3005 1025 ,
3040 962 3198 1017 illatae
3232 974 3397 1018 tamen
3424 965 3602 1033 injuria:
3621 957 3719 1024 niui-

2258 1037 2422 1092 qnam
2455 1042 2686 1105 menter,
2717 1029 2847 1083 colit
2875 1031 3227 1105 Creatorem,
3259 1029 3536 1105 proximum
3564 1039 3716 1105 diligit,

2255 1108 2450 1174 aepro
2484 1097 2581 1174 illo
2611 1098 2774 1174 Deum
2814 1113 3084 1174 precatur.
3147 1097 3221 1156 Iu-
3251 1097 3595 1161 afﬂictionibus
3626 1097 3719 1164 vero

2254 1164 2488 1245 aliisque
2515 1164 3006 1245 adversiscasibus
3031 1210 3047 1232 ,
3079 1181 3240 1241 atque
3270 1173 3425 1226 animi
3456 1176 3554 1229 sive
3578 1179 3717 1231 volnu-

2255 1237 2444 1316 tariis,
2482 1237 2600 1316 sive
2644 1239 3025 1295 involuntariis
3069 1252 3124 1316 et
3154 1237 3472 1316 'necesSariis
3503 1251 3719 1314 perturba-

2255 1305 2491 1385 tipnibus
2514 1347 2527 1367 ,
2561 1306 2634 1360 ita
2663 1324 2878 1385 semper
2904 1324 2961 1385 se
2983 1313 3142 1385 _gerit
3162 1351 3175 1370 .
3223 1322 3304 1385 ut‘
3323 1305 3532 1367 animant
3562 1319 3720 1385 penitus

2253 1373 2474 1428 illaesam
2508 1373 2814 1450 conservet.
2854 1379 2908 1432 In
2944 1373 3029 1435 his
3067 1381 3249 1450 itaque
3280 1381 3454 1438 ﬁrmus
3491 1395 3536 1437 et
3562 1373 3719 1442 stabilis

2250 1456 2641 1522 perseverans,
2676 1447 2811 1522 bona
2855 1459 2908 1503 et
2942 1447 3171 1504 honesta
3212 1467 3314 1504 non
3357 1454 3518 1506 solum
3558 1453 3718 1522 laudat,

2249 1514 2343 1593 sed
2380 1514 2493 1593 ipse
2522 1517 2701 1593 etiam
2721 1518 2892 1593 bonus
2944 1531 3022 1593 et,
3046 1522 3308 1593 honestus
3331 1536 3392 1575 ex
3423 1539 3562 1577 servo
3588 1525 3631 1576 ﬁt
3655 1514 3718 1593 per

2248 1583 2572 1661 charitatem
2609 1587 2702 1640 Dei
2737 1591 2965 1661 amicus.
3003 1591 3093 1644 Sic
3126 1590 3216 1643 ille
3247 1592 3312 1643 ad
3333 1607 3575 1646 summum
3594 1583 3720 1661 prite-

2247 1652 2682 1728 ctionisapicem
2711 1659 2988 1722 evehitur,
3019 1676 3084 1713 ac
3111 1661 3214 1714 sibi
3247 1663 3428 1728 positis
3456 1674 3564 1715 ante
3585 1652 3719 1717 oculos

582 1714 650 1770 lis
678 1734 694 1780 ;
729 1717 984 1801 {idcirco
1035 1714 1228 1801 mopef
1274 1721 1519 1801 quasdam
1567 1714 2144 1801 esse_:exercitatioriis
2174 1747 2215 1800 Β
2246 1714 2716 1801 patriarcharum,
2745 1714 3164 1801 prophetarum,
3194 1714 3490 1798 angelorum
3514 1714 3563 1786 et
3585 1714 3719 1801 nisiut;

581 1787 846 1861 gnoslicae
863 1783 1952 1861 npoyopvdcparot",praeexercitamenta
1975 1827 1991 1853 ,
2009 1804 2140 1852 qua-

581 1856 653 1911 lia
694 1856 922 1912 suntea'
948 1856 1102 1927 qua},
1158 1856 1296 1915 teste
1324 1856 1616 1928 Apestolo,
1667 1858 1721 1912 in
1769 1859 1986 1914 homine
2028 1873 2142 1928 pte-

581 1928 871 1981 nitentiani
901 1941 1278 1997 peccatorum,
1307 1931 1547 1984 studium
1570 1971 1584 1993 ,
1612 1928 1982 1983 defensionem
2003 1971 2018 1996 ,
2060 1931 2141 1984 iti-

579 1997 950 2066 dignationem
971 2042 985 2064 ,
1021 1999 1269 2054 timorem
1295 2039 1310 2062 ,
1339 1998 1705 2065 desiderium,
1737 1998 2137 2054 aemulationem

578 2075 633 2121 et
665 2068 955 2137 vindictam
991 2078 1284 2137 procreant
1312 2079 1364 2125 et
1393 2067 1650 2123 eﬂiciunt.

651 2136 824 2210 Quam
863 2136 1001 2195 varii
1042 2148 1219 2194 autem
1263 2139 1376 2194 sint
1409 2139 1640 2210 gnostici
1674 2153 2028 2210 progressus,
2064 2141 2138 2195 ita

577 2208 696 2276 ipse
734 2209 985 2266 Clemens
1027 2222 1212 2265 uoster
1245 2211 1397 2265 nobis
1430 2208 1686 2278 explicat.
1723 2208 1876 2265 Basis
1913 2225 2135 2277 eorum,

575 2279 733 2334 sicuti
775 2279 864 2333 ille
905 2283 981 2335 ait
1017 2279 1086 2345 ",
1126 2290 1209 2336 est
1247 2295 1276 2334 a
1319 2279 1474 2333 malis
1521 2279 1875 2334 abstinentia.
1936 2281 2140 2336 Deinde

575 2351 854 2418 gnoslicus
902 2350 1036 2406 nihil
1078 2352 1204 2406 boni
1239 2349 1399 2412 facit,
1436 2363 1612 2420 neque
1648 2360 1867 2420 propter
1893 2361 2136 2415 metum,

579 2433 754 2491 neque
783 2432 1013 2490 propter
1043 2423 1267 2476 honoris
1302 2435 1450 2490 spem
1480 2436 1495 2483 ;
1530 2418 1848 2491 solafautem
1871 2461 1886 2483 ,
1923 2436 2042 2491 qua:
2069 2423 2139 2477 ob

575 2487 902 2559 charitaiem
921 2492 980 2546 ﬁt
1003 2487 1379 2555 beneﬁcentia,
1404 2501 1627 2559 propter
1646 2490 1821 2559 ipsum
1848 2487 2136 2547 honestum

575 2557 642 2613 ab
657 2561 767 2632 jllo
799 2566 1102 2632 expetenda
1134 2572 1237 2617 est.

644 2629 785 2687 Cave
813 2629 993 2688 autem
1027 2646 1095 2704 ne
1128 2642 1286 2704 putes
1320 2631 1422 2686 ista
1458 2631 1750 2704 Clementis
1781 2632 1943 2688 verba
1965 2673 1980 2693 ,
2003 2652 2021 2684 ‹
2043 2648 2137 2703 spe

573 2704 827 2768 promissi
860 2703 1152 2766 honoris.)
1185 2707 1253 2759 de
1280 2703 1467 2758 aeterni
1504 2703 1749 2767 honoris,
1781 2716 1877 2756 seu
1920 2711 2136 2759 aeternae

572 2772 843 2827 lelicitatis
875 2789 972 2843 spe
999 2787 1125 2829 esse
1162 2774 1540 2843 intelligenda.
1579 2771 1715 2826 Nam
1752 2773 1949 2827 ibidem
1984 2774 2137 2827 addi-

571 2844 649 2895 dit
672 2845 1001 2910 gnosticum,
1037 2855 1322 2914 postquam
1351 2845 1416 2897 ad
1447 2843 1790 2906 charitatem,
1827 2858 1929 2916 qua
1965 2844 2136 2916 ipsius

573 2925 796 2981 propter
827 2931 884 2969 se
909 2916 1034 2968 boui
1062 2916 1335 2970 desiderio
1357 2922 1586 2978 tenetur,
1617 2914 1945 2981 pervenerit,
1973 2914 2136 2969 aeter-

572 2997 696 3055 nam
724 2985 1100 3055 haereditatem
1124 2985 1400 3055 postulare
1432 3004 1453 3055 :_
1477 3003 1494 3036 ‹
1521 2981 1639 3055 Jam
1665 2998 1798 3038 vero
1817 2997 1885 3055 ex
1907 2998 2134 3053 persona

574 3052 706 3122 Dei,
732 3073 753 3108 ι
771 3053 1064 3109 Clementis
1083 3052 1248 3112 verba
1269 3065 1395 3111 sunt
1414 3053 1484 3122 °’,
1510 3071 1528 3105 ι
1557 3053 1785 3108 Domino
1805 3052 2007 3109 dictum
2031 3066 2132 3111 est:

575 3120 755 3196 _Petea
780 3141 879 3190 me,
903 3133 951 3179 et
978 3124 1116 3186 dabo
1171 3128 1262 3181 tibi
1289 3120 1475 3196 gentes
1506 3124 1864 3196 haereditatem
1912 3133 2056 3196 tuum
2089 3127 2127 3181 ⁸.

569 3192 766 3268 Petitio
795 3197 1027 3250 maxime
1053 3197 1229 3268 regia,
1260 3192 1381 3266 qua:
1408 3195 1568 3268 docet
1600 3194 1872 3268 hominem
1901 3194 2128 3251 salutem

571 3265 676 3332 peti
714 3265 833 3318 sine
873 3265 1160 3335 mercede,
1199 3277 1258 3322 ut
1291 3281 1389 3322 uos
1423 3265 1593 3320 simus
1631 3265 1875 3320 bzeredes
1909 3274 1968 3321 et
1998 3280 2128 3335 pos-

567 3335 844 3391 sideamus
875 3334 1187 3391 Dominum.
1215 3358 1234 3392 ι

638 3405 866 3461 Eosdem
901 3408 1131 3474 gnostici
1159 3423 1251 3464 seu
1285 3407 1511 3478 perfecti
1541 3405 1837 3478 Christiani
1872 3419 2128 3476 progres-

564 3491 655 3529 sus
699 3478 861 3544 paulo
903 3485 1026 3546 post
1058 3478 1174 3547 ipse
1207 3475 1393 3533 rursus
1426 3485 1648 3532 enarrat
1678 3479 1721 3530 ³.
1753 3475 1937 3532 Primo
1975 3475 2122 3534 enim

564 3547 678 3599 vult.
726 3547 944 3614 quidem
995 3548 1408 3606 beneﬁcentiam
1466 3547 1763 3617 praemitti,
1820 3549 1916 3601 sed
1951 3567 1970 3600 ι
2005 3564 2116 3604 non

563 3617 1065 3688 propter_aliquem
1111 3634 1267 3674 usuin
1315 3633 1536 3680 eorum,
1579 3632 1700 3686 quas
1747 3620 1811 3673 ad
1857 3631 1916 3671 se
1963 3620 2129 3687 perti—

566 3693 720 3741 nent.
750 3704 772 3738 »
799 3685 937 3742 Tum
971 3702 1096 3743 vero
1129 3691 1434 3759 guostirus,
1459 3692 1538 3743 ait
1564 3685 1839 3754 Clemens,
1857 3685 1985 3758 quid
2010 3690 2129 3757 pul-

560 3759 754 3810 chrum
813 3758 1212 3826 honestumque
1261 3761 1330 3815 sit
1384 3758 1626 3829 judicat,
1684 3759 1849 3825 idque
1907 3773 2126 3828 semper

558 3829 674 3903 agit
687 3868 700 3889 ,
736 3843 910 3892 neque
940 3829 1028 3881 διὰ
1056 3829 1210 3903 δόξᾳν
1227 3872 1240 3896 ,
1262 3831 1408 3903 ῆ,ὼς
1434 3829 1594 3900 φασὶν
1619 3829 1972 3903 φὶηφιλόσοςρᾳ
1991 3870 2006 3894 ,
2031 3830 2129 3901 τὴν

560 3897 830 3972 εὔκλειαν,
853 3918 872 3951 ε
883 3908 1101 3972 propter
1117 3897 1366 3972 gloriam,
1383 3897 1496 3967 aut,
1512 3901 1674 3972 ut_phi
1686 3897 2123 3969 losophidicuni,

559 3969 718 4022 famae
755 3982 849 4024 aut
887 3969 1142 4025 nominis'
1157 3972 1534 4027 celebritatem
1565 3970 1608 4036 ³,
1635 3990 1653 4024 ι
1683 3987 1860 4041 neque
1909 3979 2129 4040 prepter

559 4041 896 4106 mercedem,
949 4049 1041 4093 aut
1090 4042 1160 4096 ab
1202 4042 1546 4108 hominibus,
1595 4052 1691 4096 aut
1732 4058 1762 4095 a
1809 4043 1952 4102 Deo,
2008 4044 2122 4094 εἴτε

558 4108 712 4183 παρὰ
743 4110 1081 4183 ἀνθρώπων,
1112 4111 1223 4166 εἴτε
1263 4114 1327 4166 ἐκ
1369 4111 1517 4176 θεοῦ,
1551 4111 1950 4183 accipiendam,
1998 4122 2125 4182 puta

561 4180 756 4251 iu_hoe
791 4180 994 4237 mundo
1023 4197 1037 4246 ;
1071 4193 1328 4238 mteruam
1365 4180 1684 4251 siquidem,
1721 4185 1797 4236 uti
1855 4180 2124 4251 dixiu’tus,

559 4266 588 4302 a
621 4249 734 4304 Deo
761 4266 977 4320 semper
1006 4253 1238 4322 flagitat.
1273 4249 1512 4320 Denique
1539 4253 1582 4304 si
1612 4251 1811 4322 injuria
1837 4249 2124 4318 afﬁciatur,

559 4335 664 4373 non
697 4335 794 4393 par
815 4323 932 4390 pari
976 4324 1164 4388 refert,
1196 4325 1288 4379 sed
1317 4324 1452 4376 citra
1467 4322 1628 4376 ullam
1653 4333 1886 4393 accepta:
1915 4324 2127 4391 injuria:

563 4392 997 4447 recordationem
1019 4432 1034 4457 ,
1052 4409 1178 4464 erga
1197 4395 1375 4463 justos
1397 4403 1454 4448 et
1485 4393 1716 4462 injustos
1739 4392 1916 4461 justus
1949 4404 2003 4447 et
2030 4396 2124 4448 bo-

557 4477 659 4515 nus
688 4476 902 4531 semper
933 4474 1038 4517 e5t.

630 4532 752 4586 Alio
785 4534 964 4588 adhuc
1001 4535 1052 4586 iu
1089 4532 1228 4587 libro
1261 4542 1456 4588 auctor
1489 4541 1670 4586 noster
1695 4531 2009 4601 singillatim
2043 4549 2126 4589 re-

555 4613 740 4673 censet
771 4602 792 4633 δ
817 4605 1088 4671 quomodo
1107 4605 1382 4673 gnoslicus
1413 4602 1737 4672 pedetentim
1768 4613 1822 4655 et
1852 4607 2122 4671 gradatim

556 4672 841 4736 proliciat,
872 4683 926 4726 et
957 4675 1022 4728 ad
1070 4672 1340 4728 summum
1406 4674 1668 4728 ascendat
1715 4687 1884 4740 usque
1936 4675 2118 4739 perfe-

557 4743 762 4797 ctionis
791 4745 1025 4812 apicem.
1047 4746 1130 4799 Ab
1164 4760 1346 4800 rerum
1379 4753 1682 4797 creatarutn
1719 4744 2013 4812 agnitione,
2035 4745 2116 4799 in-

555 4817 671 4885 quit
713 4813 1002 4885 Clemens,
1046 4816 1323 4885 guosticus
1349 4813 1700 4885 illeincipit.
1752 4812 1848 4866 Ubi
1886 4829 2014 4868 vero
2049 4818 2117 4870 de

556 4884 666 4937 Dco
696 4884 918 4954 ejusque
944 4884 1283 4953 providentia
1315 4884 1514 4953 aliquid
1540 4885 1728 4937 audire
1757 4886 1922 4954 cmpit
1945 4925 1959 4948 ,
1988 4895 2114 4940 tunc

553 4967 617 5007 ea
653 4971 781 5010 vera
813 4970 935 5009 esse
968 4956 1180 5019 credit,
1217 4970 1338 5024 qua:
1374 4955 1524 5023 prius
1553 4955 1847 5009 admiratus
1875 4965 1979 5010 est.
2014 4955 2111 5009 De-

556 5025 682 5082 hinc
714 5026 840 5081 totis
873 5025 1080 5079 viribus
1095 5025 1344 5091 enititur,
1376 5034 1436 5077 ut
1461 5037 1689 5092 quorum
1723 5025 1997 5080 desiderio
2013 5024 2113 5078 fla-

552 5105 704 5163 grat,
753 5110 944 5150 eorum
987 5096 1160 5163 possit
1199 5095 1481 5164 percipere
1519 5095 1915 5164 cognitionem,
1949 5107 2114 5164 atque

555 5168 627 5236 ita
659 5165 720 5220 ﬁt
749 5167 1208 5236 contemplatione
1247 5165 1463 5235 dignus.
1500 5165 1636 5218 Tum
1671 5165 1864 5236 deinde
1895 5168 2114 5235 cognita

554 5234 647 5289 Dei
681 5234 988 5301 voluntate,
1019 5250 1209 5289 omnes
1233 5234 1518 5290 contendit
1543 5235 1744 5305 ingenii
1769 5237 1854 5289 sui
1883 5234 2112 5298 nervos,

552 5315 612 5358 ut
643 5319 705 5359 ea
740 5319 862 5375 quas
885 5307 1186 5374 Scripturte
1215 5320 1386 5359 sacra:
1417 5307 1598 5360 verbis
1623 5307 2002 5374 signiﬁcantur
2032 5308 2115 5359 iit-

551 5373 780 5446 telligat.
808 5373 1049 5430 Subinde
1075 5392 1202 5431 vero
1226 5376 1527 5429 scientiﬁca
1552 5373 1863 5445 cognitione
1886 5391 1944 5430 se
1965 5391 2117 5430 exer-

548 5456 637 5501 cet
660 5485 678 5511 ,
708 5462 814 5516 qua
849 5461 911 5502 ea
951 5457 1230 5516 perspecta
1263 5457 1317 5500 et
1349 5450 1629 5514 explorata
1666 5448 1868 5500 habere
1899 5448 2114 5516 possit,

618 5607 672 5678 9'7
697 5605 899 5661 Strom.
935 5607 968 5661 l.
1003 5623 1076 5673 Vl,
1106 5625 1157 5677 p.
1188 5608 1328 5674 663;
1360 5607 1394 5660 l.
1427 5622 1502 5670 tv,
1536 5623 1587 5675 p.
1619 5606 1746 5671 529;
1779 5610 1815 5661 Ι.
1847 5625 1938 5673 vn,
1983 5627 2031 5678 p.
2066 5613 2187 5667 705.

1119 5681 1136 5709 ι
1166 5678 1324 5752 γνεειι.
1365 5693 1399 5752 t_l
1427 5718 1442 5740 ,
1474 5682 1526 5733 8.
1583 5679 1600 5707 '
1643 5681 1738 5752 illi.
1765 5695 1823 5752 _tv
1849 5719 1866 5747 ,
1896 5698 1946 5752 ν.
1980 5685 2104 5740 529.
2181 5685 2203 5716 ³
2242 5683 2372 5738 ibid.

546 5691 600 5750 ρ.
622 5677 727 5732 ass
824 5679 869 5750 γ’
909 5679 1037 5732 ibid.

543 5749 600 5802 et
629 5764 744 5819 seq.
818 5749 838 5781 ‘
879 5750 1036 5816 ibid.,
1067 5766 1122 5824 p.
1162 5751 1285 5805 752.
1366 5750 1381 5778 '
1426 5753 1460 5802 t.
1494 5767 1562 5813 ιι,
1597 5765 1648 5820 p.
1682 5749 1805 5804 382.

2244 1802 2356 1866 met
2381 1793 2595 1850 Domini
2624 1793 2918 1866 exemplis,
2943 1799 3125 1853 omnia
3155 1793 3338 1854 mundi
3369 1803 3497 1854 bona
3516 1843 3528 1865 ,
3556 1793 3713 1856 tainctsi

2247 1863 2351 1931 ipsi
2398 1866 2505 1918 sint
2536 1869 2602 1919 ad
2637 1863 2852 1921 manum
2875 1863 3031 1933 ,inon
3063 1868 3275 1939 diligit,
3307 1874 3398 1924 sed
3435 1887 3493 1926 ea
3520 1863 3630 1939 qua:
3659 1873 3714 1925 lu-

2245 1940 2364 2008 tura
2402 1949 2538 2008 esse
2559 1941 2851 2006 cognovit,
2884 1951 3084 1994 aeterna
3133 1951 3336 2008 sperat.
3383 1941 3595 2004 Denique
3628 1945 3718 1996 hanc

2243 2003 2312 2057 ob
2344 2019 2493 2079 spem
2529 2003 2772 2075 labores,
2818 2023 3090 2063 arrumnas
3112 2050 3126 2074 ,
3163 2003 3437 2079 'supplicia
3481 2025 3716 2065 constanter

2243 2077 2498 2148 sustinet,
2531 2087 2585 2130 et
2616 2092 2679 2132 ea
2714 2082 3059 2147 quantumvis
3095 2077 3368 2148 grat'ia‘et
3391 2081 3716 2147 molesta,sicvt

2241 2152 2296 2226 et
2325 2145 2467 2226 alia,
2501 2161 2622 2216 quae
2654 2145 2808 2216 grata
2856 2160 2910 2203 et
2948 2145 3183 2218 jucunda
3235 2162 3381 2219 sunt,
3411 2145 3609 2207 omnino
3631 2167 3716 2205 cou-

2246 2222 2436 2288 temnit
2467 2227 2524 2271 et
2553 2230 2894 2288 aspernatur.

2311 2283 2860 2362 Caeterum,_etiamsi
2895 2289 3145 2362 Clemens
3201 2289 3494 2362 gnoslicum
3537 2291 3594 2344 ad
3628 2290 3714 2342 illud

2241 2369 2468 2428 summa:
2527 2357 2871 2425 perfectionis
2921 2357 3525 2428 fastigiuin'asceudere
3561 2363 3714 2423 dixerit,

2249 2426 2376 2495 ipse
2395 2427 2749 2482 nihilominus
2789 2428 2993 2484 diserte
3032 2426 3350 2499 pronuntiat
3381 2430 3519 2484 illius
3546 2447 3714 2483 annuam

2240 2509 2336 2565 per
2367 2507 2539 2551 totum
2569 2499 2814 2553 mortalis
2842 2499 3000 2568 hujus
3030 2501 3149 2556 vita:
3177 2501 3500 2556 curriculum
3525 2502 3714 2569 quosdam

2239 2580 2455 2641 semper
2514 2583 2836 2641 progressus
2887 2571 3066 2625 facere
3118 2572 3512 2641 virtutibusque
3553 2572 3714 2637 augeri,

2239 2634 2414 2690 donec
2456 2634 2718 2692 aet'ern'am
2767 2639 2821 2692 in
2864 2641 3034 2695 altera
3075 2642 3188 2695 vita
3232 2634 3533 2696 felicitatem
3577 2634 3715 2693 conse-

2237 2715 2438 2781 quatur
2460 2725 2522 2781 ενι
2551 2710 2745 2763 Anima
2771 2749 2786 2776 ,
2824 2711 2998 2780 inquit
3022 2711 3067 2776 ⁸,
3100 2728 3224 2781 quae
3255 2712 3465 2766 assidue
3489 2712 3540 2763 ﬁt
3566 2710 3715 2769 melior,

2237 2778 2306 2830 ad
2337 2779 2723 2850 acquirendam
2750 2778 3007 2835 virtuiem
3025 2821 3041 2846 ,
3066 2778 3438 2850 et‘paraudam
3463 2781 3715 2848 augendam-

2237 2860 2342 2913 que
2368 2847 2638 2917 justitiam
2662 2892 2676 2917 ,
2709 2851 2985 2906 meliorem
3019 2847 3194 2906 locum
3228 2853 3456 2920 accipiet
3485 2847 3714 2920 in’univer-

2239 2929 2299 2970 so
2325 2933 2339 2969 :
2376 2927 2443 2994 ut_
2463 2934 2582 2994 qua;
2608 2935 2703 2994 per
2733 2935 3169 2994 unumquemque
3200 2919 3492 2994 profectum
3515 2919 3714 2994 extendat-

2240 2996 2330 3061 tu‘r
2375 2990 2444 3061 _ad
2495 2991 2738 3044 habitum
2783 2990 3241 3061 impatibilitatis,
3287 2993 3457 3046 donec
3496 2990 3714 3061 profecerit

2237 3057 2305 3110 ad
2320 3058 2517 3132 _virum
2547 3056 2887 3129 perfectum}
2928 3073 3122 3132 nempe
3162 3067 3232 3116 ad
3278 3056 3579 3130 cognitio—uis
3607 3056 3715 3113 situul

2237 3134 2293 3181 et
2320 3127 2658 3185 haereditatis
2685 3127 3087 3186 excellentiam.
3116 3127 3400 3186 Salutares
3435 3133 3512 3186 lue
3544 3143 3713 3184 comer—

2235 3197 2421 3269 siones
2450 3215 2546 3269 pro
2571 3202 2761 3256 ordine
2793 3203 3116 3258 mutationis
3149 3203 3462 3256 dividuntur
3490 3211 3539 3254 et
3567 3210 3713 3264 tenipo-

2237 3268 2417 3342 ribus,
2444 3268 2498 3325 et
2526 3269 2663 3342 locis
2685 3311 2700 3336 ,
2742 3285 2798 3327 et
2824 3273 3151 3336 honoribus,
3181 3283 3236 3326 et
3274 3272 3660 3342 cognitionibus,
3683 3276 3716 3317 et

2235 3337 2678 3412 litereditatibus,
2716 3352 2773 3396 et
2819 3344 3140 3397 ministeriis
3187 3337 3366 3412 usque
3400 3345 3463 3395 ad
3510 3353 3716 3412 transcen-

2232 3407 2450 3483 dentem
2481 3413 2908 3483 coutinuamque
2938 3415 2990 3467 in
3028 3407 3335 3467 aeternitate
3377 3410 3714 3478 contemplatio-

2233 3491 2353 3552 nem
2404 3482 2891 3552 Dontitii.iNeque
2946 3485 2996 3538 id
3050 3484 3123 3536 illi
3179 3483 3349 3538 semel
3395 3483 3578 3536 dixisse
3620 3489 3711 3552 satis

2231 3547 2369 3622 fuit,
2433 3555 2525 3606 sed
2574 3564 2762 3622 postea
2803 3547 2876 3607 'in
2931 3556 3180 3608 eumdem
3235 3553 3424 3608 scribit
3471 3551 3713 3622 setisum‘:

2236 3635 2254 3667 ι
2285 3619 2377 3695 _ISESt
2403 3637 2534 3692 ergo
2559 3619 2816 3694 cognitio,
2843 3623 3061 3692 γνῶσις,
3096 3626 3251 3695 velox
3300 3626 3366 3678 ad
3397 3621 3715 3695 purgationem,

2231 3689 2532 3763 κάθαρσιῧν
2566 3689 2783 3765 βίθριᾳ
2804 3689 2882 3748 ad
2916 3694 3274 3765 mutationem
3307 3689 3462 3748 facile
3491 3689 3716 3765 suscipien-

2231 3767 2351 3819 dam
2379 3758 2439 3817 in
2472 3758 2708 3819 meliusf
2731 3763 2882 3819 Unde
2919 3765 3083 3817 etiam
3120 3762 3285 3818 facile
3315 3763 3539 3818 traducit
3573 3760 3627 3810 ad
3658 3758 3714 3814 id.

2231 3833 2373 3903 quod
2419 3843 2504 3887 est
2536 3835 2733 3888 anima:
2757 3844 3070 3906 _cognatum
3095 3873 3111 3898 ,
3153 3845 3212 3906 et
3252 3835 3519 3906 divinum,
3556 3839 3602 3884 et
3633 3843 3715 3906 san-

2231 3917 2375 3974 CW'P
2403 3943 2418 3969 9
2454 3911 2509 3958 el
2542 3918 2640 3971 per
2685 3904 2963 3972 cujusdam
3009 3904 3216 3974 proprii
3259 3904 3476 3958 luminis
3518 3904 3712 3969 mysticus

2231 3971 2502 4044 profectus
2534 3971 2857 4028 transmittit
2900 3971 3196 4042 hominem,
3214 3974 3446 4029 deueciu
3473 3981 3712 4040 supremum

2229 4044 2428 4113 quietis
2460 4046 2636 4097 locum
2671 4047 2972 4100 restituerit
3001 4059 3155 4107 eum,
3193 4046 3287 4114 qui
3320 4057 3404 4098 est
3437 4047 3609 4114 mundo
3631 4052 3714 4089 cor-

2229 4119 2295 4168 de
2314 4153 2328 4175 ,
2355 4115 2551 4169 docens
2582 4115 2750 4168 Deum
2779 4117 3012 4170 scienter
3039 4125 3095 4169 et
3119 4113 3223 4183 per
3251 4113 3713 4183 comprehensionem

2229 4185 2588 4259 contemplari
2620 4185 2758 4239 facie
2783 4189 2848 4240 ad
2873 4186 3090 4240 faciem.
3117 4182 3134 4236 ἱ
3161 4182 3558 4259 Judieeutiequi
3584 4191 3712 4259 re‘r‘lllll

2227 4247 2584 4328 aistiiitatores
2615 4265 2876 4328 quantum
2919 4259 3032 4309 haec
3070 4271 3204 4328 sana
3239 4266 3295 4309 et
3327 4247 3605 4328 orthodoxa
3627 4247 3711 4328 αττ

2229 4325 2427 4379 mentis
2475 4320 2726 4397 doctrina
2773 4325 2844 4380 ab
2889 4340 3077 4397 eorum
3124 4325 3396 4397 discrepet
3433 4322 3649 4397 opinione
3679 4320 3714 4366 et

2232 4409 2417 4450 errore
2437 4435 2454 4459 ,
2478 4395 2572 4463 qui
2607 4411 2914 4464 supremam
2941 4395 3235 4449 Christiani
3264 4392 3367 4449 viri
3398 4392 3712 4464 perfectionem

2235 4467 2288 4518 in
2323 4460 2513 4518 ﬁctilia
2548 4460 2781 4533 quadam
2809 4481 2872 4520 ac
2903 4467 3061 4534 plane
3089 4467 3266 4521 otiosa
3295 4460 3509 4535 quiete,
3528 4474 3583 4514 ac
3602 4460 3714 4511 ιιυυεσ

2235 4551 2353 4589 ιύω
2386 4539 2661 4589 actionum
2687 4547 2743 4590 Cl
2774 4537 3032 4589 νίηυιυιιι
3057 4534 3604 4590 οωιιίυωίεεεεκιὶοιιθ
3623 4540 3712 4578 που·

2233 4608 2478 4659 stitutam
2512 4619 2632 4660 esse
2662 4620 2950 4676 perperam
2981 4607 3232 4676 garriunt
3257 4615 3312 4660 et
3338 4606 3620 4676 praedicant.
3641 4591 3711 4676 sed

2231 4677 2298 4729 ad
2331 4677 2436 4728 alia
2469 4679 2789 4745 quamplura
2809 4715 2825 4742 ,
2852 4693 2971 4745 qua:
2997 4685 3188 4730 auctor
3220 4688 3408 4731 noster
3435 4677 3496 4728 de
3529 4677 3712 4740 gnosuro

2226 4746 2448 4814 scriptis
2479 4747 2684 4812 passim
2720 4748 2980 4810 tradidit,
3015 4757 3069 4801 et
3100 4749 3302 4816 quibus
3335 4749 3442 4799 haec
3478 4745 3595 4796 falsa
3625 4749 3710 4806 opl-

2224 4816 2316 4870 uio
2345 4815 2591 4870 funditus
2621 4819 2905 4883 evertitur,
2939 4815 3161 4886 gradum
3197 4817 3478 4872 faciamus.

2635 4908 2796 4979 213
2853 4907 3245 4964 AllTlCULUS
3285 4909 3364 4963 Ill.

2301 5001 2436 5067 Quit
2467 5001 2703 5056 Clemens
2735 5006 2789 5054 in
2817 5001 3050 5070 gnoslico
3077 5002 3212 5054 bona
3241 5016 3398 5068 Opera
3429 4994 3660 5050 desideret.

2297 5101 2428 5167 Quae
2467 5099 2715 5172 Clemens
2746 5096 3077 5172 ingnostieo
3107 5097 3248 5172 bona
3281 5108 3441 5172 opera
3459 5132 3480 5172 ,ο
3505 5094 3710 5172 quasque

2227 5161 2383 5247 ἱιῃ-’ᾇρ
2416 5175 2648 5224 virtutes
2679 5161 2980 5232 desidéret,
3015 5177 3076 5246 ut
3102 5168 3279 5236 palam
3301 5161 3404 5247 _iiat
3427 5205 3442 5229 ,
3470 5162 3516 5247 id

2227 5241 2363 5296 nihil
2403 5254 2630 5295 necesse
2665 5248 2749 5293 est
2787 5230 3118 5311 memorari;
3171 5237 3312 5305 quod
3355 5235 3462 5302 ipse
3497 5230 3673 5311 tradidit

2226 5312 2530 5381 guosticum
2573 5325 2679 5383 non
2717 5309 2894 5383 solum
2929 5309 3006 5383 _ab
3049 5322 3196 5360 omni
3240 5307 3589 5383 prorsus_sive

2227 5375 2404 5436 iunonis
2428 5389 2486 5435 et
2509 5379 2878 5448 cogitationis,
2899 5378 3014 5430 sive
3037 5391 3236 5450 sensus
3261 5385 3315 5430 et
3339 5375 3506 5450 aperis
3528 5375 3707 5450 gravia"

2227 5451 2507 5506 abstinere
2543 5446 2810 5520 peccato;
2856 5451 2950 5504 sed
2999 5448 3066 5501 ab
3098 5449 3214 5518 ipso
3250 5446 3531 5516 cognoscit
3558 5446 3704 5506 pecta-

2957 5608 3002 5642 ·τ
3043 5608 3137 5662 lib.
3173 5623 3243 5672 IV,
3279 5623 3329 5676 ρ.
3359 5602 3475 5658 527.
3539 5589 3706 5676 οιίδξειπ

2289 5613 2336 5644 ’⁸
2381 5612 2476 5667 lib.
2512 5627 2587 5666 vn
2614 5650 2630 5677 ,
2663 5627 2716 5681 p.
2756 5606 2880 5664 740.
2957 5608 3002 5642 ⁸⁷
3043 5608 3137 5662 lib.
3173 5623 3243 5672 tv,
3279 5623 3329 5676 p.
3359 5606 3475 5658 5‘27.
3539 5606 3703 5646 ’⁸ιωυι.

2289 5684 2372 5735 ιίἀ.
2453 5685 2474 5715 ⁸
2509 5683 2602 5735 lib.
2639 5699 2710 5735 vu
2735 5721 2748 5735 .
2785 5696 2835 5735 υ.
2871 5680 2972 5734 75-1
3001 5691 3053 5735 et
3084 5695 3196 5735 seu.
3299 5677 3426 5729 'lib.
3455 5686 3536 5734 νη,
3561 5680 3605 5735 ρ.
3631 5655 3703 5713 7“

2453 5685 2474 5715 ⁸
2509 5683 2602 5738 lib.
2639 5680 2710 5736 vu
2735 5721 2748 5746 ,
2785 5696 2835 5749 p.
2871 5680 2972 5734 75-1
3001 5691 3053 5735 et
3084 5695 3196 5749 seq.
