3924 6306
523 230 648 286 1211

1185 229 1250 285 ΙΝ
1289 229 1706 288 CLEMENTEM
1744 227 1947 285 ALEX.
1983 227 2044 284 D.
2087 227 2174 282 LE
2206 226 2490 283 NOURRY
2526 225 2973 282 DISSERTATIO
3005 224 3071 283 11.

3585 225 3694 278 liii

590 351 697 404 Sed
740 349 880 420 nulli
917 351 1074 414 plane
1113 347 1446 412 dubitamus,
1476 351 1606 420 quin
1647 348 1956 420 Hieronymi
1987 355 2083 404 de-
2111 348 2159 404 Α
2186 361 2250 400 ac
2278 344 3184 420 ipsiusmetgnosticiperfectione
3221 343 3417 420 tradita
3453 341 3602 395 fuisse
3629 345 3694 396 vel

522 423 766 477 (cursores
805 419 1062 476 iullictam
1115 422 1212 489 ipsi
1261 421 1464 477 erroris
1497 419 1600 475 aut
1639 419 2084 474 rontradictionis

524 494 788 548 maculam
828 492 1078 546 facillime
1121 494 1330 561 possint
1383 493 1582 546 eluere.
1640 492 1896 559 Quamvis
1940 491 2082 544 enim

525 564 922 618 eruditissimus
961 563 1050 616 ille
1084 565 1316 634 scriptor
1350 563 1547 618 dixerit
1589 563 1836 618 homines
1882 561 2086 634 angeli-

524 649 641 687 cam
683 636 845 688 vitam
877 634 1096 693 imitari,
1141 631 1243 688 non
1272 634 1482 703 putavit
1529 642 1707 686 tamen
1740 647 1838 703 eos
1878 631 1960 703 vel
1990 646 2086 703 an-

525 703 762 769 gelorum
811 707 998 768 instar,
1036 703 1194 759 nullis
1240 701 1487 759 humanae
1529 703 1709 757 carnis
1754 701 2086 756 infirmitati-

525 773 628 829 bus
660 773 893 842 amplius
922 791 1040 828 esse
1070 774 1352 839 obnoxios,
1375 774 1457 828 vel
1484 776 1549 827 ad
1576 787 1694 826 eam
1728 773 1914 827 venire
1941 787 2086 825 sum-

526 844 770 898 mitatem
802 845 1092 911 virtutum,
1124 853 1180 897 ut
1226 845 1280 898 iu
1314 856 1474 900 nocte
1516 859 1787 912 nunquam
1836 842 2086 908 deinceps

525 928 587 968 ea
618 930 738 982 qua:
775 916 1007 969 hominis
1032 925 1149 968 sunt
1185 918 1476 984 patiantur.
1509 916 1691 982 Neque
1719 912 1928 984 Plinius
1955 926 2086 980 quo-

526 998 634 1052 que
659 986 875 1053 scripsit
905 986 1135 1054 aliquam
1172 1000 1293 1041 esse
1330 987 1572 1050 herbam,
1611 1000 1717 1052 qua
1761 983 1922 1054 homo
1961 996 2086 1054 pos-

527 1054 599 1108 sit
629 1070 771 1118 eam,
819 1053 1235 1124 quam’dicnnt,
1287 1055 1572 1109 maximam
1610 1053 1865 1124 consequi
1907 1053 2086 1106 carnis

527 1123 862 1179 munditiem.
908 1128 974 1181 Et
1013 1141 1142 1179 sane
1195 1126 1404 1180 tametsi
1459 1126 1509 1178 id
1546 1123 1894 1192 jurejurando
1942 1137 2089 1178 asse-

526 1196 749 1257 ruisset,
777 1196 900 1265 quis
937 1197 985 1251 ei
1014 1196 1173 1251 vellet
1208 1195 1365 1250 ﬁdem
1401 1195 1639 1250 habere?

599 1291 677 1343 Ad
710 1289 1025 1344 Cassianum
1055 1305 1180 1341 vero
1222 1288 1363 1356 quod
1400 1296 1626 1353 spectat,
1667 1286 1874 1340 etiamsi
1905 1285 2086 1340 citatis

528 1361 586 1414 in
624 1359 756 1414 locis
787 1362 837 1412 in
866 1360 1096 1428 aliquem
1123 1358 1396 1422 Pelagiani
1430 1357 1632 1410 erroris
1659 1357 1935 1428 incidisset
1967 1371 2087 1407 5011-
2136 1399 2142 1404 .

530 1431 743 1498 pulum,
798 1430 850 1484 id
913 1427 1040 1483 nulli
1104 1429 1515 1483 admirationem
1579 1442 1793 1480 movere
1847 1427 2083 1482 deberet.

530 1502 720 1556 Sciunt
741 1502 882 1553 enim
917 1515 1104 1552 omnes
1133 1515 1253 1552 eum
1287 1499 1355 1550 ab
1397 1499 1494 1551 hac
1524 1498 1641 1550 labe
1669 1512 1772 1550 non
1819 1512 1938 1550 esse
1964 1511 2085 1549 om-

531 1571 658 1624 nino
689 1585 900 1638 purmn,
932 1570 1183 1638 illiusque
1227 1569 1379 1635 plane
1411 1574 1708 1636 expertem.
1743 1565 1856 1620 Non
1895 1567 2088 1638 desunt

532 1637 731 1704 tamen,
766 1641 854 1707 qui
894 1641 1062 1707 ipsum
1116 1639 1329 1700 iisdem,
1361 1639 1447 1704 qui
1483 1641 1736 1696 citantur.
1781 1639 1833 1690 in
1879 1637 2008 1690 locis
2055 1649 2085 1688 a

531 1726 660 1764 sana
695 1711 1102 1778 orthodoxaque
1133 1708 1410 1761 catholicae
1435 1708 1555 1760 lidei
1588 1707 1830 1778 doctrina
1863 1722 1967 1778 non
1997 1720 2083 1758 re-

531 1784 762 1834 cessisse
791 1780 1104 1833 existiment
1132 1778 1199 1831 ”.
1227 1779 1389 1831 Aiunt
1427 1778 1688 1846 siquidem
1729 1777 1798 1830 ab
1837 1777 1946 1837 illo,
1979 1791 2085 1830 non

532 1867 688 1904 secus
724 1859 882 1918 atque
928 1851 993 1902 ab
1022 1848 1300 1917 Apostolo,
1350 1848 1475 1900 alibi
1521 1849 1757 1917 agnitam
1793 1856 2086 1918 0550110111-

529 1934 636 1990 que
667 1917 830 1974 fuisse
861 1921 1038 1973 carnis
1066 1929 1120 1971 et
1150 1919 1370 1990 spiritus
1405 1918 1457 1971 in
1497 1919 1747 1990 omnibus
1776 1917 2086 1972 hominibus

535 1988 964 2059 repugnantiam.
998 1990 1256 2059 Cassiano
1311 1988 1489 2055 itaque
1531 2004 1632 2041 non
1681 1989 1808 2059 alia,
1859 1993 2090 2056 pergunt

533 2059 626 2121 illi,
667 2057 817 2112 mens
847 2070 897 2113 et
930 2060 1197 2112 sententia
1239 2057 1356 2118 fuit,
1391 2059 1492 2110 nisi
1526 2057 1783 2124 quosdam
1818 2073 1938 2111 esse
1965 2070 2090 2124 per-

534 2127 859 2183 lectissimos
903 2130 1171 2190 homines,
1211 2128 1382 2194 qualis
1423 2127 1489 2180 ab
1532 2123 1596 2178 eo
1633 2123 2088 2180 describitur’Se-

533 2213 694 2252 renus
726 2199 894 2252 abbas
936 2199 1005 2264 '°,
1045 2199 1098 2252 in
1133 2199 1327 2268 quibus
1361 2198 1554 2268 divina:
1595 2198 1786 2267 gratiae
1825 2195 2088 2252 beneﬁcio

533 2271 692 2336 plane
720 2268 979 2337 singulari
1012 2283 1073 2323 ac
1104 2266 1382 2322 rarissimo
1423 2266 1664 2337 l'tmesttts
1709 2281 1972 2331 perversae
2001 2281 2089 2320 cu-

533 2340 772 2404 piditatis
808 2336 942 2408 ignis
965 2339 1341 2408 refrigeratus,
1367 2336 1571 2408 sopitus
1614 2347 1775 2406 atque
1806 2338 1968 2408 etiam
1995 2351 2090 2408 ex-

532 2409 764 2464 stinctus
791 2406 1089 2463 videbatur.
1106 2406 1362 2475 Denique
1398 2407 1448 2460 in
1479 2423 1544 2461 ea
1587 2409 1724 2476 ipsa,
1759 2422 1878 2475 qua:
1906 2406 2090 2460 lauda-

533 2490 640 2538 tur,
672 2477 811 2533 illius
858 2479 1142 2532 collatione
1183 2478 1325 2532 haud
1373 2491 1513 2544 :egre
1559 2476 1808 2532 concedit
1838 2476 2088 2531 homines

531 2548 797 2615 perfectos
839 2549 1169 2603 dormientes
1213 2549 1396 2602 carnis
1440 2548 1672 2601 motibus
1714 2546 1842 2601 cieri
1887 2555 1941 2600 et
1975 2547 2091 2613 agi-

534 2619 666 2684 tari,
711 2619 803 2672 sed
847 2619 969 2673 inde
1011 2619 1306 2687 quidquam
1350 2619 1416 2671 de
1455 2617 1722 2672 castitatis
1758 2616 2090 2685 perfectione

533 2687 699 2741 minui
734 2699 828 2744 aut
859 2688 1067 2742 detrahi
1100 2688 1296 2742 ibidem
1325 2687 1616 2741 inliciatur.
1657 2687 1818 2741 Suam
1844 2687 1989 2740 enim
2023 2687 2090 2742 de

531 2759 776 2812 castitate
825 2757 1235 2828 disputationem
1279 2759 1358 2812 sic
1404 2757 1493 2811 ille
1535 2757 1767 2828 absolvit
1798 2757 1840 2788 ⁶¹
1865 2770 1879 2809 :
1909 2776 1926 2807 1
1967 2756 2091 2812 llaec

529 2837 613 2881 est
662 2827 1058 2883 consummatio
1099 2828 1386 2886 castitatis.
1433 2835 1493 2880 ut
1542 2827 1851 2894 vigilantem
1901 2841 2088 2881 mona-

530 2898 690 2951 chum
715 2900 1002 2954 oblectatio
1027 2898 1268 2953 libidinis
1295 2898 1443 2952 nulla
1477 2899 1826 2967 perstringat,
1857 2908 1914 2950 ut
1945 2897 2091 2964 quie-

532 2976 768 3021 scentem
801 2971 1129 3022 somniorum
1172 2984 1275 3021 non
1331 2967 1479 3022 fallat
1527 2969 1705 3022 illusio
1757 2987 1771 3023 :
1827 2967 1922 3023 sed
1966 2983 2087 3022 cum

533 3038 816 3108 dormienti
839 3048 1048 3092 tantmn
1079 3053 1172 3106 per
1204 3039 1389 3108 sopita:
1419 3039 1616 3092 mentis
1645 3014 1905 3094 incuriam
1938 3014 2088 3091 00111-
2115 3014 2158 3073 C

533 3107 704 3160 motio
737 3109 916 3162 carnis
953 3107 1278 3175 obrepserit,
1320 3109 1770 3176 qwmadmodum
1811 3108 1927 3162 sine
1981 3108 2085 3161 ulla

537 3176 843 3232 titillatione
870 3177 1157 3245 voluptatis
1185 3178 1416 3232 excitata
1449 3189 1550 3243 est,
1584 3179 1656 3232 ita
1681 3179 1800 3234 sine
1826 3178 1931 3232 ullo
1961 3193 2088 3247 pru-

537 3247 641 3299 ritu
670 3249 911 3317 corporis
947 3249 1312 3316 conquiescat.
1344 3267 1362 3300 1

603 3339 659 3392 111
680 3341 925 3395 eumdem
952 3355 1169 3395 sensum
1189 3339 1456 3394 Climacus
1483 3349 1599 3407 post
1621 3339 1733 3404 illa,
1759 3354 1878 3406 qua:
1905 3339 2087 3392 retuli-

535 3425 674 3473 mus,
704 3410 870 3480 ipsius
895 3415 1075 3469 verba,
1108 3411 1362 3464 continuo
1389 3410 1500 3462 haec
1530 3409 1728 3476 adjecit
1756 3409 1800 3440 "
1826 3426 1839 3462 :
1873 3426 1889 3460 t
1924 3407 2088 3463 Nemo

530 3495 592 3550 ex
627 3479 822 3550 his’qui
865 3498 923 3534 se
960 3481 1138 3534 studio
1185 3480 1453 3550 castitatis
1493 3489 1770 3541 exercent,
1803 3481 1914 3534 suis
1950 3481 2088 3534 hanc

533 3549 806 3604 laboribus
849 3561 941 3604 aut
990 3565 1085 3604 sua
1130 3549 1386 3603 industria
1437 3565 1494 3603 se
1545 3551 1864 3620 acquisiisse
1918 3557 2084 3616 putet.

533 3621 665 3673 Nam
701 3622 955 3688 possibile
984 3635 1087 3673 non
1115 3629 1217 3685 est,
1257 3631 1312 3673 ut
1361 3621 1628 3687 quiSpiam
1662 3630 1909 3674 naturam
1935 3635 2086 3672 sttaut

533 3691 744 3757 vincat;
774 3692 860 3744 ubi
897 3691 1129 3758 denique
1153 3700 1344 3743 natura
1374 3700 1624 3758 superata
1651 3701 1752 3758 est,
1781 3690 1890 3744 illic
1923 3691 1969 3743 is
1995 3690 2086 3756 qui

531 3773 690 3827 supra
745 3771 992 3814 naturam
1033 3771 1147 3824 est,
1195 3759 1476 3813 advenisse
1529 3761 1892 3824 cognoscitur.
1944 3779 1963 3810 1
2013 3761 2085 3814 Ibi

533 3840 680 3884 certe
711 3841 766 3886 et
792 3831 1047 3899 deinceps
1073 3832 1160 3884 ille
1192 3839 1390 3898 quanta
1427 3831 1496 3884 sit
1525 3840 1729 3884 naturae
1759 3831 2088 3884 0051110110-

531 3900 710 3968 gilitas
758 3902 1100 3968 apertissime
1147 3899 1411 3969 declarat;
1465 3903 1657 3954 tacitus
1700 3914 1828 3953 vero
1875 3912 2089 3969 prauor-

534 3971 696 4024 mittit
722 3987 788 4024 an
814 3987 952 4040 sape
979 3981 1072 4025 aut
1099 3986 1222 4024 raro
1248 3968 1445 4040 aliquis
1488 3971 1813 4030 inveniatur,
1842 3968 1998 4039 quem
2035 3971 2085 4023 iu

530 4055 719 4094 somno
766 4041 848 4093 vel
890 4038 1046 4096 nulla
1096 4041 1270 4108 turpis
1314 4038 1516 4108 imago,
1559 4040 1638 4092 vel
1681 4038 1872 4093 nullus
1911 4041 2089 4094 carnis

534 4121 708 4162 motus
734 4113 965 4178 amplius
1012 4122 1222 4164 01ον0111
1267 4120 1323 4164 ει
1368 4111 1566 4164 titillet.
1617 4111 1718 4163 Sed
1759 4112 1825 4164 110
1862 4122 2087 4179 utroque

528 4179 625 4233 illo
656 4192 875 4234 auctore
912 4183 1049 4236 alius
1075 4182 1180 4234 erit
1211 4183 1364 4250 plura
1396 4181 1610 4235 dicendi
1643 4181 1814 4235 locus.

600 4273 679 4327 Ad
714 4273 1042 4329 Clementem
1074 4273 1234 4343 igitur
1262 4280 1524 4336 nostrum,
1557 4273 1624 4326 de
1660 4275 1767 4340 quo
1789 4286 1931 4343 nunc
1965 4281 2082 4323 1110-

533 4346 812 4398 tummodo
864 4341 1220 4410 quazstioiest,
1253 4352 1309 4400 ut
1331 4343 1632 4405 veniamus,
1660 4341 1800 4410 quod
1835 4342 1925 4395 ille
1956 4342 2090 4394 dixit

535 4415 698 4468 Deum
723 4414 1044 4469 Christianis
1060 4415 1309 4467 omnilms
1334 4423 1390 4465 ut
1415 4413 1714 4483 vigilarent,
1735 4412 2083 4480 praecepisse,

535 4500 601 4538 ne
628 4486 807 4539 anima
839 4486 957 4539 ullis
983 4483 1496 4554 perturbationibus,
1527 4497 1592 4534 ne
1621 4483 1834 4554 quidem
1872 4483 1922 4534 in
1951 4497 2089 4536 som-

532 4557 639 4608 niis
685 4552 994 4621 moveatur,
1014 4558 1113 4608 hoc
1159 4554 1386 4619 benigna
1433 4552 1874 4620 interpretatione
1919 4566 2083 4620 expo-

533 4626 765 4679 nendum
797 4635 896 4688 est,
923 4625 1097 4693 quoad
1132 4623 1340 4693 scilicet
1377 4623 1495 4693 lie_ri
1523 4631 1721 4690 potest,
1747 4630 1800 4675 et
1842 4621 2087 4693 humana:

534 4706 737 4750 natura:
776 4691 1050 4766 fragili—tati
1090 4703 1171 4766 est
1203 4692 1407 4766 datum.
1441 4691 1563 4766 Pari
1597 4705 1809 4766 quoque
1845 4692 2087 4761 benigni—

533 4773 642 4820 tate
669 4767 798 4822 illttd
831 4761 1225 4836 accipiendum,
1250 4764 1397 4836 quod
1425 4764 1492 4815 ab
1533 4762 1648 4836 ipso
1683 4761 1928 4836 docetur,
1957 4777 2088 4830 gno-

531 4837 753 4903 5110001,
791 4831 1116 4892 abstinentia
1158 4842 1211 4888 et
1260 4834 1435 4886 inedia
1481 4832 1812 4903 0001001010,
1851 4831 1901 4903 in
1945 4846 2090 4885 som-

532 4907 654 4969 niis.
689 4923 792 4960 non
825 4907 1039 4976 quidem
1071 4918 1305 4976 semper,
1335 4913 1389 4955 et
1417 4916 1512 4970 per
1539 4902 1806 4976 reliquum
1832 4902 1953 4954 vita
1980 4916 2089 4954 sua:

533 4985 762 5042 tempus,
797 4973 888 5032 sed
923 4990 1064 5044 smpe
1103 4975 1316 5042 sa-pius,
1355 4983 1515 5040 atque
1550 4982 1603 5024 111
1645 4973 2088 5044 plurimumsau-

529 5057 614 5100 cta
646 5041 701 5101 et
730 5064 892 5112 agere
921 5059 974 5099 et
1002 5041 1260 5111 cogitare.
1302 5044 1510 5096 Nostra:
1548 5041 1822 5095 enimvero
1867 5041 2090 5094 111111101-

531 5119 662 5171 tatis
689 5134 750 5186 0p
763 5120 890 5170 time
915 5116 1164 5168 e’onscius
1189 5116 1459 5175 Clemens,
1493 5129 1600 5186 non
1635 5114 1842 5186 videtur
1871 5113 2086 5186 quidem

529 5182 843 5241 asseverare
865 5186 1205 5239 Christianos
1246 5189 1383 5238 hanc
1428 5184 1602 5252 reipsa
1637 5184 1879 5251 attigisse.
1915 5182 2090 5252 perle-

529 5260 764 5311 ctionem
788 5296 804 5318 ,
833 5257 924 5308 sed
973 5256 1172 5322 potius,
1201 5264 1259 5309 ut
1288 5253 1354 5305 ad
1400 5250 1522 5307 eam
1559 5250 2090 5315 contendant,’exci-

531 5337 647 5380 tare
676 5337 731 5380 et
758 5326 1056 5382 adhortari.
1091 5325 1155 5379 Et
1190 5328 1239 5378 id
1269 5323 1511 5393 profecto
1555 5322 1621 5374 iis
1651 5323 1861 5390 probari
1893 5330 2088 5390 potest,

529 5414 648 5467 qua:
673 5396 740 5450 ab
771 5397 858 5449 illo
887 5397 955 5452 de
989 5412 1198 5451 summa
1227 5395 1430 5451 Christi
1467 5393 1702 5459 Domini,
1724 5394 2085 5462 apostolorum

606 5544 653 5576 ³³
679 5542 853 5605 Cass.,
877 5543 1054 5598 collat.
1081 5559 1132 5598 tv
1156 5552 1211 5597 et
1231 5559 1386 5598 mu.
1460 5545 1504 5576 ⁶⁰
1527 5542 1650 5596 coll.
1683 5557 1777 5605 vn,
1807 5557 1854 5594 r.
1892 5543 1938 5594 1.

533 5613 559 5663 κ
598 5617 711 5670 121.
762 5605 832 5644 ’⁸⁵
861 5616 966 5668 Lis
1002 5616 1074 5668 De
1107 5614 1336 5680 republ.,
1367 5615 1486 5668 init.
1531 5626 1568 5666 t.
1629 5613 1690 5677 ll,
1751 5631 1800 5681 p.
1851 5611 1946 5666 571
2002 5622 2054 5665 et
2096 5628 2210 5682 seq.

531 5687 572 5718 "
599 5691 628 5741 l.
683 5701 734 5748 v,
767 5701 818 5754 p.
871 5686 995 5742 565,
1071 5684 1113 5714 ³⁸
1145 5687 1177 5736 1.
1216 5701 1309 5751 vn,
1353 5700 1402 5754 p.
1437 5685 1558 5740 749.

2015 5541 2058 5572 ⁸⁸
2087 5541 2237 5605 111111..
2273 5558 2319 5595 c.
2351 5546 2444 5596 ult.

2185 415 2434 485 superius
2471 415 2720 479 vidimus,
2759 415 2840 470 vel
2871 415 3028 481 paulo
3057 425 3176 482 post
3197 416 3561 485 ostendemus.

2259 484 2369 541 Non
2402 502 2495 540 eos
2521 487 2705 555 itaque
2731 486 2959 554 amplius
2981 484 3277 538 audiendos
3299 498 3699 555 essecensemus.

2185 559 2277 626 qui
2303 559 2366 612 ad
2403 554 2630 625 gentiles
2664 555 3034 626 philosophos,
3063 555 3250 626 inanis
3300 554 3492 626 gloria:
3521 564 3704 626 venato-

2187 623 2295 694 res,
2322 623 2551 696 provoca
2562 643 2616 682 re
2634 623 2732 680 nos
2749 626 3035 696 voluerint.
3058 623 3270 696 Scimus
3290 625 3432 696 enim
3458 623 3701 696 Epicurum

2185 714 2244 752 se
2265 693 2592 761 venditasse,
2611 717 2629 748 1
2655 700 2706 750 10
2736 697 2938 751 somnis
2969 695 3070 749 sibi
3115 695 3348 748 similem
3379 693 3600 746 futurum
3614 693 3700 745 “.r

2185 767 2362 823 Nescii
2407 781 2620 836 quoque
2663 781 2770 820 non
2825 781 3010 818 sumus
3055 765 3333 818 Platonem
3377 764 3608 817 docuisse
3627 764 3704 836 “_:

2191 857 2210 890 1
2247 840 2380 893 Cttm
2421 834 2614 904 aliquis
2647 836 2846 891 salubri
2887 846 2941 890 et
2987 836 3122 890 bene
3172 843 3473 902 temperato
3504 834 3708 900 corporis

2189 909 2375 962 habitu
2413 922 2603 961 somno
2636 922 2694 962 se
2731 907 2912 968 tradit,
2944 915 2998 959 et
3043 921 3104 958 ea
3163 920 3292 971 pars
3336 904 3519 965 animi,
3549 905 3594 955 in
3625 920 3705 968 qua

2187 978 2327 1032 ratio
2358 977 2684 1037 dominatur,
2714 993 2741 1030 a
2777 977 2951 1045 seipsa
2981 977 3209 1029 exritala
3240 984 3350 1034 est,
3382 977 3710 1045 bonarumque

2187 1048 2571 1118 cogitationum
2620 1047 2775 1118 quasi
2813 1044 3020 1118 epulas.
3062 1044 3537 1111 comemplationis
3576 1056 3709 1118 atque

2188 1114 2554 1186 intelligentia:
2599 1114 2716 1170 acie
2766 1117 2817 1168 in
2851 1114 3107 1182 seipsam
3163 1125 3451 1174 revocata,
3503 1114 3709 1186 apposuit

2186 1188 2286 1242 sibi
2316 1208 2329 1242 :
2360 1185 2420 1240 ea
2453 1197 2635 1242 autem
2667 1188 2833 1240 animi
2866 1201 3008 1256 pars,
3047 1189 3096 1240 in
3127 1201 3228 1252 qua
3270 1189 3454 1238 insunt
3484 1185 3708 1248 cupidita-

2188 1267 2288 1320 tes,
2325 1272 2498 1324 neque
2552 1259 2724 1324 inopia
2773 1273 2975 1325 pressa,
3023 1270 3198 1324 neque
3245 1256 3493 1307 ubertate
3531 1263 3708 1308 exsatu-

2188 1337 2326 1392 rata,
2366 1329 2596 1396 quiescit
2638 1329 2893 1387 maxime,
2940 1339 3113 1395 neque
3165 1325 3449 1392 perturbat
3494 1325 3706 1396 optimam

2188 1397 2334 1450 illam
2386 1394 2593 1465 partem
2639 1406 2732 1452 aut
2777 1398 2993 1466 gaudio,
3030 1394 3123 1449 aut
3176 1409 3452 1466 maerore,
3481 1395 3570 1466 sed
3613 1394 3711 1446 sinit

2187 1483 2304 1522 eam
2346 1482 2441 1536 per
2474 1469 2704 1538 seipsam
2753 1465 2938 1538 sciant
2972 1475 3028 1538 et
3072 1479 3263 1538 puram
3308 1465 3710 1538 considerare,et

2187 1535 2458 1606 appetere,
2487 1549 2539 1593 ει
2559 1535 2772 1606 sentire
2814 1537 3072 1606 quidquid
3119 1535 3200 1587 vel
3235 1536 3621 1602 praeteritorum
3648 1535 3705 1584 vel

2188 1605 2530 1676 praiseutium
2573 1607 2656 1661 vel
2706 1605 3005 1661 futurorum
3053 1615 3212 1660 norat
3245 1623 3266 1676 7:
3304 1607 3495 1658 eodem
3538 1621 3709 1675 quoque

2115 1682 2158 1738 Β
2189 1675 2345 1731 modo
2378 1693 2499 1731 cum
2536 1694 2664 1746 pars
2694 1678 2777 1731 illa
2804 1677 2992 1738 animi,
3021 1676 3072 1729 in
3103 1691 3209 1745 qua
3244 1675 3323 1727 ira
3352 1676 3530 1728 sedem
3561 1679 3706 1737 habet,

2187 1747 2320 1800 adeo
2375 1759 2561 1816 pacata
2620 1759 2674 1802 et
2729 1750 2986 1802 restincta
3041 1757 3145 1816 est,
3191 1755 3252 1799 ut
3296 1746 3500 1799 nemini
3544 1749 3705 1800 iniens:

2187 1815 2569 1885 conquiescat;
2627 1833 2689 1871 ac
2737 1817 2961 1886 proinde
3015 1815 3223 1870 duabus
3290 1816 3460 1869 animi
3515 1818 3708 1886 partibus

2189 1887 2332 1940 hunc
2373 1889 2422 1941 in
2468 1889 2682 1941 modum
2735 1887 2958 1949 sedatis,
2994 1897 3047 1941 et
3097 1886 3258 1940 tertia
3295 1887 3350 1940 in
3396 1903 3500 1955 qua
3551 1889 3706 1941 intelli-

2187 1958 2346 2025 gendi
2381 1959 2461 2012 vis
2496 1958 2634 2012 inest
2665 1957 2888 2012 liberius
2921 1958 3176 2017 excitata.
3213 1957 3290 2010 ita
3332 1957 3457 2024 quis
3492 1959 3635 2024 quieti
3666 1973 3706 2010 se

2187 2028 2316 2092 dat;
2375 2037 2502 2082 tunc
2553 2028 2770 2082 demum
2821 2028 3069 2081 videlicet
3133 2027 3177 2080 is
3237 2027 3424 2079 animo
3483 2029 3705 2081 moderate

2187 2099 2504 2166 composito,
2543 2100 2824 2152 veritatem
2867 2101 3099 2152 maxime
3147 2097 3542 2164 complectitur,
3574 2112 3705 2166 neque

2188 2167 2392 2221 nefaria
2440 2169 2827 2222 insomniorum
2872 2168 2988 2220 visa
3033 2169 3215 2222 animo
3263 2168 3411 2220 illius
3459 2184 3703 2234 repraesen-

2189 2247 2390 2291 tantur.
2434 2257 2453 2291 1
2487 2237 2649 2292 Νο1115
2682 2239 2843 2292 etiam
2895 2239 3290 2308 incompertum
3329 2238 3457 2291 illud
3501 2255 3592 2292 non
3629 2248 3701 2299 est,

2187 2308 2327 2375 quod
2355 2307 2672 2363 Aristoteles
2695 2309 2919 2362 tradidit
2948 2308 2992 2339 ⁸⁸
3019 2327 3031 2361 :
3059 2327 3077 2359 1
3108 2308 3210 2374 Qui
3244 2309 3500 2362 insvruct:
3535 2309 3701 2362 virtuti-

2189 2377 2290 2448 bus
2318 2387 2463 2444 sunt,
2495 2379 2717 2433 meliora
2749 2379 2955 2433 somnia
2987 2381 3188 2440 vident,
3235 2379 3382 2448 quod
3425 2380 3576 2433 etiam
3610 2379 3703 2446 vigi-

2189 2446 2360 2502 lantes
2423 2449 2646 2503 meliora
2703 2449 3157 2503 animadvertunt.
3212 2446 3415 2502 {ﬂare
3459 2449 3633 2504 etenim
3666 2457 3702 2500 el

2189 2519 2314 2580 alia,
2362 2518 2406 2573 si
2457 2535 2576 2586 quae
2631 2520 2994 2587 proferantur,
3035 2520 3267 2572 aliorum
3322 2519 3701 2588 philosophorum

2189 2590 2332 2642 dicta
2364 2588 2496 2642 nihil
2522 2589 2665 2642 aliud
2699 2590 2948 2658 probant,
2985 2591 3081 2642 nisi
3108 2605 3237 2642 eum
3279 2590 3374 2654 qui
3404 2590 3574 2642 animo
3599 2598 3703 2642 recte

2191 2661 2507 2727 composito,
2549 2661 2941 2727 virtutibusque
2982 2660 3182 2726 optime
3221 2660 3488 2712 instructo
3517 2659 3574 2711 ad
3597 2675 3699 2711 soni-

2191 2744 2316 2808 num
2351 2731 2578 2793 accedit,
2609 2731 2775 2810 ipsius
2825 2729 2986 2782 menti
3036 2731 3087 2782 in
3133 2731 3329 2810 eodem
3378 2730 3701 2810 5011100100ρο

2229 2799 2437 2853 uriores
2469 2799 2878 2868 sanctioresque
2919 2815 3138 2854 versare
3179 2800 3551 2868 cogitationes.
3575 2801 3629 2852 At
3657 2799 3699 2850 tl-

2213 2884 2299 2922 um
2333 2881 2516 2925 sancta
2543 2880 2598 2925 et
2629 2879 2778 2924 casta
2814 2871 3066 2937 deinceps
3109 2884 3333 2938 semper
3376 2871 3605 2938 cogitare
3633 2882 3698 2920 ne-

2189 2952 2294 3006 que
2321 2939 2429 2999 hic,
2457 2950 2549 2993 aut
2573 2941 2798 3008 quilibet
2827 2940 2965 2993 alius
2994 2939 3350 3009 philosophus
3379 2939 3612 3009 asseruit,
3638 2954 3700 2988 tte-

2191 3023 2299 3080 que
2324 3011 2415 3064 ulli
2451 3007 2606 3080 plane
2639 3007 3059 3078 philosoplio,‘si
3103 3011 3151 3062 id
3186 3007 3429 3076 unquam
3462 3007 3698 3062 afﬁrmasse

2191 3079 2463 3145 probetur,
2507 3081 2614 3135 ullo
2657 3080 2814 3134 modo
2845 3080 3192 3134 credendum.
3229 3081 3390 3133 Certa
3418 3080 3698 3149 siquidetnct

2189 3153 2456 3204 communi
2501 3151 2735 3203 virorum
2776 3151 2938 3205 etiam
2979 3151 3446 3203 sanctissitnormn
3477 3148 3697 3217 experien-

2191 3217 2262 3272 tia
2311 3229 2543 3282 constat,
2583 3221 2786 3274 nulluut
2834 3221 2933 3273 nisi
2976 3218 3245 3286 singulari
3298 3236 3516 3289 prorsus
3553 3219 3694 3289 divina

2187 3290 2679 3360 omnipotentisque
2719 3291 2903 3360 gratiae
2955 3289 3246 3355 beneﬁcio,
3281 3286 3423 3358 quod
3457 3291 3616 3348 l‘aulo,
3643 3286 3694 3337 uti

2134 3397 2141 3408 .
2189 3357 2437 3424 vidimus,
2464 3375 2567 3414 non
2593 3357 2702 3414 Tuit
2723 3357 3076 3420 concessum,
3112 3360 3179 3413 ab
3208 3357 3364 3414 omni
3401 3360 3564 3416 carnis
3591 3366 3694 3409 motu

2188 3428 2350 3503 217
2380 3439 2434 3484 et
2457 3429 2788 3503 titillatione,
2821 3431 2934 3484 sive
2958 3429 3253 3503 vigilando,
3279 3431 3392 3485 sive
3421 3430 3693 3503 dormienda,

2188 3513 2285 3580 Pe",
2311 3499 2526 3568 ἰοηειιιυ
2552 3501 2673 3555 Vita:
2697 3517 2807 3556 suae
2839 3511 3049 3570 tempus
3083 3499 3257 3554 fuisse
3288 3503 3501 3556 omnino
3523 3501 3693 3553 liberum

2188 3580 2241 3623 et
2275 3585 2591 3624 immunem.

2707 3663 3105 3721 ARTICULL‘S
3143 3663 3228 3721 Vl.

2261 3756 2336 3810 De
2374 3755 2674 3824 tlteologicis
2719 3759 2938 3827 gnostici
2989 3759 3291 3824 virtutibus,
3341 3759 3461 3822 ﬁde,
3505 3771 3580 3822 spe
3610 3763 3646 3805 et

2834 3829 3114 3882 charitate.

2258 3920 2338 3974 Ad
2383 3919 2710 3989 theologicas
2749 3921 2976 3992 virtutes
3029 3923 3174 3991 quod
3215 3931 3447 3992 spectat,
3477 3921 3564 3972 lide
3598 3931 3687 3992 gna-

2188 3992 2380 4046 sticum
2415 3993 2708 4044 consistere
2738 3989 2987 4045 Clemens
3018 3989 3270 4061 perhibet
3311 3993 3374 4047 “.
3414 3989 3689 4061 πέπηγεντῇ

2189 4062 2366 4114 πίστει
2417 4062 2446 4114 ὁ
2490 4062 2804 4128 γνωστικός.
2854 4061 2928 4114 Ex
2972 4060 3054 4116 his
3111 4074 3295 4116 autem
3353 4079 3466 4131 qua:
3513 4060 3542 4112 a'
3581 4060 3687 4131 nobis

2189 4133 2254 4202 110
2293 4131 2393 4184 hac
2421 4133 2615 4185 virtute
2652 4132 2898 4202 superius
2921 4134 3190 4201 disputata
3239 4129 3385 4195 sunt,
3420 4129 3685 4202 0001101011·

2188 4201 2402 4255 scurum
2450 4216 2572 4255 esse
2623 4210 2798 4268 potest
2835 4201 3164 4257 Clementem
3213 4207 3542 4256 existimasse
3585 4201 3687 4252 illam

2191 4288 2297 4326 non
2338 4272 2508 4325 solum
2539 4271 2822 4340 gnosticis,
2855 4273 2994 4326 sicut
3023 4283 3078 4327 et
3103 4273 3225 4327 aliis
3254 4273 3578 4331 Christianis,
3605 4282 3686 4322 esse

2121 4351 2164 4405 D
2193 4341 2411 4396 00101110
2457 4343 2836 4405 necessariam,
2889 4343 2983 4395 sed
3039 4343 3091 4396 in
3140 4343 3249 4397 illis
3302 4357 3504 4412 quoque
3542 4343 3685 4412 debere

2192 4426 2312 4479 esse
2337 4412 2728 4478 perlectiorem.
2781 4412 2856 4465 De
2906 4413 3008 4467 hoc
3052 4425 3231 4466 autem
3278 4410 3396 4466 ﬁdei
3428 4410 3474 4467 in
3501 4410 3684 4479 gnostico

2191 4492 2244 4534 et
2269 4473 2591 4536 Christianis
2634 4484 2804 4548 magis
2835 4481 3093 4551 perfectis
3129 4485 3454 4538 incremento
3489 4473 3533 4534 et
3555 4478 3684 4533 excel-

2195 4553 2361 4604 lentia
2398 4554 2510 4604 luce
2543 4553 2610 4605 ab
2641 4551 2728 4603 illo
2755 4554 2952 4606 dictata
2989 4554 3214 4620 legimus
3241 4555 3323 4605 '7:
3362 4573 3379 4604 1
3413 4555 3527 4620 00111
3553 4561 3681 4604 autem

2192 4621 2387 4676 eximie
2418 4623 2897 4689 superwdilicatur,
2931 4624 3070 4675 lideli
3099 4633 3578 4679 consumtuatnr,et
3603 4632 3683 4669 ru!-

2196 4707 2285 4744 sus
2313 4692 2591 4759 perlicitur
2626 4705 2880 4759 peream,
2909 4709 3025 4759 qua:
3069 4697 3282 4747 accedit
3321 4710 3384 4747 ex
3420 4693 3681 4759 doctrinae!

2198 4756 2406 4832 ratione
2440 4756 2725 4830 peragendi
2779 4756 3048 4825 mandata,
3085 4764 3272 4832 quales
3300 4774 3444 4818 erant
3488 4756 3680 4829 apostoli.

2195 4835 2261 4884 de
2297 4831 2493 4900 quibus
2530 4831 2730 4884 dictum
2776 4845 2855 4887 est
2908 4832 3064 4886 iidem
3104 4831 3340 4888 utentes
3385 4839 3680 4887 transinovere

2195 4912 2248 4955 et
2281 4899 2503 4971 arbores
2535 4899 2949 4969 transplantare.
2985 4901 3136 4956 Unde
3165 4920 3285 4956 cum
3315 4905 3576 4958 sensissent
3599 4910 3679 4971 11111·

2197 4970 2536 5054 gnitudinetn
2576 4973 2892 5054 potestatis,
2929 4974 3185 5054 rogabant
3237 4984 3294 5027 ut
3337 4970 3677 5054 atldereturntlf

2198 5037 2351 5103 ﬁdes.
2396 5056 2515 5108 qua:
2577 5037 2635 5095 ut
2689 5037 2919 5111 granum
2973 5037 3179 5112 sinapis
3235 5037 3677 5112 morderetntilitrr

2197 5111 2454 5172 animam,
2485 5120 2542 5164 et
2577 5112 2626 5164 in
2674 5113 2785 5180 ipsa
2826 5113 2962 5166 adeo
2993 5111 3278 5176 cresceret,
3316 5125 3372 5166 ut
3404 5115 3449 5163 in
3493 5111 3582 5178 ipsa
3619 5120 3673 5155 l1:-

2193 5180 2536 5254 qniescereut
2575 5183 2640 5254 de
2672 5184 2830 5236 rebus
2858 5185 3178 5236 sublimibus
3206 5188 3500 5254 rationes.)
3577 5245 3586 5254 ν

2264 5249 2368 5304 Sed
2402 5251 2543 5322 hanc
2579 5250 2734 5304 [idem
2767 5269 2890 5306 cum
2919 5270 3009 5322 spe
3038 5254 3312 5321 gnosticus
3352 5255 3414 5304 ad
3452 5249 3586 5303 futuri
3612 5254 3672 5292 cx-

2184 5321 2582 5392 spectationeut
2628 5325 2909 5392 conjungit
2948 5321 3001 5378 et
3049 5324 3368 5390 permiscet:
3399 5341 3416 5373 1
3454 5323 3670 5392 δοτικῖιιινο

2184 5395 2269 5446 ait
2295 5392 2542 5446 Clemens
2567 5391 2629 5451 ⁸⁸.
2657 5391 2851 5460 juncto
2875 5409 2993 5448 cum
3021 5395 3286 5458 columba,
3322 5391 3466 5447 simul
3497 5393 3668 5456 periei-'6

2519 5544 2563 5575 ⁶¹
2590 5543 2690 5600 loc.
2723 5547 2814 5598 cit.
2889 5547 2933 5575 ⁸³
2975 5545 3147 5600 Laert.
3168 5544 3204 5594 l.
3232 5559 3258 5595 ι
3294 5543 3341 5592 in
3373 5539 3474 5589 Vita
3492 5527 3662 5597 Epicuri,

2281 5614 2352 5687 ,1η
2410 5612 2438 5684 §
2475 5614 2540 5668 δυ
2562 5617 2942 5684 problem.ult.
3055 5615 3100 5645 ιι
3131 5617 3327 5669 Suom.
3363 5614 3394 5663 ι.
3442 5622 3552 5671 ηιμ.
3578 5601 3662 5652 .m.
