3924 6306
499 265 636 319 lilii

1127 263 1194 320 ΙΝ
1229 265 1647 322 CLEMENTEM
1684 265 1884 321 ALEX.
1929 263 1990 321 ι).
2031 263 2112 318 LE
2144 263 2430 324 NOURBY
2468 269 2917 328 DISSERTATIO
2949 273 3014 330 11.

3531 276 3632 329 ιῗῖὄ

497 397 579 440 est
616 389 809 463 horum
844 397 1030 463 atque
1053 389 1395 463 superiorum
1442 387 1740 463 Clementis
1775 390 2063 463 verborum
2097 387 2139 442 Δ
2169 389 2317 451 dam,
2365 405 2486 460 quae
2535 392 2694 448 fidem
2741 409 2841 462 per
2875 395 3194 448 charitatetn
3236 389 3300 448 ad
3338 398 3637 463 cognitionem

499 471 716 511 sensus.
753 459 948 524 Aperte
991 460 1253 524 siquzdem
1289 460 1375 512 ille
1429 461 1560 513 dict
1607 462 1911 529 gnostit-um
1961 476 2063 509 non

502 537 721 598 propter
755 529 1004 596 promissi
1055 529 1272 580 honoris
1296 546 1468 596 spem,
1505 533 1597 582 sed
1644 541 1859 598 propter
1895 529 2065 580 solam

504 597 830 650 charitatein
869 613 1064 665 agere;
1104 599 1226 666 quia
1259 599 1398 652 Deus
1434 601 1546 668 ipse
1566 597 1763 652 retenta
1787 599 1902 664 ejus
1931 614 2068 651 incr-

503 681 597 719 ces
628 676 684 720 et
714 668 944 722 felicitas
978 681 1079 720 est.
1128 669 1251 722 llaec
1301 669 1480 737 itaque
1529 671 1768 723 Charitas
1813 668 2066 738 promissi

506 738 879 791 tantummodo
934 739 1135 790 terreni
1207 738 1487 806 cujusdam
1552 741 1811 800 honoris,
1850 740 2070 792 minime

506 820 636 860 vero
667 807 1014 861 beatitudinis
1041 817 1256 862 interna:
1293 825 1440 876 spem
1468 809 1722 863 excludit.
1762 811 1824 864 Et
1853 811 1903 861 id
1949 810 2070 875 qui-

506 876 627 930 dem
665 891 724 930 ex
755 878 842 942 iis,
881 893 1000 947 qua:
1033 882 1375 932 continenter
1414 878 1663 933 Clemens
1705 881 1983 933 subtexuit
2015 887 2072 932 et

506 961 537 998 a
576 948 822 1017 mysticis
860 949 1058 1001 Omissa
1100 960 1245 1010 sunt,
1291 950 1697 1003 evidentissima
1733 955 2072 1002 demonstra-

507 1027 595 1087 tur
630 1032 644 1070 :
688 1035 706 1067 ι
736 1018 855 1072 Jam
877 1034 1028 1084 vero,
1073 1019 1244 1084 inquit
1291 1020 1428 1086 ipse,
1494 1035 1558 1072 ex
1589 1035 1814 1087 persona
1848 1019 1936 1071 Dei
1971 1021 2070 1072 Do-

507 1086 656 1139 mino
681 1089 883 1142 dictum
929 1099 1009 1142 est
1045 1105 1058 1139 :
1112 1088 1230 1141 Pete
1273 1107 1303 1140 a
1342 1107 1442 1146 me.
1497 1101 1542 1142 et
1582 1086 1716 1142 dabo
1756 1091 1848 1141 tibi
1896 1101 2070 1157 gentes

507 1157 863 1228 hwreditalem
883 1169 1024 1210 tuam
1040 1159 1104 1212 ³ο.
1129 1160 1319 1211 l’ctitio
1340 1161 1570 1212 maxime
1592 1163 1756 1228 regia,
1773 1177 1892 1226 qua:
1913 1162 2072 1212 ducet

511 1227 786 1280 hominum
818 1229 1046 1281 salutem
1109 1231 1213 1296 peti
1257 1231 1374 1283 sine
1411 1227 1677 1293 mercede,
1725 1251 1741 1280 ι
1794 1231 1928 1282 haud
1968 1231 2070 1281 dn-

511 1297 600 1367 ltie
633 1305 846 1351 terrena
874 1310 927 1352 et
954 1302 1208 1352 humana.
1243 1301 1438 1353 Ibidem
1471 1305 1662 1367 quippe.
1691 1302 1777 1353 ille
1816 1301 2022 1352 addidit
2054 1317 2064 1349 :

516 1385 533 1416 ι
563 1366 629 1421 Ut
653 1383 748 1420 nos
771 1368 940 1423 simus
965 1370 1227 1427 haerentes.
1250 1382 1298 1424 et
1327 1366 1692 1437 possideantus
1715 1371 2017 1424 υοιιιίιιιιιιι.
2046 1389 2065 1420 ι

511 1437 703 1510 l‘iescio
743 1453 872 1492 sane
918 1449 1096 1492 utrmn
1151 1442 1218 1492 ad
1273 1439 1656 1493 destruendam
1716 1441 2070 1510 mysticorum

513 1508 792 1560 hominum
840 1510 906 1560 de
945 1525 1077 1577 puro
1118 1524 1303 1561 amore
1342 1511 1649 1578 opinionem
1692 1508 1922 1564 validius
1968 1511 2071 1564 ali-

511 1582 640 1647 quid
674 1589 727 1631 ct
751 1578 1021 1633 efﬁcacius
1052 1581 1285 1648 proferri
1315 1590 1498 1648 queat.

588 1648 792 1716 Urgent
841 1661 1039 1710 tamen,
1087 1661 1142 1702 et
1188 1654 1522 1703 contendunt
1566 1666 1584 1700 ι
1621 1665 1812 1719 purum
1852 1668 1870 1700 ι
1921 1649 2072 1704 illunt

2143 465 2541 535 transcendit).
2591 470 2727 520 Cum
2793 477 2973 518 autem
3043 465 3356 535 judicaverit
3413 469 3636 530 pulchrum

2143 549 2265 589 esse
2293 547 2349 591 et
2383 533 2672 591 honestum
2706 537 2758 590 id
2790 536 2936 604 quod
2974 535 3172 604 bonum
3209 542 3289 586 est
3313 533 3485 604 facere,
3513 537 3642 589 velte-

2147 616 2361 660 menter
2392 608 2613 662 incitata
2644 603 2889 676 operatio
2923 605 2976 658 in
3006 603 3258 657 omnibus
3286 603 3446 676 rcipsa
3470 606 3582 659 bene
3603 623 3645 660 se

2149 677 2314 748 gerit,
2346 693 2458 748 non
2483 678 2570 748 λιιι-
2603 675 2796 748 aliquo
2818 676 3042 748 quidem
3063 683 3228 748 _recte
3247 715 3261 735 ,
3294 675 3345 748 in
3375 675 3529 744 aliquo
3551 693 3649 728 vero

2171 741 2314 797 ito";
2368 742 2462 798 sed
2483 745 2536 798 in
2559 741 2922 812 benefaciendi
2950 744 3137 794 habitu
3175 741 3471 806 constituta,
3515 760 3650 812 neque

2169 817 2434 879 praeterea
2485 819 2706 879 propter
2747 811 2994 876 gloriam,
3037 823 3152 867 aut.
3201 824 3258 862 ut
3284 812 3553 879 philosophi
3587 811 3651 865 iii-

2171 877 2552 948 cunltfamam
2595 877 2879 940 illustrem,
2925 897 3096 948 neque
3127 892 3344 946 propter
3388 877 3654 940 tueri-edent.

2170 945 2364 1019 an_t__ab
2395 948 2724 1019 hominibus,
2750 959 2838 1000 aut
2869 966 2897 1002 a
2931 945 3060 1013 Deo,
3089 951 3151 1001 ad
3197 945 3468 1019 imaginem
3515 965 3560 1006 et
3604 957 3655 1005 si-

2173 1017 2528 1069 militudinem
2579 1018 2788 1071 Domini
2827 1021 2985 1073 vitam
3039 1017 3325 1088 peregerit.
3373 1043 3389 1071 i
3421 1023 3564 1087 Quid,
3602 1026 3659 1074 in-

2171 1089 2386 1152 quiunt,
2419 1088 2483 1138 ad
2513 1102 2704 1152 purum
2749 1089 2840 1142 Dei
2873 1107 3112 1144 amorem
3150 1093 3513 1144 declarandum
3538 1106 3582 1145 et
3600 1111 3662 1145 δι’

2172 1156 2456 1208 serendum
2485 1157 2687 1211 clarius
2721 1169 2777 1212 et
2804 1159 3128 1216 dilucidius?
3149 1163 3426 1214 Enimvero
3446 1163 3661 1223 Clemens,

2174 1237 2401 1300 pergunt
2436 1227 2528 1300 illi,
2591 1228 2662 1280 ibi
2705 1232 2982 1297 expressis
3014 1235 3189 1285 verbis
3222 1230 3378 1284 docet
3419 1234 3662 1300 gnosticnm

2177 1296 2266 1369 Dei
2299 1298 2660 1369 cognitionem
2692 1296 2901 1353 caeteris
2927 1302 3182 1355 omnibus
3207 1302 3286 1353 sic
3313 1296 3562 1369 praeferre.
3581 1306 3664 1355 sive

2174 1367 2343 1420 Deum
2389 1368 2459 1419 ita
2490 1383 2698 1431 amare,
2724 1382 2778 1421 nt
2813 1370 2962 1423 illum
3007 1387 3180 1437 neque
3223 1367 3436 1440 propter
3471 1374 3667 1439 gloriam,

2174 1452 2348 1503 neque
2380 1447 2612 1509 propter
2648 1439 2802 1492 fallite
2844 1439 3237 1505 celebritatem,
3294 1458 3460 1508 neque
3501 1453 3672 1509 propter

2175 1507 2504 1579 mercedem,
2535 1519 2628 1561 aut
2654 1512 2721 1560 ab
2748 1509 3073 1571 hominibus,
3108 1523 3199 1562 aut
3223 1512 3290 1562 ab
3316 1507 3428 1579 ipso
3458 1513 3551 1565 Deo
3571 1507 3674 1564 acci-

2176 1575 2448 1648 piendam,
2479 1580 2572 1630 sed
2597 1591 2818 1646 propter
2841 1582 2987 1633 illum
3015 1583 3305 1648 ipsummet
3327 1575 3490 1634 solum
3513 1583 3672 1647 diligat.

2175 1647 2314 1720 Quid
2343 1662 2498 1720 vero,
2530 1652 2673 1716 quod
2703 1650 2867 1704 Deum
2898 1647 3081 1706 amore
3123 1663 3229 1704 tam
3260 1667 3393 1719 puro
3433 1653 3602 1720 diligit,
3636 1667 3675 1703 ιιι

519 1719 607 1771 Dei
659 1735 896 1798 atriorqu
939 1720 1023 1798 his
1068 1721 1345 1798 evidenter
1385 1717 1896 1798 proliari‘ejnsdetn
1955 1721 2074 1798 Cle-
2105 1743 2146 1798 Β
2178 1719 2303 1771 huic
2331 1717 2562 1798 salutem
2602 1731 2885 1781 aeternam,
2930 1723 2974 1773 si
3009 1717 3410 1798 ab__illo_posset
3446 1717 3677 1798 aliquando

518 1791 711 1843 mentis
735 1789 915 1844 verbis
953 1790 1039 1842 3‘:
1078 1809 1095 1840 ι
1131 1791 1186 1843 Si
1229 1806 1356 1858 ergo
1399 1793 1574 1844 omnis
1623 1791 1954 1858 conjunctio,
1995 1793 2073 1844 oi-

515 1859 734 1923 κείωσις
775 1859 1190 1930 (familiaritas),
1224 1877 1342 1927 qua:
1367 1878 1487 1914 cum
1520 1862 1605 1925 iis,
1633 1879 1752 1930 qua:
1781 1873 1906 1914 sunt
1935 1864 2070 1915 bona

515 1939 571 1984 et
607 1935 850 1992 honesta,
900 1931 970 1984 τὰ
1009 1931 1168 1990 καλὰ,
1219 1933 1402 1994 initur,
1449 1935 1504 1983 lit
1546 1949 1665 1984 cum
1721 1933 2070 2001 appetitione,

516 2004 784 2068 quomodo
812 2011 988 2069 potest
1020 2018 1138 2055 esse
1163 2002 1278 2055 sine
1321 2003 1656 2069 passionibns
1689 2003 1732 2056 is
1753 2003 1842 2071 qui
1867 2017 1930 2054 ea
1954 2018 2075 2070 qua:

517 2083 642 2126 sunt
669 2073 890 2125 honesta
923 2073 1160 2140 expetit?
1192 2072 1296 2126 Sed
1340 2073 1413 2135 hi,
1459 2085 1514 2124 nt
1559 2075 1792 2136 videtur,
1829 2074 2076 2126 nesciunt

520 2142 855 2196 divinitatem
900 2143 1205 2196 cbaritatis.
1260 2140 1376 2194 Non
1413 2152 1494 2196 est
1531 2145 1674 2196 enim
1723 2146 1910 2210 utiqtte
1946 2144 2076 2196 cha-

521 2213 652 2266 ritas
680 2213 818 2281 ejus,
870 2216 960 2282 qui
1017 2213 1210 2279 diligit,
1245 2215 1528 2281 appetitio,
1566 2213 1660 2266 sed
1688 2223 1772 2266 cst
1817 2213 2073 2268 benevola

517 2293 570 2337 et
601 2283 761 2355 ﬁrma
783 2283 1108 2351 coniunctio.
1136 2283 1423 2355 στερκτικὴ
1445 2283 1841 2354 οἰκείωσιςξβειι
1862 2284 2075 2335 amandi

521 2355 570 2406 vi
605 2354 824 2422 prtcdita
859 2354 1238 2424 familiaritas),
1267 2355 1319 2406 in
1345 2366 1606 2407 unitatem
1639 2356 1758 2406 fidei
1790 2355 2079 2406 restituens

520 2424 845 2492 guosticum,
872 2424 988 2476 loco
1011 2433 1063 2477 et
1086 2435 1327 2492 tempore
1355 2426 1576 2477 minime
1600 2424 1952 2493 indigentem.
1975 2425 2076 2488 Qui

520 2505 697 2563 autem
731 2509 826 2563 per
860 2494 1179 2546 cbaritatcm
1217 2499 1322 2560 jam
1356 2496 1512 2548 fuerit
1549 2495 1598 2545 in
1629 2495 1712 2556 iis,
1757 2496 1955 2561 quibus
1996 2504 2080 2546 est

521 2562 756 2638 futurus,
802 2565 982 2638 utqui
1030 2580 1176 2638 spem
1216 2565 1534 2638 perceperit__
1552 2581 1646 2638 per
1689 2565 2076 2638 cognitionem,

525 2636 658 2688 nihil
686 2637 911 2702 expetit,
936 2647 994 2686 ιιι
1015 2636 1130 2701 qui,
1156 2637 1332 2703 quoad
1359 2636 1477 2703 ejus
1509 2636 1622 2687 ficri
1653 2634 1848 2704 potest,
1875 2634 2080 2704 habeat

523 2705 664 2773 quod
697 2715 773 2758 est
817 2708 1195 2774 expetendum.
1239 2705 1430 2759 Merito
1463 2703 1825 2774 ergost’nanet
1872 2703 1924 2774 in
1975 2720 2080 2756 uno

526 2772 844 2848 immutabili
889 2772 1105 2836 habitu,
1134 2776 1485 2848 diligensex
1527 2772 1858 2848 cognitione.
1895 2772 2081 2848 l‘leque

523 2861 652 2914 ergo
697 2847 1002 2899 vehementi
1049 2845 1281 2900 ardebit'
1309 2847 1600 2908 desiderio,
1650 2857 1705 2898 ut
1751 2845 2083 2898 assimiletur

527 2917 702 2978 bonis,
739 2932 859 2970 cum
898 2918 1093 2970 habeat
1129 2932 1224 2983 per
1250 2917 1567 2971 charitatetn
1612 2917 1660 2969 id
1695 2917 1838 2984 quod
1875 2925 1958 2970 est
1990 2915 2085 2968 bo-

528 3003 652 3039 num
686 2997 735 3041 et
771 2989 1074 3040 honestum.
1097 2988 1431 3041 Conlidentia
1475 2997 1656 3039 autem
1700 2997 1755 3040 et
1784 2986 2084 3051 «:upiditate

523 3057 650 3126 quid
677 3059 726 3112 ei
759 3061 935 3112 adhuc
963 3068 1043 3111 cst
1072 3072 1227 3123 Opus,
1254 3058 1344 3124 qui
1370 3073 1494 3112 cum
1542 3058 1648 3109 Deo
1681 3057 1842 3109 nullis
1872 3057 2079 3126 pas_sio-_

526 3122 687 3181 nibus
731 3129 965 3181 obnoxio
1009 3122 1425 3180 l'atiiiliarttateni
1471 3126 1742 3194 acceperit
1791 3141 1885 3194 per
1929 3122 2108 3178 chari-

527 3207 718 3260 tatem,
745 3208 800 3252 et
828 3215 922 3267 per
951 3213 1067 3250 eam
1115 3211 1173 3250 se
1217 3196 1288 3267 in,
1319 3197 1436 3264 ejus
1478 3197 1792 3267 amicorum,
1821 3208 2108 3267 numerum

527 3266 859 3338 ascripserit.
895 3287 912 3317 ι
944 3267 1144 3320 Verum
1167 3266 1318 3335 quid,
1343 3267 1536 3320 amabo
1564 3282 1678 3328 vos,
1709 3266 1834 3319 inde
1863 3266 1929 3318 ad
1962 3284 1980 3338 ι
2012 3280 2110 3338 pu-

533 3353 648 3390 rum
675 3335 706 3388 “ι
734 3341 824 3392 Dei
874 3353 1111 3392 amorem
1141 3341 1490 3392 asserendnm
1526 3339 1702 3405 colligi
1761 3335 1980 3404 potest?
2011 3336 2083 3389 lbt

531 3410 673 3461 enim
703 3409 954 3462 Clemens
981 3409 1217 3476 loquitur
1248 3411 1314 3460 de
1342 3410 1608 3476 gnostico,
1663 3409 1754 3477 qui
1809 3409 1985 3460 adhuc
2031 3408 2084 3458 in

532 3479 634 3532 hac
660 3484 766 3531 vita
796 3480 1120 3533 constitutus
1149 3479 1336 3543 Deum,
1378 3481 1552 3546 quoad
1581 3493 1698 3546 ejus
1724 3478 1837 3531 fieri
1886 3487 2083 3544 potest,

531 3548 769 3616 perlecta
812 3553 1078 3604 charitate
1125 3551 1381 3618 possidet.
1430 3550 1590 3618 Atqui
1646 3549 1785 3601 idem
1834 3546 2087 3603 Clemens

534 3621 773 3672 declarat
801 3621 931 3673 nihil
966 3623 1034 3675 ab
1061 3635 1125 3675 eo
1147 3622 1349 3688 expeti,
1375 3621 1637 3672 eadm-um
1667 3619 1872 3672 scnlicet
1898 3628 1952 3671 et
1977 3629 2087 3671 ter-

535 3701 728 3755 restre,
750 3693 894 3758 quod
923 3694 1095 3762 ipsum
1121 3708 1149 3744 a
1176 3693 1304 3754 Deo,
1331 3693 1416 3744 cui
1463 3691 1732 3742 cbaritate
1765 3689 2089 3762 eonjunctus

529 3771 634 3831 est,
667 3771 874 3831 avertat
906 3759 999 3814 aut
1051 3772 1285 3831 separet.
1343 3763 1710 3831 Quamobrem
1757 3763 1868 3828 ipse
1902 3759 2040 3831 dixit.
2071 3777 2084 3812 :

531 3829 676 3905 post,
705 3830 935 3902 ζηλώσει
978 3829 1364 3905 ἐξομὸιωθῆναι
1413 3833 1524 3894 τοῖς
1574 3830 1778 3894 καλοῖς,
1836 3848 1854 3880 ι
1895 3829 2015 3905 aliis
2057 3845 2087 3883 a

534 3902 646 3955 Deo
667 3901 818 3956 bonis
835 3901 1122 3958 assiniila'ri
1165 3901 1465 3957 vehementi
1489 3905 1666 3956 studio
1685 3917 1788 3954 non
1813 3901 2040 3952 ardebit.
2065 3920 2084 3952 ι

534 3975 638 4026 Sed
671 3977 908 4042 nunquid
937 3977 1040 4028 hoc
1079 3976 1302 4043 impedit
1337 3976 1634 4042 quominus
1671 3984 1930 4043 aeternam
1973 3972 2090 4024 feli-

529 4046 747 4096 citatem
794 4041 1006 4112 Speret,
1061 4041 1210 4114 optet
1253 4055 1307 4098 et
1350 4041 1668 4112 exspectet?
1715 4041 1931 4114 Minime
1972 4043 2091 4110 qui-

531 4115 673 4166 dem.
708 4113 777 4168 Ει
808 4111 934 4169 vero
977 4118 1028 4169 id
1061 4111 1165 4169 non
1194 4115 1365 4168 solum
1406 4111 1472 4168 ett
1518 4114 1658 4165 infra
1698 4111 1942 4165 dicendis
1977 4114 2087 4166 evi-

533 4183 848 4256 dentissime
871 4187 1117 4254 patebit:
1148 4187 1238 4240 sed
1269 4188 1496 4256 ipsemet
1527 4194 1734 4256 auctor
1764 4191 1949 4256 noster
1989 4184 2090 4256 hoc

534 4253 652 4321 ipso
676 4255 792 4308 loco
822 4253 1020 4327 asserit
1045 4253 1372 4327 gnosticu'nt,
1425 4255 1667 4327 perfecta
1690 4253 1964 4327 charitate
2007 4253 2092 4327 in-

533 4337 839 4397 δινιιεῑυιηι
887 4325 1008 4382 ideo
1048 4321 1195 4380 iiihil
1239 4321 1530 4397 expete—rc;
1582 4325 1705 4390 quia
1756 4323 1854 4394 τὴν
1891 4321 2090 4397 Λὲλπιδα.

531 4394 873 4470 προειληφὼς
908 4398 994 4452 διὰ
1048 4399 1146 4470 τῆς
1198 4394 1470 4468 γνώέιεως,
1508 4413 1526 4447 ι
1565 4409 1659 4463 per
1705 4395 2087 4470 cognitionem.

531 4482 680 4534 spem
714 4467 750 4520 ,⁷
788 4467 927 4522 haud
960 4467 1118 4524 dubie
1151 4467 1346 4524 futura:
1371 4471 1495 4523 vita:
1546 4485 1564 4518 ι
1622 4467 2020 4529 antictpaverit,
2069 4483 2088 4515 ι

535 4538 786 4610 nimirum
815 4542 940 4608 quia
969 4558 1052 4602 ca,
1085 4557 1191 4610 qua
1224 4541 1333 4594 Deo
1361 4541 1576 4598 fruitur,
1618 4541 1958 4604 possessione
2001 4537 2094 4589 de-

532 4605 688 4678 licias
713 4605 945 4678 speratae
978 4605 1190 4664 teterine
1223 4611 1497 4664 felicitatis
1525 4615 1839 4676 pra-gustat.

609 4677 807 4734 Potiori
839 4683 1065 4736 lorsitan
1109 4684 1232 4750 jure
1277 4681 1608 4734 recentiores
1649 4677 1862 4750 mystici
1903 4677 1954 4730 in
1985 4689 2095 4730 sua!

532 4751 598 4806 de
632 4767 768 4820 puro
799 4768 986 4807 amore
1023 4749 1292 4820 opinionis
1334 4751 1692 4820 patrm-inium
1743 4749 1946 4820 aliahin
1980 4763 2094 4800 me-

534 4817 682 4874 dinin
731 4823 1027 4889 adducunt,
1058 4817 1266 4892 quibus
1301 4817 1694 4892 disertissime
1729 4835 1758 4870 a
1818 4817 2098 4871 Clemente

534 4893 883 4946 constitutum
918 4905 1019 4957 est,
1053 4889 1194 4962 quod
1220 4894 1263 4944 si
1296 4891 1390 4944 Dei
1419 4889 1618 4959 γνῶσις
1649 4891 1718 4941 ab
1761 4900 2098 4962 aeternasa-

534 4963 647 5016 lute
679 4976 861 5032 posset
896 4960 1130 5034 unquam
1157 4964 1423 5030 separari,
1460 4973 1587 5034 tunc
1627 4963 1908 5034 gtiosticus
1930 4960 2096 5034 illam

535 5034 735 5102 eligere
759 5032 1109 5089 omnino—non
1133 5035 1444 5086 dubitaret:
1478 5049 1496 5081 ι
1537 5032 1592 5084 Si
1627 5033 1748 5098 quis
1793 5045 1889 5099 per
1925 5033 2096 5099 hypo-

537 5106 730 5158 thesim
787 5107 971 5175 (verba
999 5107 1292 5175 Clementis
1323 5113 1448 5155 sunt
1481 5102 1572 5170 ⁸³).
1628 5105 1870 5169 gnostico
1905 5117 2098 5175 propo—

534 5177 706 5228 suerit
763 5173 943 5229 utrum
996 5177 1147 5228 tnalit
1191 5174 1282 5227 Dei
1333 5177 1723 5243 cognitionem,
1760 5190 1828 5224 an
1871 5173 2101 5225 salutem

537 5257 828 5308 atternam;
860 5248 969 5299 sint
1001 5257 1180 5299 autem
1205 5261 1266 5297 ca
1296 5254 1572 5314 separata,
1603 5261 1724 5297 cum
1751 5244 1859 5296 sint
1883 5247 2104 5314 omnino

533 5320 761 5382 eadem;
794 5317 924 5370 nihil
973 5320 1187 5385 penitus
1220 5313 1474 5367 dubitans
1519 5315 1744 5381 elegerit
1779 5314 1871 5366 Dci
1917 5313 2105 5380 cogni-

539 5387 764 5448 tionem,
792 5396 1016 5455 pr0pter
1045 5403 1103 5440 se
1124 5386 1372 5456 judicans
1416 5400 1537 5439 esse
1563 5387 1921 5454 expetendam
1962 5397 2101 5445 eam,

539 5468 658 5524 quae
691 5459 848 5512 fidem
882 5455 1281 5511 transcenderit
1328 5471 1425 5526 per
1456 5457 1777 5508 ibaritatem
1814 5457 1879 5509 ad
1912 5455 2097 5522 cogni-

541 5527 764 5590 tionem,
795 5533 1180 5599 proprietatem
1214 5528 1320 5598 (vel
1378 5527 1536 5595 paulo
1573 5527 1772 5580 clarius
1804 5568 1818 5587 ,
1861 5526 1981 5592 quia
2021 5540 2104 5590 ju-

537 5601 680 5655 dicat
729 5617 846 5650 cam
896 5617 1014 5654 esse
1059 5609 1442 5667 proprietatem
1491 5612 1712 5665 propter
1745 5614 1802 5650 se
1851 5612 2103 5664 eripe-ten-

607 5773 654 5806 ⁸⁸
685 5776 831 5830 Ρδιιι.
874 5788 931 5834 ιι.
961 5775 1011 5826 8.

1083 5772 1334 5825 “Stront.
1366 5771 1402 5821 I.
1438 5783 1585 5836 ν1,ιι.
1619 5767 1740 5824 651.
1838 5763 1885 5797 ⁸³
1915 5761 1954 5826 Ι.
1981 5779 2054 5834 ιν.
2087 5782 2118 5838 Ρ

2111 3103 2153 3160 C

2125 5802 2142 5820 .
2167 5765 2291 5822 5‘29.

2179 1787 2632 1860 scparari,_l_onge
2655 1801 2976 1858 postponere
3007 1792 3152 1844 nullo
3173 1787 3338 1860 plane
3381 1787 3539 1846 modo
3559 1793 3678 1844 haesi-

2179 1867 2338 1921 taret,
2367 1858 2655 1927 malletque
2675 1871 2874 1913 aeterna
2905 1863 3080 1917 salute
3112 1858 3338 1932 privari,
3362 1878 3515 1932 quam
3543 1864 3676 1933 ipsum

2180 1944 2286 1982 non
2316 1943 2611 1998 agnoscere
2633 1941 2686 1984 et
2713 1933 2932 1986 amare?

2253 1998 2357 2052 Sed
2384 2000 2569 2071 sedulo
2613 2002 3008 2070 observandum
3068 2002 3199 2057 illud
3254 2013 3360 2066 est,
3409 2004 3538 2071 quod
3578 2003 3678 2053 ditit

2180 2067 2432 2123 Clemens
2462 2088 2481 2121 ι
2521 2070 2612 2124 Dei
2649 2067 3030 2144 cognitionem,
3064 2073 3163 2144 τὴν
3208 2067 3531 2142 γνῶτινέοῦ
3567 2073 3682 2134 Θεοῦ,

2181 2149 2235 2192 et
2281 2151 2541 2216 aeternam
2587 2142 2839 2216 salutem,
2895 2143 2993 2216 τῂν
3047 2142 3324 2216 σωλιηρίαν
3366 2146 3459 2215 τὴν
3501 2143 3684 2216 uidivwi.

2183 2223 2304 2286 esse
2334 2213 2569 2286 omnino
2616 2213 3091 2286 eailetn,_r.dtv~;ui;
3144 2213 3681 2286 ὲῦταυτότήτιὸντα.»

2183 2281 2346 2347 Atqui
2385 2281 2430 2333 si
2459 2281 2570 2335 lucc
2599 2283 2700 2336 sint
2738 2284 2952 2351 penitus
2995 2286 3208 2349 eadein,
3253 2299 3402 2340 certe
3445 2281 3471 2338 ἐι
3506 2302 3556 2338 se
3591 2289 3688 2335 invt-

2183 2365 2300 2404 cem
2335 2355 2578 2425 separari
2613 2368 2882 2421 nunquam
2905 2353 3068 2424 219
3115 2367 3366 2425 possunt.
3415 2355 3522 2410 Non
3558 2367 3688 2422 potest

2183 2436 2314 2490 ergo
2349 2421 2487 2475 Deus
2523 2428 2743 2490 agnosci
2771 2433 2824 2477 et
2863 2421 3062 2488 amuli,
3099 2421 3230 2495 quin
3278 2428 3424 2482 illico
3457 2421 3566 2497 ipsa
3585 2425 3689 2478 Salus

2184 2503 2384 2544 :cterna
2413 2503 2743 2561 agnoscatur
2768 2505 2822 2547 et
2848 2507 3083 2549 ametur.

2257 2563 2346 2622 At,
2373 2562 2606 2628 inquies,
2641 2566 2685 2616 si
2719 2581 2815 2633 per
2853 2567 3190 2634 hypothesim
3232 2577 3451 2634 possent
3478 2567 3690 2633 separari.

2189 2641 2317 2707 tunc
2338 2635 2616 2707 gnosticus
2660 2635 2846 2698 Demu,
2871 2645 2936 2707 ut
2979 2636 3055 2688 ait
3084 2637 3364 2699 Clemens.
3419 2649 3611 2707 propter
3634 2652 3693 2687 5r-

2188 2703 2362 2776 ipsunt
2387 2702 2562 2776 solum
2593 2720 2776 2758 revera
2807 2706 3081 2774 diligeret.
3111 2709 3312 2762 Verum
3359 2702 3468 2762 lucc
3497 2710 3694 2776 hypotltc-

2187 2773 2286 2835 sis,
2315 2773 2476 2826 sicuti
2513 2775 2763 2830 Clemens
2795 2773 3011 2843 quoque
3059 2776 3289 2838 fatetur,
3336 2789 3419 2832 est
3462 2773 3541 2830 rei
3566 2773 3694 2843 plane

2189 2843 2569 2910 itnpossibilis,
2597 2855 2647 2896 et
2669 2863 2786 2912 quae
2812 2847 2959 2899 nullo
2987 2863 3224 2915 unquam
3261 2851 3419 2903 modo
3436 2847 3588 2916 magis
3611 2846 3695 2899 fieri

2188 2917 2406 2996 poterit,
2442 2929 2603 2980 qnam
2633 2929 2688 2969 ut
2723 2917 2862 2996 Deus
2890 2917 3005 2996 ipse
3041 2919 3192 2996 Deus
3212 2935 3323 2996 non
3355 2921 3444 2996 sit.
3471 2919 3696 2996 DiccrgO.

2187 2985 2434 3046 obsecro,
2465 2997 2693 3052 putasne
2719 3004 2783 3040 ex
2819 2985 3022 3042 fictitiis
3051 2999 3106 3042 et
3147 2989 3475 3043 chimaricis
3502 2987 3698 3051 huiusce-

2190 3056 2332 3109 modi
2357 3057 3086 3124 bypothesibusClementem
3111 3062 3405 3126 quamdam
3439 3059 3588 3112 Deum
3604 3073 3700 3124 pure

2187 3129 2400 3178 amandi
2465 3128 2701 3196 regulam
2747 3128 3128 3184 constituisse?
3184 3130 3468 3184 Censesne
3516 3130 3701 3183 iniibus

2188 3196 2400 3268 venisse
2427 3207 2660 3250 mentem
2691 3200 2954 3267 gn0stico.
2978 3210 3035 3252 ut
3067 3200 3232 3252 Deum
3277 3215 3414 3268 puro
3444 3213 3610 3251 amore
3644 3199 3702 3249 di-

2190 3265 2334 3334 ligat,
2368 3269 2670 3339 tingendum
2699 3265 2834 3323 esse
2871 3273 2944 3323 rei
2985 3275 3206 3324 omnino
3241 3265 3601 3339 ,i’mpossibilis
3635 3269 3704 3336 by-

2189 3338 2491 3404 potbesim?
2527 3337 2778 3405 Nunquid
2804 3340 3154 3394 doctissimus
3198 3340 3294 3393 ille
3335 3337 3417 3392 vir
3463 3342 3694 3408 ignorabat

2189 3409 2640 3474 quemadtnodum
2667 3425 2730 3462 ex
2757 3412 2992 3464 absurdo
3027 3410 3160 3464 nihil
3199 3412 3309 3464 nisi
3345 3412 3703 3468 absurdum,tta

2189 3492 2254 3531 ex
2281 3478 2603 3550 impossibili
2632 3481 2762 3532 nihil
2799 3481 2901 3533 nisi
2924 3481 3262 3546 impossibile
3287 3497 3444 3550 Posse
3464 3478 3706 3544 consequi?

2259 3549 2552 3602 Clementis
2587 3551 2772 3619 itaque
2811 3565 2961 3605 mens
2995 3561 3051 3604 et
3089 3549 3300 3605 sensus
3319 3562 3406 3606 est
3448 3551 3534 3603 Dei
3565 3550 3708 3615 cogni-

2193 3617 2395 3673 tionem
2425 3631 2481 3672 et
2515 3617 2781 3684 amorem,
2801 3631 2962 3688 atque
2998 3622 3226 3675 salutem
3255 3633 3512 3676 aeternam
3539 3621 3598 3671 ita
3620 3633 3709 3670 esse

2189 3693 2396 3761 eadem,
2433 3699 2490 3742 ut
2525 3705 2688 3743 unum
2719 3694 2836 3744 sine
2858 3693 3028 3744 altero
3054 3692 3204 3760 diligi
3247 3701 3499 3761 nequeat.
3535 3690 3710 3744 Gnosti-

2191 3775 2291 3814 cus
2342 3760 2507 3828 igitur
2551 3775 2616 3813 eo
2659 3761 2774 3831 ipso
2831 3761 3059 3815 salutent
3103 3760 3375 3816 aeternam
3418 3772 3592 3823 amat,
3631 3773 3709 3824 quo

2193 3832 2358 3883 Deum
2392 3846 2495 3882 non
2527 3845 2748 3899 propter
2771 3833 3020 3899 gloriam,
3051 3832 3279 3896 famam,
3305 3842 3362 3886 et
3396 3835 3601 3898 limusce
3618 3842 3710 3879 vita:

2190 3911 2246 3954 et
2273 3904 2534 3968 temporis
2578 3905 2908 3965 mercedem,
2947 3903 3041 3954 sed
3079 3913 3307 3972 preptcr
3367 3905 3536 3973 ipsutu
3574 3903 3708 3954 solum

2190 3973 2498 4025 castissimo
2537 3987 2723 4026 amore
2754 3974 3125 4040 prosequitur.

2259 4043 2369 4115 Cur
2393 4057 2544 4112 ergo,
2588 4044 2836 4115 inquies,
2885 4045 3025 4096 hanc
3069 4043 3143 4115 rei
3171 4043 3364 4115 plane
3413 4044 3714 4112 impossibilis

2193 4111 2528 4182 hypotliesim
2563 4113 2813 4167 Clemens
2844 4114 3132 4180 proponit?
3165 4111 3285 4168 Non
3317 4118 3459 4170 enim
3487 4111 3658 4170 temere
3675 4123 3713 4164 et

2194 4184 2592 4237 inconsiderate
2637 4199 2756 4237 eam
2806 4185 3154 4252 proposuisse
3201 4187 3465 4239 dicendus
3494 4198 3586 4242 est.
3637 4185 3714 4239 iic-

2191 4255 2516 4327 spondenttts
2538 4255 2678 4307 hanc
2709 4257 2996 4327 propest-ta:
3019 4257 3087 4308 ab
3113 4270 3180 4309 co
3205 4258 3432 4324 hujusce
3452 4258 3713 4327 hypotbcsis

2193 4324 2360 4375 fuisse
2393 4325 2683 4386 rationem,
2715 4335 2774 4376 ut
2809 4325 3010 4378 clarius
3057 4338 3110 4378 et
3142 4327 3418 4380 cilieacius
3453 4324 3714 4382 dsienderet

2198 4409 2358 4462 quam
2390 4409 2581 4462 purus,
2616 4405 2797 4448 castus
2829 4405 2881 4449 et
2911 4395 2979 4447 ab
3023 4399 3168 4450 otnni
3217 4399 3516 4462 cupiditate
3550 4400 3717 4452 ahenus

2127 4443 2173 4502 θ
2197 4443 2322 4518 tisse
2352 4443 2545 4536 dcbeat
2565 4443 2805 4536 'perfecti
2834 4466 3060 4531 gnostici
3103 4467 3156 4520 ιιι
3207 4443 3376 4521 υεῦιιι
3403 4443 3575 4533 amor:
3604 4443 3717 4534 ejus-

2200 4549 2305 4602 que
2337 4535 2597 4591 charitas.
2641 4539 2712 4589 At
2742 4537 2866 4589 data
2901 4551 3063 4603 opera
3106 4549 3161 4591 et
3199 4540 3448 4592 consulto
3490 4543 3614 4593 hanc
3647 4541 3718 4606 hy-

2202 4607 2470 4674 pothesim
2511 4608 2598 4660 ille
2651 4608 3034 4675 impossibilem
3074 4623 3194 4664 esse
3241 4610 3529 4664 cool‘estiin
3568 4613 3717 4662 attinu-

2204 4680 2400 4741 nuit,ut
2428 4693 2532 4730 non
2561 4679 2754 4730 minori
2789 4678 3060 4730 evidentia
3097 4679 3430 4748 patefaceret
3460 4681 3716 4748 guosticuut

2206 4757 2310 4798 tam
2339 4758 2487 4799 caste
2511 4758 2565 4800 et
2591 4762 2724 4816 pure
2754 4749 2919 4802 Deum
2954 4756 3210 4815 amando,
3252 4766 3407 4802 suam
3435 4763 3629 4818 quoque
3652 4764 3720 4798 ue-

2202 4818 2444 4871 cessaria
2479 4821 2700 4872 omnino
2750 4821 3161 4885 consecutionc,
3217 4823 3324 4883 vel,
3362 4833 3419 4872 ut
3461 4820 3719 4873 scholastttt

2204 4890 2378 4951 aittnt,
2407 4892 2730 4942 secundario
2754 4891 2979 4944 salutent
3009 4906 3227 4955 semper
3263 4891 3402 4944 velle
3431 4900 3484 4944 et
3509 4893 3716 4957 diligere.

2276 4957 2527 5024 Ejusdem
2583 4964 2798 5028 penitus
2849 4961 3068 5028 generis
3119 4974 3204 5016 est
3252 4962 3356 5015 alia
3415 4960 3721 5031 hypothesis.

2210 5043 2398 5102 rursus
2436 5046 2470 5102 a7
2495 5027 2774 5085 Clentente
2815 5027 3002 5084 nostro
3039 5033 3123 5085 his
3157 5036 3402 5102 exposita
3453 5027 3620 5084 verbis
3651 5027 3718 5076 “z

2213 5118 2230 5150 ι
2271 5100 2327 5154 Si
2362 5101 2430 5153 ab
2462 5101 2656 5170 injuria
2689 5103 2936 5156 facienda
2982 5100 3311 5157 abstinuerit
3355 5113 3567 5172 propter
3604 5112 3720 5166 spem

2212 5173 2669 5225 remunerationis
2721 5188 2750 5225 a
2788 5174 2896 5225 Deo
2951 5174 3349 5242 consequentia:
3395 5177 3463 5227 ob
3510 5187 3588 5230 ea.
3630 5183 3723 5237 ιιιιω

2205 5246 2348 5310 juste
2374 5244 2589 5304 fecerit,
2626 5259 2692 5297 ne
2722 5243 2800 5296 sic
2829 5244 3046 5312 quidem
3073 5260 3170 5298 sua
3211 5254 3406 5313 sponte
3445 5253 3524 5295 est
3563 5243 3720 5293 bonos.

2212 5314 2365 5367 Sicut
2395 5314 2540 5366 enini
2579 5314 2731 5368 illum
2763 5327 2959 5376 metus,
2998 5314 3076 5368 sic
3126 5317 3267 5367 hunc
3291 5327 3506 5381 quoque
3551 5321 3722 5364 merces

2205 5385 2411 5453 justutn
2445 5384 2692 5439 facit.....
2718 5384 2821 5449 Qui
2852 5395 3033 5438 autem
3067 5387 3225 5438 nuda-
3253 5383 3537 5444 vocationi,
3569 5392 3719 5448 quate-

2213 5471 2313 5510 nus
2341 5466 2562 5508 vocatus
2588 5466 2692 5520 est,
2718 5457 2922 5517 obedit,
2959 5456 3003 5508 is
3039 5471 3214 5524 neque
3248 5466 3466 5523 propter
3494 5463 3718 5504 tnnorctn,

2214 5538 2388 5593 neque
2435 5536 2654 5594 promer
2691 5526 2992 5594 voluptates
3039 5531 3212 5580 tendit
3255 5528 3320 5577 ad
3379 5525 3715 5592 cognitionem.

2213 5598 2326 5649 Non
2361 5612 2505 5650 ennn
2531 5597 2841 5652 considerat
2881 5612 2947 5649 an
3001 5597 3218 5667 aliquod
3263 5596 3392 5649 utile
3427 5595 3627 5648 lucrum,
3655 5603 3716 5640 νει

2376 5766 2420 5797 υ
2448 5762 2601 5827 ibid.,
2630 5778 2683 5834 p.
2724 5760 2848 5818 δεῖ.
