3924 6306
233 357 410 413 1Ξ17

233 478 600 534 delectatio
627 477 966 533 extrinsecus
1009 480 1400 542 consequatur,
1443 471 1537 525 sed
1579 478 1792 527 tractus
1834 485 1863 520 a
1894 475 1937 529 Α

240 549 595 605 dilectione
638 550 772 617 ejus,
820 550 909 617 qui
958 560 1086 599 vere
1140 557 1222 599 est
1274 544 1558 617 amabilisJ
1594 550 1653 617 et
1695 542 1763 617 ad
1814 542 1867 593 id

246 621 425 689 quod
460 620 605 675 tieri
634 611 852 689 oportet'
896 618 1181 689 adductus,
1220 617 1339 689 pius
1374 624 1456 665 est
1517 611 1891 689 Deitcultorr

254 682 445 744 Unde
485 706 598 744 nec
627 682 685 744 si'
698 704 794 757 per
827 687 1166 760 hypothesim
1193 682 1231 740 a7
1257 682 1671 760 Deo__acceperit
1717 691 1870 760 pote-

254 771 499 814 statein
542 750 775 814 faciendi
802 750 881 811 ea'
902 750 1039 822 qua:
1063 767 1191 811 sunt
1221 753 1514 823 prohibita,
1534 750 1676 806 citra
1705 750 1869 803 ullam

258 844 558 897 pinnam;
589 844 764 899 neque
793 830 836 884 si
881 837 1168 901 propterea
1217 829 1496 901 lieaiormu
1526 824 1668 901 bona
1711 836 1868 901 accc:

262 892 830 969 pturuin'cum'esse
857 892 906 951 ei
947 892 1271 969 promissum
1311 892 1518 969 fuerit:
1564 894 1660 947 sed
1688 905 1790 945 nec
1824 892 1869 943 si

268 964 633 1037 persuasum
663 971 914 1024 habuerit
936 964 1050 1037 fore
1079 977 1136 1021 ut
1176 968 1344 1021 Deum
1375 964 1704 1037 lat_eant_ea.
1752 976 1873 1024 quae

264 1033 432 1106 gerit
468 1042 643 1106 (quod
673 1037 890 1104 quidem
919 1036 1031 1090 ﬁeri
1061 1049 1171 1106 non
1195 1037 1417 1106 potest),
1448 1034 1502 1086 in
1528 1033 1766 1085 animum
1792 1044 1886 1083 un-

262 1120 458 1173 quam
494 1114 587 1160 est
610 1105 949 1168 inducturus,
985 1114 1046 1160 ut
1077 1105 1277 1174 aliquid
1302 1114 1423 1174 agat
1453 1111 1651 1173 ιιι-ωιοτ
1684 1109 1888 1155 rectam

216 1198 223 1203 ~
269 1175 603 1246 rationem,
632 1191 755 1231 cum
806 1177 860 1231 id
897 1176 1039 1246 quod
1083 1189 1213 1246 vere
1254 1185 1339 1229 est
1380 1176 1691 1246 honestum,
1727 1180 1783 1225 et
1820 1186 1890 1225 ex

266 1245 484 1321 seipso
520 1246 828 1321 eligendum
850 1288 864 1311 ,
896 1243 1036 1321 et‘ea
1076 1245 1283 1321 ratione
1310 1243 1673 1314 expetendum
1701 1257 1891 1321 amati.

267 1311 554 1389 dtiinque
581 1311 750 1389 semel
777 1316 1019 1389 elegerit.
1053 1334 1072 1369 ι
1104 1315 1183 1370 Ibi
1213 1311 1466 1389 Clemens
1488 1321 1678 1368 noster
1710 1311 1890 1389 dupli-

266 1404 283 1437 ι
304 1402 407 1440 em
443 1381 642 1443 adhuc
670 1381 1010 1457 hypothvesim
1032 1386 1305 1457 proponit,
1330 1399 1557 1454 quarum
1581 1390 1780 1457 neutra
1796 1381 1894 1436 lie-

264 1456 317 1507 ri
361 1467 630 1522 unquam
666 1450 863 1522 poiest,
891 1450 1052 1523 atque
1068 1450 1363 1507 secundani
1376 1452 1710 1521 exponendo,
1730 1450 1874 1523 illam

265 1539 408 1578 esse
429 1523 839 1591 inipossibilem
869 1522 1273 1579 con’sultissinie
1299 1536 1400 1576 nos
1431 1522 1869 1591 commonefacit.

267 1590 539 1646 Illariiiii
569 1595 737 1662 igitur
768 1602 932 1663 atque
958 1592 1255 1662 superioris
1283 1590 1632 1663 eademiraiio
1651 1600 1752 1647 est.
1780 1591 1873 1648 llis

267 1664 483 1734 itaque
533 1664 783 1718 Clemens
842 1662 1025 1732 potius
1077 1665 1318 1717 ostemlit
1363 1662 1548 1734 dualis
1591 1664 1875 1729 giioSticus

267 1733 461 1787 animi
499 1735 795 1801 cordisque
821 1737 903 1787 sui
935 1734 1291 1802 diSpositioiie
1320 1747 1442 1787 esse
1471 1733 1873 1802 delicataquam

1501 348 1592 405 DE
1628 347 1854 404 LIBﬂls
1888 344 2338 403 STROMATUM.

3394 341 3529 398 1218

2035 466 2293 532 Quaedam
2327 464 2503 518 adhuc
2557 460 2662 516 alia
2712 475 2814 516 nec
2874 458 3081 532 minimi
3112 473 3247 532 sane
3272 458 3532 532 ponderis

1967 529 2287 603 argumenta
2318 545 2507 589 contra
2551 533 2696 586 illam
2728 534 2810 603 de
2841 530 2962 599 puri
3009 531 3063 584 in
3119 529 3283 603 Deum
3330 529 3534 603 amoris

1971 598 2155 662 lia-bitu
2180 606 2510 674 opinionem
2539 604 2697 674 nobis
2753 598 3018 674 Clemens
3047 602 3380 674 suppeditat.
3426 598 3533 651 Sed

1967 694 2033 731 ex
2067 677 2133 732 iis
2157 669 2266 745 iam
2297 673 2552 728 nonnulla
2581 673 2634 726 in
2664 672 3109 745 antecedeiitibtis
3146 669 3531 745 prieniisiuius,

1970 747 2074 801 alia
2107 740 2566 813 insequentibus,
2598 758 2666 813 ae
2705 741 3004 813 przesertiin
3047 742 3114 813 de
3147 740 3375 813 giiostici
3409 753 3534 807 pie-

1969 817 2182 869 catione
2209 810 2529 886 ειᾶηταοειᾳ
2565 811 2834 886 articulis,
2873 825 2940 864 ne
2972 810 3161 863 eadem
3208 812 3408 879 saepius
3450 823 3539 864 re-

1971 898 2236 957 petamus,
2273 881 2530 951 deinceps
2550 881 3007 951 explanabuiitur.

2366 993 2529 1064 220
2566 989 2958 1046 ARTICULUS
3001 989 3129 1044 Vlll.

2247 1086 2322 1141 De
2353 1086 2521 1140 vocali
2561 1084 2921 1154 gnoaticorum
2948 1083 3267 1151 precatione.

2041 1180 2441 1241 Precationem,
2493 1177 2607 1231 sive
2643 1175 2819 1240 malis,
2846 1175 3149 1228 orationem
3180 1176 3261 1228 sic
3289 1174 3540 1232 Clemens

1973 1251 2157 1307 deﬁnit
2188 1251 2233 1282 ⁸⁷
2257 1269 2271 1303 :
2294 1249 2436 1303 ἔστιν
2467 1247 2651 1318 ὁμιλία
2684 1245 2817 1318 πρὸς
2846 1243 2940 1297 τὸν
2966 1244 3098 1318 θεὸν
3124 1245 3159 1315 ἡ
3191 1245 3346 1318 εὐχή,
3373 1261 3543 1318 rpre-

1974 1322 2116 1377 calio
2146 1330 2229 1375 est
2253 1336 2374 1373 cum
2413 1312 2523 1373 Deo
2561 1312 2872 1371 collocutio.
2915 1334 2934 1367 ι
2973 1312 3082 1370 Nos
3128 1312 3540 1370 tainéii'ibideui

1974 1393 2230 1445 admouet
2279 1391 2423 1443 hanc
2454 1388 2839 1458 {precationem
2893 1385 3043 1458 fundi
3096 1400 3132 1458 ai
3177 1385 3337 1458 nobis
3376 1401 3545 1458 posse

1975 1463 2095 1517 siue
2129 1459 2327 1525 verbis,
2361 1455 2466 1513 nec
2505 1458 2643 1511 labia
2681 1455 3051 1518 moventibus,
3102 1455 3228 1509 dum
3258 1457 3326 1509 ad
3373 1457 3541 1510 Deum

1976 1530 2122 1584 intus
2155 1530 2475 1584 clamamus.
2516 1526 2689 1593 Quam
2720 1527 2940 1595 quidem
2989 1526 3304 1595 interiorem
3353 1540 3545 1595 preca-

1978 1602 2178 1654 tionem
2212 1616 2242 1652 a
2273 1599 2379 1651 Deo
2410 1614 2627 1666 semper
2658 1593 2903 1666 exaudiri
2933 1603 3229 1650 asseverat.
3264 1593 3399 1650 Nam
3434 1596 3545 1650 ala-

1975 1674 2167 1725 critate
2213 1669 2437 1738 Spiritus
2469 1665 2666 1738 νοητὴν
2699 1665 2907 1738 obstitit,
2943 1683 2961 1716 t
3021 1665 3415 1738 iiitelligibileni
3459 1681 3546 1721 es-

1977 1734 2256 1803 sentiam,‘
2277 1758 2296 1790 ι
2335 1734 2706 1807 assequeiites,
2742 1748 2795 1791 et
2824 1734 2991 1807 λόγῳ,
3023 1734 3256 1807 ratione,
3288 1750 3487 1806 corpus
3513 1754 3544 1790 a

267 1806 422 1872 quid
450 1800 787 1873 quotitliaiio
814 1820 916 1859 usu
947 1816 1001 1859 et
1024 1800 1181 1857 Solita
1227 1803 1448 1872 pietatis
1488 1817 1551 1856 ac
1583 1800 1873 1874 perlectis-
1904 1810 1948 1870 Β
1975 1820 2120 1865 terra
2171 1800 2443 1865 abducere
2476 1800 2752 1862 'conaiites
2772 1846 2788 1869 ,
2843 1800 3136 1874 carnisque
3185 1800 3546 1874 deSpici'emrs

268 1890 446 1929 simae
477 1872 704 1929 sirtutis
729 1874 1123 1928 exercitatione
1145 1874 1242 1943 ipsi
1270 1886 1454 1926 revera
1484 1872 1749 1940 agendum
1775 1876 1870 1934 sit.

349 1948 487 2013 Age
525 1960 675 2007 vero,
700 1957 755 1999 et
778 1946 906 2013 quid
934 1954 1127 1999 auctor
1166 1954 1350 1999 noster
1373 1944 1458 1997 liis
1489 1943 1873 2013 liypothesibiis

270 2019 466 2086 proba
480 2019 650 2068 iidum
691 2017 996 2084 susceperit
1024 2055 1039 2076 ,
1083 2023 1295 2086 attente
1322 2013 1663 2086 _considera._
1688 2014 1876 2073 Nonne

272 2082 451 2141 Vides
496 2086 631 2140 nihil
657 2087 802 2140 aliud
839 2082 960 2139 inde
987 2086 1055 2139 ab
1081 2084 1173 2138 illo
1204 2082 1423 2147 conﬁci,
1462 2084 1565 2137 nisi
1607 2084 1876 2141 Christia-

275 2174 427 2210 iiiiiii
464 2156 771 2225 perfectum
800 2155 931 2209 nihil
959 2169 1197 2224 unquam
1236 2166 1431 2223 printer
1460 2153 1749 2225 rationein,
1781 2173 1877 2212 ne-

273 2242 401 2296 que
440 2223 672 2293 propter
698 2229 1024 2288 mercedem,
1050 2223 1248 2294 ineque
1280 2233 1499 2296 propter
1544 2223 1753 2279 lucrum
1782 2239 1876 2283 aut

279 2295 627 2354 utilitatem.
654 2311 826 2364 neque
857 2309 1077 2365 propter
1121 2306 1398 2349 externam
1445 2295 1681 2361 aliquam
1710 2304 1875 2364 atque

277 2368 652 2424 eXll'iltSt’Clls
685 2371 1056 2421 advenientem
1097 2367 1541 2425 delectationem;
1590 2367 1684 2419 sed
1729 2369 1873 2422 inte-

284 2439 437 2493 riori
476 2438 835 2491 delectatione
865 2446 1152 2490 atiractum
1186 2436 1259 2500 id,
1284 2437 1426 2503 quod
1459 2436 1744 2489 honestum
1767 2449 1873 2501 est,

286 2521 532 2577 semper
584 2508 816 2578 eligere?
862 2505 1110 2562 Clemens
1167 2520 1298 2575 ergo
1354 2515 1540 2578 aperte
1592 2506 1877 2578 proﬁtetur

288 2575 611 2647 quemlibet
635 2575 935 2646 giiosticum
991 2579 1043 2628 iii
1088 2579 1279 2645 quavis
1324 2575 1729 2647 perfectissimae
1765 2578 1875 2631 vir-

292 2646 444 2701 tutis
476 2658 531 2701 et
567 2648 848 2701 cliaritatis
888 2647 1102 2701 actione
1147 2659 1360 2714 semper
1392 2646 1569 2714 aliqua
1616 2646 1875 2703 interiore

293 2719 679 2773 delectatione
710 2718 849 2771 trahi
877 2729 931 2770 et
956 2718 1119 2771 allici.
1147 2718 1227 2768 Ad
1266 2718 1378 2770 inec
1427 2730 1556 2769 vero
1579 2757 1596 2779 ,
1625 2715 1878 2772 Clemens

295 2788 480 2910 paulo
504 2796 622 2855 pust
648 2789 838 2840 scribit
866 2786 912 2819 ⁸⁵
952 2807 967 2841 :
1022 2805 1040 2837 i
1073 2783 1166 2839 Sic
1196 2801 1325 2853 ergo
1375 2786 1629 2839 videntur
1685 2803 1874 2842 revera

343 2869 544 2910 onesta
574 2871 695 2910 esse
728 2856 1136 2910 iucundissima.
1173 2867 1228 2909 et
1266 2870 1331 2908 ex
1369 2870 1428 2908 se
1475 2858 1716 2910 enubere
1753 2873 1874 2910 eum

343 2869 544 2911 onesta
574 2871 695 2910 esse
726 2856 1136 2923 jucundisshua,
1173 2867 1228 2909 et
1266 2870 1331 2908 ex
1369 2870 1428 2908 se
1475 2858 1716 2921 pta-bere
1753 2873 1876 2912 eum

295 2940 479 2997 quem
515 2927 827 2981 desiderant
856 2928 1108 2988 l‘rurtuui,
1135 2939 1326 2997 nempe
1354 2925 1550 2997 anima:
1575 2929 1879 2996 tranquilli-

299 2993 508 3051 tatem.
550 3016 571 3049 i
601 2997 670 3050 At
693 2998 741 3052 si
767 3000 987 3051 honesta
1022 3005 1148 3050 sunt
1184 2993 1604 3065 jucundissima,
1649 2993 1878 3065 aegilo-

299 3068 486 3122 sticus
528 3083 802 3135 nunquam
853 3066 973 3119 sine
1024 3065 1279 3136 interiere
1331 3064 1685 3136 delectatione
1720 3064 1878 3136 quid-

300 3134 1118 3219 piam‘agat,nunquam-certe
1147 3135 1266 3219 sine
1294 3134 1598 3219 luijiisuiodi
1626 3134 1881 3194 interiore
1905 3162 1948 3219 ς

300 3207 678 3262 delectatione
709 3209 871 3260 Deum
897 3208 1119 3277 diligere
1143 3207 1362 3272 poterit.

382 3278 576 3331 Nonne
627 3289 806 3329 autem
854 3280 967 3329 haec
998 3275 1207 3331 'eatlein
1239 3286 1325 3329 est
1367 3290 1474 3328 iiou
1527 3275 1702 3330 solum
1734 3279 1879 3332 anti-

301 3362 545 3419 quorum
574 3348 830 3402 Ecclesiae
858 3348 1101 3411 Patrum,
1139 3345 1232 3401 sed
1274 3348 1417 3419 inter
1444 3346 1690 3419 ethnicos
1718 3351 1880 3404 etiam

304 3414 667 3488 philosophus
679 3420 1166 3472 eruditissimorum
1184 3415 1478 3470 sententia?
1488 3414 1621 3470 Nam
1634 3417 1825 3473 Cicero
1837 3420 1884 3451 "

305 3490 404 3542 tibi
433 3504 499 3542 ex
530 3492 720 3543 horum
752 3490 1009 3558 Opinione
1049 3490 1271 3557 planum
1318 3488 1450 3541 facit
1498 3490 1670 3541 solam
1718 3491 1884 3543 liene-

303 3568 517 3617 statem
550 3567 771 3627 propter
806 3574 865 3612 se
903 3575 1023 3614 esse
1061 3558 1449 3626 expetendam,
1480 3566 1535 3609 et
1565 3559 1875 3626 utilitatem,

306 3632 355 3681 si
391 3646 518 3682 cum
555 3630 642 3681 illa
668 3641 1028 3699 cutiipart-tur,
1054 3633 1240 3699 jacere
1284 3630 1511 3689 debere;
1559 3630 1649 3681 ille
1698 3643 1878 3685 tamen

310 3700 516 3752 ibidem
545 3715 666 3752 cum
694 3697 929 3752 Panaetio
957 3697 1207 3753 observat
1240 3699 1374 3752 nihil
1402 3713 1524 3752 esse
1558 3699 1708 3769 utile,
1736 3703 1880 3769 quod

310 3786 426 3821 non
459 3771 598 3823 idem
630 3770 916 3823 honestum
942 3773 1031 3822 sit.
1064 3770 1384 3823 Ambrosius
1412 3783 1541 3822 vero
1568 3768 1638 3831 ⁸⁸,
1684 3781 1742 3823 ιιι
1766 3768 1882 3825 suo

310 3839 442 3892 loco
470 3844 867 3905 adnotavimus,
901 3841 1182 3894 Ciceronis
1235 3839 1480 3909 opinioni
1515 3841 1806 3896 subscribit
1829 3853 1884 3894 et

307 3910 665 3979 sutl'ragaiur.

386 3977 578 4050 Neque
629 3981 862 4052 amplius
902 3982 1192 4038 dicendum
1243 3991 1326 4038 est
1372 3981 1516 4037 illam
1565 3977 1882 4035 delectatio-

312 4067 446 4106 tieui
468 4068 581 4106 sive
613 4054 894 4106 utilitatem
924 4071 1032 4107 non
1061 4070 1182 4108 esse
1210 4056 1468 4108 motivuin
1504 4067 1601 4105 cur
1646 4062 1740 4104 aut
1785 4067 1881 4105 ex-

314 4134 543 4191 petatur
575 4125 853 4189 honestas,
876 4135 968 4177 aut
998 4123 1137 4178 Deus
1168 4139 1303 4192 puro
1329 4137 1535 4186 amore,
1575 4135 1639 4176 ac
1666 4133 1885 4189 propter

316 4196 670 4262 semetipsum
725 4195 897 4248 solum
930 4195 1207 4264 diligatur.
1260 4194 1720 4264 Quamvisﬂeniin
1784 4198 1881 4264 do-

318 4260 549 4318 ctissimi
596 4264 670 4318 illi
725 4260 1740 4334 scriptores'disertissimeAaliirtiieiit
1783 4263 1883 4316 lio-

318 4345 588 4388 ncsiateiii
632 4332 855 4405 propter
902 4352 963 4390 se
998 4336 1166 4391 solum
1218 4335 1392 4401 diligi,
1434 4332 1672 4388 fatentur
1705 4344 1880 4389 tamen

318 4420 389 4458 eo
428 4406 546 4471 ipso
576 4421 686 4474 quo
722 4423 801 4461 sic
832 4407 1094 4475 diligitur,
1131 4407 1332 4460 habere
1370 4405 1782 4475 delectationem
1826 4415 1882 4459 et

321 4475 734 4552 utilitaieiiisibi
771 4479 1080 4552 necessario
1106 4478 1426 4552 coniunctas
1472 4485 1527 4552 et
1576 4474 1883 4552 iiidividiias
1913 4500 1933 4552 ι

322 4547 573 4602 comites.
611 4548 968 4613 Quamobrem
998 4548 1210 4601 etiamsi
1249 4546 1532 4600 delectatio
1579 4555 1635 4597 et
1676 4544 1881 4599 utilitas

323 4614 529 4668 amoris
559 4627 613 4669 et
654 4618 957 4680 rliaritatis,
1008 4629 1170 4684 atque
1203 4618 1365 4671 etiam
1411 4615 1728 4684 expetendae
1775 4616 1880 4668 hn-o

325 4688 556 4740 iiestatis
603 4689 939 4755 primarium,
974 4700 1031 4741 ut
1059 4682 1234 4750 aiunt,
1290 4688 1546 4740 iuotivuut
1591 4682 1882 4753 aliquando

323 4769 449 4810 esse
477 4773 580 4809 non
604 4754 912 4822 vidcantur,
963 4758 1341 4810 secundarium
1380 4754 1730 4808 nihilominus
1768 4771 1881 4807 iuo-

327 4834 518 4904 tivum,
548 4838 659 4889 aut,
689 4829 734 4879 si
766 4829 918 4904 velis,
958 4828 1183 4904 ell'ecius
1209 4829 1258 4880 ei
1295 4841 1566 4896 nunquam
1595 4840 1702 4878 non
1730 4840 1879 4893 ,θυη-

318 4900 565 4964 junctus,
596 4912 813 4965 semper
838 4900 929 4963 sit,
960 4900 1181 4950 omnino
1211 4907 1445 4966 oportet.

399 4970 639 5035 Denique
665 4962 785 5021 cum
827 4962 1148 5036 propositas,
1169 4962 1262 5021 uti“
1275 4968 1532 5029 diximus,
1554 4981 1583 5016 a
1604 4962 1886 5019 Clemente

325 5036 653 5108 Iiypotbeses
683 5051 957 5105 nunquam
996 5040 1169 5106 reipsa
1199 5040 1314 5091 lieri
1333 5052 1505 5108 posse
1530 5037 1883 5108 cencedatur,

326 5107 489 5160 nemo
541 5119 689 5161 certe
749 5109 854 5161 nisi
911 5108 1171 5162 iiialesaiii
1225 5107 1418 5175 capitis
1468 5108 1630 5160 homo
1678 5119 1773 5158 eas
1802 5107 1882 5175 ad

294 5175 494 5230 ‘Deuiti
533 5193 667 5245 pure
713 5179 1001 5231 amandum
1055 5180 1261 5246 lingere
1293 5171 1530 5243 iniquam
1562 5175 1739 5229 debet.
1794 5171 1887 5246 Ja-

325 5259 487 5301 ceant
531 5252 699 5318 igitur
736 5250 817 5302 lue
854 5245 1197 5318 hypotheses,
1231 5262 1349 5316 quae
1376 5262 1648 5315 nunquam
1675 5253 1804 5318 sunt
1832 5245 1886 5296 in

328 5331 452 5380 usu,
479 5316 579 5372 nec
601 5334 723 5373 esse
748 5316 982 5388 unquam
1021 5320 1248 5384 debent;
1282 5327 1398 5388 aut?
1426 5319 1470 5369 si
1526 5317 1654 5383 quid
1707 5316 1887 5388 Valere

327 5390 551 5454 possint,
579 5391 646 5443 ad
675 5386 1060 5453 aiiiim'.Deuiii,
1092 5404 1250 5453 quam
1289 5387 1403 5439 lieri
1456 5395 1653 5454 potest,
1689 5386 1884 5439 castis-

327 5468 461 5511 sime
498 5460 769 5527 diligentis
826 5460 1255 5528 patefaciendam
1294 5460 1725 5523 dspositioitem,
1752 5456 1884 5528 _uii-

327 5542 471 5582 iiime
494 5544 623 5584 vero
645 5531 712 5585 ad
741 5526 909 5583 Deum
946 5543 1132 5584 revera
1155 5528 1442 5581 amandum
1460 5528 1656 5580 debent
1682 5526 1881 5579 valere.

399 5732 447 5764 ⁸⁵
476 5732 680 5787 Strom.
711 5731 871 5795 ibid.,
905 5746 959 5802 p.
987 5729 1112 5786 554.

319 5815 385 5861 at
406 5804 498 5868 51.
525 5816 580 5858 et
604 5822 655 5859 c.
679 5803 736 5871 4,
767 5806 798 5876 §
827 5801 920 5858 l9.
956 5802 1048 5875 ,⁸⁷
1086 5805 1288 5858 ,δυ-θυι.
1317 5802 1352 5855 ι.
1386 5816 1481 5866 t'ii,
1511 5817 1564 5869 p.
1590 5801 1685 5856 '12?
1712 5814 1765 5853 et
1788 5815 1905 5869 seq.

1188 5730 1234 5761 ⁸⁸
1272 5730 1309 5782 l.
1337 5743 1395 5782 tit
1428 5727 1501 5783 De
1525 5729 1694 5789 ollim,
1731 5744 1783 5793 ῃ.
1814 5726 1924 5783 592
1945 5737 1998 5780 et
2028 5727 2152 5783 405.

1975 1879 2286 1943 vinculum,
2339 1878 2584 1949 cogimus
2641 1877 2911 1937 animam,
2964 1875 3042 1947 τῷ
3092 1875 3239 1945 πόθῳ
3298 1877 3541 1949 κρειττό-

1973 1968 2101 2014 νων,
2134 1969 2152 2001 i
2195 1950 2478 2003 meliorum
2510 1949 2800 2010 desiderio,
2853 1964 2871 1997 ι
2922 1949 3214 2009 sublatam,
3259 1949 3325 2000 ad
3357 1960 3544 2003 saneta

1974 2022 2244 2090 progredi.
2302 2018 2591 2074 Guosticus
2639 2017 2954 2090 enimvero,
3005 2028 3063 2069 ut
3119 2017 3225 2070 Deo
3272 2031 3333 2090 se
3386 2034 3545 2090 quam

1973 2086 2280 2160 proximum
2319 2092 2558 2160 l'uturuui
2606 2087 2884 2160 exhibeat,
2932 2095 3105 2160 totum
3158 2088 3412 2140 mundum
3466 2086 3549 2142 lu-

1946 2156 2172 2215 ‘beuter
2217 2158 2575 2214 transcendit.
2620 2156 2984 2224 Quamobrem
3020 2156 3066 2190 ⁸⁸
3095 2163 3149 2209 et
3181 2170 3284 2225 per
3318 2165 3550 2213 statutas

1973 2232 2229 2286 omnibus
2253 2230 2582 2285 Christianis
2607 2227 2861 2298 precandi
2887 2227 3050 2281 horas
3071 2230 3309 2298 tertiam,
3338 2240 3546 2282 senatu

1973 2316 2037 2353 ac
2068 2316 2291 2363 nouam,
2325 2310 2381 2353 et
2409 2317 2504 2369 per
2536 2297 2704 2353 totam
2734 2298 2904 2351 vitam
2936 2300 3195 2367 precibus
3231 2297 3346 2353 suis
3369 2299 3552 2354 studet

1976 2386 2100 2425 cuni
2138 2372 2246 2427 Deo
2279 2370 2509 2424 versari.

2044 2439 2314 2495 Praeterea
2350 2441 2578 2508 ipsemet
2619 2438 2893 2501 Clemens,
2948 2446 3009 2491 ut
3040 2436 3298 2501 vidimus,
3350 2436 3552 2493 diserte

1977 2513 2175 2565 asserit
2206 2512 2456 2573 eumdem
2504 2510 2809 2579 giiosticum
2843 2523 2948 2561 nou
2982 2509 3142 2561 modo
3186 2509 3546 2579 cumprobis.

1977 2591 2031 2635 et
2059 2596 2179 2635 cum
2209 2581 2277 2635 iis
2334 2579 2426 2650 qui
2470 2577 2743 2634 recentius
2776 2578 3143 2650 crediderunt,
3176 2577 3551 2650 sicuti’decet,

1980 2652 2187 2719 precari
2221 2671 2236 2704 :
2269 2649 2364 2704 sed
2408 2664 2529 2703 eum
2584 2663 2801 2719 quoque
2848 2649 3117 2719 sumendo
3155 2649 3279 2701 cibo
3313 2651 3553 2719 praelinit-

1981 2718 2094 2774 tere
2139 2735 2350 2788 preces,
2380 2720 2570 2788 laudes
2599 2718 2655 2772 ct
2682 2732 2964 2772 sacrarum
2998 2718 3264 2771 lectiones
3296 2718 3548 2788 Scriptuc

1981 2785 2161 2843 rarum
2215 2791 2295 2856 ³⁸⁹ς
2353 2791 2477 2843 dum
2531 2787 2686 2842 cibus
2737 2801 2864 2841 vero
2912 2789 3169 2850 sumitur,
3206 2785 3444 2856 psalmos
3498 2798 3554 2841 et

1981 2861 2207 2929 hymnos
2235 2873 2463 2921 cauere;
2503 2874 2567 2911 ac
2602 2856 2817 2911 tandem
2844 2867 3132 2929 antequam
3165 2858 3552 2929 eaticubituni,

1979 2926 2043 2981 ac
2079 2941 2239 2984 noctu
2270 2932 2434 2984 etiam
2477 2943 2665 2998 preces
2699 2931 2944 2990 fundere,
2975 2926 3224 2998 quibus}
3263 2928 3314 2978 in
3344 2941 3551 2998 mettio-

1986 3002 2077 3052 iia:
2130 3011 2348 3054 aeterna:
2391 2995 2851 3067 contemplatione
2904 2998 3117 3068 positus
3162 2995 3233 3063 ”,
3294 3014 3315 3048 ι
3367 2997 3554 3052 divino

1980 3070 2149 3124 choro
2182 3085 2301 3125 sese
2333 3070 2600 3140 adjuugit.

2054 3161 2168 3217 lluc
2198 3163 2427 3226 accedit,
2459 3161 2599 3231 quod
2632 3160 2884 3231 Clemens
2909 3158 2977 3213 de
3012 3158 3550 3231 vocalibusgnostici

1985 3234 2234 3302 pret-ilius
2264 3230 2539 3302 subtexuit
2568 3248 2583 3284 :
2625 3249 2644 3284 ι
2685 3230 2790 3285 Sed
2819 3247 2919 3284 nec
2946 3244 3032 3302 ea,
3065 3245 3183 3298 qua:
3215 3230 3272 3284 lit
3301 3246 3419 3297 ore,
3449 3232 3555 3284 uti-

1987 3300 2074 3357 tur
2124 3303 2375 3367 verbosa,
2427 3300 2739 3373 πολυλόγῳ,
2794 3300 3249 3373 pr_ecatioue;_ut
3293 3301 3387 3373 qui
3433 3316 3555 3370 quin

1985 3384 2173 3441 petere
2204 3391 2231 3425 a
2266 3373 2505 3441 Domino
2526 3368 2809 3442 oporteat,
2828 3371 3101 3427 didicerit.
3147 3368 3205 3423 lii
3244 3371 3392 3425 oniui
3424 3368 3556 3440 ergo

1987 3445 2105 3497 loco
2144 3444 2346 3508 orabit,
2383 3443 2477 3497 sed
2525 3460 2631 3497 non
2681 3453 2740 3495 ut
2785 3451 2973 3510 aperte
3030 3442 3230 3509 populo
3269 3455 3551 3509 appareat.

1984 3516 2125 3580 Quin
2154 3528 2283 3567 vero
2315 3524 2370 3566 et
2399 3515 2541 3569 inter
2570 3512 2978 3576 ambulandum,
3011 3521 3067 3565 et
3110 3517 3162 3566 in
3192 3526 3469 3574 seruitute,
3499 3521 3555 3565 et

1984 3587 2188 3651 quiete,
2219 3594 2273 3636 et
2302 3582 2555 3645 lectione,
2587 3594 2643 3638 et
2687 3599 2753 3636 ex
2801 3582 2869 3635 iis
2896 3596 3017 3651 qua:
3057 3580 3192 3634 limit
3236 3596 3302 3651 ex
3336 3582 3555 3635 ratione

1982 3650 2294 3706 enimmodo
2321 3665 2591 3720 precatur.
2623 3655 2764 3717 Quin
2806 3653 2851 3704 si
2881 3650 2932 3705 iii
2966 3652 3134 3719 ipsius
3164 3650 3357 3705 anima
3388 3665 3555 3720 petie-

1988 3723 2212 3776 tralibus
2259 3726 2430 3793 solum
2470 3724 2826 3793 cogitaverit,
2877 3721 3553 3793 atqueinenarrabilibus

1984 3794 2277 3861 gemitibus
2324 3791 2556 3847 l’atreiii'
2589 3792 2965 3861 invocaverit,
3019 3791 3113 3845 ille
3160 3805 3328 3860 prope
3375 3792 3553 3855 adest,

1983 3860 2163 3917 adhuc
2190 3877 2255 3916 eo
2284 3862 2553 3930 loquente.
2596 3881 2615 3914 i
2655 3860 2815 3916 Vides
2840 3876 2968 3916 sane
3009 3871 3216 3915 tantum
3243 3861 3461 3923 abesse,
3496 3876 3556 3915 ut

1984 3931 2235 3987 Clemens
2270 3949 2299 3985 a
2339 3937 2592 3986 continua
2639 3931 2875 4002 giiostici
2923 3934 3384 4002 contemplatione
3425 3946 3554 4000 pre-

1983 4017 2074 4057 ces
2120 4018 2217 4056 ore
2269 4008 2416 4056 l’usas
2445 4001 2765 4065 excluserit,
2820 4013 2879 4054 ut
2925 4001 3045 4065 bas,
3075 4005 3237 4057 modo
3293 4018 3399 4055 iiou
3444 4003 3555 4056 sitit

1983 4074 2212 4126 nimium
2241 4076 2502 4136 verbosas,
2531 4072 2988 4141 quemadmodum
3030 4072 3201 4140 illam,
3245 4086 3277 4126 a
3306 4072 3555 4142 guOStico

1981 4144 2282 4212 sa-pissiiiie
2312 4145 2429 4197 liei'i
2460 4155 2650 4213 aperte
2681 4146 3029 4213 proﬁteatur.

2054 4222 2270 4289 Scimus
2295 4235 2509 4302 quidem
2543 4233 2880 4295 Clementem
2923 4232 3125 4285 dixisse
3153 4228 3387 4300 gnostici
3425 4245 3555 4299 pre-

1981 4309 2255 4359 cationem
2287 4306 2457 4358 acueo
2487 4307 2781 4367 auteverti,
2811 4313 2995 4369 utpote
3024 4306 3117 4370 qui
3159 4302 3328 4363 illum,
3376 4306 3556 4369 prius-

1981 4392 2140 4443 quam
2183 4376 2420 4443 petierit,
2449 4376 2706 4427 exaudiat
2735 4392 2750 4428 .'
2787 4393 2804 4424 i
2842 4371 3016 4441 Hujus
3036 4387 3247 4438 vocem,
3273 4370 3554 4443 inquiti“,

1984 4440 2037 4499 iii
2062 4440 2560 4525 'pl'eballoite_ll0ll
2609 4453 2889 4523 exspectat
2930 4440 3222 4525 llomiiius,
3259 4440 3556 4525 _Pete,_iu-_

1937 4509 2199 4584 ’quiéns,
2231 4527 2285 4568 et
2334 4516 2565 4579 faciant;
2624 4509 2810 4567 animo
2853 4514 3054 4583 cegita,
3086 4523 3143 4567 et
3185 4512 3346 4566 dabo.
3385 4530 3406 4564 ι
3447 4513 3553 4565 Sed

1989 4604 2053 4640 eo
2085 4602 2205 4652 ipso
2252 4600 2363 4655 quo
2399 4586 2488 4638 ille
2526 4585 2662 4638 dixit
2692 4584 2859 4636 Deum
2884 4584 3007 4653 ejus
3036 4598 3223 4638 vocem
3265 4593 3322 4635 et
3363 4597 3557 4655 preces

1990 4652 2309 4723 praevenire,
2342 4656 2559 4723 plaiiiiiii
2593 4655 2778 4722 utique
2810 4652 2942 4709 facit
2967 4657 3217 4707 eumdem
3246 4652 3552 4723 ειιυδιὶλειιιιι

1984 4720 2016 4778 a
2052 4727 2162 4779 Deo
2182 4720 2384 4793 aliquid
2417 4740 2548 4779 voce
2563 4732 2621 4778 et
2639 4720 2888 4793 precibus
2909 4724 3155 4792 ﬂagitare
3173 4720 3555 4791 achostulare.

2060 4820 2113 4872 lu
2189 4819 2441 4871 eumdem
2520 4818 2678 4887 plane
2749 4831 2965 4872 sensum
3045 4817 3196 4886 prius
3246 4814 3558 4887 ',scripserat

1988 4888 2291 4954 gnosticum
2342 4880 2556 4942 orare'i
2596 4888 2761 4945 etiam
2806 4880 3154 4957 cogitatione,
3208 4880 3559 4940 ίκαῖκατὰ
3644 4880 3651 4889 ’

1986 4959 2084 5031 τὴν
2129 4958 2357 5031 ἔννοιαν.
2404 4959 2485 5031 At
2520 4959 2647 5026 quid
2696 4960 2830 5020 iliBC,
2862 4972 3072 5026 quaeso,
3106 4971 3231 5031 eius
3268 4959 3429 5008 verba
3456 4974 3554 5031 so-

1989 5027 2142 5093 nant,
2180 5030 2280 5082 nisi
2314 5030 2617 5097 gnosticuiii
2652 5045 2757 5082 non
2812 5031 2984 5081 solum
3030 5028 3213 5080 animo
3242 5036 3297 5081 et
3345 5027 3559 5097 cogita:

1990 5103 2156 5163 tione,
2180 5102 2276 5153 sed
2310 5094 2456 5168 sirpe
2477 5102 2642 5152 etiam
2668 5114 2795 5151 voce
2822 5110 2879 5152 et
2903 5096 3082 5150 verbis
3115 5097 3277 5151 Deum
3304 5094 3559 5164 precari?

1988 5172 2101 5225 lino
2136 5184 2265 5224 vero
2310 5185 2488 5222 nonne
2514 5171 2631 5222 lizec
2674 5170 2978 5236 signiﬁcant
3009 5182 3132 5220 eum
3172 5168 3350 5220 verbis
3381 5169 3558 5235 potius

1988 5256 2150 5311 quam
2196 5240 2525 5309 cogitatione
2575 5253 2770 5311 vacare
2807 5236 3112 5311 precibus?
3160 5236 3264 5290 Sed
3313 5236 3403 5311 ille
3436 5236 3558 5290 Cle-

1991 5307 2194 5365 mentis
2226 5307 2376 5363 lo'cus
2408 5312 2615 5378 integer
2640 5309 3028 5378 describendas
3059 5317 3182 5369 est;
3214 5307 3556 5378 quandoqui-

1990 5385 2112 5438 dem
2171 5382 2402 5446 ipsemet
2463 5376 2543 5433 ibi
2588 5376 2829 5432 ostendit
2891 5393 2997 5430 non
3060 5376 3245 5430 solum
3286 5379 3560 5445 quomodo

1990 5455 2449 5523 gnosticus_oret,
2496 5450 2753 5523 sedquid
2805 5448 2968 5523 etiam
3009 5463 3039 5500 a
3086 5446 3193 5523 Deo
3234 5458 3419 5523 petere
3459 5448 3559 5500 de-

1977 5518 2159 5576 beat:
2198 5538 2217 5571 t
2258 5519 2391 5575 Orat
2439 5518 2718 5589 gnosticus
2767 5519 2931 5572 etiam
2962 5518 3314 5589 cogitatione,
3359 5519 3435 5572 ait
3460 5530 3561 5570 au-

2229 5725 2344 5801 ‘tl.
2380 5742 2416 5779 ii
2446 5726 2518 5782 De
2553 5722 2717 5801 ollim,
2746 5725 2861 5801 0.5.
2888 5723 2921 5799 ς
2950 5723 3057 5787 2δῖ
3094 5723 3242 5801 ¹Ρ¹ν
3267 5737 3322 5777 c‘
3352 5719 3406 5781 5'

1982 5800 2027 5828 ⁸⁸
2056 5801 2184 5856 inid.
2262 5800 2306 5831 "
2334 5800 2492 5863 ibid.,
2517 5817 2571 5868 p.
2612 5797 2735 5851 7:8.
2812 5797 2859 5831 ”
2892 5796 3022 5853 inid.
3098 5796 3141 5828 ⁸⁸
3176 5797 3213 5851 ι.
3247 5810 3330 5857 vt,
3363 5810 3415 5862 p.
3441 5796 3563 5844 0.33.
