3924 6306
580 344 723 399 ῗὲεὶὸ

1224 339 1291 395 uv
1323 337 1742 394 omnesnam
1773 311 1986 394 aues.
2032 337 2094 391 ι).
2133 335 2541 402 Lemonum
2586 335 3046 394 DISSEBTATIO
3087 337 3151 393 ll.

3609 351 3705 404 liii

578 474 698 527 ciae,
723 477 885 542 quam
937 459 1247 539 unigenitus
1277 457 1366 510 Dei
1400 457 1680 542 li‘iiiusad
1722 455 1804 542 sui
1847 455 2136 525 imaginem
2170 461 2212 518 Α
2241 471 2355 542 tog,
2390 470 2462 542 ea‘
2481 463 2565 508 est
2586 454 2914 542 abstinentia
2949 469 2978 506 a
3007 453 3179 514 malis,
3230 458 3584 542 qnam-quidam
3626 481 3709 516 ex»-

577 526 825 602 jznOSticti
857 528 1135 602 imprimit,
1164 526 1634 602 conieinplationis
1674 535 2137 602 paries,_qnarur_n

579 596 751 672 prima
795 600 848 653 in
906 597 1124 672 aeternis
1152 607 1206 651 et
1233 597 1453 672 divinis,
1505 596 1739 672 secunda
1785 597 1838 649 in
1887 596 2142 672 humanis

580 665 742 727 rebus
781 680 1042 723 versatur.
1071 667 1160 720 Illa
1188 667 1637 736 speculaturqute
1686 668 1758 720 sit
1817 665 1991 733 prima
2026 680 2142 718 omo

581 742 726 796 nium
763 755 944 802 causa,
977 747 1027 792 el
1056 737 1102 791 is
1131 753 1224 806 per
1264 753 1422 804 quem
1469 735 1608 790 faeta
1639 746 1764 788 sunt
1791 735 1991 796 omnia,
2018 750 2141 806 quae

581 827 643 864 ex
672 810 756 864 his
793 811 902 862 sint
930 805 1262 862 transeuntia
1289 816 1341 859 et
1364 807 1717 868 continentia,
1758 822 1877 874 quae
1906 805 2138 870 conjun-

580 891 664 935 cta
691 879 773 933 vel
806 879 1096 947 disjuncta,
1129 893 1288 944 quem
1319 877 1459 929 inter
1503 892 1560 930 se
1590 875 2135 947 habeantordinem,

581 965 717 1019 quas
755 945 916 1008 vires.
948 958 998 1000 et
1039 949 1181 1014 quod
1220 966 1236 997 ι
1297 946 1714 1019 unumquodque
1783 945 2140 1019 ministerium

581 1015 791 1074 afferat.
831 1038 852 1072 ι
887 1019 966 1072 Ad
1000 1019 1113 1070 haec
1141 1025 1320 1069 autem
1372 1016 1678 1070 considerat
1710 1016 1836 1084 quid
1867 1015 1935 1067 sit
1959 1015 2138 1084 homo,

581 1090 706 1157 quid
733 1089 780 1142 ei
827 1089 1119 1142 secnmlum
1147 1097 1200 1140 et
1228 1096 1422 1153 praeter
1474 1083 1757 1157 naturam,
1811 1085 1940 1152 quid
1989 1083 2141 1157 illum

583 1154 763 1226 agere,
807 1168 896 1212 aut
927 1158 1032 1226 pati
1064 1165 1332 1225 Oporteat,
1385 1171 1504 1223 quae
1555 1155 1666 1208 sint
1717 1158 1880 1226 bona,
1912 1154 2053 1226 mala
2088 1165 2142 1208 et

581 1224 779 1295 media,
803 1224 1073 1295 quae'vitia
1103 1224 1159 1280 et
1186 1227 1432 1286 virtutes,
1459 1235 1509 1278 et
1536 1225 1792 1294 quidquid
1821 1224 1888 1280 de
1929 1225 2014 1279 his
2062 1226 2143 1280 di-

583 1313 736 1354 scere
762 1309 814 1352 et
841 1299 1034 1352 docere
1057 1297 1302 1350 homines
1332 1296 1521 1349 solent.

653 1369 822 1434 Quam
859 1378 1009 1422 certe
1041 1367 1109 1420 ob
1141 1383 1388 1428 causam,
1418 1377 1474 1418 ut
1503 1362 1750 1418 Clemens
1773 1373 1960 1430 postea
2006 1363 2141 1418 scri-

584 1439 741 1504 bit“,
773 1439 1050 1504 gnosticus
1081 1437 1239 1491 rebus
1301 1435 1569 1490 humanis.
1601 1443 1657 1485 ttt
1688 1444 1916 1504 oportet,
1941 1444 1994 1487 et
2021 1451 2142 1504 gra-

586 1512 687 1563 tias
719 1502 923 1575 agendo
966 1509 1133 1560 tttitnr
1165 1524 1177 1559 :
1220 1507 1366 1560 Ἐπεὶ
1400 1506 1459 1558 τὸ
1497 1504 1648 1566 τέλος
1680 1502 1842 1575 ίαὺτῷ
1873 1504 1940 1575 διξ
1988 1502 2140 1574 ἐνερ-

581 1580 738 1648 γείας
758 1573 1087 1647 ψγνωστικῆς
1115 1575 1214 1645 τῆς
1247 1576 1386 1628 κατὰ
1430 1575 1528 1648 τὰς
1559 1574 1774 1648 ὲνφολὰς
1805 1576 1882 1636 εὶς
1915 1573 2142 1648 Θεῳρίὰν

584 1645 926 1720 ἀεεραιοῦται.
993 1667 1010 1698 ε
1047 1645 1200 1713 ρυίίι
1281 1649 1397 1715 ejus
1444 1645 1564 1698 linis
1614 1646 1670 1720 in
1727 1645 2141 1712 contemplatio-

587 1716 709 1774 ttein
744 1721 945 1772 desinit
976 1733 1069 1786 per
1096 1732 1237 1778 eam,
1275 1731 1395 1785 quae
1425 1716 1720 1770 secundum
1751 1721 2002 1768 mandata
2035 1727 2139 1779 est,

2243 528 2468 579 stimant
2518 525 2902 600 perfectionem
2937 539 3000 576 ac
3021 526 3552 600 Δφονευιιιιιιςιιὶοιεεειιε,
3591 547 3716 600 eaque

2243 605 2348 653 est,
2384 605 2440 648 ut
2473 594 2640 647 semel
2671 595 2870 655 dicam,
2913 593 3177 662 perfectio
3210 598 3491 650 communis
3515 593 3717 655 .luda'i'li-

2243 665 2378 718 delis
2402 674 2456 717 et
2482 665 2679 735 Grzeci.
2712 662 2954 735 Gnostici
2989 675 3166 719 autem
3197 674 3312 731 post
3336 680 3464 728 eam,
3505 682 3600 735 qua:
3633 673 3719 727 ali.-

2243 735 2359 802 lege
2389 733 2715 798 decernitur,
2748 733 3167 800 perfecﬁonem,
3193 737 3259 788 ad
3286 733 3606 802 operationem
3655 745 3722 793 Iw-

2243 804 2544 858 nelicentite
2571 803 2794 880 justitia
2818 807 3060 880 procedit
3097 817 3214 880 :_et
3265 805 3354 880 cui
3398 805 3588 880 jusui'm
3630 827 3722 880 aug-

2243 886 2482 945 mentum
2524 875 2693 928 erevit
2729 876 2794 928 ad
2827 873 3235 928 beneﬁcentiam
3257 917 3272 937 ,
3313 879 3387 939 εἰς
3423 873 3723 945 epitomis},

2241 944 2292 998 ei
2325 944 2584 1014 perfectio
2630 954 2912 1012 permanet
2944 945 2995 999 in
3033 945 3351 1000 immutabili
3388 948 3549 1000 habitu
3575 944 3723 1004 beneli-

2243 1015 2529 1087 cetttiteatl
2563 1016 2652 1087 Dei
2683 1014 3133 1087 similitudinem,
3177 1015 3347 1087 τούτῳ
3373 1018 3403 1086 ή
3433 1017 3660 1080 τελείωσις
3687 1024 3725 1074 ὲν

2240 1084 2559 1155 ἀμεταϐόλῳ
2585 1084 2694 1150 ἕξει
2721 1084 2969 1147 εὐποιίας
3008 1085 3130 1139 καθ’
3161 1084 3410 1156 ὁμοίωσιν
3429 1087 3510 1139 τοῦ
3523 1088 3631 1142 Θεοῦ
3644 1091 3723 1144 διι-

2243 1156 2416 1224 μένει.
2458 1175 2476 1207 ι
2514 1156 2665 1207 Nulla
2693 1163 2839 1210 certe
2873 1157 3041 1224 major
3075 1171 3196 1210 esse
3233 1167 3404 1226 potest
3425 1161 3618 1226 gnostici
3640 1177 3726 1226 per-

2242 1227 2426 1288 fectio,
2461 1240 2622 1294 quam
2654 1240 2716 1278 ea
2750 1241 2870 1294 quae
2900 1241 2930 1277 a
2971 1226 3252 1280 Clemente
3287 1239 3464 1281 nostro
3489 1228 3551 1280 ibi
3579 1232 3727 1284 deseri.

2241 1295 2407 1348 bitur.
2441 1293 2602 1363 Atqui
2634 1309 2697 1349 ea
2731 1293 3134 1366 perfectiorseu
3186 1299 3424 1366 purgatio
3472 1312 3565 1350 nrn
3608 1300 3648 1350 in
3688 1318 3728 1354 eo

2239 1366 2342 1417 sita
2369 1376 2470 1427 est.
2503 1377 2558 1418 ut
2587 1365 2864 1434 gnOSticus
2892 1365 3025 1419 nihil
3066 1377 3210 1435 agat,
3269 1365 3357 1418 aut
3406 1376 3460 1420 ut
3503 1369 3638 1421 semel
3675 1375 3728 1423 vel

2242 1436 2539 1503 aliquando
2602 1435 2942 1495 benefaciat,
3001 1437 3096 1490 sed
3127 1446 3185 1490 ut
3216 1452 3426 1504 semper
3478 1436 3728 1498 betteiacinl,

2242 1516 2404 1574 atque
2437 1507 2502 1559 ad
2537 1505 2625 1558 Dei
2660 1505 3072 1560 similitudinem
3110 1509 3163 1561 in
3197 1507 3595 1561 incommutabili
3619 1510 3730 1564 lucte-

2243 1575 2475 1629 licentia:
2507 1575 2697 1628 habitu
2725 1586 3042 1644 permaneat
3068 1591 3132 1630 ac
3158 1586 3477 1646 perseveret.
3508 1575 3648 1630 Porro
3669 1597 3730 1630 au-

2245 1655 2351 1698 tem
2383 1647 2607 1708 diserte,
2668 1656 2725 1698 ut
2772 1660 2934 1714 supra
2985 1646 3263 1710 vidimus,
3311 1646 3543 1701 Clemens
3593 1651 3732 1702 asserit

2243 1715 2411 1769 Deum
2440 1732 2469 1770 a
2497 1714 2882 1770 benefaciendo
2929 1731 3034 1770 non
3084 1732 3520 1786 possehunquatn
3562 1734 3732 1780 res-are,

586 1791 887 1860 gnosticam
949 1784 1407 1860 operationem.)
1471 1788 1647 1860 Atque
1690 1786 1813 1860 inde
1863 1787 2143 1854 gnosticus
2175 1804 2216 1859 Β
2245 1788 2378 1854 quin
2413 1786 2579 1860 _illico
2634 1787 2928 1860 De_us_esse
2972 1784 3208 1841 desinat.
3257 1784 3600 1860 Non‘putavit
3647 1805 3732 1854 erg.

586 1855 868 1929 magniﬁce
915 1855 1398 1929 contemplationis
1456 1855 1828 1921 magnitudine
1896 1866 2140 1926 accepta,

591 1948 609 1980 ι
649 1928 717 1984 ad
747 1928 1050 1982 tralationis
1103 1945 1120 1976 ›
1159 1930 1461 1981 mercedem
1496 1935 1863 1993 promovetur.

653 2002 740 2066 At,
772 1999 981 2064 inquiet
1029 1997 1480 2066 aliquis,rnonne
1524 1996 1640 2050 haec
1691 2003 1822 2048 sunt
1879 1994 2146 2063 ipsissima

587 2067 881 2124 Clementis
906 2066 1127 2120 Verba”
1163 2085 1176 2120 :
1212 2083 1229 2115 ι
1264 2065 1510 2134 Cognitio
1543 2066 1658 2119 sive
1692 2066 1977 2132 sapientia,
2009 2067 2148 2136 γνῶ-

587 2157 671 2204 σις
707 2138 816 2190 εἴτε
851 2135 1028 2206 σοφία,
1065 2147 1380 2190 exerceatur
1412 2147 1624 2205 Oportet
1647 2137 1712 2187 ad
1737 2137 2150 2206 contemplatio-

589 2211 676 2263 nis
705 2205 946 2262 habitnm
1000 2216 1280 2270 aeternum,
1314 2205 1366 2259 in
1399 2221 1562 2276 quem
1614 2220 1718 2276 non
1754 2205 1896 2258 cadit
1931 2207 2150 2276 altera-

596 2280 691 2332 tiO.
729 2296 748 2329 ι
789 2278 926 2345 Ergo
955 2278 1163 2345 putavit
1213 2275 1461 2330 Clemens
1514 2275 1629 2330 dari
1671 2275 2148 2344 contemplationis

592 2347 825 2418 θεωρίας
854 2346 1092 2400 habitum
1118 2356 1400 2418 attentum,
1426 2346 1515 2418 qui
1549 2345 1906 2418 ne_c_ampliu_s_
1927 2346 2149 2418 adialios

594 2413 747 2472 actus
777 2418 974 2479 redire,
1006 2431 1106 2470 nec
1141 2417 1334 2470 mutari
1372 2417 1560 2484 possit.
1611 2413 1807 2468 Verum
1839 2415 1910 2467 ibi
1961 2415 2028 2469 ab
2055 2432 2150 2468 att-

585 2499 737 2544 ctorc
766 2497 967 2552 nostro,
1005 2502 1108 2540 non
1142 2487 1209 2539 de
1242 2486 1547 2540 Christiana
1606 2485 1977 2550 meditatione,
2010 2487 2147 2550 sive,

587 2567 647 2612 ut
678 2573 798 2612 cum
833 2558 952 2611 aliis
979 2557 1283 2624 loquamur,
1327 2557 1574 2611 oratione
1630 2555 1872 2620 mentali,
1909 2557 2140 2624 disputa-

591 2639 696 2692 tur,
721 2630 812 2682 sed
849 2631 914 2679 de
947 2627 1061 2681 sola
1095 2626 1186 2680 Dei
1217 2627 1442 2680 scicntia
1476 2637 1581 2679 tam
1633 2634 1780 2678 certa
1807 2634 1862 2678 et
1889 2627 2146 2690 evidenti,

590 2708 649 2752 ut
677 2699 744 2752 ab
773 2713 832 2751 ea
872 2697 1033 2751 homo
1065 2711 1239 2764 neque
1271 2712 1506 2765 unquam
1539 2695 1799 2749 dimoveri
1832 2700 2002 2764 possit
2023 2712 2150 2762 ,ηο-

587 2784 692 2838 que
716 2769 781 2820 ad
812 2766 1054 2821 Graecam
1084 2765 1486 2835 philosophiam
1521 2768 1710 2820 debeat
1741 2781 2044 2822 recurrere.

659 2859 892 2930 Urgebis
926 2871 1126 2930 tamen,
1162 2859 1492 2927 objiciesqne
1515 2860 1616 2910 alia
1641 2858 1934 2913 Clementis
1963 2860 2148 2926 verba,

589 2929 783 2999 quibus
813 2931 1013 2984 diserte
1055 2929 1292 2982 aflirmat
1326 2939 1639 2997 perpetuam
1694 2930 1946 2997 nulloque
1984 2930 2149 2984 inter-

591 3003 732 3054 vallo
794 3002 1142 3064 interruptam
1197 3001 1426 3066 gnOStiCt
1481 2999 1984 3066 contemplationem
2031 3017 2151 3056 eSse

588 3071 772 3124 οὐσίαν
788 3069 880 3122 τοῦ
899 3067 1272 3138 γινώσκοντος,
1293 3088 1310 3118 ι
1335 3069 1713 3135 cognoscentis
1737 3069 2112 3135 substantiam,
2127 3091 2144 3122 ι

593 3143 673 3194 vel
703 3153 758 3213 ut
793 3141 1173 3213 loquiamant,
1210 3141 1518 3213 essentiam.
1563 3158 1585 3213 At
1616 3138 2003 3213 lntelligentia,
2062 3141 2144 3213 in-
2182 3157 2224 3213 ο

591 3212 790 3279 quit“,
825 3211 1073 3264 continua
1131 3211 1515 3264 exercitatione
1559 3211 1614 3262 lit
1649 3220 1904 3276 perpetua
1947 3211 2147 3265 intelli-

597 3283 800 3347 gentia.
843 3280 1072 3348 Semper
1119 3291 1298 3333 autem
1327 3280 1630 3349 intelligere
1681 3280 1917 3333 essentia
1948 3292 2032 3334 est
2058 3297 2155 3336 co-

594 3351 930 3420 gnosccntis.
966 3364 1061 3418 per
1121 3351 1558 3416 temperationem
1618 3351 1906 3418 quamdam
1999 3351 2158 3406 nullis

596 3420 900 3475 intervallis
928 3421 1283 3486 interruptam
1320 3420 1588 3482 instituta,
1623 3428 1676 3471 et
1713 3429 1968 3487 perpetua
2032 3437 2162 3476 con-

595 3491 890 3559 trtnplatio,
934 3488 1103 3553 ἀΐδιος
1147 3488 1370 3561 θεωρία,
1424 3499 1606 3542 tnanet
1634 3491 1753 3561 viva
1781 3491 2107 3546 substantia.
2139 3513 2154 3542 ι

595 3564 701 3615 Sed
744 3576 808 3614 ex
845 3562 909 3614 iis
928 3573 1096 3628 qntea
1125 3559 1277 3613 nobis
1307 3562 1356 3611 in
1383 3559 1752 3628 superioribus
1807 3562 2050 3615 articulis
2099 3563 2163 3618 de

594 3629 824 3701 gnostici
881 3629 1156 3696 Operibus,
1196 3629 1488 3701 virtutibus
1542 3640 1596 3684 et
1651 3631 1967 3698 precatione
2017 3632 2157 3685 dicta

595 3699 744 3767 sunt,
797 3700 1001 3768 liquido
1031 3709 1178 3768 patet
1225 3699 1550 3754 Clementem
1614 3709 1858 3753 nostrum
1901 3701 1970 3754 ab
2024 3701 2158 3769 ipsa,

594 3773 661 3824 de
708 3786 814 3840 qua
872 3786 1017 3823 nunc
1072 3769 1306 3833 disserit,
1373 3769 1611 3838 ejusdem
1650 3771 1878 3839 gnostici
1919 3783 2162 3826 contem-

597 3841 837 3911 platione
891 3856 998 3892 non
1067 3843 1226 3893 modo
1287 3842 1456 3893 bonas
1519 3855 1624 3894 non
1685 3841 1968 3894 excludere
2021 3843 2164 3898 illius

597 3913 914 3982 actionesei
940 3911 1196 3982 virtutum
1234 3923 1420 3982 opera,
1472 3913 1568 3966 sed
1599 3925 1662 3964 ea
1701 3913 1768 3963 ab
1800 3911 1993 3982 eodem
2025 3928 2162 3982 gno-

597 3983 756 4045 sticu,
823 3979 984 4050 223
1047 3979 1445 4048 quantumlibet
1485 3981 1920 4049 contemplationi
1960 3979 2157 4046 dedito,

597 4066 815 4118 semper
837 4058 1144 4105 desiderate
1169 4061 1222 4103 et
1254 4065 1495 4120 estgere.

668 4141 1026 4208 Quamobrem
1065 4142 1177 4195 haec
1230 4151 1487 4211 perpetua
1539 4141 1938 4209 contemplatio,
2000 4158 2160 4212 quam

603 4213 711 4274 ille,
748 4213 923 4280 quoad
960 4214 1252 4275 duntaxat,
1314 4213 1388 4264 uti
1444 4213 1694 4279 vidimus,
1742 4213 1858 4267 lleri
1886 4221 2084 4282 potest,
2131 4232 2160 4268 a

601 4293 850 4352 gnosttco
883 4282 1142 4352 postulat,
1175 4282 1308 4336 nihil
1329 4281 1473 4336 aliud
1508 4293 1608 4345 est,
1639 4285 1738 4338 nisi
1784 4281 2164 4338 conStantissi~

603 4369 688 4406 ma
711 4357 876 4424 animi
910 4354 1220 4422 applicatio,
1277 4369 1383 4421 qua
1435 4353 1577 4406 Deus
1627 4364 1754 4408 ante
1809 4355 2007 4424 mentis
2045 4355 2166 4424 ejus

601 4423 787 4478 oculos
843 4423 913 4476 ita
967 4436 1179 4491 semper
1243 4426 1577 4486 obversatur,
1635 4434 1692 4476 ut
1732 4424 1800 4478 ab
1841 4423 1981 4478 Illius
2028 4423 2160 4478 cOn-

601 4503 790 4573 spectu
823 4493 1040 4546 minime
1080 4493 1330 4555 avulsus,
1375 4494 1540 4561 ipsius
1565 4494 1852 4574 .v_olun.tati
1878 4503 1934 4547 et
1959 4508 2159 4574 prtece-
2198 4496 2239 4550 ο

601 4567 706 4633 ptis
733 4578 937 4616 morem
967 4577 1180 4629 semper
1203 4571 1374 4632 gerat,
1399 4578 1462 4615 ac
1483 4563 1718 4633 sedulam
1743 4563 1794 4614 itt
1827 4578 2016 4617 omnes
2046 4566 2154 4618 vir-

605 4632 772 4696 tutes,
807 4648 869 4686 ac
899 4637 1198 4700 praesertim
1230 4647 1493 4685 summam
1512 4645 1654 4703 erga
1692 4632 1942 4703 Deumet
1972 4637 2157 4703 proxi-

603 4699 1094 4756 tnnmcharitatem
1126 4716 1343 4771 operam
1401 4699 1662 4755 conferat.
1716 4699 1988 4766 Quocirca
2041 4705 2155 4772 ipse

602 4775 849 4827 Clemens
876 4783 1060 4840 postea
1087 4789 1109 4841 :7
1130 4789 1147 4822 ι
1183 4776 1236 4823 ln
1259 4773 1391 4837 vita,
1427 4772 1599 4836 inquit
1635 4772 1698 4835 ¹³,
1723 4775 2161 4841 contemplativa,

602 4847 659 4897 ὲν
692 4843 768 4914 τῷ
808 4840 1123 4914 Θεωρητικῷ
1153 4841 1272 4912 βίῳ,
1307 4843 1387 4894 sui
1446 4844 1568 4908 quis
1591 4858 1793 4914 curam
1824 4840 1986 4911 gerit,
2030 4849 2158 4897 dum

605 4912 769 4967 Deum
807 4912 1112 4976 veneratur,
1153 4924 1208 4965 et
1239 4928 1334 4979 per
1361 4925 1510 4964 suam
1559 4912 1827 4966 sinceram
1880 4917 2158 4982 purgatio-

603 5001 747 5048 nem,
804 4983 966 5036 l)eum
1020 4991 1264 5036 sanetum
1317 4993 1501 5034 sancte
1553 4983 1967 5050 contemplatur.
2030 4985 2161 5049 Qua:

604 5058 746 5107 enim
785 5052 990 5107 assistit
1014 5052 1390 5117 temperantia,
1416 5053 1646 5119 seipsatn
1673 5053 1890 5107 assidue
1911 5058 2158 5108 conside-

606 5140 734 5177 tans
771 5135 825 5176 et
853 5124 1248 5192 contemplans,
1297 5123 1426 5183 Deo,
1457 5124 1631 5191 quoad
1658 5124 1772 5177 lieri
1797 5135 1995 5192 potest,
2022 5127 2159 5180 assi-

604 5197 846 5248 milatur.
883 5211 904 5245 ι

671 5285 858 5354 Neque
888 5291 970 5338 est
1002 5281 1262 5352 profecto,
1297 5282 1438 5351 quod
1484 5283 1606 5352 quis
1654 5285 1881 5337 miretur
1909 5285 2161 5340 Clemen-

605 5367 710 5410 tem
745 5362 954 5424 dtxtsse
979 5366 1282 5422 gnosttcum
1314 5370 1407 5423 per
1437 5371 1588 5408 suam
1639 5357 1911 5409 sinceram
1969 5371 2165 5424 purga-

605 5437 827 5490 tionem,
861 5422 1146 5496 κάθαρσιν,
1179 5422 1344 5478 Deum
1391 5435 1588 5496 sancte
1644 5422 2017 5493 contemplari.
2059 5422 2165 5479 ῡυ-

605 5499 804 5564 pliccm
836 5497 981 5550 enim
1014 5495 1105 5548 ille
1145 5495 1423 5563 distinguit
1459 5495 1857 5563 purgationem,
1884 5510 2046 5563 quam
2079 5497 2163 5550 his

607 5570 784 5620 verbis
817 5565 1112 5619 luculenter
1141 5565 1440 5634 explicat“
1473 5582 1487 5618 :
1522 5583 1540 5614 ε
1575 5567 1704 5629 Qua:
1731 5566 1902 5634 estin
1939 5581 2164 5634 corpore

601 5639 773 5706 prima
813 5639 1004 5690 anima:
1032 5633 1303 5705 purgatio,
1331 5634 1665 5707 καθαρισμὸς
1690 5635 1786 5703 τῆς
1807 5633 1982 5707 ψυχῆς
2015 5633 2161 5707 πρῶ-

2251 1857 2575 1922 gnosticum,
2621 1857 2746 1924 quia
2785 1855 2952 1910 Deum
3021 1866 3280 1924 perpetuo
3319 1858 3683 1925 contemplatur.
3715 1875 3732 1910 2

2249 1927 2404 1978 bonis
2437 1941 2564 1995 erga
2596 1925 2790 1990 Deum,
2821 1927 3058 1994 seipsmn
3088 1941 3138 1980 et
3166 1929 3466 1996 proximum
3523 1929 3732 1995 perﬁcien-

2251 1996 2334 2048 dis
2369 1998 2621 2064 operibus
2666 2010 2918 2058 cessare;
2950 1996 3058 2050 imo
3107 2011 3237 2050 vero
3289 2012 3355 2050 ex
3411 2000 3504 2050 hac
3548 2009 3729 2065 perpetua

2253 2065 2342 2118 Dei
2371 2066 2824 2136 contemplatione
2855 2065 3021 2136 bonas
3071 2068 3301 2136 gnnstici
3337 2069 3560 2120 actiones
3598 2083 3729 2118 titana-

2252 2149 2308 2208 re
2335 2144 2386 2188 et
2412 2135 2685 2208 proﬁcisci
2705 2150 2926 2208 semper
2954 2135 3148 2191 debere
3174 2153 3274 2208 pro
3302 2147 3446 2192 certo
3475 2147 3526 2191 et
3549 2147 3732 2191 ratoeum

2252 2205 2516 2259 habuisse
2549 2206 2894 2259 manifestum
2950 2216 3056 2262 est.

2321 2274 2426 2329 Nos
2455 2276 2671 2344 quidem
2708 2290 2812 2330 non
2844 2274 2983 2345 fugit
3011 2275 3187 2330 eidem
3221 2275 3477 2331 Clementi
3504 2285 3655 2331 nostro
3669 2292 3733 2330 non

2256 2344 2552 2416 improbari
2577 2347 2886 2416 Opinionem
2912 2344 3353 2416 philosophorum
3377 2349 3462 2416 qui
3479 2350 3733 2400 arbitraban-

2252 2425 2338 2468 tur
2370 2414 2453 2470 fas
2479 2431 2598 2470 esse
2618 2414 2866 2470 animam
2915 2415 3062 2483 justa
3103 2419 3169 2470 de
3203 2431 3364 2470 causa
3395 2414 3647 2481 educere,
3669 2433 3682 2465 ι
3707 2415 3735 2466 si

2251 2486 2371 2552 quis
2401 2487 2467 2539 ab
2495 2489 2725 2554 agendo,
2752 2484 2927 2553 inquit
2945 2485 3008 2552 ⁸⁸,
3070 2489 3208 2539 adeo
3247 2487 3409 2541 fuerit
3466 2498 3676 2548 remotus,
3702 2499 3736 2536 ut

2252 2555 2400 2626 nulla
2433 2556 2481 2610 ei
2516 2571 2635 2625 spes
2694 2557 2927 2624 amplius
2983 2557 3190 2626 reliqua
3239 2559 3317 2612 sit
3379 2557 3603 2611 actionis.
3635 2558 3736 2626 ibe!

2257 2626 2328 2697 ibi
2375 2625 2622 2680 Clemens
2654 2642 2757 2679 non
2790 2629 2858 2680 de
2889 2628 3060 2681 otiosa
3097 2625 3333 2697 quadam
3363 2637 3415 2682 et
3441 2628 3604 2680 fictilia
3621 2625 3736 2688 quiete

2251 2695 2512 2764 loquitur,
2540 2699 2634 2750 sed
2665 2697 2731 2749 de
2764 2697 3029 2750 malarum
3071 2695 3353 2752 actionum
3386 2699 3736 2751 intermissioac:

2253 2767 2323 2818 ita
2354 2767 2528 2834 utqui
2570 2768 2634 2820 ad
2679 2767 2844 2820 Deum
2882 2768 3100 2822 sincero
3126 2769 3311 2821 animo
3341 2769 3656 2827 convertitur,
3697 2769 3738 2816 ab

2252 2837 2396 2888 omni
2431 2840 2684 2904 deinceps
2716 2837 2860 2890 malo
2899 2852 3064 2906 Opere
3098 2853 3156 2892 se
3205 2838 3494 2892 abstineat.
3538 2837 3601 2890 De
3645 2849 3738 2888 mar-

2252 2906 2530 2976 tyreienim
2567 2907 2657 2974 qui
2695 2921 2878 2960 coram
2937 2918 3169 2976 tyranno
3223 2910 3499 2962 Christum
3548 2906 3736 2973 intrepide

2251 2975 2558 3039 conﬁtetur,
2593 2980 2705 3030 lucc
2738 2975 2996 3031 continuo
3041 2977 3300 3033 Clemens
3333 2978 3580 3032 addidit“
3609 2993 3620 3029 :
3650 2992 3663 3024 ι
3702 2977 3738 3026 £1

2226 3046 2229 3048 ’
2255 3046 2590 3118 abstinentia
2619 3061 2658 3118 ia
2697 3048 2852 3100 tnalis
2879 3047 3130 3116 operibus
3160 3049 3435 3102 invenitur
3470 3047 3738 3118 quodammo-

2257 3115 2326 3168 do
2382 3117 2666 3170 diminutio
2691 3127 2744 3170 et
2773 3115 3063 3171 exstiitctio
3127 3123 3414 3179 malorum,
3458 3115 3570 3171 dum
3617 3131 3738 3170 eorum

2263 3185 2467 3239 tollitur
2497 3188 2739 3254 Operatio
2772 3202 2868 3256 per
2900 3189 3264 3242 cessationem
3300 3189 3368 3242 ab
3400 3190 3602 3257 agendo.
3635 3203 3651 3237 ι
3678 3184 3740 3235 ἵει

2265 3271 2382 3308 ram
2421 3257 2624 3328 idcirco
2651 3266 3022 3325 paupertatem
3055 3260 3307 3328 aliasque
3332 3260 3643 3328 Christianas
3673 3257 3739 3328 vir-

2266 3337 2407 3379 tutes
2446 3327 2497 3379 in
2530 3342 2594 3380 eo
2622 3331 2825 3395 positas
2879 3343 3000 3381 esse
3027 3325 3224 3382 ibidem
3256 3331 3509 3392 ostendit,
3530 3325 3645 3396 quod
3668 3325 3740 3374 aui-

2263 3411 2349 3450 ma
2386 3401 2614 3451 terrenis
2663 3398 2819 3450 rebus
2853 3413 2951 3452 nec
2997 3399 3293 3463 inhaerens,
3326 3414 3422 3452 nec
3451 3415 3615 3451 earum
3638 3398 3740 3448 ducu

2263 3467 2552 3528 desiderio,
2581 3469 2673 3520 sed
2692 3470 2760 3521 ab
2788 3468 2868 3520 eis
2894 3469 3102 3532 avulsa,
3127 3481 3193 3521 ad
3220 3469 3389 3522 Deum
3416 3467 3568 3521 libere
3586 3476 3741 3521 canten-

2261 3538 2379 3588 dat.
2408 3535 2518 3590 Hac
2542 3550 2719 3591 autem
2747 3556 2764 3587 ι
2792 3538 3067 3592 Dominica
3089 3539 3504 3602 exercitatione,
3529 3533 3740 3606 »Κνριιιῇ

2262 3607 2512 3675 ἀσκήσει,
2547 3610 2679 3662 dicit
2735 3606 2982 3662 Clemens
2999 3609 3042 3647 ⁸⁷
3074 3610 3313 3663 animam
3370 3609 3594 3662 lubenter
3619 3624 3641 3657 ει
3664 3618 3739 3658 cor-

2263 3691 2394 3743 pore
2441 3679 2670 3742 abduci,
2717 3692 2780 3732 ac
2827 3681 3054 3744 seipsam
3093 3681 3472 3734 transferendo
3522 3677 3676 3742 avelli,
3709 3684 3743 3726 et

2265 3759 2321 3798 ut
2348 3747 2605 3802 Christus
2644 3748 2738 3811 ait,
2773 3753 3037 3816 perditam
3066 3751 3326 3804 inveniri.

2336 3816 2588 3872 Harudem
2609 3821 2678 3873 ob
2699 3834 2914 3872 causam
2941 3829 3122 3888 pOStca
3143 3823 3392 3874 declarat
3426 3821 3468 3853 ¹⁸
3497 3816 3741 3874 sacriﬁcium

2266 3886 2372 3939 Deo
2397 3897 2699 3956 acceptum.
2745 3886 3040 3958 verumque
3090 3890 3230 3942 illius
3284 3893 3482 3945 cultum
3531 3893 3741 3949 essent"!

2264 3972 2442 4009 amma
2473 3959 2707 4012 hominis
2736 3975 2763 4010 a
2797 3975 3024 4027 corpore
3067 3975 3166 4012 suo
3199 3961 3430 4029 ejusque
3457 3959 3743 4013 affectionibus

2263 4041 2316 4082 et
2349 4029 2510 4089 vitiis,
2539 4030 2645 4082 into
2673 4045 2702 4082 a
2737 4032 2988 4083 Sensibus
3051 4043 3362 4098 separatur.
3393 4031 3659 4098 Quinetiam
3683 4029 3744 4076 iul-

2265 4098 2383 4172 dem
2416 4101 2608 4172 probat
2639 4100 2985 4167 philosophos
3019 4114 3094 4172 ex
3147 4099 3352 4172 Moysis
3390 4105 3612 4156 doctrina
3644 4111 3743 4172 accc-

2265 4167 2409 4234 pisse
2434 4171 2702 4222 hominem
2736 4186 2764 4222 a
2788 4166 3060 4237 corporeis
3083 4166 3338 4226 sensibus
3359 4185 3473 4226 sese
3506 4166 3742 4237 avertenda.

2265 4239 2666 4308 pura__solaque
2713 4235 3094 4308 menteDeum
3141 4241 3519 4308 contemplari.
3574 4235 3742 4308 Deniqttr

2251 4305 2366 4372 ipse
2387 4305 2638 4358 Clemens
2667 4321 2768 4359 nos
2787 4306 2910 4360 alibi
2940 4309 3192 4361 admonet
3222 4310 3288 4373 ι’,
3313 4305 3573 4363 Christum
3593 4305 3743 4374 quando

2251 4375 2407 4446 nobis
2434 4376 2655 4446 vigilare
2685 4377 2959 4446 praecepit,
2994 4379 3218 4446 perinde
3248 4396 3372 4433 esse
3400 4394 3460 4432 ac
3484 4379 3524 4432 si
3547 4376 3740 4432 dixisset:

2256 4464 2274 4497 ‹
2312 4445 2640 4500 Meditemini
2688 4445 2875 4519 vivere
2887 4489 2900 4508 ,
2943 4445 3009 4502 et,
3042 4450 3265 4503 tentetis
3310 4465 3548 4519 separare
3576 4449 3742 4519 animam

2251 4531 2579 4591 a‘corporeg
2631 4537 2648 4567 ι
2679 4516 2956 4570 δίελετᾶτε
2992 4519 3112 4588 ζῇν,
3147 4522 3258 4591 ’καὶ
3307 4514 3547 4591 χιιὶρίζειν
3573 4519 3650 4591 τὴν
3676 4514 3741 4580 ᾠκι-

2253 4587 2353 4658 χὴν
2385 4586 2478 4640 τοῦ
2517 4586 2769 4656 σώματος
2815 4586 3099 4658 πειρᾶσθε.
3133 4586 3584 4644 Οὓερι-ἶηέιιιιοῐιι
3623 4587 3741 4656 ipsum

2252 4658 2501 4713 consulto
2525 4659 2838 4712 adhibuisse
2870 4661 3095 4714 verbum
3126 4661 3411 4729 πειρᾶσθε,
3453 4664 3544 4716 hoc
3575 4669 3642 4711 est
3668 4666 3742 4729 tet-

2254 4737 2393 4782 tule.
2437 4730 3025 4800 conaminianitimini;
3051 4731 3175 4800 quia
3225 4726 3429 4787 homini
3475 4733 3521 4784 itt
3563 4731 3644 4783 hac
3673 4726 3740 4776 riu

2254 4800 2550 4860 constituto
2591 4801 2640 4854 id
2680 4798 3176 4857 dilficillimunfest
3221 4815 3274 4857 ct
3317 4801 3628 4874 paucissimis
3655 4811 3742 4851 oon-

2251 4885 2484 4923 cessum.

2331 4937 2406 4987 Ex
2438 4936 2592 4991 dictis
2646 4951 2806 5002 porro
2857 4944 3061 4990 certum
3117 4939 3371 4992 omnibus
3398 4948 3451 4990 et
3479 4932 3741 5001 exploratqu

2257 5009 2568 5076 essedebet
2623 5007 2954 5060 Clementem
3015 5018 3264 5060 nostrum
3302 5010 3370 5060 ab
3403 5007 3512 5076 ipso
3561 5011 3738 5076 contem.

2259 5073 2532 5146 plationis,
2560 5077 2905 5144 quantumvis
2937 5076 3372 5146 perfectissimae,
3396 5067 3530 5130 siatu
3551 5067 3744 5146 notulus

2259 5137 2438 5212 plane,
2495 5137 2655 5214 quam
2716 5149 2885 5201 malas
2929 5137 3175 5201 actiones
3204 5156 3259 5201 et
3299 5137 3744 5200 aﬂecttones'ettlu-

2256 5215 2414 5286 sisse,
2459 5231 2732 5286 nunquam
2760 5231 2890 5271 vero
2946 5219 3117 5272 bonas
3157 5229 3212 5271 et
3262 5232 3293 5270 a
3349 5219 3452 5271 Deo
3503 5216 3742 5286 imperauit.

2259 5283 2348 5338 Ille
2372 5274 2633 5353 siquidem
2677 5301 2744 5340 ex
2800 5289 2899 5340 hac
2931 5289 3045 5356 ipsa
3086 5287 3435 5341 meditatione
3465 5299 3548 5339 eas
3569 5274 3742 5356 Non“?

2257 5372 2336 5419 re,
2369 5368 2422 5408 et
2442 5372 2494 5409 tn
2525 5359 2604 5411 eis
2627 5355 3074 5426 perlectissimum
3105 5359 3564 5426 contemplatorem
3588 5358 3630 5402 el
3649 5355 3743 5413 ἕνθ’

2260 5428 2454 5479 sticum
2482 5441 2697 5497 seraper
2721 5430 2988 5494 exerceri,
3025 5431 3252 5497 illasque
3309 5433 3510 5496 ipsum,
3556 5427 3740 5497 ιθμιίιιιδεῗ

2261 5502 2450 5550 mnbra
2499 5487 2714 5566 corpus,
2768 5501 2920 5567 sequi
2973 5487 3192 5571 semper
3236 5487 3428 5553 debere
3486 5487 3742 5571 WW'F',“

2262 5571 2512 5638 superius
2541 5565 2920 5622 adnotavnnus
2943 5609 2958 5632 ,
2997 5565 3178 5634 docet,
3218 5572 3410 5638 repetit
3440 5575 3491 5620 et
3519 5565 3716 5638 iucuicai.

2336 5629 2674 5692 Pati-emo"
2723 5649 2781 5692 ut
2809 5642 2860 5692 td
2894 5629 3073 5694 adhuc
3125 5629 3460 5708 aitjicfanms,
3488 5629 3742 5705 quantitati?

675 5789 720 5822 ⁸⁸
744 5790 944 5868 Strom.
975 5791 1140 5868 l_._vn,
1175 5806 1224 5858 p.
1535 5793 1570 5846 Ι.
1602 5809 1674 5854 vt,
1711 5809 1762 5861 p.
1787 5794 1938 5868 645(
1990 5797 2030 5827 ¹²
2054 5796 2090 5851 ι.
2120 5813 2151 5849 μ

2252 5827 2274 5850 ι.
2306 5797 2430 5853 529.
2506 5797 2548 5829 ¹³
2591 5797 2744 5859 ibid..
2779 5815 2831 5866 p.
2866 5800 2988 5857 555.
3069 5802 3112 5831 ’⁸
3155 5801 3247 5855 Μ).
3279 5792 3565 5868 νι,·ρ.645.
3623 5784 3737 5838 "W-

607 5877 680 5928 ιν,
708 5877 760 5929 ν.
787 5863 911 5919 4:55.
989 5863 1030 5893 “
1070 5869 1200 5915 mm.
1281 5865 1319 5894 "
1364 5863 1516 5931 tbidl,
1552 5879 1604 5931 ν.
1642 5869 1765 5919 484.

1848 5869 1886 5895 ¹’⁶
1927 5866 1967 5922 l.
1999 5882 2106 5937 \',p.
2136 5869 2260 5925 580.

2339 5870 2379 5899 ¹⁹
2419 5868 2574 5936 ibid.,
2609 5887 2659 5937 p.
2689 5874 2812 5924 υυυ.
2888 5873 2934 5902 ³⁸
2969 5874 3006 5926 l.
3032 5887 3101 5929 \‘l.
3133 5890 3184 5940 ιι.
3215 5873 3332 5924 (illi.
