3924 6306
201 354 336 411 1229

1385 341 1472 405 DE
1498 345 1719 407 LIBRIS
1758 337 2212 406 STROMATUM.

3278 345 3416 405 £250

196 476 428 547 optabit,
460 487 672 547 semper
689 471 781 528 Dei
813 474 1095 547 praeceptis
1119 473 1532 547 obtemperabit,
1561 474 1751 528 Deum-
1779 477 1823 532 Α
1854 473 1985 547 ritas
2023 474 2075 526 in
2127 472 2284 547 nobis
2328 489 2433 527 non
2454 475 2561 547 est.
2583 487 2600 519 ι
2621 462 2770 547 Tunc
2811 471 2991 547 itaque
3033 471 3416 547 dﬁdOﬁtdﬂista

197 542 302 618 que
333 561 438 598 non
489 543 659 618 solum
689 542 1016 618 cognitione,
1071 543 1165 599 sed
1200 542 1357 598 factis
1401 545 1565 600 etiam
1607 547 1748 600 colet

195 617 355 684 eique
381 615 594 669 serviet.

271 683 471 738 Deinde
515 699 644 739 vero
695 683 940 740 Clemens
981 683 1047 738 de
1097 683 1187 739 illa
1253 685 1564 741 Servatoris
1612 686 1750 740 assi-

197 754 474 809 milatione
522 764 576 808 et
619 773 638 806 ‹
698 754 1102 823 impatibilitate
1154 773 1173 807 ι
1231 765 1440 810 tantum
1487 755 1746 824 loquitur,

193 824 575 899 cujus‘natura
617 825 855 899 humana
912 840 1077 894 capax
1127 836 1228 889 est,
1276 827 1590 899 ἀνθρωπίνῃ
1643 825 1746 894 φύ-

195 879 276 948 σεί
321 893 496 963 θέμις,
531 905 797 962 quatenus
831 879 1076 950 humanae
1128 879 1332 951 naturae
1356 879 1499 950 licet.
1537 879 1746 963 Qiiaiita

193 972 373 1036 autem
397 963 467 1017 sit
501 965 732 1036 humana
761 965 1049 1036 fragilitas,
1078 967 1200 1034 quis
1227 967 1466 1021 nesciat?

262 1033 526 1105 Praeterea
558 1036 646 1088 ubi
667 1033 916 1090 Clemens
939 1036 1474 1105 scripsitgnosticum
1501 1050 1604 1089 non
1633 1051 1744 1088 am-

191 1105 330 1177 plius
375 1103 446 1157 uti
477 1119 727 1177 corpore,
765 1103 1102 1177 continenter
1142 1103 1419 1177 subiunxit
1455 1105 1498 1177 ει
1532 1122 1546 1159 :
1582 1124 1601 1157 ι
1639 1106 1742 1160 Sed

189 1175 356 1229 solum
391 1176 654 1241 permittit
683 1177 758 1228 uti
793 1176 1136 1240 necessariis,
1171 1175 1251 1231 ne'
1274 1177 1321 1232 ei
1358 1176 1592 1243 praebeat
1617 1191 1746 1230 cau—

185 1260 296 1299 sam
324 1244 717 1300 dissolutionis.
739 1263 758 1297 ι
776 1244 824 1302 is
847 1255 1022 1303 autem
1053 1257 1231 1302 rerum
1263 1256 1468 1304 tantum
1495 1260 1739 1299 necessa-

184 1317 382 1368 riarum
426 1330 560 1368 usus
610 1328 786 1368 nonne
827 1315 1232 1383 temperantiam
1260 1323 1312 1368 et
1350 1316 1740 1370 continentiam

181 1399 359 1439 secum
404 1386 667 1449 importat
693 1394 748 1439 et
786 1382 990 1455 exigit?
1037 1382 1149 1455 lloc
1181 1394 1360 1438 autem
1409 1385 1586 1453 ipsum
1621 1386 1742 1440 Cle-

183 1469 328 1508 mens
361 1455 528 1522 paulo
577 1464 696 1523 post
745 1454 1019 1510 asseverat
1045 1454 1114 1518 ι’,
1150 1455 1222 1508 uti
1255 1470 1284 1508 a
1319 1455 1492 1518 nobis,
1525 1457 1612 1509 ubi
1676 1457 1742 1510 de

179 1525 402 1593 gnostici
478 1525 766 1579 virtutibus
817 1524 1191 1594 disseruimus,
1231 1523 1341 1594 iam
1393 1527 1739 1580 observatum

179 1602 277 1666 est.
301 1595 563 1666 Quinimo
600 1596 797 1666 ibidem
827 1597 1029 1650 diserte
1063 1593 1292 1666 allii-mat
1326 1596 1570 1650 eumdem
1605 1613 1740 1666 gno-

178 1663 366 1735 sticnm
427 1665 703 1729 humanis,
763 1665 1210 1735 quemadmodum
1258 1666 1434 1720 adlmc
1484 1663 1733 1720 vidimus.

177 1733 480 1801 disciplinis
510 1737 576 1789 ad
603 1733 1026 1800 cognoscendam
1054 1735 1334 1789 veritatem
1365 1735 1625 1789 exerceri.

1851 545 1980 606 erit,
2006 545 2222 612 quando
2238 552 2515 608 peccatum
2551 543 2603 596 in
2629 543 2846 598 homine
2872 541 3076 596 nullum
3113 543 3237 597 erit.
3264 542 3416 597 Nunc

1851 627 1980 667 vero
2037 614 2171 668 satis
2227 613 2361 668 bene
2425 614 2639 673 vivitur,
2699 613 2744 668 si
2804 613 2922 668 sine
2979 613 3240 677 crimine;
3296 615 3416 667 sine

1850 677 2072 752 peccaio
2125 691 2303 738 autem
2357 684 2444 752 qui
2486 698 2545 738 se
2597 685 2782 738 vivere
2835 682 3148 752 existimat,
3207 698 3312 736 non
3365 683 3414 736 id

1849 750 1961 822 agit
2022 762 2080 822 ut
2139 750 2420 820 peccatum
2489 768 2592 807 non
2662 753 2877 808 habeat.
2936 750 3105 805 Porro
3167 752 3212 808 si
3270 752 3412 808 ἀπά-

1851 821 1970 876 θεια
2017 821 2121 877 ista
2143 823 2369 877 dicenda
2392 831 2498 892 est,
2535 839 2657 879 cum
2686 823 2925 877 animum
2951 822 3268 892 contingere
3295 840 3412 877 om-

1849 895 1980 945 nino
2013 907 2118 947 non
2156 902 2333 960 potest
2356 891 2499 947 ullus
2540 893 2786 952 allectus,
2820 893 2941 958 quis
2969 892 3113 947 hunc
3139 891 3414 962 stuporem

1851 977 1954 1016 non
1993 963 2249 1016 omnibus
2288 963 2436 1017 vitiis
2475 962 2685 1030 indicat
2731 977 2854 1016 esse
2905 963 3185 1032 peiorem?
3233 963 3418 1018 Potest

1848 1047 1976 1102 ergo
2013 1049 2116 1086 non
2143 1034 2375 1087 absurde
2402 1034 2508 1086 dici
2550 1034 2843 1101 perfectam
2877 1033 3268 1102 beatitudinem
3296 1035 3416 1089 sine

1845 1101 2065 1156 Stimulo
2091 1103 2320 1166 timoris,
2355 1113 2409 1158 et
2454 1104 2572 1156 sine
2607 1103 2709 1156 ulla
2748 1103 2969 1158 tristitia
3001 1101 3268 1171 futuram;
3307 1120 3420 1164 non

1848 1173 1919 1225 ibi
1949 1183 2128 1226 autem
2158 1173 2397 1228 futurum
2430 1187 2669 1228 amorem
2706 1175 3070 1243 gaudiumque
3109 1175 3232 1243 quis
3263 1176 3417 1230 dixe-

1847 1243 1936 1307 rit,
1961 1243 2063 1297 nisi
2082 1244 2394 1299 omnimodo
2409 1259 2438 1297 a
2457 1243 2684 1297 veritate
2707 1243 2980 1298 seclusus?
2995 1242 3052 1297 Si
3077 1242 3254 1298 autem
3277 1245 3418 1301 ἀπά-

1844 1311 1963 1365 Oeta
1989 1313 2076 1367 illa
2105 1323 2211 1376 est,
2240 1316 2330 1369 ubi
2371 1331 2472 1369 nec
2512 1323 2688 1367 metus
2727 1313 2867 1367 ullus
2890 1324 3156 1377 exterret,
3187 1329 3286 1370 nec
3317 1331 3416 1370 au-

1843 1383 1922 1451 git
1952 1383 2126 1448 dolor,
2166 1385 2470 1439 aversanda
2499 1393 2583 1437 est
2613 1384 2663 1436 in
2706 1385 2806 1439 hac
2842 1385 2976 1447 vita,
3009 1385 3052 1437 si
3085 1395 3256 1449 recte.
3313 1387 3417 1441 hoc

1843 1467 1946 1514 est,
1982 1455 2282 1509 secundum
2327 1457 2490 1508 Deum
2521 1455 2701 1508 vivere
2728 1455 3009 1518 volumus;
3044 1453 3098 1508 in
3143 1453 3235 1509 illa
3285 1472 3415 1513 vero

1844 1523 2019 1591 beata,
2048 1539 2171 1594 quae
2192 1526 2525 1595 sempiterna
2559 1525 2913 1592 promittitur,
2946 1524 3106 1594 plane
3147 1529 3416 1596 speranda

1841 1601 1950 1647 est.
1975 1607 1995 1641 ι

1912 1662 2170 1719 Eamdem
2205 1677 2366 1733 porro
2390 1677 2514 1719 esse
2551 1662 2846 1733 Clementis
2873 1663 3044 1720 nostri
3080 1674 3313 1721 mentem
3340 1674 3416 1722 tn-

1842 1733 1909 1788 de
1947 1733 2140 1803 liquet,
2173 1731 2318 1803 quod
2366 1734 2454 1788 ille
2487 1745 2608 1803 post
2634 1731 2932 1788 exbibitum
2965 1734 3210 1802 perfecti,
3245 1748 3305 1791 ut
3331 1739 3413 1793 di-

242 1801 409 1859 Visne
472 1806 583 1860 haec
625 1805 720 1859 tibi
759 1806 882 1860 aliis
933 1807 1168 1859 auctoris
1201 1806 1372 1860 nostri
1423 1805 1740 1861 testimoniis
1773 1814 1816 1872 Β
1846 1801 2043 1869 ximus,
2099 1801 2330 1873 gnostici
2365 1821 2433 1859 ex
2483 1801 2742 1873 Apostolo
2802 1801 3098 1874 specimen,
3150 1808 3416 1864 continuo

173 1875 438 1946 probari?
469 1875 583 1929 Non
631 1875 786 1946 longe
833 1891 895 1930 ea
937 1891 1261 1945 quaeremus.
1300 1874 1433 1946 Nam
1467 1875 1519 1929 in
1551 1878 1738 1930 eodem

175 1941 310 2016 libro
358 1944 484 2016 hanc
513 1946 579 1998 ab
626 1941 749 2014 ipso
789 1941 988 2014 scripta
1023 1946 1361 2012 postmodum
1400 1945 1626 2016 legimus
1650 1946 1737 1998 “z

179 2030 197 2064 ι
247 2013 373 2080 Quae
434 2013 709 2070 Servatori
765 2013 947 2070 nostro
994 2016 1052 2068 (it
1102 2013 1475 2078 assimilaiiof
1501 2017 1744 2069 exoritur

169 2087 454 2206 gnostico,
500 2086 590 2156 qui
621 2087 836 2155 quidem
867 2086 1040 2141 evasit
1066 2085 1358 2153 perfectus,
1395 2088 1474 2150 εἰς
1491 2085 1614 2139 ὅσον
1647 2087 1742 2138 ἀν-

209 2155 417 2206 οωπξντι
463 2155 678 2206 θεμιτὸν
716 2156 879 2206 99η
906 2155 1080 2206 catiost.
1112 2168 1371 2206 quantum
1399 2157 1524 2206 licet
1550 2158 1742 2206 huma-

208 2155 420 2229 ρωπίνῃ
463 2155 678 2229 θεμιτζρν
716 2156 879 2228 226
906 2155 1080 2229 φύσει,
1112 2168 1371 2229 quantum
1399 2157 1524 2229 licet
1550 2158 1742 2229 huma-

173 2239 252 2278 nae
310 2225 544 2291 naturae,
597 2227 734 2280 sicut
788 2225 969 2291 Pater,
1019 2227 1193 2295 inquit
1281 2225 1357 2291 “,
1413 2227 1502 2296 qui
1555 2236 1639 2280 est
1690 2227 1740 2279 in

174 2296 340 2351 caelis.
373 2315 392 2349 ι
452 2297 584 2350 Ευιη
615 2310 828 2366 quoque
866 2315 885 2348 ι
933 2297 986 2351 in
1034 2297 1346 2366 cognitione
1399 2311 1742 2351 consumma-

175 2371 349 2438 tunri
401 2367 548 2420 dixit
601 2365 765 2438 esscp
801 2365 1210 2438 ὲξομοιούμενον
1269 2367 1349 2430 εἰς
1393 2367 1621 2436 δύναμιν
1664 2366 1742 2437 τῷ

174 2434 381 2509 Κυρίῳ,
442 2454 461 2488 ι
504 2451 600 2506 pro
649 2437 856 2492 viribus
893 2434 1124 2492 Domino
1159 2434 1579 2509 assimil_atum'i
1618 2434 1739 2509 pie}

176 2513 302 2570 tate.
332 2506 612 2562 'doctrina
655 2517 710 2562 et
755 2509 1018 2562 bonorum
1049 2522 1274 2570 operum
1310 2506 1610 2563 effectione.
1635 2508 1743 2560 Ad-

176 2575 322 2648 dit"
375 2588 559 2632 autem
620 2579 792 2648 ipsum
832 2579 1033 2631 habere
1079 2575 1368 2642 ἀπάθειαν,
1411 2579 1507 2632 sed
1539 2577 1614 2641 ὡς
1663 2575 1740 2629 ἔνι

177 2645 432 2717 μάλιστα,
456 2651 626 2717 quoad
642 2645 765 2714 eius
783 2647 894 2701 fieri
920 2657 1113 2716 potest.

252 2715 348 2773 Ubi
383 2715 514 2773 vero
548 2735 612 2772 ex
643 2718 882 2788 Apostoli
911 2715 976 2770 ad
1007 2717 1316 2773 Corinthios
1351 2716 1587 2786 Epistola
1621 2732 1742 2786 per-

176 2783 302 2840 fecti
335 2792 567 2857 gnostici
598 2783 1140 2857 exeinplarproponit
1168 2798 1224 2841 et
1252 2783 1493 2854 exhibet,
1519 2789 1590 2841 ibi
1621 2783 1742 2856 qni-

178 2859 299 2925 dem
329 2862 486 2912 docet
509 2859 558 2911 ei
589 2869 836 2912 sanctum
862 2872 980 2910 esse
1006 2857 1338 2925 contingere,
1371 2859 1440 2909 ita
1476 2871 1650 2910 tamen
1685 2866 1743 2911 ut

181 2924 231 2976 in
275 2927 477 2980 nullam
507 2927 716 2980 recidat
754 2924 1238 2996 perturbationem,
1265 2937 1320 2981 et
1363 2927 1434 2980 sit
1463 2929 1512 2980 in
1554 2941 1741 2989 carne.

179 2999 404 3066 perinde
423 3013 484 3049 ac
507 2997 550 3050 si
581 3013 745 3066 carne
771 3006 982 3066 careat:
1015 3001 1111 3066 sed
1145 3007 1330 3066 postea
1365 2997 1738 3066 subiungit“:

177 3063 287 3118 Καὶ
305 3065 383 3136 τῷ
416 3067 555 3138 ἁγίῳ
576 3065 979 3138 Πνεύματιηὼς
1011 3065 1088 3120 ἔνι
1123 3063 1378 3136 μάλιστα,
1409 3063 1740 3138 atat-{66w-

1844 1875 2123 1941 subiunxit
2147 1875 2190 1907 δ’
2216 1888 2229 1923 :
2283 1891 2303 1924 ι
2329 1874 2656 1945 intelligent
2681 1875 3157 1945 quemadmodum
3209 1877 3414 1934 dictum

1843 1946 1914 1998 sit
1943 1961 1970 1997 (ι
2003 1945 2227 1999 Domino
2261 1961 2274 1996 :
2313 1943 2617 2016 Estote,—ut
2671 1943 2831 1998 Pater
2865 1958 3051 2008 vester,
3093 1947 3309 2016 perfecti
3341 1949 3411 2014 ⁸⁸,

1845 2016 2086 2086 perfecte
2135 2025 2358 2083 peccata
2408 2015 2770 2079 remittentes,
2813 2024 2868 2069 et
2915 2027 3152 2086 acceptae
3188 2015 3414 2085 iniuriae

1842 2085 2246 2156 obliviscentes,
2278 2097 2333 2156 et
2372 2086 2615 2140 viventes
2659 2087 2712 2139 in
2745 2086 2928 2140 habitu
2971 2085 3408 2156 iinpatibilitatis.

1844 2155 1996 2208 Sicut
2023 2156 2165 2208 enim
2201 2155 2499 2223 perfectum
2533 2156 2763 2210 dicimus
2797 2155 3085 2220 medicum,
3140 2167 3194 2212 et
3233 2159 3414 2226 perfe-

1843 2235 1987 2278 ctum
2049 2222 2466 2295 philoSophuni;
2526 2226 2620 2290 ita,
2676 2236 2735 2278 ut
2784 2227 2995 2295 opinor,
3061 2228 3158 2280 καὶ
3208 2222 3415 2286 τέἐλειον

1841 2293 2157 2363 γνωπικόν,
2183 2305 2235 2349 et
2257 2293 2548 2365 perfectum
2573 2293 2902 2368 guosticmu.
2937 2295 3040 2351 Sed
3074 2297 3206 2352 nihil
3233 2315 3297 2354 ex
3324 2301 3413 2368 iis,

1841 2378 1895 2416 νι
1920 2369 1963 2418 si
1996 2369 2067 2420 sit
2096 2369 2411 2429 niaximum,
2443 2370 2735 2421 assumitur
2760 2368 2827 2420 ad
2863 2367 2955 2422 Dei
2981 2367 3410 2425 similitudinem.

1840 2432 1956 2488 Non
1991 2438 2162 2496 enim,
2207 2448 2268 2492 nt
2311 2437 2475 2490 Stoici
2521 2437 2676 2492 valde
2719 2438 2898 2507 impie,
2952 2439 3189 2495 heminis
3236 2451 3290 2494 et
3321 2441 3412 2496 Dei

1841 2507 2085 2559 eamdem
2115 2507 2498 2579 dicimusesse
2532 2507 3038 2579 virtutemaannon
3078 2524 3207 2579 ergo
3245 2510 3415 2567 debe-

1844 2592 1962 2648 mus
1991 2590 2112 2631 esse
2142 2577 2390 2648 perfecti,
2417 2577 2625 2648 ut__vult
2647 2577 2841 2648 Pater?
2873 2576 3220 2648 Nequaquam
3264 2584 3410 2636 enim

1847 2647 1962 2699 lieri
1995 2655 2192 2716 potest,
2226 2659 2282 2699 ut
2327 2647 2397 2701 sit
2440 2645 2634 2716 aliquis
2669 2645 3053 2717 perfectusfut
3077 2645 3178 2702 'est
3227 2651 3368 2706 Dens
3395 2671 3412 2706 :

1845 2717 1958 2768 vult
2016 2728 2197 2770 autem
2263 2717 2423 2772 Pater
2482 2731 2582 2772 nos
2637 2719 2708 2772 ita
2762 2718 3029 2782 viventes,
3077 2728 3136 2772 ut
3187 2720 3412 2776 obedia-

1846 2800 1964 2860 mus
2018 2786 2338 2857 EVangelio,
2394 2788 2662 2856 perfectos
2732 2786 2845 2841 fieri
2914 2787 3048 2842 citra
3117 2793 3414 2860 reprehen-

1843 2870 2070 2910 ωοηρηι
2107 2874 2124 2907 ³

1916 2923 2030 2979 Non
2077 2927 2314 2980 divinam
2363 2926 2544 2995 itaque
2575 2927 2830 2996 aliquam,
2863 2937 2957 2980 aut
2986 2927 3226 2984 Stoicam
3272 2930 3414 2988 ἀπά-

1844 2993 2015 3060 θειαν,
2037 2997 2174 3067 sive,
2200 3007 2258 3050 ut
2288 2997 2366 3050 ait
2393 2993 2750 3064 Augustinus,
2792 3015 2810 3047 ι
2853 3009 3125 3067 stuporem
3161 3003 3416 3056 omnibus

1842 3069 1988 3140 vitiis
2023 3065 2280 3136 peiorem,
2312 3086 2331 3118 ι
2364 3067 2434 3140 ab
2463 3069 2676 3122 homine
2707 3065 3034 3140 hancvit’am
3069 3070 3298 3140 degeate
3323 3074 3418 3127 de-

177 3150 293 3212 pw,
329 3136 685 3212 evaxpde'qts,
716 3136 735 3188 ἀ
772 3147 827 3212 et
861 3137 1096 3212 Spiritui
1151 3147 1360 3212 sancto,
1410 3139 1586 3212 quoad
1623 3137 1736 3212 eius
1765 3155 1808 3212 ο
1842 3137 2080 3201 siderat;
2112 3143 2352 3212 sedeam
2384 3138 2646 3191 duntaxat
2673 3136 3414 3208 perturbatiomim'vacuita-

175 3207 292 3259 tieri
357 3207 556 3277 potuit,
592 3207 873 3262 commisti
938 3209 1091 3262 eSIis.
1138 3227 1156 3258 ι
1211 3207 1558 3277 Νοιινειιιειιιι
1627 3211 1736 3274 hic,

173 3277 262 3348 uti
305 3276 475 3345 vides,
541 3281 952 3346 exceptionem,
1001 3277 1210 3348 (1);}!!!
1280 3276 1534 3348 μάλιστα,
1581 3281 1737 3332 adhi-

173 3344 315 3420 buit,
358 3344 466 3402 sed?
492 3344 710 3416 insuper
739 3349 954 3417 adjecit,
982 3347 1122 3401 κατὰ
1156 3344 1406 3420 δύναμιν,
1442 3351 1736 3404 secundum

173 3412 444 3473 humanas
470 3412 684 3472 vires'et
716 3412 983 3474 virtutem.

249 3487 513 3558 Denique,
547 3498 603 3541 ut
634 3489 786 3555 plura
816 3490 922 3542 alia
948 3490 1290 3555 omittamus,
1323 3488 1411 3543 ille
1437 3489 1611 3558 palam
1635 3489 1739 3542 ali-

172 3557 294 3608 cubi
328 3559 566 3614 declarat
594 3559 635 3591 "
685 3562 984 3628 gnosticum
1010 3566 1049 3626 ,ι
1067 3572 1126 3613 ιιι
1172 3559 1286 3626 iam
1334 3557 1591 3625 diximus,
1644 3577 1739 3628 per

172 3637 611 3700 [tuumquemqne
663 3645 1004 3700 progressum
1044 3633 1260 3684 extendi
1322 3630 1401 3694 εἰς
1453 3629 1564 3695 ἕξιν
1604 3633 1740 3685 ἀπα-

170 3690 494 3773 ρείαςεῖῌειιι
523 3690 1086 3773 habit'uin'vacuitatis
1118 3690 1613 3773 perturbaiion'um,
1641 3716 1734 3754 seu

173 3770 602 3834 impatibilitatis.
640 3789 659 3822 ι
693 3771 862 3824 donec
894 3773 959 3823 ad
988 3773 1159 3824 virum
1195 3770 1491 3838 perfectum
1512 3781 1740 3824 etacter-

173 3849 294 3911 nam
357 3843 727 3894 lia-reditatem
780 3843 1105 3911 pervenerit.
1164 3840 1368 3907 Quibus
1432 3857 1563 3894 sane
1618 3857 1739 3894 ver-

168 3901 253 3981 [ﬁs
303 3911 612 3966 clarissime
661 3901 931 3981 signiﬁcat
967 3901 1267 3981 gnosticum
1321 3911 1570 3979 perfectae
1598 3911 1741 3964 ἀπα-

170 3971 318 4050 θείας
352 3993 465 4035 ιιιιιι
507 3971 866 4036 ιιιιιιυιιινιὶειί
905 3971 1228 4049 ςυῖιιιιοιθιιι,
1273 3971 1396 4036 cum
1431 3992 1552 4050 post
1581 3981 1740 4047 huius

172 4048 296 4121 vitae
325 4057 615 4107 decursum
671 4063 870 4107 aeterna
916 4048 1247 4107 beatitudine
1279 4048 1607 4121 perfruetur.
1673 4052 1740 4106 Et

171 4115 284 4173 haec
311 4124 532 4191 quidem
560 4137 623 4177 ex
651 4122 718 4176 iis
737 4123 1008 4184 tironibus,
1032 4137 1151 4192 quae
1179 4115 1438 4177 hactenus
1461 4123 1529 4176 de
1571 4125 1740 4178 variis

170 4195 399 4264 B'IQstici
426 4194 828 4264 progreSsibus,
867 4194 933 4246 de
957 4194 1111 4246 bonis
1141 4193 1286 4247 illius
1317 4193 1590 4262 Operibns,
1626 4196 1736 4247 vir-

175 4261 401 4334 tutibus,
427 4261 688 4334 precibus
723 4274 777 4317 et
798 4264 1254 4330 contemplatione
1284 4261 1557 4334 disputata
1587 4275 1734 4328 sunt,

175 4331 368 4387 tltirum
402 4331 556 4406 plane
589 4337 641 4388 iu
670 4336 884 4388 modum
914 4344 968 4388 et
1003 4334 1359 4389 invictissime
1374 4331 1740 4387 istabiliuntur

175 4412 234 4451 ac
262 4412 673 4462 οοιιιὶιΊιιιιιιιιιΓ.

244 4473 360 4529 Non
395 4481 498 4531 alia
543 4481 724 4546 itaque
753 4476 1046 4533 Clementis
1078 4475 1248 4530 nostri
1280 4477 1344 4530 de
1367 4477 1597 4546 gnostici
1633 4475 1732 4527 im—

172 4546 512 4612 patibilitate,
537 4549 789 4621 ἀπαθείᾳ,
807 4564 968 4618 quam
986 4547 1216 4602 aliorum
1239 4546 1495 4602 Ecclesia:
1513 4547 1732 4621 lA‘atrum

171 4629 234 4664 ac
263 4623 562 4680 praesertim
591 4618 898 4689 Augustini,
935 4633 1085 4672 mens
1113 4623 1488 4689 sententiaque
1513 4619 1635 4671 fuit.
1669 4618 1736 4669 tit

172 4695 300 4737 vero
329 4689 379 4739 id
410 4692 660 4744 omnibus
685 4688 854 4759 inagzs
888 4689 1104 4757 planum
1137 4688 1589 4758 manifestumque
1617 4690 1731 4751 tiat,

179 4759 563 4830 τεθριξιιιξιιιιιιε
605 4771 687 4814 est
730 4764 958 4830 integer,
994 4759 1096 4813 etsi
1141 4761 1299 4828 patilo
1337 4761 1562 4828 longior,
1592 4773 1736 4824 eius-

167 4819 287 4898 de!"
322 4829 606 4898 Augustini
643 4832 813 4890 locus,
843 4819 955 4884 vubi
1005 4819 1341 4898 data'opcra
1371 4819 1455 4882 de.
1477 4819 1564 4881 illo
1598 4819 1735 4880 dii-:1-

166 4895 315 4968 φείας
377 4895 639 4955 vocabulo
693 4901 768 4954 ita
813 4901 1028 4954 disserit
1070 4899 1159 4952 Ml:
1215 4895 1362 4952 illla
1415 4915 1533 4968 qua:
1593 4900 1736 4952 ἁπά-

166 4963 283 5040 ςιλεια
309 4969 500 5026 Grazce
522 4973 739 5035 dicitur,
770 4986 887 5040 quae
925 4971 969 5023 si
1001 4970 1188 5023 Latine
1216 4980 1398 5040 posset.
1431 4963 1736 5040 inipassihi-

165 5035 288 5094 litas
321 5046 616 5104 diceretur,
643 5045 723 5096 sic
751 5035 1094 5106 intelligenda
1111 5050 1192 5110 est
1211 5035 1490 5110 (inanimo
1509 5035 1732 5106 quippe.

166 5120 272 5163 non
317 5112 371 5167 in
401 5129 630 5181 corpore
655 5113 966 5181 accipitur),
1001 5119 1060 5162 ut
1090 5107 1327 5181 Shields
1355 5107 1731 5163 aifectionmns

167 5182 402 5250 vivatur,
438 5176 559 5253 quae
584 5176 1065 5236 contra-rationem
1092 5176 1342 5253 accidunt
1387 5189 1730 5253 mentemque

169 5251 514 5318 perturbant,
544 5258 680 5308 bona
709 5254 865 5320 plane
897 5251 1221 5320 ctiinaxime
1242 5251 1478 5320 Optanda
1501 5260 1605 5313 est,
1633 5255 1728 5301 sed

168 5334 268 5393 pec
300 5327 410 5392 ipsa
457 5325 614 5393 huius
643 5319 726 5376 est
775 5323 917 5375 vitae.
954 5319 1066 5393 Non
1093 5319 1236 5393 enim
1267 5319 1726 5393 qualiumcunque

169 5381 440 5460 homiimm
472 5381 572 5448 vo'x
602 5403 709 5454 est,
735 5395 829 5446 sed
866 5391 1096 5442 maxime
1124 5381 1354 5456 piorum,
1387 5381 1722 5456 multumque

165 5467 429 5520 iustorum
457 5474 618 5534 atque
651 5471 994 5516 sanctorum:
1024 5461 1111 5534 «Si
1144 5461 1442 5534 dixerimus
1466 5463 1722 5527 queniani

172 5541 447 5592 peccatum
475 5530 581 5589 non
601 5536 879 5595 habemus,
910 5548 1004 5585 nos
1033 5533 1176 5598 ipsos
1203 5530 1531 5595 seducimns,
1553 5538 1606 5581 et
1635 5545 1725 5581 ve-

241 5689 282 5722 “
313 5691 591 5758 Strom.,l.
617 5708 704 5756 vn,
729 5707 781 5760 p.
803 5691 923 5746 652.
946 5689 989 5721 δ’
1013 5708 1066 5763 p.
1086 5690 1275 5763 654._“_
1307 5689 1463 5763 ibid._.
1497 5704 1550 5757 p.
1585 5687 1708 5744 666.
1747 5762 1752 5763 γ
1784 5691 1830 5722 ⁸⁸
1857 5692 1890 5745 l.
1919 5709 2018 5756 vn,

171 5769 204 5826 p
254 5764 374 5822 703).

469 5765 514 5796 ⁸⁸
543 5765 582 5820 Ι.
620 5780 702 5817 λιν
731 5759 806 5815 De.
832 5759 1085 5825 ClVllq-C.
1118 5769 1170 5824 υ,
1197 5760 1226 5831 §
1252 5761 1306 5825 4,
1344 5775 1395 5826 p.
1431 5759 1556 5814 560.

175 5829 216 5860 ⁵⁸
247 5837 283 5889 l.
311 5854 358 5890 iv
379 5837 548 5891 Aead.
579 5845 794 5904 quacst.,
823 5849 876 5902 p.
909 5832 1000 5887 55.

1667 5763 1710 5792 ⁸⁹
1744 5762 1779 5814 Ι.
1818 5778 1914 5826 vii,
1962 5782 2015 5834 p.
2061 5762 2190 5819 752.

1089 5831 1136 5861 ⁸³
1172 5836 1290 5886 tuti.
1321 5833 1482 5895 epist.
1514 5831 1580 5886 ad
1615 5831 1862 5904 Ctesiph.
1897 5831 2021 5889 adv.
2055 5834 2174 5890 l’el.

1845 3217 2040 3280 temet
2068 3208 2480 3275 perfectionem.
2522 3224 2681 3276 quam
2714 3224 2810 3276 pro
2843 3211 2986 3262 virili
3024 3225 3123 3264 sua
3177 3223 3334 3280 parte
3359 3225 3416 3269 et

1843 3277 2132 3350 fragilitate
2153 3279 2314 3350 homo
2337 3294 2522 3348 c0mpa
2535 3295 2654 3334 rare
2676 3289 2874 3348 potest.
2900 3280 3050 3345 Quod
3081 3277 3300 3350 quidem
3346 3301 3412 3340 co

1840 3349 2042 3403 invicte
2081 3349 2365 3411 asseritur,
2409 3351 2535 3416 quia
2567 3351 2815 3404 Clemens
2864 3351 3068 3403 nullum
3101 3349 3246 3404 omni
3290 3370 3379 3406 om

1839 3420 1967 3474 nino
2006 3421 2207 3492 virtute
2247 3420 2304 3492 in
2341 3421 2582 3492 liac_vita
2629 3421 2949 3492 perfectum,
2989 3421 3065 3472 uti
3101 3425 3419 3477 observavi-

1841 3505 1979 3555 mus,
2005 3491 2107 3545 nisi
2133 3489 2410 3546 Christum
2449 3489 2740 3546 Domitium
2775 3489 2944 3546 fuisse
2976 3505 3298 3549 constanter
3323 3512 3412 3550 as-

1839 3571 2075 3614 several.

1910 3630 2270 3697 Quamobrem
2308 3631 2398 3685 ille
2434 3629 2791 3685 disertissime
2821 3629 2946 3684 alibi
2974 3631 3291 3700 pronuntiat
3324 3633 3367 3665 ⁸¹
3398 3649 3413 3687 :

1846 3719 1864 3750 ι
1901 3699 1993 3756 Est
2025 3715 2155 3770 ergo
2203 3718 2341 3755 unus
2389 3703 2606 3770 quidem
2652 3703 2799 3754 solus
2842 3704 2910 3753 ab
2941 3699 3086 3754 omni
3117 3703 3416 3771 cupiditate

1842 3772 2053 3825 alienus
2103 3773 2170 3823 ab
2214 3773 2389 3839 initio,
2436 3773 2701 3840 benignus
2736 3781 2792 3825 et
2829 3771 3074 3825 clemens
3130 3770 3413 3834 Deminns.

1841 3843 1932 3910 qui
1962 3851 2184 3911 propter
2223 3856 2322 3896 nos
2360 3858 2575 3910 quoque
2612 3852 2696 3895 est
2730 3841 2916 3896 homo.
2970 3841 3290 3910 Quicunque
3314 3861 3415 3897 au-

1842 3923 1949 3966 teni
1980 3914 2202 3968 student
2243 3913 2532 3966 assimilari
2583 3911 2912 3984 characteri,
2949 3911 3042 3978 qui
3068 3913 3137 3966 ab
3167 3913 3285 3984 ipso
3316 3917 3416 3969 da-

1842 3993 1930 4037 tus
1955 3992 2058 4047 est,
2085 3992 2143 4037 ut
2173 3985 2304 4036 liant
2334 3993 2586 4051 expertes
2614 3983 2952 4050 cupiditatis,
2977 3983 3260 4052 magna’vi
3284 4001 3416 4042 con-

1841 4055 2068 4108 tendunt
2095 4055 2164 4107 ab
2189 4054 2604 4109 exercitatione.
2645 4071 2664 4106 ι

1916 4121 2113 4177 Verum
2139 4125 2324 4178 nescio
2356 4138 2514 4194 quem
2547 4123 2733 4194 audire
2763 4121 2922 4176 nobis
2962 4124 3208 4179 videmur
3234 4126 3413 4181 adhuc

1842 4204 2294 4260 murmurantem,
2342 4192 2606 4265 nobisque
2637 4192 3002 4265 obiectantem
3035 4211 3063 4248 a
3094 4211 3222 4250 vero
3260 4211 3418 4265 pror.

1839 4281 1933 4337 sus
1957 4281 2063 4318 non
2082 4267 2403 4337 abhorrere,
2419 4264 2510 4333 qui
2530 4265 2727 4337 dixerit
2742 4263 3102 4337 Clementem,
3131 4269 3222 4337 qui
3255 4263 3386 4322 Cbri
3401 4295 3417 4306 -

1840 4335 2073 4388 stiauam
2125 4335 2516 4402 perfectionem
2547 4334 2776 4388 i-tlinicae
2813 4335 2967 4402 longe
2997 4334 3256 4404 praestare
3290 4341 3414 4392 ubi-

1839 4419 1946 4474 que
1985 4407 2261 4473 praedicat.
2297 4407 2692 4459 existimavisse
2719 4403 3086 4460 Christianum
3139 4407 3415 4463 hominem

1842 4478 1907 4529 ad
1940 4491 2057 4529 eam
2109 4479 2393 4544 pervenire
2429 4475 2719 4539 ἀπάθειαν,
2747 4490 2916 4546 quam
2952 4477 3167 4544 ipsimet
3215 4481 3415 4546 pagani

1838 4549 2043 4602 Stowis
2072 4547 2189 4600 suis
2219 4547 2539 4615 ascripsisse
2565 4549 2841 4601 dicuntur.
2880 4545 3092 4602 Tullius
3145 4545 3414 4617 siquidem

1837 4618 2131 4686 Pyrrhonis
2159 4616 2472 4685 opinionem
2505 4619 2588 4672 his
2616 4618 2870 4687 exposuit
2902 4619 3082 4672 verbis
3105 4619 3150 4650 ⁸³
3177 4634 3192 4670 :
3217 4616 3252 4669 ⁷ι
3278 4617 3417 4672 llu“:

1835 4689 2081 4756 (scilicet
2142 4687 2420 4758 Aristoni)
2474 4703 2746 4742 summum
2806 4688 3010 4740 bonum
3073 4697 3158 4742 est
3210 4690 3262 4758 in
3327 4703 3417 4740 re-

1837 4767 1937 4812 bus
1993 4769 2242 4812 neutram
2306 4760 2359 4812 in
2403 4757 2623 4825 partem
2707 4759 2948 4822 moveri;
3007 4774 3132 4828 quae
3191 4757 3418 4828 ἀδιαφοο

1835 4831 1926 4902 pia.
1975 4830 2044 4882 ab
2082 4830 2195 4898 ipso
2236 4829 2453 4902 dicitur.
2512 4829 2722 4899 Pyrrho
2767 4838 2948 4902 autem
2993 4843 3055 4882 ea
3101 4845 3180 4902 ne_
3209 4841 3417 4882 sentire

1833 4897 2053 4969 quidem
2074 4897 2234 4968 aqua:
2249 4899 2458 4969 ἀπαθῆ,
2487 4897 2600 4953 sive
2623 4914 2743 4968 quae
2773 4897 3009 4952 ἀπάθεια
3038 4899 3365 4958 nominatur.
3389 4915 3409 4948 ο

1836 4968 1942 5025 Sed
1985 4971 2075 5036 qui
2139 4979 2253 5025 haec
2297 4968 2558 5040 ubieCCrit
2594 4971 2907 5040 meminisse
2957 4971 3137 5034 debet,
3178 4969 3414 5038 primum

1836 5042 1978 5095 hanc
2004 5041 2316 5096 Stoicorum
2345 5039 2680 5110 Opinionem,
2712 5049 2846 5093 teste
2873 5039 3225 5111 Hieronymo,
3257 5051 3414 5092 erro-

1832 5124 1988 5163 neam
2039 5126 2160 5166 esse
2187 5109 2464 5180 sacraeque
2518 5111 2813 5179 Scriptura:
2864 5109 3090 5178 penitus
3109 5109 3410 5163 adversari.

1829 5183 1909 5235 Ad
1940 5182 2351 5249 Ctesiphontem
2391 5184 2671 5235 enimvero
2709 5185 2821 5234 haec
2859 5182 2949 5232 ille
2991 5181 3042 5232 in
3070 5181 3232 5233 verba
3270 5195 3410 5232 scrt-

1828 5253 1908 5304 bit
1937 5252 1983 5283 ⁸³
2013 5273 2024 5306 ;
2062 5269 2081 5303 ι
2115 5254 2244 5319 Quae
2267 5253 2412 5307 enim
2431 5262 2610 5320 potest
2636 5252 2740 5304 alia
2771 5254 3079 5315 maioresse
3106 5250 3410 5320 temeritas.

1827 5337 1990 5390 quam
2019 5322 2112 5376 Dei
2141 5325 2243 5377 sibi
2277 5337 2381 5376 non
2415 5324 2594 5377 dicam
2623 5319 3057 5384 similitudinem,
3087 5319 3183 5390 sed
3224 5334 3412 5387 aequa-

1831 5389 2037 5446 litatem
2089 5394 2409 5459 vindicare;
2451 5401 2508 5446 et
2537 5390 2688 5445 brevi
2714 5391 2983 5442 sententia
3017 5389 3262 5459 omnium
3304 5392 3412 5442 ha:-

1833 5465 2130 5518 reticorum
2148 5477 2354 5517 venena
2385 5458 2695 5532 Complecti,
2714 5474 2834 5532 qua;
2857 5462 2919 5514 de
2947 5458 3413 5532 philosophorum,

1831 5542 1885 5585 et
1924 5536 2158 5588 maxime
2199 5527 2528 5604 Pythagora!
2545 5541 2602 5587 et
2626 5527 2866 5586 lenonis
2897 5527 3168 5600 principis
3199 5527 3414 5582 Stoicos-

2057 5709 2112 5764 p.
2141 5694 2265 5749 706.

2341 5692 2560 5748 "ibid.
2639 5690 3099 5758 “ihzd.p.752.‘
3173 5691 3217 5722 ιτ
3263 5691 3419 5752 ibid.,

2307 5765 2352 5797 '°
2387 5765 2589 5821 Matth.
2638 5778 2696 5830 ν,
2732 5763 2822 5813 48.
2907 5763 2967 5837 Ι⁵¹
3014 5769 3048 5816 i.
3082 5775 3180 5831 vn,
3213 5761 3422 5834 p.752.
