3924 6306
549 370 686 432 1Ἇ59

1173 372 1245 428 ΙΝ
1276 369 1694 430 CLEMENTEM
1732 373 1934 429 ALEX.
1977 374 2038 430 D.
2083 374 2110 429 Ι.

2205 373 2488 432 NOURRY
2526 373 2979 432 DlSSERTATlO
3013 375 3075 430 ll.

3581 383 3680 438 lim

546 501 720 579 rAit,_et
751 513 874 579 eum
919 495 1050 579 nihil
1093 496 1643 579 hab-eret._lee):tluim
1693 497 2100 579 corroserit.....

2206 493 2321 579 ὧτει
2339 498 2450 552 ἀπὸ
2479 498 2587 579 {div
2627 498 3156 579 τξερρςαθαρθὲνῖωγ,
3191 501 3237 552 ei
3272 499 3682 579 Galepslqctuoyo-

547 565 687 639 Quid
720 572 939 632 mirum,
971 567 1144 639 inquit
1189 565 1320 639 Bion
1347 567 1414 632 ⁸³,
1448 565 1492 623 si
1536 582 1660 639 mus
1705 568 1978 639 calathum
2019 585 2107 622 ar.

545 636 764 704 reserit,
801 653 920 694 cum
955 652 1063 692 non
1100 637 1362 707 inveniret
1410 636 1552 707 quod
1604 638 1945 692 comederet?
1995 639 2105 694 lloc

546 712 693 766 enim
725 708 916 765 fuisset
939 707 1160 765 mirum.
1179 705 1320 765 si,ut
1347 705 1534 764 Iud—ens
1561 707 1918 776 argutabatur
1942 707 2108 764 Arce-

547 780 743 844 silaus,
799 792 1003 834 murem
1060 777 1306 832 calathus
1364 778 1707 833 comedisset.
1760 795 1781 830 ι
1830 777 1981 832 lllam
2041 781 2106 834 de

550 864 702 904 mure
728 847 1191 919 superstitionem,
1219 858 1380 917 atque
1409 847 1591 919 Bionis
1613 857 1669 903 et
1696 849 1961 919 Arcesilai
1987 865 2104 904 eam

547 921 600 974 iu
657 917 1125 982 rem‘dicterium,
1173 917 1622 986 quemadmodum
1689 918 1853 973 citata
1907 919 2104 974 ibidem

546 1005 576 1042 a
610 988 886 1045 Clemente
918 1002 1024 1043 non
1057 987 1229 1042 solum
1282 989 1349 1044 de
1380 997 1536 1057 rupta
1570 987 1744 1043 dextri
1792 989 1946 1056 pedis
1980 1005 2106 1044 cor-

547 1059 681 1128 rigia
710 1058 991 1114 Menandri
1020 1059 1283 1128 carmina,
1317 1073 1502 1113 verum
1533 1058 1696 1114 etiam
1732 1057 1962 1128 lepidam
1996 1059 2106 1113 An-

547 1131 810 1200 tiphontis
838 1129 904 1182 de
933 1143 1071 1200 vana
1099 1127 1474 1200 obdevoratos
1500 1143 1530 1182 a
1559 1143 1656 1183 sue
1677 1128 1944 1200 porcellos
1972 1145 2106 1199 prre-

546 1197 833 1270 sagitione,
867 1207 924 1253 et
970 1197 1221 1270 Diogenis
1272 1199 1338 1254 de
1388 1197 1608 1270 invento
1655 1197 1691 1251 a7
1725 1197 1984 1270 quopiam
2026 1203 2106 1267 pi-

546 1267 710 1339 stillo,
735 1283 767 1322 a
794 1277 1045 1337 serpente
1075 1269 1337 1339 ingyrum
1365 1268 1721 1339 circumdato,
1746 1267 2106 1339 admiratione

546 1338 880 1402 irrisionem,
913 1353 976 1392 ac
1013 1337 1226 1392 tandem
1257 1338 1390 1392 alios
1417 1337 1748 1393 Philemonis
1782 1338 1896 1392 haec
1935 1337 2105 1395 facete

546 1408 844 1464 deridentis
873 1423 1062 1463 versus
1095 1407 1467 1462 Theodoretus
1491 1408 1677 1462 retulit
1700 1407 1768 1461 ³⁵.
1795 1405 1910 1462 Huc
1948 1417 2104 1463 accc;

545 1481 647 1548 dit,
673 1477 815 1546 quod
835 1478 975 1546 apud
1005 1478 1572 1548 Ciceronemilegimus
1597 1479 1642 1510 ³⁸
1672 1495 1686 1533 :
1727 1495 1746 1529 ‹
1784 1475 1892 1531 Nos
1922 1488 2102 1533 autem

547 1547 622 1602 ita
649 1548 794 1602 leves
825 1557 986 1617 atque
1015 1555 1072 1602 et
1095 1547 1477 1610 inconsiderati
1515 1563 1722 1610 sumus,
1754 1557 1812 1601 ut
1843 1549 1888 1602 si
1925 1565 2104 1602 tnures

543 1618 844 1674 arroserint
891 1617 1090 1686 aliquid
1140 1632 1369 1686 quorum
1428 1626 1511 1674 est
1571 1634 1739 1688 opus,
1789 1618 1892 1673 hoc
1938 1634 2100 1673 unum

479 1714 483 1719 ι
544 1699 848 1758 monstrum
875 1698 1144 1758 putemus.
1180 1706 1199 1738 ι

614 1759 660 1814 Α
686 1757 843 1813 nobis
875 1755 1054 1812 autem
1087 1756 1316 1811 fortasse
1355 1771 1547 1825 posces
1583 1758 1704 1826 quis
1752 1755 1840 1812 ille
1887 1757 1980 1818 sit,
2009 1760 2098 1826 qui

544 1827 862 1898 simpliciter
893 1841 922 1882 a
958 1827 1236 1898 Clemente
1271 1837 1462 1881 nostro
1504 1837 1561 1882 et
1599 1827 1942 1882 'l‘heodoreto
1976 1827 2106 1883 Bion

543 1896 791 1965 vocatur,
823 1905 879 1954 et
923 1896 1080 1965 cujus
1120 1896 1368 1952 Clemens
1411 1899 1696 1951 dicteritun
1744 1898 1833 1952 hic
1869 1907 1925 1952 et
1963 1897 2110 1954 aliud

545 1969 671 2023 alibi
708 1967 795 2022 his
835 1967 1014 2022 verbis
1061 1968 1242 2022 retulit
1269 1967 1355 2021 “z
1395 1985 1415 2018 ε
1450 1966 1578 2022 Mihi
1608 1968 1819 2022 videtur
1854 1967 1986 2023 Bion
2021 1968 2107 2020 fa-

543 2049 663 2094 cete
698 2038 939 2109 dixisse_:
973 2037 1253 2100 Quomodo
1291 2037 1539 2109 homines
1573 2037 1772 2109 prolem
1815 2036 2105 2092 formosam

545 2107 800 2179 petierint
833 2125 859 2161 a
890 2105 1044 2172 Jove,
1073 2121 1233 2176 quam
1285 2109 1398 2179 ipse
1435 2108 1538 2179 sibi
1574 2105 1822 2178 pnebere
1858 2121 1973 2179 Anon
2012 2123 2108 2175 po—

549 2177 688 2236 tuit?
723 2196 743 2232 ι
773 2179 1134 2242 Quamobrem
1167 2177 1609 2246 respondebimus
1656 2177 1902 2246 quamvis
1926 2177 2109 2246 plures

546 2266 648 2306 nec
705 2250 884 2302 minus
933 2263 1098 2317 quam
1157 2245 1404 2302 undecim
1454 2245 1640 2302 Bionis
1678 2245 1883 2317 nomen
1909 2245 1941 2312 ,ί
1973 2257 2108 2301 teste

547 2320 762 2376 Laertio
802 2318 870 2382 ⁸⁷.
901 2316 1078 2373 sortiti
1129 2318 1349 2384 fuerint,
1394 2317 1497 2373 hoc
1536 2326 1714 2370 tanien
1757 2316 1887 2370 nulli
1932 2317 2110 2383 aptius

541 2404 601 2452 et
627 2388 979 2446 verisimilius
1016 2387 1177 2442 tribui
1221 2401 1400 2457 posse,
1447 2402 1609 2456 quam
1638 2386 1786 2440 Bioni
1819 2386 2109 2457 Borysthe-

543 2464 664 2528 niti,
687 2475 848 2530 quem
873 2459 1013 2514 idem
1047 2456 1296 2530 Laertius
1321 2459 1452 2512 deos
1488 2466 1546 2530 et
1580 2471 1736 2510 sacra
1757 2457 1940 2511 omnia
1975 2456 2106 2510 irri-

541 2527 684 2593 sisse
704 2527 1168 2600 aspernatuinque
1193 2527 1359 2582 fuisse
1392 2527 1733 2600 testiﬁcatur.

609 2603 686 2660 De
732 2595 1046 2657 memoratis
1080 2595 1256 2668 'porro
1319 2597 1708 2668 superstitiosis
1761 2595 2108 2668 ridiculisque

544 2673 788 2745 auguriis
816 2681 871 2745 et
896 2665 1343 2745 praedic—tionibus
1369 2667 1544 2745 adisis
1565 2665 1860 2745 Tir-aguelli
1897 2666 1948 2719 in
1976 2669 2104 2745 Ale-

546 2734 737 2800 xaiidr.
781 2740 850 2795 ab
893 2734 1125 2794 Alexan.
1187 2737 1281 2793 lib.
1334 2751 1363 2789 v
1413 2734 1622 2791 Genial.
1672 2737 1809 2790 dier.
1857 2751 1974 2806 cap.
2016 2736 2103 2803 l3,

544 2811 1066 2869 animadversiones.

611 2883 822 2939 Rursus
851 2893 1068 2950 quoque
1103 2893 1133 2933 a
1159 2876 1500 2950 Theodoreti)
1529 2875 1573 2908 ³⁸
1608 2875 1845 2950 inmetri
1876 2876 2102 2950 formam

542 2947 1010 3023 descriptahsunt
1040 2949 1204 3005 citata
1249 2947 1604 3023 a_Clemente_
1631 2947 1879 3023 Diogenis
1917 2947 2103 3023 Cynici

537 3017 782 3081 carmina
810 3021 878 3084 ",
903 3019 1096 3090 quibus
1145 3019 1415 3090 concinne
1453 3017 1689 3090 exagitat
1712 3017 2002 3090 praeﬁxum
2039 3017 2106 3090 ab

540 3093 789 3164 improbo
812 3087 992 3164 aliquo
1010 3087 1247 3164 homine
1275 3087 1656 3164 hanc_t_:uida_m
1693 3087 1881 3164 domui
1911 3088 2105 3164 inscri-

538 3156 776 3234 ptionem
797 3179 830 3234 _;
861 3156 1147 3234 {Insignis
1199 3160 1377 3234 viqtor
1419 3156 1676 3234 Hercules
1699 3228 1711 3234 _
1731 3159 1843 3234 hic_
1869 3157 2100 3234 bubitat,

536 3228 676 3288 nihil
705 3231 833 3288 mali
877 3229 1233 3300 ingrediatur.
1271 3228 1348 3300 Et
1379 3228 1668 3300 quomodo,
1699 3228 1892 3300 inquit,
1922 3228 2102 3300 ingre-

537 3303 716 3358 dietur
734 3295 987 3358 dominus
1007 3298 1239 3354 aedium?
1269 3316 1286 3348 ι
1314 3296 1464 3364 Quod
1489 3305 1668 3352 autem
1695 3295 1947 3354 Clemens
1972 3295 2102 3351 sub-

535 3374 707 3429 nectit
736 3373 804 3428 de
836 3370 1077 3440 lignoet
1096 3367 1272 3440 lapide
1299 3368 1504 3440 pingui.
1528 3381 1664 3440 qua;
1687 3370 1878 3439 pagani
1909 3367 2101 3440 adora-

535 3446 688 3508 bant,
713 3441 848 3499 satis
877 3437 941 3496 in
989 3437 1215 3509 hujusce
1249 3437 1351 3493 loci
1391 3437 1614 3494 scholiis
1656 3437 1978 3494 illustratum
2020 3437 2100 3490 in-

534 3515 743 3568 venies.

604 3582 791 3654 Longe
817 3582 996 3654 itaque
1023 3577 1442 3654 didiciliusillud
1465 3585 1572 3654 est.
1594 3578 1738 3654 quod
1765 3577 1960 3654 ibidem
1988 3575 2104 3654 Cle-

535 3669 692 3710 meus
718 3645 834 3709 haec
871 3645 1094 3722 scripsit
1122 3651 1176 3704 in
1207 3652 1368 3704 verba
1392 3647 1480 3701 ‘°:
1517 3645 1679 3721 Ὀρᾷν
1713 3648 1843 3719 γοῦν
1883 3648 1996 3701 ἐστι
2031 3645 2102 3699 τὰ

2129 3196 2173 3254 C

2206 569 2460 641 vodpzya.
2490 570 2603 622 Οὐκ
2636 569 2710 641 ᾂν⁷
2737 570 2809 641 δὲί
2837 569 2996 623 τοῦτο
3037 571 3260 641 ἐγίνετο.
3307 573 3353 624 ei
3381 569 3688 641 ἀνελάμδιλιιν

2205 640 2277 693 τὰ
2308 639 2403 713 r013
2446 639 2936 713 περικαθαρθέντος
2976 640 3142 713 κακάῖ
3179 659 3202 713 ε
3235 641 3419 713 Videre
3445 639 3566 713 eerte
3598 645 3691 698 licet

2206 725 2308 765 ova
2341 712 2408 764 ab
2446 709 2550 773 his,
2578 725 2699 779 quze
2723 709 3062 779 purgantur.
3096 711 3143 766 si
3178 709 3286 765 fota
3332 710 3531 778 fuerint,
3563 713 3690 768 virili-

2207 781 2343 834 cari.
2389 780 2550 848 Atqui
2604 780 2705 836 hoc
2746 794 3085 851 nequaquam
3129 780 3300 845 fleret,
3347 781 3532 851 siiejus
3567 783 3695 851 ipsius

2208 851 2349 920 quod
2390 859 2648 920 purgatur
2697 850 2835 904 mala
2887 851 3300 920 participarent.
3335 868 3354 902 ι
3384 850 3610 906 Hervetus
3640 853 3694 906 si-

2207 919 2423 988 quidem
2453 919 2693 973 declarat
2725 935 2783 972 se
2815 919 2916 973 non
2943 919 3220 990 percipere
3251 921 3432 976 horum
3460 923 3692 977 verborum

2206 1003 2461 1049 sensum,
2505 997 2557 1044 et
2604 990 2972 1057 sagacioribus
3031 989 3386 1057 indagandum
3429 991 3694 1057 relinquere.

2208 1059 2587 1115 Verumtamen
2618 1055 2741 1129 cum
2772 1059 2824 1113 in
2865 1059 3054 1114 Graeco
3096 1055 3238 1113 textu
3292 1060 3485 1129 legatur
3515 1061 3572 1114 τὰ
3596 1055 3694 1124 ὦτα,

2212 1147 2232 1181 r
2269 1143 2449 1191 aures,
2491 1147 2509 1180 ι
2541 1129 2591 1182 in
2631 1127 2820 1183 Latina
2870 1139 3048 1184 tamen
3097 1127 3521 1198 interpretatione
3561 1132 3696 1186 reddi-

2208 1208 2322 1270 tum
2355 1208 2436 1270 est
2470 1216 2490 1270 ς
2521 1213 2667 1270 ova;
2705 1217 2725 1252 ι
2757 1201 2882 1268 quia
2921 1199 3063 1253 haud
3086 1199 3246 1270 dubie
3287 1201 3528 1270 putabant
3562 1201 3699 1270 legen-

2206 1267 2430 1340 d_um_-.:dt_
2455 1266 2558 1322 ὠά.
2595 1269 2660 1322 Et
2691 1266 2833 1340 recita
2875 1270 3096 1340 quidem
3133 1266 3342 1323 videtur
3371 1270 3476 1324 haec
3504 1266 3698 1324 emenda-

2207 1338 2301 1392 tio.
2331 1337 2464 1410 Quis
2495 1348 2674 1410 autem
2704 1339 2830 1393 inde
2852 1337 3046 1410 sensus
3070 1339 3307 1410 depromi
3334 1341 3511 1410 possit,
3529 1341 3566 1394 si
3592 1355 3699 1409 qua.

2206 1423 2316 1471 ras,
2351 1407 2446 1462 tibi
2486 1408 2720 1478 primum
2762 1409 3206 1478 respondebimus
3249 1407 3557 1464 Clementem
3587 1407 3700 1462 nobis

2205 1479 2375 1547 videri
2417 1479 2485 1531 ad
2529 1478 2656 1532 illud
2706 1481 3031 1544 respexisse,
3071 1479 3214 1547 quod
3248 1495 3277 1531 a
3312 1479 3532 1532 Luc-iano
3552 1479 3635 1531 ὠὸν
3655 1480 3699 1530 ἰι

2205 1545 2525 1619 καθαρσίου,
2550 1548 2859 1604 vocatur“.
2888 1545 3102 1617 Pagani‘
3121 1550 3320 1617 quippe
3363 1549 3413 1602 in
3443 1550 3701 1619 expiationi-

2204 1617 2305 1672 bus
2336 1617 2435 1671 (ιι-ει
2471 1627 2634 1686 atque
2661 1621 2822 1673 etiam
2851 1619 3100 1687 sulphur,
3130 1621 3317 1684 taedas,
3345 1617 3542 1687 aliaque
3573 1618 3700 1671 aClc-

2206 1697 2386 1742 mente
2417 1687 2612 1742 ibidem
2649 1699 2948 1742 memorata
2969 1689 3322 1743 adhibebant.
3347 1689 3420 1744 De
3445 1690 3549 1743 ovis
3565 1700 3700 1742 autem

2206 1757 2280 1811 ita
2312 1755 2587 1812 Iuvenalis
2615 1758 2814 1814 cecinit
2842 1758 2885 1791 υ
2918 1777 2931 1813 :

2421 1826 2661 1881 .....Nisi
2683 1844 2738 1881 se
2761 1838 2965 1882 centum
2994 1829 3295 1882 lustraverit
3327 1830 3453 1883 ovis.

2213 1897 2287 1950 De
2315 1896 2578 1968 sulphure
2603 1908 2788 1952 autem
2814 1899 2953 1952 idem
2981 1908 3135 1968 poeta
3159 1897 3205 1929 “
3235 1915 3249 1951 :

2317 1966 2766 2038 ._.......Cuperent
2801 1966 3037 2031 lustrari,
3065 1967 3112 2020 si
3138 1984 3245 2036 qua
3277 1969 3520 2023 darentur

2317 2035 2597 2106 Sulphura'
2625 2054 2743 2090 cum
2773 2038 2946 2093 tradis.

2467 2122 2600 2208 ἴδετο
2648 2108 2714 2162 de
2761 2117 2990 2178 utroque
3041 2123 3164 2164 cum
3209 2123 3316 2164 ovo
3360 2117 3466 2165 tum
3507 2107 3700 2179 sulphure

2279 2193 2287 2204 '
2319 2197 2330 2228 l
2543 2195 2555 2229 Ζ

2263 2177 2439 2230 Villius
2467 2177 2512 2208 “
2543 2195 2555 2230 :

2318 2246 2383 2299 Et
2394 2248 2578 2316 _veniat
2611 2261 2728 2314 qum
2757 2247 2946 2301 lustret
2969 2265 3124 2310 anus,
3163 2247 3450 2314 lectumque
3477 2246 3700 2316 locat-qut.

2384 2313 2646 2388 Prtefera’t
2679 2326 2726 2370 et
2759 2317 2982 2371 tremula
3005 2318 3228 2388 sulphur
3249 2329 3300 2371 et
3330 2313 3421 2370 ora
3452 2333 3607 2388 manu.

2280 2386 2539 2454 Apuleius
2563 2395 2740 2440 autem
2791 2402 2896 2440 non
2941 2386 3116 2443 solum
3159 2388 3228 2443 de
3260 2402 3363 2441 ovo
3402 2397 3456 2442 et
3489 2387 3700 2456 sulphure.

2209 2457 2303 2512 sed
2331 2456 2491 2509 etiam
2528 2457 2594 2509 de
2629 2457 2782 2512 taedis
2813 2457 3148 2513 seu‘facibus
3171 2471 3472 2512 sermonem
3495 2456 3621 2521 fecit,
3642 2457 3702 2511 ubi

2210 2531 2278 2580 de
2337 2539 2473 2596 nave
2514 2527 2729 2595 expiata
2780 2526 2859 2580 sic
2907 2527 3156 2596 disputat
3194 2541 3207 2574 :
3246 2546 3265 2578 ι
3298 2525 3612 2588 Simulacris,
3649 2528 3702 2579 in-

2211 2597 2331 2664 quit
2368 2594 2434 2658 “,
2472 2594 2924 2664 rite’dispositis,
2976 2594 3166 2653 navem
3213 2598 3495 2651 faberrime
3540 2597 3702 2657 factam,

2210 2664 2440 2734 picturis
2492 2664 2646 2718 miris
2693 2664 3066 2736 Algyptiorum
3117 2669 3482 2722 circumsecus
3520 2667 3704 2736 variega-

2211 2745 2343 2797 tam,
2377 2749 2622 2789 summus
2657 2743 2910 2792 sacerdos
2943 2738 3075 2791 taeda
3104 2737 3308 2800 lucida,
3341 2747 3394 2790 et
3417 2751 3528 2798 ovo,
3556 2745 3602 2789 et
3625 2739 3701 2790 sul-

2207 2806 2400 2874 plmre,
2435 2805 2860 2859 solemnissimas
2888 2820 3075 2875 preces
3100 2809 3166 2862 de
3197 2816 3356 2861 casto
3385 2805 3606 2875 prasfatus
3623 2821 3701 2866 ore.

2207 2889 2368 2942 quam
2410 2874 2694 2942 purissime
2733 2874 3097 2942 purificatam,
3121 2878 3240 2931 deae
3267 2874 3576 2943 nuncupavit
3599 2878 3704 2930 dedi-

2207 2945 2477 3016 cavitque.
2514 2962 2532 2996 ι
2571 2945 2643 2998 Ex
2670 2945 2764 3016 his
2793 2946 2970 3015 itaque
2998 2949 3079 3002 sic
3105 2947 3414 3016 observatis
3441 2946 3546 3000 elici
3580 2954 3704 3016 potest

2207 3013 2298 3068 ille
2332 3013 2616 3069 verborum
2656 3013 2947 3085 Clementis
2994 3032 3207 3072 sensus.
3237 3013 3442 3069 Vanum
3486 3013 3702 3085 gentilium

2208 3085 2509 3156 hominum,
2542 3086 2633 3152 qui
2665 3084 2912 3156 sulphur,
2943 3086 3089 3142 faces
3113 3098 3169 3141 et
3195 3085 3307 3141 alia
3338 3084 3522 3155 quibus
3551 3085 3703 3156 prasti-

2209 3155 2444 3224 giatores
2476 3155 2529 3208 in
2564 3155 2852 3224 immundis
2879 3157 3285 3224 expiationibus
3320 3157 3632 3217 adhibebant,
3657 3155 3701 3224 ti-

2209 3223 2414 3279 morem
2448 3225 2652 3279 idcirco
2674 3223 2797 3291 jure
2830 3223 3024 3280 merito
3047 3228 3240 3281 irridet
3271 3235 3327 3279 et
3355 3225 3594 3293 explodit;
3616 3223 3703 3292 quia

2207 3309 2308 3347 ova
2352 3294 2512 3348 etiam
2553 3295 2607 3348 in
2647 3295 2751 3349 illis
2789 3296 3190 3364 expiatiouibus
3239 3293 3498 3357 adhibita,
3547 3296 3586 3350 si
3632 3295 3704 3346 tota

2208 3363 2426 3427 fuerint,
2461 3366 2595 3418 fiunt
2629 3363 2887 3436 animata,
2919 3375 3081 3436 atque
3111 3381 3177 3419 ex
3217 3365 3288 3436 iis
3327 3364 3705 3436 pulliexcludun-

2210 3445 2316 3488 tur.
2345 3436 2496 3501 Quod
2530 3443 2677 3489 certe
2713 3449 2816 3489 non
2843 3433 3018 3500 fieret,
3047 3437 3094 3492 si
3135 3434 3275 3489 mala
3315 3449 3432 3503 qua:
3464 3433 3512 3486 in
3537 3433 3620 3488 illis
3640 3444 3704 3484 ne-

2208 3504 2364 3560 fariis
2399 3504 2798 3574 expiationibus
2842 3513 2898 3558 et
2934 3505 3349 3560 lustrationibus
3385 3504 3704 3574 perpetraban-

2208 3575 2413 3646 tur.ad
2437 3573 2666 3643 ipsumet
2689 3589 2792 3629 ova
2823 3576 3158 3646 transirent,
3200 3575 3376 3646 iisque
3419 3573 3593 3643 polluta
3616 3586 3707 3627 con-

2212 3645 2579 3717 taminataque
2608 3647 2784 3716 reipsa
2815 3644 3010 3701 forent.

2141 1843 2182 1898 Β

1817 3853 2196 3944 CAPUT
2265 3857 2472 3946 XV.

1799 3987 1902 4049 De
1961 3984 2526 4069 philosophia.

973 4204 1137 4278 262
1177 4202 1568 4278 AltTiCULus
1601 4205 1640 4263 l.

534 4275 724 4332 Utrum
778 4275 1072 4332 Christiani
1133 4276 1477 4346 philosophia:
1547 4275 1756 4331 studere
1831 4277 2097 4342 debeant,

744 4357 979 4401 utrumve
998 4346 1233 4402 Clemens
1256 4349 1458 4415 primus
1481 4347 1535 4400 id
1582 4348 1887 4402 asseruerit.

606 4417 844 4473 Dandum
875 4432 996 4472 esse
1023 4416 1376 4486 philosophiae
1400 4431 1620 4487 operam
1651 4427 1706 4470 et
1732 4417 1796 4471 ad
1821 4433 1941 4473 eam
1975 4431 2099 4484 per-

530 4489 675 4543 fecte
735 4490 1158 4557 comparandam
1224 4487 1449 4542 cuilibet
1514 4487 1833 4542 Christiano
1891 4487 2098 4540 homini

529 4557 720 4614 sedulo
752 4558 1169 4613 incumbendum
1199 4598 1216 4625 ,
1270 4558 1440 4613 variis
1481 4559 1757 4625 rationum
1809 4557 2100 4610 momentis

531 4628 938 4684 evidentissime
969 4628 1218 4682 Clemens
1252 4627 1610 4682 demonstrat.
1654 4624 1790 4691 Quia
1821 4639 1950 4679 vero
1996 4625 2098 4677 ali-

532 4698 626 4768 qui
681 4709 792 4753 tum
841 4711 998 4752 secus
1048 4697 1396 4762 sentiebant,
1436 4712 1624 4768 eorum
1683 4696 1775 4750 ille
1812 4697 2104 4764 respondet

531 4766 766 4836 objectis
791 4805 808 4832 ,
841 4767 1258 4836 contrariasque
1291 4766 1574 4821 sententiae
1599 4781 1710 4820 sua:
1745 4777 2101 4836 argumenta-

535 4835 712 4894 tiones
742 4838 983 4893 inﬁrmat
1035 4847 1090 4893 et
1141 4835 1320 4890 diluit.
1390 4837 1578 4891 Status
1633 4835 1830 4889 autcm’
1879 4836 2104 4904 hujusce

532 4909 849 4976 quaestionis
873 4946 890 4972 ,
923 4921 1046 4978 quae
1092 4905 1392 4978 Clementis
1435 4905 1605 4978 nostri
1655 4921 1797 4978 aevo,
1827 4920 1892 4978 eo
1930 4904 2102 4978 major

533 4975 654 5032 esse
684 4979 873 5034 debuit
902 4975 1010 5046 quo
1040 4977 1213 5044 magis
1240 4977 1309 5046 de
1337 4976 1424 5030 illa
1457 4976 1800 5031 celeberrimi
1830 4975 2102 5031 Christia-

536 5065 619 5103 na:
667 5047 791 5104 ﬁdei
840 5045 1156 5103 defensores
1188 5054 1244 5100 et
1281 5045 1532 5100 doctores
1574 5046 1952 5115 disceptabant
1979 5085 1994 5109 ,
2042 5055 2101 5098 ut

533 5120 606 5174 ab
648 5117 900 5173 omnibus
930 5126 1084 5186 recte
1123 5115 1476 5186 percipiatur,
1507 5127 1766 5186 accurate
1793 5116 2098 5186 observan-

535 5188 662 5242 dum
685 5196 772 5243 est
795 5227 813 5252 ,
847 5185 1001 5256 quid
1031 5184 1225 5256 auctor
1257 5195 1443 5240 uoster
1483 5185 1838 5256 philosophiae
1883 5184 2102 5256 nomine

535 5257 822 5326 intelligat.
853 5255 927 5311 At
954 5255 1008 5310 id
1030 5269 1153 5326 cum
1182 5255 1382 5312 clarius
1409 5272 1571 5324 quam
1605 5255 1890 5326 ipsiusmet
1917 5255 2101 5326 verbis

535 5324 792 5398 explicari
820 5339 926 5381 non
957 5325 1128 5398 possit
1153 5365 1171 5392 ,
1199 5326 1322 5380 audi
1341 5363 1360 5391 ,
1382 5340 1568 5398 gnteso
1592 5324 1915 5398 {quomodo
1938 5339 2002 5398 ea
2032 5324 2101 5398 de

534 5393 855 5453 re'mentem
876 5393 1090 5468 aperiat
1117 5409 1271 5452 suain
1293 5413 1306 5450 :
1339 5413 1359 5449 ι
1380 5393 1808 5467 Philosophiam,
1831 5395 2006 5466 inquit
2028 5393 2096 5462 “,

605 5597 655 5632 ³³
679 5599 808 5656 ibid.

540 5671 604 5726 ad
627 5681 892 5744 gent.,p.
925 5671 1017 5729 37.
1091 5672 1136 5705 ³⁷
1169 5674 1204 5726 Ι.
1238 5673 1380 5744 tv__in
1434 5671 1590 5731 Bion.
1623 5671 1766 5726 Vita.

908 5600 957 5635 ³⁸
984 5601 1060 5660 De
1084 5599 1260 5658 Grec.
1291 5599 1468 5657 allect.
1513 5610 1715 5666 curat.,
1745 5615 1914 5657 serm.
1943 5599 1998 5665 6,
2028 5614 2081 5669 p.
2123 5597 2226 5656 563
2267 5613 2324 5658 et
2372 5615 2487 5673 seq.

925 5671 1017 5724 37.
1091 5672 1136 5705 ³⁷
1169 5674 1204 5724 Ι.
1238 5687 1292 5724 tv
1327 5673 1380 5724 in
1434 5671 1590 5724 Bion-
1623 5671 1766 5724 Vita.
1845 5671 1890 5702 ³⁸
1923 5671 2030 5724 loc.
2063 5671 2158 5724 cit.
2253 5671 2298 5704 ³⁸
2330 5671 2487 5724 Strou

2137 4213 2185 4271 ι)
2215 4224 2318 4263 non
2345 4207 2467 4261 dico
2499 4206 2759 4273 Stoicam,
2791 4223 2889 4263 nec
2914 4207 3251 4264 Platonicam
3275 4248 3291 4270 ,
3318 4214 3412 4261 aut
3431 4203 3703 4275 Epicurean).

2209 4287 2305 4332 aut
2338 4277 2738 4334 Aristotelicum
2769 4318 2786 4345 ,
2840 4280 2938 4333 sed
2985 4291 3341 4348 quaecunque
3367 4278 3433 4332 ab
3475 4275 3551 4329 his
3586 4275 3704 4347 sectis

2211 4357 2359 4423 recte
2386 4347 2549 4423 _dict_a
2596 4359 2726 4403 sunt
2757 4388 2772 4414 ,
2818 4364 2944 4423 quae
2988 4347 3477 4423 docent_justitiam
3507 4356 3610 4423 cum
3647 4352 3705 4406 pla

2209 4418 2433 4472 scientia
2459 4457 2474 4480 ,
2507 4417 2610 4472 hoc
2648 4415 3128 4493 totum'selectum
3172 4415 3301 4473 dico
3339 4415 3702 4493 philosophum;

2208 4479 2546 4558 quzecunque
2581 4499 2760 4541 autem
2793 4488 3046 4543 humanis
3072 4498 3325 4558 separata
3339 4479 3703 4558 'cogitatiumbus

2208 4551 2699 4628 adulteraruut,ea
2721 4573 2993 4628 nunquam
3020 4551 3204 4613 divina
3233 4551 3524 4628 dixerim.)
3557 4551 3702 4605 Posch

2206 4639 2336 4682 vero
2366 4626 2735 4697 disertissimis
2762 4625 2867 4682 ille'
2881 4627 3062 4684 verbis
3085 4645 3187 4684 nos
3209 4629 3464 4697 admonet
3484 4625 3542 4686 δ’,
3565 4635 3615 4675 se
3630 4631 3704 4697 ηίξιι

2206 4694 2572 4764 quorumlibet
2608 4696 2952 4753 ethnicorum
3001 4699 3278 4754 hominum
3325 4695 3588 4751 admittere
3619 4691 3704 4764 phij

2209 4755 2533 4835 losophiam,
2565 4767 2658 4821 sed
2692 4781 2880 4822 eorum
2913 4770 3292 4823 tantummodo
3325 4784 3344 4817 ι
3370 4766 3478 4834 qui,
3503 4772 3577 4835 iul
3603 4755 3702 4825 έβιιά

2209 4834 2486 4907 Ριιιιὸιιεηι
2512 4837 2652 4890 dixit
2678 4838 2954 4900 Socrates,
2987 4855 3006 4889 ς
3039 4849 3184 4892 recte
3206 4834 3550 4907 philosophati
3565 4837 3699 4907 suum

2208 4904 2429 4981 Rursus
2461 4914 2640 4981 autem
2673 4908 2833 4964 alibi:
2877 4926 2896 4958 ι
2929 4898 3382 4981 Fundamentum,
3416 4898 3638 4981 inquit“.
3663 4902 3702 4981 {Il

2207 4977 2334 5030 olim
2365 4975 2765 5040 adnutavimus,
2797 4993 2902 5031 non
2935 4979 3166 5033 dicimus
3196 4991 3314 5031 eam
3338 5015 3354 5040 ,
3383 4989 3496 5044 qua:
3528 4975 3572 5024 in
3605 4978 3702 5044 una:

2203 5059 2431 5116 quaque
2464 5047 2658 5102 haeresi
2691 5032 2987 5116 suscipitur
3011 5085 3028 5112 ,
3058 5032 3182 5101 vitae
3212 5032 3613 5116 instiiu'tiopem.
3634 5032 3700 5088 Sed

2205 5112 2258 5170 id
2290 5112 2436 5186 quod
2465 5128 2592 5171 vere
2621 5126 2710 5172 est
2737 5112 3076 5186 philosophia
3097 5155 3114 5182 ,
3147 5131 3273 5172 vere
3301 5112 3612 5168 artiﬁciosam
3634 5118 3700 5156 53'

2203 5185 2507 5257 pientiam,
2564 5201 2686 5257 qua:
2735 5185 3370 5257 praebet’experientiam
3423 5194 3585 5238 eorum
3613 5185 3700 5257 qui

2204 5244 2334 5326 sunt
2366 5254 2420 5310 in
2451 5244 2598 5310 vita:
2618 5244 2951 5326 Sapientiam
2992 5244 3174 5312 au'tem
3207 5255 3424 5326 solidam
3461 5260 3612 5306 rerum
3639 5244 3699 5326 die

2203 5325 2452 5398 vinarum
2473 5336 2529 5380 et
2549 5324 2906 5398 humanarum
2931 5328 3315 5398 cognitionem,
3340 5324 3534 5398 firmam
3558 5325 3697 5398 αυιηξ·

2205 5395 2330 5450 dam
2359 5403 2415 5451 et
2443 5395 2691 5452 stabilem
2718 5437 2735 5463 ,
2765 5407 2822 5452 et
2850 5412 2972 5468 quae
3000 5392 3108 5453 non
3138 5405 3313 5468 potest
3342 5392 3570 5450 excidere
3588 5394 3697 5440 como

3148 5614 3203 5670 Po
3229 5598 3368 5670 5871
3401 5666 3430 5670 _
3445 5587 3690 5670 ’.δίψῃ

2593 5600 2638 5634 ⁸⁸
2669 5601 2706 5656 1.
2743 5617 2783 5658 ιι
2817 5602 2895 5658 De
2919 5600 3113 5665 divin.,
3148 5614 3203 5670 p.
3229 5600 3352 5654 387.
3449 5600 3489 5626 "
3512 5600 3688 5665 Allato"-

2593 5711 2600 5721 .
2627 5687 2721 5721 vn-
2752 5688 2806 5721 n.
2834 5673 2956 5721 713.
3033 5671 3076 5702 ‘°
3107 5672 3237 5721 ibid.
3329 5668 3372 5699 “
3401 5663 3524 5721 Dial.
3555 5658 3688 5719 Diog"

2253 5671 2298 5743 θ’
2330 5670 2534 5727 Strom.
2564 5670 2600 5725 l.
2627 5687 2722 5738 vn,
2752 5688 2806 5743 p.
2834 5673 2956 5727 713.
3033 5671 3076 5702 ‘°
3107 5672 3237 5728 ibid.

536 5723 603 5816 ,5;
617 5723 778 5796 ﬁt."
794 5723 866 5816 "F
877 5723 1062 5816 “sanie.
1099 5723 1415 5816 νιξνζξδῇ.
1435 5723 1463 5724 ί
1483 5723 1841 5816 ’ξιξὲειιίξζιμ
1866 5723 1937 5816 γέ
1954 5723 2110 5816 ιὸῖέί

2235 5723 2805 5816 Ῐῖθξνθνέίοῂ-έῐῆεξέξζίἶξ
2829 5723 2956 5811 ὃὲὁξ
2986 5743 3090 5799 330
3108 5723 3252 5798 Tw“
3279 5738 3314 5794 l.
3343 5752 3380 5794 ιι
3401 5723 3684 5792 Μειθωοψιι

538 5812 682 5868 circa
716 5813 861 5870 med.
935 5810 1220 5868 u'Strom.
1258 5813 1294 5866 ι.
1329 5827 1369 5880 ι,
1407 5829 1458 5882 p.
1497 5813 1620 5880 288.
1671 5810 1740 5844 ’⁴⁷
1767 5813 1901 5870 ibid.
1934 5826 1984 5882 p.
2029 5810 2110 5866 311

2232 5811 2277 5844 “
2307 5813 2347 5868 Ι.
2386 5827 2460 5881 Vl,
2487 5828 2542 5884 p.
2571 5811 2694 5868 θη.
2780 5810 2787 5814 ⁷
2847 5845 2871 5851 ~
