3924 6306
216 268 352 324 1273

217 395 338 440 tune
353 387 420 453 ⁷⁸,
448 395 497 442 et
528 403 590 443 ex
625 388 742 456 ipso
770 389 837 444 ab
861 388 1093 445 Eusebio
1115 389 1161 422 ⁷⁸
1187 397 1458 452 narratur,
1487 391 1578 442 sed
1603 387 1764 440 etiam
1795 389 1842 445 Α

215 457 563 530 a_Plutarcho
597 459 685 514 lib.
716 478 768 515 ιιι
833 461 1153 530 Symposiac.
1178 471 1368 530 quaesl.
1405 459 1458 530 ὃ,
1486 456 1764 530 pits-140;

219 524 488 599 ltlgacrobio
516 529 588 582 De
614 548 783 586 somn.
818 524 968 598 Scip.
991 531 1084 583 lib.
1116 548 1158 594 ι,
1183 524 1301 599 cap.
1328 531 1380 594 1;
1411 524 1593 584 Valet".
1623 527 1766 582 Max.

217 594 356 673 lib.t
394 600 469 652 De
499 601 712 673 mirae"
743 594 955 673 cap.r'8,
989 599 1015 673 ᾗ
1058 602 1148 663 12,
1189 594 1427 673 δι’θιὶἰῆ.
1467 600 1549 654 An
1589 609 1768 652 autem

217 667 282 790 32
323 684 442 723 eam
487 670 760 727 Arnobius
807 667 1198 738 collineaverit,
1247 687 1347 726 suo
1397 670 1514 726 loco
1564 684 1770 738 expen-

285 756 422 790 "IIIS.

253 750 422 793 ClﬂllS.

294 811 367 882 De
411 824 664 882 supremo
709 821 886 866 autem
941 801 1044 867 Dei'
1074 813 1282 882 judicio
1332 812 1482 878 plura
1521 811 1772 882 Clemens

219 879 426 952 profert
475 880 666 952 Diphili
699 884 962 946 carmina,
993 879 1111 951 qua:
1137 885 1274 952 apud
1309 880 1772 938 Theodoretum"

217 950 456 1018 eiusdem
481 950 694 1018 Diphili,
723 963 774 1006 et
804 954 941 1005 anud
972 950 1300 1008 luminum"
1322 953 1650 1008 Philemonis
1673 966 1774 1005 no-

218 1020 362 1092 mine
411 1017 685 1074 invenies.
733 1017 976 1092 Videssis
1046 1020 1145 1077 lib.
1207 1038 1244 1078 ιι
1293 1021 1458 1091 hujus
1514 1024 1770 1092 Apparat.

218 1090 434 1161 dissert.
461 1092 517 1155 2,
547 1106 665 1158 cap.
694 1093 748 1155 5.
786 1091 812 1161 ᾗ
846 1094 899 1147 3.
1371 1090 1376 1091 ⁷
1564 1090 1570 1092 ⁷
1598 1090 1602 1091 “
1639 1124 1641 1126 .

291 1159 441 1233 Quod
465 1171 644 1233 autem
673 1163 762 1216 ille
784 1159 830 1197 η
852 1165 917 1218 de
932 1163 1210 1233 suppliciis
1230 1170 1606 1233 postgmortem
1631 1163 1775 1216 luen-

215 1229 302 1283 dis
335 1231 488 1286 affert
534 1230 777 1288 Platonis
821 1229 1296 1293 testimonium.'a
1339 1230 1552 1287 Justiuo
1608 1233 1771 1288 etiam

216 1311 456 1371 martyre
491 1301 778 1356 exhibetur
797 1307 862 1358 '9.
893 1305 1004 1358 Duo
1037 1314 1216 1358 autem
1245 1306 1308 1356 de
1341 1302 1516 1357 futura
1540 1303 1776 1358 hominis

215 1382 338 1438 post
367 1373 507 1428 hanc
527 1373 694 1426 vitam
715 1374 1052 1429 beatitudine
1077 1374 1144 1428 ab
1172 1389 1237 1428 eo
1254 1377 1490 1427 citantur
1520 1390 1708 1428 versus
1728 1375 1774 1406 ⁸ο

215 1456 280 1493 ex
320 1460 339 1493 ‹
372 1444 742 1514 philosophica
792 1446 1132 1514 Empedoclis
1184 1447 1434 1511 poetica;
1478 1463 1496 1496 ι
1532 1446 1574 1497 is
1627 1445 1771 1499 enim

219 1524 310 1582 res
333 1513 751 1582 philosophicas,
781 1517 856 1569 uti
893 1513 1022 1570 alibi
1056 1515 1399 1575 aduotamus,
1433 1515 1619 1569 stricta
1652 1531 1776 1568 ora-

213 1581 364 1636 tione
395 1581 810 1653 conscripserat.
832 1585 1084 1642 Testatur
1102 1587 1282 1652 itaque
1298 1585 1544 1639 Clemeus
1565 1587 1609 1618 ⁸¹
1635 1587 1776 1639 hanc

213 1655 548 1708 sententiam
591 1670 656 1708 ex
698 1660 883 1711 eadem
934 1672 1086 1711 sacra
1136 1656 1345 1724 origine
1377 1655 1773 1726 depromptam,

210 1726 668 1796 queiiiadmodum
696 1739 750 1780 et
775 1728 960 1792 aliam,
993 1744 1095 1796 qua
1129 1729 1268 1780 idem
1296 1727 1642 1793 Empedocles
1670 1737 1774 1780 tra-

209 1789 346 1867 didit
381 1797 636 1867 mundum
672 1799 793 1867 igne
830 1789 1256 1854 consumendum
1285 1807 1339 1850 et
1380 1789 1770 1854 renovandum.

193 1857 410 1929 'Verum
452 1867 494 1921 si
532 1857 748 1922 Laenio
796 1869 930 1924 fides
963 1869 1227 1926 habenda,
1261 1868 1349 1922 ille
1395 1867 1536 1920 hunc
1593 1883 1769 1922 rerum

202 1933 456 1989 ordinem
503 1948 762 1992 aeternum
793 1954 914 1995 esse
949 1937 1300 1994 asseveravit.
1330 1939 1435 1992 Sed
1467 1937 1607 1992 idem
1642 1939 1768 1992 Em-

200 2005 486 2078 pedocles,
518 2010 583 2062 de
613 2025 720 2077 quo
751 2026 848 2078 nos
879 2010 1030 2074 alibi,
1074 2009 1273 2078 aliquid
1311 2008 1532 2062 forsitan
1576 2010 1642 2064 de
1671 2009 1772 2065 hac

197 2076 463 2149 opipione
494 2076 805 2135 remiSerat.
835 2077 938 2149 Ipsi
979 2076 1179 2144 tamen,
1207 2090 1266 2132 ut
1291 2079 1464 2149 pergit
1499 2080 1768 2145 Clemens,

200 2143 541 2214 Suffragatus
577 2163 663 2205 est
701 2143 1030 2215 Heraclitus,
1078 2143 1171 2218 qui
1219 2143 1611 2203 un'tnn'docnit
1651 2143 1771 2205 esse

201 2218 467 2296 inuadunt
488 2230 771 2286 aeternum,
789 2223 1022 2296 alterum
1039 2237 1170 2276 vero
1193 2219 1431 2296 ipteritui
1454 2221 1766 2296 olmoxium;

205 2291 278 2362 ita
314 2298 370 2340 ιιι
411 2300 586 2345 tamen
619 2301 902 2362 postquam
949 2294 1069 2362 igne
1097 2291 1537 2360 conflagraverit,
1570 2293 1620 2344 in
1659 2293 1772 2358 pri-

203 2357 411 2412 stinum
465 2357 666 2416 statum
704 2357 912 2417 redeat.
957 2357 1115 2418 Prius
1164 2357 1298 2416 vero»
1337 2362 1586 2416 Clemens
1615 2357 1770 2415 dixe-

205 2439 294 2503 ἰξῷ-ι
306 2430 374 2495 ’⁸’,
393 2433 534 2498 quod
552 2443 604 2487 et
618 2434 706 2489 hic
718 2434 893 2489 adhuc
916 2435 1110 2503 repetit
1129 2435 1264 2486 hunc
1283 2433 1656 2502 philosophum
1675 2449 1769 2501 pe-

204 2498 364 2580 dibus
387 2503 439 2555 in
467 2503 767 2580 Stoicorum
795 2506 922 2579 περὶ
947 2498 1045 2580 τῆς
1061 2498 1474 2580 ἐκπυρώξιξωςμ
1497 2498 1563 2556 ile
1588 2498 1769 2580 ntttinli

203 2573 656 2650 eonfiagratioue,
693 2597 713 2630 ι
751 2573 912 2635 ivisse
942 2573 1524 2650 opinioneinaCertum
1554 2575 1770 2650 quidem

201 2651 314 2707 est,
347 2660 412 2698 ac
440 2645 713 2702 Plutarchi
734 2650 803 2714 ⁸³,
833 2645 1049 2705 Eusebii
1071 2647 1120 2681 ⁸⁸
1147 2659 1204 2702 et
1252 2648 1484 2702 aliorum
1527 2649 1768 2700 auctori-

206 2718 320 2766 tate
367 2730 432 2770 ac
481 2720 795 2774 testimonio
847 2730 1062 2776 constat
1134 2719 1463 2772 Heraclitum
1521 2718 1772 2773 docuisse

201 2785 386 2838 omnia
406 2789 566 2861 nasci
607 2805 674 2844 ex
721 2791 864 2861 igne,
895 2791 1034 2846 etin
1075 2806 1198 2845 eum
1247 2789 1467 2861 resolvi.
1510 2790 1579 2861 At
1621 2787 1770 2852 huic,

201 2868 370 2930 quam
404 2859 500 2926 ipsi
526 2869 718 2913 auctor
746 2859 1209 2930 noster-assignat.
1235 2860 1303 2913 de
1326 2859 1557 2930 duplicis
1588 2861 1770 2914 mundi

204 2925 829 3001 distinctioneopinioni
864 2925 1410 3001 aperte'refragatur
1434 2928 1682 2984 Laertius
1699 2931 1766 2996 ⁸⁵,

202 2997 299 3061 qui
336 2999 608 3066 expressis
639 3003 820 3055 verbis
842 2997 1035 3057 scribit
1063 3001 1211 3055 illum
1247 3000 1563 3066 credidisse,
1599 3017 1619 3051 ι
1651 3001 1771 3056 tini-

1403 271 1490 325 DE
1530 267 1754 325 LIBRIS
1788 264 2241 322 STROMATUM.

3301 271 3439 329 1274

2318 376 2482 450 249
2515 375 2907 434 ARTICULUS
2941 376 3004 433 ιι.

1942 470 2021 526 De
2057 486 2217 534 prava
2243 471 2592 539 quorumdam
2630 469 3008 524 miraculorum
3046 470 3364 526 imitatione.

1942 565 2162 620 Graecos
2207 564 2390 630 huius,
2431 563 2500 618 de
2543 580 2651 634 quo
2693 566 2951 628 diximus,
2997 566 3127 620 furti
3177 578 3231 620 et
3271 565 3432 632 plagii

1875 645 2062 705 aperte
2112 635 2426 705 convictos,
2479 651 2545 705 eo
2604 650 2791 689 rursus
2851 636 3105 690 Clemens
3162 638 3436 704 redarguit

1875 703 2039 775 atque
2071 703 2356 775 refellit”,
2388 703 2529 773 quod
2582 721 2743 773 prava
2796 707 3146 761 aemulatione
3186 703 3434 775 fictisque

1881 774 2079 830 fabulis
2132 774 2398 829 voluerint
2432 775 2688 829 miracula
2737 776 3003 844 quaedam,
3056 777 3191 844 apud
3242 774 3434 831 noset

1881 853 2079 899 nostra!
2120 845 2438 914 eruditionis
2479 859 2640 898 causa
2691 862 2718 898 a
2769 847 2900 898 viris
2945 847 3306 901 sanctissimis
3340 862 3434 914 pa-

1881 925 2043 977 trata,
2094 914 2318 969 imitari.
2367 913 2495 978 Qua:
2529 915 2766 983 quidem,
2805 917 2980 983 inquit
3028 917 3298 974 Clemens.
3342 913 3432 968 illa

1877 985 2221 1053 quantumvis
2252 994 2573 1052 praepostera
2610 986 2950 1040 inmutatione
2983 1002 3105 1040 cum
3126 987 3434 1053 exprimere

1880 1064 2171 1124 tentarent,
2197 1065 2310 1124 tum
2339 1071 2399 1107 ea
2448 1069 2571 1106 vera
2609 1071 2726 1109 esse
2761 1057 3170 1124 profitebantur.
3201 1057 3318 1109 Non
3342 1071 3435 1108 soo

1876 1123 1988 1179 lent
2019 1125 2162 1178 enim
2191 1123 2434 1178 homines
2460 1140 2579 1192 quae
2606 1125 2739 1179 falsa
2763 1123 2886 1180 esse
2915 1136 3179 1180 noverunt
3203 1126 3432 1190 imitari,

1877 1195 1970 1250 sed
2006 1209 2228 1263 negare,
2261 1193 2540 1262 despicere
2573 1206 2627 1248 et
2662 1196 2911 1263 irridere.

1951 1260 2240 1318 Videamus
2273 1260 2452 1316 autem
2499 1281 2619 1332 quae
2642 1260 2891 1319 Clemens
2936 1265 3177 1334 proferat
3201 1265 3434 1334 hujusce

1876 1348 2145 1401 perversae
2164 1334 2522 1386 aemulationis
2540 1336 2786 1403 exempla
2805 1336 2872 1388 9‘.
2893 1335 3133 1390 Primum
3152 1345 3235 1389 est
3256 1334 3430 1400 Aiaci,

1877 1404 1967 1471 qui
1995 1405 2059 1474 ad
2086 1403 2355 1457 Samuelis
2387 1404 2574 1470 instar,
2601 1405 2852 1474 precibus
2879 1406 2993 1460 suis
3022 1406 3239 1473 depulsa
3274 1413 3430 1458 terra:

1877 1473 2192 1535 sterilttate,
2226 1490 2478 1540 magnam
2515 1473 2767 1529 frumenti
2813 1476 3190 1542 fructuumque
3215 1475 3426 1542 copiam

1877 1555 1932 1598 et
1960 1544 2344 1613 abundantiam
2378 1543 2708 1613 impetravit.
2744 1545 3126 1599 Verumtamen
3160 1543 3432 1598 Hervetus

1879 1613 2112 1684 candide
2164 1612 2670 1684 fateturﬂse'nullibi
2707 1616 2754 1669 id
2804 1632 3037 1683 ttnqnam
3091 1615 3308 1684 legisse,
3343 1614 3426 1668 ni-

1881 1683 2060 1752 hilque
2089 1683 2141 1736 in
2187 1683 2305 1735 aliis
2338 1682 2631 1739 Clententis
2665 1686 2836 1740 nostri
2880 1682 3318 1740 adnotatio'nilnts
3362 1697 3430 1740 ea

1803 1731 1845 1786 Β
1875 1754 1940 1824 de
1960 1731 2031 1807 ie
2057 1753 2396 1824 observatum
2429 1731 2532 1808 esi.
2565 1731 3056 1824 Sed-prteterquznn
3091 1755 3233 1823 quod
3263 1731 3432 1808 Ense:

1875 1823 1996 1876 bius
2027 1832 2196 1877 totum
2239 1823 2710 1892 illmlClementis’
2733 1828 2904 1879 nostri
2945 1827 3303 1890 fragmentum
3345 1839 3432 1878 re-

1873 1895 2240 1964 praesentavit.
2263 1903 2410 1947 certe
2432 1893 2729 1950 Pausanias
2752 1897 2972 1964 hujusce
2999 1893 3288 1948 commenti
3320 1909 3426 1948 non

1873 1962 2039 2016 semel
2081 1964 2410 2016 meminit".
2439 1964 2515 2016 Ad
2553 1967 2708 2032 primi
2738 1962 2937 2019 etenim
2979 1966 3100 2018 libri
3136 1965 3219 2017 sui
3263 1964 3426 2017 finem

1877 2032 2001 2103 illud
2049 2033 2128 2087 sic
2171 2049 2420 2087 narrasse
2470 2034 2704 2102 legitur:
2746 2055 2763 2086 ι
2801 2037 2854 2088 In
2887 2036 3084 2089 montis
3127 2035 3258 2103 jugo
3279 2032 3429 2086 Jovis

1874 2102 2094 2170 Aphesii
2125 2115 2488 2172 cognomento
2537 2107 2718 2158 fanum
2751 2116 2855 2159 est.
2897 2107 3025 2160 Esse
3053 2102 3300 2158 vero’ita
3334 2118 3430 2168 ap-

1875 2174 2128 2245 pellatum
2164 2177 2400 2245 tradam,
2431 2176 2574 2241 quod
2603 2192 2723 2229 cum
2747 2177 2812 2229 ad
2848 2177 3240 2245 deprecandam
3272 2187 3431 2242 squa-

1874 2241 2036 2296 lidam
2058 2245 2172 2310 agri
2207 2244 2504 2297 siccitatem
2528 2246 2726 2314 Alaeus
2753 2249 2802 2299 in
2832 2241 3024 2314 Egilia
3047 2246 3282 2298 divinam
3312 2241 3426 2297 rem

1869 2327 1938 2385 ex
1968 2316 2201 2385 quodam
2249 2315 2490 2377 oraculo,
2528 2313 2834 2370 Pancllenio
2882 2316 2996 2371 Jovi
3042 2315 3266 2378 faceret,
3305 2329 3426 2368 cum

1873 2394 2020 2436 esset
2073 2384 2404 2451 perlitatum,
2437 2386 2576 2440 Deus
2603 2388 2969 2440 calamitatem
3019 2385 3361 2440 removisset.
3402 2401 3424 2434 ι

1873 2451 2066 2506 Fusius
2083 2463 2259 2506 autem
2287 2455 2337 2506 in
2362 2456 2466 2508 alio
2487 2455 2625 2509 libro
2651 2473 2694 2510 τι
2722 2456 2853 2510 Ctnn
2878 2453 3426 2523 diulurua,inquit”,

1873 2523 2122 2576 siccitate
2161 2523 2367 2577 Graecia
2424 2526 2717 2588 laboraret,
2750 2543 2812 2580 ac
2851 2543 2953 2581 non
2997 2528 3174 2579 minus
3218 2525 3429 2591 reliqua

1873 2608 1992 2660 qua:
2017 2603 2168 2645 extra
2200 2593 2454 2646 istlnnum
2487 2605 2572 2648 est
2598 2597 2829 2661 Graacia,
2860 2612 3018 2664 quam
3051 2601 3161 2648 tota
3182 2592 3437 2662 Pelopon-

1875 2678 2039 2734 nesus
2058 2666 2388 2734 _cqelestium
2436 2679 2695 2734 aquarum
2749 2668 2969 2733 penuria
3021 2666 3213 2718 affecta
3261 2677 3428 2726 esset,

1875 2732 2026 2786 missi
2057 2731 2292 2801 Delphos
2320 2743 2466 2792 sunt.
2488 2731 2581 2802 qui
2604 2750 2668 2788 ex
2702 2731 2924 2789 oraculo
2945 2735 3273 2789 calamitatis
3298 2749 3430 2786 cau-

1873 2817 1988 2874 sam
2022 2817 2085 2874 ac
2129 2803 2425 2874 remedium
2460 2817 2874 2874 cognoscerent.
2914 2805 2988 2860 lbi
3026 2805 3302 2872 respondit
3327 2803 3431 2872 Py-

1877 2871 1986 2924 thia
2014 2869 2200 2926 Jovem
2249 2869 2566 2940 placandum
2597 2894 2609 2928 :
2646 2878 2904 2930 utendum
2962 2869 3131 2937 vero;
3167 2875 3328 2928 modo
3371 2869 3434 2925 iit

1874 2941 2005 2994 velit
2049 2943 2296 3010 obsequi,
2349 2942 2518 2997 Ᾱῦειου
2571 2947 2944 3011 deprecatore.
3004 2946 3074 2998 Ex
3128 2958 3193 2996 eo
3249 2947 3433 3012 itaque

1874 3026 2138 3083 responso
2169 3012 2320 3065 missi
2367 3030 2428 3066 ex
2467 3015 2694 3083 singulis
2728 3017 2954 3070 urbibus
2981 3018 3046 3068 ad
3083 3013 3335 3080 Aiacum,
3375 3022 3434 3064 ut

206 3071 320 3152 :IIIII
345 3071 584 3152 essehoc
606 3072 936 3135 universum,
959 3083 1008 3126 et
1029 3087 1194 3152 unum
1227 3085 1344 3124 eSse
1375 3074 1650 3152 ll-llllldllm.
1676 3075 1769 3128 καὶ
1797 3075 1837 3131 C
1875 3071 2311 3152 deprecationem
2359 3071 2684 3152 susciperet,
2721 3096 2954 3140 oratum.
2988 3086 3080 3140 Ille
3123 3071 3433 3138 Pauellénio

201 3133 301 3189 ενα
329 3134 464 3192 εἶναι
491 3141 713 3211 κόσμον,
743 3133 974 3212 eumque
1003 3157 1069 3196 ex
1104 3146 1227 3208 igne
1268 3145 1440 3203 nasci,
1480 3153 1534 3196 et
1581 3159 1768 3200 rursus

201 3221 304 3290 per
335 3213 598 3279 quosdam
621 3216 865 3290 ambitus
899 3228 992 3290 per
1015 3213 1160 3290 vices
1204 3215 1304 3290 hoc
1327 3225 1488 3290 ouine
1513 3217 1767 3268 saeculum

201 3283 511 3346 igne-scere.
553 3300 572 3334 ι
604 3286 684 3336 An
706 3294 882 3338 tamen
912 3283 1217 3338 Ileraclitus
1247 3285 1300 3336 in
1329 3283 1490 3337 hasce
1513 3292 1620 3337 tam
1646 3303 1773 3339 con-

203 3351 409 3425 trarias
460 3353 1066 3425 sibiquerepugnantes
1101 3355 1384 3425 opiniones
1425 3355 1642 3419 abierit,
1684 3359 1765 3410 vel

200 3423 331 3490 quia
359 3424 646 3478 obscurius
684 3423 894 3480 locutus
920 3435 1026 3490 est,
1067 3426 1231 3479 variae
1267 3424 1340 3476 illi
1379 3429 1663 3480 sententiae
1702 3431 1767 3480 ali

201 3494 329 3567 aliis
362 3494 614 3567 ascriptis
653 3498 780 3562 sint,
812 3499 857 3552 si
887 3512 1120 3567 quaeras,
1163 3496 1254 3549 tibi
1280 3497 1512 3550 candide
1544 3511 1767 3566 respou-

203 3562 456 3636 debitmis
482 3565 588 3619 hoc
615 3568 883 3634 posterius
906 3562 1070 3623 "nobis
1105 3567 1286 3636 priore
1316 3562 1651 3634 probabilius
1687 3569 1766 3620 vis

200 3634 345 3688 deri.
381 3634 666 3689 Rationem
716 3638 759 3692 si
794 3651 968 3708 petas,
1006 3634 1116 3692 tibi
1145 3636 1768 3708 Ciceronis__aﬂ'eremus

199 3708 610 3778 auctoritatem,
643 3706 864 3778 haecque
895 3709 1041 3764 illius
1081 3709 1241 3762 verba
1258 3709 1342 3761 8°:
1381 3725 1400 3758 ι
1440 3706 1767 3761 Heraclitum

203 3791 318 3831 non
346 3792 537 3832 omnes
567 3777 997 3848 interpretantur
1023 3795 1131 3833 uno
1163 3779 1343 3843 modo,
1386 3779 1476 3846 qui
1508 3780 1766 3846 quoniam

201 3848 334 3914 quid
368 3847 592 3911 diceret,
627 3847 848 3918 intelligi
896 3851 1087 3913 noluit,
1127 3852 1460 3902 omittamus.
1500 3868 1519 3900 ι
1559 3851 1630 3901 De
1679 3863 1771 3901 su-

200 3919 449 3985 pradicta
481 3934 644 3988 porro
675 3917 983 3974 Stoicorum
1017 3923 1082 3974 de
1125 3922 1306 3973 mundi
1342 3917 1772 3990 conflagratione

200 3991 477 4043 sententia
504 3990 760 4062 legendus
783 3999 866 4043 cst
891 3992 1031 4062 apud
1057 3990 1347 4045 Eusebium
1371 3990 1414 4022 ⁸⁷
1449 3989 1767 4054 Numenius,

198 4069 373 4129 atque
405 4059 572 4115 etiam
604 4059 876 4129 Laertius,
905 4059 959 4117 et
988 4063 1105 4115 alii.
1134 4062 1212 4114 Ad
1244 4076 1431 4116 eorum
1461 4075 1624 4127 porro
1653 4064 1770 4128 Opi-

201 4132 422 4185 nionem
449 4133 751 4187 accessisse
781 4132 1058 4188 Platonem
1078 4134 1335 4186 observat
1353 4140 1544 4185 auctor
1562 4144 1768 4199 uoster,

204 4212 259 4324 ﬁt
295 4203 495 4258 citatus
523 4204 591 4258 ab
631 4217 696 4257 eo
724 4201 965 4260 Platonis
998 4203 1148 4258 locus
1180 4206 1233 4256 in
1273 4203 1416 4256 illius
1440 4202 1661 4256 scholiis
1691 4201 1769 4255 in-

246 4285 436 4324 tcalur.

246 4289 321 4326 lca
332 4285 436 4327 tur.

276 4345 547 4415 Praeterea
598 4347 890 4415 septimum
939 4341 1081 4415 diem
1120 4357 1226 4396 non
1283 4340 1765 4415 soluni__llebratis,

1871 3149 1989 3224 Jovi
2022 3152 2199 3224 sacris
2240 3155 2350 3224 grite
2391 3149 2626 3220 peractis
2673 3165 2725 3210 et
2756 3157 2896 3209 votis
2943 3155 3288 3224 nuncupatis,
3326 3154 3431 3210 iitt-

1873 3221 2044 3293 brium
2075 3221 2341 3293 Graciam
2376 3236 2674 3293 compotem
2705 3225 2852 3279 fecit.
2895 3226 2970 3279 Ad
3004 3227 3078 3280 rei
3113 3221 3430 3293 memoriam

1870 3290 2063 3359 legatis
2092 3291 2363 3360 IEginetae
2399 3290 2609 3348 statuas
2650 3297 2781 3349 istas
2817 3305 3132 3364 posuerunt.
3174 3311 3192 3344 ι
3237 3292 3431 3346 Mirum

1871 3377 2002 3433 sane
2048 3364 2320 3430 quomodo
2353 3364 2489 3428 lia-c,
2531 3375 2583 3418 ct
2610 3381 2730 3433 qua:
2777 3367 2844 3419 de
2882 3369 3070 3419 eodem
3123 3375 3437 3418 commento

1875 3432 2141 3505 Diodorus
2194 3433 2410 3505 Siculus
2434 3435 2504 3497 ³⁵,
2554 3432 2662 3489 etSi
2704 3436 2865 3505 paulo
2917 3437 3102 3505 aliter,
3155 3433 3432 3505 tueinoriie

1872 3503 2180 3582 mandavit,
2236 3501 2457 3559 llerveti
2510 3501 2849 3574 aliorttmque
2904 3504 3144 3575 fugerint
3196 3502 3431 3573 diligen-

1873 3583 2025 3629 ttam.

1947 3641 2151 3698 Dehinc
2178 3645 2426 3702 Clemens
2452 3647 2640 3700 scribit
2659 3647 2705 3679 "
2735 3643 3046 3713 popularem
3079 3643 3278 3698 famam
3302 3643 3434 3698 olim

1871 3716 2244 3783 percrebuisse
2277 3728 2464 3771 ventos
2491 3718 2560 3769 ab
2583 3717 2812 3771 Aristzeo
2841 3724 2896 3766 et
2921 3713 3243 3783 Empedocle
3270 3713 3434 3782 Agri-

1871 3785 2108 3854 gentino,
2151 3797 2244 3839 aut
2286 3799 2570 3842 revocatos
2609 3797 2668 3838 et
2707 3785 2935 3847 accitos,
2986 3795 3079 3836 aut
3121 3785 3342 3838 sedatos
3375 3792 3432 3854 et

1872 3853 2194 3923 prohibitos.
2231 3860 2301 3912 At
2349 3857 2558 3921 legendi
2595 3867 2721 3910 sunt
2770 3856 2836 3908 de
2868 3856 3043 3922 primo
3090 3853 3435 3923 Diodorus"

1872 3922 2034 3991 atque
2072 3925 2378 3981 llerodotus
2394 3927 2476 3990 ";
2511 3928 2578 3980 de
2611 3925 2851 3980 secundo
2879 3935 3058 3978 autem
3088 3922 3337 3977 Laertius
3360 3922 3430 3988 ’⁸,

1871 3996 2012 4063 apud
2037 4011 2196 4064 quem
2230 4000 2395 4050 citata
2435 4011 2463 4049 a
2493 3995 2772 4051 Clemente
2811 4004 3002 4050 nostro
3035 3993 3278 4062 ejusdem
3312 3993 3438 4046 Ειιι-

1871 4067 2110 4134 pedoclis
2141 4070 2384 4122 carmina
2410 4068 2672 4135 reperies.

1941 4135 2124 4190 Tertio
2157 4151 2296 4190 vana
2349 4148 2404 4192 et
2444 4132 2613 4190 futilis
2659 4134 3016 4205 quorumdam
3071 4132 3262 4202 Opinio
3314 4139 3437 4187 erat

1873 4205 2262 4273 pestilentiam,
2290 4216 2347 4261 ut
2375 4210 2450 4261 ait
2477 4217 2667 4260 auctor
2697 4217 2902 4269 noster,
2935 4205 3274 4272 grandinem,
3313 4216 3439 4272 pro-

1870 4276 2034 4330 cellas
2061 4287 2116 4329 et
2148 4277 2251 4348 alia
2277 4278 2607 4348 ejuscemodi
2633 4292 2748 4348 non
2767 4292 2833 4329 ex
2858 4275 2972 4329 sola
3005 4273 3439 4348 materiteaeris-

1871 4361 1976 4413 que
2022 4344 2458 4416 perturbatione,
2505 4348 2600 4400 sed
2638 4361 2668 4400 a
2717 4345 3062 4416 dannoneet
3110 4344 3294 4416 pravis
3329 4358 3439 4416 an-

203 4419 299 4469 sed
327 4414 534 4471 Grtecis
561 4412 730 4471 etiam
763 4429 976 4486 sacrum
1014 4412 1180 4486 [pisse
1225 4412 1420 4486 probat
1452 4412 1703 4486 Clemens
1719 4414 1766 4444 ⁸⁸
1797 4418 1842 4473 D
1871 4412 2170 4486 gelisetlici
2201 4428 2255 4473 et
2285 4412 2480 4473 creari.
2511 4417 2618 4472 Sed
2648 4417 2715 4472 de
2761 4419 2868 4481 bis,
2906 4415 2950 4470 si
2987 4414 3152 4480 lubet,
3187 4413 3438 4470 Vossium

205 4487 389 4541 citatis
414 4487 652 4549 Hesiodi,
685 4485 902 4541 Homeri
936 4494 990 4539 et
1015 4484 1333 4539 Callimachi
1380 4483 1714 4536 carminibus
1749 4505 1763 4538 :

204 4571 326 4624 quae
352 4557 569 4623 quidem
593 4554 914 4611 Eusebius”
939 4571 1006 4607 ex
1032 4556 1305 4609 Clemente
1323 4563 1527 4624 nostro.
1544 4565 1598 4608 et
1619 4557 1770 4622 prius

204 4623 271 4680 es
305 4627 620 4681 Aristobulo
645 4627 861 4692 retulit;
891 4625 984 4681 sed
1013 4641 1150 4696 quos
1179 4639 1368 4680 versus
1406 4623 1771 4696 illeCallima-

204 4696 334 4759 cho,
370 4697 587 4751 eosdem
632 4698 718 4751 hic
744 4697 900 4761 Lino,
934 4695 1043 4750 nec
1083 4701 1202 4749 sine
1229 4696 1463 4749 maxima
1495 4695 1548 4747 in
1595 4697 1769 4764 primo

206 4779 369 4819 versu
401 4767 692 4820 lectionum
724 4767 1086 4836 discrepantia
1113 4767 1362 4837 ascribit.
1389 4765 1654 4837 Caeterum
1703 4767 1769 4820 de

205 4851 370 4890 sacro
393 4837 480 4891 die
505 4839 736 4905 septimo
764 4834 962 4891 videsis
1010 4837 1061 4889 in
1100 4836 1346 4890 Suetonii
1395 4834 1490 4888 lib.
1524 4850 1609 4899 ιιι,
1644 4850 1766 4904 pag.

207 4907 338 4970 327,
379 4907 688 4962 Casauboni
726 4906 1155 4962 observationes.
1204 4907 1445 4974 Denique
1496 4906 1562 4958 de
1607 4908 1772 4961 variis

205 4977 524 5032 Grecorum
553 4991 620 5032 ex
647 4993 806 5033 sacra
857 4977 1134 5044 Scriptura
1164 4976 1324 5029 furtis
1357 4982 1518 5043 atque
1566 4976 1778 5044 expila-

206 5050 452 5102 tionibus
488 5049 716 5118 legenda
760 5055 844 5118 est
889 5043 1130 5100 Danielis
1169 5043 1776 5118 Classenii__7_‘lieotogia

206 5120 437 5190 gentilis,
471 5114 728 5173 Thesauri.
755 5114 994 5172 ercar.
1025 5117 1274 5184 antiquit.
1306 5116 1418 5173 vol.
1453 5116 1565 5172 VII.

277 5295 328 5328 τι
362 5305 494 5352 tom.
525 5294 594 5362 ll,
624 5293 723 5351 lib.
770 5309 805 5348 ι
825 5332 841 5356 ,
885 5292 952 5349 de
977 5291 1260 5362 Republic.

209 5368 276 5422 de
300 5367 628 5435 provident.,
653 5381 782 5437 pag.
811 5365 937 5422 56A.

1296 5310 1350 5365 p.
1376 5293 1502 5349 6H.

1596 5296 1649 5366 τι
1673 5293 1770 5348 lib.
1797 5303 1835 5349 ιι
1865 5292 2046 5366 Priap.
2077 5310 2296 5366 evansn
2327 5310 2377 5350 ο·
2401 5294 2492 5357 55-

1013 5365 1056 5396 '”
1081 5364 1178 5418 lib.
1208 5364 1595 5420 De'mouarch.
1631 5365 1748 5428 Dei,
1784 5381 1836 5434 p.
1873 5364 2010 5421 1055
2071 5367 2117 5397 ⁷⁸

1874 4488 2094 4542 consule
2115 4488 2182 4541 θ’.

1947 4539 2130 4625 Pergit
2156 4539 2442 4613 Clemens'
2472 4574 2486 4610 :
2521 4575 2539 4608 ι
2568 4555 2687 4611 Jam
2720 4539 2848 4612 vero
2899 4557 3053 4610 aiunt
3102 4568 3311 4623 magos,
3346 4551 3442 4621 qui

1857 4638 2000 4682 .sunt
2041 4628 2281 4690 Cleonis.
2331 4631 2692 4682 observantes
2733 4625 2987 4681 sublimia
3033 4627 3276 4687 utibium,
3320 4638 3441 4690 quae

1875 4704 2036 4750 erant
2065 4701 2359 4764 grandines
2385 4697 2757 4764 ejaculaturas,
2787 4698 3018 4751 canticis
3049 4705 3102 4751 et
3152 4693 3442 4764 sacriﬁciis

1879 4767 2016 4838 iram
2041 4761 2330 4838 d'epellere.
2360 4761 2509 4830 Quod
2535 4769 2578 4820 si
2605 4768 2744 4838 forte
2760 4769 2839 4822 eis
2859 4768 3183 4838 quamloque
3208 4761 3445 4838 defuerit

1879 4831 2238 4912 apimalfsuo
2277 4848 2565 4912 cruentato
2613 4837 2780 4906 digito
2817 4831 3148 4912 sacriﬁcant.
3182 4854 3205 4912 ι
3238 4831 3443 4912 Pansa-

1879 4908 2000 4960 nias
2039 4920 2220 4962 autem
2255 4927 2269 4962 :
2318 4927 2337 4961 ι
2379 4909 2641 4974 Equidem
2674 4904 2818 4976 ipse,
2865 4906 3001 4969 ait’,
3042 4904 3146 4957 vidi
3193 4904 3444 4957 homines

1917 4978 1969 5030 ui
2004 4980 2176 5032 sacris
2193 4988 2247 5033 et
2272 4978 3021 5046 incautamentisgrandinem
3051 4981 3436 5046 averterent.)

1917 4992 1969 5030 ut
2004 4992 2176 5032 sacris
2193 4991 2247 5033 et
2272 4991 3021 5046 tncautamenttsgrandinem
3051 4991 3382 5027 averterent.
3417 4991 3436 5019 ι

1879 4991 1995 5101 ἓεά
2031 5057 2204 5120 totum
2227 5119 2235 5120 ί
2258 5049 2404 5103 hunc
2434 5048 2719 5102 Pausaniae
2757 5048 2943 5120 locum
2989 5061 3110 5120 cum
3139 5042 3445 5120 Clementis

1881 5119 2059 5172 nostri
2088 5119 2271 5174 verbis
2301 5120 2631 5176 contendere
2666 5127 2717 5172 te
2749 5118 2976 5173 forsitan
3020 5115 3246 5168 minime
3271 5115 3446 5180 pinni-

2840 5291 2886 5322 ⁷⁸
2909 5290 3010 5345 loc.
3044 5289 3162 5356 cit.,
3197 5302 3360 5342 scrm.
3390 5288 3447 5353 6,

2529 5310 2581 5364 p.
2611 5292 2736 5348 560.

2144 5381 2197 5435 ι).
2219 5356 2357 5420 ”592.
2442 5367 2487 5397 ’³
2516 5356 2740 5419 Cohort.
2775 5362 2841 5416 ad
2873 5367 3046 5435 ge_nt.,
3084 5376 3138 5429 p.
3273 5367 3326 5410 et
3354 5357 3444 5435 ﬁli.

210 5439 256 5469 ⁸ο
291 5434 494 5491 Strom.
529 5438 566 5490 Ι.
597 5434 666 5502 ν,
688 5434 744 5506 ρ.
775 5437 902 5493 607.
975 5435 1020 5466 ⁸¹
1053 5434 1184 5506 ibid.
1217 5450 1270 5504 p.
1306 5435 1411 5490 599
1440 5445 1495 5490 et
1521 5451 1638 5504 seq.

210 5523 265 5576 p.
305 5506 430 5561 877.
529 5506 576 5539 ⁸⁵
616 5508 652 5562 l.
690 5505 797 5563 inv.
831 5507 1066 5575 Praepar.
1095 5505 1192 5559 Ev.
1229 5522 1280 5560 c.
1319 5506 1408 5570 M,
1441 5521 1498 5573 p.
1538 5506 1662 5561 748.

1712 5435 1758 5467 ⁸¹
1785 5431 1828 5490 Ῑ.
1860 5450 1916 5502 v,
1946 5451 2000 5505 p.
2027 5431 2166 5505 54.9.:
2250 5435 2297 5467 ⁸³
2325 5435 2595 5505 Plutarch.
2631 5435 2664 5486 Ι.
2700 5451 2738 5497 ι,
2767 5431 3078 5505 (ἰθξνιειριε.
3138 5431 3444 5505 philosoph.

1766 5506 1812 5540 ⁸⁸
1841 5506 1877 5558 Ι.
1903 5500 1985 5574 ιὲ,
2020 5510 2072 5561 ἰιι
2130 5504 2247 5559 Vita
2283 5505 2521 5573 Heracl.,
2553 5503 2579 5575 ᾗ
2609 5505 2663 5560 9.
2760 5504 2807 5536 ⁸⁸
2851 5500 3003 5575 μιν,
3039 5501 3250 5575 Der-at.
3291 5500 3448 5575 deor.

211 5569 259 5610 δ’
291 5579 326 5630 t.
364 5591 453 5643 xv,
487 5577 726 5646 Prmpar.
755 5595 870 5638 ev..
908 5569 965 5632 εξ
991 5576 1076 5640 18,
1108 5591 1162 5645 p.
1193 5577 1319 5630 820.
1394 5569 1525 5646 “Vp.
1556 5577 1678 5632 600.
1815 5577 1861 5608 ⁸⁸
1889 5578 1927 5635 1.
1963 5569 2084 5640 im,
2116 5576 2356 5647 Praepar.
2391 5569 2516 5647 ev.,'
2536 5569 2697 5647 (ΕΑΖ),
2727 5591 2781 5644 p.
2817 5574 2920 5647 6:7}
2950 5569 3195 5647 et_c._12,
3235 5589 3286 5642 p.
3309 5569 3447 5647 667.

213 5647 259 5678 ’°
285 5642 488 5717 Strom.
516 5649 551 5701 Ι.
581 5642 654 5712 vi,
685 5663 738 5716 p.
772 5649 899 5704 629.
974 5647 1017 5679 ⁸³
1049 5642 1181 5701 ibid.
1219 5648 1263 5678 "
1294 5649 1330 5701 ι.
1361 5664 1399 5713 ι,
1425 5642 1602 5717 p.15.
1680 5647 1725 5680 ⁸³
1757 5649 1771 5702 l

1881 5688 1887 5710 .
1921 5665 1974 5717 p.
2003 5649 2062 5702 ’71
2092 5642 2257 5702 θῑἸΞῘ
2311 5645 2360 5677 ³⁸
2386 5646 2421 5700 l.
2452 5663 2524 5711 tv,
2557 5646 2695 5702 Hist.
2727 5642 2778 5717 ᾗ).
2809 5645 2932 5717 185.
3076 5644 3282 5717 Stroth.
3309 5642 3346 5693 l.
3373 5657 3453 5717 vi,

214 5716 418 5790 [157650.
455 5719 501 5750 ⁸⁸
535 5719 570 5772 Ι.
603 5711 873 5784 ιγ,’1·1ἱδῑ.,
907 5737 958 5788 p.
999 5717 1122 5790 195.
1201 5719 1248 5751 ⁸⁷
1281 5720 1315 5771 Ι.
1341 5711 1441 5785 vn;
1471 5719 1497 5790 ἐ
1526 5721 1628 5776 178
1669 5730 1724 5774 et
1756 5736 1771 5774 ε

1922 5711 1998 5751 ’⁸⁸
2021 5721 2056 5773 Ι.
2098 5735 2192 5774 vin
2227 5720 2278 5771 in
2313 5711 2780 5790 Vita_Empcd,,'§
2810 5716 2878 5771 59
2909 5725 2964 5771 et
2995 5715 3084 5769 60.
3160 5713 3206 5745 ⁹⁹
3236 5715 3274 5772 1.
3312 5725 3367 5765 tv
3395 5711 3462 5763 de

215 5789 353 5858 orig.
381 5801 436 5844 et
461 5805 640 5860 progr.
677 5791 885 5857 idolol.,
924 5805 971 5845 c.
1006 5788 1089 5857 12,
1125 5807 1176 5861 p.
1229 5790 1357 5846 591.
1435 5788 1680 5846 'Strom.
1714 5806 1769 5844 vt

1881 5833 1883 5844 .
1913 5790 2036 5845 631.
2112 5793 2132 5822 ²
2159 5793 2194 5850 l.
2225 5805 2284 5856 ιι,
2312 5803 2363 5858 p.
2397 5788 2490 5846 76‘.
