3924 6306
265 212 405 272 1293

1461 214 1547 268 DE
1586 213 1807 270 LIBRIS
1846 211 2299 269 STROMATUM.

3356 218 3494 274 1294

263 335 382 388 dem
429 332 786 404 Theophrasti
833 331 1160 404 testimonio
1207 332 1287 386 sic
1331 332 1422 387 ille
1477 334 1772 387 conﬁrmat
1805 348 1820 385 :
1851 336 1899 394 Α
1926 329 2091 404 259
2118 332 2183 404 de
2213 329 2311 404 illo
2353 330 2716 404 et__contraria
2743 326 2964 404 _litt_eris
3014 327 3354 404 mandarunt.
3402 332 3494 386 Fi-

263 401 668 474 Theophrastus
697 423 718 457 1
755 404 805 457 in
831 402 965 456 libro
997 401 1073 455 De
1107 404 1285 474 causis
1309 404 1638 457 naturalibus
1667 404 1819 456 laba-

264 490 388 529 rum
417 472 644 544 siliquas
677 475 720 529 si
756 472 1129 544 ponantur_ad
1173 472 1381 544 radices
1407 475 1656 527 arborum
1705 489 1824 542 quae

262 559 435 612 nuper
474 542 599 599 sunt
637 544 924 613 plantaue.
976 542 1143 596 refert
1177 542 1398 613 plantas
1438 545 1737 598 exsiccare.
1797 562 1815 593 1

262 614 456 669 Varias
478 612 692 682 quidem
719 614 806 667 alii
831 614 1121 681 scriptores
1151 612 1218 666 de
1253 612 1338 666 illa
1366 612 1612 668 labarum
1649 614 1822 667 inter-

263 684 500 738 dictione
527 699 723 738 causas
748 683 1047 746 reddidere,
1077 691 1238 752 atque
1266 684 1318 737 in
1350 684 1538 752 primis
1577 682 1822 738 Laertius

260 752 398 807 libro
414 770 526 816 vui,
546 755 597 806 in
617 755 721 807 vita
751 753 1082 823 Pythagora,
1111 751 1137 823 §
1165 753 1246 816 l9,
1270 753 1340 807 24
1357 751 1410 807 et
1434 754 1522 818 54,
1550 755 1670 807 etin
1704 756 1820 809 h:ec

261 823 374 894 loca
404 822 928 894 Menagiustaliique
959 822 1154 878 Laertii
1191 828 1545 890 interpretes;
1582 839 1680 894 nec
1713 841 1819 878 non

261 893 450 948 Cicero
485 893 622 947 libro
648 911 664 948 l
695 893 772 947 De
800 893 1046 960 divinat.,
1097 894 1274 963 pagin.
1320 895 1446 958 266,
1482 905 1537 948 et
1579 893 1716 948 libro
1753 911 1814 959 it,

263 978 388 1033 pag.
413 963 551 1028 297;
606 964 810 1018 Plinius
859 963 997 1016 libro
1041 979 1172 1016 xvni
1218 964 1422 1017 Hister.
1471 975 1672 1030 natur.,
1722 981 1817 1017 ca-

261 1035 370 1104 pite
397 1034 490 1096 12;
523 1035 844 1090 Plutarchus
874 1035 1010 1104 libro
1043 1033 1120 1086 De
1139 1036 1347 1092 educat.
1370 1051 1604 1102 pueror.,
1637 1052 1686 1104 p.
1717 1035 1814 1099 l2;

261 1103 365 1157 Lil.
413 1104 680 1176 Gyraldus
723 1105 800 1176 De
859 1101 1145 1176 Pytliagoir.
1177 1104 1418 1174 symbol.,
1461 1120 1581 1174 pag.
1623 1101 1729 1159 475
1766 1115 1821 1159 et

259 1189 432 1242 seqq.,
463 1174 671 1228 Erasm.
701 1175 891 1242 Adag.,
920 1174 1048 1228 chil.
1082 1175 1134 1237 l,
1173 1185 1380 1228 centur.
1415 1176 1461 1236 1,
1499 1191 1618 1245 pag.
1657 1177 1742 1230 l5.

333 1245 520 1300 Obiter
540 1260 704 1312 porro
724 1247 951 1299 observa
984 1245 1233 1312 quintum
1272 1261 1299 1298 a
1336 1246 1620 1299 Clemente
1656 1247 1816 1302 citari

261 1314 614 1384 Theophrasti
649 1315 841 1368 librum
879 1313 987 1367 τῶν
1016 1314 1292 1368 Φυσικῶν
1321 1315 1543 1378 αἰτίων,
1577 1315 1648 1369 De
1693 1334 1819 1369 catt-

257 1388 328 1439 sis
385 1386 744 1448 naturalibus,
801 1400 907 1453 quo
962 1386 1176 1455 quidem
1226 1386 1413 1439 eodem
1479 1386 1632 1439 titulo
1676 1389 1814 1455 Περὶ

257 1455 532 1525 φυσικῶν
547 1455 765 1517 αἰτίων,
806 1455 889 1509 vel
934 1454 1074 1522 Περὶ
1108 1455 1382 1523 φυσικῶν
1415 1456 1707 1524 ἱστοριῶν,
1741 1454 1816 1512 De

260 1526 591 1579 naturalibus
638 1527 835 1589 causis,
889 1526 970 1580 vel
1024 1526 1254 1579 historiis
1308 1541 1336 1580 a
1377 1525 1592 1580 Laertio
1626 1528 1815 1582 lauda-

262 1607 352 1650 tur
393 1597 469 1654 ":
539 1597 634 1666 sed
677 1596 728 1666 in
769 1596 887 1664 ejus
935 1595 1155 1650 scholiis
1186 1665 1191 1666 ί
1221 1597 1666 1650 animadvertitur
1718 1613 1814 1666 pro

258 1666 502 1748 φρσικῶν
536 1665 831 1748 legendum
851 1665 1256 1748 θεεςφυτωξςῧν,
1299 1672 1399 1748 ho_c
1415 1675 1517 1731 est,
1545 1685 1563 1717 ‹
1600 1669 1665 1721 de
1690 1665 1817 1748 5111·-
1848 1678 1890 1734 Β

257 1735 402 1805 pium
436 1739 634 1797 causis,
672 1736 754 1790 vel
781 1736 1038 1790 historiis.
1078 1755 1096 1787 1
1129 1735 1241 1790 Nec
1273 1737 1414 1789 mala
1455 1752 1586 1791 sane
1613 1748 1696 1792 est
1723 1739 1816 1792 illa

259 1808 582 1861 emendatio.
618 1806 749 1860 Nam
779 1807 892 1860 haec
918 1816 997 1861 est
1024 1807 1168 1860 illius
1190 1806 1311 1860 libri
1339 1807 1477 1876 apud
1496 1809 1816 1863 Athenaeum

259 1879 305 1911 ³³
355 1877 644 1947 inscriptio
677 1886 732 1931 et
764 1877 948 1930 titulus
972 1878 1028 1929 ὲν
1049 1877 1268 1942 Αἰτίοις
1305 1877 1650 1945 φ·υτικοῖςέι
1683 1879 1818 1947 Περὶ

256 1944 478 2016 severity,
521 1947 596 1999 De
625 1947 925 2015 plantarum
955 1953 1149 2010 causis,
1180 1957 1232 2002 et
1260 1944 1334 2000 De
1359 1947 1576 2015 plantis.
1610 1944 1820 2004 Videsis

259 2017 486 2086 Menagii
543 2017 597 2070 in
645 2017 868 2071 citatum
919 2018 1118 2072 Laertii
1173 2017 1347 2071 locum
1411 2019 1817 2074 adnotationes.

261 2087 491 2142 Exstant
513 2089 807 2142 etiamnum
839 2086 1025 2142 Graece
1062 2095 1115 2142 et
1135 2086 1322 2141 Latine
1343 2088 1488 2142 edita
1515 2090 1619 2143 duo
1645 2089 1820 2143 'l‘heo-

257 2159 466 2226 phrasti
503 2159 926 2224 commentaria,
970 2174 1199 2228 quorum
1259 2159 1408 2226 prius
1457 2158 1534 2212 De
1595 2160 1817 2214 historia

255 2229 580 2351 planttqrum,
606 2229 873 2297 posterius
910 2243 1038 2284 vero
1078 2228 1154 2284 De
1191 2228 1364 2283 causis
1397 2227 1702 2297 plantarum
1738 2231 1818 2283 in-

257 2311 361 2351 scri
406 2315 417 2350 l
449 2314 530 2351 ur.

257 2299 530 2352 scribitur.

325 2368 495 2423 Porro
519 2378 696 2424 autem
738 2369 950 2425 etiamsi
984 2378 1064 2423 tot
1096 2369 1283 2424 eximii
1325 2370 1618 2439 scriptores
1658 2369 1814 2424 faba-

259 2453 378 2492 rum
436 2455 594 2492 usum
630 2455 659 2494 a
698 2441 998 2512 Pythagora
1037 2441 1258 2512 vetitum
1299 2441 1468 2495 fuisse
1501 2453 1817 2496 constanter

263 2517 599 2574 asseverent,
651 2511 815 2564 Aulus
865 2523 1042 2564 tamen
1080 2511 1287 2566 Gellius
1325 2513 1465 2564 haud
1505 2512 1817 2566 dubitanter

256 2578 494 2633 aitirmat
525 2581 740 2649 penitus
772 2581 960 2634 falsam
996 2595 1114 2634 esse
1137 2592 1373 2634 veterem
1423 2582 1566 2634 illam
1601 2592 1654 2635 et
1692 2596 1817 2649 pcr-

256 2649 525 2720 vulgatam
553 2654 616 2704 de
648 2654 748 2705 hoc
777 2651 1134 2720 Pythagorico
1157 2650 1445 2704 interdicto
1475 2653 1807 2719 opinionem.

255 2718 323 2793 Et
346 2718 469 2793 vero
500 2737 519 2770 1
547 2718 901 2793 Aristoxenus
924 2723 1162 2793 musicus
1195 2719 1372 2792 (Gellii
1396 2718 1556 2776 verba
1583 2732 1708 2793 sunt
1726 2720 1812 2793 ³³),

254 2791 343 2860 vir
382 2790 684 2844 litterarum
723 2790 1213 2860 diligentissimus,
1238 2792 1545 2846 Aristotelis
1577 2790 1816 2860 philoso-

253 2858 623 2930 phiauditor,
667 2863 717 2913 in
772 2858 912 2914 libro
941 2875 1100 2930 quem
1139 2863 1204 2914 de
1232 2859 1536 2930 Pythagora
1572 2858 1811 2929 reliquit,

255 2929 401 2984 nullo
445 2930 645 2996 saepius
703 2931 1007 2999 legumento
1057 2929 1412 2999 Pythagoram
1473 2931 1605 2984 dicit
1658 2947 1812 2985 usum

255 3000 616 3075 quainl'abis;
649 3003 902 3075 quoniam
956 3000 1002 3053 is
1033 3002 1189 3075 cibus
1229 3012 1282 3053 et
1329 3001 1654 3075 subdiiceret
1692 3017 1818 3075 sen-
1843 3017 1886 3073 c
1923 3000 2149 3075 mologia
2191 3024 2204 3060 :

253 3073 357 3122 sim
388 3070 567 3122 alvum
593 3080 646 3123 et
668 3069 944 3138 levigaret.
980 3088 998 3120 1
1033 3069 1192 3124 Putat
1220 3079 1398 3123 autem
1449 3069 1656 3125 Gellius
1687 3074 1812 3126 Ari-

260 3149 546 3210 stoxenum
571 3141 620 3192 id
639 3140 892 3194 didicisse
912 3156 939 3193 a
956 3139 1252 3209 Xenophilo
1272 3141 1630 3210 Pythagorico
1652 3154 1706 3196 et
1730 3144 1813 3196 la-

257 3209 450 3280 miliari
479 3226 596 3272 suo,
623 3221 786 3280 atque
819 3212 886 3280 ab
911 3209 1034 3264 aliis
1066 3209 1388 3280 quibusdam
1427 3213 1518 3278 qui
1552 3214 1619 3266 ab
1652 3223 1813 3268 aetate

253 3278 571 3350 Pythagorae
599 3278 738 3334 haud
771 3279 994 3334 multum
1034 3278 1281 3338 aberant.
1309 3282 1492 3334 Errori
1523 3298 1688 3350 porro
1717 3299 1812 3336 oc-

253 3352 527 3422 casionem
575 3353 867 3420 praebuisse
904 3353 1126 3405 verbum
1156 3350 1389 3422 κύαμον,
1433 3358 1574 3419 quod
1610 3353 1812 3422 Empe-

254 3421 436 3475 docles
488 3420 808 3491 Pythagora:
851 3431 1089 3476 sectator
1140 3420 1408 3486 adhibuit,
1455 3432 1510 3477 et
1552 3437 1660 3491 quo
1705 3420 1810 3478 non

253 3495 321 3543 ab
373 3492 597 3545 edendis
643 3492 818 3556 labis,
876 3508 894 3542 1
943 3494 1036 3546 sed
1097 3507 1127 3544 a
1182 3494 1256 3545 rei
1309 3492 1562 3547 Venerete
1605 3492 1810 3561 prollu-

252 3562 340 3614 vio
375 3578 394 3611 1
423 3563 594 3615 voluit
621 3562 866 3616 homines
899 3562 1186 3616 deducere.
1230 3561 1424 3617 Utrum
1466 3573 1646 3616 autem
1679 3565 1810 3619 illud

252 3631 566 3686 Aristoxeni
635 3631 997 3685 testimonium
1065 3641 1142 3687 tot
1207 3635 1434 3687 aliorum
1483 3635 1808 3701 scriptorum

253 3702 566 3781 auctoritati
620 3703 1035 3781 praeponderare
1102 3704 1316 3769 debeat,
1370 3704 1616 3773 judicent
1670 3707 1811 3774 tequi

250 3774 476 3842 verique
513 3788 690 3826 rerum
719 3774 1094 3829 aestimatores.

253 3871 263 3893 1
324 3843 438 3897 Non
489 3843 722 3897 absimili
771 3846 931 3898 etiam
983 3846 1143 3898 modo
1193 3843 1440 3912 quamvis
1493 3842 1809 3898 Clemens“

251 3916 451 3971 dixerit
493 3915 846 3986 Pythagoram
893 3916 1115 3982 ejusque
1152 3914 1420 3978 asseclas,
1449 3913 1581 3967 falsa
1619 3917 1683 3986 de
1719 3932 1813 3985 με·

250 3985 596 4058 τεμψυχώάει
639 3987 909 4040 sententia
949 3989 1174 4058 ductos,
1218 3987 1553 4058 abredendis
1597 3985 1808 4037 anima-

252 4054 380 4111 liuni
424 4054 681 4113 carnibus
727 4058 1090 4123 abstinuisse;
1131 4055 1380 4109 Laertius
1427 4054 1473 4085 ³³
1509 4065 1686 4108 tamen
1733 4068 1813 4108 te-

251 4141 390 4182 stem
412 4142 626 4198 quoque
643 4127 774 4181 citat
801 4131 1047 4182 eumdem
1062 4129 1464 4190 Aristoxenum,
1490 4127 1582 4194 qui
1614 4137 1808 4198 cuncta

251 4197 554 4254 animantia
587 4203 722 4251 bove
750 4209 967 4252 aratore
1011 4209 1065 4251 et
1097 4201 1265 4252 ariete
1305 4205 1570 4265 exceptis,
1598 4198 1664 4248 ab
1695 4197 1811 4263 ipso

250 4267 552 4339 Pythagora
595 4269 845 4323 omnibus
893 4272 1154 4338 permissa
1201 4268 1454 4321 asseruit.
1505 4265 1812 4339 Athenaeus

250 4336 388 4428 vero.
416 4336 485 4422 ἑξ
528 4336 908 4428 Pythagoram
931 4340 998 4393 ab
1037 4338 1312 4428 animatis,
1365 4337 1544 4428 inquit
1578 4336 1644 4401 ³³,
1699 4353 1803 4388 11011
1840 4375 1882 4428 D

252 4407 584 4462 abstinuisse
644 4407 1002 4463 Aristoxenus
1051 4409 1235 4464 tradit.
1303 4425 1321 4458 1
1390 4407 1588 4461 Eadem
1641 4415 1806 4474 atque

249 4478 518 4542 Laertius,
547 4480 638 4532 sed
672 4481 816 4533 nullo
852 4492 1070 4534 auctore
1113 4479 1346 4538 laudato,
1384 4476 1579 4530 Suidas
1613 4492 1806 4529 narra-

249 4551 329 4602 vit
355 4549 421 4602 ”.
451 4549 607 4602 Prius
636 4559 816 4603 tamen
845 4550 933 4604 ille
960 4553 1258 4618 scripserat
1287 4549 1651 4618 Pythagoram
1695 4549 1808 4614 pri-

249 4635 396 4672 mum
446 4629 719 4672 auctorem
773 4622 938 4675 fuisse
984 4630 1044 4673 ut
1092 4622 1335 4673 hoinines
1375 4634 1405 4669 a
1448 4618 1587 4670 labis
1610 4627 1662 4668 et
1692 4619 1810 4669 ani-

251 4701 524 4743 inatorum
586 4691 840 4744 carnibus
886 4692 1112 4744 edendis
1156 4689 1513 4743 abstinerent.
1562 4688 1812 4751 Quinimo

248 4759 569 4814 Plutarchus
587 4759 628 4831 ³³
653 4759 720 4831 de
759 4762 862 4814 hac
884 4762 1198 4831 Pythagora:
1215 4757 1537 4831 abstinentia
1556 4766 1811 4831 tanquam

248 4841 398 4886 certa
455 4840 510 4882 et
553 4829 773 4882 minime
824 4828 986 4885 dub—ia
1046 4828 1282 4883 rationes
1331 4829 1530 4881 attulit.
1582 4828 1650 4878 At
1696 4828 1811 4880 haec

248 4902 566 4972 opinionum
613 4899 844 4954 varietas
882 4917 984 4972 non
1027 4901 1244 4972 aliunde
1277 4901 1464 4967 procul
1504 4897 1810 4972 dubioorta

250 4969 335 5028 eSt
363 4986 525 5042 quam
565 4972 851 5042 Aexrvariis
898 4970 1124 5024 forsitan
1166 4971 1425 5037 falsisque
1482 4969 1809 5042 rumoribus,

248 5044 334 5098 vel
378 5038 608 5095 diversis
658 5038 880 5104 hujusce
923 5042 1226 5109 philOSOplli
1271 5043 1394 5093 vitae
1430 5039 1811 5106 scriptoribus,

247 5114 342 5184 qui
381 5112 540 5176 falsa,
594 5121 652 5165 ut
699 5110 864 5164 moris
903 5122 1007 5175 est,
1070 5113 1322 5178 opinione
1381 5111 1601 5172 imbuti,
1663 5112 1811 5161 varia

329 5296 378 5330 ³³
402 5297 441 5350 Ι.
471 5309 502 5347 v
541 5293 596 5347 in
625 5291 871 5361 Theoph.
897 5293 1026 5354 vita,
1052 5290 1188 5362 §45.

247 5368 293 5403 ³⁸
324 5369 527 5421 Strom.
567 5365 656 5418 lib.
696 5379 790 5417 vn.
822 5379 942 5432 pag,
970 5363 1090 5416 7-l7.

245 5435 733 5508 ΠνδθοικόρσάςζἮ³⁸⁵
767 5435 821 5508 l._
840 5435 915 5508 De
941 5448 1037 5508 esu
1076 5447 1335 5508 εει-11ης).
1363 5433 1581 5508 995,_‘et
1625 5445 1741 5498 seq.

249 5512 340 5563 lib.
371 5505 550 5571 vii,'p.
581 5505 703 5559 717.
780 5505 954 5571 "loc.
990 5506 1086 5557 cit.

250 5641 451 5695 Hister.
489 5647 690 5711 natur,
723 5655 840 5709 cap.
871 5641 958 5702 51,
982 5657 1101 5711 pag.
1129 5642 1250 5695 237.

251 5711 297 5743 ³⁵
324 5712 418 5766 lib.
455 5726 508 5766 iv
537 5710 611 5764 De
641 5725 766 5766 vera
799 5710 1079 5778 sapientia,
1116 5727 1232 5781 cap.
1266 5710 1335 5766 l7.

1268 5291 1312 5322 ³³
1336 5291 1372 5344 l.
1402 5307 1440 5346 11
1489 5288 1811 5358 Deipnosopl

1191 5361 1236 5392 ³³
1268 5361 1358 5412 lib-
1387 5376 1480 5412 vm
1515 5363 1568 5412 in
1600 5361 1707 5412 vita
1744 5357 1811 5412 PV

1925 5301 1958 5342 i.
1991 5286 2083 5351 55,
2119 5297 2176 5341 et
2215 5287 2252 5340 l.
2284 5303 2367 5349 in,
2399 5303 2454 5354 p.
2483 5287 2569 5339 77.
2666 5286 2709 5315 ³ο
2737 5286 2773 5338 l.
2820 5301 2873 5338 iv
2905 5286 3058 5338 Noct.
3089 5286 3283 5350 Attic.,

1925 5396 1931 5412 .
1983 5358 2010 5412 8
2056 5358 2145 5412 20.
2221 5357 2265 5389 ³³
2293 5360 2331 5412 1.
2366 5373 2394 5409 x
2423 5360 2633 5412 Deiun..
2671 5370 2722 5412 D.
2757 5355 2881 5408 418.
2957 5354 3003 5386 ³³
3033 5357 3187 5409 Suid.
3228 5363 3292 5408 ad

1268 5361 1358 5418 lib.
1387 5376 1480 5414 vni
1515 5363 1568 5414 in
1600 5361 1707 5412 vita
1744 5358 1811 5428 Py

1284 5447 1335 5495 p.
1363 5433 1487 5495 995,
1525 5439 1581 5484 et
1625 5445 1741 5495 seq.

1925 5396 1931 5418 .
1983 5358 2010 5429 θ
2056 5358 2145 5412 20.
2221 5358 2265 5389 ³³
2293 5360 2331 5412 1.
2366 5373 2394 5409 x
2423 5360 2633 5422 Deipn.,
2671 5370 2722 5421 p.
2757 5358 2881 5408 418.
2957 5358 3003 5386 ³³
3033 5358 3187 5409 Suid.
3228 5363 3292 5408 ad
3333 5361 3484 5413 verb.

1925 5468 1937 5482 .
1980 5445 2046 5482 xv
2097 5427 2479 5495 Metamorph.,
2516 5429 2623 5478 tab.
2661 5429 2714 5490 2,
2748 5442 2796 5478 v.
2851 5424 2920 5478 73
2971 5439 3125 5495 seqq.
3200 5426 3243 5456 ³⁷
3279 5427 3482 5480 Strom.

1163 5503 1206 5534 ³³
1231 5498 1436 5556 Strom.
1466 5504 1558 5555 lib.
1607 5515 1704 5564 vit,
1757 5513 1882 5567 pag.
1916 5499 2037 5553 718.
2087 5498 2225 5552 Paed.
2274 5498 2311 5550 Ι.

251 5587 369 5645 pag.
401 5569 523 5625 405‘.
596 5571 640 5602 ⁸⁸
671 5571 712 5623 1.
745 5585 806 5631 ιι,
835 5569 928 5645 De
944 5585 1003 5624 re
1049 5570 1266 5645 rustica,
1308 5585 1367 5645 c._
1405 5572 1458 5645 ξ,
1485 5588 1539 5641 p.
1573 5571 1658 5645 δέ.
1736 5571 1778 5604 ³³
1807 5572 1811 5623 l

1927 5570 2158 5631 Variar.,
2194 5569 2309 5645 ἐξ.
2385 5569 2678 5645 "_$_trom;,
2709 5569 2803 5645 lib.
2841 5586 2937 5632 vn,
2965 5570 3213 5645 p._718._
3249 5569 3300 5645 _"°
3331 5569 3434 5645 lib:

1331 5641 1376 5672 “
1405 5639 1501 5698 lib.
1535 5657 1572 5694 ll
1608 5642 1816 5715 Denat.
1862 5643 2035 5708 deor.,
2066 5639 2335 5711 pag.‘238,
2362 5650 2416 5694 et
2444 5639 2536 5695 lib.
2568 5658 2600 5696 v
2632 5641 2707 5696 De
2738 5640 2852 5707 lin.,
2879 5657 2932 5710 p.
2976 5642 3094 5696 l09.
3172 5641 3215 5672 ³⁸⁸
3249 5641 3354 5695 loc.
3392 5639 3485 5690 cit.

1930 398 2162 455 nein'his
2205 399 2370 455 faciat
2413 399 2576 463 Naso,
2609 401 2700 468 qui
2741 398 3107 467 Pythagoram
3147 401 3338 456 stricta
3363 418 3493 458 orao-

1928 472 2074 525 tione
2100 471 2407 540 loquentem
2433 471 2510 524 sic
2537 470 2740 524 inducit
2770 469 2814 500 ³⁶
2841 487 2855 522 :

1996 561 2229 630 Parcite,
2264 561 2537 624 mortales,
2569 562 2788 626 dapibus
2829 572 3080 614 temerare
3105 561 3346 630 nefandis

1994 628 2230 701 Corpora
2262 647 2280 685 :
2323 640 2445 684 sunt
2474 638 2672 701 fruges,
2700 640 2822 683 sunt
2851 628 3361 684 deducentia'ramas

1996 700 2239 754 Pondere
2260 718 2412 766 poma
2441 700 2576 765 suo,
2599 702 2917 768 tumidaque
2943 702 2999 753 in
3026 701 3212 753 vitibus
3240 717 3371 756 uvw.

1995 807 2858 909 oppetiit/(.1(linitibsntlimentaqtle
2888 807 3230 893 .mitt'irlellus.
3279 809 3293 822 .
3340 813 3354 827 .
3403 813 3419 827 ο
3472 813 3489 829 ⁸

1992 908 2268 980 Suggerit,
2329 921 2483 979 atque
2544 908 2735 973 epulas'
2787 911 2898 964 sine
2949 911 3090 963 ccede
3121 920 3188 1050 [et
3238 913 3491 1031 sgmguine

3147 995 3254 1046 pra:
3289 991 3357 1034 et.

3147 995 3357 1046 proraet.

1991 1073 2048 1127 In
2093 1071 2434 1127 abstinentiae
2474 1086 2638 1140 porro
2685 1073 3013 1124 mentionem
3045 1071 3484 1140 quandoquidem

1928 1143 2236 1208 incidimus,
2287 1143 2578 1198 observare
2615 1141 2791 1195 adhuc
2828 1141 2991 1193 liceat
3021 1156 3052 1193 a
3083 1140 3361 1194 Clemente
3393 1159 3490 1197 no-

1919 1224 2039 1269 stro
2067 1228 2171 1266 non
2199 1213 2370 1267 solum
2399 1211 2613 1280 probari
2647 1214 2688 1265 si
2721 1212 2838 1279 quis
2871 1225 2898 1264 a
2929 1211 3050 1264 cibo
3085 1224 3151 1263 ex
3175 1210 3488 1267 animalium

1928 1284 2183 1338 carnibus
2218 1283 2467 1337 confecto
2498 1283 2720 1335 omnino
2745 1282 3048 1346 abstineat;
3087 1283 3180 1334 sed
3211 1281 3436 1348 insuper
3469 1301 3485 1336 :

1925 1372 1944 1406 1
1991 1352 2236 1414 Videtur.
2290 1353 2556 1421 inquit",
2609 1351 2935 1405 Xenocrates
2980 1352 3208 1404 seorsim
3253 1360 3491 1410 tractans

1919 1425 1986 1476 de
2019 1424 2352 1476 nutrimento
2380 1438 2446 1476 ex
2479 1423 2824 1485 animalibus,
2859 1430 2913 1476 et
2943 1421 3196 1474 Polemon
3232 1422 3283 1474 in
3327 1437 3489 1490 opere

1919 1493 1996 1547 De
2019 1497 2124 1546 vita
2165 1495 2449 1546 secundum
2483 1503 2725 1544 naturam
2768 1502 2953 1557 aperte
2996 1493 3188 1544 docere
3230 1507 3350 1545 esse
3407 1494 3489 1546 iii-

1918 1563 2049 1616 utile
2079 1564 2219 1632 quod
2251 1566 2311 1615 lit
2343 1577 2440 1629 per
2469 1576 2663 1616 carnes
2689 1562 3099 1632 nutrimentum.
3142 1562 3352 1632 sQuam
3387 1578 3486 1613 an-

1922 1641 2025 1686 tem
2057 1630 2110 1686 id
2133 1648 2316 1685 verum
2347 1632 2436 1695 sit,
2471 1633 2650 1686 disces
2681 1646 2747 1685 ex
2770 1630 2974 1687 Galeno
2996 1630 3137 1685 libro
3169 1631 3242 1684 De
3265 1631 3486 1687 alimen-

1922 1715 2094 1755 torum
2127 1702 2496 1770 facultatibus,
2542 1718 2604 1754 ac
2645 1702 2707 1753 de
2736 1701 3009 1772 eurchyinia
3037 1711 3086 1753 et
3123 1701 3481 1772 cacocltymia,

1921 1785 2087 1842 atque
2127 1764 2254 1826 aliis
2285 1764 2531 1834 medicis,
2556 1787 2764 1825 necnon
2793 1764 3032 1825 Macrob.
3057 1772 3152 1825 lib.
3178 1787 3253 1824 vn
3287 1764 3486 1842 Satur;

1921 1839 2056 1905 παῖ..
2095 1858 2144 1897 c.
2177 1844 2230 1906 4,
2261 1842 2315 1905 5,
2347 1851 2403 1896 et
2427 1847 2479 1896 8.
2512 1844 2592 1895 Ad
2632 1843 3090 1895 corroborandam
3128 1856 3256 1895 vero
3302 1839 3489 1895 Xeno-

1922 1914 2088 1966 cratis
2112 1923 2164 1966 et
2208 1913 2510 1966 Polemonis
2543 1911 2853 1980 Opinionem
2907 1928 3012 1965 non
3061 1926 3281 1982 prorsus
3309 1912 3487 1982 inepte

2163 1993 2391 2051 possunt
2447 1983 2502 2037 hi
2537 1989 2604 2036 de
2668 1995 2832 2036 aurea
2879 1989 3038 2036 aetate
3075 1981 3309 2036 Nasonis
3367 1981 3489 2038 ver-

1919 2065 2013 2107 sus
2037 2061 2084 2083 "
2109 2061 2124 2099 ἒ

1987 2145 2056 2212 41
2080 2153 2219 2198 uetus
2243 2144 2338 2198 illa
2362 2155 2512 2210 tetas,
2541 2144 2627 2198 cui
2665 2143 2883 2212 fecimus
2911 2161 3071 2198 aurea
3103 2161 3309 2210 nomen,

1987 2210 2207 2284 ﬂetibus
2249 2214 2502 2278 arboreis,
2541 2223 2589 2268 et
2626 2210 2759 2284 quas
2801 2215 2991 2267 humus
3033 2217 3277 2281 aduocat,
3313 2215 3488 2270 herbis

1992 2281 2292 2337 Fortunata
2315 2285 2436 2352 fuit,
2457 2300 2546 2337 nec
2565 2281 2752 2351 polluit
2783 2301 2877 2337 ora
2899 2301 3118 2350 cruore;

1990 2353 2136 2406 Tunc
2164 2365 2210 2406 et
2247 2371 2364 2422 aues
2392 2362 2522 2407 tutas
2553 2369 2758 2408 movere
2789 2370 2880 2421 per
2909 2371 3030 2406 aera
3054 2372 3272 2422 pennas,

1987 2423 2057 2476 Et
2079 2423 2225 2492 lepus
2253 2421 2548 2494 impavidus
2578 2425 2763 2477 mediis
2786 2425 2978 2477 erravit
3005 2421 3061 2478 in
3083 2429 3252 2494 agris,

1989 2494 2100 2548 Nec
2118 2511 2214 2547 sua
2237 2493 2520 2547 credulitas
2545 2495 2739 2563 piscem
2766 2497 3102 2562 suspenderat
3122 2493 3302 2550 hamo.

1986 2587 2066 2641 Ad
2097 2585 2310 2640 suillam
2345 2586 2542 2640 deinde
2585 2601 2803 2641 carnem
2850 2585 3160 2657 Clemens”
3203 2590 3486 2657 speciatim

1917 2657 2214 2719 descendit,
2264 2657 2608 2726 rationesque
2655 2657 2743 2726 hic
2785 2665 2839 2710 et
2891 2656 3019 2709 alibi
3079 2656 3340 2726 suggerit,
3387 2677 3488 2714 cur

1917 2727 2128 2798 Moyses
2162 2741 2223 2798 ea
2265 2728 2408 2798 vesci
2455 2724 2656 2780 Judaeis
2692 2725 2817 2779 olim
2851 2724 3209 2798 prohibuerit}
3263 2724 3332 2781 lit
3369 2731 3484 2785 haec

1916 2794 2131 2867 quidem
2168 2794 2254 2869 ille
2288 2797 2465 2869 adhuc
2489 2810 2822 2869 paganorum
2851 2797 3206 2869 quorumdam
3254 2801 3488 2869 Scripto-

1919 2863 2036 2920 rum
2092 2866 2416 2938 testinmniis
2486 2863 2640 2938 fulcit
2692 2875 2746 2938 et
2791 2865 3126 2938 corroborat.
3187 2863 3489 2938 Ac_primo

1917 2938 2135 3012 quidem
2166 2935 2326 3012 allata
2367 2937 2682 3012 a__qu0piam
2705 2936 2824 3012 hac
2856 2935 3068 3012 Graeca},
3090 2938 3236 3012 vocis
3263 2933 3332 3012 ii;
3372 2952 3488 3012 ety-

2250 3000 2313 3059 ὗν
2361 3000 2464 3059 dici
2513 3000 2667 3074 quasi
2701 3003 2824 3071 Θῦν,
2855 3007 2979 3074 quia
3017 3006 3146 3061 illud
3185 3000 3386 3063 animal
3419 3000 3486 3066 ad

1921 3076 2282 3146 mactandum
2310 3084 2365 3130 et
2401 3078 2822 3146 sacriﬁcandum
2857 3084 3123 3146 duntaxat
3166 3087 3348 3146 aptum
3379 3093 3484 3136 est.

1924 3146 2120 3201 Verum
2153 3145 2322 3216 paulo
2346 3146 2501 3201 aliter
2541 3145 2710 3200 Varro
2742 3163 2756 3198 :
2792 3165 2811 3197 1
2849 3145 2974 3212 Sus,
3011 3145 3489 3216 inquit“,Gr:ece

1917 3213 2235 3290 diciturgbg,
2266 3217 2394 3270 olim
2427 3217 2607 3290 (Itysus
2645 3216 2852 3290 dietus.
2886 3221 2952 3269 ab
2983 3213 3310 3290 illo—verbo,
3341 3223 3489 3290 quod

1916 3289 2098 3341 dicunt
2135 3279 2306 3360 Gustu,
2335 3279 2608 3360 qtiod'_est
2628 3287 2934 3360 immolare.
2967 3279 3196 3360 Agsuill’o
3227 3279 3372 3343 enini
3399 3308 3488 3360 ge-

1916 3373 2046 3412 nere
2076 3359 2309 3427 pecoris,
2348 3357 2662 3412 immolandi
2702 3358 2916 3410 iuitium
2949 3358 3184 3426 primum
3207 3357 3485 3428 sumptum

1916 3429 2150 3481 videtur.
2189 3449 2207 3481 1

1987 3497 2241 3552 Clemens
2273 3507 2450 3549 tamen
2481 3497 2533 3549 in
2565 3495 2839 3562 opinionis
2871 3510 2982 3549 snas
3012 3496 3484 3554 confirmationem

1922 3584 2027 3621 non
2076 3567 2249 3620 solum
2289 3565 2482 3635 Aisopi
2518 3566 2738 3619 adhibet
2781 3567 3176 3630 testimonium,
3220 3570 3361 3634 quod
3417 3573 3486 3624 ab

1914 3638 2130 3693 Eliano
2159 3639 2323 3691 etiam
2372 3637 2605 3691 refertur
2625 3635 2667 3666 ³³
2700 3637 2828 3688 :sed
2870 3637 3066 3688 ibidem
3101 3637 3214 3690 haec
3260 3651 3487 3704 praeter-

1912 3725 1976 3762 ea
2019 3709 2291 3761 subnectit
2317 3705 2361 3737 ³³
2393 3721 2409 3758 :
2447 3725 2464 3756 1
2489 3707 2755 3772 Quocirca
2786 3706 3077 3760 Cleanthes
3123 3707 3335 3760 dicebat
3363 3725 3489 3764 sucs

1912 3793 2012 3847 pro
2040 3778 2151 3830 sale
2180 3778 2671 3847 habere‘animatu,
2709 3792 2774 3828 ne
2809 3791 3006 3847 carnes
3043 3778 3421 3847 putrelierent.
3461 3799 3482 3832 ι

1912 3845 2111 3901 Eadem
2139 3860 2351 3915 quoque
2383 3845 2588 3899 Plinius
2618 3846 2702 3898 his
2733 3846 2915 3898 verbis
2951 3845 3230 3898 tradidit“
3259 3864 3271 3897 :
3308 3865 3325 3896 1
3355 3851 3490 3900 Ani-

1912 3919 2133 3970 inalium
2174 3922 2276 3971 hoc
2335 3916 2567 3970 maxime
2612 3915 2854 3976 brutum,
2909 3919 3254 3986 animamque
3299 3920 3346 3970 ei
3384 3934 3485 3986 pro

1911 3987 2026 4042 sale
2051 3989 2229 4039 datam
2259 4002 2362 4039 non
2406 3987 2620 4054 illepidc
2673 3986 3036 4040 existimatur.
3084 3985 3274 4040 Cicero
3303 3985 3484 4042 autem

1913 4059 2084 4122 magis
2134 4061 2313 4110 adhuc
2350 4059 2413 4110 ad
2446 4058 2736 4110 Clementis
2780 4068 3114 4125 proposnum
3145 4075 3157 4109 :
3194 4073 3212 4105 1
3245 4055 3372 4123 Sus,
3406 4061 3486 4111 in-

1914 4128 2123 4196 quit“,
2150 4130 2275 4195 quid
2321 4128 2484 4180 habet
2508 4136 2703 4194 praeter
2730 4127 2955 4180 escam?
3000 4127 3096 4180 Cui
3145 4127 3363 4196 quidem
3417 4144 3486 4182 ne

1913 4208 2275 4266 putresceret,
2320 4197 2784 4266 anituam_ipsam
2826 4211 2921 4264 pro
2966 4196 3078 4247 sale
3131 4202 3311 4249 datam
3354 4199 3488 4252 dicit

1912 4264 2034 4321 esse
2074 4268 2430 4337 Chrysippus.
2496 4285 2514 4317 1
2579 4264 2653 4337 lbi
2700 4267 2788 4320 ille
2833 4281 2931 4335 pro
2987 4266 3265 4327 Cleanthe,
3311 4269 3400 4335 qui
3455 4285 3487 4321 a

1913 4336 2200 4392 Clemente
2233 4336 2526 4400 citatur",
2564 4336 2949 4406 Chrysippum,
3001 4338 3075 4390 uti
3115 4339 3226 4402 jam
3270 4340 3484 4390 notavi-

1911 4423 2054 4474 mus,
2096 4409 2351 4476 appellat.
2391 4406 2538 4459 Alias
2569 4407 2790 4474 insuper
2815 4409 3062 4460 Clemens
3100 4407 3273 4460 reddit
3316 4411 3486 4460 ratio-

1913 4493 2032 4540 nes,
2080 4494 2180 4531 cur
2228 4478 2382 4531 suilla
2419 4491 2583 4529 Carne
2630 4477 2878 4530 homines
2921 4477 3273 4542 abstinerent,
3327 4479 3487 4529 nimi-

1912 4563 2033 4600 rum
2088 4548 2214 4614 quia
2255 4547 2464 4600 inntilis
2506 4555 2608 4598 est.
2646 4546 2798 4611 Quod
2839 4547 3054 4615 quidem
3102 4548 3260 4615 paulo
3307 4548 3486 4600 lttsius

1911 4617 2228 4671 Lactantius
2259 4615 2604 4684 explicat“:
2644 4634 2662 4666 1
2709 4615 2891 4670 Ventri
2929 4632 3144 4682 semper
3190 4626 3242 4669 et
3285 4619 3485 4685 pabulo

1916 4689 2106 4749 servit,
2139 4703 2238 4740 nec
2269 4689 2434 4740 ullum
2470 4687 2653 4750 alium,
2695 4693 2821 4739 dum
2858 4688 3008 4749 vivit,
3041 4696 3296 4752 pra-stare
3325 4702 3481 4738 usum

1917 4767 2118 4826 potest,
2164 4758 2308 4811 sicut
2351 4767 2559 4810 eceterae
2591 4756 2919 4826 animantes,
2966 4771 3086 4822 qua:
3137 4756 3216 4810 vel
3260 4757 3484 4809 sedemii

1917 4825 2224 4880 vehiculum
2253 4829 2516 4896 praebent,
2543 4827 2625 4879 vel
2657 4825 2706 4877 in
2739 4827 2972 4879 cultibus
2993 4839 3242 4892 agrorum
3267 4827 3484 4892 juvant,

1917 4899 2005 4950 vel
2067 4897 2306 4963 plauStra
2361 4897 2502 4949 collo
2554 4897 2798 4957 trahunt,
2851 4897 2931 4948 vel
2985 4909 3148 4947 onera
3201 4906 3351 4964 tergo
3389 4911 3484 4961 ge-

1919 4977 2088 5031 Stant,
2123 4967 2201 5019 vel
2257 4967 2635 5019 indumentum
2693 4967 2910 5018 exuviis
2936 4965 3048 5018 suis
3074 4967 3365 5026 exhibent,
3402 4967 3484 5018 vel

1918 5036 2288 5090 custodiendis
2320 5039 2571 5090 domibus
2601 5036 2903 5104 invigilant.
2943 5053 2962 5085 1
3003 5033 3190 5104 0111115
3217 5050 3400 5104 porro.
3431 5045 3486 5088 et

1921 5108 2043 5160 aliis
2065 5107 2226 5174 hujus
2258 5109 2598 5162 abstinentia:
2629 5102 2989 5173 suppeditans
3014 5120 3043 5157 a
3065 5102 3342 5159 Clemente
3385 5119 3486 5158 ito-

2666 5285 2709 5315 ³³
2737 5285 2773 5338 l.
2820 5301 2873 5338 iv
2905 5283 3058 5338 Noct.
3089 5286 3283 5350 Attic.,
3309 5301 3358 5340 c.
3395 5288 3486 5342 12.

3200 5426 3243 5456 ³⁷
3279 5427 3482 5480 Strom.

2356 5513 2439 5556 Ill,
2477 5513 2525 5548 c.
2559 5495 2646 5556 ll,
2682 5513 2733 5557 p.
2777 5495 2905 5555 25L
2957 5506 3013 5549 et
3053 5497 3254 5551 Strom.
3279 5497 3370 5551 lib.
3425 5513 3486 5557 ιι.

2259 5571 2309 5623 5.
2385 5568 2427 5600 ⁸³
2454 5568 2678 5630 Strom.,
2709 5568 2803 5623 lib.
2841 5586 2937 5632 vn,
2965 5585 3018 5639 p.
3055 5570 3174 5626 718.
3255 5568 3300 5598 ⁸³
3331 5567 3434 5639 lib.
3465 5583 3480 5618 1
