3924 6306
551 370 686 428 59.99

1214 367 1282 422 IN
1316 367 1736 423 CLEMENTEM
1777 366 1977 422 ALEX.
2022 366 2082 421 D.
2125 365 2211 421 LE
2249 364 2533 422 NOURRY
2571 364 3028 424 DISSERTATIO
3060 367 3125 424 ll.

3585 374 3693 433 l300

549 486 835 542 niceriam.
865 485 1033 552 Hujus
1068 494 1244 538 autem
1277 500 1473 552 parens
1506 485 1605 538 fuit
1633 486 1917 539 Anniceris
1941 485 2108 554 Cyrc-
2141 489 2185 543 Α
2216 494 2372 544 rent.
2429 485 2662 551 eligente
2702 500 2762 538 ea
2808 500 2930 554 qua:
2969 495 3147 554 essent
3184 485 3462 539 secundum
3492 496 3692 542 naturam

550 559 761 621 naieus,
787 574 816 609 ει
848 572 956 626 quo
985 556 1168 626 viginti
1199 567 1291 607 aut
1327 556 1544 624 triginta
1585 557 1840 626 nummis,
1875 557 1949 608 ιιιί
1976 556 2114 609 ξενία

548 627 627 681 bit
663 623 910 680 haertius
939 626 1003 686 ⁷⁸,
1029 623 1112 678 vel
1141 623 1418 680 sestertiis
1435 635 1577 687 octo,
1603 625 1763 679 sicuti
1797 623 2113 678 Lactantius

549 699 627 750 ait
657 699 726 760 τ’,
759 697 912 751 Plato
948 697 1258 763 redemptus
1288 703 1391 747 est.
1429 695 1640 750 Videsis
1677 695 1904 764 Menagii
1935 697 2115 749 obser-

547 768 794 820 vationes
825 769 874 820 in
900 767 1192 836 secundum
1229 765 1432 836 Laertii
1470 766 1690 836 librum,
1723 764 1749 836 §
1775 765 1861 818 86.
1902 765 1975 818 De
2006 767 2115 818 An-

549 838 878 890 niceriorum
917 849 1080 904 porro
1109 835 1364 903 opinione
1411 835 1481 887 ita
1523 835 1763 888 Cicero:
1819 853 1839 886 ι
1874 836 1953 888 Ab
1987 836 2111 888 Ari-

549 909 751 975 stippo,
787 908 963 974 inquit
988 905 1055 962 ⁸ο.
1083 905 1363 975 Cyrenaici
1394 915 1447 956 et
1489 905 1766 959 Annicerii
1801 905 2108 974 philosophi

550 977 839 1038 nominati,
872 991 1030 1029 omne
1062 975 1256 1027 bonum
1282 977 1333 1027 in
1361 975 1632 1042 voluptate
1658 986 1974 1044 posuerunt,
2004 976 2113 1028 vir-

549 1056 826 1114 tutemque
849 1055 1177 1098 censuerunt
1204 1046 1272 1098 ob
1311 1059 1430 1097 eam
1469 1061 1578 1098 rem
1607 1060 1726 1099 esse
1763 1044 2110 1110 laudandam,

549 1117 692 1181 quod
747 1115 984 1168 etiicieus
1035 1124 1178 1168 esset
1219 1114 1531 1182 voluptatis.
1574 1115 1778 1180 Quibus
1826 1114 2108 1180 obsoletis,

547 1185 703 1239 ﬂoret
748 1185 1052 1253 Epicurus,
1102 1182 1342 1250 ejusdem
1389 1184 1500 1237 fere
1555 1185 1770 1250 adjutor
1815 1194 2111 1253 auctorque

546 1256 851 1309 sententiae.
891 1274 909 1306 ι
957 1255 1029 1308 lbi
1076 1256 1294 1320 quidem
1355 1254 1562 1308 Tullius
1619 1254 1869 1309 consulto
1916 1255 2112 1322 adjecit.

548 1326 840 1393 Epicurum
882 1324 1121 1392 ejusdem
1174 1325 1285 1377 fere
1337 1327 1619 1378 sententia:
1679 1325 1844 1378 fuisse
1879 1334 2111 1379 asserto.

548 1413 661 1448 rem
695 1407 749 1450 et
784 1407 1092 1464 patronum.
1135 1393 1328 1447 Noster
1363 1408 1492 1448 vero
1517 1396 1766 1449 Clemens
1794 1395 1990 1447 clarius
2015 1395 2110 1448 de-

548 1467 719 1519 clarat
756 1466 808 1518 in
849 1481 958 1534 quo
989 1475 1216 1530 utraque
1266 1473 1316 1517 et
1362 1465 1575 1534 Epicuri
1616 1475 1670 1518 et
1695 1464 2106 1534 Anniceriorum

547 1537 732 1602 Opinio
779 1532 1074 1599 discrepet.
1110 1534 1344 1589 Consule
1387 1533 1568 1588 Laert.
1604 1535 1696 1587 lib.
1726 1551 1760 1588 ιι
1787 1576 1803 1602 ,
1852 1533 1880 1605 ς
1913 1532 1982 1589 96
2007 1575 2022 1599 ,
2055 1535 2107 1588 in

545 1605 807 1674 Aristippi
834 1607 963 1659 vita.

618 1673 795 1746 Pergit
827 1676 967 1729 idem
999 1675 1112 1744 ipse
1137 1683 1327 1726 auctor
1356 1673 1644 1746 noster“,
1671 1684 1724 1728 et
1755 1675 1882 1745 quid
1912 1675 2110 1729 Metro-

547 1743 918 1811 dorusiquent
950 1743 1266 1812 Epicureum
1302 1743 1619 1797 nominatim
1655 1743 1832 1812 vocat,
1867 1748 1934 1798 de
1959 1762 2110 1799 sum-

2217 556 2600 624 rejicienteque
2642 553 2934 609 contraria.
2975 573 2993 606 ι
3033 553 3234 608 Videsis
3267 556 3433 608 adhuc
3475 557 3599 610 illius
3626 560 3693 613 lib.

2217 640 2266 678 tv
2305 624 2380 677 De
2428 625 2576 693 ﬁnib.
2611 641 2731 695 pag.
2757 627 2845 680 91.
2879 625 2953 678 De
2981 625 3045 678 iis
3071 633 3243 696 autem
3270 626 3576 696 singillatim,
3599 642 3697 696 que-

2219 696 2558 748 madmodum
2591 693 2862 757 Clemens,
2888 697 3002 749 haec
3037 697 3088 748 in
3120 695 3281 748 verba
3315 693 3542 749 Laertius
3565 693 3696 750 disse.

2216 765 2289 816 rit
2319 765 2404 818 8’:
2441 783 2458 814 t
2499 764 2709 819 Primus
2761 765 2908 818 Zeno
2947 767 2998 818 itt
3044 765 3182 818 libro
3217 764 3294 817 De
3321 776 3498 818 natura
3525 766 3697 822 hominis

2217 834 2374 887 ﬁnem
2409 835 2485 888 ait
2517 846 2879 889 consentanee
2920 837 3216 888 secundum
3265 846 3500 888 naturam
3540 837 3695 902 virere,

2214 905 2268 958 id
2301 915 2479 958 autem
2513 914 2596 959 est
2642 906 2935 959 secundum
2967 907 3220 958 virtutem
3251 905 3465 970 vivere;
3510 909 3566 956 ad
3611 922 3697 959 eam

2211 974 2412 1043 quippe
2454 984 2644 1028 natura
2677 989 2776 1029 nos
2803 975 2973 1043 ducit.
3009 974 3270 1028 Similiter
3299 985 3352 1028 et
3383 974 3635 1029 Cleanthes
3663 981 3699 1031 in

2213 1041 2360 1114 libro
2378 1044 2455 1098 De
2477 1044 2758 1114 voluptate,
2785 1041 3285 1106 cll’ossidonius,et
3312 1043 3574 1114 Hecatoﬂin
3600 1046 3700 1100 libro

2215 1113 2288 1167 De
2316 1113 2603 1182 ﬁnibus....
2634 1114 3008 1168 Archedemus
3055 1124 3235 1166 autem
3286 1114 3416 1166 nihil
3466 1113 3700 1168 ofﬁciorum

2211 1185 2509 1239 omittendo
2550 1185 2872 1239 vivere......
2904 1184 3191 1238 Cleanthes
3211 1193 3389 1237 autem
3425 1199 3699 1238 communem

2214 1255 2583 1310 tantummodo
2614 1265 2863 1307 naturam
2881 1255 3126 1322 suscipit,
3145 1269 3304 1322 quam
3329 1256 3469 1322 sequi
3491 1266 3698 1323 Oporteat,

2213 1339 2316 1377 non
2351 1334 2528 1376 autem
2561 1325 2943 1392 particularem
2971 1342 2986 1389 ;
3020 1325 3383 1392 virtutemque
3426 1324 3699 1378 allectionem

2213 1409 2333 1448 esse
2365 1393 2521 1462 vulgo
2552 1394 2882 1449 intellectam
2909 1434 2924 1459 ,
2961 1404 3014 1448 et
3046 1394 3215 1462 ipsam
3266 1405 3476 1462 propter
3505 1411 3554 1447 se
3578 1397 3699 1460 ipsam

2211 1478 2330 1518 esse
2351 1463 2728 1532 expetendam,
2760 1480 2863 1518 non
2887 1466 2954 1518 ob
2977 1475 3177 1517 metum
3204 1464 3456 1532 aliquem,
3477 1475 3557 1517 aut
3577 1481 3700 1532 spem,

2210 1543 2304 1586 aut
2348 1534 2548 1602 aliquid
2582 1549 2770 1588 eorum
2803 1551 2920 1602 qua:
2955 1545 3080 1587 sunt
3108 1544 3334 1587 externa
3361 1574 3376 1596 ,
3411 1536 3498 1588 sed
3542 1537 3585 1588 iu
3621 1537 3699 1602 ipsi

2211 1604 2557 1658 constitutam
2603 1619 2723 1658 esse
2771 1604 2982 1658 beatam
3037 1605 3202 1657 vitam
3245 1622 3259 1669 ;
3315 1615 3488 1670 utpote
3526 1621 3622 1673 qua:
3655 1609 3702 1657 sit

2211 1675 2407 1726 anima:
2435 1673 2595 1728 insita
2631 1675 2698 1728 ad
2731 1674 3138 1728 consensionem
3170 1675 3332 1728 totius
3365 1679 3562 1728 vium...
3590 1675 3700 1728 Doci-

2212 1743 2375 1796 bilem
2425 1758 2551 1798 vero
2599 1759 2718 1799 esse
2747 1746 2996 1798 virtutem
3043 1755 3098 1797 et
3144 1745 3475 1812 Chrysippus
3506 1745 3549 1796 in
3576 1747 3699 1812 primo

548 1834 636 1870 mo
670 1816 808 1870 bono
837 1816 1088 1884 Opinatus
1133 1815 1222 1885 sit.
1259 1812 1341 1866 his
1388 1813 1533 1885 illitis
1580 1816 1761 1869 verbis
1809 1815 2065 1884 patefacit
2093 1831 2106 1869 :
2141 1828 2184 1885 Β
2218 1813 2291 1866 De
2316 1813 2418 1882 ﬁne
2446 1815 2602 1880 dixit,
2634 1824 2690 1885 et
2720 1815 3096 1877 Cleanthes,et
3115 1815 3527 1885 Possidoniusiu
3553 1815 3702 1868 Exhor-

548 1909 567 1938 ‹
603 1887 813 1940 Anima:
838 1927 852 1946 ,
875 1883 1062 1952 inquit
1089 1885 1133 1915 ⁸²
1159 1924 1172 1947 ,
1210 1883 1407 1936 bonum
1446 1884 1571 1951 quid
1617 1893 1698 1937 est
1727 1883 1909 1951 aliud,
1945 1901 2108 1954 quam

545 1959 724 2016 lirma,
757 1957 968 2009 stabilis
1011 1969 1073 2007 ac
1118 1955 1252 2007 bona
1286 1953 1468 2006 carnis
1502 1955 1838 2015 constitutio.
1887 1966 1941 2010 et
1967 1953 2109 2024 'spes

546 2029 648 2082 tide
683 2027 840 2093 digna
873 2025 1013 2092 quod
1046 2039 1106 2078 ea
1135 2026 1211 2078 sic
1246 2024 1421 2076 futura
1457 2024 1572 2077 sit?
1603 2043 1622 2076 ι
1664 2025 1923 2079 Eumdem
1946 2026 2108 2094 plane

542 2099 595 2152 in
633 2099 846 2150 modum
880 2095 1109 2149 Cicero:
1149 2113 1166 2144 t
1205 2095 1337 2163 Ipse,
1373 2094 1543 2165 ait”,
1573 2094 1932 2165 Metrodorus,
1968 2111 2108 2165 pene

539 2168 676 2221 alter
703 2166 988 2234 Epicurus,
1021 2167 1235 2218 beatum
1274 2164 1689 2234 essefdescribit
1723 2163 1808 2218 his
1848 2163 2109 2218 fere’ver-

541 2238 625 2291 bis
654 2255 667 2290 :
698 2233 831 2291 Cum
864 2250 1060 2304 corpus
1087 2235 1222 2289 bene
1253 2233 1604 2287 constitutum
1636 2234 1728 2300 sit,
1753 2243 1807 2287 et
1833 2238 1903 2290 sit
1925 2235 2109 2304 explo-

541 2319 720 2361 ratum
751 2309 821 2361 ita
859 2304 1120 2358 futurum.
1161 2324 1178 2355 ι
1214 2305 1368 2369 Quod
1400 2304 1615 2372 quidem
1653 2306 1768 2358 suis
1807 2305 1896 2359 ille
1928 2305 2108 2360 verbis

543 2377 734 2430 iterum
768 2377 904 2430 dixit
933 2374 1022 2428 lib.
1052 2390 1087 2428 tt
1121 2373 1359 2444 Tuscul.,
1388 2388 1508 2442 pag.
1542 2373 1663 2439 158,
1699 2375 1774 2428 lib
1807 2390 1863 2428 ιιι
1898 2374 1976 2427 De
1999 2377 2108 2444 oﬂi-

540 2448 633 2500 eit's
653 2489 667 2514 ,
700 2462 826 2516 pag.
853 2445 988 2509 404,
1019 2455 1078 2516 et
1106 2445 1198 2498 lib.
1228 2460 1244 2516 t
1281 2443 1356 2497 De
1387 2456 1562 2516 natur.
1600 2447 1744 2516 deor.
1764 2485 1780 2509 ,
1817 2461 1942 2515 pag.
1978 2443 2104 2512 2H,

540 2517 630 2571 ubi
679 2514 744 2572 de
777 2514 982 2574 eodem
1032 2515 1338 2569 Metrodoro
1385 2514 1498 2566 brec
1546 2514 1754 2568 habet:
1809 2514 2106 2570 (Accusat

541 2587 906 2642 Timocratem
940 2587 1162 2638 fratrem
1192 2601 1349 2638 suum
1385 2583 1722 2639 Metrodorus
1742 2625 1756 2649 ,
1783 2586 1924 2654 quod
1951 2586 2107 2641 dubi-

540 2669 614 2712 tet
643 2658 846 2722 omnia,
879 2672 997 2725 quae
1023 2658 1090 2708 ad
1125 2655 1337 2725 beatam
1363 2655 1525 2707 vitam
1559 2656 2107 2725 pertineant,iventre

539 2728 717 2797 tnetiri
745 2745 758 2782 :
789 2724 962 2796 neque
988 2726 1038 2797 id
1067 2724 1234 2797 semel
1265 2725 1416 2787 dicit,
1445 2725 1539 2778 sed
1574 2725 1788 2797 sagpius.
1819 2745 1850 2797 γι
1885 2724 2106 2797 Legesis

536 2793 912 2868 Plutarchum
948 2795 1042 2868 lib.
1101 2793 1223 2868 Non
1289 2811 1438 2862 posse
1495 2793 1724 2868 suauiter
1777 2796 1905 2863 vim,
1967 2793 2101 2868 'pag.

541 2868 669 2922 1091
701 2909 717 2934 ,
760 2869 848 2922 ubi
885 2867 952 2920 de
997 2865 1304 2919 Metrodoro
1335 2875 1496 2932 atque
1527 2865 1756 2932 Epicuro
1795 2865 2103 2923 sermonem

536 2939 687 3002 facit,
713 2947 871 3007 atque
903 2939 1063 2991 etiam
1098 2935 1370 2989 Laertiutn
1401 2946 1456 2990 et
1489 2934 1827 2991 Gassendum
1860 2937 1938 2994 De
1967 2937 2103 3006 Epi-

535 3010 650 3061 curi
677 3010 798 3065 vita.

609 3077 777 3132 Porro
809 3085 986 3130 autem
1015 3075 1264 3130 Clemens
1293 3085 1479 3129 noster
1505 3075 1631 3130 alibi
1655 3076 1702 3108 ⁸⁸
1725 3075 1968 3144 ejusdem
1992 3077 2104 3133 Me-

537 3149 746 3205 trodori
776 3147 1024 3216 Epicurei
1057 3147 1219 3200 verba
1257 3147 1478 3213 protulit
1503 3191 1516 3209 ,
1551 3146 1748 3216 quibus
1783 3148 1873 3202 ille
1915 3149 2102 3204 Mene-

537 3230 762 3276 stratum
789 3219 1061 3279 admonet,
1084 3219 1292 3271 tametsi
1321 3217 1436 3284 ipse
1463 3218 1706 3272 mortalis
1733 3219 1805 3272 sit
1827 3235 1841 3284 ;
1860 3220 2098 3273 animam

540 3300 720 3342 tamen
752 3287 895 3342 illius
927 3286 1260 3350 ascendere,
1299 3287 1470 3340 donec
1517 3288 1775 3341 sazculum
1825 3299 1879 3344 et
1921 3302 2097 3343 rerum

536 3359 855 3414 inﬁnitatem
877 3356 1194 3425 conspiciat,
1223 3356 1311 3409 ubi
1331 3355 1482 3423 juxta
1512 3357 1751 3411 Platonis
1775 3360 2097 3413 sententiam

535 3430 700 3485 homo
720 3441 944 3496 corpore
966 3441 1070 3480 non
1094 3427 1322 3494 amplius
1347 3427 1595 3496 alligatus
1618 3443 1750 3496 pura
1781 3428 1901 3483 luce
1931 3427 2098 3483 Deum

535 3497 1012 3567 contemplabitur.
1045 3497 1123 3550 lbi
1171 3507 1349 3552 autem
1395 3499 1510 3552 haec
1540 3501 1609 3552 ab
1652 3513 1717 3552 eo
1747 3499 1929 3554 divine
1955 3499 2098 3555 dicta

535 3585 656 3626 esse
680 3569 900 3624 asserit.

602 3641 683 3695 Ad
711 3640 922 3695 Stoicos
939 3637 1102 3693 etiam
1130 3636 1379 3707 Clemens
1396 3639 1560 3703 venit,
1593 3639 1776 3708 aitque
1799 3639 1844 3672 ⁸⁸
1871 3658 1884 3694 :
1911 3660 1928 3691 ι
1951 3639 2097 3697 Zeno

537 3711 754 3768 Stoicus
805 3712 962 3764 tinem
989 3723 1112 3763 esse
1137 3718 1289 3778 putat
1329 3724 1397 3763 ex
1429 3712 1626 3763 virtute
1657 3725 1860 3765 vivere.
1905 3713 2098 3765 Clean-

537 3786 655 3838 thes
679 3788 854 3834 autetu
887 3790 1094 3833 natura:
1134 3779 1519 3850 convenienter
1563 3783 1780 3844 vivere,
1830 3792 1990 3850 atque
2042 3783 2094 3835 in

532 3855 673 3909 bene
701 3850 1117 3914 ratiocinando;
1151 3849 1294 3917 quod
1347 3850 1398 3902 in
1432 3851 1501 3905 iis
1526 3893 1541 3918 ,
1584 3866 1705 3919 qua:
1741 3861 1866 3905 sunt
1901 3849 2094 3906 secun-

535 3926 662 3977 dum
692 3931 938 3974 naturam
966 3919 1250 3988 eligendis.
1277 3919 1438 3972 situm
1461 3936 1582 3976 esse
1611 3922 1821 3975 statuit.
1849 3921 1915 3974 Et
1939 3923 2095 3976 Anti-

532 4002 685 4065 pater
712 3991 828 4058 ejus
867 3989 1148 4065 familiaris
1175 3990 1227 4046 in
1261 3989 1326 4065 iis
1357 3991 1572 4065 quidem
1603 4001 1879 4065 qutesunt
1905 4007 2097 4065 secun-

533 4061 659 4117 dum
689 4069 936 4116 naturam
960 4061 1174 4114 assidue
1195 4069 1249 4114 et
1273 4061 1478 4129 absque
1503 4063 1605 4114 ulla
1635 4063 1976 4130 prolapsioue
2005 4063 2098 4116 de-

533 4133 761 4204 ligendis
785 4173 800 4198 ,
830 4132 896 4185 iis
925 4141 1125 4204 autem
1154 4147 1274 4200 qua:
1303 4141 1429 4204 sunt
1465 4143 1662 4204 praeter
1687 4142 1934 4186 naturam
1971 4133 2098 4202 reji-

531 4201 742 4257 ciendis
765 4244 779 4267 ,
820 4201 1056 4270 positum
1101 4216 1222 4255 esse
1263 4203 1559 4256 existimat.
1589 4203 1655 4256 Et
1688 4217 1870 4257 rursus
1899 4201 2094 4257 Archi-

533 4275 724 4327 demus
750 4272 830 4326 sic
859 4271 1018 4324 linem
1047 4285 1166 4325 esse
1190 4272 1497 4340 exponebat
1524 4275 1574 4326 in
1603 4275 1686 4339 iis,
1715 4286 1831 4340 qua:
1859 4283 1984 4341 sunt
2009 4289 2095 4327 se-

533 4343 766 4396 cundum
799 4351 1065 4414 naturain
1095 4343 1322 4414 maxima
1351 4352 1405 4396 et
1447 4347 1709 4412 praecipua
1735 4381 1750 4406 ,
1796 4345 2094 4414 deligendis

533 4429 639 4467 non
673 4428 829 4481 posse
861 4411 1156 4466 transilire.
1179 4411 1412 4465 ~Prarter
1449 4411 1558 4468 hos
1604 4424 1782 4468 autem
1824 4411 2092 4469 Panaetius

533 4485 922 4564 convenienter
947 4482 1130 4564 viv‘ere
1155 4484 1599 4564 appetitionibus,
1631 4500 1750 4564 qua:
1788 4485 1930 4563 data:
1950 4494 2092 4564 _sunt

530 4555 688 4608 nobis
710 4569 738 4606 a
771 4561 980 4605 natura.
1010 4550 1292 4605 Postremo
1315 4563 1495 4606 autem
1520 4550 1892 4614 Possidonius,
1915 4557 2091 4610 vivere

530 4621 950 4692 contemplando
984 4622 1358 4692 universorum
1389 4625 1698 4689 veritatem,
1731 4637 1785 4677 et
1817 4626 2088 4692 ordinem,

529 4705 584 4747 et
615 4709 698 4760 se,
727 4691 903 4764 quoad
935 4692 1050 4763 ejus
1078 4691 1190 4746 ﬁeri
1218 4703 1411 4764 potest,
1442 4694 1512 4746 ita
1542 4696 1842 4759 instituere,
1864 4705 1921 4749 ut
1943 4697 2086 4752 nulla

528 4765 581 4818 iu
619 4780 676 4818 re
705 4763 937 4818 ducatur
975 4780 1004 4817 a
1033 4771 1187 4834 parte
1230 4763 1425 4834 anima:
1453 4780 1571 4832 qua:
1612 4775 1761 4820 caret
1794 4767 2024 4820 ratione.
2064 4786 2084 4819 ι

529 4835 607 4888 De
661 4835 764 4888 illis
809 4844 986 4888 autem
1035 4833 1287 4886 omnibus
1331 4833 1446 4904 ipse
1497 4843 1688 4900 antea,
1722 4846 1885 4904 atque
1925 4839 2087 4891 etiam

529 4905 657 4960 alibi
687 4907 826 4960 idem
857 4905 1151 4972 simplicius
1178 4904 1311 4956 dixit
1337 4903 1382 4934 ⁸⁸
1414 4920 1430 4958 :
1466 4922 1487 4956 t
1525 4904 1690 4960 Stoici
1725 4903 1930 4961 natura:
1951 4922 2087 4962 cou—

527 4988 831 5061 seqtteiitet;
852 4977 1031 5059 vivere
1071 4976 1397 5061 iisttetnness‘e
1419 4984 1826 5061 statuerunt...»
1871 4977 1931 5030 τὸ
1962 4978 2091 5061 ἀδρ-

523 5043 730 5110 λοῦθως
769 5049 836 5116 τῇ
879 5045 1035 5116 φύσει
1066 5043 1188 5111 ζῇν.
1225 5043 1378 5116 Quod
1417 5044 1621 5101 Grzecis
1658 5047 1875 5102 totidem
1911 5051 2092 5104 verbis

527 5127 716 5190 narrat
743 5115 903 5187 262
937 5115 1402 5190 Theodoretpsf’.
1434 5121 1504 5190 At
1531 5116 1720 5173 Cicero
1759 5123 1930 5190 magis
1956 5134 2090 5174 enu-

524 5187 700 5242 cleate
729 5185 797 5240 εἷ
815 5185 985 5248 Sunt,
1018 5186 1191 5256 inquit
1217 5185 1282 5251 ⁸⁸,
1315 5185 1446 5241 lines
1475 5185 2087 5245 bonorum.....'Stoicis

525 5257 838 5312 consentire
881 5265 1088 5310 natura:
1113 5295 1128 5319 ,
1161 5259 1306 5326 quod
1352 5272 1472 5310 esse
1502 5259 1684 5312 volunt
1709 5276 1740 5314 e
1769 5261 1966 5315 virtute
1990 5302 2004 5327 ,
2033 5262 2084 5316 id

523 5338 628 5392 est,
654 5329 879 5399 honeste
907 5328 1129 5399 vivere:
1159 5329 1302 5396 quod
1336 5327 1405 5382 ita
1450 5330 2088 5399 iuterpretanturmivere

525 5413 646 5452 cum
679 5397 1032 5468 intelligentia
1058 5411 1246 5453 earum
1283 5413 1498 5463 rerum,
1533 5397 1652 5469 qua:
1680 5409 1873 5456 natura
1900 5405 2084 5457 eveni-

2211 1885 2519 1949 tatt'onibus,
2549 1897 2602 1939 et
2635 1884 2855 1938 Ilecato.
2886 1885 3036 1951 Quod
3067 1897 3251 1937 autem
3283 1884 3520 1938 docibilis
3553 1887 3632 1944 sit.
3654 1903 3696 1937 ιιι

2211 1968 2278 2006 eo
2304 1963 2542 2019 constat,
2565 1955 2708 2023 quod
2742 1955 2865 2007 boni
2895 1971 2960 2008 ex
2990 1955 3146 2008 malis
3177 1955 3329 2008 liant.
3361 1954 3598 2007 Pauzetius
3619 1975 3699 2022 qu.-

2211 2025 2330 2076 detu
2367 2023 2502 2077 duas
2537 2025 2713 2094 posuit
2744 2026 3004 2089 virtutes,
3037 2026 3505 2094 contemplatiram
3537 2037 3581 2079 et
3605 2029 3696 2078 acti-

2208 2108 2328 2146 vam
2356 2109 2371 2154 ;
2406 2094 2495 2146 alii
2521 2105 2652 2154 tres.
2688 2095 3025 2159 rationalem,
3051 2094 3357 2148 naturalem
3387 2105 3440 2148 et
3465 2098 3694 2159 moralem;

2210 2172 2445 2236 quatuor
2468 2163 2840 2232 Possidonius,
2865 2165 3047 2234 plures
3091 2163 3410 2231 Cleanthes,
3440 2167 3698 2236 Chrysippus

2208 2234 2262 2285 et
2293 2235 2597 2302 Antipater.
2641 2253 2660 2287 ι

2279 2303 2513 2358 Zenonis
2545 2319 2674 2358 vero
2705 2304 3010 2374 opinionem
3042 2303 3235 2360 Cicero
3266 2305 3438 2360 fusius
3466 2307 3698 2373 clariusque

2214 2375 2288 2445 i_ta
2331 2375 2580 2429 euucleat
2608 2375 2654 2407 ⁸ο
2685 2388 2701 2427 :
2730 2393 2748 2425 t
2781 2375 2924 2428 Zeno
2959 2375 3274 2430 nullomodo
3321 2378 3365 2429 is
3411 2387 3538 2438 erat,
3570 2380 3637 2445 qui
3662 2390 3698 2430 ut

2209 2443 2616 2513 Theophrastus
2640 2461 2839 2500 nervos
2873 2447 3086 2499 virtutis
3123 2447 3409 2509 inciderit;
3439 2449 3520 2501 sed
3548 2443 3697 2507 contra,

2207 2517 2298 2583 qui
2329 2517 2510 2570 omnia
2540 2532 2659 2584 qum
2687 2516 2750 2569 ad
2789 2517 3000 2569 beatam
3033 2517 3202 2570 vitam
3235 2519 3548 2585 pertinerent
3568 2519 3607 2571 in
3630 2533 3696 2568 una

2206 2586 2404 2640 virtute
2432 2595 2674 2654 poneret,
2707 2601 2805 2640 nec
2844 2585 3138 2654 quidquam
3184 2588 3331 2641 aliud
3371 2600 3634 2642 numeraret
3666 2590 3697 2638 in

2209 2654 2385 2727 bouis,
2421 2657 2580 2724 idque
2606 2655 2905 2727 appellaret
2943 2656 3258 2721 honestum,
3288 2664 3425 2727 quod
3463 2669 3586 2712 esset
3609 2657 3697 2710 sim-

2207 2725 2327 2792 plex
2357 2725 2652 2792 quoddam,
2676 2725 2731 2781 et
2773 2726 2970 2786 solum,
3010 2737 3062 2780 et
3095 2743 3266 2780 unum
3306 2725 3520 2782 bonum.
3550 2727 3697 2784 Cetera

2206 2806 2386 2851 autem
2425 2796 2524 2850 etsi
2556 2811 2654 2850 nec
2698 2797 2859 2860 bona,
2891 2811 2992 2852 nec
3033 2797 3167 2849 mala
3213 2809 3416 2863 essent,
3453 2811 3601 2854 tamen
3631 2798 3697 2848 alia

2206 2866 2502 2920 secundum
2538 2877 2786 2920 naturam
2828 2867 3059 2930 dicebat,
3107 2868 3213 2922 alia
3256 2880 3456 2923 natura:
3483 2885 3583 2923 esse
3607 2884 3696 2922 coa-

2207 2937 2409 3000 traria;
2443 2936 2508 2990 iis
2537 2936 2668 3006 ipsis
2690 2937 2792 2990 alia
2827 2937 3104 3005 interjecta
3139 2950 3197 2993 et
3231 2942 3405 2994 media
3433 2941 3694 2993 numerabat.

2204 3006 2333 3072 Quae
2364 3016 2542 3060 autem
2575 3008 2866 3060 secundum
2902 3019 3151 3060 naturam
3184 3020 3392 3074 essent,
3425 3024 3483 3062 ea
3507 3009 3695 3063 sumenda

2204 3090 2259 3129 et
2286 3079 2516 3145 quadam
2551 3077 2909 3131 aestimatione
2952 3079 3228 3147 dignauda
3266 3082 3505 3135 dicebat:
3542 3089 3696 3133 contra-

2204 3161 2308 3212 que
2330 3147 2604 3220 courtraria
2627 3164 2640 3213 ;
2668 3157 2852 3220 neutra
2876 3157 3056 3220 autem
3075 3149 3125 3201 in
3147 3151 3342 3205 mediis
3373 3151 3692 3220 relinquebam

2203 3225 2307 3271 etc.
2379 3215 2586 3272 Videsis
2635 3217 2879 3270 eumdem
2931 3218 3250 3274 Ciceronem
3299 3223 3363 3275 de
3424 3215 3586 3275 eodem
3628 3218 3694 3269 Ze-

2203 3302 2344 3341 none
2371 3287 2594 3356 aliisque
2618 3287 2761 3341 illius
2792 3289 3016 3343 asseclis
3051 3300 3105 3343 et
3131 3294 3530 3346 successoribus
3554 3291 3692 3343 ibidem

2201 3374 2323 3431 pag.
2341 3355 2428 3431 56,
2449 3355 2696 3431 θιίιίιιεγ
2714 3357 2794 3431 _De
2813 3357 3025 3431 ﬁnibus,
3050 3375 3172 3429 pag.
3205 3361 3275 3416 86
3309 3373 3516 3431 etseqq.
3536 3378 3548 3424 ;
3568 3361 3637 3412 lib.
3657 3375 3695 3411 ut

2203 3428 2278 3502 _D_e
2308 3429 2608 3502 o/ﬁc.,_pag.
2635 3427 2761 3502 589,
2790 3436 2842 3480 et
2867 3428 2960 3483 lib.
2995 3445 3047 3482 tv
3075 3427 3378 3487 Academic.
3405 3427 3588 3502 quasi,
3610 3445 3693 3497 pag.

2199 3497 2291 3561 5|,
2325 3499 2414 3551 ubi
2454 3497 2721 3571 Panatius
2757 3510 3033 3571 evocatur,
3065 3504 3321 3570 princeps
3353 3497 3504 3571 prope
3538 3503 3693 3555 Stoicu-

2201 3584 2340 3642 rum,
2379 3585 2408 3642 ι
2429 3577 2489 3642 et
2513 3568 2736 3638 νίψω,
2771 3568 3114 3626 Cleanthes}
3151 3568 3312 3642 quasi
3343 3568 3579 3642 t’uajorutn
3606 3586 3697 3640 gen-

2202 3640 2358 3699 tium,
2376 3638 2612 3692 Stoicus.
2649 3657 2669 3690 ι

2270 3708 2401 3781 Eam
2439 3707 2671 3781 fortasse
2704 3710 2774 3763 ob
2820 3723 3040 3764 causam
3082 3710 3153 3766 ita
3200 3711 3446 3767 Clemens
3477 3709 3694 3781 prosequi-

2201 3786 2286 3832 tur
2325 3779 2370 3810 "
2400 3793 2416 3831 :
2444 3797 2462 3829 t
2501 3777 2728 3844 Quidam
2779 3788 2958 3834 autem
3008 3795 3074 3835 ex
3127 3777 3509 3837 recentioribus
3553 3777 3695 3835 Stoicis

2199 3851 2362 3923 tinem
2404 3862 2524 3903 esse
2570 3849 2938 3923 tradiderunt,
2970 3851 3032 3904 τὸ
3081 3849 3185 3922 ζῇν
3233 3853 3522 3916 ἀκολούθως
3547 3856 3599 3923 τῇ
3632 3848 3693 3923 τοῦ

2195 3917 2478 3992 ἀνθρώπου
2512 3921 2849 3992 xattuaxaufjj
2875 3937 2895 3970 t
2931 3917 3529 3992 vivere"consequenter
3549 3917 3694 3992 consti-

2199 3989 2387 4043 tutioni
2446 3990 2700 4043 hominis.
2747 4008 2765 4040 ι
2798 3989 2969 4046 Prius
3025 4002 3206 4046 autem
3253 3989 3473 4048 vidimus
3507 3995 3618 4048 hanc
3645 3989 3692 4041 ab

2197 4062 2314 4129 ipso
2346 4069 2505 4132 atque
2532 4074 2577 4132 _a
2616 4059 2951 4115 Theodoreto
2995 4064 3196 4117 Stoicis
3243 4066 3486 4119 omnibus
3525 4076 3692 4132 genera-

2199 4134 2292 4184 titu
2347 4130 2544 4184 ascribi
2592 4132 2940 4198 sententiam,
2985 4133 3144 4187 linem
3197 4151 3320 4189 esse
3363 4135 3420 4189 τὸ
3453 4130 3692 4190 exulo-ibt»;

2195 4199 2354 4270 φύσει
2393 4199 2511 4270 ζῆν.
2553 4200 2696 4274 Quid
2729 4211 2925 4274 autem
2978 4205 3115 4258 hanc
3153 4205 3298 4260 inter
3336 4217 3390 4259 et
3423 4205 3688 4274 superiorem

2195 4276 2520 4352 sententiam
2551 4271 2765 4325 intersit
2796 4272 3147 4339 discriminis,
3183 4281 3441 4346 expende,
3471 4271 3690 4345 quaeso.el

2195 4354 2503 4411 pronuntia.

2263 4413 2482 4486 Interim
2533 4426 2673 4486 vero
2709 4422 2982 4486 auctorem
3010 4475 3020 4486 ς
3042 4427 3290 4469 nosuum
3340 4428 3610 4486 sequamur.
3636 4409 3686 4463 ita

2197 4493 2374 4536 autem
2407 4483 2492 4535 ille
2528 4483 2702 4551 pergit
2727 4483 2771 4514 "
2804 4501 2816 4536 :
2859 4502 2876 4534 t
2920 4481 3058 4549 Quid
3105 4487 3199 4540 tibi
3235 4481 3520 4542 Aristonem
3551 4495 3688 4536 recen-

2197 4553 2381 4628 seam?
2410 4552 2458 4628 Is
2489 4551 2646 4628 linem
2699 4553 2907 4628 dicebat
2944 4570 3062 4608 esse
3100 4557 3434 4628 ἀδιαφορίαν,
3466 4558 3510 4609 id
3545 4562 3610 4628 est
3629 4551 3685 4628 in:

2197 4623 2586 4695 differentiam;
2622 4622 2932 4677 indill‘erens
2959 4635 3137 4695 autem
3172 4621 3330 4695 plane
3375 4625 3596 4693 relinquit
3628 4621 3686 4672 in-

2198 4695 2472 4748 diﬂ'erens.
2515 4694 2616 4747 Aul
2653 4709 2715 4748 ea
2746 4711 2863 4764 qua:
2894 4697 2962 4749 ab
3008 4694 3211 4752 Herillo
3255 4699 3510 4758 dicuntur,
3537 4697 3578 4746 in
3605 4704 3685 4764 mes

2196 4767 2344 4838 dium
2391 4764 2803 4838 add_ucam?_Ex
2834 4767 3058 4819 scientia
3103 4770 3286 4822 vivere
3333 4770 3470 4838 ponit
3508 4763 3684 4838 llerill-us

2195 4834 2377 4909 tinem.
2414 4852 2438 4909 ρ
2475 4834 2958 4909 Ειιόειιιμιλιιεηίυβ
3001 4841 3066 4892 de
3117 4831 3346 4909 utroque
3380 4838 3522 4909 paulo
3557 4831 3682 4898 expli-

2194 4908 2370 4960 catius
2412 4904 2653 4973 loquitur
2674 4905 2758 4959 ’δε
2795 4925 2814 4956 t
2847 4908 3070 4960 Ariston
3122 4904 3289 4963 Chius
3335 4904 3680 4969 Phalantusun

2195 4986 2548 5046 Cognomento
2574 4975 2754 5042 Siren,
2791 4977 2948 5030 ﬁnem
2980 4992 3098 5032 esse
3121 4981 3256 5032 dixit
3280 4982 3344 5033 ad
3377 4977 3553 5043 aliquid
3581 4976 3681 5046 inter

2195 5048 2444 5099 virtutem
2497 5055 2552 5100 et
2600 5047 2782 5099 vitium
2831 5047 3200 5103 indiﬂ'ereuter
3245 5067 3303 5103 se
3343 5051 3590 5103 habentem
3625 5054 3681 5088 VI-

2197 5131 2340 5181 vere,
2373 5117 2572 5170 nullam
2609 5117 2905 5184 quamlibet
2946 5120 3211 5172 modicam
3243 5122 3532 5174 varietatem
3560 5112 3678 5166 teli":

2193 5189 2430 5256 quendo,
2464 5187 2554 5240 sed
2598 5203 2656 5241 se
2699 5189 2975 5255 :equaliter
3016 5191 3068 5242 itt
3121 5193 3368 5244 omnibus
3412 5187 3631 5242 habendo.
3657 5193 3674 5227 ι

2192 5255 2384 5330 Postea
2437 5273 2566 5330 vero
2595 5259 2641 5330 ’ξ
2680 5277 2694 5312 :
2743 5275 2762 5308 t
2809 5257 3042 5312 llerillus
3101 5261 3516 5330 Carthaginiensis
3557 5255 3674 5330 liuet"

2191 5327 2476 5399 scientiam
2526 5328 2684 5399 dixit,
2736 5331 2878 5398 quod
2921 5339 3006 5384 est
3052 5344 3266 5399 seraper
3306 5327 3498 5393 vivere,
3531 5327 3674 5395 cuncta

2195 5397 2481 5455 referendo
2504 5398 2571 5453 ad
2602 5397 2883 5455 vivendum
2907 5415 3030 5455 cum
3063 5397 3306 5466 scientia,
3337 5416 3402 5454 ne
3434 5399 3672 5468 ignorantia

592 5539 646 5620 ’ξ
660 5540 732 5620 _i_n
759 5539 1012 5620 Platonis
1040 5543 1176 5620 vita,
1208 5543 1349 5615 με).
1423 5545 1578 5620 πρε
1606 5546 1741 5620 falsa
1755 5548 2018 5620 sapient”
2046 5567 2163 5620 cap.
2187 5553 2276 5608 25.
2354 5549 2400 5581 ⁸ο
2432 5549 2468 5604 Ι.
2498 5565 2550 5603 ιιι
2581 5547 2656 5620 De
2693 5546 2863 5614 ofﬁc.,
2888 5564 3010 5619 pag.
3060 5547 3183 5603 404.
3254 5537 3668 5620 ⁸²γδιινοιιξεξίιιιοί¹¹ο
3719 5595 3730 5616 ,

521 5626 576 5691 p._
615 5611 739 5665 614.
759 5611 778 5629 ⁸
815 5613 866 5691 ξ’Δ
888 5611 1308 5691 _Str0_t_n.__lib.'n,
1353 5631 1406 5691 ρ.
1431 5617 1680 5691 filim”
1710 5618 1805 5671 lib.
1826 5611 1881 5691 it
1906 5611 2174 5691 rDe'tini'b.
2201 5639 2348 5691 pag.,
2373 5619 2495 5691 66ηΔ
2533 5621 2580 5653 ⁸⁵
2608 5619 2810 5674 Strom.
2849 5611 2985 5674 lib:
3013 5633 3043 5691 v
3067 5659 3083 5682 .
3123 5636 3241 5691 pag.
3281 5618 3434 5691 GH.“
3464 5611 3667 5691 ξξδιτοιιιιἶ

523 5682 701 5756 lib._n,
728 5697 780 5750 p.
810 5682 933 5756 416.
990 5683 1062 5756 7⁸⁸,
1085 5685 1240 5746 ibid.,
1262 5701 1318 5754 p.
1344 5682 1470 5747 404,
1499 5697 1552 5740 et
1574 5687 1667 5742 lib.
1695 5703 1746 5751 v,
1773 5703 1824 5756 p.
1855 5690 1978 5744 594.

532 5822 576 5854 ’⁸
601 5824 731 5878 ibid.

548 5687 701 5763 ξιξ-ιι,
728 5697 780 5750 p.
810 5687 933 5763 fit}.
983 5687 1318 5763 -_"_ibid.,_p.
1344 5687 1552 5763 4υ4ε-ει
1574 5687 1667 5742 lib.
1695 5703 1824 5763 v,p_.
1855 5690 1978 5744 594.
2053 5693 2098 5723 ⁸⁷
2124 5687 2388 5748 Βεῖὶιῖειιο.
2421 5687 2604 5745 affect.
2639 5705 2778 5756 cur.,
2813 5705 2975 5763 serm.
3009 5690 3094 5763 li,

528 5753 710 5834 t_i_uib.,_
731 5769 786 5822 p.
981 5755 1025 5786 "
1050 5754 1087 5812 1.
1129 5753 1283 5834 vnit}
1321 5759 1424 5834 vita
1459 5753 1894 5834 Zenon..,§_8'_1et
1921 5777 2038 5834 seq.
2097 5764 2146 5834 797°
2170 5765 2343 5834 libari
2375 5763 2540 5834 Acad.
2567 5753 2790 5834 quaesu,
2820 5776 2872 5832 p.
2899 5761 2952 5817 8.

3131 5673 3334 5758 b.7541.
3395 5685 3435 5716 ³⁸
3463 5683 3540 5736 lib.
3562 5673 3667 5758 ιι.

3027 5743 3297 5817 ⁹¹’5“ιιοιέι,
3331 5759 3417 5817 lib.
3447 5770 3499 5822 ιι,
3515 5766 3557 5822 Ρ·
3575 5743 3665 5801 “5'

819 5825 863 5856 ”
896 5823 990 5881 lib.
1017 5841 1090 5881 vtt
1135 5825 1188 5882 in
1218 5825 1334 5883 Vita
1372 5828 1600 5896 Zeuon.,
1649 5823 1839 5900 δἹϐΟ.
1921 5832 1967 5864 ⁹⁶
1993 5823 2045 5890 in
2088 5833 2100 5863 ‘

2204 5856 2208 5888 ι
2257 5833 2460 5901 Herilli,
2495 5830 2523 5900 ς
2560 5823 2678 5886 165.
