  <div class='ocr_page' id='page_1' title='image "/cluster/home/n/w/nwhite01/storage/ocr_20150623/9/hvd.32044073501322/674.png"; bbox 0 0 3902 6308; ppageno 0'>
   <div class='ocr_carea' id='block_1_1' title="bbox 247 279 390 337">
    <p class='ocr_par' dir='ltr' id='par_1_1' title="bbox 247 279 390 337">
     <span class='ocr_line' id='line_1_1' title="bbox 247 279 390 337; baseline -0.007 -3"><span class='ocrx_word' id='word_1_1' title='bbox 247 281 272 334; x_wconf 73' lang='grc'><strong>1</strong></span> <span class='ocrx_word' id='word_1_2' title='bbox 284 279 390 337; x_wconf 69' lang='grc'><strong>357</strong></span> 
     </span>
    </p>
   </div>
   <div class='ocr_carea' id='block_1_2' title="bbox 1183 401 1600 470">
    <p class='ocr_par' dir='ltr' id='par_1_2' title="bbox 1183 401 1600 470">
     <span class='ocr_line' id='line_1_2' title="bbox 1183 401 1600 470; baseline 0 -15"><span class='ocrx_word' id='word_1_3' title='bbox 1183 401 1352 470; x_wconf 82' lang='lat' dir='ltr'><strong><em>Prope</em></strong></span> <span class='ocrx_word' id='word_1_4' title='bbox 1380 417 1495 455; x_wconf 83' lang='lat' dir='ltr'><strong>vero</strong></span> <span class='ocrx_word' id='word_1_5' title='bbox 1522 401 1600 455; x_wconf 88' lang='lat' dir='ltr'><strong>itli</strong></span> 
     </span>
    </p>
   </div>
   <div class='ocr_carea' id='block_1_3' title="bbox 324 470 1585 537">
    <p class='ocr_par' dir='ltr' id='par_1_3' title="bbox 324 470 1585 537">
     <span class='ocr_line' id='line_1_3' title="bbox 324 470 1585 537; baseline -0.002 -10"><span class='ocrx_word' id='word_1_6' title='bbox 324 471 580 528; x_wconf 79' lang='lat' dir='ltr'><strong>Sacerdos</strong></span> <span class='ocrx_word' id='word_1_7' title='bbox 607 473 820 537; x_wconf 86' lang='lat' dir='ltr'><strong>quidam</strong></span> <span class='ocrx_word' id='word_1_8' title='bbox 859 472 994 526; x_wconf 81' lang='lat' dir='ltr'><strong>alius</strong></span> <span class='ocrx_word' id='word_1_9' title='bbox 1021 481 1154 537; x_wconf 89' lang='lat' dir='ltr'><strong>erat,</strong></span> <span class='ocrx_word' id='word_1_10' title='bbox 1189 470 1412 526; x_wconf 79' lang='lat' dir='ltr'><strong>Phtebea</strong></span> <span class='ocrx_word' id='word_1_11' title='bbox 1434 470 1585 525; x_wconf 82' lang='lat' dir='ltr'><strong>lauro</strong></span> 
     </span>
    </p>
   </div>
   <div class='ocr_carea' id='block_1_4' title="bbox 327 541 1483 612">
    <p class='ocr_par' dir='ltr' id='par_1_4' title="bbox 327 541 1483 612">
     <span class='ocr_line' id='line_1_4' title="bbox 327 541 1483 612; baseline 0 -18"><span class='ocrx_word' id='word_1_12' title='bbox 327 541 562 612; x_wconf 69' lang='lat' dir='ltr'><strong>Ornatus</strong></span> <span class='ocrx_word' id='word_1_13' title='bbox 596 541 868 612; x_wconf 71' lang='lat' dir='ltr'><strong>Polyidos.</strong></span> <span class='ocrx_word' id='word_1_14' title='bbox 899 542 984 597; x_wconf 82' lang='lat' dir='ltr'><strong>Ea:</strong></span> <span class='ocrx_word' id='word_1_15' title='bbox 1013 558 1100 596; x_wconf 89' lang='lat' dir='ltr'><strong>ore</strong></span> <span class='ocrx_word' id='word_1_16' title='bbox 1131 557 1249 595; x_wconf 83' lang='lat' dir='ltr'><strong>vero</strong></span> <span class='ocrx_word' id='word_1_17' title='bbox 1279 543 1483 595; x_wconf 81' lang='lat' dir='ltr'><strong>vibrare</strong></span> 
     </span>
    </p>
   </div>
   <div class='ocr_carea' id='block_1_5' title="bbox 338 611 1469 682">
    <p class='ocr_par' dir='ltr' id='par_1_5' title="bbox 338 611 1469 682">
     <span class='ocr_line' id='line_1_5' title="bbox 338 611 1469 682; baseline -0.002 -16"><span class='ocrx_word' id='word_1_18' title='bbox 338 611 554 682; x_wconf 70' lang='lat' dir='ltr'><strong>Yolebat</strong></span> <span class='ocrx_word' id='word_1_19' title='bbox 583 611 748 667; x_wconf 69' lang='lat' dir='ltr'><strong>vocem</strong></span> <span class='ocrx_word' id='word_1_20' title='bbox 773 612 1027 677; x_wconf 82' lang='lat' dir='ltr'><strong>diuinam,</strong></span> <span class='ocrx_word' id='word_1_21' title='bbox 1057 613 1145 666; x_wconf 80' lang='lat' dir='ltr'><strong>sed</strong></span> <span class='ocrx_word' id='word_1_22' title='bbox 1186 613 1355 682; x_wconf 82' lang='lat' dir='ltr'><strong>ipsum</strong></span> <span class='ocrx_word' id='word_1_23' title='bbox 1382 628 1469 665; x_wconf 76' lang='lat' dir='ltr'><strong>ars</strong></span> 
     </span>
    </p>
   </div>
   <div class='ocr_carea' id='block_1_6' title="bbox 331 681 1005 749">
    <p class='ocr_par' dir='ltr' id='par_1_6' title="bbox 331 681 1005 749">
     <span class='ocr_line' id='line_1_6' title="bbox 331 681 1005 749; baseline 0.007 -17"><span class='ocrx_word' id='word_1_24' title='bbox 331 681 549 735; x_wconf 81' lang='lat' dir='ltr'><strong>Vincula</strong></span> <span class='ocrx_word' id='word_1_25' title='bbox 581 694 726 736; x_wconf 88' lang='lat' dir='ltr'><strong>muto</strong></span> <span class='ocrx_word' id='word_1_26' title='bbox 753 682 1005 749; x_wconf 77' lang='lat' dir='ltr'><strong>impediit.</strong></span> 
     </span>
    </p>
   </div>
   <div class='ocr_carea' id='block_1_7' title="bbox 321 750 1810 819">
    <p class='ocr_par' dir='ltr' id='par_1_7' title="bbox 321 750 1810 819">
     <span class='ocr_line' id='line_1_7' title="bbox 321 750 1810 819; baseline 0.003 -15"><span class='ocrx_word' id='word_1_27' title='bbox 321 750 488 806; x_wconf 80' lang='lat' dir='ltr'><strong>Recte</strong></span> <span class='ocrx_word' id='word_1_28' title='bbox 517 751 729 819; x_wconf 88' lang='lat' dir='ltr'><strong>quidem</strong></span> <span class='ocrx_word' id='word_1_29' title='bbox 754 760 902 814; x_wconf 87' lang='lat' dir='ltr'><strong>notat</strong></span> <span class='ocrx_word' id='word_1_30' title='bbox 938 753 1204 808; x_wconf 84' lang='lat' dir='ltr'><strong>Hervetus</strong></span> <span class='ocrx_word' id='word_1_31' title='bbox 1227 752 1295 806; x_wconf 87' lang='lat' dir='ltr'><strong>ab</strong></span> <span class='ocrx_word' id='word_1_32' title='bbox 1323 752 1515 807; x_wconf 88' lang='lat' dir='ltr'><strong>Ovidio</strong></span> <span class='ocrx_word' id='word_1_33' title='bbox 1554 753 1810 808; x_wconf 85' lang='lat' dir='ltr'><strong>decanta-</strong></span> 
     </span>
    </p>
   </div>
   <div class='ocr_carea' id='block_1_8' title="bbox 245 821 1811 890">
    <p class='ocr_par' dir='ltr' id='par_1_8' title="bbox 245 821 1811 890">
     <span class='ocr_line' id='line_1_8' title="bbox 245 821 1811 890; baseline 0.001 -16"><span class='ocrx_word' id='word_1_34' title='bbox 245 831 365 874; x_wconf 85' lang='lat' dir='ltr'><strong>tum</strong></span> <span class='ocrx_word' id='word_1_35' title='bbox 393 821 456 886; x_wconf 80' lang='lat'><strong>“,</strong></span> <span class='ocrx_word' id='word_1_36' title='bbox 481 823 620 890; x_wconf 87' lang='lat' dir='ltr'><strong>quod</strong></span> <span class='ocrx_word' id='word_1_37' title='bbox 649 824 713 876; x_wconf 89' lang='lat' dir='ltr'><strong>de</strong></span> <span class='ocrx_word' id='word_1_38' title='bbox 735 821 953 878; x_wconf 84' lang='lat' dir='ltr'><strong>Telemo</strong></span> <span class='ocrx_word' id='word_1_39' title='bbox 982 823 1176 877; x_wconf 86' lang='lat' dir='ltr'><strong>deinde</strong></span> <span class='ocrx_word' id='word_1_40' title='bbox 1202 823 1452 877; x_wconf 84' lang='lat' dir='ltr'><strong>Clemens</strong></span> <span class='ocrx_word' id='word_1_41' title='bbox 1477 831 1662 878; x_wconf 86' lang='lat' dir='ltr'><strong>noster</strong></span> <span class='ocrx_word' id='word_1_42' title='bbox 1684 839 1811 877; x_wconf 89' lang='lat' dir='ltr'><strong>nar-</strong></span> 
     </span>
    </p>
   </div>
   <div class='ocr_carea' id='block_1_9' title="bbox 243 892 1806 964">
    <p class='ocr_par' dir='ltr' id='par_1_9' title="bbox 243 892 1806 964">
     <span class='ocr_line' id='line_1_9' title="bbox 243 892 1806 964; baseline 0.001 -20"><span class='ocrx_word' id='word_1_43' title='bbox 243 892 413 964; x_wconf 19' lang='lat' dir='ltr'><strong>ravit.»</strong></span> <span class='ocrx_word' id='word_1_44' title='bbox 447 892 549 946; x_wconf 86' lang='lat' dir='ltr'><strong>Sed</strong></span> <span class='ocrx_word' id='word_1_45' title='bbox 596 893 744 959; x_wconf 87' lang='lat' dir='ltr'><strong>prius</strong></span> <span class='ocrx_word' id='word_1_46' title='bbox 789 892 1074 964; x_wconf 81' lang='lat' dir='ltr'><strong>Homerum</strong></span> <span class='ocrx_word' id='word_1_47' title='bbox 1125 893 1264 946; x_wconf 88' lang='lat' dir='ltr'><strong>libro</strong></span> <span class='ocrx_word' id='word_1_48' title='bbox 1307 910 1359 946; x_wconf 80' lang='lat' dir='ltr'><strong>ix</strong></span> <span class='ocrx_word' id='word_1_49' title='bbox 1413 893 1628 962; x_wconf 78' lang='lat' dir='ltr'><strong>Odyss.,</strong></span> <span class='ocrx_word' id='word_1_50' title='bbox 1679 908 1806 964; x_wconf 80' lang='lat' dir='ltr'><strong>pag.</strong></span> 
     </span>
    </p>
   </div>
   <div class='ocr_carea' id='block_1_10' title="bbox 242 962 1807 1033">
    <p class='ocr_par' dir='ltr' id='par_1_10' title="bbox 242 962 1807 1033">
     <span class='ocr_line' id='line_1_10' title="bbox 242 962 1807 1033; baseline 0.002 -18"><span class='ocrx_word' id='word_1_51' title='bbox 242 963 375 1026; x_wconf 72' lang='grc' dir='ltr'><strong>ηδ,</strong></span> <span class='ocrx_word' id='word_1_52' title='bbox 405 962 620 1028; x_wconf 83' lang='lat' dir='ltr'><strong>laudare</strong></span> <span class='ocrx_word' id='word_1_53' title='bbox 657 963 942 1033; x_wconf 80' lang='lat' dir='ltr'><strong>potuisset.</strong></span> <span class='ocrx_word' id='word_1_54' title='bbox 998 963 1252 1018; x_wconf 73' lang='lat' dir='ltr'><strong>Herodoti</strong></span> <span class='ocrx_word' id='word_1_55' title='bbox 1297 978 1514 1033; x_wconf 86' lang='lat' dir='ltr'><strong>quoque</strong></span> <span class='ocrx_word' id='word_1_56' title='bbox 1548 965 1614 1017; x_wconf 88' lang='lat' dir='ltr'><strong>de</strong></span> <span class='ocrx_word' id='word_1_57' title='bbox 1660 962 1807 1018; x_wconf 85' lang='lat' dir='ltr'><strong>Ono-</strong></span> 
     </span>
    </p>
   </div>
   <div class='ocr_carea' id='block_1_11' title="bbox 241 1032 1804 1102">
    <p class='ocr_par' dir='ltr' id='par_1_11' title="bbox 241 1032 1804 1102">
     <span class='ocr_line' id='line_1_11' title="bbox 241 1032 1804 1102; baseline 0.002 -17"><span class='ocrx_word' id='word_1_58' title='bbox 241 1035 478 1086; x_wconf 83' lang='lat' dir='ltr'><strong>rnacrito</strong></span> <span class='ocrx_word' id='word_1_59' title='bbox 516 1034 882 1102; x_wconf 86' lang='lat' dir='ltr'><strong>testimonium</strong></span> <span class='ocrx_word' id='word_1_60' title='bbox 925 1032 1046 1101; x_wconf 89' lang='lat' dir='ltr'><strong>jure</strong></span> <span class='ocrx_word' id='word_1_61' title='bbox 1070 1034 1286 1102; x_wconf 85' lang='lat' dir='ltr'><strong>quidem</strong></span> <span class='ocrx_word' id='word_1_62' title='bbox 1317 1032 1527 1088; x_wconf 80' lang='lat' dir='ltr'><strong>merito</strong></span> <span class='ocrx_word' id='word_1_63' title='bbox 1558 1034 1804 1102; x_wconf 78' lang='lat' dir='ltr'><strong>sumpsit.</strong></span> 
     </span>
    </p>
   </div>
   <div class='ocr_carea' id='block_1_12' title="bbox 244 1101 1804 1174">
    <p class='ocr_par' dir='ltr' id='par_1_12' title="bbox 244 1101 1804 1174">
     <span class='ocr_line' id='line_1_12' title="bbox 244 1101 1804 1174; baseline 0.001 -18"><span class='ocrx_word' id='word_1_64' title='bbox 244 1102 446 1174; x_wconf 77' lang='lat' dir='ltr'><strong>Verum</strong></span> <span class='ocrx_word' id='word_1_65' title='bbox 472 1101 726 1174; x_wconf 75' lang='lat' dir='ltr'><strong>mendose</strong></span> <span class='ocrx_word' id='word_1_66' title='bbox 761 1105 810 1158; x_wconf 94' lang='lat' dir='ltr'><strong>in</strong></span> <span class='ocrx_word' id='word_1_67' title='bbox 845 1103 966 1174; x_wconf 83' lang='lat' dir='ltr'><strong>ejus</strong></span> <span class='ocrx_word' id='word_1_68' title='bbox 986 1101 1434 1168; x_wconf 66' lang='lat' dir='ltr'><strong>etutisdlerodoti</strong></span> <span class='ocrx_word' id='word_1_69' title='bbox 1464 1103 1555 1157; x_wconf 90' lang='lat' dir='ltr'><strong>lib.</strong></span> <span class='ocrx_word' id='word_1_70' title='bbox 1587 1118 1664 1174; x_wconf 71' lang='lat' dir='ltr'><strong>vi,</strong></span> <span class='ocrx_word' id='word_1_71' title='bbox 1684 1101 1724 1174; x_wconf 63' lang='grc' dir='ltr'><em>ἕ</em></span> <span class='ocrx_word' id='word_1_72' title='bbox 1752 1104 1804 1169; x_wconf 86' lang='grc'><strong>5,</strong></span> 
     </span>
    </p>
   </div>
   <div class='ocr_carea' id='block_1_13' title="bbox 239 1172 1808 1246">
    <p class='ocr_par' dir='ltr' id='par_1_13' title="bbox 239 1172 1808 1246">
     <span class='ocr_line' id='line_1_13' title="bbox 239 1172 1808 1246; baseline 0.004 -23"><span class='ocrx_word' id='word_1_73' title='bbox 239 1187 344 1246; x_wconf 83' lang='lat' dir='ltr'><strong>pro</strong></span> <span class='ocrx_word' id='word_1_74' title='bbox 369 1173 596 1246; x_wconf 74' lang='lat' dir='ltr'><strong>lib._vn,</strong></span> <span class='ocrx_word' id='word_1_75' title='bbox 630 1172 911 1246; x_wconf 65' lang='lat' dir='ltr'><strong>Polymnii:</strong></span> <span class='ocrx_word' id='word_1_76' title='bbox 950 1173 977 1246; x_wconf 84' lang='lat'>§</span> <span class='ocrx_word' id='word_1_77' title='bbox 1013 1175 1065 1239; x_wconf 88' lang='lat'><strong>6,</strong></span> <span class='ocrx_word' id='word_1_78' title='bbox 1097 1173 1312 1246; x_wconf 80' lang='lat' dir='ltr'><strong>citatur.</strong></span> <span class='ocrx_word' id='word_1_79' title='bbox 1340 1174 1446 1230; x_wconf 85' lang='lat' dir='ltr'><strong>Sed</strong></span> <span class='ocrx_word' id='word_1_80' title='bbox 1482 1175 1546 1229; x_wconf 88' lang='lat' dir='ltr'><strong>de</strong></span> <span class='ocrx_word' id='word_1_81' title='bbox 1575 1172 1808 1230; x_wconf 80' lang='lat' dir='ltr'><strong>Onoma-</strong></span> 
     </span>
    </p>
   </div>
   <div class='ocr_carea' id='block_1_14' title="bbox 240 1243 1347 1300">
    <p class='ocr_par' dir='ltr' id='par_1_14' title="bbox 240 1243 1347 1300">
     <span class='ocr_line' id='line_1_14' title="bbox 240 1243 1347 1300; baseline 0.002 -3"><span class='ocrx_word' id='word_1_82' title='bbox 240 1243 386 1298; x_wconf 85' lang='lat' dir='ltr'><strong>crito</strong></span> <span class='ocrx_word' id='word_1_83' title='bbox 413 1243 552 1298; x_wconf 90' lang='lat' dir='ltr'><strong>alius</strong></span> <span class='ocrx_word' id='word_1_84' title='bbox 591 1243 765 1300; x_wconf 84' lang='lat' dir='ltr'><strong>adhuc</strong></span> <span class='ocrx_word' id='word_1_85' title='bbox 796 1245 903 1296; x_wconf 78' lang='lat' dir='ltr'><strong>erit</strong></span> <span class='ocrx_word' id='word_1_86' title='bbox 932 1243 1143 1299; x_wconf 80' lang='lat' dir='ltr'><strong>dicendi</strong></span> <span class='ocrx_word' id='word_1_87' title='bbox 1179 1245 1347 1299; x_wconf 91' lang='lat' dir='ltr'><strong>locus.</strong></span> 
     </span>
    </p>
   </div>
   <div class='ocr_carea' id='block_1_15' title="bbox 320 1311 1806 1371">
    <p class='ocr_par' dir='ltr' id='par_1_15' title="bbox 320 1311 1806 1371">
     <span class='ocr_line' id='line_1_15' title="bbox 320 1311 1806 1371; baseline 0.002 -6"><span class='ocrx_word' id='word_1_88' title='bbox 320 1311 455 1366; x_wconf 85' lang='lat' dir='ltr'><strong>Tum</strong></span> <span class='ocrx_word' id='word_1_89' title='bbox 479 1327 607 1368; x_wconf 90' lang='lat' dir='ltr'><strong>vero</strong></span> <span class='ocrx_word' id='word_1_90' title='bbox 633 1314 884 1368; x_wconf 79' lang='lat' dir='ltr'><strong>Clemens</strong></span> <span class='ocrx_word' id='word_1_91' title='bbox 903 1315 947 1346; x_wconf 76' lang='grc'><strong>⁸⁸</strong></span> <span class='ocrx_word' id='word_1_92' title='bbox 966 1315 1131 1370; x_wconf 89' lang='lat' dir='ltr'><strong>refert</strong></span> <span class='ocrx_word' id='word_1_93' title='bbox 1152 1317 1472 1371; x_wconf 87' lang='lat' dir='ltr'><strong>vaticinalos</strong></span> <span class='ocrx_word' id='word_1_94' title='bbox 1497 1314 1660 1370; x_wconf 88' lang='lat' dir='ltr'><strong>fuisse</strong></span> <span class='ocrx_word' id='word_1_95' title='bbox 1685 1316 1806 1368; x_wconf 91' lang='lat' dir='ltr'><strong>Am-</strong></span> 
     </span>
    </p>
   </div>
   <div class='ocr_carea' id='block_1_16' title="bbox 235 1383 1802 1454">
    <p class='ocr_par' dir='ltr' id='par_1_16' title="bbox 235 1383 1802 1454">
     <span class='ocr_line' id='line_1_16' title="bbox 235 1383 1802 1454; baseline 0.005 -23"><span class='ocrx_word' id='word_1_96' title='bbox 235 1383 548 1454; x_wconf 66' lang='lat' dir='ltr'><strong>phiaraum,</strong></span> <span class='ocrx_word' id='word_1_97' title='bbox 573 1384 768 1454; x_wconf 85' lang='lat' dir='ltr'><strong>dequo</strong></span> <span class='ocrx_word' id='word_1_98' title='bbox 799 1384 1061 1440; x_wconf 89' lang='lat' dir='ltr'><strong>Diodorus</strong></span> <span class='ocrx_word' id='word_1_99' title='bbox 1091 1385 1307 1440; x_wconf 90' lang='lat' dir='ltr'><strong>Siculus</strong></span> <span class='ocrx_word' id='word_1_100' title='bbox 1330 1387 1396 1452; x_wconf 78' lang='lat'><strong>“,</strong></span> <span class='ocrx_word' id='word_1_101' title='bbox 1421 1399 1624 1453; x_wconf 89' lang='lat' dir='ltr'><strong>nosque</strong></span> <span class='ocrx_word' id='word_1_102' title='bbox 1654 1384 1802 1454; x_wconf 84' lang='lat' dir='ltr'><strong>alibi,</strong></span> 
     </span>
    </p>
   </div>
   <div class='ocr_carea' id='block_1_17' title="bbox 231 1451 1801 1524">
    <p class='ocr_par' dir='ltr' id='par_1_17' title="bbox 231 1451 1801 1524">
     <span class='ocr_line' id='line_1_17' title="bbox 231 1451 1801 1524; baseline 0.004 -20"><span class='ocrx_word' id='word_1_103' title='bbox 231 1463 293 1524; x_wconf 68' lang='lat' dir='ltr'><strong>et</strong></span> <span class='ocrx_word' id='word_1_104' title='bbox 330 1451 842 1524; x_wconf 66' lang='lat' dir='ltr'><strong>r&#39;l&#39;heoelymenum</strong></span> <span class='ocrx_word' id='word_1_105' title='bbox 887 1455 939 1508; x_wconf 94' lang='lat' dir='ltr'><strong>in</strong></span> <span class='ocrx_word' id='word_1_106' title='bbox 985 1455 1330 1524; x_wconf 85' lang='lat' dir='ltr'><strong>Cephalenia,</strong></span> <span class='ocrx_word' id='word_1_107' title='bbox 1381 1451 1712 1511; x_wconf 79' lang='lat' dir='ltr'><strong>Telmessum</strong></span> <span class='ocrx_word' id='word_1_108' title='bbox 1750 1451 1801 1510; x_wconf 86' lang='lat' dir='ltr'><strong>in</strong></span> 
     </span>
    </p>
   </div>
   <div class='ocr_carea' id='block_1_18' title="bbox 231 1521 1802 1588">
    <p class='ocr_par' dir='ltr' id='par_1_18' title="bbox 231 1521 1802 1588">
     <span class='ocr_line' id='line_1_18' title="bbox 231 1521 1802 1588; baseline 0.003 -12"><span class='ocrx_word' id='word_1_109' title='bbox 231 1521 426 1588; x_wconf 87' lang='lat' dir='ltr'><strong>Caria,</strong></span> <span class='ocrx_word' id='word_1_110' title='bbox 452 1521 676 1578; x_wconf 81' lang='lat' dir='ltr'><strong>Galeiim</strong></span> <span class='ocrx_word' id='word_1_111' title='bbox 707 1525 757 1577; x_wconf 92' lang='lat' dir='ltr'><strong>in</strong></span> <span class='ocrx_word' id='word_1_112' title='bbox 797 1523 1002 1579; x_wconf 82' lang='lat' dir='ltr'><strong>Sicilia.</strong></span> <span class='ocrx_word' id='word_1_113' title='bbox 1038 1521 1275 1580; x_wconf 61' lang='lat' dir='ltr'><strong>{Nonne</strong></span> <span class='ocrx_word' id='word_1_114' title='bbox 1317 1535 1494 1579; x_wconf 90' lang='lat' dir='ltr'><strong>autem</strong></span> <span class='ocrx_word' id='word_1_115' title='bbox 1531 1541 1594 1579; x_wconf 81' lang='lat' dir='ltr'><strong>ex</strong></span> <span class='ocrx_word' id='word_1_116' title='bbox 1632 1526 1802 1580; x_wconf 90' lang='lat' dir='ltr'><strong>tribus</strong></span> 
     </span>
    </p>
   </div>
   <div class='ocr_carea' id='block_1_19' title="bbox 235 1593 1802 1668">
    <p class='ocr_par' dir='ltr' id='par_1_19' title="bbox 235 1593 1802 1668">
     <span class='ocr_line' id='line_1_19' title="bbox 235 1593 1802 1668; baseline 0.002 -22"><span class='ocrx_word' id='word_1_117' title='bbox 235 1593 565 1668; x_wconf 67' lang='lat' dir='ltr'><strong>liisprimus</strong></span> <span class='ocrx_word' id='word_1_118' title='bbox 591 1603 674 1648; x_wconf 89' lang='lat' dir='ltr'><strong>est</strong></span> <span class='ocrx_word' id='word_1_119' title='bbox 700 1593 1148 1668; x_wconf 85' lang='lat' dir='ltr'><strong>Theoclymenus,</strong></span> <span class='ocrx_word' id='word_1_120' title='bbox 1177 1599 1442 1668; x_wconf 15' lang='lat' dir='ltr'><strong>quiivates</strong></span> <span class='ocrx_word' id='word_1_121' title='bbox 1469 1595 1802 1668; x_wconf 81' lang='lat' dir='ltr'><strong>haudsemel</strong></span> 
     </span>
    </p>
   </div>
   <div class='ocr_carea' id='block_1_20' title="bbox 231 1663 1801 1738">
    <p class='ocr_par' dir='ltr' id='par_1_20' title="bbox 231 1663 1801 1738">
     <span class='ocr_line' id='line_1_20' title="bbox 231 1663 1801 1738; baseline 0.003 -22"><span class='ocrx_word' id='word_1_122' title='bbox 231 1663 311 1717; x_wconf 87' lang='lat' dir='ltr'><strong>ab</strong></span> <span class='ocrx_word' id='word_1_123' title='bbox 339 1663 844 1738; x_wconf 27' lang='lat' dir='ltr'><strong>Hontero‘voeatus,</strong></span> <span class='ocrx_word' id='word_1_124' title='bbox 885 1663 1207 1738; x_wconf 58' lang='lat' dir='ltr'><strong>adventum&#39;</strong></span> <span class='ocrx_word' id='word_1_125' title='bbox 1229 1666 1433 1738; x_wconf 87' lang='lat' dir='ltr'><strong>Ulyssis</strong></span> <span class='ocrx_word' id='word_1_126' title='bbox 1482 1665 1801 1738; x_wconf 69' lang='lat' dir='ltr'><strong>praedixisse</strong></span> 
     </span>
    </p>
   </div>
   <div class='ocr_carea' id='block_1_21' title="bbox 231 1735 1866 1828">
    <p class='ocr_par' dir='ltr' id='par_1_21' title="bbox 231 1735 1866 1828">
     <span class='ocr_line' id='line_1_21' title="bbox 231 1735 1866 1828; baseline 0.001 -40"><span class='ocrx_word' id='word_1_127' title='bbox 231 1735 644 1828; x_wconf 50' lang='lat' dir='ltr'><strong>perhibet:pr</strong></span> <span class='ocrx_word' id='word_1_128' title='bbox 679 1735 756 1790; x_wconf 89' lang='lat' dir='ltr'><strong>De</strong></span> <span class='ocrx_word' id='word_1_129' title='bbox 788 1736 890 1828; x_wconf 44' lang='lat' dir='ltr'><strong>hoJc</strong></span> <span class='ocrx_word' id='word_1_130' title='bbox 925 1745 1104 1828; x_wconf 62' lang='lat' dir='ltr'><strong>tatnen</strong></span> <span class='ocrx_word' id='word_1_131' title='bbox 1142 1735 1410 1828; x_wconf 60' lang='lat' dir='ltr'><strong>Hervetus</strong></span> <span class='ocrx_word' id='word_1_132' title='bbox 1447 1735 1595 1828; x_wconf 39' lang='lat' dir='ltr'><strong>nihil)</strong></span> <span class='ocrx_word' id='word_1_133' title='bbox 1612 1736 1792 1828; x_wconf 46' lang='lat' dir='ltr'><strong>senio,-</strong></span> <span class='ocrx_word' id='word_1_134' title='bbox 1824 1773 1866 1828; x_wconf 74' lang='grc' dir='ltr'><strong>Β</strong></span> 
     </span>
    </p>
   </div>
   <div class='ocr_carea' id='block_1_22' title="bbox 230 1804 1794 1876">
    <p class='ocr_par' dir='ltr' id='par_1_22' title="bbox 230 1804 1794 1876">
     <span class='ocr_line' id='line_1_22' title="bbox 230 1804 1794 1876; baseline 0.001 -20"><span class='ocrx_word' id='word_1_135' title='bbox 230 1805 454 1858; x_wconf 82' lang='lat' dir='ltr'><strong>venisse</strong></span> <span class='ocrx_word' id='word_1_136' title='bbox 468 1804 620 1876; x_wconf 84' lang='lat' dir='ltr'><strong>dicit,</strong></span> <span class='ocrx_word' id='word_1_137' title='bbox 641 1807 1092 1874; x_wconf 74' lang='lat' dir='ltr'><strong>quemadmodum</strong></span> <span class='ocrx_word' id='word_1_138' title='bbox 1120 1822 1293 1876; x_wconf 89' lang='lat' dir='ltr'><strong>neque</strong></span> <span class='ocrx_word' id='word_1_139' title='bbox 1313 1807 1380 1861; x_wconf 88' lang='lat' dir='ltr'><strong>de</strong></span> <span class='ocrx_word' id='word_1_140' title='bbox 1393 1805 1656 1868; x_wconf 89' lang='lat' dir='ltr'><strong>secundo,</strong></span> <span class='ocrx_word' id='word_1_141' title='bbox 1679 1805 1794 1860; x_wconf 87' lang='lat' dir='ltr'><strong>Tel-</strong></span> 
     </span>
    </p>
   </div>
   <div class='ocr_carea' id='block_1_23' title="bbox 231 1875 1791 1944">
    <p class='ocr_par' dir='ltr' id='par_1_23' title="bbox 231 1875 1791 1944">
     <span class='ocr_line' id='line_1_23' title="bbox 231 1875 1791 1944; baseline 0.004 -19"><span class='ocrx_word' id='word_1_142' title='bbox 231 1889 418 1929; x_wconf 86' lang='lat' dir='ltr'><strong>messo</strong></span> <span class='ocrx_word' id='word_1_143' title='bbox 439 1875 645 1929; x_wconf 75' lang='lat' dir='ltr'><strong>scilicet</strong></span> <span class='ocrx_word' id='word_1_144' title='bbox 670 1887 821 1930; x_wconf 85' lang='lat' dir='ltr'><strong>vate:</strong></span> <span class='ocrx_word' id='word_1_145' title='bbox 847 1877 937 1928; x_wconf 87' lang='lat' dir='ltr'><strong>sed</strong></span> <span class='ocrx_word' id='word_1_146' title='bbox 964 1885 1168 1930; x_wconf 88' lang='lat' dir='ltr'><strong>tantum</strong></span> <span class='ocrx_word' id='word_1_147' title='bbox 1207 1875 1277 1932; x_wconf 84' lang='lat' dir='ltr'><strong>de</strong></span> <span class='ocrx_word' id='word_1_148' title='bbox 1300 1877 1576 1932; x_wconf 89' lang='lat' dir='ltr'><strong>Telmesso</strong></span> <span class='ocrx_word' id='word_1_149' title='bbox 1597 1877 1791 1944; x_wconf 86' lang='lat' dir='ltr'><strong>oppido</strong></span> 
     </span>
    </p>
   </div>
   <div class='ocr_carea' id='block_1_24' title="bbox 227 1944 1788 2018">
    <p class='ocr_par' dir='ltr' id='par_1_24' title="bbox 227 1944 1788 2018">
     <span class='ocr_line' id='line_1_24' title="bbox 227 1944 1788 2018; baseline 0.002 -20"><span class='ocrx_word' id='word_1_150' title='bbox 227 1944 436 2018; x_wconf 59' lang='lat' dir='ltr'><strong>Lycia},</strong></span> <span class='ocrx_word' id='word_1_151' title='bbox 480 1955 571 2000; x_wconf 90' lang='lat' dir='ltr'><strong>aut</strong></span> <span class='ocrx_word' id='word_1_152' title='bbox 599 1946 804 2018; x_wconf 58' lang='lat' dir='ltr'><strong>Cariae,</strong></span> <span class='ocrx_word' id='word_1_153' title='bbox 828 1947 1135 2018; x_wconf 69' lang='lat' dir='ltr'><strong>aruspicum</strong></span> <span class='ocrx_word' id='word_1_154' title='bbox 1179 1947 1460 2018; x_wconf 73' lang='lat' dir='ltr'><strong>disciplina</strong></span> <span class='ocrx_word' id='word_1_155' title='bbox 1493 1945 1788 2018; x_wconf 78' lang='lat' dir='ltr'><strong>celebrato.</strong></span> 
     </span>
    </p>
   </div>
   <div class='ocr_carea' id='block_1_25' title="bbox 223 2015 1792 2084">
    <p class='ocr_par' dir='ltr' id='par_1_25' title="bbox 223 2015 1792 2084">
     <span class='ocr_line' id='line_1_25' title="bbox 223 2015 1792 2084; baseline 0.001 -16"><span class='ocrx_word' id='word_1_156' title='bbox 223 2015 288 2068; x_wconf 86' lang='lat' dir='ltr'><strong>In</strong></span> <span class='ocrx_word' id='word_1_157' title='bbox 323 2016 434 2069; x_wconf 89' lang='lat' dir='ltr'><strong>suis</strong></span> <span class='ocrx_word' id='word_1_158' title='bbox 461 2025 632 2069; x_wconf 88' lang='lat' dir='ltr'><strong>tamen</strong></span> <span class='ocrx_word' id='word_1_159' title='bbox 664 2017 729 2069; x_wconf 91' lang='lat' dir='ltr'><strong>ad</strong></span> <span class='ocrx_word' id='word_1_160' title='bbox 760 2016 995 2084; x_wconf 88' lang='lat' dir='ltr'><strong>ejusdem</strong></span> <span class='ocrx_word' id='word_1_161' title='bbox 1024 2016 1315 2071; x_wconf 91' lang='lat' dir='ltr'><strong>Clementis</strong></span> <span class='ocrx_word' id='word_1_162' title='bbox 1335 2015 1516 2071; x_wconf 80' lang='lat' dir='ltr'><strong>nostri</strong></span> <span class='ocrx_word' id='word_1_163' title='bbox 1545 2019 1792 2084; x_wconf 84' lang='grc' dir='ltr'><strong>Προτρε-</strong></span> 
     </span>
    </p>
   </div>
   <div class='ocr_carea' id='block_1_26' title="bbox 223 2084 1790 2153">
    <p class='ocr_par' dir='ltr' id='par_1_26' title="bbox 223 2084 1790 2153">
     <span class='ocr_line' id='line_1_26' title="bbox 223 2084 1790 2153; baseline 0.001 -15"><span class='ocrx_word' id='word_1_164' title='bbox 223 2084 452 2139; x_wconf 77' lang='grc' dir='ltr'><em>πτικόν</em></span> <span class='ocrx_word' id='word_1_165' title='bbox 482 2086 911 2149; x_wconf 86' lang='lat' dir='ltr'><strong>commentariis,</strong></span> <span class='ocrx_word' id='word_1_166' title='bbox 945 2087 1236 2141; x_wconf 72' lang='lat' dir='ltr'><strong>verisimite</strong></span> <span class='ocrx_word' id='word_1_167' title='bbox 1271 2088 1374 2143; x_wconf 90' lang='lat' dir='ltr'><strong>sibi</strong></span> <span class='ocrx_word' id='word_1_168' title='bbox 1389 2087 1514 2143; x_wconf 83' lang='lat' dir='ltr'><strong>‘esse</strong></span> <span class='ocrx_word' id='word_1_169' title='bbox 1545 2087 1790 2153; x_wconf 58' lang='lat' dir='ltr'><strong>aitOppi-</strong></span> 
     </span>
    </p>
   </div>
   <div class='ocr_carea' id='block_1_27' title="bbox 214 2155 1790 2225">
    <p class='ocr_par' dir='ltr' id='par_1_27' title="bbox 214 2155 1790 2225">
     <span class='ocr_line' id='line_1_27' title="bbox 214 2155 1790 2225; baseline 0.002 -18"><span class='ocrx_word' id='word_1_170' title='bbox 214 2158 361 2208; x_wconf 76' lang='lat' dir='ltr'><strong>‘tlum</strong></span> <span class='ocrx_word' id='word_1_171' title='bbox 396 2156 536 2210; x_wconf 89' lang='lat' dir='ltr'><strong>istud</strong></span> <span class='ocrx_word' id='word_1_172' title='bbox 565 2173 592 2209; x_wconf 88' lang='lat' dir='ltr'><strong>a</strong></span> <span class='ocrx_word' id='word_1_173' title='bbox 628 2155 904 2210; x_wconf 87' lang='lat' dir='ltr'><strong>Telmesso</strong></span> <span class='ocrx_word' id='word_1_174' title='bbox 936 2167 1058 2212; x_wconf 86' lang='lat' dir='ltr'><strong>vate</strong></span> <span class='ocrx_word' id='word_1_175' title='bbox 1102 2172 1250 2212; x_wconf 88' lang='lat' dir='ltr'><strong>suam</strong></span> <span class='ocrx_word' id='word_1_176' title='bbox 1291 2159 1524 2222; x_wconf 79' lang='lat' dir='ltr'><strong>traxisse</strong></span> <span class='ocrx_word' id='word_1_177' title='bbox 1554 2155 1790 2225; x_wconf 81' lang='lat' dir='ltr'><strong>appella-</strong></span> 
     </span>
    </p>
   </div>
   <div class='ocr_carea' id='block_1_28' title="bbox 229 2226 1789 2297">
    <p class='ocr_par' dir='ltr' id='par_1_28' title="bbox 229 2226 1789 2297">
     <span class='ocr_line' id='line_1_28' title="bbox 229 2226 1789 2297; baseline 0.003 -20"><span class='ocrx_word' id='word_1_178' title='bbox 229 2230 460 2297; x_wconf 78' lang='lat' dir='ltr'><strong>tionem.</strong></span> <span class='ocrx_word' id='word_1_179' title='bbox 493 2226 599 2280; x_wconf 86' lang='lat' dir='ltr'><strong>Sed</strong></span> <span class='ocrx_word' id='word_1_180' title='bbox 625 2226 691 2297; x_wconf 82' lang='lat' dir='ltr'><strong>ad</strong></span> <span class='ocrx_word' id='word_1_181' title='bbox 721 2226 862 2297; x_wconf 85' lang='lat' dir='ltr'><strong>hunc</strong></span> <span class='ocrx_word' id='word_1_182' title='bbox 890 2227 1062 2281; x_wconf 87' lang='lat' dir='ltr'><strong>locum</strong></span> <span class='ocrx_word' id='word_1_183' title='bbox 1097 2229 1165 2282; x_wconf 89' lang='lat' dir='ltr'><strong>de</strong></span> <span class='ocrx_word' id='word_1_184' title='bbox 1198 2242 1264 2282; x_wconf 91' lang='lat' dir='ltr'><strong>eo</strong></span> <span class='ocrx_word' id='word_1_185' title='bbox 1297 2228 1540 2297; x_wconf 78' lang='lat' dir='ltr'><strong>quazdam</strong></span> <span class='ocrx_word' id='word_1_186' title='bbox 1575 2230 1789 2282; x_wconf 84' lang='lat' dir='ltr'><strong>notavi-</strong></span> 
     </span>
    </p>
   </div>
   <div class='ocr_carea' id='block_1_29' title="bbox 223 2295 1786 2368">
    <p class='ocr_par' dir='ltr' id='par_1_29' title="bbox 223 2295 1786 2368">
     <span class='ocr_line' id='line_1_29' title="bbox 223 2295 1786 2368; baseline 0.004 -22"><span class='ocrx_word' id='word_1_187' title='bbox 223 2296 526 2368; x_wconf 13' lang='lat' dir='ltr'><strong>rnns,‘°,ex</strong></span> <span class='ocrx_word' id='word_1_188' title='bbox 561 2295 755 2365; x_wconf 86' lang='lat' dir='ltr'><strong>quibus</strong></span> <span class='ocrx_word' id='word_1_189' title='bbox 791 2296 996 2368; x_wconf 90' lang='lat' dir='ltr'><strong>liquido</strong></span> <span class='ocrx_word' id='word_1_190' title='bbox 1052 2307 1199 2366; x_wconf 86' lang='lat' dir='ltr'><strong>patet</strong></span> <span class='ocrx_word' id='word_1_191' title='bbox 1233 2295 1393 2366; x_wconf 80' lang='lat' dir='ltr'><strong>quam</strong></span> <span class='ocrx_word' id='word_1_192' title='bbox 1432 2309 1620 2368; x_wconf 89' lang='lat' dir='ltr'><strong>parum</strong></span> <span class='ocrx_word' id='word_1_193' title='bbox 1651 2297 1786 2354; x_wconf 80' lang='lat' dir='ltr'><strong>felix</strong></span> 
     </span>
    </p>
   </div>
   <div class='ocr_carea' id='block_1_30' title="bbox 224 2365 1789 2437">
    <p class='ocr_par' dir='ltr' id='par_1_30' title="bbox 224 2365 1789 2437">
     <span class='ocr_line' id='line_1_30' title="bbox 224 2365 1789 2437; baseline 0.006 -22"><span class='ocrx_word' id='word_1_194' title='bbox 224 2365 398 2437; x_wconf 72' lang='lat' dir='ltr'><strong>fuerit</strong></span> <span class='ocrx_word' id='word_1_195' title='bbox 433 2367 715 2429; x_wconf 82' lang='lat' dir='ltr'><strong>llervetus,</strong></span> <span class='ocrx_word' id='word_1_196' title='bbox 757 2367 924 2437; x_wconf 89' lang='lat' dir='ltr'><strong>multa</strong></span> <span class='ocrx_word' id='word_1_197' title='bbox 979 2365 1084 2422; x_wconf 88' lang='lat' dir='ltr'><strong>non</strong></span> <span class='ocrx_word' id='word_1_198' title='bbox 1143 2365 1358 2437; x_wconf 82' lang='lat' dir='ltr'><strong>penitus</strong></span> <span class='ocrx_word' id='word_1_199' title='bbox 1405 2365 1649 2432; x_wconf 81' lang='lat' dir='ltr'><strong>occulta,</strong></span> <span class='ocrx_word' id='word_1_200' title='bbox 1689 2385 1789 2424; x_wconf 87' lang='lat' dir='ltr'><strong>nec</strong></span> 
     </span>
    </p>
   </div>
   <div class='ocr_carea' id='block_1_31' title="bbox 223 2436 1288 2508">
    <p class='ocr_par' dir='ltr' id='par_1_31' title="bbox 223 2436 1288 2508">
     <span class='ocr_line' id='line_1_31' title="bbox 223 2436 1288 2508; baseline 0.005 -19"><span class='ocrx_word' id='word_1_201' title='bbox 223 2436 450 2508; x_wconf 68' lang='lat' dir='ltr'><strong>inventu</strong></span> <span class='ocrx_word' id='word_1_202' title='bbox 477 2437 696 2508; x_wconf 80' lang='lat' dir='ltr'><strong>omnino</strong></span> <span class='ocrx_word' id='word_1_203' title='bbox 719 2436 952 2491; x_wconf 83' lang='lat' dir='ltr'><strong>diﬂicilia</strong></span> <span class='ocrx_word' id='word_1_204' title='bbox 983 2436 1288 2508; x_wconf 64' lang='lat' dir='ltr'><strong>quaerendo.</strong></span> 
     </span>
    </p>
   </div>
   <div class='ocr_carea' id='block_1_32' title="bbox 299 2505 1787 2567">
    <p class='ocr_par' dir='ltr' id='par_1_32' title="bbox 299 2505 1787 2567">
     <span class='ocr_line' id='line_1_32' title="bbox 299 2505 1787 2567; baseline 0.004 -7"><span class='ocrx_word' id='word_1_205' title='bbox 299 2505 436 2561; x_wconf 83' lang='lat' dir='ltr'><strong>Nam</strong></span> <span class='ocrx_word' id='word_1_206' title='bbox 466 2514 520 2559; x_wconf 91' lang='lat' dir='ltr'><strong>et</strong></span> <span class='ocrx_word' id='word_1_207' title='bbox 567 2507 758 2561; x_wconf 89' lang='lat' dir='ltr'><strong>lubens</strong></span> <span class='ocrx_word' id='word_1_208' title='bbox 811 2505 1213 2563; x_wconf 41' lang='lat' dir='ltr'><strong>adhuc—fatetur</strong></span> <span class='ocrx_word' id='word_1_209' title='bbox 1260 2524 1320 2563; x_wconf 90' lang='lat' dir='ltr'><strong>se</strong></span> <span class='ocrx_word' id='word_1_210' title='bbox 1346 2509 1414 2563; x_wconf 87' lang='lat' dir='ltr'><strong>de</strong></span> <span class='ocrx_word' id='word_1_211' title='bbox 1463 2513 1623 2567; x_wconf 89' lang='lat' dir='ltr'><strong>tertio</strong></span> <span class='ocrx_word' id='word_1_212' title='bbox 1666 2518 1787 2566; x_wconf 86' lang='lat' dir='ltr'><strong>vate</strong></span> 
     </span>
    </p>
   </div>
   <div class='ocr_carea' id='block_1_33' title="bbox 220 2576 1784 2646">
    <p class='ocr_par' dir='ltr' id='par_1_33' title="bbox 220 2576 1784 2646">
     <span class='ocr_line' id='line_1_33' title="bbox 220 2576 1784 2646; baseline 0.003 -15"><span class='ocrx_word' id='word_1_213' title='bbox 220 2576 405 2631; x_wconf 76' lang='lat' dir='ltr'><strong>Galen</strong></span> <span class='ocrx_word' id='word_1_214' title='bbox 448 2576 572 2630; x_wconf 86' lang='lat' dir='ltr'><strong>alibi</strong></span> <span class='ocrx_word' id='word_1_215' title='bbox 627 2591 848 2645; x_wconf 85' lang='lat' dir='ltr'><strong>prorsus</strong></span> <span class='ocrx_word' id='word_1_216' title='bbox 898 2579 1171 2634; x_wconf 84' lang='lat' dir='ltr'><strong>invenisse</strong></span> <span class='ocrx_word' id='word_1_217' title='bbox 1218 2579 1375 2634; x_wconf 91' lang='lat' dir='ltr'><strong>nihil.</strong></span> <span class='ocrx_word' id='word_1_218' title='bbox 1414 2578 1552 2646; x_wconf 84' lang='lat' dir='ltr'><strong>Quid</strong></span> <span class='ocrx_word' id='word_1_219' title='bbox 1603 2593 1784 2636; x_wconf 85' lang='lat' dir='ltr'><strong>autem</strong></span> 
     </span>
    </p>
   </div>
   <div class='ocr_carea' id='block_1_34' title="bbox 221 2647 1784 2717">
    <p class='ocr_par' dir='ltr' id='par_1_34' title="bbox 221 2647 1784 2717">
     <span class='ocr_line' id='line_1_34' title="bbox 221 2647 1784 2717; baseline 0.003 -17"><span class='ocrx_word' id='word_1_220' title='bbox 221 2661 354 2700; x_wconf 87' lang='lat' dir='ltr'><strong>eum</strong></span> <span class='ocrx_word' id='word_1_221' title='bbox 403 2647 718 2717; x_wconf 79' lang='lat' dir='ltr'><strong>prohibuit,</strong></span> <span class='ocrx_word' id='word_1_222' title='bbox 767 2649 1056 2716; x_wconf 87' lang='lat' dir='ltr'><strong>quominus</strong></span> <span class='ocrx_word' id='word_1_223' title='bbox 1109 2664 1170 2704; x_wconf 87' lang='lat' dir='ltr'><strong>ea</strong></span> <span class='ocrx_word' id='word_1_224' title='bbox 1231 2652 1422 2704; x_wconf 86' lang='lat' dir='ltr'><strong>saltem</strong></span> <span class='ocrx_word' id='word_1_225' title='bbox 1483 2651 1784 2717; x_wconf 78' lang='lat' dir='ltr'><strong>inveniret,</strong></span> 
     </span>
    </p>
   </div>
   <div class='ocr_carea' id='block_1_35' title="bbox 224 2714 1785 2787">
    <p class='ocr_par' dir='ltr' id='par_1_35' title="bbox 224 2714 1785 2787">
     <span class='ocr_line' id='line_1_35' title="bbox 224 2714 1785 2787; baseline 0.005 -20"><span class='ocrx_word' id='word_1_226' title='bbox 224 2731 353 2786; x_wconf 58' lang='lat' dir='ltr'><strong>quae</strong></span> <span class='ocrx_word' id='word_1_227' title='bbox 381 2714 446 2772; x_wconf 86' lang='lat' dir='ltr'><strong>de</strong></span> <span class='ocrx_word' id='word_1_228' title='bbox 466 2714 648 2774; x_wconf 79' lang='lat' dir='ltr'><strong>Galeis</strong></span> <span class='ocrx_word' id='word_1_229' title='bbox 674 2733 766 2772; x_wconf 85' lang='lat' dir='ltr'><strong>seu</strong></span> <span class='ocrx_word' id='word_1_230' title='bbox 787 2714 794 2716; x_wconf 64' lang='grc'><strong><em>“</em></strong></span> <span class='ocrx_word' id='word_1_231' title='bbox 818 2718 1054 2774; x_wconf 85' lang='lat' dir='ltr'><strong>Galeotis</strong></span> <span class='ocrx_word' id='word_1_232' title='bbox 1096 2730 1309 2775; x_wconf 84' lang='lat' dir='ltr'><strong>veteres</strong></span> <span class='ocrx_word' id='word_1_233' title='bbox 1344 2720 1602 2787; x_wconf 89' lang='lat' dir='ltr'><strong>scriptum</strong></span> <span class='ocrx_word' id='word_1_234' title='bbox 1661 2714 1785 2775; x_wconf 53' lang='lat' dir='ltr'><strong>reti;</strong></span> 
     </span>
    </p>
   </div>
   <div class='ocr_carea' id='block_1_36' title="bbox 219 2787 1782 2856">
    <p class='ocr_par' dir='ltr' id='par_1_36' title="bbox 219 2787 1782 2856">
     <span class='ocr_line' id='line_1_36' title="bbox 219 2787 1782 2856; baseline 0.003 -18"><span class='ocrx_word' id='word_1_235' title='bbox 219 2787 501 2853; x_wconf 84' lang='lat' dir='ltr'><strong>querant?</strong></span> <span class='ocrx_word' id='word_1_236' title='bbox 557 2788 714 2856; x_wconf 88' lang='lat' dir='ltr'><strong>Apud</strong></span> <span class='ocrx_word' id='word_1_237' title='bbox 770 2788 1085 2842; x_wconf 61' lang='lat' dir='ltr'><strong>Athenteum</strong></span> <span class='ocrx_word' id='word_1_238' title='bbox 1140 2791 1283 2844; x_wconf 85' lang='lat' dir='ltr'><strong>enim</strong></span> <span class='ocrx_word' id='word_1_239' title='bbox 1333 2793 1579 2844; x_wconf 81' lang='lat' dir='ltr'><strong>occurrit</strong></span> <span class='ocrx_word' id='word_1_240' title='bbox 1643 2791 1782 2845; x_wconf 87' lang='lat' dir='ltr'><strong>istud</strong></span> 
     </span>
    </p>
   </div>
   <div class='ocr_carea' id='block_1_37' title="bbox 219 2855 1785 2929">
    <p class='ocr_par' dir='ltr' id='par_1_37' title="bbox 219 2855 1785 2929">
     <span class='ocr_line' id='line_1_37' title="bbox 219 2855 1785 2929; baseline 0.004 -19"><span class='ocrx_word' id='word_1_241' title='bbox 219 2855 484 2924; x_wconf 81' lang='lat' dir='ltr'><strong>Archippi</strong></span> <span class='ocrx_word' id='word_1_242' title='bbox 528 2855 825 2911; x_wconf 23' lang='lat' dir='ltr'><strong>de’Galeis</strong></span> <span class='ocrx_word' id='word_1_243' title='bbox 857 2866 1033 2912; x_wconf 87' lang='lat' dir='ltr'><strong>vatum</strong></span> <span class='ocrx_word' id='word_1_244' title='bbox 1086 2859 1326 2914; x_wconf 89' lang='lat' dir='ltr'><strong>omnium</strong></span> <span class='ocrx_word' id='word_1_245' title='bbox 1372 2861 1785 2929; x_wconf 84' lang='lat' dir='ltr'><strong>sapientissimis</strong></span> 
     </span>
    </p>
   </div>
   <div class='ocr_carea' id='block_1_38' title="bbox 208 2940 488 2978">
    <p class='ocr_par' dir='ltr' id='par_1_38' title="bbox 208 2940 488 2978">
     <span class='ocr_line' id='line_1_38' title="bbox 208 2940 488 2978; baseline -0.004 0"><span class='ocrx_word' id='word_1_246' title='bbox 208 2940 447 2978; x_wconf 79' lang='lat' dir='ltr'><strong>&#39;carmen</strong></span> <span class='ocrx_word' id='word_1_247' title='bbox 474 2942 488 2977; x_wconf 73' lang='grc'><strong>2</strong></span> 
     </span>
    </p>
   </div>
   <div class='ocr_carea' id='block_1_39' title="bbox 218 2995 1467 3068">
    <p class='ocr_par' dir='ltr' id='par_1_39' title="bbox 218 2995 1467 3068">
     <span class='ocr_line' id='line_1_39' title="bbox 218 2995 1467 3068; baseline 0.003 -20"><span class='ocrx_word' id='word_1_248' title='bbox 218 2995 445 3048; x_wconf 56' lang='lat' dir='ltr'><strong>Falso!</strong></span> <span class='ocrx_word' id='word_1_249' title='bbox 474 3013 539 3065; x_wconf 81' lang='grc' dir='ltr'><strong>γε</strong></span> <span class='ocrx_word' id='word_1_250' title='bbox 567 2995 806 3050; x_wconf 80' lang='grc' dir='ltr'><em>πάντων</em></span> <span class='ocrx_word' id='word_1_251' title='bbox 824 2995 1095 3066; x_wconf 76' lang='grc' dir='ltr'><em>μάντεων</em></span> <span class='ocrx_word' id='word_1_252' title='bbox 1121 2999 1467 3068; x_wconf 71' lang='grc' dir='ltr'><strong>σοφώτατοι.</strong></span> 
     </span>
    </p>
   </div>
   <div class='ocr_carea' id='block_1_40' title="bbox 209 3088 1843 3170">
    <p class='ocr_par' dir='ltr' id='par_1_40' title="bbox 209 3088 1843 3170">
     <span class='ocr_line' id='line_1_40' title="bbox 209 3088 1843 3170; baseline 0.004 -29"><span class='ocrx_word' id='word_1_253' title='bbox 209 3088 691 3170; x_wconf 16' lang='grc' dir='ltr'><strong>⁵ῌ281ᾉΡτειξιεν</strong></span> <span class='ocrx_word' id='word_1_254' title='bbox 728 3088 1007 3170; x_wconf 53' lang='grc' dir='ltr'><strong>βξίθιιυηι</strong></span> <span class='ocrx_word' id='word_1_255' title='bbox 1049 3093 1292 3170; x_wconf 63' lang='lat' dir='ltr'><strong>autemf’</strong></span> <span class='ocrx_word' id='word_1_256' title='bbox 1327 3103 1382 3146; x_wconf 90' lang='lat' dir='ltr'><strong>et</strong></span> <span class='ocrx_word' id='word_1_257' title='bbox 1417 3091 1770 3170; x_wconf 71' lang='lat' dir='ltr'><strong>ﬂesychium,</strong></span> <span class='ocrx_word' id='word_1_258' title='bbox 1801 3114 1843 3170; x_wconf 71' lang='grc' dir='ltr'>ο</span> 
     </span>
    </p>
   </div>
   <div class='ocr_carea' id='block_1_41' title="bbox 216 3159 1767 3232">
    <p class='ocr_par' dir='ltr' id='par_1_41' title="bbox 216 3159 1767 3232">
     <span class='ocr_line' id='line_1_41' title="bbox 216 3159 1767 3232; baseline 0.005 -19"><span class='ocrx_word' id='word_1_259' title='bbox 216 3159 417 3213; x_wconf 77' lang='lat' dir='ltr'><strong>Cicero</strong></span> <span class='ocrx_word' id='word_1_260' title='bbox 433 3168 692 3232; x_wconf 78' lang='lat' dir='ltr'><strong>_tes_t_atur</strong></span> <span class='ocrx_word' id='word_1_261' title='bbox 723 3159 978 3232; x_wconf 9' lang='lat' dir='ltr'><strong>Calreotas</strong></span> <span class='ocrx_word' id='word_1_262' title='bbox 1025 3176 1148 3232; x_wconf 32' lang='lat' dir='ltr'><strong>non.</strong></span> <span class='ocrx_word' id='word_1_263' title='bbox 1177 3161 1348 3232; x_wconf 81' lang='lat' dir='ltr'><strong>solum</strong></span> <span class='ocrx_word' id='word_1_264' title='bbox 1401 3159 1551 3218; x_wconf 79' lang='lat' dir='ltr'><strong>vates</strong></span> <span class='ocrx_word' id='word_1_265' title='bbox 1585 3159 1767 3230; x_wconf 82' lang='lat' dir='ltr'><strong>fuisse,</strong></span> 
     </span>
    </p>
   </div>
   <div class='ocr_carea' id='block_1_42' title="bbox 215 3227 1772 3298">
    <p class='ocr_par' dir='ltr' id='par_1_42' title="bbox 215 3227 1772 3298">
     <span class='ocr_line' id='line_1_42' title="bbox 215 3227 1772 3298; baseline 0.004 -15"><span class='ocrx_word' id='word_1_266' title='bbox 215 3232 315 3283; x_wconf 88' lang='lat' dir='ltr'><strong>sed</strong></span> <span class='ocrx_word' id='word_1_267' title='bbox 347 3233 399 3282; x_wconf 90' lang='lat' dir='ltr'><strong>in</strong></span> <span class='ocrx_word' id='word_1_268' title='bbox 430 3227 635 3295; x_wconf 82' lang='lat' dir='ltr'><strong>Sicilia,</strong></span> <span class='ocrx_word' id='word_1_269' title='bbox 680 3231 754 3282; x_wconf 92' lang='lat' dir='ltr'><strong>uti</strong></span> <span class='ocrx_word' id='word_1_270' title='bbox 808 3230 1054 3287; x_wconf 81' lang='lat' dir='ltr'><strong>Clemens</strong></span> <span class='ocrx_word' id='word_1_271' title='bbox 1087 3227 1151 3285; x_wconf 82' lang='lat' dir='ltr'><strong>de</strong></span> <span class='ocrx_word' id='word_1_272' title='bbox 1191 3231 1359 3287; x_wconf 88' lang='lat' dir='ltr'><strong>Galeo</strong></span> <span class='ocrx_word' id='word_1_273' title='bbox 1394 3233 1548 3298; x_wconf 78' lang='lat' dir='ltr'><strong>dixit,</strong></span> <span class='ocrx_word' id='word_1_274' title='bbox 1582 3227 1772 3289; x_wconf 55' lang='lat' dir='ltr'><strong>vatici;</strong></span> 
     </span>
    </p>
   </div>
   <div class='ocr_carea' id='block_1_43' title="bbox 215 3300 1770 3370">
    <p class='ocr_par' dir='ltr' id='par_1_43' title="bbox 215 3300 1770 3370">
     <span class='ocr_line' id='line_1_43' title="bbox 215 3300 1770 3370; baseline 0.005 -18"><span class='ocrx_word' id='word_1_275' title='bbox 215 3309 402 3370; x_wconf 81' lang='lat' dir='ltr'><strong>natos.</strong></span> <span class='ocrx_word' id='word_1_276' title='bbox 423 3300 494 3352; x_wconf 91' lang='lat' dir='ltr'><strong>De</strong></span> <span class='ocrx_word' id='word_1_277' title='bbox 526 3300 774 3370; x_wconf 82' lang='lat' dir='ltr'><strong>Dionysio</strong></span> <span class='ocrx_word' id='word_1_278' title='bbox 805 3303 1080 3356; x_wconf 85' lang='lat' dir='ltr'><strong>enimvero</strong></span> <span class='ocrx_word' id='word_1_279' title='bbox 1115 3301 1230 3356; x_wconf 63' lang='lat' dir='ltr'><strong>haec</strong></span> <span class='ocrx_word' id='word_1_280' title='bbox 1273 3300 1469 3356; x_wconf 84' lang='lat' dir='ltr'><strong>Orator</strong></span> <span class='ocrx_word' id='word_1_281' title='bbox 1496 3306 1770 3360; x_wconf 70' lang='lat' dir='ltr'><strong>menmrite</strong></span> 
     </span>
    </p>
   </div>
   <div class='ocr_carea' id='block_1_44' title="bbox 213 3369 1768 3443">
    <p class='ocr_par' dir='ltr' id='par_1_44' title="bbox 213 3369 1768 3443">
     <span class='ocr_line' id='line_1_44' title="bbox 213 3369 1768 3443; baseline 0.006 -23"><span class='ocrx_word' id='word_1_282' title='bbox 213 3369 455 3443; x_wconf 66' lang='lat' dir='ltr'><strong>prodidit</strong></span> <span class='ocrx_word' id='word_1_283' title='bbox 487 3369 533 3400; x_wconf 80' lang='grc' dir='ltr'><strong>⁷ο</strong></span> <span class='ocrx_word' id='word_1_284' title='bbox 565 3386 578 3421; x_wconf 87' lang='lat'>:</span> <span class='ocrx_word' id='word_1_285' title='bbox 607 3389 626 3420; x_wconf 72' lang='grc' dir='ltr'>ς</span> <span class='ocrx_word' id='word_1_286' title='bbox 664 3369 824 3443; x_wconf 73' lang='lat' dir='ltr'><strong>Huic</strong></span> <span class='ocrx_word' id='word_1_287' title='bbox 862 3371 1184 3443; x_wconf 79' lang='lat' dir='ltr'><strong>interpretes</strong></span> <span class='ocrx_word' id='word_1_288' title='bbox 1226 3382 1630 3443; x_wconf 82' lang='lat' dir='ltr'><strong>portentorum,</strong></span> <span class='ocrx_word' id='word_1_289' title='bbox 1677 3379 1768 3443; x_wconf 89' lang='lat' dir='ltr'><strong>qui</strong></span> 
     </span>
    </p>
   </div>
   <div class='ocr_carea' id='block_1_45' title="bbox 212 3440 1770 3513">
    <p class='ocr_par' dir='ltr' id='par_1_45' title="bbox 212 3440 1770 3513">
     <span class='ocr_line' id='line_1_45' title="bbox 212 3440 1770 3513; baseline 0.004 -19"><span class='ocrx_word' id='word_1_290' title='bbox 212 3440 613 3513; x_wconf 67' lang='lat' dir='ltr'><strong>Galeota‘._llllll</strong></span> <span class='ocrx_word' id='word_1_291' title='bbox 664 3441 714 3493; x_wconf 93' lang='lat' dir='ltr'><strong>in</strong></span> <span class='ocrx_word' id='word_1_292' title='bbox 771 3440 973 3513; x_wconf 81' lang='lat' dir='ltr'><strong>Sicilia</strong></span> <span class='ocrx_word' id='word_1_293' title='bbox 1005 3440 1440 3506; x_wconf 79' lang='lat' dir='ltr'><strong>nominabantur,</strong></span> <span class='ocrx_word' id='word_1_294' title='bbox 1479 3440 1770 3513; x_wconf 88' lang='lat' dir='ltr'><strong>responde-</strong></span> 
     </span>
    </p>
   </div>
   <div class='ocr_carea' id='block_1_46' title="bbox 212 3509 1770 3584">
    <p class='ocr_par' dir='ltr' id='par_1_46' title="bbox 212 3509 1770 3584">
     <span class='ocr_line' id='line_1_46' title="bbox 212 3509 1770 3584; baseline 0.006 -23"><span class='ocrx_word' id='word_1_295' title='bbox 212 3519 366 3584; x_wconf 66' lang='lat' dir='ltr'><strong>runt.</strong></span> <span class='ocrx_word' id='word_1_296' title='bbox 405 3527 425 3560; x_wconf 73' lang='grc' dir='ltr'><strong><em>ι</em></strong></span> <span class='ocrx_word' id='word_1_297' title='bbox 458 3509 757 3584; x_wconf 69' lang='lat' dir='ltr'><strong>Bochartys</strong></span> <span class='ocrx_word' id='word_1_298' title='bbox 783 3510 978 3584; x_wconf 11' lang='lat' dir='ltr'><strong>vero,“</strong></span> <span class='ocrx_word' id='word_1_299' title='bbox 999 3513 1248 3584; x_wconf 82' lang='lat' dir='ltr'><strong>observat</strong></span> <span class='ocrx_word' id='word_1_300' title='bbox 1271 3509 1770 3584; x_wconf 32' lang='lat' dir='ltr'><strong>quosdam&#39;opinari</strong></span> 
     </span>
    </p>
   </div>
   <div class='ocr_carea' id='block_1_47' title="bbox 208 3578 1767 3653">
    <p class='ocr_par' dir='ltr' id='par_1_47' title="bbox 208 3578 1767 3653">
     <span class='ocr_line' id='line_1_47' title="bbox 208 3578 1767 3653; baseline 0.004 -19"><span class='ocrx_word' id='word_1_301' title='bbox 208 3580 325 3634; x_wconf 86' lang='lat' dir='ltr'><strong>illis</strong></span> <span class='ocrx_word' id='word_1_302' title='bbox 373 3595 565 3634; x_wconf 90' lang='lat' dir='ltr'><strong>nomen</strong></span> <span class='ocrx_word' id='word_1_303' title='bbox 605 3597 634 3653; x_wconf 82' lang='lat' dir='ltr'><strong>a</strong></span> <span class='ocrx_word' id='word_1_304' title='bbox 685 3578 957 3653; x_wconf 86' lang='lat' dir='ltr'><strong>Stellionis</strong></span> <span class='ocrx_word' id='word_1_305' title='bbox 1009 3578 1767 3653; x_wconf 49' lang='lat' dir='ltr'><strong>indus_t_ria&#39;iuditumiquod</strong></span> 
     </span>
    </p>
   </div>
   <div class='ocr_carea' id='block_1_48' title="bbox 206 3651 1768 3718">
    <p class='ocr_par' dir='ltr' id='par_1_48' title="bbox 206 3651 1768 3718">
     <span class='ocr_line' id='line_1_48' title="bbox 206 3651 1768 3718; baseline 0.003 -15"><span class='ocrx_word' id='word_1_306' title='bbox 206 3661 395 3703; x_wconf 83' lang='lat' dir='ltr'><strong>tamen</strong></span> <span class='ocrx_word' id='word_1_307' title='bbox 444 3665 536 3704; x_wconf 92' lang='lat' dir='ltr'><strong>eos</strong></span> <span class='ocrx_word' id='word_1_308' title='bbox 584 3651 803 3704; x_wconf 81' lang='lat' dir='ltr'><strong>duxisse</strong></span> <span class='ocrx_word' id='word_1_309' title='bbox 855 3659 1008 3718; x_wconf 88' lang='lat' dir='ltr'><strong>putat</strong></span> <span class='ocrx_word' id='word_1_310' title='bbox 1058 3653 1126 3705; x_wconf 89' lang='lat' dir='ltr'><strong>ab</strong></span> <span class='ocrx_word' id='word_1_311' title='bbox 1160 3651 1384 3706; x_wconf 71' lang='lat' dir='ltr'><strong>Hebraea</strong></span> <span class='ocrx_word' id='word_1_312' title='bbox 1437 3669 1568 3708; x_wconf 90' lang='lat' dir='ltr'><strong>voce</strong></span> <span class='ocrx_word' id='word_1_313' title='bbox 1609 3651 1768 3718; x_wconf 83' lang='lat' dir='ltr'><strong>Gala,</strong></span> 
     </span>
    </p>
   </div>
   <div class='ocr_carea' id='block_1_49' title="bbox 207 3718 1766 3792">
    <p class='ocr_par' dir='ltr' id='par_1_49' title="bbox 207 3718 1766 3792">
     <span class='ocr_line' id='line_1_49' title="bbox 207 3718 1766 3792; baseline 0.004 -20"><span class='ocrx_word' id='word_1_314' title='bbox 207 3720 360 3792; x_wconf 66' lang='lat' dir='ltr'><strong>quim</strong></span> <span class='ocrx_word' id='word_1_315' title='bbox 399 3718 703 3792; x_wconf 80' lang='lat' dir='ltr'><strong>patefacere</strong></span> <span class='ocrx_word' id='word_1_316' title='bbox 745 3720 1034 3792; x_wconf 68' lang='lat' dir='ltr'><strong>significat.</strong></span> <span class='ocrx_word' id='word_1_317' title='bbox 1076 3720 1372 3792; x_wconf 81' lang='lat' dir='ltr'><strong>Mythologi</strong></span> <span class='ocrx_word' id='word_1_318' title='bbox 1411 3725 1642 3792; x_wconf 86' lang='lat' dir='ltr'><strong>denique</strong></span> <span class='ocrx_word' id='word_1_319' title='bbox 1685 3725 1766 3778; x_wconf 88' lang='lat' dir='ltr'><strong>fa-</strong></span> 
     </span>
    </p>
   </div>
   <div class='ocr_carea' id='block_1_50' title="bbox 205 3789 1768 3861">
    <p class='ocr_par' dir='ltr' id='par_1_50' title="bbox 205 3789 1768 3861">
     <span class='ocr_line' id='line_1_50' title="bbox 205 3789 1768 3861; baseline 0.003 -17"><span class='ocrx_word' id='word_1_320' title='bbox 205 3790 472 3861; x_wconf 71' lang='lat' dir='ltr'><strong>bulantur</strong></span> <span class='ocrx_word' id='word_1_321' title='bbox 517 3791 639 3844; x_wconf 91' lang='lat' dir='ltr'><strong>illos</strong></span> <span class='ocrx_word' id='word_1_322' title='bbox 682 3806 710 3843; x_wconf 87' lang='lat' dir='ltr'><strong>a</strong></span> <span class='ocrx_word' id='word_1_323' title='bbox 766 3789 989 3861; x_wconf 82' lang='lat' dir='ltr'><strong>Galeote</strong></span> <span class='ocrx_word' id='word_1_324' title='bbox 1039 3789 1301 3861; x_wconf 76' lang='lat' dir='ltr'><strong>Apollinis</strong></span> <span class='ocrx_word' id='word_1_325' title='bbox 1325 3789 1408 3846; x_wconf 54' lang='lat' dir='ltr'><strong>&#39;et</strong></span> <span class='ocrx_word' id='word_1_326' title='bbox 1459 3789 1768 3849; x_wconf 83' lang='lat' dir='ltr'><strong>Thétnistus</strong></span> 
     </span>
    </p>
   </div>
   <div class='ocr_carea' id='block_1_51' title="bbox 207 3859 1763 3931">
    <p class='ocr_par' dir='ltr' id='par_1_51' title="bbox 207 3859 1763 3931">
     <span class='ocr_line' id='line_1_51' title="bbox 207 3859 1763 3931; baseline 0.003 -18"><span class='ocrx_word' id='word_1_327' title='bbox 207 3860 346 3923; x_wconf 74' lang='lat' dir='ltr'><strong>tilio,</strong></span> <span class='ocrx_word' id='word_1_328' title='bbox 376 3859 638 3915; x_wconf 89' lang='lat' dir='ltr'><strong>Telmessi</strong></span> <span class='ocrx_word' id='word_1_329' title='bbox 656 3871 832 3914; x_wconf 90' lang='lat' dir='ltr'><strong>autem</strong></span> <span class='ocrx_word' id='word_1_330' title='bbox 857 3860 1024 3914; x_wconf 80' lang='lat' dir='ltr'><strong>fratre</strong></span> <span class='ocrx_word' id='word_1_331' title='bbox 1049 3859 1200 3916; x_wconf 84' lang='lat' dir='ltr'><strong>suam</strong></span> <span class='ocrx_word' id='word_1_332' title='bbox 1230 3863 1448 3916; x_wconf 82' lang='lat' dir='ltr'><strong>duxisse</strong></span> <span class='ocrx_word' id='word_1_333' title='bbox 1481 3863 1763 3931; x_wconf 82' lang='lat' dir='ltr'><strong>originem.</strong></span> 
     </span>
    </p>
   </div>
   <div class='ocr_carea' id='block_1_52' title="bbox 210 3931 1765 4003">
    <p class='ocr_par' dir='ltr' id='par_1_52' title="bbox 210 3931 1765 4003">
     <span class='ocr_line' id='line_1_52' title="bbox 210 3931 1765 4003; baseline 0.004 -21"><span class='ocrx_word' id='word_1_334' title='bbox 210 3931 270 3983; x_wconf 85' lang='lat' dir='ltr'><strong>Si</strong></span> <span class='ocrx_word' id='word_1_335' title='bbox 313 3931 432 3998; x_wconf 89' lang='lat' dir='ltr'><strong>quis</strong></span> <span class='ocrx_word' id='word_1_336' title='bbox 470 3945 631 3998; x_wconf 89' lang='lat' dir='ltr'><strong>porro</strong></span> <span class='ocrx_word' id='word_1_337' title='bbox 682 3933 843 4003; x_wconf 64' lang='lat' dir='ltr'><strong>hunc</strong></span> <span class='ocrx_word' id='word_1_338' title='bbox 875 3931 1157 4003; x_wconf 80' lang='lat' dir='ltr'><strong>Galeotem</strong></span> <span class='ocrx_word' id='word_1_339' title='bbox 1202 3932 1374 4000; x_wconf 88' lang='lat' dir='ltr'><strong>ipsum</strong></span> <span class='ocrx_word' id='word_1_340' title='bbox 1428 3934 1602 4003; x_wconf 87' lang='lat' dir='ltr'><strong>reipsa</strong></span> <span class='ocrx_word' id='word_1_341' title='bbox 1643 3949 1765 3988; x_wconf 87' lang='lat' dir='ltr'><strong>esse</strong></span> 
     </span>
    </p>
   </div>
   <div class='ocr_carea' id='block_1_53' title="bbox 214 4000 1764 4070">
    <p class='ocr_par' dir='ltr' id='par_1_53' title="bbox 214 4000 1764 4070">
     <span class='ocr_line' id='line_1_53' title="bbox 214 4000 1764 4070; baseline 0.004 -18"><span class='ocrx_word' id='word_1_342' title='bbox 214 4002 550 4070; x_wconf 81' lang='lat' dir='ltr'><strong>probaverit,</strong></span> <span class='ocrx_word' id='word_1_343' title='bbox 587 4016 745 4070; x_wconf 90' lang='lat' dir='ltr'><strong>quem</strong></span> <span class='ocrx_word' id='word_1_344' title='bbox 789 4000 1039 4054; x_wconf 87' lang='lat' dir='ltr'><strong>Clemens</strong></span> <span class='ocrx_word' id='word_1_345' title='bbox 1069 4000 1265 4058; x_wconf 80' lang='grc' dir='ltr'><strong>Γάλεον</strong></span> <span class='ocrx_word' id='word_1_346' title='bbox 1310 4000 1577 4068; x_wconf 65' lang='grc' dir='ltr'><strong>νοοδι,’ἰιι</strong></span> <span class='ocrx_word' id='word_1_347' title='bbox 1607 4020 1764 4060; x_wconf 90' lang='lat' dir='ltr'><strong>suam</strong></span> 
     </span>
    </p>
   </div>
   <div class='ocr_carea' id='block_1_54' title="bbox 209 4070 1240 4128">
    <p class='ocr_par' dir='ltr' id='par_1_54' title="bbox 209 4070 1240 4128">
     <span class='ocr_line' id='line_1_54' title="bbox 209 4070 1240 4128; baseline 0.004 -4"><span class='ocrx_word' id='word_1_348' title='bbox 209 4071 300 4124; x_wconf 84' lang='lat' dir='ltr'><strong>ille</strong></span> <span class='ocrx_word' id='word_1_349' title='bbox 332 4071 656 4124; x_wconf 87' lang='lat' dir='ltr'><strong>sententiam</strong></span> <span class='ocrx_word' id='word_1_350' title='bbox 686 4086 782 4126; x_wconf 91' lang='lat' dir='ltr'><strong>nos</strong></span> <span class='ocrx_word' id='word_1_351' title='bbox 806 4070 962 4125; x_wconf 85' lang='lat' dir='ltr'><strong>facile</strong></span> <span class='ocrx_word' id='word_1_352' title='bbox 991 4072 1240 4128; x_wconf 89' lang='lat' dir='ltr'><strong>adducet.</strong></span> 
     </span>
    </p>
   </div>
   <div class='ocr_carea' id='block_1_55' title="bbox 282 4140 1767 4207">
    <p class='ocr_par' dir='ltr' id='par_1_55' title="bbox 282 4140 1767 4207">
     <span class='ocr_line' id='line_1_55' title="bbox 282 4140 1767 4207; baseline 0.003 -14"><span class='ocrx_word' id='word_1_353' title='bbox 282 4140 446 4195; x_wconf 85' lang='lat' dir='ltr'><strong>Paulo</strong></span> <span class='ocrx_word' id='word_1_354' title='bbox 480 4141 808 4194; x_wconf 84' lang='lat' dir='ltr'><strong>fortunatior</strong></span> <span class='ocrx_word' id='word_1_355' title='bbox 850 4141 952 4195; x_wconf 88' lang='lat' dir='ltr'><strong>fuit</strong></span> <span class='ocrx_word' id='word_1_356' title='bbox 1001 4140 1286 4207; x_wconf 82' lang='lat' dir='ltr'><strong>Hervetus,</strong></span> <span class='ocrx_word' id='word_1_357' title='bbox 1334 4157 1456 4196; x_wconf 89' lang='lat' dir='ltr'><strong>cum</strong></span> <span class='ocrx_word' id='word_1_358' title='bbox 1509 4159 1574 4198; x_wconf 80' lang='lat' dir='ltr'><strong>ex</strong></span> <span class='ocrx_word' id='word_1_359' title='bbox 1606 4141 1767 4198; x_wconf 81' lang='lat' dir='ltr'><strong>Vola-</strong></span> 
     </span>
    </p>
   </div>
   <div class='ocr_carea' id='block_1_56' title="bbox 213 4211 1768 4281">
    <p class='ocr_par' dir='ltr' id='par_1_56' title="bbox 213 4211 1768 4281">
     <span class='ocr_line' id='line_1_56' title="bbox 213 4211 1768 4281; baseline 0.003 -17"><span class='ocrx_word' id='word_1_360' title='bbox 213 4219 437 4265; x_wconf 87' lang='lat' dir='ltr'><strong>terrano</strong></span> <span class='ocrx_word' id='word_1_361' title='bbox 489 4213 698 4281; x_wconf 85' lang='lat' dir='ltr'><strong>accepit</strong></span> <span class='ocrx_word' id='word_1_362' title='bbox 733 4211 1028 4274; x_wconf 88' lang='lat' dir='ltr'><strong>Idmonem,</strong></span> <span class='ocrx_word' id='word_1_363' title='bbox 1079 4214 1170 4279; x_wconf 89' lang='lat' dir='ltr'><strong>qui</strong></span> <span class='ocrx_word' id='word_1_364' title='bbox 1222 4228 1250 4266; x_wconf 90' lang='lat' dir='ltr'><strong>a</strong></span> <span class='ocrx_word' id='word_1_365' title='bbox 1305 4213 1580 4269; x_wconf 87' lang='lat' dir='ltr'><strong>Clemente</strong></span> <span class='ocrx_word' id='word_1_366' title='bbox 1624 4214 1768 4269; x_wconf 88' lang='lat' dir='ltr'><strong>inter</strong></span> 
     </span>
    </p>
   </div>
   <div class='ocr_carea' id='block_1_57' title="bbox 208 4281 1768 4350">
    <p class='ocr_par' dir='ltr' id='par_1_57' title="bbox 208 4281 1768 4350">
     <span class='ocr_line' id='line_1_57' title="bbox 208 4281 1768 4350; baseline 0.003 -16"><span class='ocrx_word' id='word_1_367' title='bbox 208 4283 549 4349; x_wconf 79' lang='lat' dir='ltr'><strong>Argonautas</strong></span> <span class='ocrx_word' id='word_1_368' title='bbox 611 4281 911 4336; x_wconf 85' lang='lat' dir='ltr'><strong>vaticinans</strong></span> <span class='ocrx_word' id='word_1_369' title='bbox 965 4292 1184 4350; x_wconf 70' lang='lat' dir='ltr'><strong>postea.</strong></span> <span class='ocrx_word' id='word_1_370' title='bbox 1223 4283 1536 4347; x_wconf 87' lang='lat' dir='ltr'><strong>inducitur,</strong></span> <span class='ocrx_word' id='word_1_371' title='bbox 1599 4283 1768 4338; x_wconf 84' lang='lat' dir='ltr'><strong>fuisse</strong></span> 
     </span>
    </p>
   </div>
   <div class='ocr_carea' id='block_1_58' title="bbox 207 4351 1764 4418">
    <p class='ocr_par' dir='ltr' id='par_1_58' title="bbox 207 4351 1764 4418">
     <span class='ocr_line' id='line_1_58' title="bbox 207 4351 1764 4418; baseline 0.002 -12"><span class='ocrx_word' id='word_1_372' title='bbox 207 4351 467 4418; x_wconf 76' lang='lat' dir='ltr'><strong>Apollinis</strong></span> <span class='ocrx_word' id='word_1_373' title='bbox 487 4362 540 4404; x_wconf 89' lang='lat' dir='ltr'><strong>et</strong></span> <span class='ocrx_word' id='word_1_374' title='bbox 556 4353 778 4407; x_wconf 61' lang='lat' dir='ltr'><strong>Asteria}</strong></span> <span class='ocrx_word' id='word_1_375' title='bbox 804 4352 993 4407; x_wconf 85' lang='lat' dir='ltr'><strong>lilium.</strong></span> <span class='ocrx_word' id='word_1_376' title='bbox 1011 4353 1112 4406; x_wconf 84' lang='lat' dir='ltr'><strong>Sed</strong></span> <span class='ocrx_word' id='word_1_377' title='bbox 1138 4353 1567 4408; x_wconf 85' lang='lat' dir='ltr'><strong>animadvertere</strong></span> <span class='ocrx_word' id='word_1_378' title='bbox 1587 4356 1764 4409; x_wconf 88' lang='lat' dir='ltr'><strong>adhuc</strong></span> 
     </span>
    </p>
   </div>
   <div class='ocr_carea' id='block_1_59' title="bbox 211 4422 1761 4490">
    <p class='ocr_par' dir='ltr' id='par_1_59' title="bbox 211 4422 1761 4490">
     <span class='ocr_line' id='line_1_59' title="bbox 211 4422 1761 4490; baseline 0.003 -15"><span class='ocrx_word' id='word_1_379' title='bbox 211 4423 442 4475; x_wconf 82' lang='lat' dir='ltr'><strong>debebat</strong></span> <span class='ocrx_word' id='word_1_380' title='bbox 480 4422 620 4476; x_wconf 88' lang='lat' dir='ltr'><strong>hunc</strong></span> <span class='ocrx_word' id='word_1_381' title='bbox 661 4437 872 4490; x_wconf 87' lang='lat' dir='ltr'><strong>quoque</strong></span> <span class='ocrx_word' id='word_1_382' title='bbox 922 4438 1024 4477; x_wconf 90' lang='lat' dir='ltr'><strong>non</strong></span> <span class='ocrx_word' id='word_1_383' title='bbox 1067 4423 1238 4476; x_wconf 93' lang='lat' dir='ltr'><strong>solum</strong></span> <span class='ocrx_word' id='word_1_384' title='bbox 1290 4422 1357 4476; x_wconf 90' lang='lat' dir='ltr'><strong>ab</strong></span> <span class='ocrx_word' id='word_1_385' title='bbox 1395 4423 1661 4478; x_wconf 86' lang='lat' dir='ltr'><strong>Herodoto</strong></span> <span class='ocrx_word' id='word_1_386' title='bbox 1705 4435 1761 4480; x_wconf 88' lang='lat' dir='ltr'><strong>et</strong></span> 
     </span>
    </p>
   </div>
   <div class='ocr_carea' id='block_1_60' title="bbox 207 4475 1836 4562">
    <p class='ocr_par' dir='ltr' id='par_1_60' title="bbox 207 4475 1836 4562">
     <span class='ocr_line' id='line_1_60' title="bbox 207 4475 1836 4562; baseline 0.003 -19"><span class='ocrx_word' id='word_1_387' title='bbox 207 4491 514 4559; x_wconf 87' lang='lat' dir='ltr'><strong>Apollonio,</strong></span> <span class='ocrx_word' id='word_1_388' title='bbox 555 4475 646 4545; x_wconf 86' lang='lat' dir='ltr'><strong>sed</strong></span> <span class='ocrx_word' id='word_1_389' title='bbox 678 4475 750 4546; x_wconf 70' lang='lat' dir='ltr'><strong>Em</strong></span> <span class='ocrx_word' id='word_1_390' title='bbox 786 4475 1012 4562; x_wconf 68' lang='lat' dir='ltr'><strong>brpheo</strong></span> <span class='ocrx_word' id='word_1_391' title='bbox 1053 4475 1352 4561; x_wconf 83' lang='lat' dir='ltr'><strong>quoque&quot;,</strong></span> <span class='ocrx_word' id='word_1_392' title='bbox 1384 4475 1487 4546; x_wconf 72' lang='lat' dir='ltr'><strong>aut</strong></span> <span class='ocrx_word' id='word_1_393' title='bbox 1509 4475 1760 4562; x_wconf 24' lang='lat' dir='ltr'><strong>potius}.</strong></span> <span class='ocrx_word' id='word_1_394' title='bbox 1790 4475 1836 4534; x_wconf 74' lang='grc' dir='ltr'><strong>θ</strong></span> 
     </span>
    </p>
   </div>
   <div class='ocr_carea' id='block_1_61' title="bbox 206 4562 1753 4683">
    <p class='ocr_par' dir='ltr' id='par_1_61' title="bbox 206 4562 1753 4683">
     <span class='ocr_line' id='line_1_61' title="bbox 206 4562 1753 4683; baseline 0.004 -69"><span class='ocrx_word' id='word_1_395' title='bbox 206 4562 508 4683; x_wconf 41' lang='grc' dir='ltr'><strong>Δςιίεἲὶτιιιὶῃιιηι</strong></span> <span class='ocrx_word' id='word_1_396' title='bbox 578 4562 677 4630; x_wconf 87' lang='lat' dir='ltr'><strong>ipsi</strong></span> <span class='ocrx_word' id='word_1_397' title='bbox 733 4566 1088 4632; x_wconf 88' lang='lat' dir='ltr'><strong>ascriptorum</strong></span> <span class='ocrx_word' id='word_1_398' title='bbox 1120 4574 1343 4618; x_wconf 89' lang='lat' dir='ltr'><strong>auctore</strong></span> <span class='ocrx_word' id='word_1_399' title='bbox 1399 4562 1567 4618; x_wconf 82' lang='lat' dir='ltr'><strong>filium</strong></span> <span class='ocrx_word' id='word_1_400' title='bbox 1647 4565 1753 4620; x_wconf 88' lang='lat' dir='ltr'><strong>dici</strong></span> 
     </span>
     <span class='ocr_line' id='line_1_62' title="bbox 291 4640 452 4683; baseline 0.006 -1"><span class='ocrx_word' id='word_1_401' title='bbox 291 4640 452 4683; x_wconf 82' lang='lat' dir='ltr'><strong>antis.</strong></span> 
     </span>
    </p>
   </div>
   <div class='ocr_carea' id='block_1_62' title="bbox 291 4640 452 4684">
    <p class='ocr_par' dir='ltr' id='par_1_62' title="bbox 291 4640 452 4684">
     <span class='ocr_line' id='line_1_63' title="bbox 291 4640 452 4684; baseline 0.012 -2"><span class='ocrx_word' id='word_1_402' title='bbox 291 4640 452 4684; x_wconf 82' lang='lat' dir='ltr'><strong>antis.</strong></span> 
     </span>
    </p>
   </div>
   <div class='ocr_carea' id='block_1_63' title="bbox 205 4719 1762 4795">
    <p class='ocr_par' dir='ltr' id='par_1_63' title="bbox 205 4719 1762 4795">
     <span class='ocr_line' id='line_1_64' title="bbox 205 4719 1762 4795; baseline 0.004 -23"><span class='ocrx_word' id='word_1_403' title='bbox 205 4719 286 4789; x_wconf 80' lang='grc' dir='ltr'><strong>Δὴ</strong></span> <span class='ocrx_word' id='word_1_404' title='bbox 309 4722 429 4776; x_wconf 79' lang='grc' dir='ltr'><strong>τότ’</strong></span> <span class='ocrx_word' id='word_1_405' title='bbox 459 4721 744 4788; x_wconf 74' lang='grc' dir='ltr'><strong>’Ἄϐαντος</strong></span> <span class='ocrx_word' id='word_1_406' title='bbox 772 4721 910 4789; x_wconf 83' lang='grc' dir='ltr'><em>παῖς</em></span> <span class='ocrx_word' id='word_1_407' title='bbox 933 4725 1108 4791; x_wconf 83' lang='grc' dir='ltr'><em>νόθος</em></span> <span class='ocrx_word' id='word_1_408' title='bbox 1133 4723 1319 4794; x_wconf 75' lang='grc' dir='ltr'><strong>ἤλυθε</strong></span> <span class='ocrx_word' id='word_1_409' title='bbox 1336 4724 1615 4795; x_wconf 71' lang='grc' dir='ltr'><strong>καρτερὸς</strong></span> <span class='ocrx_word' id='word_1_410' title='bbox 1646 4725 1762 4781; x_wconf 83' lang='grc' dir='ltr'><strong>Ἰδ-</strong></span> 
     </span>
    </p>
   </div>
   <div class='ocr_carea' id='block_1_64' title="bbox 204 4797 1758 4931">
    <p class='ocr_par' dir='ltr' id='par_1_64' title="bbox 204 4797 1758 4931">
     <span class='ocr_line' id='line_1_65' title="bbox 204 4797 1758 4931; baseline 0.004 -17"><span class='ocrx_word' id='word_1_411' title='bbox 204 4816 320 4915; x_wconf 47' lang='lat' dir='ltr'><strong>{l‘dr</strong></span> <span class='ocrx_word' id='word_1_412' title='bbox 338 4862 850 4931; x_wconf 81' lang='grc' dir='ltr'><strong>ῥυποκυσσαμένη</strong></span> <span class='ocrx_word' id='word_1_413' title='bbox 877 4863 1047 4918; x_wconf 80' lang='grc' dir='ltr'><em>τέκεν</em></span> <span class='ocrx_word' id='word_1_414' title='bbox 1072 4866 1397 4920; x_wconf 77' lang='grc' dir='ltr'><em>Ἀπόλλωνι</em></span> <span class='ocrx_word' id='word_1_415' title='bbox 1425 4797 1758 4928; x_wconf 48' lang='grc' dir='ltr'><strong>ἅνακὲἴωγ,</strong></span> 
     </span>
    </p>
   </div>
   <div class='ocr_carea' id='block_1_65' title="bbox 218 4930 1681 5011">
    <p class='ocr_par' dir='ltr' id='par_1_65' title="bbox 218 4930 1681 5011">
     <span class='ocr_line' id='line_1_66' title="bbox 218 4930 1681 5011; baseline 0.005 -27"><span class='ocrx_word' id='word_1_416' title='bbox 218 4930 563 5011; x_wconf 49' lang='grc' dir='ltr'><strong>ξιμὸρᾴσιον</strong></span> <span class='ocrx_word' id='word_1_417' title='bbox 595 4930 751 5011; x_wconf 59' lang='grc' dir='ltr'><strong>παρὰ</strong></span> <span class='ocrx_word' id='word_1_418' title='bbox 783 4935 989 5011; x_wconf 70' lang='grc' dir='ltr'><strong>χεῦμα,</strong></span> <span class='ocrx_word' id='word_1_419' title='bbox 1019 4937 1299 5011; x_wconf 59' lang='grc' dir='ltr'><strong>Φερηῖιᾲςς</strong></span> <span class='ocrx_word' id='word_1_420' title='bbox 1323 4937 1681 5011; x_wconf 77' lang='grc' dir='ltr'><strong>ἀντιάνειρα.</strong></span> 
     </span>
    </p>
   </div>
   <div class='ocr_carea' id='block_1_66' title="bbox 210 5003 1768 5077">
    <p class='ocr_par' dir='ltr' id='par_1_66' title="bbox 210 5003 1768 5077">
     <span class='ocr_line' id='line_1_67' title="bbox 210 5003 1768 5077; baseline 0.003 -23"><span class='ocrx_word' id='word_1_421' title='bbox 210 5003 311 5077; x_wconf 32' lang='grc' dir='ltr'><strong>Τῷῌ</strong></span> <span class='ocrx_word' id='word_1_422' title='bbox 327 5003 430 5077; x_wconf 49' lang='grc' dir='ltr'><strong>καὶ</strong></span> <span class='ocrx_word' id='word_1_423' title='bbox 452 5004 840 5077; x_wconf 61' lang='grc' dir='ltr'><em>μᾳνζοσύνην</em></span> <span class='ocrx_word' id='word_1_424' title='bbox 880 5007 1057 5072; x_wconf 75' lang='grc' dir='ltr'><strong>ἔπορε</strong></span> <span class='ocrx_word' id='word_1_425' title='bbox 1089 5007 1186 5060; x_wconf 78' lang='grc' dir='ltr'><strong>καὶ</strong></span> <span class='ocrx_word' id='word_1_426' title='bbox 1234 5007 1534 5076; x_wconf 66' lang='grc' dir='ltr'><strong>θέσφατον</strong></span> <span class='ocrx_word' id='word_1_427' title='bbox 1571 5003 1768 5077; x_wconf 64' lang='grc' dir='ltr'><em>ὀμφήν</em></span> 
     </span>
    </p>
   </div>
   <div class='ocr_carea' id='block_1_67' title="bbox 204 5072 1589 5147">
    <p class='ocr_par' dir='ltr' id='par_1_67' title="bbox 204 5072 1589 5147">
     <span class='ocr_line' id='line_1_68' title="bbox 204 5072 1589 5147; baseline 0.004 -21"><span class='ocrx_word' id='word_1_428' title='bbox 204 5073 430 5140; x_wconf 76' lang='grc' dir='ltr'><strong>Φοῖϐος,</strong></span> <span class='ocrx_word' id='word_1_429' title='bbox 462 5074 536 5126; x_wconf 77' lang='grc' dir='ltr'><strong>ἵν’</strong></span> <span class='ocrx_word' id='word_1_430' title='bbox 567 5072 966 5142; x_wconf 78' lang='grc' dir='ltr'><em>ἀνθρώποισιν</em></span> <span class='ocrx_word' id='word_1_431' title='bbox 1001 5077 1256 5144; x_wconf 77' lang='grc' dir='ltr'><strong>ἀρηρότα</strong></span> <span class='ocrx_word' id='word_1_432' title='bbox 1278 5072 1589 5147; x_wconf 77' lang='grc' dir='ltr'><strong>μὺθίζοιτο.</strong></span> 
     </span>
    </p>
   </div>
   <div class='ocr_carea' id='block_1_68' title="bbox 212 5166 1552 5236">
    <p class='ocr_par' dir='ltr' id='par_1_68' title="bbox 212 5166 1552 5236">
     <span class='ocr_line' id='line_1_69' title="bbox 212 5166 1552 5236; baseline 0.002 -15"><span class='ocrx_word' id='word_1_433' title='bbox 212 5166 439 5221; x_wconf 78' lang='lat' dir='ltr'><strong>Martius</strong></span> <span class='ocrx_word' id='word_1_434' title='bbox 471 5167 658 5220; x_wconf 82' lang='lat' dir='ltr'><strong>Idmon</strong></span> <span class='ocrx_word' id='word_1_435' title='bbox 692 5169 880 5220; x_wconf 77' lang='lat' dir='ltr'><strong>nothus</strong></span> <span class='ocrx_word' id='word_1_436' title='bbox 912 5182 1290 5224; x_wconf 82' lang='lat' dir='ltr'><strong>annumeratur</strong></span> <span class='ocrx_word' id='word_1_437' title='bbox 1315 5171 1552 5236; x_wconf 77' lang='lat' dir='ltr'><strong>Abantis,</strong></span> 
     </span>
    </p>
   </div>
   <div class='ocr_carea' id='block_1_69' title="bbox 216 5238 1518 5310">
    <p class='ocr_par' dir='ltr' id='par_1_69' title="bbox 216 5238 1518 5310">
     <span class='ocr_line' id='line_1_70' title="bbox 216 5238 1518 5310; baseline 0.002 -19"><span class='ocrx_word' id='word_1_438' title='bbox 216 5238 377 5302; x_wconf 82' lang='lat' dir='ltr'><strong>Quem</strong></span> <span class='ocrx_word' id='word_1_439' title='bbox 411 5240 475 5293; x_wconf 89' lang='lat' dir='ltr'><strong>de</strong></span> <span class='ocrx_word' id='word_1_440' title='bbox 513 5239 786 5292; x_wconf 84' lang='lat' dir='ltr'><strong>concubitu</strong></span> <span class='ocrx_word' id='word_1_441' title='bbox 823 5241 1082 5308; x_wconf 83' lang='lat' dir='ltr'><strong>generavit</strong></span> <span class='ocrx_word' id='word_1_442' title='bbox 1109 5241 1366 5310; x_wconf 79' lang='lat' dir='ltr'><strong>Apollinis</strong></span> <span class='ocrx_word' id='word_1_443' title='bbox 1392 5241 1518 5295; x_wconf 88' lang='lat' dir='ltr'><strong>olim</strong></span> 
     </span>
    </p>
   </div>
   <div class='ocr_carea' id='block_1_70' title="bbox 278 5403 1054 5467">
    <p class='ocr_par' dir='ltr' id='par_1_70' title="bbox 278 5403 1054 5467">
     <span class='ocr_line' id='line_1_71' title="bbox 278 5403 1054 5467; baseline 0.001 -11"><span class='ocrx_word' id='word_1_444' title='bbox 278 5404 324 5436; x_wconf 73' lang='grc'>⁸⁸</span> <span class='ocrx_word' id='word_1_445' title='bbox 368 5403 582 5459; x_wconf 82' lang='lat' dir='ltr'><strong>Metam.</strong></span> <span class='ocrx_word' id='word_1_446' title='bbox 617 5405 652 5458; x_wconf 92' lang='grc' dir='ltr'>Ι.</span> <span class='ocrx_word' id='word_1_447' title='bbox 685 5420 812 5467; x_wconf 82' lang='lat' dir='ltr'><strong>xm,</strong></span> <span class='ocrx_word' id='word_1_448' title='bbox 850 5403 958 5459; x_wconf 84' lang='lat' dir='ltr'><strong>fab.</strong></span> <span class='ocrx_word' id='word_1_449' title='bbox 1000 5404 1054 5459; x_wconf 86' lang='lat'><strong>8.</strong></span> 
     </span>
    </p>
   </div>
   <div class='ocr_carea' id='block_1_71' title="bbox 215 5475 936 5546">
    <p class='ocr_par' dir='ltr' id='par_1_71' title="bbox 215 5475 936 5546">
     <span class='ocr_line' id='line_1_72' title="bbox 215 5475 936 5546; baseline -0.001 -18"><span class='ocrx_word' id='word_1_450' title='bbox 215 5491 266 5541; x_wconf 91' lang='lat' dir='ltr'><strong>p.</strong></span> <span class='ocrx_word' id='word_1_451' title='bbox 301 5475 440 5538; x_wconf 74' lang='lat'><strong>218;</strong></span> <span class='ocrx_word' id='word_1_452' title='bbox 474 5491 563 5542; x_wconf 82' lang='lat' dir='ltr'><strong>xx,</strong></span> <span class='ocrx_word' id='word_1_453' title='bbox 591 5493 641 5546; x_wconf 93' lang='lat' dir='ltr'><strong>p.</strong></span> <span class='ocrx_word' id='word_1_454' title='bbox 675 5475 799 5540; x_wconf 75' lang='lat'><strong>296,</strong></span> <span class='ocrx_word' id='word_1_455' title='bbox 832 5485 936 5530; x_wconf 87' lang='lat' dir='ltr'><strong>etc.</strong></span> 
     </span>
    </p>
   </div>
   <div class='ocr_carea' id='block_1_72' title="bbox 215 5546 796 5616">
    <p class='ocr_par' dir='ltr' id='par_1_72' title="bbox 215 5546 796 5616">
     <span class='ocr_line' id='line_1_73' title="bbox 215 5546 796 5616; baseline 0.002 -17"><span class='ocrx_word' id='word_1_456' title='bbox 215 5547 287 5599; x_wconf 83' lang='lat' dir='ltr'><strong>De</strong></span> <span class='ocrx_word' id='word_1_457' title='bbox 306 5546 554 5616; x_wconf 73' lang='lat' dir='ltr'><strong>diyinat.,</strong></span> <span class='ocrx_word' id='word_1_458' title='bbox 587 5563 638 5616; x_wconf 90' lang='lat' dir='ltr'><strong>p.</strong></span> <span class='ocrx_word' id='word_1_459' title='bbox 670 5546 796 5600; x_wconf 75' lang='lat'><strong>9.62.</strong></span> 
     </span>
    </p>
   </div>
   <div class='ocr_carea' id='block_1_73' title="bbox 212 5613 1106 5685">
    <p class='ocr_par' dir='ltr' id='par_1_73' title="bbox 212 5613 1106 5685">
     <span class='ocr_line' id='line_1_74' title="bbox 212 5613 1106 5685; baseline -0.027 -14"><span class='ocrx_word' id='word_1_460' title='bbox 212 5631 262 5683; x_wconf 77' lang='grc' dir='ltr'><strong>ι).</strong></span> <span class='ocrx_word' id='word_1_461' title='bbox 289 5613 412 5668; x_wconf 69' lang='grc'>482.</span> <span class='ocrx_word' id='word_1_462' title='bbox 488 5615 533 5646; x_wconf 85' lang='grc'>⁷³</span> <span class='ocrx_word' id='word_1_463' title='bbox 570 5613 726 5680; x_wconf 74' lang='lat' dir='ltr'><strong>ibitl.,</strong></span> <span class='ocrx_word' id='word_1_464' title='bbox 755 5631 808 5685; x_wconf 88' lang='lat' dir='ltr'><strong>p,</strong></span> <span class='ocrx_word' id='word_1_465' title='bbox 839 5616 993 5671; x_wconf 57' lang='lat'><strong>554..</strong></span> <span class='ocrx_word' id='word_1_466' title='bbox 1060 5616 1106 5647; x_wconf 63' lang='grc' dir='ltr'><strong>τι</strong></span> 
     </span>
    </p>
   </div>
   <div class='ocr_carea' id='block_1_74' title="bbox 1154 5405 1621 5476">
    <p class='ocr_par' dir='ltr' id='par_1_74' title="bbox 1154 5405 1621 5476">
     <span class='ocr_line' id='line_1_75' title="bbox 1154 5405 1621 5476; baseline 0 -18"><span class='ocrx_word' id='word_1_467' title='bbox 1154 5405 1198 5436; x_wconf 73' lang='grc' dir='ltr'><strong>σε</strong></span> <span class='ocrx_word' id='word_1_468' title='bbox 1233 5406 1363 5460; x_wconf 91' lang='lat' dir='ltr'><strong>ibid.</strong></span> <span class='ocrx_word' id='word_1_469' title='bbox 1396 5423 1450 5476; x_wconf 88' lang='lat' dir='ltr'><strong>p.</strong></span> <span class='ocrx_word' id='word_1_470' title='bbox 1492 5406 1621 5461; x_wconf 73' lang='lat' dir='ltr'><strong>sat.</strong></span> 
     </span>
    </p>
   </div>
   <div class='ocr_carea' id='block_1_75' title="bbox 1132 5615 1298 5686">
    <p class='ocr_par' dir='ltr' id='par_1_75' title="bbox 1132 5615 1298 5686">
     <span class='ocr_line' id='line_1_76' title="bbox 1132 5615 1298 5686; baseline -0.006 -17"><span class='ocrx_word' id='word_1_471' title='bbox 1132 5632 1184 5686; x_wconf 92' lang='lat' dir='ltr'><strong>p.</strong></span> <span class='ocrx_word' id='word_1_472' title='bbox 1210 5615 1298 5671; x_wconf 76' lang='lat'><strong>53.</strong></span> 
     </span>
    </p>
   </div>
   <div class='ocr_carea' id='block_1_76' title="bbox 211 5753 415 5823">
    <p class='ocr_par' dir='ltr' id='par_1_76' title="bbox 211 5753 415 5823">
     <span class='ocr_line' id='line_1_77' title="bbox 211 5753 415 5823; baseline 0.025 -14"><span class='ocrx_word' id='word_1_473' title='bbox 211 5769 260 5823; x_wconf 83' lang='lat' dir='ltr'><strong>p.</strong></span> <span class='ocrx_word' id='word_1_474' title='bbox 291 5753 415 5814; x_wconf 68' lang='lat'><strong>229.</strong></span> 
     </span>
    </p>
   </div>
   <div class='ocr_carea' id='block_1_77' title="bbox 1741 5403 2410 5472">
    <p class='ocr_par' dir='ltr' id='par_1_77' title="bbox 1741 5403 2410 5472">
     <span class='ocr_line' id='line_1_78' title="bbox 1741 5403 2410 5472; baseline 0.003 -16"><span class='ocrx_word' id='word_1_475' title='bbox 1741 5404 1785 5435; x_wconf 79' lang='lat'><strong>“</strong></span> <span class='ocrx_word' id='word_1_476' title='bbox 1817 5403 1851 5456; x_wconf 95' lang='grc'>1.</span> <span class='ocrx_word' id='word_1_477' title='bbox 1887 5419 1936 5458; x_wconf 87' lang='lat' dir='ltr'><strong>tv</strong></span> <span class='ocrx_word' id='word_1_478' title='bbox 2008 5403 2171 5466; x_wconf 89' lang='lat' dir='ltr'><strong>Bibl.,</strong></span> <span class='ocrx_word' id='word_1_479' title='bbox 2204 5420 2256 5472; x_wconf 92' lang='lat' dir='ltr'><strong>p.</strong></span> <span class='ocrx_word' id='word_1_480' title='bbox 2294 5404 2410 5458; x_wconf 84' lang='lat' dir='ltr'><strong>l86.</strong></span> 
     </span>
    </p>
   </div>
   <div class='ocr_carea' id='block_1_78' title="bbox 1058 5473 1957 5557">
    <p class='ocr_par' dir='ltr' id='par_1_78' title="bbox 1058 5473 1957 5557">
     <span class='ocr_line' id='line_1_79' title="bbox 1058 5473 1957 5557; baseline -0.003 -28"><span class='ocrx_word' id='word_1_481' title='bbox 1058 5475 1102 5506; x_wconf 73' lang='grc'><strong>⁸⁸</strong></span> <span class='ocrx_word' id='word_1_482' title='bbox 1120 5475 1360 5557; x_wconf 73' lang='lat' dir='ltr'><strong>Pissert.</strong></span> <span class='ocrx_word' id='word_1_483' title='bbox 1397 5473 1660 5557; x_wconf 25' lang='lat' dir='ltr'><strong>superae.</strong></span> <span class='ocrx_word' id='word_1_484' title='bbox 1689 5473 1742 5557; x_wconf 65' lang='grc'><strong>7,</strong></span> <span class='ocrx_word' id='word_1_485' title='bbox 1768 5485 1872 5528; x_wconf 85' lang='lat' dir='ltr'><strong>art.</strong></span> <span class='ocrx_word' id='word_1_486' title='bbox 1903 5475 1957 5557; x_wconf 65' lang='lat'><strong>5:</strong></span> 
     </span>
    </p>
   </div>
   <div class='ocr_carea' id='block_1_79' title="bbox 894 5546 2287 5684">
    <p class='ocr_par' dir='ltr' id='par_1_79' title="bbox 894 5546 2287 5684">
     <span class='ocr_line' id='line_1_80' title="bbox 894 5546 2287 5614; baseline -0.002 -15"><span class='ocrx_word' id='word_1_487' title='bbox 894 5546 936 5576; x_wconf 81' lang='grc'><strong>⁷³</strong></span> <span class='ocrx_word' id='word_1_488' title='bbox 970 5546 1006 5599; x_wconf 90' lang='grc'>1.</span> <span class='ocrx_word' id='word_1_489' title='bbox 1039 5561 1091 5600; x_wconf 85' lang='lat' dir='ltr'><strong>tv</strong></span> <span class='ocrx_word' id='word_1_490' title='bbox 1119 5546 1190 5600; x_wconf 85' lang='lat' dir='ltr'><strong>De</strong></span> <span class='ocrx_word' id='word_1_491' title='bbox 1217 5546 1384 5600; x_wconf 88' lang='lat' dir='ltr'><strong>anitn.</strong></span> <span class='ocrx_word' id='word_1_492' title='bbox 1419 5546 1805 5614; x_wconf 83' lang='lat' dir='ltr'><strong>sacr.Script.,</strong></span> <span class='ocrx_word' id='word_1_493' title='bbox 1848 5560 1896 5598; x_wconf 91' lang='lat' dir='ltr'><strong>c.</strong></span> <span class='ocrx_word' id='word_1_494' title='bbox 1941 5546 1991 5606; x_wconf 85' lang='lat'><strong>‘7.</strong></span> <span class='ocrx_word' id='word_1_495' title='bbox 2030 5561 2081 5610; x_wconf 88' lang='lat' dir='ltr'><strong>p.</strong></span> <span class='ocrx_word' id='word_1_496' title='bbox 2133 5546 2287 5599; x_wconf 84' lang='grc'>1088.</span> 
     </span>
     <span class='ocr_line' id='line_1_81' title="bbox 894 5615 2283 5684; baseline 0.001 -16"><span class='ocrx_word' id='word_1_497' title='bbox 894 5616 993 5669; x_wconf 57' lang='lat' dir='ltr'><strong>nl.-</strong></span> <span class='ocrx_word' id='word_1_498' title='bbox 1060 5616 1106 5647; x_wconf 68' lang='grc'><strong>⁷⁸</strong></span> <span class='ocrx_word' id='word_1_499' title='bbox 1132 5632 1184 5684; x_wconf 92' lang='lat' dir='ltr'><strong>p.</strong></span> <span class='ocrx_word' id='word_1_500' title='bbox 1210 5615 1298 5671; x_wconf 76' lang='lat'><strong>53.</strong></span> <span class='ocrx_word' id='word_1_501' title='bbox 1405 5619 1450 5649; x_wconf 79' lang='grc'><strong>⁷⁸⁵</strong></span> <span class='ocrx_word' id='word_1_502' title='bbox 1473 5619 1701 5671; x_wconf 86' lang='lat' dir='ltr'><strong>Admon.</strong></span> <span class='ocrx_word' id='word_1_503' title='bbox 1737 5615 1803 5669; x_wconf 88' lang='lat' dir='ltr'><strong>ad</strong></span> <span class='ocrx_word' id='word_1_504' title='bbox 1827 5625 1998 5681; x_wconf 78' lang='lat' dir='ltr'><strong>gent.,</strong></span> <span class='ocrx_word' id='word_1_505' title='bbox 2027 5632 2079 5684; x_wconf 91' lang='lat' dir='ltr'><strong>p.</strong></span> <span class='ocrx_word' id='word_1_506' title='bbox 2110 5616 2162 5670; x_wconf 88' lang='grc'><strong>9.</strong></span> <span class='ocrx_word' id='word_1_507' title='bbox 2266 5616 2283 5644; x_wconf 90' lang='grc'>⁷</span> 
     </span>
    </p>
   </div>
   <div class='ocr_carea' id='block_1_80' title="bbox 213 5654 1780 5759">
    <p class='ocr_par' dir='ltr' id='par_1_80' title="bbox 213 5654 1780 5759">
     <span class='ocr_line' id='line_1_82' title="bbox 213 5654 1780 5759; baseline 0.001 -20"><span class='ocrx_word' id='word_1_508' title='bbox 213 5654 437 5759; x_wconf 55' lang='lat' dir='ltr'><strong>git-Ei.</strong></span> <span class='ocrx_word' id='word_1_509' title='bbox 477 5701 532 5741; x_wconf 81' lang='grc' dir='ltr'><strong>ιγ</strong></span> <span class='ocrx_word' id='word_1_510' title='bbox 570 5654 993 5758; x_wconf 56' lang='grc' dir='ltr'><strong>’ῖίίὺἱῖἶῖἶῖὲἣᾴ</strong></span> <span class='ocrx_word' id='word_1_511' title='bbox 1025 5654 1314 5744; x_wconf 63' lang='grc' dir='ltr'><strong>Ραυέξιῆῗί.</strong></span> <span class='ocrx_word' id='word_1_512' title='bbox 1345 5704 1382 5755; x_wconf 87' lang='grc' dir='ltr'><strong>ι,</strong></span> <span class='ocrx_word' id='word_1_513' title='bbox 1399 5704 1449 5759; x_wconf 80' lang='grc' dir='ltr'>ρ.</span> <span class='ocrx_word' id='word_1_514' title='bbox 1473 5654 1780 5759; x_wconf 42' lang='lat' dir='ltr'><strong>sagitta;</strong></span> 
     </span>
    </p>
   </div>
   <div class='ocr_carea' id='block_1_81' title="bbox 1889 5654 2296 5759">
    <p class='ocr_par' dir='ltr' id='par_1_81' title="bbox 1889 5654 2296 5756">
     <span class='ocr_line' id='line_1_83' title="bbox 1889 5654 2296 5756; baseline 0.005 -17"><span class='ocrx_word' id='word_1_515' title='bbox 1889 5654 2079 5752; x_wconf 52' lang='lat' dir='ltr'><strong>ista:</strong></span> <span class='ocrx_word' id='word_1_516' title='bbox 2102 5654 2162 5756; x_wconf 58' lang='grc' dir='ltr'>,π</span> 
     </span>
    </p>
   </div>
   <div class='ocr_carea' id='block_1_82' title="bbox 1444 271 3477 340">
    <p class='ocr_par' dir='ltr' id='par_1_82' title="bbox 1444 271 3477 340">
     <span class='ocr_line' id='line_1_84' title="bbox 1444 271 3477 340; baseline -0.001 -9"><span class='ocrx_word' id='word_1_517' title='bbox 1444 277 1532 332; x_wconf 86' lang='lat' dir='ltr'><strong>DE</strong></span> <span class='ocrx_word' id='word_1_518' title='bbox 1564 273 1794 330; x_wconf 76' lang='lat' dir='ltr'><strong>LIBRIS</strong></span> <span class='ocrx_word' id='word_1_519' title='bbox 1832 271 2286 340; x_wconf 72' lang='lat' dir='ltr'><strong>STROMATUM.</strong></span> <span class='ocrx_word' id='word_1_520' title='bbox 3341 274 3477 331; x_wconf 70' lang='lat'><strong>1358</strong></span> 
     </span>
    </p>
   </div>
   <div class='ocr_carea' id='block_1_83' title="bbox 1837 395 3182 464">
    <p class='ocr_par' dir='ltr' id='par_1_83' title="bbox 1837 395 3182 464">
     <span class='ocr_line' id='line_1_85' title="bbox 1837 395 3182 464; baseline 0.001 -12"><span class='ocrx_word' id='word_1_521' title='bbox 1837 401 1883 459; x_wconf 74' lang='grc' dir='ltr'><strong>Α</strong></span> <span class='ocrx_word' id='word_1_522' title='bbox 1982 395 2190 452; x_wconf 88' lang='lat' dir='ltr'><strong>Circum</strong></span> <span class='ocrx_word' id='word_1_523' title='bbox 2217 397 2416 452; x_wconf 74' lang='lat' dir='ltr'><strong>divinos</strong></span> <span class='ocrx_word' id='word_1_524' title='bbox 2446 397 2684 451; x_wconf 76' lang='lat' dir='ltr'><strong>animosa</strong></span> <span class='ocrx_word' id='word_1_525' title='bbox 2708 397 2947 452; x_wconf 80' lang='lat' dir='ltr'><strong>Pheretia</strong></span> <span class='ocrx_word' id='word_1_526' title='bbox 2971 399 3182 464; x_wconf 75' lang='lat' dir='ltr'><strong>fluctus.</strong></span> 
     </span>
    </p>
   </div>
   <div class='ocr_carea' id='block_1_84' title="bbox 1987 466 3360 537">
    <p class='ocr_par' dir='ltr' id='par_1_84' title="bbox 1987 466 3360 537">
     <span class='ocr_line' id='line_1_86' title="bbox 1987 466 3360 537; baseline 0.004 -17"><span class='ocrx_word' id='word_1_527' title='bbox 1987 467 2127 520; x_wconf 81' lang='lat' dir='ltr'><strong>Huic</strong></span> <span class='ocrx_word' id='word_1_528' title='bbox 2157 468 2401 534; x_wconf 76' lang='lat' dir='ltr'><strong>prmcire</strong></span> <span class='ocrx_word' id='word_1_529' title='bbox 2426 466 2591 532; x_wconf 84' lang='lat' dir='ltr'><strong>dedit,</strong></span> <span class='ocrx_word' id='word_1_530' title='bbox 2619 470 2738 522; x_wconf 81' lang='lat' dir='ltr'><strong>huic</strong></span> <span class='ocrx_word' id='word_1_531' title='bbox 2765 485 2996 536; x_wconf 85' lang='lat' dir='ltr'><strong>promere</strong></span> <span class='ocrx_word' id='word_1_532' title='bbox 3025 485 3146 522; x_wconf 83' lang='lat' dir='ltr'><strong>voce</strong></span> <span class='ocrx_word' id='word_1_533' title='bbox 3176 469 3360 537; x_wconf 79' lang='lat' dir='ltr'><strong>futura</strong></span> 
     </span>
    </p>
   </div>
   <div class='ocr_carea' id='block_1_85' title="bbox 1991 537 3390 610">
    <p class='ocr_par' dir='ltr' id='par_1_85' title="bbox 1991 537 3390 610">
     <span class='ocr_line' id='line_1_87' title="bbox 1991 537 3390 610; baseline 0.004 -19"><span class='ocrx_word' id='word_1_534' title='bbox 1991 537 2231 610; x_wconf 67' lang='lat' dir='ltr'><strong>Pha&#39;bus,</strong></span> <span class='ocrx_word' id='word_1_535' title='bbox 2263 548 2318 590; x_wconf 89' lang='lat' dir='ltr'><strong>ut</strong></span> <span class='ocrx_word' id='word_1_536' title='bbox 2350 537 2550 610; x_wconf 74' lang='lat' dir='ltr'><strong>utiliter</strong></span> <span class='ocrx_word' id='word_1_537' title='bbox 2578 539 2718 606; x_wconf 86' lang='lat' dir='ltr'><strong>genti</strong></span> <span class='ocrx_word' id='word_1_538' title='bbox 2761 539 3094 610; x_wconf 83' lang='lat' dir='ltr'><strong>memoranda</strong></span> <span class='ocrx_word' id='word_1_539' title='bbox 3123 540 3390 610; x_wconf 85' lang='lat' dir='ltr'><strong>loquatur.</strong></span> 
     </span>
    </p>
   </div>
   <div class='ocr_carea' id='block_1_86' title="bbox 1980 606 3467 678">
    <p class='ocr_par' dir='ltr' id='par_1_86' title="bbox 1980 606 3467 678">
     <span class='ocr_line' id='line_1_88' title="bbox 1980 606 3467 678; baseline 0.005 -19"><span class='ocrx_word' id='word_1_540' title='bbox 1980 606 2174 678; x_wconf 84' lang='lat' dir='ltr'><strong>Postea</strong></span> <span class='ocrx_word' id='word_1_541' title='bbox 2201 622 2330 660; x_wconf 89' lang='lat' dir='ltr'><strong>vero</strong></span> <span class='ocrx_word' id='word_1_542' title='bbox 2355 607 2493 674; x_wconf 87' lang='lat' dir='ltr'><strong>apud</strong></span> <span class='ocrx_word' id='word_1_543' title='bbox 2523 608 3122 678; x_wconf 67' lang='lat' dir='ltr'><strong>euirrileni_Clementein</strong></span> <span class='ocrx_word' id='word_1_544' title='bbox 3160 606 3398 666; x_wconf 88' lang='lat' dir='ltr'><strong>nostrum</strong></span> <span class='ocrx_word' id='word_1_545' title='bbox 3418 615 3467 647; x_wconf 81' lang='lat'><strong>&quot;</strong></span> 
     </span>
    </p>
   </div>
   <div class='ocr_carea' id='block_1_87' title="bbox 1917 675 3466 746">
    <p class='ocr_par' dir='ltr' id='par_1_87' title="bbox 1917 675 3466 746">
     <span class='ocr_line' id='line_1_89' title="bbox 1917 675 3466 746; baseline 0.005 -15"><span class='ocrx_word' id='word_1_546' title='bbox 1917 697 1935 731; x_wconf 73' lang='grc' dir='ltr'><strong><em>ι</em></strong></span> <span class='ocrx_word' id='word_1_547' title='bbox 1966 677 2352 746; x_wconf 82' lang='lat' dir='ltr'><strong>Amphiloebus</strong></span> <span class='ocrx_word' id='word_1_548' title='bbox 2386 676 2695 745; x_wconf 89' lang='lat' dir='ltr'><strong>Amphiarai</strong></span> <span class='ocrx_word' id='word_1_549' title='bbox 2721 675 2927 730; x_wconf 84' lang='lat' dir='ltr'><strong>tiliusin</strong></span> <span class='ocrx_word' id='word_1_550' title='bbox 2974 677 3161 732; x_wconf 88' lang='lat' dir='ltr'><strong>Cilicia</strong></span> <span class='ocrx_word' id='word_1_551' title='bbox 3210 692 3360 738; x_wconf 87' lang='lat' dir='ltr'><strong>vates</strong></span> <span class='ocrx_word' id='word_1_552' title='bbox 3387 685 3466 739; x_wconf 86' lang='lat' dir='ltr'><strong>di-</strong></span> 
     </span>
    </p>
   </div>
   <div class='ocr_carea' id='block_1_88' title="bbox 1913 746 3461 814">
    <p class='ocr_par' dir='ltr' id='par_1_88' title="bbox 1913 746 3461 814">
     <span class='ocr_line' id='line_1_90' title="bbox 1913 746 3461 814; baseline 0.003 -12"><span class='ocrx_word' id='word_1_553' title='bbox 1913 754 2072 803; x_wconf 87' lang='lat' dir='ltr'><strong>citur.</strong></span> <span class='ocrx_word' id='word_1_554' title='bbox 2111 767 2130 800; x_wconf 75' lang='grc' dir='ltr'><strong><em>ι</em></strong></span> <span class='ocrx_word' id='word_1_555' title='bbox 2162 748 2299 814; x_wconf 85' lang='lat' dir='ltr'><strong>Quid</strong></span> <span class='ocrx_word' id='word_1_556' title='bbox 2327 756 2504 801; x_wconf 86' lang='lat' dir='ltr'><strong>autem</strong></span> <span class='ocrx_word' id='word_1_557' title='bbox 2537 746 2814 801; x_wconf 76' lang='lat' dir='ltr'><strong>existimas</strong></span> <span class='ocrx_word' id='word_1_558' title='bbox 2848 751 2913 802; x_wconf 91' lang='lat' dir='ltr'><strong>de</strong></span> <span class='ocrx_word' id='word_1_559' title='bbox 2948 748 3050 802; x_wconf 91' lang='lat' dir='ltr'><strong>hoc</strong></span> <span class='ocrx_word' id='word_1_560' title='bbox 3083 759 3227 812; x_wconf 88' lang='lat' dir='ltr'><strong>vale,</strong></span> <span class='ocrx_word' id='word_1_561' title='bbox 3262 751 3461 811; x_wconf 80' lang='lat' dir='ltr'><strong>Herve-</strong></span> 
     </span>
    </p>
   </div>
   <div class='ocr_carea' id='block_1_89' title="bbox 1909 817 3460 880">
    <p class='ocr_par' dir='ltr' id='par_1_89' title="bbox 1909 817 3460 880">
     <span class='ocr_line' id='line_1_91' title="bbox 1909 817 3460 880; baseline 0.006 -9"><span class='ocrx_word' id='word_1_562' title='bbox 1909 827 2022 872; x_wconf 89' lang='lat' dir='ltr'><strong>tum</strong></span> <span class='ocrx_word' id='word_1_563' title='bbox 2059 818 2177 872; x_wconf 90' lang='lat' dir='ltr'><strong>suis</strong></span> <span class='ocrx_word' id='word_1_564' title='bbox 2202 819 2526 874; x_wconf 87' lang='lat' dir='ltr'><strong>observasse</strong></span> <span class='ocrx_word' id='word_1_565' title='bbox 2569 817 2621 870; x_wconf 91' lang='lat' dir='ltr'><strong>in</strong></span> <span class='ocrx_word' id='word_1_566' title='bbox 2664 818 3106 872; x_wconf 87' lang='lat' dir='ltr'><strong>commentariis?</strong></span> <span class='ocrx_word' id='word_1_567' title='bbox 3131 820 3261 874; x_wconf 86' lang='lat' dir='ltr'><strong>Mira</strong></span> <span class='ocrx_word' id='word_1_568' title='bbox 3309 839 3460 880; x_wconf 86' lang='lat' dir='ltr'><strong>sane.</strong></span> 
     </span>
    </p>
   </div>
   <div class='ocr_carea' id='block_1_90' title="bbox 1907 884 3457 954">
    <p class='ocr_par' dir='ltr' id='par_1_90' title="bbox 1907 884 3457 954">
     <span class='ocr_line' id='line_1_92' title="bbox 1907 884 3457 954; baseline 0.003 -12"><span class='ocrx_word' id='word_1_569' title='bbox 1907 887 2016 942; x_wconf 84' lang='lat' dir='ltr'><strong>Nos</strong></span> <span class='ocrx_word' id='word_1_570' title='bbox 2040 889 2183 941; x_wconf 91' lang='lat' dir='ltr'><strong>enim</strong></span> <span class='ocrx_word' id='word_1_571' title='bbox 2237 902 2366 941; x_wconf 92' lang='lat' dir='ltr'><strong>vero</strong></span> <span class='ocrx_word' id='word_1_572' title='bbox 2403 886 2637 941; x_wconf 92' lang='lat' dir='ltr'><strong>monitos</strong></span> <span class='ocrx_word' id='word_1_573' title='bbox 2682 884 2813 940; x_wconf 87' lang='lat' dir='ltr'><strong>facit</strong></span> <span class='ocrx_word' id='word_1_574' title='bbox 2860 888 2998 954; x_wconf 87' lang='lat' dir='ltr'><strong>apud</strong></span> <span class='ocrx_word' id='word_1_575' title='bbox 3040 888 3365 948; x_wconf 74' lang='lat' dir='ltr'><strong>Pausaniam</strong></span> <span class='ocrx_word' id='word_1_576' title='bbox 3404 896 3457 947; x_wconf 92' lang='lat' dir='ltr'><strong>in</strong></span> 
     </span>
    </p>
   </div>
   <div class='ocr_carea' id='block_1_91' title="bbox 1910 957 3460 1032">
    <p class='ocr_par' dir='ltr' id='par_1_91' title="bbox 1910 957 3460 1032">
     <span class='ocr_line' id='line_1_93' title="bbox 1910 957 3460 1032; baseline 0.003 -19"><span class='ocrx_word' id='word_1_577' title='bbox 1910 957 2428 1032; x_wconf 56' lang='lat' dir='ltr'><strong>Corinthiacislibro</strong></span> <span class='ocrx_word' id='word_1_578' title='bbox 2469 957 2706 1032; x_wconf 78' lang='lat' dir='ltr'><strong>n_,_adde</strong></span> <span class='ocrx_word' id='word_1_579' title='bbox 2741 972 2864 1032; x_wconf 75' lang='lat' dir='ltr'><strong>pag.</strong></span> <span class='ocrx_word' id='word_1_580' title='bbox 2899 958 2966 1032; x_wconf 70' lang='lat' dir='ltr'><strong>fit</strong></span> <span class='ocrx_word' id='word_1_581' title='bbox 3007 968 3063 1013; x_wconf 89' lang='lat' dir='ltr'><strong>et</strong></span> <span class='ocrx_word' id='word_1_582' title='bbox 3089 960 3179 1023; x_wconf 74' lang='lat'><strong>62,</strong></span> <span class='ocrx_word' id='word_1_583' title='bbox 3201 965 3460 1032; x_wconf 85' lang='lat' dir='ltr'><strong>St‘riptltm</strong></span> 
     </span>
    </p>
   </div>
   <div class='ocr_carea' id='block_1_92' title="bbox 1905 1026 3452 1096">
    <p class='ocr_par' dir='ltr' id='par_1_92' title="bbox 1905 1026 3452 1096">
     <span class='ocr_line' id='line_1_94' title="bbox 1905 1026 3452 1096; baseline 0.006 -16"><span class='ocrx_word' id='word_1_584' title='bbox 1905 1044 2048 1096; x_wconf 81' lang='lat' dir='ltr'><strong>esse,</strong></span> <span class='ocrx_word' id='word_1_585' title='bbox 2070 1031 2212 1096; x_wconf 90' lang='lat' dir='ltr'><strong>quod</strong></span> <span class='ocrx_word' id='word_1_586' title='bbox 2246 1028 2332 1082; x_wconf 91' lang='lat' dir='ltr'><strong>ille</strong></span> <span class='ocrx_word' id='word_1_587' title='bbox 2362 1026 2747 1095; x_wconf 85' lang='lat' dir='ltr'><strong>Amphilochus</strong></span> <span class='ocrx_word' id='word_1_588' title='bbox 2772 1028 3084 1095; x_wconf 87' lang='lat' dir='ltr'><strong>Amphiarai</strong></span> <span class='ocrx_word' id='word_1_589' title='bbox 3107 1033 3246 1086; x_wconf 90' lang='lat' dir='ltr'><strong>lilius</strong></span> <span class='ocrx_word' id='word_1_590' title='bbox 3272 1026 3452 1089; x_wconf 80' lang='lat' dir='ltr'><strong>fuerit.</strong></span> 
     </span>
    </p>
   </div>
   <div class='ocr_carea' id='block_1_93' title="bbox 1909 1092 3452 1167">
    <p class='ocr_par' dir='ltr' id='par_1_93' title="bbox 1909 1092 3452 1167">
     <span class='ocr_line' id='line_1_95' title="bbox 1909 1092 3452 1167; baseline 0.005 -15"><span class='ocrx_word' id='word_1_591' title='bbox 1909 1092 2360 1167; x_wconf 43' lang='lat' dir='ltr'><strong>Recte-quidem.</strong></span> <span class='ocrx_word' id='word_1_592' title='bbox 2413 1092 2551 1164; x_wconf 85' lang='lat' dir='ltr'><strong>Quid</strong></span> <span class='ocrx_word' id='word_1_593' title='bbox 2610 1092 2915 1166; x_wconf 48' lang='lat' dir='ltr'><strong>praterea&#39;?</strong></span> <span class='ocrx_word' id='word_1_594' title='bbox 2961 1099 3113 1166; x_wconf 88' lang='lat' dir='ltr'><strong>Quod</strong></span> <span class='ocrx_word' id='word_1_595' title='bbox 3157 1102 3209 1156; x_wconf 92' lang='lat' dir='ltr'><strong>in</strong></span> <span class='ocrx_word' id='word_1_596' title='bbox 3263 1103 3452 1159; x_wconf 90' lang='lat' dir='ltr'><strong>Cilicia</strong></span> 
     </span>
    </p>
   </div>
   <div class='ocr_carea' id='block_1_94' title="bbox 1905 1167 3459 1240">
    <p class='ocr_par' dir='ltr' id='par_1_94' title="bbox 1905 1167 3459 1240">
     <span class='ocr_line' id='line_1_96' title="bbox 1905 1167 3459 1240; baseline 0.003 -17"><span class='ocrx_word' id='word_1_597' title='bbox 1905 1170 2068 1224; x_wconf 90' lang='lat' dir='ltr'><strong>fuerit</strong></span> <span class='ocrx_word' id='word_1_598' title='bbox 2099 1177 2270 1231; x_wconf 88' lang='lat' dir='ltr'><strong>vates,</strong></span> <span class='ocrx_word' id='word_1_599' title='bbox 2302 1169 2499 1240; x_wconf 90' lang='lat' dir='ltr'><strong>inquit,</strong></span> <span class='ocrx_word' id='word_1_600' title='bbox 2532 1183 2635 1223; x_wconf 90' lang='lat' dir='ltr'><strong>non</strong></span> <span class='ocrx_word' id='word_1_601' title='bbox 2674 1167 2794 1237; x_wconf 83' lang='lat' dir='ltr'><strong>legi.</strong></span> <span class='ocrx_word' id='word_1_602' title='bbox 2829 1168 2940 1223; x_wconf 91' lang='lat' dir='ltr'><strong>Cur</strong></span> <span class='ocrx_word' id='word_1_603' title='bbox 2962 1185 3110 1240; x_wconf 84' lang='lat' dir='ltr'><strong>ergo,</strong></span> <span class='ocrx_word' id='word_1_604' title='bbox 3142 1173 3228 1226; x_wconf 89' lang='lat' dir='ltr'><strong>vir</strong></span> <span class='ocrx_word' id='word_1_605' title='bbox 3259 1174 3459 1228; x_wconf 87' lang='lat' dir='ltr'><strong>doctis-</strong></span> 
     </span>
    </p>
   </div>
   <div class='ocr_carea' id='block_1_95' title="bbox 1905 1239 3458 1309">
    <p class='ocr_par' dir='ltr' id='par_1_95' title="bbox 1905 1239 3458 1309">
     <span class='ocr_line' id='line_1_97' title="bbox 1905 1239 3458 1309; baseline 0.003 -15"><span class='ocrx_word' id='word_1_606' title='bbox 1905 1241 2060 1303; x_wconf 88' lang='lat' dir='ltr'><strong>sime,</strong></span> <span class='ocrx_word' id='word_1_607' title='bbox 2094 1254 2198 1292; x_wconf 91' lang='lat' dir='ltr'><strong>non</strong></span> <span class='ocrx_word' id='word_1_608' title='bbox 2254 1239 2429 1309; x_wconf 77' lang='lat' dir='ltr'><strong>legisti</strong></span> <span class='ocrx_word' id='word_1_609' title='bbox 2480 1240 2712 1308; x_wconf 90' lang='lat' dir='ltr'><strong>primum</strong></span> <span class='ocrx_word' id='word_1_610' title='bbox 2757 1239 2996 1309; x_wconf 87' lang='lat' dir='ltr'><strong>ejusdem</strong></span> <span class='ocrx_word' id='word_1_611' title='bbox 3033 1239 3342 1297; x_wconf 68' lang='lat' dir='ltr'><strong>Pausania:</strong></span> <span class='ocrx_word' id='word_1_612' title='bbox 3394 1245 3458 1298; x_wconf 89' lang='lat' dir='ltr'><strong>li-</strong></span> 
     </span>
    </p>
   </div>
   <div class='ocr_carea' id='block_1_96' title="bbox 1902 1309 3457 1378">
    <p class='ocr_par' dir='ltr' id='par_1_96' title="bbox 1902 1309 3457 1378">
     <span class='ocr_line' id='line_1_98' title="bbox 1902 1309 3457 1378; baseline 0.004 -14"><span class='ocrx_word' id='word_1_613' title='bbox 1902 1309 2164 1364; x_wconf 69' lang='lat' dir='ltr'><strong>brum“?</strong></span> <span class='ocrx_word' id='word_1_614' title='bbox 2211 1309 2370 1365; x_wconf 89' lang='lat' dir='ltr'><strong>Certe</strong></span> <span class='ocrx_word' id='word_1_615' title='bbox 2419 1310 2492 1364; x_wconf 86' lang='lat' dir='ltr'><strong>ibi</strong></span> <span class='ocrx_word' id='word_1_616' title='bbox 2541 1309 2761 1376; x_wconf 80' lang='lat' dir='ltr'><strong>legisses</strong></span> <span class='ocrx_word' id='word_1_617' title='bbox 2820 1310 2932 1365; x_wconf 78' lang='lat' dir='ltr'><strong>haec</strong></span> <span class='ocrx_word' id='word_1_618' title='bbox 2988 1311 3256 1378; x_wconf 85' lang='lat' dir='ltr'><strong>ipsissima</strong></span> <span class='ocrx_word' id='word_1_619' title='bbox 3314 1314 3457 1370; x_wconf 90' lang='lat' dir='ltr'><strong>illius</strong></span> 
     </span>
    </p>
   </div>
   <div class='ocr_carea' id='block_1_97' title="bbox 1901 1379 3454 1449">
    <p class='ocr_par' dir='ltr' id='par_1_97' title="bbox 1901 1379 3454 1449">
     <span class='ocr_line' id='line_1_99' title="bbox 1901 1379 3454 1449; baseline 0.003 -15"><span class='ocrx_word' id='word_1_620' title='bbox 1901 1380 2110 1436; x_wconf 87' lang='lat' dir='ltr'><strong>verba:</strong></span> <span class='ocrx_word' id='word_1_621' title='bbox 2141 1397 2160 1431; x_wconf 74' lang='grc' dir='ltr'><strong><em>ι</em></strong></span> <span class='ocrx_word' id='word_1_622' title='bbox 2196 1379 2547 1449; x_wconf 88' lang='lat' dir='ltr'><strong>Amphilocbo</strong></span> <span class='ocrx_word' id='word_1_623' title='bbox 2582 1380 2634 1432; x_wconf 92' lang='lat' dir='ltr'><strong>in</strong></span> <span class='ocrx_word' id='word_1_624' title='bbox 2677 1379 2788 1446; x_wconf 84' lang='lat' dir='ltr'><strong>ipsa</strong></span> <span class='ocrx_word' id='word_1_625' title='bbox 2823 1382 2955 1436; x_wconf 88' lang='lat' dir='ltr'><strong>urbe</strong></span> <span class='ocrx_word' id='word_1_626' title='bbox 2985 1385 3122 1449; x_wconf 86' lang='lat' dir='ltr'><strong>apud</strong></span> <span class='ocrx_word' id='word_1_627' title='bbox 3156 1382 3454 1438; x_wconf 88' lang='lat' dir='ltr'><strong>Athenien-</strong></span> 
     </span>
    </p>
   </div>
   <div class='ocr_carea' id='block_1_98' title="bbox 1901 1449 3450 1522">
    <p class='ocr_par' dir='ltr' id='par_1_98' title="bbox 1901 1449 3450 1522">
     <span class='ocr_line' id='line_1_100' title="bbox 1901 1449 3450 1522; baseline 0.002 -17"><span class='ocrx_word' id='word_1_628' title='bbox 1901 1463 1990 1506; x_wconf 90' lang='lat' dir='ltr'><strong>ses</strong></span> <span class='ocrx_word' id='word_1_629' title='bbox 2020 1464 2111 1522; x_wconf 78' lang='lat' dir='ltr'><strong>ara</strong></span> <span class='ocrx_word' id='word_1_630' title='bbox 2139 1464 2235 1505; x_wconf 88' lang='lat' dir='ltr'><strong>sua</strong></span> <span class='ocrx_word' id='word_1_631' title='bbox 2257 1450 2440 1522; x_wconf 80' lang='lat' dir='ltr'><strong>est,_in</strong></span> <span class='ocrx_word' id='word_1_632' title='bbox 2469 1449 2669 1522; x_wconf 71' lang='lat' dir='ltr'><strong>Ciliciae</strong></span> <span class='ocrx_word' id='word_1_633' title='bbox 2692 1465 2821 1504; x_wconf 87' lang='lat' dir='ltr'><strong>vero</strong></span> <span class='ocrx_word' id='word_1_634' title='bbox 2863 1451 2994 1505; x_wconf 90' lang='lat' dir='ltr'><strong>urbe</strong></span> <span class='ocrx_word' id='word_1_635' title='bbox 3026 1451 3182 1508; x_wconf 89' lang='lat' dir='ltr'><strong>Mallo</strong></span> <span class='ocrx_word' id='word_1_636' title='bbox 3212 1454 3450 1522; x_wconf 85' lang='lat' dir='ltr'><strong>ejusdem</strong></span> 
     </span>
    </p>
   </div>
   <div class='ocr_carea' id='block_1_99' title="bbox 1900 1519 3516 1588">
    <p class='ocr_par' dir='ltr' id='par_1_99' title="bbox 1900 1519 3516 1588">
     <span class='ocr_line' id='line_1_101' title="bbox 1900 1519 3516 1588; baseline 0.005 -14"><span class='ocrx_word' id='word_1_637' title='bbox 1900 1519 2204 1584; x_wconf 86' lang='lat' dir='ltr'><strong>oraculum,</strong></span> <span class='ocrx_word' id='word_1_638' title='bbox 2235 1520 2378 1588; x_wconf 89' lang='lat' dir='ltr'><strong>quod</strong></span> <span class='ocrx_word' id='word_1_639' title='bbox 2414 1521 2653 1574; x_wconf 88' lang='lat' dir='ltr'><strong>omnium</strong></span> <span class='ocrx_word' id='word_1_640' title='bbox 2701 1530 2805 1582; x_wconf 90' lang='lat' dir='ltr'><strong>est,</strong></span> <span class='ocrx_word' id='word_1_641' title='bbox 2848 1535 2966 1588; x_wconf 69' lang='lat' dir='ltr'><strong>qua:</strong></span> <span class='ocrx_word' id='word_1_642' title='bbox 3012 1531 3169 1578; x_wconf 84' lang='lat' dir='ltr'><strong>actate</strong></span> <span class='ocrx_word' id='word_1_643' title='bbox 3201 1519 3319 1578; x_wconf 81' lang='lat' dir='ltr'><strong>nica</strong></span> <span class='ocrx_word' id='word_1_644' title='bbox 3359 1540 3453 1579; x_wconf 82' lang='lat' dir='ltr'><strong>ex-</strong></span> <span class='ocrx_word' id='word_1_645' title='bbox 3488 1556 3516 1582; x_wconf 59' lang='grc' dir='ltr'><strong>ς</strong></span> 
     </span>
    </p>
   </div>
   <div class='ocr_carea' id='block_1_100' title="bbox 1899 1589 3453 1664">
    <p class='ocr_par' dir='ltr' id='par_1_100' title="bbox 1899 1589 3453 1664">
     <span class='ocr_line' id='line_1_102' title="bbox 1899 1589 3453 1664; baseline 0.005 -22"><span class='ocrx_word' id='word_1_646' title='bbox 1899 1599 2064 1664; x_wconf 67' lang='lat' dir='ltr'><strong>stant,</strong></span> <span class='ocrx_word' id='word_1_647' title='bbox 2118 1591 2342 1645; x_wconf 89' lang='lat' dir='ltr'><strong>minime</strong></span> <span class='ocrx_word' id='word_1_648' title='bbox 2388 1590 2570 1664; x_wconf 64' lang='lat' dir='ltr'><strong>fallax.</strong></span> <span class='ocrx_word' id='word_1_649' title='bbox 2607 1589 3000 1664; x_wconf 42' lang='lat' dir='ltr'><strong>)“QllltlﬂVCl‘O,</strong></span> <span class='ocrx_word' id='word_1_650' title='bbox 3021 1595 3176 1664; x_wconf 83' lang='lat' dir='ltr'><strong>quod</strong></span> <span class='ocrx_word' id='word_1_651' title='bbox 3226 1595 3453 1664; x_wconf 89' lang='lat' dir='ltr'><strong>ipsemet</strong></span> 
     </span>
    </p>
   </div>
   <div class='ocr_carea' id='block_1_101' title="bbox 1899 1660 3450 1733">
    <p class='ocr_par' dir='ltr' id='par_1_101' title="bbox 1899 1660 3450 1733">
     <span class='ocr_line' id='line_1_103' title="bbox 1899 1660 3450 1733; baseline 0.002 -18"><span class='ocrx_word' id='word_1_652' title='bbox 1899 1660 2147 1733; x_wconf 80' lang='lat' dir='ltr'><strong>Clemens</strong></span> <span class='ocrx_word' id='word_1_653' title='bbox 2175 1661 2502 1733; x_wconf 75' lang='lat' dir='ltr'><strong>_noster_alio</strong></span> <span class='ocrx_word' id='word_1_654' title='bbox 2547 1661 2598 1733; x_wconf 84' lang='lat' dir='ltr'><strong>in</strong></span> <span class='ocrx_word' id='word_1_655' title='bbox 2631 1660 2769 1733; x_wconf 75' lang='lat' dir='ltr'><strong>libro</strong></span> <span class='ocrx_word' id='word_1_656' title='bbox 2798 1660 2842 1733; x_wconf 53' lang='grc' dir='ltr'><strong>’ξ</strong></span> <span class='ocrx_word' id='word_1_657' title='bbox 2876 1660 3289 1730; x_wconf 83' lang='lat' dir='ltr'><strong>Amphilochum</strong></span> <span class='ocrx_word' id='word_1_658' title='bbox 3331 1664 3450 1733; x_wconf 91' lang='lat' dir='ltr'><strong>plu-</strong></span> 
     </span>
    </p>
   </div>
   <div class='ocr_carea' id='block_1_102' title="bbox 1901 1729 3451 1800">
    <p class='ocr_par' dir='ltr' id='par_1_102' title="bbox 1901 1729 3451 1800">
     <span class='ocr_line' id='line_1_104' title="bbox 1901 1729 3451 1800; baseline 0.004 -14"><span class='ocrx_word' id='word_1_659' title='bbox 1901 1731 2071 1796; x_wconf 90' lang='lat' dir='ltr'><strong>ribus,</strong></span> <span class='ocrx_word' id='word_1_660' title='bbox 2095 1731 2185 1800; x_wconf 91' lang='lat' dir='ltr'><strong>qui</strong></span> <span class='ocrx_word' id='word_1_661' title='bbox 2217 1730 2434 1784; x_wconf 88' lang='lat' dir='ltr'><strong>oracula</strong></span> <span class='ocrx_word' id='word_1_662' title='bbox 2463 1731 2671 1785; x_wconf 87' lang='lat' dir='ltr'><strong>dedisse</strong></span> <span class='ocrx_word' id='word_1_663' title='bbox 2700 1729 3035 1793; x_wconf 84' lang='lat' dir='ltr'><strong>ferebantur,</strong></span> <span class='ocrx_word' id='word_1_664' title='bbox 3070 1734 3212 1788; x_wconf 90' lang='lat' dir='ltr'><strong>haud</strong></span> <span class='ocrx_word' id='word_1_665' title='bbox 3247 1729 3451 1792; x_wconf 81' lang='lat' dir='ltr'><strong>incerte</strong></span> 
     </span>
    </p>
   </div>
   <div class='ocr_carea' id='block_1_103' title="bbox 1894 1801 3448 1872">
    <p class='ocr_par' dir='ltr' id='par_1_103' title="bbox 1894 1801 3448 1872">
     <span class='ocr_line' id='line_1_105' title="bbox 1894 1801 3448 1872; baseline 0.004 -18"><span class='ocrx_word' id='word_1_666' title='bbox 1894 1810 2234 1872; x_wconf 80' lang='lat' dir='ltr'><strong>annumerat.</strong></span> <span class='ocrx_word' id='word_1_667' title='bbox 2261 1802 2331 1872; x_wconf 86' lang='lat' dir='ltr'><strong>At</strong></span> <span class='ocrx_word' id='word_1_668' title='bbox 2353 1802 2398 1855; x_wconf 87' lang='lat' dir='ltr'><strong>is</strong></span> <span class='ocrx_word' id='word_1_669' title='bbox 2425 1815 2554 1855; x_wconf 88' lang='lat' dir='ltr'><strong>sane</strong></span> <span class='ocrx_word' id='word_1_670' title='bbox 2585 1801 2735 1872; x_wconf 35' lang='lat' dir='ltr'><strong>alius~</strong></span> <span class='ocrx_word' id='word_1_671' title='bbox 2752 1815 2871 1872; x_wconf 87' lang='lat' dir='ltr'><strong>esse</strong></span> <span class='ocrx_word' id='word_1_672' title='bbox 2895 1815 3002 1854; x_wconf 93' lang='lat' dir='ltr'><strong>non</strong></span> <span class='ocrx_word' id='word_1_673' title='bbox 3033 1805 3263 1868; x_wconf 85' lang='lat' dir='ltr'><strong>videtur,</strong></span> <span class='ocrx_word' id='word_1_674' title='bbox 3287 1820 3448 1872; x_wconf 90' lang='lat' dir='ltr'><strong>quam</strong></span> 
     </span>
    </p>
   </div>
   <div class='ocr_carea' id='block_1_104' title="bbox 1891 1869 3449 1938">
    <p class='ocr_par' dir='ltr' id='par_1_104' title="bbox 1891 1869 3449 1938">
     <span class='ocr_line' id='line_1_106' title="bbox 1891 1869 3449 1938; baseline -0.001 -14"><span class='ocrx_word' id='word_1_675' title='bbox 1891 1869 1998 1926; x_wconf 87' lang='lat' dir='ltr'><strong>iste</strong></span> <span class='ocrx_word' id='word_1_676' title='bbox 2035 1887 2048 1922; x_wconf 91' lang='lat'>:</span> <span class='ocrx_word' id='word_1_677' title='bbox 2085 1889 2103 1921; x_wconf 77' lang='grc' dir='ltr'>ι</span> <span class='ocrx_word' id='word_1_678' title='bbox 2139 1871 2192 1925; x_wconf 95' lang='lat' dir='ltr'><strong>In</strong></span> <span class='ocrx_word' id='word_1_679' title='bbox 2227 1871 2411 1926; x_wconf 86' lang='lat' dir='ltr'><strong>Cilicia</strong></span> <span class='ocrx_word' id='word_1_680' title='bbox 2446 1881 2618 1926; x_wconf 87' lang='lat' dir='ltr'><strong>vates.</strong></span> <span class='ocrx_word' id='word_1_681' title='bbox 2665 1891 2682 1922; x_wconf 72' lang='grc' dir='ltr'><strong><em>ι</em></strong></span> <span class='ocrx_word' id='word_1_682' title='bbox 2710 1870 2952 1938; x_wconf 84' lang='lat' dir='ltr'><strong>Denique</strong></span> <span class='ocrx_word' id='word_1_683' title='bbox 2975 1872 3288 1930; x_wconf 84' lang='lat' dir='ltr'><strong>Ciceronem</strong></span> <span class='ocrx_word' id='word_1_684' title='bbox 3307 1869 3353 1907; x_wconf 74' lang='grc' dir='ltr'><strong>⁵η</strong></span> <span class='ocrx_word' id='word_1_685' title='bbox 3382 1876 3449 1930; x_wconf 74' lang='lat' dir='ltr'><strong>de</strong></span> 
     </span>
    </p>
   </div>
   <div class='ocr_carea' id='block_1_105' title="bbox 1890 1940 3445 2014">
    <p class='ocr_par' dir='ltr' id='par_1_105' title="bbox 1890 1940 3445 2014">
     <span class='ocr_line' id='line_1_107' title="bbox 1890 1940 3445 2014; baseline 0.003 -18"><span class='ocrx_word' id='word_1_686' title='bbox 1890 1956 1976 2005; x_wconf 91' lang='lat' dir='ltr'><strong>eo,</strong></span> <span class='ocrx_word' id='word_1_687' title='bbox 2009 1957 2167 2011; x_wconf 89' lang='lat' dir='ltr'><strong>quem</strong></span> <span class='ocrx_word' id='word_1_688' title='bbox 2205 1941 2388 2010; x_wconf 81' lang='lat' dir='ltr'><strong>Mopso</strong></span> <span class='ocrx_word' id='word_1_689' title='bbox 2418 1940 2712 2012; x_wconf 77' lang='lat' dir='ltr'><strong>conjungit,</strong></span> <span class='ocrx_word' id='word_1_690' title='bbox 2741 1941 3045 2010; x_wconf 88' lang='lat' dir='ltr'><strong>loquentem</strong></span> <span class='ocrx_word' id='word_1_691' title='bbox 3080 1944 3192 2014; x_wconf 88' lang='lat' dir='ltr'><strong>jam</strong></span> <span class='ocrx_word' id='word_1_692' title='bbox 3233 1946 3445 2001; x_wconf 85' lang='lat' dir='ltr'><strong>audivi-</strong></span> 
     </span>
    </p>
   </div>
   <div class='ocr_carea' id='block_1_106' title="bbox 1891 2027 3463 2087">
    <p class='ocr_par' dir='ltr' id='par_1_106' title="bbox 1891 2027 3463 2087">
     <span class='ocr_line' id='line_1_108' title="bbox 1891 2027 3463 2087; baseline 0 0"><span class='ocrx_word' id='word_1_693' title='bbox 1891 2027 2066 2087; x_wconf 72' lang='lat' dir='ltr'><strong>m&quot;_5°_</strong></span> <span class='ocrx_word' id='word_1_694' title='bbox 2357 2083 2398 2087; x_wconf 93' lang='lat'><em>__</em></span> <span class='ocrx_word' id='word_1_695' title='bbox 2680 2081 2695 2087; x_wconf 85' lang='lat'><strong>-</strong></span> <span class='ocrx_word' id='word_1_696' title='bbox 2775 2082 2822 2087; x_wconf 90' lang='lat'>__</span> <span class='ocrx_word' id='word_1_697' title='bbox 3210 2084 3220 2087; x_wconf 89' lang='lat'><strong>_</strong></span> <span class='ocrx_word' id='word_1_698' title='bbox 3336 2084 3375 2087; x_wconf 75' lang='lat'><strong>-_</strong></span> <span class='ocrx_word' id='word_1_699' title='bbox 3454 2032 3463 2087; x_wconf 80' lang='lat' dir='ltr'><strong>i</strong></span> 
     </span>
    </p>
   </div>
   <div class='ocr_carea' id='block_1_107' title="bbox 1958 2081 3447 2153">
    <p class='ocr_par' dir='ltr' id='par_1_107' title="bbox 1958 2081 3447 2153">
     <span class='ocr_line' id='line_1_109' title="bbox 1958 2081 3447 2153; baseline 0.004 -17"><span class='ocrx_word' id='word_1_700' title='bbox 1958 2081 2156 2137; x_wconf 88' lang='lat' dir='ltr'><strong>Eadem</strong></span> <span class='ocrx_word' id='word_1_701' title='bbox 2186 2097 2322 2152; x_wconf 89' lang='lat' dir='ltr'><strong>pene</strong></span> <span class='ocrx_word' id='word_1_702' title='bbox 2356 2083 2626 2138; x_wconf 85' lang='lat' dir='ltr'><strong>Hervetus</strong></span> <span class='ocrx_word' id='word_1_703' title='bbox 2663 2081 2731 2137; x_wconf 88' lang='lat' dir='ltr'><strong>de</strong></span> <span class='ocrx_word' id='word_1_704' title='bbox 2761 2082 3088 2151; x_wconf 66' lang='lat' dir='ltr'><strong>Alcmaeone,</strong></span> <span class='ocrx_word' id='word_1_705' title='bbox 3131 2084 3222 2153; x_wconf 92' lang='lat' dir='ltr'><strong>qui</strong></span> <span class='ocrx_word' id='word_1_706' title='bbox 3257 2100 3287 2140; x_wconf 91' lang='lat' dir='ltr'><strong>a</strong></span> <span class='ocrx_word' id='word_1_707' title='bbox 3319 2084 3447 2143; x_wconf 90' lang='lat' dir='ltr'><strong>Cle-</strong></span> 
     </span>
    </p>
   </div>
   <div class='ocr_carea' id='block_1_108' title="bbox 1890 2153 3447 2222">
    <p class='ocr_par' dir='ltr' id='par_1_108' title="bbox 1890 2153 3447 2222">
     <span class='ocr_line' id='line_1_110' title="bbox 1890 2153 3447 2222; baseline 0.004 -16"><span class='ocrx_word' id='word_1_708' title='bbox 1890 2163 2069 2208; x_wconf 90' lang='lat' dir='ltr'><strong>mente</strong></span> <span class='ocrx_word' id='word_1_709' title='bbox 2097 2153 2241 2222; x_wconf 86' lang='lat' dir='ltr'><strong>apud</strong></span> <span class='ocrx_word' id='word_1_710' title='bbox 2277 2155 2590 2209; x_wconf 86' lang='lat' dir='ltr'><strong>Acarnanes</strong></span> <span class='ocrx_word' id='word_1_711' title='bbox 2619 2153 2940 2210; x_wconf 86' lang='lat' dir='ltr'><strong>vaticinatus</strong></span> <span class='ocrx_word' id='word_1_712' title='bbox 2980 2158 3264 2221; x_wconf 88' lang='lat' dir='ltr'><strong>asseritur,</strong></span> <span class='ocrx_word' id='word_1_713' title='bbox 3293 2172 3356 2210; x_wconf 90' lang='lat' dir='ltr'><strong>ac</strong></span> <span class='ocrx_word' id='word_1_714' title='bbox 3379 2158 3447 2212; x_wconf 90' lang='lat' dir='ltr'><strong>de</strong></span> 
     </span>
    </p>
   </div>
   <div class='ocr_carea' id='block_1_109' title="bbox 1893 2223 3442 2291">
    <p class='ocr_par' dir='ltr' id='par_1_109' title="bbox 1893 2223 3442 2291">
     <span class='ocr_line' id='line_1_111' title="bbox 1893 2223 3442 2291; baseline 0.003 -15"><span class='ocrx_word' id='word_1_715' title='bbox 1893 2223 2252 2291; x_wconf 90' lang='lat' dir='ltr'><strong>Amphilocho</strong></span> <span class='ocrx_word' id='word_1_716' title='bbox 2294 2224 2595 2285; x_wconf 86' lang='lat' dir='ltr'><strong>adnotavit,</strong></span> <span class='ocrx_word' id='word_1_717' title='bbox 2631 2223 2839 2278; x_wconf 89' lang='lat' dir='ltr'><strong>scilicet</strong></span> <span class='ocrx_word' id='word_1_718' title='bbox 2886 2239 3006 2279; x_wconf 91' lang='lat' dir='ltr'><strong>eum</strong></span> <span class='ocrx_word' id='word_1_719' title='bbox 3057 2225 3239 2289; x_wconf 14' lang='lat' dir='ltr'><strong>fuisse,</strong></span> <span class='ocrx_word' id='word_1_720' title='bbox 3276 2228 3442 2281; x_wconf 88' lang='lat' dir='ltr'><strong>etiam</strong></span> 
     </span>
    </p>
   </div>
   <div class='ocr_carea' id='block_1_110' title="bbox 1887 2291 3445 2364">
    <p class='ocr_par' dir='ltr' id='par_1_110' title="bbox 1887 2291 3445 2364">
     <span class='ocr_line' id='line_1_112' title="bbox 1887 2291 3445 2364; baseline 0.003 -17"><span class='ocrx_word' id='word_1_721' title='bbox 1887 2293 2200 2362; x_wconf 86' lang='lat' dir='ltr'><strong>Amphiarai</strong></span> <span class='ocrx_word' id='word_1_722' title='bbox 2255 2303 2308 2348; x_wconf 91' lang='lat' dir='ltr'><strong>et</strong></span> <span class='ocrx_word' id='word_1_723' title='bbox 2352 2291 2619 2363; x_wconf 85' lang='lat' dir='ltr'><strong>Eriphiles</strong></span> <span class='ocrx_word' id='word_1_724' title='bbox 2665 2293 2860 2359; x_wconf 81' lang='lat' dir='ltr'><strong>ﬁlium,</strong></span> <span class='ocrx_word' id='word_1_725' title='bbox 2905 2308 3246 2364; x_wconf 88' lang='lat' dir='ltr'><strong>matremque</strong></span> <span class='ocrx_word' id='word_1_726' title='bbox 3293 2299 3445 2353; x_wconf 80' lang='lat' dir='ltr'><strong>occi—</strong></span> 
     </span>
    </p>
   </div>
   <div class='ocr_carea' id='block_1_111' title="bbox 1889 2364 3442 2435">
    <p class='ocr_par' dir='ltr' id='par_1_111' title="bbox 1889 2364 3442 2435">
     <span class='ocr_line' id='line_1_113' title="bbox 1889 2364 3442 2435; baseline 0.004 -19"><span class='ocrx_word' id='word_1_727' title='bbox 1889 2364 2036 2418; x_wconf 90' lang='lat' dir='ltr'><strong>disse</strong></span> <span class='ocrx_word' id='word_1_728' title='bbox 2067 2383 2082 2419; x_wconf 89' lang='lat'><strong>:</strong></span> <span class='ocrx_word' id='word_1_729' title='bbox 2113 2366 2206 2420; x_wconf 87' lang='lat' dir='ltr'><strong>sed</strong></span> <span class='ocrx_word' id='word_1_730' title='bbox 2229 2374 2453 2435; x_wconf 84' lang='lat' dir='ltr'><strong>eatenus</strong></span> <span class='ocrx_word' id='word_1_731' title='bbox 2483 2367 2857 2418; x_wconf 86' lang='lat' dir='ltr'><strong>tantummodo</strong></span> <span class='ocrx_word' id='word_1_732' title='bbox 2890 2367 3060 2422; x_wconf 83' lang='lat' dir='ltr'><strong>fuisse</strong></span> <span class='ocrx_word' id='word_1_733' title='bbox 3088 2377 3286 2435; x_wconf 68' lang='lat' dir='ltr'><strong>vatem,</strong></span> <span class='ocrx_word' id='word_1_734' title='bbox 3306 2384 3442 2435; x_wconf 90' lang='lat' dir='ltr'><strong>qua-</strong></span> 
     </span>
    </p>
   </div>
   <div class='ocr_carea' id='block_1_112' title="bbox 1887 2431 3444 2505">
    <p class='ocr_par' dir='ltr' id='par_1_112' title="bbox 1887 2431 3444 2505">
     <span class='ocr_line' id='line_1_114' title="bbox 1887 2431 3444 2505; baseline 0.004 -18"><span class='ocrx_word' id='word_1_735' title='bbox 1887 2442 2045 2488; x_wconf 90' lang='lat' dir='ltr'><strong>tenus</strong></span> <span class='ocrx_word' id='word_1_736' title='bbox 2065 2445 2218 2505; x_wconf 83' lang='lat' dir='ltr'><strong>pater</strong></span> <span class='ocrx_word' id='word_1_737' title='bbox 2232 2434 2348 2501; x_wconf 88' lang='lat' dir='ltr'><strong>ejus</strong></span> <span class='ocrx_word' id='word_1_738' title='bbox 2374 2435 2738 2505; x_wconf 82' lang='lat' dir='ltr'><strong>Amphiaraus</strong></span> <span class='ocrx_word' id='word_1_739' title='bbox 2767 2437 3092 2491; x_wconf 87' lang='lat' dir='ltr'><strong>vaticinatus</strong></span> <span class='ocrx_word' id='word_1_740' title='bbox 3113 2431 3444 2493; x_wconf 73' lang='lat' dir='ltr'><strong>est.&quot;Verum</strong></span> 
     </span>
    </p>
   </div>
   <div class='ocr_carea' id='block_1_113' title="bbox 1886 2503 3442 2573">
    <p class='ocr_par' dir='ltr' id='par_1_113' title="bbox 1886 2503 3442 2573">
     <span class='ocr_line' id='line_1_115' title="bbox 1886 2503 3442 2573; baseline 0.001 -16"><span class='ocrx_word' id='word_1_741' title='bbox 1886 2518 1992 2558; x_wconf 88' lang='lat' dir='ltr'><strong>non</strong></span> <span class='ocrx_word' id='word_1_742' title='bbox 2021 2503 2191 2560; x_wconf 84' lang='lat' dir='ltr'><strong>solum</strong></span> <span class='ocrx_word' id='word_1_743' title='bbox 2219 2505 2488 2560; x_wconf 88' lang='lat' dir='ltr'><strong>Diodorus</strong></span> <span class='ocrx_word' id='word_1_744' title='bbox 2533 2503 2766 2570; x_wconf 89' lang='lat' dir='ltr'><strong>Siculus,</strong></span> <span class='ocrx_word' id='word_1_745' title='bbox 2791 2507 2886 2560; x_wconf 91' lang='lat' dir='ltr'><strong>sed</strong></span> <span class='ocrx_word' id='word_1_746' title='bbox 2926 2507 3225 2562; x_wconf 86' lang='lat' dir='ltr'><strong>Pausanias</strong></span> <span class='ocrx_word' id='word_1_747' title='bbox 3253 2510 3442 2573; x_wconf 85' lang='lat' dir='ltr'><strong>etiam,</strong></span> 
     </span>
    </p>
   </div>
   <div class='ocr_carea' id='block_1_114' title="bbox 1885 2573 3441 2643">
    <p class='ocr_par' dir='ltr' id='par_1_114' title="bbox 1885 2573 3441 2643">
     <span class='ocr_line' id='line_1_116' title="bbox 1885 2573 3441 2643; baseline 0.003 -16"><span class='ocrx_word' id='word_1_748' title='bbox 1885 2573 2090 2640; x_wconf 88' lang='lat' dir='ltr'><strong>aliique</strong></span> <span class='ocrx_word' id='word_1_749' title='bbox 2116 2575 2362 2643; x_wconf 78' lang='lat' dir='ltr'><strong>plurade</strong></span> <span class='ocrx_word' id='word_1_750' title='bbox 2396 2576 2494 2629; x_wconf 88' lang='lat' dir='ltr'><strong>hoc</strong></span> <span class='ocrx_word' id='word_1_751' title='bbox 2523 2575 2827 2630; x_wconf 65' lang='lat' dir='ltr'><strong>Alcmaeone</strong></span> <span class='ocrx_word' id='word_1_752' title='bbox 2852 2587 3148 2631; x_wconf 89' lang='lat' dir='ltr'><strong>narrantet</strong></span> <span class='ocrx_word' id='word_1_753' title='bbox 3185 2577 3441 2632; x_wconf 84' lang='lat' dir='ltr'><strong>fabulan-</strong></span> 
     </span>
    </p>
   </div>
   <div class='ocr_carea' id='block_1_115' title="bbox 1888 2643 3444 2704">
    <p class='ocr_par' dir='ltr' id='par_1_115' title="bbox 1888 2643 3444 2704">
     <span class='ocr_line' id='line_1_117' title="bbox 1888 2643 3444 2704; baseline 0.004 -6"><span class='ocrx_word' id='word_1_754' title='bbox 1888 2655 1975 2698; x_wconf 90' lang='lat' dir='ltr'><strong>tur</strong></span> <span class='ocrx_word' id='word_1_755' title='bbox 1998 2645 2066 2699; x_wconf 82' lang='grc'><strong>⁷⁷.</strong></span> <span class='ocrx_word' id='word_1_756' title='bbox 2100 2644 2311 2699; x_wconf 86' lang='lat' dir='ltr'><strong>addidit</strong></span> <span class='ocrx_word' id='word_1_757' title='bbox 2344 2655 2524 2698; x_wconf 89' lang='lat' dir='ltr'><strong>autem</strong></span> <span class='ocrx_word' id='word_1_758' title='bbox 2565 2643 2863 2699; x_wconf 88' lang='lat' dir='ltr'><strong>Pausanias</strong></span> <span class='ocrx_word' id='word_1_759' title='bbox 2895 2646 3043 2702; x_wconf 89' lang='lat' dir='ltr'><strong>illum</strong></span> <span class='ocrx_word' id='word_1_760' title='bbox 3073 2662 3137 2700; x_wconf 78' lang='lat' dir='ltr'><strong>ex</strong></span> <span class='ocrx_word' id='word_1_761' title='bbox 3172 2647 3444 2704; x_wconf 87' lang='lat' dir='ltr'><strong>Callirhoe</strong></span> 
     </span>
    </p>
   </div>
   <div class='ocr_carea' id='block_1_116' title="bbox 1885 2714 3441 2787">
    <p class='ocr_par' dir='ltr' id='par_1_116' title="bbox 1885 2714 3441 2787">
     <span class='ocr_line' id='line_1_118' title="bbox 1885 2714 3441 2787; baseline 0.003 -19"><span class='ocrx_word' id='word_1_762' title='bbox 1885 2716 2119 2768; x_wconf 86' lang='lat' dir='ltr'><strong>secunda</strong></span> <span class='ocrx_word' id='word_1_763' title='bbox 2153 2728 2449 2787; x_wconf 66' lang='lat' dir='ltr'><strong>uxoresua</strong></span> <span class='ocrx_word' id='word_1_764' title='bbox 2481 2714 2731 2787; x_wconf 79' lang='lat' dir='ltr'><strong>genuisse</strong></span> <span class='ocrx_word' id='word_1_765' title='bbox 2749 2715 3085 2787; x_wconf 88' lang='lat' dir='ltr'><strong>Acarnaneln</strong></span> <span class='ocrx_word' id='word_1_766' title='bbox 3119 2718 3441 2787; x_wconf 81' lang='lat' dir='ltr'><strong>etAmpho-</strong></span> 
     </span>
    </p>
   </div>
   <div class='ocr_carea' id='block_1_117' title="bbox 1885 2781 3456 2853">
    <p class='ocr_par' dir='ltr' id='par_1_117' title="bbox 1885 2781 3456 2853">
     <span class='ocr_line' id='line_1_119' title="bbox 1885 2781 3456 2853; baseline 0.003 -15"><span class='ocrx_word' id='word_1_767' title='bbox 1885 2792 2084 2846; x_wconf 82' lang='lat' dir='ltr'><strong>return.</strong></span> <span class='ocrx_word' id='word_1_768' title='bbox 2116 2794 2278 2853; x_wconf 82' lang='lat' dir='ltr'><strong>atque</strong></span> <span class='ocrx_word' id='word_1_769' title='bbox 2296 2784 2366 2838; x_wconf 88' lang='lat' dir='ltr'><strong>ab</strong></span> <span class='ocrx_word' id='word_1_770' title='bbox 2390 2781 2676 2838; x_wconf 81' lang='lat' dir='ltr'><strong>Acarnane</strong></span> <span class='ocrx_word' id='word_1_771' title='bbox 2699 2784 3075 2840; x_wconf 89' lang='lat' dir='ltr'><strong>denominatos</strong></span> <span class='ocrx_word' id='word_1_772' title='bbox 3101 2781 3456 2852; x_wconf 58' lang='lat' dir='ltr'><strong>Acarna&#39;nes,’</strong></span> 
     </span>
    </p>
   </div>
   <div class='ocr_carea' id='block_1_118' title="bbox 1884 2854 3439 2922">
    <p class='ocr_par' dir='ltr' id='par_1_118' title="bbox 1884 2854 3439 2922">
     <span class='ocr_line' id='line_1_120' title="bbox 1884 2854 3439 2922; baseline 0.005 -17"><span class='ocrx_word' id='word_1_773' title='bbox 1884 2854 1975 2922; x_wconf 92' lang='lat' dir='ltr'><strong>qui</strong></span> <span class='ocrx_word' id='word_1_774' title='bbox 2027 2855 2178 2922; x_wconf 91' lang='lat' dir='ltr'><strong>prius</strong></span> <span class='ocrx_word' id='word_1_775' title='bbox 2227 2855 2458 2909; x_wconf 89' lang='lat' dir='ltr'><strong>Curetes</strong></span> <span class='ocrx_word' id='word_1_776' title='bbox 2509 2857 2865 2908; x_wconf 86' lang='lat' dir='ltr'><strong>vocabantur.</strong></span> <span class='ocrx_word' id='word_1_777' title='bbox 2918 2855 3196 2922; x_wconf 87' lang='lat' dir='ltr'><strong>Quomodo</strong></span> <span class='ocrx_word' id='word_1_778' title='bbox 3253 2868 3439 2913; x_wconf 89' lang='lat' dir='ltr'><strong>autem</strong></span> 
     </span>
    </p>
   </div>
   <div class='ocr_carea' id='block_1_119' title="bbox 1884 2922 3439 2991">
    <p class='ocr_par' dir='ltr' id='par_1_119' title="bbox 1884 2922 3439 2991">
     <span class='ocr_line' id='line_1_121' title="bbox 1884 2922 3439 2991; baseline 0.004 -16"><span class='ocrx_word' id='word_1_779' title='bbox 1884 2932 2038 2977; x_wconf 89' lang='lat' dir='ltr'><strong>vates</strong></span> <span class='ocrx_word' id='word_1_780' title='bbox 2061 2924 2242 2989; x_wconf 87' lang='lat' dir='ltr'><strong>fuerit,</strong></span> <span class='ocrx_word' id='word_1_781' title='bbox 2277 2925 2350 2978; x_wconf 88' lang='lat' dir='ltr'><strong>ibi</strong></span> <span class='ocrx_word' id='word_1_782' title='bbox 2374 2922 2674 2978; x_wconf 84' lang='lat' dir='ltr'><strong>Pausanias</strong></span> <span class='ocrx_word' id='word_1_783' title='bbox 2706 2925 2926 2981; x_wconf 90' lang='lat' dir='ltr'><strong>omnino</strong></span> <span class='ocrx_word' id='word_1_784' title='bbox 2955 2925 3108 2991; x_wconf 89' lang='lat' dir='ltr'><strong>silet;</strong></span> <span class='ocrx_word' id='word_1_785' title='bbox 3147 2927 3246 2981; x_wconf 89' lang='lat' dir='ltr'><strong>nisi</strong></span> <span class='ocrx_word' id='word_1_786' title='bbox 3297 2926 3439 2982; x_wconf 88' lang='lat' dir='ltr'><strong>forte</strong></span> 
     </span>
    </p>
   </div>
   <div class='ocr_carea' id='block_1_120' title="bbox 1883 2991 3438 3065">
    <p class='ocr_par' dir='ltr' id='par_1_120' title="bbox 1883 2991 3438 3065">
     <span class='ocr_line' id='line_1_122' title="bbox 1883 2991 3438 3065; baseline 0.005 -20"><span class='ocrx_word' id='word_1_787' title='bbox 1883 2991 1937 3065; x_wconf 79' lang='lat' dir='ltr'><strong>i_d</strong></span> <span class='ocrx_word' id='word_1_788' title='bbox 1966 2993 2284 3065; x_wconf 85' lang='lat' dir='ltr'><strong>conjiciendi</strong></span> <span class='ocrx_word' id='word_1_789' title='bbox 2308 2995 2439 3065; x_wconf 84' lang='lat' dir='ltr'><strong>inde</strong></span> <span class='ocrx_word' id='word_1_790' title='bbox 2452 2994 2626 3048; x_wconf 89' lang='lat' dir='ltr'><strong>locum</strong></span> <span class='ocrx_word' id='word_1_791' title='bbox 2663 2995 2956 3065; x_wconf 86' lang='lat' dir='ltr'><strong>relinquat,</strong></span> <span class='ocrx_word' id='word_1_792' title='bbox 2984 2999 3124 3065; x_wconf 91' lang='lat' dir='ltr'><strong>quod</strong></span> <span class='ocrx_word' id='word_1_793' title='bbox 3152 2999 3438 3052; x_wconf 87' lang='lat' dir='ltr'><strong>tradiderit</strong></span> 
     </span>
    </p>
   </div>
   <div class='ocr_carea' id='block_1_121' title="bbox 1884 3061 3437 3136">
    <p class='ocr_par' dir='ltr' id='par_1_121' title="bbox 1884 3061 3437 3136">
     <span class='ocr_line' id='line_1_123' title="bbox 1884 3061 3437 3136; baseline 0.005 -20"><span class='ocrx_word' id='word_1_794' title='bbox 1884 3061 2154 3136; x_wconf 79' lang='lat' dir='ltr'><strong>Psophide</strong></span> <span class='ocrx_word' id='word_1_795' title='bbox 2201 3065 2343 3119; x_wconf 85' lang='lat' dir='ltr'><strong>circa</strong></span> <span class='ocrx_word' id='word_1_796' title='bbox 2394 3063 2511 3132; x_wconf 90' lang='lat' dir='ltr'><strong>ejus</strong></span> <span class='ocrx_word' id='word_1_797' title='bbox 2561 3061 2835 3136; x_wconf 80' lang='lat' dir='ltr'><strong>tumulum</strong></span> <span class='ocrx_word' id='word_1_798' title='bbox 2879 3061 3117 3122; x_wconf 74' lang='lat' dir='ltr'><strong>crevisse</strong></span> <span class='ocrx_word' id='word_1_799' title='bbox 3156 3082 3220 3120; x_wconf 91' lang='lat' dir='ltr'><strong>eo</strong></span> <span class='ocrx_word' id='word_1_800' title='bbox 3263 3082 3437 3136; x_wconf 87' lang='lat' dir='ltr'><strong>usque</strong></span> 
     </span>
    </p>
   </div>
   <div class='ocr_carea' id='block_1_122' title="bbox 1876 3134 3446 3203">
    <p class='ocr_par' dir='ltr' id='par_1_122' title="bbox 1876 3134 3446 3203">
     <span class='ocr_line' id='line_1_124' title="bbox 1876 3134 3446 3203; baseline 0.004 -16"><span class='ocrx_word' id='word_1_801' title='bbox 1876 3134 2188 3203; x_wconf 76' lang='lat' dir='ltr'><strong>cupressos,</strong></span> <span class='ocrx_word' id='word_1_802' title='bbox 2219 3145 2277 3188; x_wconf 91' lang='lat' dir='ltr'><strong>ut</strong></span> <span class='ocrx_word' id='word_1_803' title='bbox 2297 3150 2485 3189; x_wconf 88' lang='lat' dir='ltr'><strong>earnm</strong></span> <span class='ocrx_word' id='word_1_804' title='bbox 2515 3134 3446 3203; x_wconf 82' lang='lat' dir='ltr'><strong>proceritatemonsobumbraretur.</strong></span> 
     </span>
    </p>
   </div>
   <div class='ocr_carea' id='block_1_123' title="bbox 1875 3203 3438 3273">
    <p class='ocr_par' dir='ltr' id='par_1_123' title="bbox 1875 3203 3438 3273">
     <span class='ocr_line' id='line_1_125' title="bbox 1875 3203 3438 3273; baseline 0.005 -17"><span class='ocrx_word' id='word_1_805' title='bbox 1875 3203 1982 3258; x_wconf 90' lang='lat' dir='ltr'><strong>Eas</strong></span> <span class='ocrx_word' id='word_1_806' title='bbox 2019 3219 2149 3259; x_wconf 91' lang='lat' dir='ltr'><strong>vero</strong></span> <span class='ocrx_word' id='word_1_807' title='bbox 2179 3219 2285 3258; x_wconf 91' lang='lat' dir='ltr'><strong>non</strong></span> <span class='ocrx_word' id='word_1_808' title='bbox 2317 3204 2474 3270; x_wconf 65' lang='lat' dir='ltr'><strong>caedi,</strong></span> <span class='ocrx_word' id='word_1_809' title='bbox 2519 3204 2716 3273; x_wconf 88' lang='lat' dir='ltr'><strong>quippe</strong></span> <span class='ocrx_word' id='word_1_810' title='bbox 2757 3219 2890 3272; x_wconf 89' lang='lat' dir='ltr'><strong>quas</strong></span> <span class='ocrx_word' id='word_1_811' title='bbox 2925 3205 3220 3261; x_wconf 74' lang='lat' dir='ltr'><strong>Alcmazoni</strong></span> <span class='ocrx_word' id='word_1_812' title='bbox 3252 3222 3438 3264; x_wconf 83' lang='lat' dir='ltr'><strong>sacras</strong></span> 
     </span>
    </p>
   </div>
   <div class='ocr_carea' id='block_1_124' title="bbox 1877 3275 3436 3346">
    <p class='ocr_par' dir='ltr' id='par_1_124' title="bbox 1877 3275 3436 3346">
     <span class='ocr_line' id='line_1_126' title="bbox 1877 3275 3436 3346; baseline 0.004 -19"><span class='ocrx_word' id='word_1_813' title='bbox 1877 3284 2070 3346; x_wconf 82' lang='lat' dir='ltr'><strong>putent</strong></span> <span class='ocrx_word' id='word_1_814' title='bbox 2124 3276 2421 3344; x_wconf 64' lang='lat' dir='ltr'><strong>indigenae,</strong></span> <span class='ocrx_word' id='word_1_815' title='bbox 2461 3275 2800 3346; x_wconf 84' lang='lat' dir='ltr'><strong>easdemque</strong></span> <span class='ocrx_word' id='word_1_816' title='bbox 2850 3276 3089 3346; x_wconf 81' lang='lat' dir='ltr'><strong>virgines</strong></span> <span class='ocrx_word' id='word_1_817' title='bbox 3145 3277 3436 3345; x_wconf 85' lang='lat' dir='ltr'><strong>appellent.</strong></span> 
     </span>
    </p>
   </div>
   <div class='ocr_carea' id='block_1_125' title="bbox 1879 3344 3436 3416">
    <p class='ocr_par' dir='ltr' id='par_1_125' title="bbox 1879 3344 3436 3416">
     <span class='ocr_line' id='line_1_127' title="bbox 1879 3344 3436 3416; baseline 0.004 -20"><span class='ocrx_word' id='word_1_818' title='bbox 1879 3344 2066 3416; x_wconf 86' lang='lat' dir='ltr'><strong>Utrum</strong></span> <span class='ocrx_word' id='word_1_819' title='bbox 2104 3354 2281 3416; x_wconf 82' lang='lat' dir='ltr'><strong>tamen</strong></span> <span class='ocrx_word' id='word_1_820' title='bbox 2330 3346 2402 3400; x_wconf 91' lang='lat' dir='ltr'><strong>ibi</strong></span> <span class='ocrx_word' id='word_1_821' title='bbox 2443 3345 2714 3416; x_wconf 71' lang='lat' dir='ltr'><strong>Alcmaeon</strong></span> <span class='ocrx_word' id='word_1_822' title='bbox 2758 3344 2974 3401; x_wconf 82' lang='lat' dir='ltr'><strong>oracula</strong></span> <span class='ocrx_word' id='word_1_823' title='bbox 3007 3344 3232 3416; x_wconf 75' lang='lat' dir='ltr'><strong>fuderit,</strong></span> <span class='ocrx_word' id='word_1_824' title='bbox 3275 3360 3436 3416; x_wconf 84' lang='lat' dir='ltr'><strong>atque</strong></span> 
     </span>
    </p>
   </div>
   <div class='ocr_carea' id='block_1_126' title="bbox 1876 3413 3437 3483">
    <p class='ocr_par' dir='ltr' id='par_1_126' title="bbox 1876 3413 3437 3483">
     <span class='ocr_line' id='line_1_128' title="bbox 1876 3413 3437 3483; baseline 0.001 -14"><span class='ocrx_word' id='word_1_825' title='bbox 1876 3415 2082 3470; x_wconf 89' lang='lat' dir='ltr'><strong>idcirco</strong></span> <span class='ocrx_word' id='word_1_826' title='bbox 2135 3431 2163 3468; x_wconf 90' lang='lat' dir='ltr'><strong>a</strong></span> <span class='ocrx_word' id='word_1_827' title='bbox 2201 3415 2485 3470; x_wconf 88' lang='lat' dir='ltr'><strong>Clemente</strong></span> <span class='ocrx_word' id='word_1_828' title='bbox 2537 3413 2678 3483; x_wconf 89' lang='lat' dir='ltr'><strong>apud</strong></span> <span class='ocrx_word' id='word_1_829' title='bbox 2731 3417 3041 3471; x_wconf 84' lang='lat' dir='ltr'><strong>Acarnanes</strong></span> <span class='ocrx_word' id='word_1_830' title='bbox 3077 3413 3437 3471; x_wconf 67' lang='lat' dir='ltr'><strong>fatidicusdi-</strong></span> 
     </span>
    </p>
   </div>
   <div class='ocr_carea' id='block_1_127' title="bbox 1881 3485 3447 3550">
    <p class='ocr_par' dir='ltr' id='par_1_127' title="bbox 1881 3485 3447 3550">
     <span class='ocr_line' id='line_1_129' title="bbox 1881 3485 3447 3550; baseline 0.001 -13"><span class='ocrx_word' id='word_1_831' title='bbox 1881 3495 2058 3548; x_wconf 82' lang='lat' dir='ltr'><strong>catur,</strong></span> <span class='ocrx_word' id='word_1_832' title='bbox 2083 3485 2312 3540; x_wconf 86' lang='lat' dir='ltr'><strong>definire</strong></span> <span class='ocrx_word' id='word_1_833' title='bbox 2332 3485 2559 3550; x_wconf 79' lang='lat' dir='ltr'><strong>omnino</strong></span> <span class='ocrx_word' id='word_1_834' title='bbox 2591 3498 2695 3537; x_wconf 92' lang='lat' dir='ltr'><strong>non</strong></span> <span class='ocrx_word' id='word_1_835' title='bbox 2727 3486 3008 3539; x_wconf 88' lang='lat' dir='ltr'><strong>audemus.</strong></span> <span class='ocrx_word' id='word_1_836' title='bbox 3442 3489 3447 3532; x_wconf 69' lang='grc' dir='ltr'>ι</span> 
     </span>
    </p>
   </div>
   <div class='ocr_carea' id='block_1_128' title="bbox 1892 3553 3436 3625">
    <p class='ocr_par' dir='ltr' id='par_1_128' title="bbox 1892 3553 3436 3625">
     <span class='ocr_line' id='line_1_130' title="bbox 1892 3553 3436 3625; baseline 0.003 -17"><span class='ocrx_word' id='word_1_837' title='bbox 1892 3569 1910 3625; x_wconf 64' lang='lat' dir='ltr'><strong>t</strong></span> <span class='ocrx_word' id='word_1_838' title='bbox 1945 3556 2107 3609; x_wconf 75' lang='lat' dir='ltr'><strong>Amas</strong></span> <span class='ocrx_word' id='word_1_839' title='bbox 2139 3570 2354 3625; x_wconf 80' lang='lat' dir='ltr'><strong>quoque</strong></span> <span class='ocrx_word' id='word_1_840' title='bbox 2390 3556 2446 3608; x_wconf 87' lang='lat' dir='ltr'><strong>in</strong></span> <span class='ocrx_word' id='word_1_841' title='bbox 2488 3553 2643 3625; x_wconf 81' lang='lat' dir='ltr'><strong>Delo,</strong></span> <span class='ocrx_word' id='word_1_842' title='bbox 2677 3555 2855 3623; x_wconf 81' lang='lat' dir='ltr'><strong>pergit</strong></span> <span class='ocrx_word' id='word_1_843' title='bbox 2899 3555 3152 3610; x_wconf 87' lang='lat' dir='ltr'><strong>Clemens</strong></span> <span class='ocrx_word' id='word_1_844' title='bbox 3173 3556 3240 3618; x_wconf 72' lang='grc'><strong>⁷⁸.</strong></span> <span class='ocrx_word' id='word_1_845' title='bbox 3279 3564 3436 3612; x_wconf 86' lang='lat' dir='ltr'><strong>vales</strong></span> 
     </span>
    </p>
   </div>
   <div class='ocr_carea' id='block_1_129' title="bbox 1874 3623 3435 3694">
    <p class='ocr_par' dir='ltr' id='par_1_129' title="bbox 1874 3623 3435 3694">
     <span class='ocr_line' id='line_1_131' title="bbox 1874 3623 3435 3694; baseline 0.003 -17"><span class='ocrx_word' id='word_1_846' title='bbox 1874 3623 2169 3680; x_wconf 28' lang='lat' dir='ltr'><strong>fuit.»Sed’</strong></span> <span class='ocrx_word' id='word_1_847' title='bbox 2203 3623 2470 3680; x_wconf 85' lang='lat' dir='ltr'><strong>Hervetus</strong></span> <span class='ocrx_word' id='word_1_848' title='bbox 2524 3624 2907 3679; x_wconf 88' lang='lat' dir='ltr'><strong>animadvertit</strong></span> <span class='ocrx_word' id='word_1_849' title='bbox 2956 3626 3100 3679; x_wconf 87' lang='lat' dir='ltr'><strong>illum</strong></span> <span class='ocrx_word' id='word_1_850' title='bbox 3133 3642 3162 3679; x_wconf 91' lang='lat' dir='ltr'><strong>a</strong></span> <span class='ocrx_word' id='word_1_851' title='bbox 3209 3626 3435 3694; x_wconf 76' lang='lat' dir='ltr'><strong>Virgilio</strong></span> 
     </span>
    </p>
   </div>
   <div class='ocr_carea' id='block_1_130' title="bbox 1876 3694 3434 3764">
    <p class='ocr_par' dir='ltr' id='par_1_130' title="bbox 1876 3694 3434 3764">
     <span class='ocr_line' id='line_1_132' title="bbox 1876 3694 3434 3764; baseline 0.001 -15"><span class='ocrx_word' id='word_1_852' title='bbox 1876 3709 2056 3762; x_wconf 81' lang='lat' dir='ltr'><strong>regem</strong></span> <span class='ocrx_word' id='word_1_853' title='bbox 2089 3704 2145 3750; x_wconf 90' lang='lat' dir='ltr'><strong>et</strong></span> <span class='ocrx_word' id='word_1_854' title='bbox 2170 3695 2507 3749; x_wconf 90' lang='lat' dir='ltr'><strong>sacerdotem</strong></span> <span class='ocrx_word' id='word_1_855' title='bbox 2550 3694 2819 3762; x_wconf 88' lang='lat' dir='ltr'><strong>Apollinis</strong></span> <span class='ocrx_word' id='word_1_856' title='bbox 2843 3695 2971 3759; x_wconf 87' lang='lat' dir='ltr'><strong>dici,</strong></span> <span class='ocrx_word' id='word_1_857' title='bbox 3014 3697 3104 3750; x_wconf 91' lang='lat' dir='ltr'><strong>sed</strong></span> <span class='ocrx_word' id='word_1_858' title='bbox 3135 3698 3274 3764; x_wconf 89' lang='lat' dir='ltr'><strong>quod</strong></span> <span class='ocrx_word' id='word_1_859' title='bbox 3317 3695 3434 3750; x_wconf 81' lang='lat' dir='ltr'><strong>fue-</strong></span> 
     </span>
    </p>
   </div>
   <div class='ocr_carea' id='block_1_131' title="bbox 1875 3764 3435 3836">
    <p class='ocr_par' dir='ltr' id='par_1_131' title="bbox 1875 3764 3435 3836">
     <span class='ocr_line' id='line_1_133' title="bbox 1875 3764 3435 3836; baseline 0.003 -19"><span class='ocrx_word' id='word_1_860' title='bbox 1875 3765 1944 3836; x_wconf 85' lang='lat' dir='ltr'><strong>rit</strong></span> <span class='ocrx_word' id='word_1_861' title='bbox 1975 3774 2146 3829; x_wconf 87' lang='lat' dir='ltr'><strong>vates,</strong></span> <span class='ocrx_word' id='word_1_862' title='bbox 2170 3764 2360 3836; x_wconf 76' lang='lat' dir='ltr'><strong>nullibj</strong></span> <span class='ocrx_word' id='word_1_863' title='bbox 2386 3765 2692 3836; x_wconf 82' lang='lat' dir='ltr'><strong>selegisse.</strong></span> <span class='ocrx_word' id='word_1_864' title='bbox 2717 3765 2797 3836; x_wconf 81' lang='lat' dir='ltr'><strong>At</strong></span> <span class='ocrx_word' id='word_1_865' title='bbox 2821 3776 2969 3820; x_wconf 90' lang='lat' dir='ltr'><strong>certe</strong></span> <span class='ocrx_word' id='word_1_866' title='bbox 2995 3767 3060 3819; x_wconf 92' lang='lat' dir='ltr'><strong>ab</strong></span> <span class='ocrx_word' id='word_1_867' title='bbox 3087 3766 3178 3836; x_wconf 90' lang='lat' dir='ltr'><strong>illo</strong></span> <span class='ocrx_word' id='word_1_868' title='bbox 3209 3767 3309 3836; x_wconf 84' lang='lat' dir='ltr'><strong>legi</strong></span> <span class='ocrx_word' id='word_1_869' title='bbox 3338 3768 3435 3821; x_wconf 89' lang='lat' dir='ltr'><strong>de-</strong></span> 
     </span>
    </p>
   </div>
   <div class='ocr_carea' id='block_1_132' title="bbox 1873 3833 3434 3902">
    <p class='ocr_par' dir='ltr' id='par_1_132' title="bbox 1873 3833 3434 3902">
     <span class='ocr_line' id='line_1_134' title="bbox 1873 3833 3434 3902; baseline 0.001 -14"><span class='ocrx_word' id='word_1_870' title='bbox 1873 3833 2065 3889; x_wconf 86' lang='lat' dir='ltr'><strong>buerat</strong></span> <span class='ocrx_word' id='word_1_871' title='bbox 2089 3835 2309 3902; x_wconf 90' lang='lat' dir='ltr'><strong>quintus</strong></span> <span class='ocrx_word' id='word_1_872' title='bbox 2335 3833 2555 3888; x_wconf 87' lang='lat' dir='ltr'><strong>Diodori</strong></span> <span class='ocrx_word' id='word_1_873' title='bbox 2583 3834 2747 3889; x_wconf 91' lang='lat' dir='ltr'><strong>Siculi</strong></span> <span class='ocrx_word' id='word_1_874' title='bbox 2787 3835 2922 3890; x_wconf 88' lang='lat' dir='ltr'><strong>liber</strong></span> <span class='ocrx_word' id='word_1_875' title='bbox 2941 3836 3006 3899; x_wconf 71' lang='grc'><strong>⁷⁸,</strong></span> <span class='ocrx_word' id='word_1_876' title='bbox 3044 3837 3133 3888; x_wconf 90' lang='lat' dir='ltr'><strong>ubi</strong></span> <span class='ocrx_word' id='word_1_877' title='bbox 3159 3833 3285 3890; x_wconf 67' lang='lat' dir='ltr'><strong>hinc</strong></span> <span class='ocrx_word' id='word_1_878' title='bbox 3305 3837 3434 3890; x_wconf 84' lang='lat' dir='ltr'><strong>toti-</strong></span> 
     </span>
    </p>
   </div>
   <div class='ocr_carea' id='block_1_133' title="bbox 1873 3904 3432 3972">
    <p class='ocr_par' dir='ltr' id='par_1_133' title="bbox 1873 3904 3432 3972">
     <span class='ocr_line' id='line_1_135' title="bbox 1873 3904 3432 3972; baseline 0.001 -14"><span class='ocrx_word' id='word_1_879' title='bbox 1873 3905 1993 3958; x_wconf 88' lang='lat' dir='ltr'><strong>dem</strong></span> <span class='ocrx_word' id='word_1_880' title='bbox 2021 3904 2200 3959; x_wconf 88' lang='lat' dir='ltr'><strong>verbis</strong></span> <span class='ocrx_word' id='word_1_881' title='bbox 2228 3905 2493 3958; x_wconf 88' lang='lat' dir='ltr'><strong>habentur</strong></span> <span class='ocrx_word' id='word_1_882' title='bbox 2523 3920 2536 3957; x_wconf 93' lang='lat'>:</span> <span class='ocrx_word' id='word_1_883' title='bbox 2572 3922 2592 3955; x_wconf 73' lang='grc' dir='ltr'><strong><em>ι</em></strong></span> <span class='ocrx_word' id='word_1_884' title='bbox 2631 3905 2880 3972; x_wconf 85' lang='lat' dir='ltr'><strong>Staphilo</strong></span> <span class='ocrx_word' id='word_1_885' title='bbox 2915 3914 2966 3961; x_wconf 86' lang='lat' dir='ltr'><strong>et</strong></span> <span class='ocrx_word' id='word_1_886' title='bbox 2996 3905 3432 3961; x_wconf 85' lang='lat' dir='ltr'><strong>Cbrisothemide</strong></span> 
     </span>
    </p>
   </div>
   <div class='ocr_carea' id='block_1_134' title="bbox 1874 3974 3429 4044">
    <p class='ocr_par' dir='ltr' id='par_1_134' title="bbox 1874 3974 3429 4044">
     <span class='ocr_line' id='line_1_136' title="bbox 1874 3974 3429 4044; baseline 0 -16"><span class='ocrx_word' id='word_1_887' title='bbox 1874 3985 1985 4029; x_wconf 91' lang='lat' dir='ltr'><strong>tres</strong></span> <span class='ocrx_word' id='word_1_888' title='bbox 2027 3986 2166 4028; x_wconf 65' lang='lat' dir='ltr'><strong>natae</strong></span> <span class='ocrx_word' id='word_1_889' title='bbox 2210 3982 2336 4028; x_wconf 90' lang='lat' dir='ltr'><strong>sunt</strong></span> <span class='ocrx_word' id='word_1_890' title='bbox 2383 3975 2524 4039; x_wconf 81' lang='lat' dir='ltr'><strong>ﬁliae,</strong></span> <span class='ocrx_word' id='word_1_891' title='bbox 2563 3974 2864 4044; x_wconf 85' lang='lat' dir='ltr'><strong>Molpoedia,</strong></span> <span class='ocrx_word' id='word_1_892' title='bbox 2923 3974 3140 4041; x_wconf 80' lang='lat' dir='ltr'><strong>Rhoaeo,</strong></span> <span class='ocrx_word' id='word_1_893' title='bbox 3195 3987 3250 4030; x_wconf 88' lang='lat' dir='ltr'><strong>et</strong></span> <span class='ocrx_word' id='word_1_894' title='bbox 3292 3976 3429 4030; x_wconf 88' lang='lat' dir='ltr'><strong>Par-</strong></span> 
     </span>
    </p>
   </div>
   <div class='ocr_carea' id='block_1_135' title="bbox 1875 4044 3427 4115">
    <p class='ocr_par' dir='ltr' id='par_1_135' title="bbox 1875 4044 3427 4115">
     <span class='ocr_line' id='line_1_137' title="bbox 1875 4044 3427 4115; baseline 0.002 -18"><span class='ocrx_word' id='word_1_895' title='bbox 1875 4046 2085 4115; x_wconf 79' lang='lat' dir='ltr'><strong>thenos.</strong></span> <span class='ocrx_word' id='word_1_896' title='bbox 2120 4044 2416 4115; x_wconf 69' lang='lat' dir='ltr'><strong>Rhomuem</strong></span> <span class='ocrx_word' id='word_1_897' title='bbox 2451 4045 2641 4114; x_wconf 86' lang='lat' dir='ltr'><strong>Apollo</strong></span> <span class='ocrx_word' id='word_1_898' title='bbox 2671 4046 2993 4114; x_wconf 90' lang='lat' dir='ltr'><strong>compressit</strong></span> <span class='ocrx_word' id='word_1_899' title='bbox 3041 4060 3106 4099; x_wconf 85' lang='lat' dir='ltr'><strong>ac</strong></span> <span class='ocrx_word' id='word_1_900' title='bbox 3147 4047 3427 4115; x_wconf 79' lang='lat' dir='ltr'><strong>gravidam</strong></span> 
     </span>
    </p>
   </div>
   <div class='ocr_carea' id='block_1_136' title="bbox 1873 4113 3430 4187">
    <p class='ocr_par' dir='ltr' id='par_1_136' title="bbox 1873 4113 3430 4187">
     <span class='ocr_line' id='line_1_138' title="bbox 1873 4113 3430 4187; baseline 0.002 -19"><span class='ocrx_word' id='word_1_901' title='bbox 1873 4113 2020 4168; x_wconf 89' lang='lat' dir='ltr'><strong>fecit.</strong></span> <span class='ocrx_word' id='word_1_902' title='bbox 2045 4115 2219 4187; x_wconf 76' lang='lat' dir='ltr'><strong>Iratus</strong></span> <span class='ocrx_word' id='word_1_903' title='bbox 2249 4114 2318 4168; x_wconf 93' lang='lat' dir='ltr'><strong>ob</strong></span> <span class='ocrx_word' id='word_1_904' title='bbox 2359 4115 2408 4167; x_wconf 91' lang='lat' dir='ltr'><strong>id</strong></span> <span class='ocrx_word' id='word_1_905' title='bbox 2437 4113 2654 4187; x_wconf 76' lang='lat' dir='ltr'><strong>parens,</strong></span> <span class='ocrx_word' id='word_1_906' title='bbox 2688 4130 2751 4187; x_wconf 87' lang='lat' dir='ltr'><strong>ae</strong></span> <span class='ocrx_word' id='word_1_907' title='bbox 2780 4113 2910 4168; x_wconf 82' lang='lat' dir='ltr'><strong>siab</strong></span> <span class='ocrx_word' id='word_1_908' title='bbox 2941 4113 3430 4187; x_wconf 65' lang='grc' dir='ltr'><strong>Ιιοηιὶηέειυρηιια</strong></span> 
     </span>
    </p>
   </div>
   <div class='ocr_carea' id='block_1_137' title="bbox 1870 4185 3427 4255">
    <p class='ocr_par' dir='ltr' id='par_1_137' title="bbox 1870 4185 3427 4255">
     <span class='ocr_line' id='line_1_139' title="bbox 1870 4185 3427 4255; baseline 0.002 -16"><span class='ocrx_word' id='word_1_909' title='bbox 1870 4194 2038 4248; x_wconf 88' lang='lat' dir='ltr'><strong>esset,</strong></span> <span class='ocrx_word' id='word_1_910' title='bbox 2069 4185 2232 4255; x_wconf 85' lang='lat' dir='ltr'><strong>filiam</strong></span> <span class='ocrx_word' id='word_1_911' title='bbox 2272 4198 2397 4239; x_wconf 87' lang='lat' dir='ltr'><strong>arce</strong></span> <span class='ocrx_word' id='word_1_912' title='bbox 2441 4185 2698 4239; x_wconf 88' lang='lat' dir='ltr'><strong>inclusam</strong></span> <span class='ocrx_word' id='word_1_913' title='bbox 2739 4185 2790 4238; x_wconf 93' lang='lat' dir='ltr'><strong>in</strong></span> <span class='ocrx_word' id='word_1_914' title='bbox 2823 4200 2971 4239; x_wconf 85' lang='lat' dir='ltr'><strong>mare</strong></span> <span class='ocrx_word' id='word_1_915' title='bbox 3007 4185 3253 4255; x_wconf 87' lang='lat' dir='ltr'><strong>projecit.</strong></span> <span class='ocrx_word' id='word_1_916' title='bbox 3277 4185 3427 4254; x_wconf 65' lang='lat' dir='ltr'><strong>Quae</strong></span> 
     </span>
    </p>
   </div>
   <div class='ocr_carea' id='block_1_138' title="bbox 1873 4253 3425 4324">
    <p class='ocr_par' dir='ltr' id='par_1_138' title="bbox 1873 4253 3425 4324">
     <span class='ocr_line' id='line_1_140' title="bbox 1873 4253 3425 4324; baseline 0.003 -15"><span class='ocrx_word' id='word_1_917' title='bbox 1873 4255 1926 4310; x_wconf 91' lang='lat' dir='ltr'><strong>in</strong></span> <span class='ocrx_word' id='word_1_918' title='bbox 1961 4255 2148 4309; x_wconf 86' lang='lat' dir='ltr'><strong>Delum</strong></span> <span class='ocrx_word' id='word_1_919' title='bbox 2173 4253 2366 4321; x_wconf 88' lang='lat' dir='ltr'><strong>ejecta,</strong></span> <span class='ocrx_word' id='word_1_920' title='bbox 2394 4255 2627 4324; x_wconf 90' lang='lat' dir='ltr'><strong>puellum</strong></span> <span class='ocrx_word' id='word_1_921' title='bbox 2662 4256 2822 4310; x_wconf 84' lang='lat' dir='ltr'><strong>enixa</strong></span> <span class='ocrx_word' id='word_1_922' title='bbox 2853 4267 2959 4320; x_wconf 84' lang='lat' dir='ltr'><strong>est,</strong></span> <span class='ocrx_word' id='word_1_923' title='bbox 2995 4253 3080 4310; x_wconf 82' lang='lat' dir='ltr'><strong>cui</strong></span> <span class='ocrx_word' id='word_1_924' title='bbox 3108 4253 3296 4310; x_wconf 44' lang='grc' dir='ltr'><em>⁷Ἀνιόν</em></span> <span class='ocrx_word' id='word_1_925' title='bbox 3325 4253 3425 4313; x_wconf 82' lang='lat' dir='ltr'><strong>ito-</strong></span> 
     </span>
    </p>
   </div>
   <div class='ocr_carea' id='block_1_139' title="bbox 1871 4324 3427 4402">
    <p class='ocr_par' dir='ltr' id='par_1_139' title="bbox 1871 4324 3427 4402">
     <span class='ocr_line' id='line_1_141' title="bbox 1871 4324 3427 4402; baseline 0.003 -24"><span class='ocrx_word' id='word_1_926' title='bbox 1871 4341 1993 4402; x_wconf 67' lang='lat' dir='ltr'><strong>rnen</strong></span> <span class='ocrx_word' id='word_1_927' title='bbox 2011 4325 2182 4402; x_wconf 52' lang='lat' dir='ltr'><strong>dedit:</strong></span> <span class='ocrx_word' id='word_1_928' title='bbox 2203 4324 2269 4378; x_wconf 83' lang='lat' dir='ltr'><strong>Et</strong></span> <span class='ocrx_word' id='word_1_929' title='bbox 2288 4325 2412 4402; x_wconf 78' lang='lat' dir='ltr'><strong>quia</strong></span> <span class='ocrx_word' id='word_1_930' title='bbox 2442 4335 2640 4402; x_wconf 68' lang='lat' dir='ltr'><strong>praeter</strong></span> <span class='ocrx_word' id='word_1_931' title='bbox 2668 4341 2820 4402; x_wconf 80' lang='lat' dir='ltr'><strong>spem</strong></span> <span class='ocrx_word' id='word_1_932' title='bbox 2840 4341 2871 4380; x_wconf 91' lang='lat' dir='ltr'><strong>e</strong></span> <span class='ocrx_word' id='word_1_933' title='bbox 2891 4326 3208 4402; x_wconf 57' lang='lat' dir='ltr'><strong>discrimine</strong></span> <span class='ocrx_word' id='word_1_934' title='bbox 3238 4338 3427 4398; x_wconf 79' lang='lat' dir='ltr'><strong>erepta</strong></span> 
     </span>
    </p>
   </div>
   <div class='ocr_carea' id='block_1_140' title="bbox 1872 4393 3422 4465">
    <p class='ocr_par' dir='ltr' id='par_1_140' title="bbox 1872 4393 3422 4465">
     <span class='ocr_line' id='line_1_142' title="bbox 1872 4393 3422 4465; baseline 0 -15"><span class='ocrx_word' id='word_1_935' title='bbox 1872 4393 2068 4458; x_wconf 86' lang='lat' dir='ltr'><strong>fuerat,</strong></span> <span class='ocrx_word' id='word_1_936' title='bbox 2103 4394 2309 4450; x_wconf 87' lang='lat' dir='ltr'><strong>infante</strong></span> <span class='ocrx_word' id='word_1_937' title='bbox 2339 4393 2600 4464; x_wconf 78' lang='lat' dir='ltr'><strong>Apollinis</strong></span> <span class='ocrx_word' id='word_1_938' title='bbox 2633 4393 2741 4450; x_wconf 64' lang='lat' dir='ltr'><strong>arae</strong></span> <span class='ocrx_word' id='word_1_939' title='bbox 2783 4393 3068 4465; x_wconf 44' lang='lat' dir='ltr'><strong>imposito}</strong></span> <span class='ocrx_word' id='word_1_940' title='bbox 3096 4401 3262 4452; x_wconf 89' lang='lat' dir='ltr'><strong>Deum</strong></span> <span class='ocrx_word' id='word_1_941' title='bbox 3295 4393 3422 4452; x_wconf 76' lang='lat' dir='ltr'><strong>ora-</strong></span> 
     </span>
    </p>
   </div>
   <div class='ocr_carea' id='block_1_141' title="bbox 1864 4466 3427 4537">
    <p class='ocr_par' dir='ltr' id='par_1_141' title="bbox 1864 4466 3427 4537">
     <span class='ocr_line' id='line_1_143' title="bbox 1864 4466 3427 4537; baseline 0.001 -16"><span class='ocrx_word' id='word_1_942' title='bbox 1864 4467 1964 4527; x_wconf 88' lang='lat' dir='ltr'><strong>vit,</strong></span> <span class='ocrx_word' id='word_1_943' title='bbox 1999 4477 2056 4517; x_wconf 92' lang='lat' dir='ltr'><strong>ut</strong></span> <span class='ocrx_word' id='word_1_944' title='bbox 2084 4466 2130 4537; x_wconf 81' lang='lat' dir='ltr'><strong>si</strong></span> <span class='ocrx_word' id='word_1_945' title='bbox 2172 4479 2295 4518; x_wconf 88' lang='lat' dir='ltr'><strong>vera</strong></span> <span class='ocrx_word' id='word_1_946' title='bbox 2336 4467 2452 4533; x_wconf 85' lang='lat' dir='ltr'><strong>ejus</strong></span> <span class='ocrx_word' id='word_1_947' title='bbox 2481 4467 2696 4520; x_wconf 87' lang='lat' dir='ltr'><strong>soboles</strong></span> <span class='ocrx_word' id='word_1_948' title='bbox 2727 4477 2893 4526; x_wconf 87' lang='lat' dir='ltr'><strong>esset,</strong></span> <span class='ocrx_word' id='word_1_949' title='bbox 2922 4468 3154 4520; x_wconf 88' lang='lat' dir='ltr'><strong>salutem</strong></span> <span class='ocrx_word' id='word_1_950' title='bbox 3190 4469 3264 4521; x_wconf 91' lang='lat' dir='ltr'><strong>illi</strong></span> <span class='ocrx_word' id='word_1_951' title='bbox 3290 4483 3427 4537; x_wconf 69' lang='lat' dir='ltr'><strong>pra:-</strong></span> 
     </span>
    </p>
   </div>
   <div class='ocr_carea' id='block_1_142' title="bbox 1868 4535 3427 4605">
    <p class='ocr_par' dir='ltr' id='par_1_142' title="bbox 1868 4535 3427 4605">
     <span class='ocr_line' id='line_1_144' title="bbox 1868 4535 3427 4605; baseline -0.003 -11"><span class='ocrx_word' id='word_1_952' title='bbox 1868 4545 2062 4594; x_wconf 86' lang='lat' dir='ltr'><strong>staret.</strong></span> <span class='ocrx_word' id='word_1_953' title='bbox 2095 4535 2158 4588; x_wconf 79' lang='lat' dir='ltr'><strong>Et</strong></span> <span class='ocrx_word' id='word_1_954' title='bbox 2185 4545 2317 4589; x_wconf 89' lang='lat' dir='ltr'><strong>tunc</strong></span> <span class='ocrx_word' id='word_1_955' title='bbox 2339 4537 2556 4604; x_wconf 90' lang='lat' dir='ltr'><strong>quidem</strong></span> <span class='ocrx_word' id='word_1_956' title='bbox 2591 4552 2815 4605; x_wconf 89' lang='lat' dir='ltr'><strong>puerum</strong></span> <span class='ocrx_word' id='word_1_957' title='bbox 2855 4537 2921 4590; x_wconf 83' lang='lat' dir='ltr'><strong>ab</strong></span> <span class='ocrx_word' id='word_1_958' title='bbox 2952 4538 3197 4604; x_wconf 88' lang='lat' dir='ltr'><strong>Apolline</strong></span> <span class='ocrx_word' id='word_1_959' title='bbox 3236 4535 3427 4593; x_wconf 79' lang='lat' dir='ltr'><strong>occul-</strong></span> 
     </span>
    </p>
   </div>
   <div class='ocr_carea' id='block_1_143' title="bbox 1871 4605 3428 4676">
    <p class='ocr_par' dir='ltr' id='par_1_143' title="bbox 1871 4605 3428 4676">
     <span class='ocr_line' id='line_1_145' title="bbox 1871 4605 3428 4676; baseline -0.002 -13"><span class='ocrx_word' id='word_1_960' title='bbox 1871 4617 2039 4663; x_wconf 88' lang='lat' dir='ltr'><strong>tatum</strong></span> <span class='ocrx_word' id='word_1_961' title='bbox 2092 4621 2212 4660; x_wconf 89' lang='lat' dir='ltr'><strong>esse</strong></span> <span class='ocrx_word' id='word_1_962' title='bbox 2259 4605 2602 4670; x_wconf 86' lang='lat' dir='ltr'><strong>fabulantur;</strong></span> <span class='ocrx_word' id='word_1_963' title='bbox 2651 4610 2735 4662; x_wconf 92' lang='lat' dir='ltr'><strong>cui</strong></span> <span class='ocrx_word' id='word_1_964' title='bbox 2795 4617 2973 4662; x_wconf 88' lang='lat' dir='ltr'><strong>tamen</strong></span> <span class='ocrx_word' id='word_1_965' title='bbox 3041 4619 3224 4676; x_wconf 88' lang='lat' dir='ltr'><strong>postea</strong></span> <span class='ocrx_word' id='word_1_966' title='bbox 3304 4609 3428 4661; x_wconf 88' lang='lat' dir='ltr'><strong>dili-</strong></span> 
     </span>
    </p>
   </div>
   <div class='ocr_carea' id='block_1_144' title="bbox 1868 4676 3426 4748">
    <p class='ocr_par' dir='ltr' id='par_1_144' title="bbox 1868 4676 3426 4748">
     <span class='ocr_line' id='line_1_146' title="bbox 1868 4676 3426 4748; baseline -0.001 -16"><span class='ocrx_word' id='word_1_967' title='bbox 1868 4687 2084 4748; x_wconf 79' lang='lat' dir='ltr'><strong>gentem</strong></span> <span class='ocrx_word' id='word_1_968' title='bbox 2122 4676 2464 4748; x_wconf 86' lang='lat' dir='ltr'><strong>educationis</strong></span> <span class='ocrx_word' id='word_1_969' title='bbox 2511 4691 2700 4730; x_wconf 87' lang='lat' dir='ltr'><strong>curam</strong></span> <span class='ocrx_word' id='word_1_970' title='bbox 2738 4679 3022 4746; x_wconf 89' lang='lat' dir='ltr'><strong>impendit,</strong></span> <span class='ocrx_word' id='word_1_971' title='bbox 3052 4688 3108 4731; x_wconf 87' lang='lat' dir='ltr'><strong>et</strong></span> <span class='ocrx_word' id='word_1_972' title='bbox 3145 4677 3426 4744; x_wconf 85' lang='lat' dir='ltr'><strong>divinandi</strong></span> 
     </span>
    </p>
   </div>
   <div class='ocr_carea' id='block_1_145' title="bbox 1868 4747 3426 4820">
    <p class='ocr_par' dir='ltr' id='par_1_145' title="bbox 1868 4747 3426 4820">
     <span class='ocr_line' id='line_1_147' title="bbox 1868 4747 3426 4820; baseline -0.001 -17"><span class='ocrx_word' id='word_1_973' title='bbox 1868 4747 2097 4820; x_wconf 78' lang='lat' dir='ltr'><strong>scientia</strong></span> <span class='ocrx_word' id='word_1_974' title='bbox 2143 4747 2495 4812; x_wconf 83' lang='lat' dir='ltr'><strong>instructum,</strong></span> <span class='ocrx_word' id='word_1_975' title='bbox 2529 4749 2595 4802; x_wconf 89' lang='lat' dir='ltr'><strong>ad</strong></span> <span class='ocrx_word' id='word_1_976' title='bbox 2629 4763 2853 4820; x_wconf 81' lang='lat' dir='ltr'><strong>magnos</strong></span> <span class='ocrx_word' id='word_1_977' title='bbox 2877 4748 3139 4816; x_wconf 85' lang='lat' dir='ltr'><strong>quosdam</strong></span> <span class='ocrx_word' id='word_1_978' title='bbox 3186 4750 3426 4803; x_wconf 86' lang='lat' dir='ltr'><strong>honores</strong></span> 
     </span>
    </p>
   </div>
   <div class='ocr_carea' id='block_1_146' title="bbox 1867 4817 2132 4874">
    <p class='ocr_par' dir='ltr' id='par_1_146' title="bbox 1867 4817 2132 4874">
     <span class='ocr_line' id='line_1_148' title="bbox 1867 4817 2132 4874; baseline -0.023 0"><span class='ocrx_word' id='word_1_979' title='bbox 1867 4817 2076 4874; x_wconf 81' lang='lat' dir='ltr'><strong>extulit.</strong></span> <span class='ocrx_word' id='word_1_980' title='bbox 2113 4837 2132 4868; x_wconf 75' lang='grc' dir='ltr'><strong><em>ι</em></strong></span> 
     </span>
    </p>
   </div>
   <div class='ocr_carea' id='block_1_147' title="bbox 1937 4887 3426 4943">
    <p class='ocr_par' dir='ltr' id='par_1_147' title="bbox 1937 4887 3426 4943">
     <span class='ocr_line' id='line_1_149' title="bbox 1937 4887 3426 4943; baseline 0.002 -3"><span class='ocrx_word' id='word_1_981' title='bbox 1937 4887 1994 4940; x_wconf 89' lang='lat' dir='ltr'><strong>In</strong></span> <span class='ocrx_word' id='word_1_982' title='bbox 2027 4888 2336 4942; x_wconf 89' lang='lat' dir='ltr'><strong>eorumdem</strong></span> <span class='ocrx_word' id='word_1_983' title='bbox 2372 4897 2551 4943; x_wconf 88' lang='lat' dir='ltr'><strong>vatum</strong></span> <span class='ocrx_word' id='word_1_984' title='bbox 2578 4903 2863 4942; x_wconf 88' lang='lat' dir='ltr'><strong>numerum</strong></span> <span class='ocrx_word' id='word_1_985' title='bbox 2893 4902 3083 4942; x_wconf 90' lang='lat' dir='ltr'><strong>rursus</strong></span> <span class='ocrx_word' id='word_1_986' title='bbox 3109 4888 3176 4941; x_wconf 88' lang='lat' dir='ltr'><strong>ab</strong></span> <span class='ocrx_word' id='word_1_987' title='bbox 3201 4897 3426 4943; x_wconf 85' lang='lat' dir='ltr'><strong>auctore</strong></span> 
     </span>
    </p>
   </div>
   <div class='ocr_carea' id='block_1_148' title="bbox 1873 4957 3426 5027">
    <p class='ocr_par' dir='ltr' id='par_1_148' title="bbox 1873 4957 3426 5027">
     <span class='ocr_line' id='line_1_150' title="bbox 1873 4957 3426 5027; baseline -0.003 -12"><span class='ocrx_word' id='word_1_988' title='bbox 1873 4967 2060 5015; x_wconf 90' lang='lat' dir='ltr'><strong>nostro</strong></span> <span class='ocrx_word' id='word_1_989' title='bbox 2093 4969 2417 5026; x_wconf 78' lang='lat' dir='ltr'><strong>aggregatur</strong></span> <span class='ocrx_word' id='word_1_990' title='bbox 2449 4977 2467 5010; x_wconf 75' lang='grc' dir='ltr'>ι</span> <span class='ocrx_word' id='word_1_991' title='bbox 2499 4958 2820 5012; x_wconf 89' lang='lat' dir='ltr'><strong>Aristander</strong></span> <span class='ocrx_word' id='word_1_992' title='bbox 2844 4957 3171 5020; x_wconf 83' lang='lat' dir='ltr'><strong>Telmensis,</strong></span> <span class='ocrx_word' id='word_1_993' title='bbox 3199 4961 3292 5027; x_wconf 89' lang='lat' dir='ltr'><strong>qui</strong></span> <span class='ocrx_word' id='word_1_994' title='bbox 3325 4958 3426 5010; x_wconf 87' lang='lat' dir='ltr'><strong>fuit</strong></span> 
     </span>
    </p>
   </div>
   <div class='ocr_carea' id='block_1_149' title="bbox 1873 5027 3419 5097">
    <p class='ocr_par' dir='ltr' id='par_1_149' title="bbox 1873 5027 3419 5097">
     <span class='ocr_line' id='line_1_151' title="bbox 1873 5027 3419 5097; baseline -0.003 -13"><span class='ocrx_word' id='word_1_995' title='bbox 1873 5043 1996 5084; x_wconf 89' lang='lat' dir='ltr'><strong>cum</strong></span> <span class='ocrx_word' id='word_1_996' title='bbox 2025 5027 2348 5083; x_wconf 82' lang='lat' dir='ltr'><strong>Alexandro.</strong></span> <span class='ocrx_word' id='word_1_997' title='bbox 2391 5049 2410 5081; x_wconf 69' lang='grc' dir='ltr'><strong><em>ι</em></strong></span> <span class='ocrx_word' id='word_1_998' title='bbox 2453 5029 2598 5083; x_wconf 81' lang='lat' dir='ltr'><strong>Nihil</strong></span> <span class='ocrx_word' id='word_1_999' title='bbox 2651 5031 2870 5095; x_wconf 77' lang='lat' dir='ltr'><strong>rutrum,</strong></span> <span class='ocrx_word' id='word_1_1000' title='bbox 2917 5028 3091 5097; x_wconf 89' lang='lat' dir='ltr'><strong>inquit</strong></span> <span class='ocrx_word' id='word_1_1001' title='bbox 3129 5027 3419 5090; x_wconf 86' lang='lat' dir='ltr'><strong>Ilervetus,</strong></span> 
     </span>
    </p>
   </div>
   <div class='ocr_carea' id='block_1_150' title="bbox 1875 5099 3422 5170">
    <p class='ocr_par' dir='ltr' id='par_1_150' title="bbox 1875 5099 3422 5170">
     <span class='ocr_line' id='line_1_152' title="bbox 1875 5099 3422 5170; baseline -0.003 -17"><span class='ocrx_word' id='word_1_1002' title='bbox 1875 5112 1996 5153; x_wconf 90' lang='lat' dir='ltr'><strong>cum</strong></span> <span class='ocrx_word' id='word_1_1003' title='bbox 2027 5113 2093 5152; x_wconf 75' lang='lat' dir='ltr'><strong>ex</strong></span> <span class='ocrx_word' id='word_1_1004' title='bbox 2125 5114 2191 5153; x_wconf 89' lang='lat' dir='ltr'><strong>eo</strong></span> <span class='ocrx_word' id='word_1_1005' title='bbox 2221 5109 2368 5154; x_wconf 89' lang='lat' dir='ltr'><strong>esset</strong></span> <span class='ocrx_word' id='word_1_1006' title='bbox 2410 5099 2630 5170; x_wconf 89' lang='lat' dir='ltr'><strong>oppido,</strong></span> <span class='ocrx_word' id='word_1_1007' title='bbox 2655 5100 2706 5154; x_wconf 92' lang='lat' dir='ltr'><strong>in</strong></span> <span class='ocrx_word' id='word_1_1008' title='bbox 2741 5113 2848 5165; x_wconf 87' lang='lat' dir='ltr'><strong>quo</strong></span> <span class='ocrx_word' id='word_1_1009' title='bbox 2893 5113 3185 5170; x_wconf 87' lang='lat' dir='ltr'><strong>puerorum</strong></span> <span class='ocrx_word' id='word_1_1010' title='bbox 3220 5107 3275 5151; x_wconf 90' lang='lat' dir='ltr'><strong>et</strong></span> <span class='ocrx_word' id='word_1_1011' title='bbox 3299 5114 3422 5170; x_wconf 64' lang='grc' dir='ltr'><strong>ηιμ-ι</strong></span> 
     </span>
    </p>
   </div>
   <div class='ocr_carea' id='block_1_151' title="bbox 1875 5168 3424 5232">
    <p class='ocr_par' dir='ltr' id='par_1_151' title="bbox 1875 5168 3424 5232">
     <span class='ocr_line' id='line_1_153' title="bbox 1875 5168 3424 5232; baseline -0.001 -10"><span class='ocrx_word' id='word_1_1012' title='bbox 1875 5169 2091 5230; x_wconf 88' lang='lat' dir='ltr'><strong>lierurn,</strong></span> <span class='ocrx_word' id='word_1_1013' title='bbox 2136 5168 2531 5232; x_wconf 86' lang='lat' dir='ltr'><strong>testeArriano,</strong></span> <span class='ocrx_word' id='word_1_1014' title='bbox 2557 5170 2875 5224; x_wconf 64' lang='lat' dir='ltr'><strong>certissima:</strong></span> <span class='ocrx_word' id='word_1_1015' title='bbox 2909 5168 3251 5223; x_wconf 87' lang='lat' dir='ltr'><strong>habebantur</strong></span> <span class='ocrx_word' id='word_1_1016' title='bbox 3282 5169 3424 5221; x_wconf 87' lang='lat' dir='ltr'><strong>divi-</strong></span> 
     </span>
    </p>
   </div>
   <div class='ocr_carea' id='block_1_152' title="bbox 1875 5237 3423 5309">
    <p class='ocr_par' dir='ltr' id='par_1_152' title="bbox 1875 5237 3423 5309">
     <span class='ocr_line' id='line_1_154' title="bbox 1875 5237 3423 5309; baseline -0.003 -16"><span class='ocrx_word' id='word_1_1017' title='bbox 1875 5237 2140 5294; x_wconf 88' lang='lat' dir='ltr'><strong>nationes.</strong></span> <span class='ocrx_word' id='word_1_1018' title='bbox 2173 5237 2278 5292; x_wconf 87' lang='lat' dir='ltr'><strong>Sed</strong></span> <span class='ocrx_word' id='word_1_1019' title='bbox 2329 5241 2456 5308; x_wconf 90' lang='lat' dir='ltr'><strong>quid</strong></span> <span class='ocrx_word' id='word_1_1020' title='bbox 2506 5254 2641 5309; x_wconf 89' lang='lat' dir='ltr'><strong>opus</strong></span> <span class='ocrx_word' id='word_1_1021' title='bbox 2683 5237 3014 5306; x_wconf 85' lang='lat' dir='ltr'><strong>conjectura,</strong></span> <span class='ocrx_word' id='word_1_1022' title='bbox 3061 5241 3150 5294; x_wconf 91' lang='lat' dir='ltr'><strong>ubi</strong></span> <span class='ocrx_word' id='word_1_1023' title='bbox 3206 5239 3423 5292; x_wconf 81' lang='lat' dir='ltr'><strong>l&#39;lutar-</strong></span> 
     </span>
    </p>
   </div>
   <div class='ocr_carea' id='block_1_153' title="bbox 2526 5403 3414 5474">
    <p class='ocr_par' dir='ltr' id='par_1_153' title="bbox 2526 5403 3414 5474">
     <span class='ocr_line' id='line_1_155' title="bbox 2526 5403 3414 5474; baseline -0.002 -14"><span class='ocrx_word' id='word_1_1024' title='bbox 2526 5404 2568 5435; x_wconf 83' lang='grc'><strong><em>⁸⁷</em></strong></span> <span class='ocrx_word' id='word_1_1025' title='bbox 2613 5403 2806 5474; x_wconf 83' lang='lat' dir='ltr'><strong>Odyss.</strong></span> <span class='ocrx_word' id='word_1_1026' title='bbox 2843 5405 2875 5457; x_wconf 94' lang='grc' dir='ltr'>Ι.</span> <span class='ocrx_word' id='word_1_1027' title='bbox 2909 5421 3017 5459; x_wconf 81' lang='lat' dir='ltr'><strong>xvtt</strong></span> <span class='ocrx_word' id='word_1_1028' title='bbox 3049 5423 3099 5474; x_wconf 91' lang='lat' dir='ltr'><strong>p.</strong></span> <span class='ocrx_word' id='word_1_1029' title='bbox 3133 5405 3274 5468; x_wconf 72' lang='lat'><strong>247;</strong></span> <span class='ocrx_word' id='word_1_1030' title='bbox 3325 5421 3414 5471; x_wconf 76' lang='lat' dir='ltr'><strong>xv,</strong></span> 
     </span>
    </p>
   </div>
   <div class='ocr_carea' id='block_1_154' title="bbox 2042 5421 3392 5531">
    <p class='ocr_par' dir='ltr' id='par_1_154' title="bbox 2042 5421 3392 5531">
     <span class='ocr_line' id='line_1_156' title="bbox 2042 5421 3392 5476; baseline 0.005 -25"><span class='ocrx_word' id='word_1_1031' title='bbox 2042 5421 2171 5466; x_wconf 60' lang='lat' dir='ltr'><strong>non,</strong></span> <span class='ocrx_word' id='word_1_1032' title='bbox 2204 5421 2256 5472; x_wconf 91' lang='lat' dir='ltr'><strong>p.</strong></span> <span class='ocrx_word' id='word_1_1033' title='bbox 2294 5421 2410 5458; x_wconf 81' lang='grc' dir='ltr'><strong>ιδυ.</strong></span> <span class='ocrx_word' id='word_1_1034' title='bbox 2526 5421 2564 5435; x_wconf 89' lang='grc'><em>”</em></span> <span class='ocrx_word' id='word_1_1035' title='bbox 2613 5421 2806 5476; x_wconf 81' lang='lat' dir='ltr'><strong>uuyss.</strong></span> <span class='ocrx_word' id='word_1_1036' title='bbox 2844 5421 2875 5457; x_wconf 97' lang='lat' dir='ltr'><strong>l.</strong></span> <span class='ocrx_word' id='word_1_1037' title='bbox 2909 5421 3017 5459; x_wconf 82' lang='lat' dir='ltr'><strong>xvlt</strong></span> <span class='ocrx_word' id='word_1_1038' title='bbox 3049 5423 3099 5474; x_wconf 91' lang='lat' dir='ltr'><strong>p.</strong></span> <span class='ocrx_word' id='word_1_1039' title='bbox 3133 5421 3274 5468; x_wconf 60' lang='grc' dir='ltr'><strong>ηις</strong></span> <span class='ocrx_word' id='word_1_1040' title='bbox 3325 5421 3392 5458; x_wconf 78' lang='lat' dir='ltr'><strong>xv</strong></span> 
     </span>
     <span class='ocr_line' id='line_1_157' title="bbox 2042 5475 3392 5531; baseline 0.003 -4"><span class='ocrx_word' id='word_1_1041' title='bbox 2042 5476 2084 5505; x_wconf 66' lang='grc'><strong>(⁵³</strong></span> <span class='ocrx_word' id='word_1_1042' title='bbox 2121 5475 2157 5528; x_wconf 93' lang='lat' dir='ltr'><strong>l.</strong></span> <span class='ocrx_word' id='word_1_1043' title='bbox 2202 5490 2276 5528; x_wconf 82' lang='lat' dir='ltr'><strong>xu</strong></span> <span class='ocrx_word' id='word_1_1044' title='bbox 2349 5475 2472 5531; x_wconf 88' lang='lat' dir='ltr'><strong>Var.</strong></span> <span class='ocrx_word' id='word_1_1045' title='bbox 2513 5475 2665 5531; x_wconf 83' lang='lat' dir='ltr'><strong>hiSt..</strong></span> <span class='ocrx_word' id='word_1_1046' title='bbox 2698 5479 2752 5530; x_wconf 75' lang='lat' dir='ltr'><strong>c&#39;.</strong></span> <span class='ocrx_word' id='word_1_1047' title='bbox 2785 5476 2873 5530; x_wconf 74' lang='grc'>46.</span> <span class='ocrx_word' id='word_1_1048' title='bbox 2947 5477 2992 5507; x_wconf 80' lang='grc' dir='ltr'><strong>⁷ο</strong></span> <span class='ocrx_word' id='word_1_1049' title='bbox 3036 5478 3208 5530; x_wconf 80' lang='lat' dir='ltr'><strong>Cicer.</strong></span> <span class='ocrx_word' id='word_1_1050' title='bbox 3241 5477 3332 5530; x_wconf 89' lang='lat' dir='ltr'><strong>lib.</strong></span> <span class='ocrx_word' id='word_1_1051' title='bbox 3374 5493 3392 5530; x_wconf 89' lang='grc' dir='ltr'><strong>ι</strong></span> 
     </span>
    </p>
   </div>
   <div class='ocr_carea' id='block_1_155' title="bbox 2370 5515 3416 5626">
    <p class='ocr_par' dir='ltr' id='par_1_155' title="bbox 2370 5515 3416 5626">
     <span class='ocr_line' id='line_1_158' title="bbox 2370 5515 3416 5626; baseline -0.001 -26"><span class='ocrx_word' id='word_1_1052' title='bbox 2370 5545 2428 5626; x_wconf 41' lang='grc' dir='ltr'><strong>,ζ’</strong></span> <span class='ocrx_word' id='word_1_1053' title='bbox 2471 5515 2772 5626; x_wconf 49' lang='lat' dir='ltr'><strong>Argoliaut.</strong></span> <span class='ocrx_word' id='word_1_1054' title='bbox 2805 5557 2933 5600; x_wconf 90' lang='lat' dir='ltr'><strong>tom.</strong></span> <span class='ocrx_word' id='word_1_1055' title='bbox 2967 5545 3416 5626; x_wconf 45' lang='grc' dir='ltr'><strong>[θυεμ-βεξκερ</strong></span> 
     </span>
    </p>
   </div>
   <div class='ocr_carea' id='block_1_156' title="bbox 2266 5615 3415 5696">
    <p class='ocr_par' dir='ltr' id='par_1_156' title="bbox 2266 5615 3415 5696">
     <span class='ocr_line' id='line_1_159' title="bbox 2266 5615 3415 5696; baseline 0 0"><span class='ocrx_word' id='word_1_1056' title='bbox 2266 5615 2311 5696; x_wconf 60' lang='grc' dir='ltr'><strong>ἶῗ</strong></span> <span class='ocrx_word' id='word_1_1057' title='bbox 2347 5615 2492 5696; x_wconf 64' lang='lat' dir='ltr'><strong>“b-J</strong></span> <span class='ocrx_word' id='word_1_1058' title='bbox 2512 5617 2619 5696; x_wconf 62' lang='grc' dir='ltr'>..ίὲεέ</span> <span class='ocrx_word' id='word_1_1059' title='bbox 2650 5617 2930 5696; x_wconf 49' lang='lat' dir='ltr'><strong>(&quot;Viti-1!“</strong></span> <span class='ocrx_word' id='word_1_1060' title='bbox 2961 5617 3132 5696; x_wconf 55' lang='grc' dir='ltr'>εΨο..</span> <span class='ocrx_word' id='word_1_1061' title='bbox 3186 5619 3228 5650; x_wconf 84' lang='grc'><strong>⁷⁷</strong></span> <span class='ocrx_word' id='word_1_1062' title='bbox 3251 5617 3415 5696; x_wconf 52' lang='lat'><strong>21°.“-</strong></span> 
     </span>
    </p>
   </div>
   <div class='ocr_carea' id='block_1_157' title="bbox 2430 5685 3418 5750">
    <p class='ocr_par' dir='ltr' id='par_1_157' title="bbox 2430 5685 3418 5750">
     <span class='ocr_line' id='line_1_160' title="bbox 2430 5685 3418 5750; baseline 0.028 -34"><span class='ocrx_word' id='word_1_1063' title='bbox 2430 5687 2474 5719; x_wconf 78' lang='grc' dir='ltr'><strong>τε</strong></span> <span class='ocrx_word' id='word_1_1064' title='bbox 2512 5687 2662 5736; x_wconf 73' lang='grc' dir='ltr'><strong>ίιιειι..</strong></span> <span class='ocrx_word' id='word_1_1065' title='bbox 2694 5703 2744 5738; x_wconf 83' lang='grc' dir='ltr'>η.</span> <span class='ocrx_word' id='word_1_1066' title='bbox 2781 5687 2907 5750; x_wconf 62' lang='grc' dir='ltr'><strong>βδι.</strong></span> <span class='ocrx_word' id='word_1_1067' title='bbox 3019 5687 3065 5719; x_wconf 70' lang='grc' dir='ltr'><strong>τ’</strong></span> <span class='ocrx_word' id='word_1_1068' title='bbox 3093 5686 3132 5740; x_wconf 78' lang='lat' dir='ltr'><strong>t.‘</strong></span> <span class='ocrx_word' id='word_1_1069' title='bbox 3168 5703 3196 5742; x_wconf 91' lang='lat' dir='ltr'><strong>v</strong></span> <span class='ocrx_word' id='word_1_1070' title='bbox 3251 5685 3418 5745; x_wconf 80' lang='lat' dir='ltr'><strong>BibL.</strong></span> 
     </span>
    </p>
   </div>
  </div>
