  <div class='ocr_page' id='page_1' title='image "/cluster/home/n/w/nwhite01/storage/ocr_20150623/9/hvd.32044073501322/682.png"; bbox 0 0 3902 6308; ppageno 0'>
   <div class='ocr_carea' id='block_1_1' title="bbox 249 225 384 280">
    <p class='ocr_par' dir='ltr' id='par_1_1' title="bbox 249 225 384 280">
     <span class='ocr_line' id='line_1_1' title="bbox 249 225 384 280; baseline -0.015 0"><span class='ocrx_word' id='word_1_1' title='bbox 249 225 384 280; x_wconf 74' lang='lat' dir='ltr'><strong>I353</strong></span> 
     </span>
    </p>
   </div>
   <div class='ocr_carea' id='block_1_2' title="bbox 246 343 634 399">
    <p class='ocr_par' dir='ltr' id='par_1_2' title="bbox 246 343 634 399">
     <span class='ocr_line' id='line_1_2' title="bbox 246 343 634 399; baseline -0.008 0"><span class='ocrx_word' id='word_1_2' title='bbox 246 353 369 399; x_wconf 83' lang='lat' dir='ltr'><strong>sunt</strong></span> <span class='ocrx_word' id='word_1_3' title='bbox 401 343 558 399; x_wconf 89' lang='lat' dir='ltr'><strong>verba</strong></span> <span class='ocrx_word' id='word_1_4' title='bbox 589 345 634 376; x_wconf 76' lang='grc'><strong>⁶¹</strong></span> 
     </span>
    </p>
   </div>
   <div class='ocr_carea' id='block_1_3' title="bbox 245 413 1790 481">
    <p class='ocr_par' dir='ltr' id='par_1_3' title="bbox 245 413 1790 481">
     <span class='ocr_line' id='line_1_3' title="bbox 245 413 1790 481; baseline -0.002 -13"><span class='ocrx_word' id='word_1_5' title='bbox 245 413 740 480; x_wconf 89' lang='lat' dir='ltr'><strong>eloquentissimum</strong></span> <span class='ocrx_word' id='word_1_6' title='bbox 765 427 1032 481; x_wconf 90' lang='lat' dir='ltr'><strong>quemque</strong></span> <span class='ocrx_word' id='word_1_7' title='bbox 1061 427 1155 464; x_wconf 90' lang='lat' dir='ltr'><strong>sua</strong></span> <span class='ocrx_word' id='word_1_8' title='bbox 1195 421 1350 465; x_wconf 63' lang='lat' dir='ltr'><strong>aetate</strong></span> <span class='ocrx_word' id='word_1_9' title='bbox 1406 427 1790 479; x_wconf 81' lang='lat' dir='ltr'><strong>supergressus</strong></span> 
     </span>
    </p>
   </div>
   <div class='ocr_carea' id='block_1_4' title="bbox 245 481 1788 549">
    <p class='ocr_par' dir='ltr' id='par_1_4' title="bbox 245 481 1788 549">
     <span class='ocr_line' id='line_1_4' title="bbox 245 481 1788 549; baseline -0.001 -13"><span class='ocrx_word' id='word_1_10' title='bbox 245 493 350 540; x_wconf 91' lang='lat' dir='ltr'><strong>est.</strong></span> <span class='ocrx_word' id='word_1_11' title='bbox 375 484 470 537; x_wconf 92' lang='lat' dir='ltr'><strong>Hic</strong></span> <span class='ocrx_word' id='word_1_12' title='bbox 512 485 692 537; x_wconf 86' lang='lat' dir='ltr'><strong>varias</strong></span> <span class='ocrx_word' id='word_1_13' title='bbox 733 483 941 537; x_wconf 81' lang='lat' dir='ltr'><strong>dicendi</strong></span> <span class='ocrx_word' id='word_1_14' title='bbox 977 489 1117 534; x_wconf 87' lang='lat' dir='ltr'><strong>artes</strong></span> <span class='ocrx_word' id='word_1_15' title='bbox 1154 481 1358 549; x_wconf 89' lang='lat' dir='ltr'><strong>primus</strong></span> <span class='ocrx_word' id='word_1_16' title='bbox 1403 482 1624 540; x_wconf 87' lang='lat' dir='ltr'><strong>invenit.</strong></span> <span class='ocrx_word' id='word_1_17' title='bbox 1655 491 1706 534; x_wconf 92' lang='lat' dir='ltr'><strong>et</strong></span> <span class='ocrx_word' id='word_1_18' title='bbox 1737 482 1788 534; x_wconf 91' lang='lat' dir='ltr'><strong>in</strong></span> 
     </span>
    </p>
   </div>
   <div class='ocr_carea' id='block_1_5' title="bbox 246 549 1792 621">
    <p class='ocr_par' dir='ltr' id='par_1_5' title="bbox 246 549 1792 621">
     <span class='ocr_line' id='line_1_5' title="bbox 246 549 1792 621; baseline -0.002 -14"><span class='ocrx_word' id='word_1_19' title='bbox 246 553 500 621; x_wconf 77' lang='lat' dir='ltr'><strong>sapientis</strong></span> <span class='ocrx_word' id='word_1_20' title='bbox 531 553 850 620; x_wconf 71' lang='lat' dir='ltr'><strong>eloquentire</strong></span> <span class='ocrx_word' id='word_1_21' title='bbox 877 552 1051 603; x_wconf 89' lang='lat' dir='ltr'><strong>studio</strong></span> <span class='ocrx_word' id='word_1_22' title='bbox 1085 565 1147 603; x_wconf 85' lang='lat' dir='ltr'><strong>ac</strong></span> <span class='ocrx_word' id='word_1_23' title='bbox 1182 549 1516 616; x_wconf 88' lang='lat' dir='ltr'><strong>professione</strong></span> <span class='ocrx_word' id='word_1_24' title='bbox 1548 551 1681 604; x_wconf 89' lang='lat' dir='ltr'><strong>adeo</strong></span> <span class='ocrx_word' id='word_1_25' title='bbox 1708 567 1792 604; x_wconf 92' lang='lat' dir='ltr'><strong>su-</strong></span> 
     </span>
    </p>
   </div>
   <div class='ocr_carea' id='block_1_6' title="bbox 245 621 1790 691">
    <p class='ocr_par' dir='ltr' id='par_1_6' title="bbox 245 621 1790 691">
     <span class='ocr_line' id='line_1_6' title="bbox 245 621 1790 691; baseline -0.001 -17"><span class='ocrx_word' id='word_1_26' title='bbox 245 639 338 691; x_wconf 90' lang='lat' dir='ltr'><strong>pra</strong></span> <span class='ocrx_word' id='word_1_27' title='bbox 367 622 498 676; x_wconf 85' lang='lat' dir='ltr'><strong>alios</strong></span> <span class='ocrx_word' id='word_1_28' title='bbox 532 623 771 682; x_wconf 91' lang='lat' dir='ltr'><strong>eminuit.</strong></span> <span class='ocrx_word' id='word_1_29' title='bbox 808 631 864 672; x_wconf 91' lang='lat' dir='ltr'><strong>ut</strong></span> <span class='ocrx_word' id='word_1_30' title='bbox 895 622 1156 674; x_wconf 86' lang='lat' dir='ltr'><strong>mercedis</strong></span> <span class='ocrx_word' id='word_1_31' title='bbox 1193 623 1319 691; x_wconf 83' lang='lat' dir='ltr'><strong>loco</strong></span> <span class='ocrx_word' id='word_1_32' title='bbox 1342 630 1555 673; x_wconf 87' lang='lat' dir='ltr'><strong>centum</strong></span> <span class='ocrx_word' id='word_1_33' title='bbox 1603 636 1632 691; x_wconf 83' lang='lat' dir='ltr'><strong>a</strong></span> <span class='ocrx_word' id='word_1_34' title='bbox 1662 621 1790 691; x_wconf 82' lang='lat' dir='ltr'><strong>_sin-</strong></span> 
     </span>
    </p>
   </div>
   <div class='ocr_carea' id='block_1_7' title="bbox 245 688 1792 760">
    <p class='ocr_par' dir='ltr' id='par_1_7' title="bbox 245 688 1792 760">
     <span class='ocr_line' id='line_1_7' title="bbox 245 688 1792 760; baseline -0.001 -17"><span class='ocrx_word' id='word_1_35' title='bbox 245 688 382 759; x_wconf 77' lang='lat' dir='ltr'><strong>gulis</strong></span> <span class='ocrx_word' id='word_1_36' title='bbox 407 691 682 760; x_wconf 88' lang='lat' dir='ltr'><strong>discipulis</strong></span> <span class='ocrx_word' id='word_1_37' title='bbox 717 691 886 743; x_wconf 87' lang='lat' dir='ltr'><strong>minas</strong></span> <span class='ocrx_word' id='word_1_38' title='bbox 908 691 1190 758; x_wconf 87' lang='lat' dir='ltr'><strong>acciperet.</strong></span> <span class='ocrx_word' id='word_1_39' title='bbox 1234 708 1252 739; x_wconf 75' lang='grc' dir='ltr'><strong><em>ι</em></strong></span> <span class='ocrx_word' id='word_1_40' title='bbox 1289 689 1426 755; x_wconf 82' lang='lat' dir='ltr'><strong>Quid</strong></span> <span class='ocrx_word' id='word_1_41' title='bbox 1457 690 1619 759; x_wconf 88' lang='lat' dir='ltr'><strong>ergo?</strong></span> <span class='ocrx_word' id='word_1_42' title='bbox 1658 688 1792 742; x_wconf 83' lang='lat' dir='ltr'><strong>Non-</strong></span> 
     </span>
    </p>
   </div>
   <div class='ocr_carea' id='block_1_8' title="bbox 246 759 1790 827">
    <p class='ocr_par' dir='ltr' id='par_1_8' title="bbox 246 759 1790 827">
     <span class='ocr_line' id='line_1_8' title="bbox 246 759 1790 827; baseline -0.001 -13"><span class='ocrx_word' id='word_1_43' title='bbox 246 778 332 823; x_wconf 90' lang='lat' dir='ltr'><strong>ne,</strong></span> <span class='ocrx_word' id='word_1_44' title='bbox 377 762 605 827; x_wconf 88' lang='lat' dir='ltr'><strong>inquies,</strong></span> <span class='ocrx_word' id='word_1_45' title='bbox 654 760 913 813; x_wconf 87' lang='lat' dir='ltr'><strong>Diodorus</strong></span> <span class='ocrx_word' id='word_1_46' title='bbox 955 774 984 812; x_wconf 90' lang='lat' dir='ltr'><strong>a</strong></span> <span class='ocrx_word' id='word_1_47' title='bbox 1026 760 1299 813; x_wconf 83' lang='lat' dir='ltr'><strong>Clemente</strong></span> <span class='ocrx_word' id='word_1_48' title='bbox 1356 761 1506 812; x_wconf 84' lang='lat' dir='ltr'><strong>testis</strong></span> <span class='ocrx_word' id='word_1_49' title='bbox 1557 759 1790 813; x_wconf 85' lang='lat' dir='ltr'><strong>citatur?</strong></span> 
     </span>
    </p>
   </div>
   <div class='ocr_carea' id='block_1_9' title="bbox 244 828 1791 897">
    <p class='ocr_par' dir='ltr' id='par_1_9' title="bbox 244 828 1791 897">
     <span class='ocr_line' id='line_1_9' title="bbox 244 828 1791 897; baseline -0.001 -14"><span class='ocrx_word' id='word_1_50' title='bbox 244 831 313 883; x_wconf 87' lang='lat' dir='ltr'><strong>At</strong></span> <span class='ocrx_word' id='word_1_51' title='bbox 341 831 384 884; x_wconf 89' lang='lat' dir='ltr'><strong>si</strong></span> <span class='ocrx_word' id='word_1_52' title='bbox 410 830 495 882; x_wconf 91' lang='lat' dir='ltr'><strong>hic</strong></span> <span class='ocrx_word' id='word_1_53' title='bbox 517 831 583 883; x_wconf 92' lang='lat' dir='ltr'><strong>ab</strong></span> <span class='ocrx_word' id='word_1_54' title='bbox 611 829 726 897; x_wconf 91' lang='lat' dir='ltr'><strong>ipso</strong></span> <span class='ocrx_word' id='word_1_55' title='bbox 745 829 962 890; x_wconf 91' lang='lat' dir='ltr'><strong>citatur,</strong></span> <span class='ocrx_word' id='word_1_56' title='bbox 991 844 1168 882; x_wconf 88' lang='lat' dir='ltr'><strong>nonne</strong></span> <span class='ocrx_word' id='word_1_57' title='bbox 1211 828 1491 882; x_wconf 90' lang='lat' dir='ltr'><strong>dicendum</strong></span> <span class='ocrx_word' id='word_1_58' title='bbox 1543 836 1626 881; x_wconf 89' lang='lat' dir='ltr'><strong>est</strong></span> <span class='ocrx_word' id='word_1_59' title='bbox 1672 829 1791 882; x_wconf 88' lang='lat' dir='ltr'><strong>Cle—</strong></span> 
     </span>
    </p>
   </div>
   <div class='ocr_carea' id='block_1_10' title="bbox 245 897 1787 967">
    <p class='ocr_par' dir='ltr' id='par_1_10' title="bbox 245 897 1787 967">
     <span class='ocr_line' id='line_1_10' title="bbox 245 897 1787 967; baseline -0.001 -15"><span class='ocrx_word' id='word_1_60' title='bbox 245 910 474 953; x_wconf 87' lang='lat' dir='ltr'><strong>mentem</strong></span> <span class='ocrx_word' id='word_1_61' title='bbox 495 900 760 951; x_wconf 66' lang='lat' dir='ltr'><strong>memoria:</strong></span> <span class='ocrx_word' id='word_1_62' title='bbox 792 899 940 967; x_wconf 87' lang='lat' dir='ltr'><strong>lapsu</strong></span> <span class='ocrx_word' id='word_1_63' title='bbox 972 913 1066 967; x_wconf 91' lang='lat' dir='ltr'><strong>pro</strong></span> <span class='ocrx_word' id='word_1_64' title='bbox 1087 897 1280 966; x_wconf 80' lang='lat' dir='ltr'><strong>Gorgia</strong></span> <span class='ocrx_word' id='word_1_65' title='bbox 1318 897 1598 964; x_wconf 81' lang='lat' dir='ltr'><strong>scripsisse</strong></span> <span class='ocrx_word' id='word_1_66' title='bbox 1632 899 1787 967; x_wconf 88' lang='lat' dir='ltr'><strong>Anti-</strong></span> 
     </span>
    </p>
   </div>
   <div class='ocr_carea' id='block_1_11' title="bbox 243 966 1788 1037">
    <p class='ocr_par' dir='ltr' id='par_1_11' title="bbox 243 966 1788 1037">
     <span class='ocr_line' id='line_1_11' title="bbox 243 966 1788 1037; baseline -0.003 -15"><span class='ocrx_word' id='word_1_67' title='bbox 243 969 534 1037; x_wconf 81' lang='lat' dir='ltr'><strong>phontem?</strong></span> <span class='ocrx_word' id='word_1_68' title='bbox 569 967 672 1022; x_wconf 89' lang='lat' dir='ltr'><strong>Sed</strong></span> <span class='ocrx_word' id='word_1_69' title='bbox 707 966 1011 1036; x_wconf 86' lang='lat' dir='ltr'><strong>priusquam</strong></span> <span class='ocrx_word' id='word_1_70' title='bbox 1057 977 1204 1037; x_wconf 85' lang='lat' dir='ltr'><strong>tuum</strong></span> <span class='ocrx_word' id='word_1_71' title='bbox 1258 968 1399 1018; x_wconf 89' lang='lat' dir='ltr'><strong>feras</strong></span> <span class='ocrx_word' id='word_1_72' title='bbox 1440 968 1505 1018; x_wconf 87' lang='lat' dir='ltr'><strong>de</strong></span> <span class='ocrx_word' id='word_1_73' title='bbox 1531 982 1593 1019; x_wconf 92' lang='lat' dir='ltr'><strong>ea</strong></span> <span class='ocrx_word' id='word_1_74' title='bbox 1627 966 1788 1037; x_wconf 84' lang='lat' dir='ltr'><strong>reju-</strong></span> 
     </span>
    </p>
   </div>
   <div class='ocr_carea' id='block_1_12' title="bbox 244 1035 1790 1098">
    <p class='ocr_par' dir='ltr' id='par_1_12' title="bbox 244 1035 1790 1098">
     <span class='ocr_line' id='line_1_12' title="bbox 244 1035 1790 1098; baseline 0 -8"><span class='ocrx_word' id='word_1_75' title='bbox 244 1035 468 1098; x_wconf 87' lang='lat' dir='ltr'><strong>dicinm.</strong></span> <span class='ocrx_word' id='word_1_76' title='bbox 505 1039 628 1090; x_wconf 90' lang='lat' dir='ltr'><strong>audi</strong></span> <span class='ocrx_word' id='word_1_77' title='bbox 681 1035 884 1098; x_wconf 79' lang='lat' dir='ltr'><strong>adhuc.</strong></span> <span class='ocrx_word' id='word_1_78' title='bbox 914 1052 1011 1090; x_wconf 93' lang='lat' dir='ltr'><strong>oro</strong></span> <span class='ocrx_word' id='word_1_79' title='bbox 1039 1045 1108 1098; x_wconf 88' lang='lat' dir='ltr'><strong>te,</strong></span> <span class='ocrx_word' id='word_1_80' title='bbox 1140 1035 1476 1096; x_wconf 83' lang='lat' dir='ltr'><strong>Ciceronem,</strong></span> <span class='ocrx_word' id='word_1_81' title='bbox 1519 1037 1584 1089; x_wconf 89' lang='lat' dir='ltr'><strong>de</strong></span> <span class='ocrx_word' id='word_1_82' title='bbox 1628 1036 1790 1090; x_wconf 89' lang='lat' dir='ltr'><strong>claris</strong></span> 
     </span>
    </p>
   </div>
   <div class='ocr_carea' id='block_1_13' title="bbox 243 1104 1790 1175">
    <p class='ocr_par' dir='ltr' id='par_1_13' title="bbox 243 1104 1790 1175">
     <span class='ocr_line' id='line_1_13' title="bbox 243 1104 1790 1175; baseline 0.002 -17"><span class='ocrx_word' id='word_1_83' title='bbox 243 1109 549 1160; x_wconf 82' lang='lat' dir='ltr'><strong>oratoribus</strong></span> <span class='ocrx_word' id='word_1_84' title='bbox 589 1109 698 1160; x_wconf 64' lang='lat' dir='ltr'><strong>haec</strong></span> <span class='ocrx_word' id='word_1_85' title='bbox 725 1109 1083 1175; x_wconf 81' lang='lat' dir='ltr'><strong>disputantem</strong></span> <span class='ocrx_word' id='word_1_86' title='bbox 1131 1108 1183 1158; x_wconf 93' lang='lat' dir='ltr'><strong>in</strong></span> <span class='ocrx_word' id='word_1_87' title='bbox 1231 1108 1387 1158; x_wconf 92' lang='lat' dir='ltr'><strong>verba</strong></span> <span class='ocrx_word' id='word_1_88' title='bbox 1419 1105 1462 1136; x_wconf 78' lang='lat'>&quot;</span> <span class='ocrx_word' id='word_1_89' title='bbox 1499 1124 1510 1160; x_wconf 93' lang='lat'>:</span> <span class='ocrx_word' id='word_1_90' title='bbox 1548 1123 1568 1156; x_wconf 70' lang='grc' dir='ltr'><em>ς</em></span> <span class='ocrx_word' id='word_1_91' title='bbox 1610 1104 1790 1174; x_wconf 90' lang='lat' dir='ltr'><strong>Itaque</strong></span> 
     </span>
    </p>
   </div>
   <div class='ocr_carea' id='block_1_14' title="bbox 244 1175 1787 1246">
    <p class='ocr_par' dir='ltr' id='par_1_14' title="bbox 244 1175 1787 1246">
     <span class='ocr_line' id='line_1_14' title="bbox 244 1175 1787 1246; baseline 0.001 -18"><span class='ocrx_word' id='word_1_92' title='bbox 244 1178 323 1230; x_wconf 88' lang='lat' dir='ltr'><strong>ait</strong></span> <span class='ocrx_word' id='word_1_93' title='bbox 350 1178 660 1232; x_wconf 89' lang='lat' dir='ltr'><strong>Aristoteles</strong></span> <span class='ocrx_word' id='word_1_94' title='bbox 691 1191 810 1230; x_wconf 87' lang='lat' dir='ltr'><strong>cum</strong></span> <span class='ocrx_word' id='word_1_95' title='bbox 846 1177 1072 1229; x_wconf 77' lang='lat' dir='ltr'><strong>sublatis</strong></span> <span class='ocrx_word' id='word_1_96' title='bbox 1107 1175 1368 1246; x_wconf 84' lang='lat' dir='ltr'><strong>inSicilia</strong></span> <span class='ocrx_word' id='word_1_97' title='bbox 1403 1176 1667 1246; x_wconf 83' lang='lat' dir='ltr'><strong>tyrannis.</strong></span> <span class='ocrx_word' id='word_1_98' title='bbox 1703 1190 1787 1229; x_wconf 86' lang='lat' dir='ltr'><strong>res</strong></span> 
     </span>
    </p>
   </div>
   <div class='ocr_carea' id='block_1_15' title="bbox 243 1245 1786 1316">
    <p class='ocr_par' dir='ltr' id='par_1_15' title="bbox 243 1245 1786 1316">
     <span class='ocr_line' id='line_1_15' title="bbox 243 1245 1786 1316; baseline -0.001 -18"><span class='ocrx_word' id='word_1_99' title='bbox 243 1247 462 1313; x_wconf 63' lang='lat' dir='ltr'><strong>privatae</strong></span> <span class='ocrx_word' id='word_1_100' title='bbox 486 1246 643 1316; x_wconf 84' lang='lat' dir='ltr'><strong>longo</strong></span> <span class='ocrx_word' id='word_1_101' title='bbox 672 1247 951 1299; x_wconf 89' lang='lat' dir='ltr'><strong>intervallo</strong></span> <span class='ocrx_word' id='word_1_102' title='bbox 985 1245 1201 1314; x_wconf 88' lang='lat' dir='ltr'><strong>judiciis</strong></span> <span class='ocrx_word' id='word_1_103' title='bbox 1234 1245 1624 1312; x_wconf 87' lang='lat' dir='ltr'><strong>repeterentur,</strong></span> <span class='ocrx_word' id='word_1_104' title='bbox 1675 1253 1786 1297; x_wconf 91' lang='lat' dir='ltr'><strong>tum</strong></span> 
     </span>
    </p>
   </div>
   <div class='ocr_carea' id='block_1_16' title="bbox 243 1317 1786 1387">
    <p class='ocr_par' dir='ltr' id='par_1_16' title="bbox 243 1317 1786 1387">
     <span class='ocr_line' id='line_1_16' title="bbox 243 1317 1786 1387; baseline 0 -21"><span class='ocrx_word' id='word_1_105' title='bbox 243 1317 474 1385; x_wconf 92' lang='lat' dir='ltr'><strong>primum</strong></span> <span class='ocrx_word' id='word_1_106' title='bbox 508 1317 671 1387; x_wconf 87' lang='lat' dir='ltr'><strong>(quod</strong></span> <span class='ocrx_word' id='word_1_107' title='bbox 695 1326 840 1368; x_wconf 89' lang='lat' dir='ltr'><strong>esset</strong></span> <span class='ocrx_word' id='word_1_108' title='bbox 865 1326 1020 1368; x_wconf 85' lang='lat' dir='ltr'><strong>acuta</strong></span> <span class='ocrx_word' id='word_1_109' title='bbox 1050 1317 1136 1387; x_wconf 80' lang='lat' dir='ltr'><strong>illa</strong></span> <span class='ocrx_word' id='word_1_110' title='bbox 1167 1325 1407 1387; x_wconf 31' lang='lat' dir='ltr'><strong>gensuet</strong></span> <span class='ocrx_word' id='word_1_111' title='bbox 1441 1324 1786 1387; x_wconf 48' lang='lat' dir='ltr'><strong>controvegsa</strong></span> 
     </span>
    </p>
   </div>
   <div class='ocr_carea' id='block_1_17' title="bbox 242 1383 1789 1456">
    <p class='ocr_par' dir='ltr' id='par_1_17' title="bbox 242 1383 1789 1456">
     <span class='ocr_line' id='line_1_17' title="bbox 242 1383 1789 1456; baseline -0.001 -19"><span class='ocrx_word' id='word_1_112' title='bbox 242 1383 455 1456; x_wconf 82' lang='lat' dir='ltr'><strong>natura)</strong></span> <span class='ocrx_word' id='word_1_113' title='bbox 484 1383 650 1439; x_wconf 82' lang='lat' dir='ltr'><strong>artem</strong></span> <span class='ocrx_word' id='word_1_114' title='bbox 680 1393 732 1436; x_wconf 89' lang='lat' dir='ltr'><strong>et</strong></span> <span class='ocrx_word' id='word_1_115' title='bbox 761 1395 1022 1456; x_wconf 59' lang='lat' dir='ltr'><strong>praecepta</strong></span> <span class='ocrx_word' id='word_1_116' title='bbox 1066 1385 1278 1440; x_wconf 88' lang='lat' dir='ltr'><strong>Siculos</strong></span> <span class='ocrx_word' id='word_1_117' title='bbox 1321 1383 1577 1456; x_wconf 86' lang='lat' dir='ltr'><strong>Coracem</strong></span> <span class='ocrx_word' id='word_1_118' title='bbox 1613 1393 1666 1456; x_wconf 77' lang='lat' dir='ltr'><strong>et</strong></span> <span class='ocrx_word' id='word_1_119' title='bbox 1698 1384 1789 1436; x_wconf 88' lang='lat' dir='ltr'><strong>Ti-</strong></span> 
     </span>
    </p>
   </div>
   <div class='ocr_carea' id='block_1_18' title="bbox 239 1453 1787 1522">
    <p class='ocr_par' dir='ltr' id='par_1_18' title="bbox 239 1453 1787 1522">
     <span class='ocr_line' id='line_1_18' title="bbox 239 1453 1787 1522; baseline -0.002 -15"><span class='ocrx_word' id='word_1_120' title='bbox 239 1456 379 1507; x_wconf 86' lang='lat' dir='ltr'><strong>siam</strong></span> <span class='ocrx_word' id='word_1_121' title='bbox 408 1453 810 1522; x_wconf 82' lang='lat' dir='ltr'><strong>conscripsisse.</strong></span> <span class='ocrx_word' id='word_1_122' title='bbox 856 1453 986 1507; x_wconf 79' lang='lat' dir='ltr'><strong>Nam</strong></span> <span class='ocrx_word' id='word_1_123' title='bbox 1041 1463 1196 1508; x_wconf 88' lang='lat' dir='ltr'><strong>antea</strong></span> <span class='ocrx_word' id='word_1_124' title='bbox 1257 1455 1522 1508; x_wconf 90' lang='lat' dir='ltr'><strong>neminem</strong></span> <span class='ocrx_word' id='word_1_125' title='bbox 1573 1454 1787 1507; x_wconf 91' lang='lat' dir='ltr'><strong>solitum</strong></span> 
     </span>
    </p>
   </div>
   <div class='ocr_carea' id='block_1_19' title="bbox 239 1523 1789 1590">
    <p class='ocr_par' dir='ltr' id='par_1_19' title="bbox 239 1523 1789 1590">
     <span class='ocr_line' id='line_1_19' title="bbox 239 1523 1789 1590; baseline 0.003 -17"><span class='ocrx_word' id='word_1_126' title='bbox 239 1525 359 1582; x_wconf 86' lang='lat' dir='ltr'><strong>via.</strong></span> <span class='ocrx_word' id='word_1_127' title='bbox 405 1540 502 1579; x_wconf 77' lang='lat' dir='ltr'><strong>nec</strong></span> <span class='ocrx_word' id='word_1_128' title='bbox 541 1535 679 1586; x_wconf 90' lang='lat' dir='ltr'><strong>arte,</strong></span> <span class='ocrx_word' id='word_1_129' title='bbox 716 1525 808 1578; x_wconf 89' lang='lat' dir='ltr'><strong>sed</strong></span> <span class='ocrx_word' id='word_1_130' title='bbox 860 1535 1109 1578; x_wconf 89' lang='lat' dir='ltr'><strong>accurate</strong></span> <span class='ocrx_word' id='word_1_131' title='bbox 1160 1533 1358 1584; x_wconf 89' lang='lat' dir='ltr'><strong>tamen,</strong></span> <span class='ocrx_word' id='word_1_132' title='bbox 1406 1535 1462 1576; x_wconf 90' lang='lat' dir='ltr'><strong>et</strong></span> <span class='ocrx_word' id='word_1_133' title='bbox 1495 1525 1559 1577; x_wconf 87' lang='lat' dir='ltr'><strong>de</strong></span> <span class='ocrx_word' id='word_1_134' title='bbox 1590 1523 1789 1590; x_wconf 89' lang='lat' dir='ltr'><strong>scripto</strong></span> 
     </span>
    </p>
   </div>
   <div class='ocr_carea' id='block_1_20' title="bbox 238 1593 1786 1663">
    <p class='ocr_par' dir='ltr' id='par_1_20' title="bbox 238 1593 1786 1663">
     <span class='ocr_line' id='line_1_20' title="bbox 238 1593 1786 1663; baseline 0.001 -19"><span class='ocrx_word' id='word_1_135' title='bbox 238 1595 526 1663; x_wconf 84' lang='lat' dir='ltr'><strong>plerosque</strong></span> <span class='ocrx_word' id='word_1_136' title='bbox 559 1594 756 1652; x_wconf 82' lang='lat' dir='ltr'><strong>dicere.</strong></span> <span class='ocrx_word' id='word_1_137' title='bbox 803 1594 1134 1662; x_wconf 89' lang='lat' dir='ltr'><strong>scriptasque</strong></span> <span class='ocrx_word' id='word_1_138' title='bbox 1179 1593 1343 1645; x_wconf 91' lang='lat' dir='ltr'><strong>fuisse</strong></span> <span class='ocrx_word' id='word_1_139' title='bbox 1386 1602 1444 1663; x_wconf 89' lang='lat' dir='ltr'><strong>et</strong></span> <span class='ocrx_word' id='word_1_140' title='bbox 1495 1602 1712 1662; x_wconf 88' lang='lat' dir='ltr'><strong>paratas</strong></span> <span class='ocrx_word' id='word_1_141' title='bbox 1758 1608 1786 1645; x_wconf 92' lang='lat' dir='ltr'><strong>a</strong></span> 
     </span>
    </p>
   </div>
   <div class='ocr_carea' id='block_1_21' title="bbox 239 1662 1788 1732">
    <p class='ocr_par' dir='ltr' id='par_1_21' title="bbox 239 1662 1788 1732">
     <span class='ocr_line' id='line_1_21' title="bbox 239 1662 1788 1732; baseline -0.001 -16"><span class='ocrx_word' id='word_1_142' title='bbox 239 1662 532 1732; x_wconf 70' lang='lat' dir='ltr'><strong>Protagora</strong></span> <span class='ocrx_word' id='word_1_143' title='bbox 595 1678 772 1716; x_wconf 87' lang='lat' dir='ltr'><strong>rerum</strong></span> <span class='ocrx_word' id='word_1_144' title='bbox 839 1665 1123 1716; x_wconf 87' lang='lat' dir='ltr'><strong>illustrium</strong></span> <span class='ocrx_word' id='word_1_145' title='bbox 1159 1662 1604 1732; x_wconf 73' lang='lat' dir='ltr'><strong>disputationes,</strong></span> <span class='ocrx_word' id='word_1_146' title='bbox 1670 1677 1788 1732; x_wconf 64' lang='lat' dir='ltr'><strong>quae</strong></span> 
     </span>
    </p>
   </div>
   <div class='ocr_carea' id='block_1_22' title="bbox 237 1730 1792 1802">
    <p class='ocr_par' dir='ltr' id='par_1_22' title="bbox 237 1730 1792 1802">
     <span class='ocr_line' id='line_1_22' title="bbox 237 1730 1792 1802; baseline -0.001 -17"><span class='ocrx_word' id='word_1_147' title='bbox 237 1748 385 1785; x_wconf 86' lang='lat' dir='ltr'><strong>nunc</strong></span> <span class='ocrx_word' id='word_1_148' title='bbox 410 1730 719 1786; x_wconf 81' lang='lat' dir='ltr'><strong>communes</strong></span> <span class='ocrx_word' id='word_1_149' title='bbox 772 1735 1104 1802; x_wconf 89' lang='lat' dir='ltr'><strong>appellantur</strong></span> <span class='ocrx_word' id='word_1_150' title='bbox 1157 1730 1297 1784; x_wconf 23' lang='lat' dir='ltr'><strong>loci.‘</strong></span> <span class='ocrx_word' id='word_1_151' title='bbox 1337 1731 1489 1802; x_wconf 82' lang='lat' dir='ltr'><strong>Quod</strong></span> <span class='ocrx_word' id='word_1_152' title='bbox 1536 1730 1792 1802; x_wconf 12' lang='lat' dir='ltr'><strong>idemife-</strong></span> 
     </span>
    </p>
   </div>
   <div class='ocr_carea' id='block_1_23' title="bbox 237 1801 1790 1873">
    <p class='ocr_par' dir='ltr' id='par_1_23' title="bbox 237 1801 1790 1873">
     <span class='ocr_line' id='line_1_23' title="bbox 237 1801 1790 1873; baseline -0.004 -17"><span class='ocrx_word' id='word_1_153' title='bbox 237 1805 381 1856; x_wconf 84' lang='lat' dir='ltr'><strong>cisse</strong></span> <span class='ocrx_word' id='word_1_154' title='bbox 401 1804 673 1873; x_wconf 82' lang='lat' dir='ltr'><strong>Gorgiam.</strong></span> <span class='ocrx_word' id='word_1_155' title='bbox 702 1801 820 1855; x_wconf 85' lang='lat' dir='ltr'><strong>cum</strong></span> <span class='ocrx_word' id='word_1_156' title='bbox 845 1803 1174 1869; x_wconf 81' lang='lat' dir='ltr'><strong>singularum</strong></span> <span class='ocrx_word' id='word_1_157' title='bbox 1209 1816 1392 1873; x_wconf 83' lang='lat' dir='ltr'><strong>rerum</strong></span> <span class='ocrx_word' id='word_1_158' title='bbox 1427 1801 1608 1873; x_wconf 85' lang='lat' dir='ltr'><strong>Iaudes</strong></span> <span class='ocrx_word' id='word_1_159' title='bbox 1651 1801 1790 1853; x_wconf 86' lang='lat' dir='ltr'><strong>vitu-</strong></span> 
     </span>
    </p>
   </div>
   <div class='ocr_carea' id='block_1_24' title="bbox 237 1870 1794 1941">
    <p class='ocr_par' dir='ltr' id='par_1_24' title="bbox 237 1870 1794 1941">
     <span class='ocr_line' id='line_1_24' title="bbox 237 1870 1794 1941; baseline -0.001 -17"><span class='ocrx_word' id='word_1_160' title='bbox 237 1870 654 1941; x_wconf 62' lang='lat' dir='ltr'><strong>perationeéqne</strong></span> <span class='ocrx_word' id='word_1_161' title='bbox 699 1873 1108 1939; x_wconf 74' lang='lat' dir='ltr'><strong>conscripsisset</strong></span> <span class='ocrx_word' id='word_1_162' title='bbox 1139 1888 1151 1923; x_wconf 92' lang='lat'>:</span> <span class='ocrx_word' id='word_1_163' title='bbox 1181 1872 1321 1938; x_wconf 90' lang='lat' dir='ltr'><strong>quod</strong></span> <span class='ocrx_word' id='word_1_164' title='bbox 1372 1870 1641 1936; x_wconf 86' lang='lat' dir='ltr'><strong>judicaret</strong></span> <span class='ocrx_word' id='word_1_165' title='bbox 1682 1873 1794 1941; x_wconf 79' lang='lat' dir='ltr'><strong>hoc</strong></span> 
     </span>
    </p>
   </div>
   <div class='ocr_carea' id='block_1_25' title="bbox 234 1939 1793 2009">
    <p class='ocr_par' dir='ltr' id='par_1_25' title="bbox 234 1939 1793 2009">
     <span class='ocr_line' id='line_1_25' title="bbox 234 1939 1793 2009; baseline -0.002 -17"><span class='ocrx_word' id='word_1_166' title='bbox 234 1939 472 1996; x_wconf 88' lang='lat' dir='ltr'><strong>oratoris</strong></span> <span class='ocrx_word' id='word_1_167' title='bbox 499 1939 726 1995; x_wconf 76' lang='lat' dir='ltr'><strong>maxime</strong></span> <span class='ocrx_word' id='word_1_168' title='bbox 758 1943 1050 2009; x_wconf 90' lang='lat' dir='ltr'><strong>proprium,</strong></span> <span class='ocrx_word' id='word_1_169' title='bbox 1105 1955 1216 1993; x_wconf 89' lang='lat' dir='ltr'><strong>rem</strong></span> <span class='ocrx_word' id='word_1_170' title='bbox 1265 1954 1459 2009; x_wconf 78' lang='lat' dir='ltr'><strong>augere</strong></span> <span class='ocrx_word' id='word_1_171' title='bbox 1493 1953 1651 2008; x_wconf 84' lang='lat' dir='ltr'><strong>posse</strong></span> <span class='ocrx_word' id='word_1_172' title='bbox 1680 1939 1793 1990; x_wconf 89' lang='lat' dir='ltr'><strong>Ian-</strong></span> 
     </span>
    </p>
   </div>
   <div class='ocr_carea' id='block_1_26' title="bbox 237 2008 1793 2082">
    <p class='ocr_par' dir='ltr' id='par_1_26' title="bbox 237 2008 1793 2082">
     <span class='ocr_line' id='line_1_26' title="bbox 237 2008 1793 2082; baseline -0.001 -20"><span class='ocrx_word' id='word_1_173' title='bbox 237 2013 442 2082; x_wconf 86' lang='lat' dir='ltr'><strong>dando,</strong></span> <span class='ocrx_word' id='word_1_174' title='bbox 493 2008 948 2082; x_wconf 79' lang='lat' dir='ltr'><strong>vituperandoque</strong></span> <span class='ocrx_word' id='word_1_175' title='bbox 999 2025 1185 2082; x_wconf 87' lang='lat' dir='ltr'><strong>rursus</strong></span> <span class='ocrx_word' id='word_1_176' title='bbox 1220 2008 1474 2082; x_wconf 72' lang='lat' dir='ltr'><strong>afﬂigere.</strong></span> <span class='ocrx_word' id='word_1_177' title='bbox 1519 2009 1652 2082; x_wconf 83' lang='lat' dir='ltr'><strong>IIuic</strong></span> <span class='ocrx_word' id='word_1_178' title='bbox 1685 2010 1793 2082; x_wconf 82' lang='lat' dir='ltr'><strong>An-</strong></span> 
     </span>
    </p>
   </div>
   <div class='ocr_carea' id='block_1_27' title="bbox 237 2080 1794 2146">
    <p class='ocr_par' dir='ltr' id='par_1_27' title="bbox 237 2080 1794 2146">
     <span class='ocr_line' id='line_1_27' title="bbox 237 2080 1794 2146; baseline 0.001 -15"><span class='ocrx_word' id='word_1_179' title='bbox 237 2081 541 2146; x_wconf 91' lang='lat' dir='ltr'><strong>tiphontem</strong></span> <span class='ocrx_word' id='word_1_180' title='bbox 583 2080 973 2134; x_wconf 79' lang='lat' dir='ltr'><strong>Rhamnusium</strong></span> <span class='ocrx_word' id='word_1_181' title='bbox 1008 2081 1200 2132; x_wconf 85' lang='lat' dir='ltr'><strong>similia</strong></span> <span class='ocrx_word' id='word_1_182' title='bbox 1255 2080 1497 2146; x_wconf 76' lang='lat' dir='ltr'><strong>qtnedam</strong></span> <span class='ocrx_word' id='word_1_183' title='bbox 1542 2080 1794 2133; x_wconf 80' lang='lat' dir='ltr'><strong>habuisse</strong></span> 
     </span>
    </p>
   </div>
   <div class='ocr_carea' id='block_1_28' title="bbox 232 2148 1789 2219">
    <p class='ocr_par' dir='ltr' id='par_1_28' title="bbox 232 2148 1789 2219">
     <span class='ocr_line' id='line_1_28' title="bbox 232 2148 1789 2219; baseline -0.001 -17"><span class='ocrx_word' id='word_1_184' title='bbox 232 2152 566 2219; x_wconf 86' lang='lat' dir='ltr'><strong>conscripta,</strong></span> <span class='ocrx_word' id='word_1_185' title='bbox 613 2165 723 2219; x_wconf 89' lang='lat' dir='ltr'><strong>quo</strong></span> <span class='ocrx_word' id='word_1_186' title='bbox 778 2153 1041 2204; x_wconf 90' lang='lat' dir='ltr'><strong>neminem</strong></span> <span class='ocrx_word' id='word_1_187' title='bbox 1096 2164 1328 2216; x_wconf 87' lang='lat' dir='ltr'><strong>unquam</strong></span> <span class='ocrx_word' id='word_1_188' title='bbox 1385 2149 1576 2202; x_wconf 87' lang='lat' dir='ltr'><strong>melius</strong></span> <span class='ocrx_word' id='word_1_189' title='bbox 1629 2148 1789 2200; x_wconf 88' lang='lat' dir='ltr'><strong>ullam</strong></span> 
     </span>
    </p>
   </div>
   <div class='ocr_carea' id='block_1_29' title="bbox 232 2218 1794 2285">
    <p class='ocr_par' dir='ltr' id='par_1_29' title="bbox 232 2218 1794 2285">
     <span class='ocr_line' id='line_1_29' title="bbox 232 2218 1794 2285; baseline -0.001 -13"><span class='ocrx_word' id='word_1_190' title='bbox 232 2218 481 2274; x_wconf 81' lang='lat' dir='ltr'><strong>oravisse</strong></span> <span class='ocrx_word' id='word_1_191' title='bbox 504 2218 698 2285; x_wconf 87' lang='lat' dir='ltr'><strong>capitis</strong></span> <span class='ocrx_word' id='word_1_192' title='bbox 729 2235 971 2285; x_wconf 88' lang='lat' dir='ltr'><strong>causam,</strong></span> <span class='ocrx_word' id='word_1_193' title='bbox 997 2233 1114 2271; x_wconf 91' lang='lat' dir='ltr'><strong>cum</strong></span> <span class='ocrx_word' id='word_1_194' title='bbox 1147 2233 1204 2270; x_wconf 87' lang='lat' dir='ltr'><strong>se</strong></span> <span class='ocrx_word' id='word_1_195' title='bbox 1232 2219 1341 2285; x_wconf 90' lang='lat' dir='ltr'><strong>ipse</strong></span> <span class='ocrx_word' id='word_1_196' title='bbox 1369 2219 1703 2280; x_wconf 88' lang='lat' dir='ltr'><strong>defenderet,</strong></span> <span class='ocrx_word' id='word_1_197' title='bbox 1733 2232 1794 2271; x_wconf 89' lang='lat' dir='ltr'><strong>se</strong></span> 
     </span>
    </p>
   </div>
   <div class='ocr_carea' id='block_1_30' title="bbox 232 2287 1794 2358">
    <p class='ocr_par' dir='ltr' id='par_1_30' title="bbox 232 2287 1794 2358">
     <span class='ocr_line' id='line_1_30' title="bbox 232 2287 1794 2358; baseline -0.002 -15"><span class='ocrx_word' id='word_1_198' title='bbox 232 2293 512 2352; x_wconf 84' lang='lat' dir='ltr'><strong>audiente,</strong></span> <span class='ocrx_word' id='word_1_199' title='bbox 548 2289 785 2358; x_wconf 73' lang='lat' dir='ltr'><strong>locuples</strong></span> <span class='ocrx_word' id='word_1_200' title='bbox 809 2299 996 2343; x_wconf 86' lang='lat' dir='ltr'><strong>auctor</strong></span> <span class='ocrx_word' id='word_1_201' title='bbox 1023 2288 1238 2356; x_wconf 89' lang='lat' dir='ltr'><strong>scripsit</strong></span> <span class='ocrx_word' id='word_1_202' title='bbox 1262 2287 1626 2358; x_wconf 18' lang='lat' dir='ltr'><strong>rTIIUtfytIldCS.</strong></span> <span class='ocrx_word' id='word_1_203' title='bbox 1667 2306 1686 2338; x_wconf 75' lang='grc' dir='ltr'><strong><em>ι</em></strong></span> <span class='ocrx_word' id='word_1_204' title='bbox 1724 2289 1794 2340; x_wconf 88' lang='lat' dir='ltr'><strong>At</strong></span> 
     </span>
    </p>
   </div>
   <div class='ocr_carea' id='block_1_31' title="bbox 231 2355 1791 2429">
    <p class='ocr_par' dir='ltr' id='par_1_31' title="bbox 231 2355 1791 2429">
     <span class='ocr_line' id='line_1_31' title="bbox 231 2355 1791 2429; baseline -0.003 -15"><span class='ocrx_word' id='word_1_205' title='bbox 231 2360 288 2414; x_wconf 87' lang='lat' dir='ltr'><strong>si</strong></span> <span class='ocrx_word' id='word_1_206' title='bbox 319 2371 542 2428; x_wconf 72' lang='lat' dir='ltr'><strong>uterque</strong></span> <span class='ocrx_word' id='word_1_207' title='bbox 581 2355 806 2429; x_wconf 73' lang='lat' dir='ltr'><strong>Gorgias</strong></span> <span class='ocrx_word' id='word_1_208' title='bbox 831 2369 884 2412; x_wconf 89' lang='lat' dir='ltr'><strong>et</strong></span> <span class='ocrx_word' id='word_1_209' title='bbox 911 2355 1182 2424; x_wconf 85' lang='lat' dir='ltr'><strong>Antiphon</strong></span> <span class='ocrx_word' id='word_1_210' title='bbox 1208 2357 1424 2429; x_wconf 91' lang='lat' dir='ltr'><strong>_simi|ia</strong></span> <span class='ocrx_word' id='word_1_211' title='bbox 1447 2357 1791 2429; x_wconf 70' lang='lat' dir='ltr'><strong>habuerunt,</strong></span> 
     </span>
    </p>
   </div>
   <div class='ocr_carea' id='block_1_32' title="bbox 232 2425 1787 2496">
    <p class='ocr_par' dir='ltr' id='par_1_32' title="bbox 232 2425 1787 2496">
     <span class='ocr_line' id='line_1_32' title="bbox 232 2425 1787 2496; baseline -0.003 -13"><span class='ocrx_word' id='word_1_212' title='bbox 232 2431 377 2484; x_wconf 81' lang='lat' dir='ltr'><strong>nihil</strong></span> <span class='ocrx_word' id='word_1_213' title='bbox 414 2425 604 2481; x_wconf 67' lang='lat' dir='ltr'><strong>nurum</strong></span> <span class='ocrx_word' id='word_1_214' title='bbox 623 2430 666 2482; x_wconf 90' lang='lat' dir='ltr'><strong>si</strong></span> <span class='ocrx_word' id='word_1_215' title='bbox 696 2425 938 2482; x_wconf 71' lang='lat' dir='ltr'><strong>nonnulli</strong></span> <span class='ocrx_word' id='word_1_216' title='bbox 971 2429 1020 2480; x_wconf 89' lang='lat' dir='ltr'><strong>id</strong></span> <span class='ocrx_word' id='word_1_217' title='bbox 1060 2427 1293 2495; x_wconf 63' lang='lat' dir='ltr'><strong>Gorgiae,</strong></span> <span class='ocrx_word' id='word_1_218' title='bbox 1322 2425 1462 2494; x_wconf 90' lang='lat' dir='ltr'><strong>quod</strong></span> <span class='ocrx_word' id='word_1_219' title='bbox 1505 2425 1669 2496; x_wconf 75' lang='lat'><strong>289</strong></span> <span class='ocrx_word' id='word_1_220' title='bbox 1698 2427 1787 2479; x_wconf 87' lang='lat' dir='ltr'><strong>alii</strong></span> 
     </span>
    </p>
   </div>
   <div class='ocr_carea' id='block_1_33' title="bbox 232 2496 1792 2567">
    <p class='ocr_par' dir='ltr' id='par_1_33' title="bbox 232 2496 1792 2567">
     <span class='ocr_line' id='line_1_33' title="bbox 232 2496 1792 2567; baseline -0.004 -13"><span class='ocrx_word' id='word_1_221' title='bbox 232 2499 550 2567; x_wconf 80' lang='lat' dir='ltr'><strong>Antiphonti</strong></span> <span class='ocrx_word' id='word_1_222' title='bbox 592 2499 960 2566; x_wconf 87' lang='lat' dir='ltr'><strong>ascripserint.</strong></span> <span class='ocrx_word' id='word_1_223' title='bbox 1001 2497 1248 2551; x_wconf 86' lang='lat' dir='ltr'><strong>Clemens</strong></span> <span class='ocrx_word' id='word_1_224' title='bbox 1288 2496 1470 2563; x_wconf 88' lang='lat' dir='ltr'><strong>itaque</strong></span> <span class='ocrx_word' id='word_1_225' title='bbox 1513 2513 1637 2567; x_wconf 86' lang='lat' dir='ltr'><strong>cum</strong></span> <span class='ocrx_word' id='word_1_226' title='bbox 1689 2510 1792 2548; x_wconf 92' lang='lat' dir='ltr'><strong>non</strong></span> 
     </span>
    </p>
   </div>
   <div class='ocr_carea' id='block_1_34' title="bbox 231 2566 1796 2638">
    <p class='ocr_par' dir='ltr' id='par_1_34' title="bbox 231 2566 1796 2638">
     <span class='ocr_line' id='line_1_34' title="bbox 231 2566 1796 2638; baseline -0.002 -19"><span class='ocrx_word' id='word_1_227' title='bbox 231 2566 382 2638; x_wconf 88' lang='lat' dir='ltr'><strong>quod</strong></span> <span class='ocrx_word' id='word_1_228' title='bbox 417 2573 548 2637; x_wconf 87' lang='lat' dir='ltr'><strong>ipse,</strong></span> <span class='ocrx_word' id='word_1_229' title='bbox 590 2569 681 2638; x_wconf 82' lang='lat' dir='ltr'><strong>sed</strong></span> <span class='ocrx_word' id='word_1_230' title='bbox 713 2571 852 2636; x_wconf 89' lang='lat' dir='ltr'><strong>quod</strong></span> <span class='ocrx_word' id='word_1_231' title='bbox 903 2569 993 2620; x_wconf 88' lang='lat' dir='ltr'><strong>alii</strong></span> <span class='ocrx_word' id='word_1_232' title='bbox 1036 2567 1360 2638; x_wconf 81' lang='lat' dir='ltr'><strong>censuerint,</strong></span> <span class='ocrx_word' id='word_1_233' title='bbox 1403 2566 1666 2638; x_wconf 65' lang='lat' dir='ltr'><strong>explicet.</strong></span> <span class='ocrx_word' id='word_1_234' title='bbox 1699 2580 1796 2638; x_wconf 84' lang='lat' dir='ltr'><strong>au-</strong></span> 
     </span>
    </p>
   </div>
   <div class='ocr_carea' id='block_1_35' title="bbox 233 2635 1795 2702">
    <p class='ocr_par' dir='ltr' id='par_1_35' title="bbox 233 2635 1795 2702">
     <span class='ocr_line' id='line_1_35' title="bbox 233 2635 1795 2702; baseline -0.004 -9"><span class='ocrx_word' id='word_1_235' title='bbox 233 2635 448 2693; x_wconf 74' lang='lat' dir='ltr'><strong>étoreni</strong></span> <span class='ocrx_word' id='word_1_236' title='bbox 476 2653 628 2692; x_wconf 91' lang='lat' dir='ltr'><strong>suum</strong></span> <span class='ocrx_word' id='word_1_237' title='bbox 660 2637 968 2702; x_wconf 89' lang='lat' dir='ltr'><strong>Diodorum,</strong></span> <span class='ocrx_word' id='word_1_238' title='bbox 989 2635 1080 2690; x_wconf 87' lang='lat' dir='ltr'><strong>sed</strong></span> <span class='ocrx_word' id='word_1_239' title='bbox 1113 2636 1278 2689; x_wconf 91' lang='lat' dir='ltr'><strong>alium</strong></span> <span class='ocrx_word' id='word_1_240' title='bbox 1303 2636 1522 2688; x_wconf 88' lang='lat' dir='ltr'><strong>forsitan</strong></span> <span class='ocrx_word' id='word_1_241' title='bbox 1557 2651 1586 2688; x_wconf 88' lang='lat' dir='ltr'><strong>a</strong></span> <span class='ocrx_word' id='word_1_242' title='bbox 1614 2635 1795 2688; x_wconf 89' lang='lat' dir='ltr'><strong>Siculo</strong></span> 
     </span>
    </p>
   </div>
   <div class='ocr_carea' id='block_1_36' title="bbox 237 2703 1794 2770">
    <p class='ocr_par' dir='ltr' id='par_1_36' title="bbox 237 2703 1794 2770">
     <span class='ocr_line' id='line_1_36' title="bbox 237 2703 1794 2770; baseline -0.003 -9"><span class='ocrx_word' id='word_1_243' title='bbox 237 2708 500 2761; x_wconf 78' lang='lat' dir='ltr'><strong>laudavit.</strong></span> <span class='ocrx_word' id='word_1_244' title='bbox 548 2707 660 2760; x_wconf 56' lang='lat' dir='ltr'><strong>Eon</strong></span> <span class='ocrx_word' id='word_1_245' title='bbox 692 2723 812 2760; x_wconf 91' lang='lat' dir='ltr'><strong>eum</strong></span> <span class='ocrx_word' id='word_1_246' title='bbox 847 2717 1022 2760; x_wconf 89' lang='lat' dir='ltr'><strong>autem</strong></span> <span class='ocrx_word' id='word_1_247' title='bbox 1083 2705 1276 2770; x_wconf 88' lang='lat' dir='ltr'><strong>solum,</strong></span> <span class='ocrx_word' id='word_1_248' title='bbox 1310 2707 1403 2758; x_wconf 91' lang='lat' dir='ltr'><strong>sed</strong></span> <span class='ocrx_word' id='word_1_249' title='bbox 1451 2703 1794 2758; x_wconf 89' lang='lat' dir='ltr'><strong>Plutarchum</strong></span> 
     </span>
    </p>
   </div>
   <div class='ocr_carea' id='block_1_37' title="bbox 237 2775 1797 2841">
    <p class='ocr_par' dir='ltr' id='par_1_37' title="bbox 237 2775 1797 2841">
     <span class='ocr_line' id='line_1_37' title="bbox 237 2775 1797 2841; baseline -0.001 -11"><span class='ocrx_word' id='word_1_250' title='bbox 237 2777 405 2831; x_wconf 86' lang='lat' dir='ltr'><strong>etiam</strong></span> <span class='ocrx_word' id='word_1_251' title='bbox 435 2776 502 2840; x_wconf 72' lang='grc'><strong>⁸³,</strong></span> <span class='ocrx_word' id='word_1_252' title='bbox 535 2777 577 2828; x_wconf 93' lang='lat' dir='ltr'><strong>si</strong></span> <span class='ocrx_word' id='word_1_253' title='bbox 603 2778 652 2828; x_wconf 92' lang='lat' dir='ltr'><strong>id</strong></span> <span class='ocrx_word' id='word_1_254' title='bbox 687 2777 1047 2830; x_wconf 88' lang='lat' dir='ltr'><strong>necessarium</strong></span> <span class='ocrx_word' id='word_1_255' title='bbox 1079 2775 1417 2835; x_wconf 87' lang='lat' dir='ltr'><strong>credidisset,</strong></span> <span class='ocrx_word' id='word_1_256' title='bbox 1451 2775 1500 2826; x_wconf 91' lang='lat' dir='ltr'><strong>in</strong></span> <span class='ocrx_word' id='word_1_257' title='bbox 1527 2775 1797 2841; x_wconf 82' lang='lat' dir='ltr'><strong>Opinionis</strong></span> 
     </span>
    </p>
   </div>
   <div class='ocr_carea' id='block_1_38' title="bbox 241 2841 1797 2911">
    <p class='ocr_par' dir='ltr' id='par_1_38' title="bbox 241 2841 1797 2911">
     <span class='ocr_line' id='line_1_38' title="bbox 241 2841 1797 2911; baseline -0.002 -12"><span class='ocrx_word' id='word_1_258' title='bbox 241 2861 355 2899; x_wconf 72' lang='lat' dir='ltr'><strong>sua:</strong></span> <span class='ocrx_word' id='word_1_259' title='bbox 377 2845 829 2898; x_wconf 82' lang='lat' dir='ltr'><strong>cordirmationem</strong></span> <span class='ocrx_word' id='word_1_260' title='bbox 861 2846 1029 2898; x_wconf 90' lang='lat' dir='ltr'><strong>citare</strong></span> <span class='ocrx_word' id='word_1_261' title='bbox 1069 2845 1261 2911; x_wconf 90' lang='lat' dir='ltr'><strong>potuit.</strong></span> <span class='ocrx_word' id='word_1_262' title='bbox 1314 2841 1520 2896; x_wconf 75' lang='lat' dir='ltr'><strong>Videsis</strong></span> <span class='ocrx_word' id='word_1_263' title='bbox 1551 2847 1618 2896; x_wconf 91' lang='lat' dir='ltr'><strong>de</strong></span> <span class='ocrx_word' id='word_1_264' title='bbox 1652 2853 1797 2896; x_wconf 89' lang='lat' dir='ltr'><strong>utro-</strong></span> 
     </span>
    </p>
   </div>
   <div class='ocr_carea' id='block_1_39' title="bbox 241 2911 1794 2984">
    <p class='ocr_par' dir='ltr' id='par_1_39' title="bbox 241 2911 1794 2984">
     <span class='ocr_line' id='line_1_39' title="bbox 241 2911 1794 2984; baseline 0.001 -18"><span class='ocrx_word' id='word_1_265' title='bbox 241 2929 349 2984; x_wconf 89' lang='lat' dir='ltr'><strong>que</strong></span> <span class='ocrx_word' id='word_1_266' title='bbox 373 2913 702 2984; x_wconf 83' lang='lat' dir='ltr'><strong>Antiphonte</strong></span> <span class='ocrx_word' id='word_1_267' title='bbox 723 2922 776 2966; x_wconf 88' lang='lat' dir='ltr'><strong>et.</strong></span> <span class='ocrx_word' id='word_1_268' title='bbox 803 2913 999 2984; x_wconf 78' lang='lat' dir='ltr'><strong>Gorgia</strong></span> <span class='ocrx_word' id='word_1_269' title='bbox 1021 2913 1192 2967; x_wconf 84' lang='lat' dir='ltr'><strong>Photii</strong></span> <span class='ocrx_word' id='word_1_270' title='bbox 1221 2911 1496 2974; x_wconf 82' lang='lat' dir='ltr'><strong>Biblioth.,</strong></span> <span class='ocrx_word' id='word_1_271' title='bbox 1517 2915 1636 2966; x_wconf 94' lang='lat' dir='ltr'><strong>cod.</strong></span> <span class='ocrx_word' id='word_1_272' title='bbox 1667 2911 1794 2978; x_wconf 68' lang='lat'><strong>259,</strong></span> 
     </span>
    </p>
   </div>
   <div class='ocr_carea' id='block_1_40' title="bbox 242 2983 790 3054">
    <p class='ocr_par' dir='ltr' id='par_1_40' title="bbox 242 2983 790 3054">
     <span class='ocr_line' id='line_1_40' title="bbox 242 2983 790 3054; baseline -0.004 -17"><span class='ocrx_word' id='word_1_273' title='bbox 242 2983 370 3053; x_wconf 77' lang='lat' dir='ltr'><strong>pag.</strong></span> <span class='ocrx_word' id='word_1_274' title='bbox 404 2983 534 3037; x_wconf 75' lang='grc'><strong>1451</strong></span> <span class='ocrx_word' id='word_1_275' title='bbox 561 2991 616 3038; x_wconf 90' lang='lat' dir='ltr'><strong>et</strong></span> <span class='ocrx_word' id='word_1_276' title='bbox 638 2997 790 3054; x_wconf 86' lang='lat' dir='ltr'><strong>seqq.</strong></span> 
     </span>
    </p>
   </div>
   <div class='ocr_carea' id='block_1_41' title="bbox 763 3071 1274 3130">
    <p class='ocr_par' dir='ltr' id='par_1_41' title="bbox 763 3071 1274 3130">
     <span class='ocr_line' id='line_1_41' title="bbox 763 3071 1274 3130; baseline -0.004 -2"><span class='ocrx_word' id='word_1_277' title='bbox 763 3071 1149 3130; x_wconf 77' lang='lat' dir='ltr'><strong>ARTICULUS</strong></span> <span class='ocrx_word' id='word_1_278' title='bbox 1185 3073 1274 3128; x_wconf 84' lang='lat' dir='ltr'><strong>IV.</strong></span> 
     </span>
    </p>
   </div>
   <div class='ocr_carea' id='block_1_42' title="bbox 241 3165 1796 3233">
    <p class='ocr_par' dir='ltr' id='par_1_42' title="bbox 241 3165 1796 3233">
     <span class='ocr_line' id='line_1_42' title="bbox 241 3165 1796 3233; baseline 0 -13"><span class='ocrx_word' id='word_1_279' title='bbox 241 3165 320 3220; x_wconf 80' lang='lat' dir='ltr'><strong>De</strong></span> <span class='ocrx_word' id='word_1_280' title='bbox 348 3165 700 3221; x_wconf 81' lang='lat' dir='ltr'><strong>inventoribus</strong></span> <span class='ocrx_word' id='word_1_281' title='bbox 729 3167 859 3219; x_wconf 87' lang='lat' dir='ltr'><strong>artis</strong></span> <span class='ocrx_word' id='word_1_282' title='bbox 883 3165 1122 3233; x_wconf 68' lang='lat' dir='ltr'><strong>poeticae,</strong></span> <span class='ocrx_word' id='word_1_283' title='bbox 1149 3176 1197 3218; x_wconf 88' lang='lat' dir='ltr'><strong>et</strong></span> <span class='ocrx_word' id='word_1_284' title='bbox 1224 3165 1458 3224; x_wconf 79' lang='lat' dir='ltr'><strong>musicw.</strong></span> <span class='ocrx_word' id='word_1_285' title='bbox 1492 3165 1796 3220; x_wconf 88' lang='lat' dir='ltr'><strong>modorum-</strong></span> 
     </span>
    </p>
   </div>
   <div class='ocr_carea' id='block_1_43' title="bbox 310 3234 1794 3308">
    <p class='ocr_par' dir='ltr' id='par_1_43' title="bbox 310 3234 1794 3308">
     <span class='ocr_line' id='line_1_43' title="bbox 310 3234 1794 3308; baseline 0 -19"><span class='ocrx_word' id='word_1_286' title='bbox 310 3253 410 3308; x_wconf 80' lang='lat' dir='ltr'><strong>que</strong></span> <span class='ocrx_word' id='word_1_287' title='bbox 431 3237 770 3308; x_wconf 72' lang='lat' dir='ltr'><strong>musicorum,</strong></span> <span class='ocrx_word' id='word_1_288' title='bbox 789 3237 964 3296; x_wconf 86' lang='lat' dir='ltr'><strong>iambi.</strong></span> <span class='ocrx_word' id='word_1_289' title='bbox 986 3234 1320 3308; x_wconf 74' lang='lat' dir='ltr'><strong>dithyrambi,</strong></span> <span class='ocrx_word' id='word_1_290' title='bbox 1345 3235 1546 3306; x_wconf 84' lang='lat' dir='ltr'><strong>hymni,</strong></span> <span class='ocrx_word' id='word_1_291' title='bbox 1571 3237 1794 3300; x_wconf 64' lang='lat' dir='ltr'><strong>chorea,</strong></span> 
     </span>
    </p>
   </div>
   <div class='ocr_carea' id='block_1_44' title="bbox 309 3305 1794 3376">
    <p class='ocr_par' dir='ltr' id='par_1_44' title="bbox 309 3305 1794 3376">
     <span class='ocr_line' id='line_1_44' title="bbox 309 3305 1794 3376; baseline -0.001 -15"><span class='ocrx_word' id='word_1_292' title='bbox 309 3305 623 3376; x_wconf 82' lang='grc' dir='ltr'><strong>ἐρωτικῶν,</strong></span> <span class='ocrx_word' id='word_1_293' title='bbox 672 3309 1034 3373; x_wconf 72' lang='lat' dir='ltr'><strong>variorumque</strong></span> <span class='ocrx_word' id='word_1_294' title='bbox 1074 3305 1303 3357; x_wconf 76' lang='lat' dir='ltr'><strong>saltandi</strong></span> <span class='ocrx_word' id='word_1_295' title='bbox 1357 3305 1652 3369; x_wconf 85' lang='lat' dir='ltr'><strong>modorum,</strong></span> <span class='ocrx_word' id='word_1_296' title='bbox 1697 3324 1794 3359; x_wconf 89' lang='lat' dir='ltr'><strong>no-</strong></span> 
     </span>
    </p>
   </div>
   <div class='ocr_carea' id='block_1_45' title="bbox 309 3375 1798 3446">
    <p class='ocr_par' dir='ltr' id='par_1_45' title="bbox 309 3375 1798 3446">
     <span class='ocr_line' id='line_1_45' title="bbox 309 3375 1798 3446; baseline 0.001 -17"><span class='ocrx_word' id='word_1_297' title='bbox 309 3375 536 3440; x_wconf 85' lang='lat' dir='ltr'><strong>morum,</strong></span> <span class='ocrx_word' id='word_1_298' title='bbox 561 3380 801 3437; x_wconf 65' lang='lat' dir='ltr'><strong>citharae,</strong></span> <span class='ocrx_word' id='word_1_299' title='bbox 826 3375 1018 3428; x_wconf 83' lang='lat' dir='ltr'><strong>nablan</strong></span> <span class='ocrx_word' id='word_1_300' title='bbox 1058 3375 1384 3446; x_wconf 88' lang='lat' dir='ltr'><strong>aliorumque</strong></span> <span class='ocrx_word' id='word_1_301' title='bbox 1426 3379 1798 3445; x_wconf 82' lang='lat' dir='ltr'><strong>instrumento-</strong></span> 
     </span>
    </p>
   </div>
   <div class='ocr_carea' id='block_1_46' title="bbox 311 3462 803 3499">
    <p class='ocr_par' dir='ltr' id='par_1_46' title="bbox 311 3462 803 3499">
     <span class='ocr_line' id='line_1_46' title="bbox 311 3462 803 3499; baseline 0 -1"><span class='ocrx_word' id='word_1_302' title='bbox 311 3462 430 3499; x_wconf 87' lang='lat' dir='ltr'><strong>rum</strong></span> <span class='ocrx_word' id='word_1_303' title='bbox 465 3462 803 3499; x_wconf 75' lang='lat' dir='ltr'><strong>musicorum.</strong></span> 
     </span>
    </p>
   </div>
   <div class='ocr_carea' id='block_1_47' title="bbox 313 3535 1795 3607">
    <p class='ocr_par' dir='ltr' id='par_1_47' title="bbox 313 3535 1795 3607">
     <span class='ocr_line' id='line_1_47' title="bbox 313 3535 1795 3607; baseline 0 -17"><span class='ocrx_word' id='word_1_304' title='bbox 313 3536 393 3590; x_wconf 80' lang='lat' dir='ltr'><strong>Ad</strong></span> <span class='ocrx_word' id='word_1_305' title='bbox 434 3548 604 3591; x_wconf 86' lang='lat' dir='ltr'><strong>artem</strong></span> <span class='ocrx_word' id='word_1_306' title='bbox 657 3537 924 3603; x_wconf 87' lang='lat' dir='ltr'><strong>poeticam</strong></span> <span class='ocrx_word' id='word_1_307' title='bbox 967 3545 1022 3591; x_wconf 91' lang='lat' dir='ltr'><strong>et</strong></span> <span class='ocrx_word' id='word_1_308' title='bbox 1063 3537 1322 3592; x_wconf 87' lang='lat' dir='ltr'><strong>musicam</strong></span> <span class='ocrx_word' id='word_1_309' title='bbox 1372 3535 1513 3607; x_wconf 87' lang='lat' dir='ltr'><strong>quod</strong></span> <span class='ocrx_word' id='word_1_310' title='bbox 1565 3547 1795 3607; x_wconf 87' lang='lat' dir='ltr'><strong>spectat,</strong></span> 
     </span>
    </p>
   </div>
   <div class='ocr_carea' id='block_1_48' title="bbox 239 3607 1798 3678">
    <p class='ocr_par' dir='ltr' id='par_1_48' title="bbox 239 3607 1798 3678">
     <span class='ocr_line' id='line_1_48' title="bbox 239 3607 1798 3678; baseline 0.001 -20"><span class='ocrx_word' id='word_1_311' title='bbox 239 3607 486 3678; x_wconf 34' lang='lat' dir='ltr'><strong>pluramde</strong></span> <span class='ocrx_word' id='word_1_312' title='bbox 519 3607 682 3660; x_wconf 91' lang='lat' dir='ltr'><strong>variis</strong></span> <span class='ocrx_word' id='word_1_313' title='bbox 710 3607 920 3660; x_wconf 89' lang='lat' dir='ltr'><strong>illarum</strong></span> <span class='ocrx_word' id='word_1_314' title='bbox 953 3607 1198 3678; x_wconf 89' lang='lat' dir='ltr'><strong>partibus</strong></span> <span class='ocrx_word' id='word_1_315' title='bbox 1223 3622 1522 3678; x_wconf 88' lang='lat' dir='ltr'><strong>earumque</strong></span> <span class='ocrx_word' id='word_1_316' title='bbox 1559 3610 1798 3661; x_wconf 86' lang='lat' dir='ltr'><strong>auctori-</strong></span> 
     </span>
    </p>
   </div>
   <div class='ocr_carea' id='block_1_49' title="bbox 241 3676 1798 3744">
    <p class='ocr_par' dir='ltr' id='par_1_49' title="bbox 241 3676 1798 3744">
     <span class='ocr_line' id='line_1_49' title="bbox 241 3676 1798 3744; baseline -0.001 -12"><span class='ocrx_word' id='word_1_317' title='bbox 241 3676 345 3732; x_wconf 84' lang='lat' dir='ltr'><strong>bus</strong></span> <span class='ocrx_word' id='word_1_318' title='bbox 376 3676 624 3730; x_wconf 89' lang='lat' dir='ltr'><strong>Clemens</strong></span> <span class='ocrx_word' id='word_1_319' title='bbox 675 3677 938 3744; x_wconf 84' lang='lat' dir='ltr'><strong>congerit,</strong></span> <span class='ocrx_word' id='word_1_320' title='bbox 986 3691 1050 3730; x_wconf 86' lang='lat' dir='ltr'><strong>ac</strong></span> <span class='ocrx_word' id='word_1_321' title='bbox 1099 3677 1164 3730; x_wconf 91' lang='lat' dir='ltr'><strong>de</strong></span> <span class='ocrx_word' id='word_1_322' title='bbox 1198 3677 1302 3729; x_wconf 91' lang='lat' dir='ltr'><strong>illis</strong></span> <span class='ocrx_word' id='word_1_323' title='bbox 1333 3692 1480 3731; x_wconf 90' lang='lat' dir='ltr'><strong>more</strong></span> <span class='ocrx_word' id='word_1_324' title='bbox 1527 3691 1626 3730; x_wconf 88' lang='lat' dir='ltr'><strong>suo</strong></span> <span class='ocrx_word' id='word_1_325' title='bbox 1664 3680 1798 3731; x_wconf 86' lang='lat' dir='ltr'><strong>satis</strong></span> 
     </span>
    </p>
   </div>
   <div class='ocr_carea' id='block_1_50' title="bbox 241 3744 1798 3811">
    <p class='ocr_par' dir='ltr' id='par_1_50' title="bbox 241 3744 1798 3811">
     <span class='ocr_line' id='line_1_50' title="bbox 241 3744 1798 3811; baseline 0 -10"><span class='ocrx_word' id='word_1_326' title='bbox 241 3744 469 3802; x_wconf 82' lang='lat' dir='ltr'><strong>canfuse</strong></span> <span class='ocrx_word' id='word_1_327' title='bbox 495 3746 732 3799; x_wconf 87' lang='lat' dir='ltr'><strong>disserit.</strong></span> <span class='ocrx_word' id='word_1_328' title='bbox 781 3747 846 3798; x_wconf 72' lang='lat' dir='ltr'><strong>Et</strong></span> <span class='ocrx_word' id='word_1_329' title='bbox 883 3746 1054 3811; x_wconf 89' lang='lat' dir='ltr'><strong>primo</strong></span> <span class='ocrx_word' id='word_1_330' title='bbox 1095 3747 1312 3810; x_wconf 88' lang='lat' dir='ltr'><strong>quidem</strong></span> <span class='ocrx_word' id='word_1_331' title='bbox 1359 3745 1534 3800; x_wconf 90' lang='lat' dir='ltr'><strong>alieno</strong></span> <span class='ocrx_word' id='word_1_332' title='bbox 1573 3747 1625 3799; x_wconf 94' lang='lat' dir='ltr'><strong>in</strong></span> <span class='ocrx_word' id='word_1_333' title='bbox 1677 3748 1798 3801; x_wconf 84' lang='lat' dir='ltr'><strong>loco</strong></span> 
     </span>
    </p>
   </div>
   <div class='ocr_carea' id='block_1_51' title="bbox 240 3814 1798 3884">
    <p class='ocr_par' dir='ltr' id='par_1_51' title="bbox 240 3814 1798 3884">
     <span class='ocr_line' id='line_1_51' title="bbox 240 3814 1798 3884; baseline -0.001 -14"><span class='ocrx_word' id='word_1_334' title='bbox 240 3821 310 3870; x_wconf 90' lang='lat' dir='ltr'><strong>de</strong></span> <span class='ocrx_word' id='word_1_335' title='bbox 349 3817 551 3868; x_wconf 88' lang='lat' dir='ltr'><strong>musica</strong></span> <span class='ocrx_word' id='word_1_336' title='bbox 584 3817 695 3868; x_wconf 66' lang='lat' dir='ltr'><strong>bam</strong></span> <span class='ocrx_word' id='word_1_337' title='bbox 731 3815 893 3870; x_wconf 88' lang='lat' dir='ltr'><strong>habet</strong></span> <span class='ocrx_word' id='word_1_338' title='bbox 921 3814 966 3845; x_wconf 75' lang='lat'><strong>“</strong></span> <span class='ocrx_word' id='word_1_339' title='bbox 999 3831 1014 3869; x_wconf 91' lang='lat'><strong>:</strong></span> <span class='ocrx_word' id='word_1_340' title='bbox 1048 3833 1066 3867; x_wconf 76' lang='grc' dir='ltr'>ι</span> <span class='ocrx_word' id='word_1_341' title='bbox 1103 3814 1300 3868; x_wconf 85' lang='lat' dir='ltr'><strong>Zethus</strong></span> <span class='ocrx_word' id='word_1_342' title='bbox 1329 3824 1384 3868; x_wconf 91' lang='lat' dir='ltr'><strong>et</strong></span> <span class='ocrx_word' id='word_1_343' title='bbox 1416 3816 1680 3884; x_wconf 84' lang='lat' dir='ltr'><strong>Amphion</strong></span> <span class='ocrx_word' id='word_1_344' title='bbox 1717 3817 1798 3869; x_wconf 89' lang='lat' dir='ltr'><strong>in-</strong></span> 
     </span>
    </p>
   </div>
   <div class='ocr_carea' id='block_1_52' title="bbox 241 3885 1793 3940">
    <p class='ocr_par' dir='ltr' id='par_1_52' title="bbox 241 3885 1793 3940">
     <span class='ocr_line' id='line_1_52' title="bbox 241 3885 1793 3940; baseline 0.001 -6"><span class='ocrx_word' id='word_1_345' title='bbox 241 3896 495 3939; x_wconf 80' lang='lat' dir='ltr'><strong>ventores</strong></span> <span class='ocrx_word' id='word_1_346' title='bbox 547 3885 763 3938; x_wconf 71' lang='lat' dir='ltr'><strong>musicae</strong></span> <span class='ocrx_word' id='word_1_347' title='bbox 813 3886 1032 3938; x_wconf 88' lang='lat' dir='ltr'><strong>fuerunt</strong></span> <span class='ocrx_word' id='word_1_348' title='bbox 1085 3888 1225 3939; x_wconf 90' lang='lat' dir='ltr'><strong>circa</strong></span> <span class='ocrx_word' id='word_1_349' title='bbox 1271 3886 1457 3939; x_wconf 90' lang='lat' dir='ltr'><strong>Cadmi</strong></span> <span class='ocrx_word' id='word_1_350' title='bbox 1497 3895 1731 3940; x_wconf 67' lang='lat' dir='ltr'><strong>aitatem.</strong></span> <span class='ocrx_word' id='word_1_351' title='bbox 1774 3903 1793 3936; x_wconf 76' lang='grc' dir='ltr'><strong><em>ι</em></strong></span> 
     </span>
    </p>
   </div>
   <div class='ocr_carea' id='block_1_53' title="bbox 243 3955 1800 4023">
    <p class='ocr_par' dir='ltr' id='par_1_53' title="bbox 243 3955 1800 4023">
     <span class='ocr_line' id='line_1_53' title="bbox 243 3955 1800 4023; baseline 0 -14"><span class='ocrx_word' id='word_1_352' title='bbox 243 3955 350 4009; x_wconf 86' lang='lat' dir='ltr'><strong>Sed</strong></span> <span class='ocrx_word' id='word_1_353' title='bbox 385 3955 576 4006; x_wconf 88' lang='lat' dir='ltr'><strong>mirum</strong></span> <span class='ocrx_word' id='word_1_354' title='bbox 614 3969 745 4008; x_wconf 88' lang='lat' dir='ltr'><strong>sane</strong></span> <span class='ocrx_word' id='word_1_355' title='bbox 777 3970 936 4021; x_wconf 89' lang='lat' dir='ltr'><strong>quam</strong></span> <span class='ocrx_word' id='word_1_356' title='bbox 965 3955 1125 4008; x_wconf 65' lang='lat' dir='ltr'><strong>variae</strong></span> <span class='ocrx_word' id='word_1_357' title='bbox 1149 3955 1576 4023; x_wconf 85' lang='lat' dir='ltr'><strong>multiplicesque</strong></span> <span class='ocrx_word' id='word_1_358' title='bbox 1603 3955 1800 4010; x_wconf 89' lang='lat' dir='ltr'><strong>fuerint</strong></span> 
     </span>
    </p>
   </div>
   <div class='ocr_carea' id='block_1_54' title="bbox 242 4024 1800 4093">
    <p class='ocr_par' dir='ltr' id='par_1_54' title="bbox 242 4024 1800 4093">
     <span class='ocr_line' id='line_1_54' title="bbox 242 4024 1800 4093; baseline 0.001 -17"><span class='ocrx_word' id='word_1_359' title='bbox 242 4029 310 4079; x_wconf 87' lang='lat' dir='ltr'><strong>de</strong></span> <span class='ocrx_word' id='word_1_360' title='bbox 332 4028 563 4078; x_wconf 88' lang='lat' dir='ltr'><strong>musices</strong></span> <span class='ocrx_word' id='word_1_361' title='bbox 587 4024 891 4077; x_wconf 89' lang='lat' dir='ltr'><strong>inventione</strong></span> <span class='ocrx_word' id='word_1_362' title='bbox 921 4026 1256 4093; x_wconf 90' lang='lat' dir='ltr'><strong>antiquorum</strong></span> <span class='ocrx_word' id='word_1_363' title='bbox 1281 4025 1580 4092; x_wconf 89' lang='lat' dir='ltr'><strong>opiniones.</strong></span> <span class='ocrx_word' id='word_1_364' title='bbox 1601 4025 1800 4091; x_wconf 86' lang='lat' dir='ltr'><strong>Quam-</strong></span> 
     </span>
    </p>
   </div>
   <div class='ocr_carea' id='block_1_55' title="bbox 242 4093 1797 4164">
    <p class='ocr_par' dir='ltr' id='par_1_55' title="bbox 242 4093 1797 4164">
     <span class='ocr_line' id='line_1_55' title="bbox 242 4093 1797 4164; baseline 0.003 -20"><span class='ocrx_word' id='word_1_365' title='bbox 242 4095 328 4148; x_wconf 86' lang='lat' dir='ltr'><strong>vis</strong></span> <span class='ocrx_word' id='word_1_366' title='bbox 378 4095 518 4147; x_wconf 88' lang='lat' dir='ltr'><strong>enim</strong></span> <span class='ocrx_word' id='word_1_367' title='bbox 567 4094 810 4164; x_wconf 75' lang='lat' dir='ltr'><strong>Valerius</strong></span> <span class='ocrx_word' id='word_1_368' title='bbox 841 4093 1049 4148; x_wconf 83' lang='lat' dir='ltr'><strong>Probus</strong></span> <span class='ocrx_word' id='word_1_369' title='bbox 1076 4093 1120 4124; x_wconf 78' lang='lat'>&quot;</span> <span class='ocrx_word' id='word_1_370' title='bbox 1142 4097 1347 4147; x_wconf 86' lang='lat' dir='ltr'><strong>auctori</strong></span> <span class='ocrx_word' id='word_1_371' title='bbox 1385 4104 1567 4148; x_wconf 92' lang='lat' dir='ltr'><strong>nostro</strong></span> <span class='ocrx_word' id='word_1_372' title='bbox 1614 4106 1797 4164; x_wconf 89' lang='lat' dir='ltr'><strong>patro-</strong></span> 
     </span>
    </p>
   </div>
   <div class='ocr_carea' id='block_1_56' title="bbox 243 4163 1795 4232">
    <p class='ocr_par' dir='ltr' id='par_1_56' title="bbox 243 4163 1795 4232">
     <span class='ocr_line' id='line_1_56' title="bbox 243 4163 1795 4232; baseline 0.001 -15"><span class='ocrx_word' id='word_1_373' title='bbox 243 4166 475 4232; x_wconf 83' lang='lat' dir='ltr'><strong>cinetur,</strong></span> <span class='ocrx_word' id='word_1_374' title='bbox 505 4173 664 4232; x_wconf 90' lang='lat' dir='ltr'><strong>atque</strong></span> <span class='ocrx_word' id='word_1_375' title='bbox 700 4163 960 4218; x_wconf 87' lang='lat' dir='ltr'><strong>Eusebius</strong></span> <span class='ocrx_word' id='word_1_376' title='bbox 988 4165 1103 4218; x_wconf 62' lang='lat' dir='ltr'><strong>haec</strong></span> <span class='ocrx_word' id='word_1_377' title='bbox 1142 4165 1368 4232; x_wconf 90' lang='lat' dir='ltr'><strong>ipsamet</strong></span> <span class='ocrx_word' id='word_1_378' title='bbox 1401 4164 1517 4230; x_wconf 82' lang='lat' dir='ltr'><strong>ejus</strong></span> <span class='ocrx_word' id='word_1_379' title='bbox 1550 4163 1713 4218; x_wconf 82' lang='lat' dir='ltr'><strong>verba</strong></span> <span class='ocrx_word' id='word_1_380' title='bbox 1743 4165 1795 4218; x_wconf 93' lang='lat' dir='ltr'><strong>in</strong></span> 
     </span>
    </p>
   </div>
   <div class='ocr_carea' id='block_1_57' title="bbox 247 4230 1799 4302">
    <p class='ocr_par' dir='ltr' id='par_1_57' title="bbox 247 4230 1799 4302">
     <span class='ocr_line' id='line_1_57' title="bbox 247 4230 1799 4302; baseline 0.001 -16"><span class='ocrx_word' id='word_1_381' title='bbox 247 4230 412 4286; x_wconf 91' lang='lat' dir='ltr'><strong>libros</strong></span> <span class='ocrx_word' id='word_1_382' title='bbox 440 4230 965 4302; x_wconf 43' lang='lat' dir='ltr'><strong>suos—transtulerit;</strong></span> <span class='ocrx_word' id='word_1_383' title='bbox 1017 4234 1104 4287; x_wconf 89' lang='lat' dir='ltr'><strong>ille</strong></span> <span class='ocrx_word' id='word_1_384' title='bbox 1161 4230 1336 4287; x_wconf 78' lang='lat' dir='ltr'><strong>tamen</strong></span> <span class='ocrx_word' id='word_1_385' title='bbox 1383 4234 1497 4302; x_wconf 90' lang='lat' dir='ltr'><strong>ipse</strong></span> <span class='ocrx_word' id='word_1_386' title='bbox 1536 4233 1799 4288; x_wconf 87' lang='lat' dir='ltr'><strong>Eusebius</strong></span> 
     </span>
    </p>
   </div>
   <div class='ocr_carea' id='block_1_58' title="bbox 244 4301 1794 4373">
    <p class='ocr_par' dir='ltr' id='par_1_58' title="bbox 244 4301 1794 4373">
     <span class='ocr_line' id='line_1_58' title="bbox 244 4301 1794 4373; baseline 0.001 -18"><span class='ocrx_word' id='word_1_387' title='bbox 244 4304 375 4356; x_wconf 85' lang='lat' dir='ltr'><strong>alibi</strong></span> <span class='ocrx_word' id='word_1_388' title='bbox 413 4302 460 4333; x_wconf 77' lang='grc'>⁸⁸</span> <span class='ocrx_word' id='word_1_389' title='bbox 485 4303 671 4357; x_wconf 88' lang='lat' dir='ltr'><strong>scribit</strong></span> <span class='ocrx_word' id='word_1_390' title='bbox 726 4301 942 4356; x_wconf 59' lang='lat' dir='ltr'><strong>Graecos</strong></span> <span class='ocrx_word' id='word_1_391' title='bbox 981 4305 1233 4373; x_wconf 84' lang='lat' dir='ltr'><strong>Dionysio</strong></span> <span class='ocrx_word' id='word_1_392' title='bbox 1283 4301 1794 4373; x_wconf 68' lang='lat' dir='ltr'><strong>tribuissemusicte</strong></span> 
     </span>
    </p>
   </div>
   <div class='ocr_carea' id='block_1_59' title="bbox 1429 219 2268 277">
    <p class='ocr_par' dir='ltr' id='par_1_59' title="bbox 1429 219 2268 277">
     <span class='ocr_line' id='line_1_59' title="bbox 1429 219 2268 277; baseline 0.001 -2"><span class='ocrx_word' id='word_1_393' title='bbox 1429 221 1514 275; x_wconf 86' lang='lat' dir='ltr'><strong>DE</strong></span> <span class='ocrx_word' id='word_1_394' title='bbox 1554 221 1775 277; x_wconf 82' lang='lat' dir='ltr'><strong>LIBRIS</strong></span> <span class='ocrx_word' id='word_1_395' title='bbox 1813 219 2268 276; x_wconf 79' lang='lat' dir='ltr'><strong>STROMATIJM.</strong></span> 
     </span>
    </p>
   </div>
   <div class='ocr_carea' id='block_1_60' title="bbox 679 339 3459 412">
    <p class='ocr_par' dir='ltr' id='par_1_60' title="bbox 679 339 3459 412">
     <span class='ocr_line' id='line_1_60' title="bbox 679 339 3459 412; baseline -0 -14"><span class='ocrx_word' id='word_1_396' title='bbox 679 363 691 398; x_wconf 90' lang='lat'><strong>:</strong></span> <span class='ocrx_word' id='word_1_397' title='bbox 731 363 748 394; x_wconf 87' lang='grc'><strong><em>‹</em></strong></span> <span class='ocrx_word' id='word_1_398' title='bbox 793 341 1017 410; x_wconf 79' lang='lat' dir='ltr'><strong>Gorgias</strong></span> <span class='ocrx_word' id='word_1_399' title='bbox 1060 350 1241 397; x_wconf 85' lang='lat' dir='ltr'><strong>orator</strong></span> <span class='ocrx_word' id='word_1_400' title='bbox 1270 341 1480 397; x_wconf 90' lang='lat' dir='ltr'><strong>dicendi</strong></span> <span class='ocrx_word' id='word_1_401' title='bbox 1542 342 1793 396; x_wconf 81' lang='lat' dir='ltr'><strong>facultate</strong></span> <span class='ocrx_word' id='word_1_402' title='bbox 1824 348 1866 402; x_wconf 78' lang='grc' dir='ltr'><strong>Α</strong></span> <span class='ocrx_word' id='word_1_403' title='bbox 1899 341 2130 406; x_wconf 85' lang='lat' dir='ltr'><strong>Baccho,</strong></span> <span class='ocrx_word' id='word_1_404' title='bbox 2166 339 2315 412; x_wconf 75' lang='lat' dir='ltr'><strong>alibi</strong></span> <span class='ocrx_word' id='word_1_405' title='bbox 2349 339 2877 412; x_wconf 10' lang='lat' dir='ltr'><strong>deﬁniqueiqttasdam</strong></span> <span class='ocrx_word' id='word_1_406' title='bbox 2923 341 3066 398; x_wconf 90' lang='lat' dir='ltr'><strong>illius</strong></span> <span class='ocrx_word' id='word_1_407' title='bbox 3122 352 3325 412; x_wconf 85' lang='lat' dir='ltr'><strong>partes.</strong></span> <span class='ocrx_word' id='word_1_408' title='bbox 3368 345 3459 400; x_wconf 72' lang='lat' dir='ltr'><strong>Mi-</strong></span> 
     </span>
    </p>
   </div>
   <div class='ocr_carea' id='block_1_61' title="bbox 3315 223 3453 280">
    <p class='ocr_par' dir='ltr' id='par_1_61' title="bbox 3315 223 3453 280">
     <span class='ocr_line' id='line_1_61' title="bbox 3315 223 3453 280; baseline 0.022 -3"><span class='ocrx_word' id='word_1_409' title='bbox 3315 225 3340 277; x_wconf 85' lang='lat' dir='ltr'><strong>I</strong></span> <span class='ocrx_word' id='word_1_410' title='bbox 3351 223 3453 280; x_wconf 59' lang='lat' dir='ltr'><strong>35S</strong></span> 
     </span>
    </p>
   </div>
   <div class='ocr_carea' id='block_1_62' title="bbox 1900 409 3456 480">
    <p class='ocr_par' dir='ltr' id='par_1_62' title="bbox 1900 409 3456 480">
     <span class='ocr_line' id='line_1_62' title="bbox 1900 409 3456 480; baseline 0.003 -17"><span class='ocrx_word' id='word_1_411' title='bbox 1900 426 2099 473; x_wconf 68' lang='lat' dir='ltr'><strong>nervm,</strong></span> <span class='ocrx_word' id='word_1_412' title='bbox 2130 409 2262 462; x_wconf 86' lang='lat' dir='ltr'><strong>alias</strong></span> <span class='ocrx_word' id='word_1_413' title='bbox 2293 409 2522 480; x_wconf 76' lang='lat' dir='ltr'><strong>Apollini</strong></span> <span class='ocrx_word' id='word_1_414' title='bbox 2557 411 2810 464; x_wconf 86' lang='lat' dir='ltr'><strong>vindicat.</strong></span> <span class='ocrx_word' id='word_1_415' title='bbox 2847 411 3030 466; x_wconf 89' lang='lat' dir='ltr'><strong>Boetio</strong></span> <span class='ocrx_word' id='word_1_416' title='bbox 3063 409 3222 480; x_wconf 82' lang='lat' dir='ltr'><strong>porro</strong></span> <span class='ocrx_word' id='word_1_417' title='bbox 3256 415 3300 467; x_wconf 87' lang='lat' dir='ltr'><strong>si</strong></span> <span class='ocrx_word' id='word_1_418' title='bbox 3339 429 3456 469; x_wconf 85' lang='lat' dir='ltr'><strong>cre-</strong></span> 
     </span>
    </p>
   </div>
   <div class='ocr_carea' id='block_1_63' title="bbox 1895 478 3456 549">
    <p class='ocr_par' dir='ltr' id='par_1_63' title="bbox 1895 478 3456 549">
     <span class='ocr_line' id='line_1_63' title="bbox 1895 478 3456 549; baseline 0.003 -15"><span class='ocrx_word' id='word_1_419' title='bbox 1895 481 2073 534; x_wconf 90' lang='lat' dir='ltr'><strong>dimus</strong></span> <span class='ocrx_word' id='word_1_420' title='bbox 2104 480 2179 549; x_wconf 18' lang='lat'><strong>7&quot;,</strong></span> <span class='ocrx_word' id='word_1_421' title='bbox 2233 494 2352 532; x_wconf 92' lang='lat' dir='ltr'><strong>cum</strong></span> <span class='ocrx_word' id='word_1_422' title='bbox 2402 478 2734 549; x_wconf 82' lang='lat' dir='ltr'><strong>Pythagoras</strong></span> <span class='ocrx_word' id='word_1_423' title='bbox 2795 481 2849 533; x_wconf 95' lang='lat' dir='ltr'><strong>in</strong></span> <span class='ocrx_word' id='word_1_424' title='bbox 2903 478 3175 536; x_wconf 86' lang='lat' dir='ltr'><strong>fabrorum</strong></span> <span class='ocrx_word' id='word_1_425' title='bbox 3223 483 3456 538; x_wconf 77' lang='lat' dir='ltr'><strong>ofﬁcinis</strong></span> 
     </span>
    </p>
   </div>
   <div class='ocr_carea' id='block_1_64' title="bbox 1905 548 3457 608">
    <p class='ocr_par' dir='ltr' id='par_1_64' title="bbox 1905 548 3457 608">
     <span class='ocr_line' id='line_1_64' title="bbox 1905 548 3457 608; baseline 0.005 -8"><span class='ocrx_word' id='word_1_426' title='bbox 1905 548 2374 602; x_wconf 87' lang='lat' dir='ltr'><strong>animadvertisset</strong></span> <span class='ocrx_word' id='word_1_427' title='bbox 2429 548 2696 602; x_wconf 78' lang='lat' dir='ltr'><strong>diverSum</strong></span> <span class='ocrx_word' id='word_1_428' title='bbox 2770 549 3082 604; x_wconf 90' lang='lat' dir='ltr'><strong>malleorum</strong></span> <span class='ocrx_word' id='word_1_429' title='bbox 3137 567 3329 606; x_wconf 89' lang='lat' dir='ltr'><strong>sonum</strong></span> <span class='ocrx_word' id='word_1_430' title='bbox 3389 571 3457 608; x_wconf 79' lang='lat' dir='ltr'><strong>ex</strong></span> 
     </span>
    </p>
   </div>
   <div class='ocr_carea' id='block_1_65' title="bbox 1899 613 3456 686">
    <p class='ocr_par' dir='ltr' id='par_1_65' title="bbox 1899 613 3456 686">
     <span class='ocr_line' id='line_1_65' title="bbox 1899 613 3456 686; baseline 0.005 -17"><span class='ocrx_word' id='word_1_431' title='bbox 1899 619 2050 671; x_wconf 88' lang='lat' dir='ltr'><strong>vario</strong></span> <span class='ocrx_word' id='word_1_432' title='bbox 2079 633 2266 672; x_wconf 88' lang='lat' dir='ltr'><strong>eorum</strong></span> <span class='ocrx_word' id='word_1_433' title='bbox 2301 617 2536 686; x_wconf 81' lang='lat' dir='ltr'><strong>pondere</strong></span> <span class='ocrx_word' id='word_1_434' title='bbox 2564 613 2717 679; x_wconf 87' lang='lat' dir='ltr'><strong>oriri,</strong></span> <span class='ocrx_word' id='word_1_435' title='bbox 2745 618 2868 672; x_wconf 90' lang='lat' dir='ltr'><strong>inde</strong></span> <span class='ocrx_word' id='word_1_436' title='bbox 2902 623 3134 674; x_wconf 87' lang='lat' dir='ltr'><strong>musices</strong></span> <span class='ocrx_word' id='word_1_437' title='bbox 3156 637 3456 677; x_wconf 84' lang='lat' dir='ltr'><strong>consonan-</strong></span> 
     </span>
    </p>
   </div>
   <div class='ocr_carea' id='block_1_66' title="bbox 1900 685 3455 757">
    <p class='ocr_par' dir='ltr' id='par_1_66' title="bbox 1900 685 3455 757">
     <span class='ocr_line' id='line_1_66' title="bbox 1900 685 3455 757; baseline 0.005 -18"><span class='ocrx_word' id='word_1_438' title='bbox 1900 689 2027 739; x_wconf 85' lang='lat' dir='ltr'><strong>tiam</strong></span> <span class='ocrx_word' id='word_1_439' title='bbox 2063 685 2354 757; x_wconf 86' lang='lat' dir='ltr'><strong>adinvenit.</strong></span> <span class='ocrx_word' id='word_1_440' title='bbox 2382 685 2518 751; x_wconf 83' lang='lat' dir='ltr'><strong>Quid</strong></span> <span class='ocrx_word' id='word_1_441' title='bbox 2553 688 2742 756; x_wconf 83' lang='lat' dir='ltr'><strong>plura?</strong></span> <span class='ocrx_word' id='word_1_442' title='bbox 2790 688 3128 744; x_wconf 62' lang='lat' dir='ltr'><strong>Chamaaleon</strong></span> <span class='ocrx_word' id='word_1_443' title='bbox 3177 693 3455 757; x_wconf 89' lang='lat' dir='ltr'><strong>Ponticus,</strong></span> 
     </span>
    </p>
   </div>
   <div class='ocr_carea' id='block_1_67' title="bbox 1897 755 3454 830">
    <p class='ocr_par' dir='ltr' id='par_1_67' title="bbox 1897 755 3454 830">
     <span class='ocr_line' id='line_1_67' title="bbox 1897 755 3454 830; baseline 0.005 -22"><span class='ocrx_word' id='word_1_444' title='bbox 1897 757 2035 824; x_wconf 90' lang='lat' dir='ltr'><strong>apud</strong></span> <span class='ocrx_word' id='word_1_445' title='bbox 2077 755 2388 830; x_wconf 72' lang='lat' dir='ltr'><strong>Atlienzeum</strong></span> <span class='ocrx_word' id='word_1_446' title='bbox 2421 755 3140 830; x_wconf 73' lang='lat' dir='ltr'><strong>&quot;.aitcpriscishominibus</strong></span> <span class='ocrx_word' id='word_1_447' title='bbox 3183 755 3454 830; x_wconf 83' lang='lat' dir='ltr'><strong>repertam</strong></span> 
     </span>
    </p>
   </div>
   <div class='ocr_carea' id='block_1_68' title="bbox 1898 827 3453 898">
    <p class='ocr_par' dir='ltr' id='par_1_68' title="bbox 1898 827 3453 898">
     <span class='ocr_line' id='line_1_68' title="bbox 1898 827 3453 898; baseline 0.004 -19"><span class='ocrx_word' id='word_1_448' title='bbox 1898 841 1962 898; x_wconf 77' lang='lat' dir='ltr'><strong>ac</strong></span> <span class='ocrx_word' id='word_1_449' title='bbox 1994 827 2348 898; x_wconf 56' lang='lat' dir='ltr'><strong>excogitatam</strong></span> <span class='ocrx_word' id='word_1_450' title='bbox 2385 832 2638 898; x_wconf 83' lang='lat' dir='ltr'><strong>musicam</strong></span> <span class='ocrx_word' id='word_1_451' title='bbox 2679 827 2746 879; x_wconf 91' lang='lat' dir='ltr'><strong>ab</strong></span> <span class='ocrx_word' id='word_1_452' title='bbox 2786 827 2851 880; x_wconf 93' lang='lat' dir='ltr'><strong>iis</strong></span> <span class='ocrx_word' id='word_1_453' title='bbox 2880 829 3094 894; x_wconf 87' lang='lat' dir='ltr'><strong>avibus,</strong></span> <span class='ocrx_word' id='word_1_454' title='bbox 3125 827 3332 898; x_wconf 70' lang='lat' dir='ltr'><strong>quzeiu</strong></span> <span class='ocrx_word' id='word_1_455' title='bbox 3361 848 3453 885; x_wconf 91' lang='lat' dir='ltr'><strong>so-</strong></span> 
     </span>
    </p>
   </div>
   <div class='ocr_carea' id='block_1_69' title="bbox 1898 894 3454 962">
    <p class='ocr_par' dir='ltr' id='par_1_69' title="bbox 1898 894 3454 962">
     <span class='ocr_line' id='line_1_69' title="bbox 1898 894 3454 962; baseline 0.006 -17"><span class='ocrx_word' id='word_1_456' title='bbox 1898 894 2210 947; x_wconf 87' lang='lat' dir='ltr'><strong>litudinibus</strong></span> <span class='ocrx_word' id='word_1_457' title='bbox 2240 906 2462 959; x_wconf 89' lang='lat' dir='ltr'><strong>canunt,</strong></span> <span class='ocrx_word' id='word_1_458' title='bbox 2489 897 2552 947; x_wconf 88' lang='lat' dir='ltr'><strong>ad</strong></span> <span class='ocrx_word' id='word_1_459' title='bbox 2575 911 2872 962; x_wconf 88' lang='lat' dir='ltr'><strong>earumque</strong></span> <span class='ocrx_word' id='word_1_460' title='bbox 2905 894 3258 954; x_wconf 80' lang='lat' dir='ltr'><strong>imitationem</strong></span> <span class='ocrx_word' id='word_1_461' title='bbox 3295 903 3454 956; x_wconf 88' lang='lat' dir='ltr'><strong>insti-</strong></span> 
     </span>
    </p>
   </div>
   <div class='ocr_carea' id='block_1_70' title="bbox 1900 963 3453 1033">
    <p class='ocr_par' dir='ltr' id='par_1_70' title="bbox 1900 963 3453 1033">
     <span class='ocr_line' id='line_1_70' title="bbox 1900 963 3453 1033; baseline 0.007 -18"><span class='ocrx_word' id='word_1_462' title='bbox 1900 975 2066 1033; x_wconf 86' lang='lat' dir='ltr'><strong>tutam</strong></span> <span class='ocrx_word' id='word_1_463' title='bbox 2099 963 2261 1018; x_wconf 88' lang='lat' dir='ltr'><strong>fuisse</strong></span> <span class='ocrx_word' id='word_1_464' title='bbox 2315 966 2544 1017; x_wconf 85' lang='lat' dir='ltr'><strong>musices</strong></span> <span class='ocrx_word' id='word_1_465' title='bbox 2592 967 2954 1033; x_wconf 81' lang='lat' dir='ltr'><strong>disciplinam.</strong></span> <span class='ocrx_word' id='word_1_466' title='bbox 2998 987 3015 1018; x_wconf 73' lang='grc' dir='ltr'>ι</span> <span class='ocrx_word' id='word_1_467' title='bbox 3053 968 3200 1025; x_wconf 80' lang='lat' dir='ltr'><strong>Unde</strong></span> <span class='ocrx_word' id='word_1_468' title='bbox 3251 969 3453 1026; x_wconf 86' lang='lat' dir='ltr'><strong>Lucre-</strong></span> 
     </span>
    </p>
   </div>
   <div class='ocr_carea' id='block_1_71' title="bbox 1900 1032 3022 1102">
    <p class='ocr_par' dir='ltr' id='par_1_71' title="bbox 1900 1032 3022 1102">
     <span class='ocr_line' id='line_1_71' title="bbox 1900 1032 3022 1102; baseline 0.007 -18"><span class='ocrx_word' id='word_1_469' title='bbox 1900 1035 2004 1087; x_wconf 91' lang='lat' dir='ltr'><strong>tius</strong></span> <span class='ocrx_word' id='word_1_470' title='bbox 2030 1032 2096 1087; x_wconf 82' lang='lat' dir='ltr'><strong>de</strong></span> <span class='ocrx_word' id='word_1_471' title='bbox 2122 1035 2338 1088; x_wconf 70' lang='lat' dir='ltr'><strong>musica:</strong></span> <span class='ocrx_word' id='word_1_472' title='bbox 2366 1035 2574 1102; x_wconf 81' lang='lat' dir='ltr'><strong>origine</strong></span> <span class='ocrx_word' id='word_1_473' title='bbox 2592 1035 2672 1088; x_wconf 92' lang='lat' dir='ltr'><strong>sic</strong></span> <span class='ocrx_word' id='word_1_474' title='bbox 2700 1032 2894 1088; x_wconf 82' lang='lat' dir='ltr'><strong>cecinit</strong></span> <span class='ocrx_word' id='word_1_475' title='bbox 2924 1037 2970 1068; x_wconf 82' lang='grc'><strong>⁵³</strong></span> <span class='ocrx_word' id='word_1_476' title='bbox 3009 1059 3022 1092; x_wconf 91' lang='lat'><strong>:</strong></span> 
     </span>
    </p>
   </div>
   <div class='ocr_carea' id='block_1_72' title="bbox 2000 1124 3106 1194">
    <p class='ocr_par' dir='ltr' id='par_1_72' title="bbox 2000 1124 3106 1194">
     <span class='ocr_line' id='line_1_72' title="bbox 2000 1124 3106 1194; baseline 0.007 -18"><span class='ocrx_word' id='word_1_477' title='bbox 2000 1124 2065 1176; x_wconf 78' lang='lat' dir='ltr'><strong>At</strong></span> <span class='ocrx_word' id='word_1_478' title='bbox 2097 1125 2322 1194; x_wconf 83' lang='lat' dir='ltr'><strong>liquidas</strong></span> <span class='ocrx_word' id='word_1_479' title='bbox 2344 1126 2518 1179; x_wconf 78' lang='lat' dir='ltr'><strong>avium</strong></span> <span class='ocrx_word' id='word_1_480' title='bbox 2555 1143 2696 1180; x_wconf 82' lang='lat' dir='ltr'><strong>voces</strong></span> <span class='ocrx_word' id='word_1_481' title='bbox 2728 1128 2993 1182; x_wconf 75' lang='lat' dir='ltr'><strong>imitarier</strong></span> <span class='ocrx_word' id='word_1_482' title='bbox 3017 1146 3106 1184; x_wconf 81' lang='lat' dir='ltr'><strong>ore</strong></span> 
     </span>
    </p>
   </div>
   <div class='ocr_carea' id='block_1_73' title="bbox 2000 1195 3283 1264">
    <p class='ocr_par' dir='ltr' id='par_1_73' title="bbox 2000 1195 3283 1264">
     <span class='ocr_line' id='line_1_73' title="bbox 2000 1195 3283 1264; baseline 0.005 -17"><span class='ocrx_word' id='word_1_483' title='bbox 2000 1197 2129 1248; x_wconf 79' lang='lat' dir='ltr'><strong>Ante</strong></span> <span class='ocrx_word' id='word_1_484' title='bbox 2155 1195 2250 1263; x_wconf 78' lang='lat' dir='ltr'><strong>fuit</strong></span> <span class='ocrx_word' id='word_1_485' title='bbox 2278 1196 2462 1256; x_wconf 83' lang='lat' dir='ltr'><strong>multo,</strong></span> <span class='ocrx_word' id='word_1_486' title='bbox 2487 1213 2641 1264; x_wconf 87' lang='lat' dir='ltr'><strong>quam</strong></span> <span class='ocrx_word' id='word_1_487' title='bbox 2672 1198 2826 1250; x_wconf 80' lang='lat' dir='ltr'><strong>lwvia</strong></span> <span class='ocrx_word' id='word_1_488' title='bbox 2856 1201 3093 1252; x_wconf 84' lang='lat' dir='ltr'><strong>carmina</strong></span> <span class='ocrx_word' id='word_1_489' title='bbox 3126 1210 3283 1253; x_wconf 81' lang='lat' dir='ltr'><strong>cantu</strong></span> 
     </span>
    </p>
   </div>
   <div class='ocr_carea' id='block_1_74' title="bbox 1999 1264 3346 1339">
    <p class='ocr_par' dir='ltr' id='par_1_74' title="bbox 1999 1264 3346 1339">
     <span class='ocr_line' id='line_1_74' title="bbox 1999 1264 3346 1339; baseline 0.005 -23"><span class='ocrx_word' id='word_1_490' title='bbox 1999 1264 2368 1339; x_wconf 70' lang='lat' dir='ltr'><strong>Concelebrare</strong></span> <span class='ocrx_word' id='word_1_491' title='bbox 2385 1265 2616 1318; x_wconf 75' lang='lat' dir='ltr'><strong>homines</strong></span> <span class='ocrx_word' id='word_1_492' title='bbox 2635 1278 2861 1339; x_wconf 77' lang='lat' dir='ltr'><strong>possent,</strong></span> <span class='ocrx_word' id='word_1_493' title='bbox 2880 1285 3131 1338; x_wconf 83' lang='lat' dir='ltr'><strong>auresque</strong></span> <span class='ocrx_word' id='word_1_494' title='bbox 3140 1271 3346 1339; x_wconf 80' lang='lat' dir='ltr'><strong>juvare,</strong></span> 
     </span>
    </p>
   </div>
   <div class='ocr_carea' id='block_1_75' title="bbox 2001 1331 3346 1408">
    <p class='ocr_par' dir='ltr' id='par_1_75' title="bbox 2001 1331 3346 1408">
     <span class='ocr_line' id='line_1_75' title="bbox 2001 1331 3346 1408; baseline 0.007 -24"><span class='ocrx_word' id='word_1_495' title='bbox 2001 1331 2069 1408; x_wconf 57' lang='lat' dir='ltr'><strong>[fit</strong></span> <span class='ocrx_word' id='word_1_496' title='bbox 2098 1334 2307 1408; x_wconf 77' lang='lat' dir='ltr'><strong>zephyri</strong></span> <span class='ocrx_word' id='word_1_497' title='bbox 2328 1350 2454 1387; x_wconf 83' lang='lat' dir='ltr'><strong>cara</strong></span> <span class='ocrx_word' id='word_1_498' title='bbox 2475 1350 2568 1402; x_wconf 88' lang='lat' dir='ltr'><strong>per</strong></span> <span class='ocrx_word' id='word_1_499' title='bbox 2590 1331 2913 1408; x_wconf 74' lang='lat' dir='ltr'><strong>calamorum</strong></span> <span class='ocrx_word' id='word_1_500' title='bbox 2940 1331 3095 1391; x_wconf 73' lang='lat' dir='ltr'><strong>sibila</strong></span> <span class='ocrx_word' id='word_1_501' title='bbox 3118 1331 3346 1408; x_wconf 64' lang='lat' dir='ltr'><strong>primum</strong></span> 
     </span>
    </p>
   </div>
   <div class='ocr_carea' id='block_1_76' title="bbox 2001 1402 3113 1473">
    <p class='ocr_par' dir='ltr' id='par_1_76' title="bbox 2001 1402 3113 1473">
     <span class='ocr_line' id='line_1_76' title="bbox 2001 1402 3113 1473; baseline 0.009 -21"><span class='ocrx_word' id='word_1_502' title='bbox 2001 1402 2243 1473; x_wconf 62' lang='lat' dir='ltr'><strong>Agresles</strong></span> <span class='ocrx_word' id='word_1_503' title='bbox 2268 1404 2488 1456; x_wconf 77' lang='lat' dir='ltr'><strong>docuere</strong></span> <span class='ocrx_word' id='word_1_504' title='bbox 2514 1420 2662 1456; x_wconf 85' lang='lat' dir='ltr'><strong>cavas</strong></span> <span class='ocrx_word' id='word_1_505' title='bbox 2686 1406 2871 1473; x_wconf 82' lang='lat' dir='ltr'><strong>inﬂare</strong></span> <span class='ocrx_word' id='word_1_506' title='bbox 2898 1411 3113 1462; x_wconf 78' lang='lat' dir='ltr'><strong>cicutas.</strong></span> 
     </span>
    </p>
   </div>
   <div class='ocr_carea' id='block_1_77' title="bbox 1998 1471 3195 1546">
    <p class='ocr_par' dir='ltr' id='par_1_77' title="bbox 1998 1471 3195 1546">
     <span class='ocr_line' id='line_1_77' title="bbox 1998 1471 3195 1546; baseline 0.006 -22"><span class='ocrx_word' id='word_1_507' title='bbox 1998 1471 2132 1546; x_wconf 75' lang='lat' dir='ltr'><strong>I_ud_e</strong></span> <span class='ocrx_word' id='word_1_508' title='bbox 2152 1475 2457 1546; x_wconf 77' lang='lat' dir='ltr'><strong>minutatim</strong></span> <span class='ocrx_word' id='word_1_509' title='bbox 2470 1474 2648 1546; x_wconf 74' lang='lat' dir='ltr'><strong>dulces</strong></span> <span class='ocrx_word' id='word_1_510' title='bbox 2674 1471 2904 1546; x_wconf 75' lang='lat' dir='ltr'><strong>didicere</strong></span> <span class='ocrx_word' id='word_1_511' title='bbox 2935 1480 3195 1546; x_wconf 86' lang='lat' dir='ltr'><strong>querelas.</strong></span> 
     </span>
    </p>
   </div>
   <div class='ocr_carea' id='block_1_78' title="bbox 2002 1540 3278 1615">
    <p class='ocr_par' dir='ltr' id='par_1_78' title="bbox 2002 1540 3278 1615">
     <span class='ocr_line' id='line_1_78' title="bbox 2002 1540 3278 1615; baseline 0.007 -24"><span class='ocrx_word' id='word_1_512' title='bbox 2002 1540 2148 1615; x_wconf 67' lang='lat' dir='ltr'><strong>Troia</strong></span> <span class='ocrx_word' id='word_1_513' title='bbox 2170 1559 2298 1610; x_wconf 84' lang='lat' dir='ltr'><strong>quas</strong></span> <span class='ocrx_word' id='word_1_514' title='bbox 2326 1543 2500 1610; x_wconf 72' lang='lat' dir='ltr'><strong>fundit</strong></span> <span class='ocrx_word' id='word_1_515' title='bbox 2531 1545 2709 1615; x_wconf 81' lang='lat' dir='ltr'><strong>digitis</strong></span> <span class='ocrx_word' id='word_1_516' title='bbox 2737 1540 2956 1608; x_wconf 67' lang='lat' dir='ltr'><strong>pulsata</strong></span> <span class='ocrx_word' id='word_1_517' title='bbox 2978 1559 3278 1615; x_wconf 86' lang='lat' dir='ltr'><strong>canentum,</strong></span> 
     </span>
    </p>
   </div>
   <div class='ocr_carea' id='block_1_79' title="bbox 1999 1612 3348 1686">
    <p class='ocr_par' dir='ltr' id='par_1_79' title="bbox 1999 1612 3348 1686">
     <span class='ocr_line' id='line_1_79' title="bbox 1999 1612 3348 1686; baseline 0.007 -24"><span class='ocrx_word' id='word_1_518' title='bbox 1999 1612 2128 1686; x_wconf 60' lang='lat' dir='ltr'><strong>Avia</strong></span> <span class='ocrx_word' id='word_1_519' title='bbox 2151 1629 2242 1686; x_wconf 77' lang='lat' dir='ltr'><strong>per</strong></span> <span class='ocrx_word' id='word_1_520' title='bbox 2269 1629 2502 1675; x_wconf 87' lang='lat' dir='ltr'><strong>nemora,</strong></span> <span class='ocrx_word' id='word_1_521' title='bbox 2528 1631 2589 1665; x_wconf 87' lang='lat' dir='ltr'><strong>ac</strong></span> <span class='ocrx_word' id='word_1_522' title='bbox 2615 1614 2797 1686; x_wconf 73' lang='lat' dir='ltr'><strong>silvas,</strong></span> <span class='ocrx_word' id='word_1_523' title='bbox 2829 1616 3092 1686; x_wconf 82' lang='lat' dir='ltr'><strong>saltusque</strong></span> <span class='ocrx_word' id='word_1_524' title='bbox 3126 1612 3348 1686; x_wconf 76' lang='lat' dir='ltr'><strong>reperta,</strong></span> 
     </span>
    </p>
   </div>
   <div class='ocr_carea' id='block_1_80' title="bbox 2005 1678 3275 1754">
    <p class='ocr_par' dir='ltr' id='par_1_80' title="bbox 2005 1678 3275 1754">
     <span class='ocr_line' id='line_1_80' title="bbox 2005 1678 3275 1754; baseline 0.009 -24"><span class='ocrx_word' id='word_1_525' title='bbox 2005 1678 2112 1734; x_wconf 81' lang='lat' dir='ltr'><strong>Per</strong></span> <span class='ocrx_word' id='word_1_526' title='bbox 2145 1678 2260 1735; x_wconf 85' lang='lat' dir='ltr'><strong>loca</strong></span> <span class='ocrx_word' id='word_1_527' title='bbox 2292 1692 2560 1750; x_wconf 84' lang='lat' dir='ltr'><strong>pastorum</strong></span> <span class='ocrx_word' id='word_1_528' title='bbox 2589 1684 2818 1747; x_wconf 83' lang='lat' dir='ltr'><strong>deserta,</strong></span> <span class='ocrx_word' id='word_1_529' title='bbox 2847 1678 3135 1754; x_wconf 50' lang='lat' dir='ltr'><strong>atque&#39;otia</strong></span> <span class='ocrx_word' id='word_1_530' title='bbox 3162 1678 3275 1741; x_wconf 79' lang='lat' dir='ltr'><strong>dia.</strong></span> 
     </span>
    </p>
   </div>
   <div class='ocr_carea' id='block_1_81' title="bbox 1961 1793 3457 1866">
    <p class='ocr_par' dir='ltr' id='par_1_81' title="bbox 1961 1793 3457 1866">
     <span class='ocr_line' id='line_1_81' title="bbox 1961 1793 3457 1866; baseline 0.007 -21"><span class='ocrx_word' id='word_1_531' title='bbox 1961 1793 2031 1846; x_wconf 90' lang='lat' dir='ltr'><strong>At</strong></span> <span class='ocrx_word' id='word_1_532' title='bbox 2060 1794 2158 1866; x_wconf 8' lang='lat' dir='ltr'><strong>bis,</strong></span> <span class='ocrx_word' id='word_1_533' title='bbox 2183 1794 2865 1866; x_wconf 84' lang='lat' dir='ltr'><strong>paganorumscriptorum</strong></span> <span class='ocrx_word' id='word_1_534' title='bbox 2907 1796 3249 1866; x_wconf 78' lang='lat' dir='ltr'><strong>opinionibus</strong></span> <span class='ocrx_word' id='word_1_535' title='bbox 3275 1799 3457 1855; x_wconf 86' lang='lat' dir='ltr'><strong>verior</strong></span> 
     </span>
    </p>
   </div>
   <div class='ocr_carea' id='block_1_82' title="bbox 1893 1862 3454 1937">
    <p class='ocr_par' dir='ltr' id='par_1_82' title="bbox 1893 1862 3454 1937">
     <span class='ocr_line' id='line_1_82' title="bbox 1893 1862 3454 1937; baseline 0.006 -25"><span class='ocrx_word' id='word_1_536' title='bbox 1893 1862 2099 1937; x_wconf 65' lang='lat' dir='ltr'><strong>procul</strong></span> <span class='ocrx_word' id='word_1_537' title='bbox 2130 1862 2292 1937; x_wconf 61' lang='lat' dir='ltr'><strong>dubio</strong></span> <span class='ocrx_word' id='word_1_538' title='bbox 2341 1862 2750 1937; x_wconf 33' lang='lat' dir='ltr'><strong>lilii-VI‘tI‘GbIllII&#39;</strong></span> <span class='ocrx_word' id='word_1_539' title='bbox 2799 1862 3063 1919; x_wconf 74' lang='lat' dir='ltr'><strong>sententia</strong></span> <span class='ocrx_word' id='word_1_540' title='bbox 3101 1865 3321 1937; x_wconf 73' lang='lat' dir='ltr'><strong>Iosephi</strong></span> <span class='ocrx_word' id='word_1_541' title='bbox 3367 1870 3454 1933; x_wconf 78' lang='lat'><strong>“.</strong></span> 
     </span>
    </p>
   </div>
   <div class='ocr_carea' id='block_1_83' title="bbox 1893 1931 3454 2004">
    <p class='ocr_par' dir='ltr' id='par_1_83' title="bbox 1893 1931 3454 2004">
     <span class='ocr_line' id='line_1_83' title="bbox 1893 1931 3454 2004; baseline 0.006 -21"><span class='ocrx_word' id='word_1_542' title='bbox 1893 1933 1980 2004; x_wconf 86' lang='lat' dir='ltr'><strong>qui</strong></span> <span class='ocrx_word' id='word_1_543' title='bbox 2007 1931 2173 2004; x_wconf 63' lang='lat' dir='ltr'><strong>Juba!</strong></span> <span class='ocrx_word' id='word_1_544' title='bbox 2225 1932 2471 1986; x_wconf 88' lang='lat' dir='ltr'><strong>Lamechi</strong></span> <span class='ocrx_word' id='word_1_545' title='bbox 2522 1932 2699 2004; x_wconf 11' lang='lat' dir='ltr'><strong>filium,</strong></span> <span class='ocrx_word' id='word_1_546' title='bbox 2731 1953 2751 1985; x_wconf 78' lang='lat' dir='ltr'><strong>s</strong></span> <span class='ocrx_word' id='word_1_547' title='bbox 2791 1937 3006 1989; x_wconf 69' lang='lat' dir='ltr'><strong>musicae</strong></span> <span class='ocrx_word' id='word_1_548' title='bbox 3054 1931 3272 2004; x_wconf 83' lang='lat' dir='ltr'><strong>operam</strong></span> <span class='ocrx_word' id='word_1_549' title='bbox 3313 1931 3454 1994; x_wconf 86' lang='lat' dir='ltr'><strong>haud</strong></span> 
     </span>
    </p>
   </div>
   <div class='ocr_carea' id='block_1_84' title="bbox 1895 2002 3449 2072">
    <p class='ocr_par' dir='ltr' id='par_1_84' title="bbox 1895 2002 3449 2072">
     <span class='ocr_line' id='line_1_84' title="bbox 1895 2002 3449 2072; baseline 0.006 -21"><span class='ocrx_word' id='word_1_550' title='bbox 1895 2002 2055 2072; x_wconf 85' lang='lat' dir='ltr'><strong>dubie</strong></span> <span class='ocrx_word' id='word_1_551' title='bbox 2078 2003 2306 2069; x_wconf 91' lang='lat' dir='ltr'><strong>primum</strong></span> <span class='ocrx_word' id='word_1_552' title='bbox 2336 2004 2561 2064; x_wconf 89' lang='lat' dir='ltr'><strong>dedisse.</strong></span> <span class='ocrx_word' id='word_1_553' title='bbox 2590 2003 3010 2072; x_wconf 87' lang='lat' dir='ltr'><strong>psalteriumque</strong></span> <span class='ocrx_word' id='word_1_554' title='bbox 3049 2002 3104 2059; x_wconf 81' lang='lat' dir='ltr'><strong>et</strong></span> <span class='ocrx_word' id='word_1_555' title='bbox 3135 2006 3398 2062; x_wconf 86' lang='lat' dir='ltr'><strong>citharam</strong></span> <span class='ocrx_word' id='word_1_556' title='bbox 3429 2026 3449 2060; x_wconf 74' lang='grc' dir='ltr'><strong><em>ι</em></strong></span> 
     </span>
    </p>
   </div>
   <div class='ocr_carea' id='block_1_85' title="bbox 1896 2071 3452 2132">
    <p class='ocr_par' dir='ltr' id='par_1_85' title="bbox 1896 2071 3452 2132">
     <span class='ocr_line' id='line_1_85' title="bbox 1896 2071 3452 2132; baseline 0.007 -11"><span class='ocrx_word' id='word_1_557' title='bbox 1896 2071 2161 2126; x_wconf 83' lang='lat' dir='ltr'><strong>invenisse</strong></span> <span class='ocrx_word' id='word_1_558' title='bbox 2189 2073 2342 2126; x_wconf 89' lang='lat' dir='ltr'><strong>testis</strong></span> <span class='ocrx_word' id='word_1_559' title='bbox 2367 2087 2470 2126; x_wconf 92' lang='lat' dir='ltr'><strong>non</strong></span> <span class='ocrx_word' id='word_1_560' title='bbox 2510 2074 2729 2127; x_wconf 91' lang='lat' dir='ltr'><strong>omnino</strong></span> <span class='ocrx_word' id='word_1_561' title='bbox 2767 2071 3004 2130; x_wconf 88' lang='lat' dir='ltr'><strong>incertus</strong></span> <span class='ocrx_word' id='word_1_562' title='bbox 3058 2075 3216 2130; x_wconf 90' lang='lat' dir='ltr'><strong>nobis</strong></span> <span class='ocrx_word' id='word_1_563' title='bbox 3251 2088 3352 2132; x_wconf 92' lang='lat' dir='ltr'><strong>est.</strong></span> <span class='ocrx_word' id='word_1_564' title='bbox 3398 2077 3452 2132; x_wconf 93' lang='lat' dir='ltr'><strong>lu</strong></span> 
     </span>
    </p>
   </div>
   <div class='ocr_carea' id='block_1_86' title="bbox 1894 2138 3456 2214">
    <p class='ocr_par' dir='ltr' id='par_1_86' title="bbox 1894 2138 3456 2214">
     <span class='ocr_line' id='line_1_86' title="bbox 1894 2138 3456 2214; baseline 0.005 -22"><span class='ocrx_word' id='word_1_565' title='bbox 1894 2138 2163 2214; x_wconf 83' lang='lat' dir='ltr'><strong>Geueseos</strong></span> <span class='ocrx_word' id='word_1_566' title='bbox 2192 2141 2401 2214; x_wconf 82' lang='lat' dir='ltr'><strong>etenim</strong></span> <span class='ocrx_word' id='word_1_567' title='bbox 2450 2141 2586 2196; x_wconf 88' lang='lat' dir='ltr'><strong>libro</strong></span> <span class='ocrx_word' id='word_1_568' title='bbox 2619 2141 2665 2173; x_wconf 84' lang='grc'><strong><em>³⁵</em></strong></span> <span class='ocrx_word' id='word_1_569' title='bbox 2704 2144 2900 2214; x_wconf 84' lang='lat' dir='ltr'><strong>dicitur</strong></span> <span class='ocrx_word' id='word_1_570' title='bbox 2930 2143 3096 2199; x_wconf 88' lang='lat' dir='ltr'><strong>fuisse</strong></span> <span class='ocrx_word' id='word_1_571' title='bbox 3126 2165 3142 2196; x_wconf 77' lang='grc' dir='ltr'>ι</span> <span class='ocrx_word' id='word_1_572' title='bbox 3181 2156 3334 2214; x_wconf 90' lang='lat' dir='ltr'><strong>pater</strong></span> <span class='ocrx_word' id='word_1_573' title='bbox 3366 2163 3456 2200; x_wconf 88' lang='lat' dir='ltr'><strong>ca-</strong></span> 
     </span>
    </p>
   </div>
   <div class='ocr_carea' id='block_1_87' title="bbox 1894 2211 3455 2279">
    <p class='ocr_par' dir='ltr' id='par_1_87' title="bbox 1894 2211 3455 2279">
     <span class='ocr_line' id='line_1_87' title="bbox 1894 2211 3455 2279; baseline 0.005 -18"><span class='ocrx_word' id='word_1_574' title='bbox 1894 2212 2136 2279; x_wconf 82' lang='lat' dir='ltr'><strong>nentium</strong></span> <span class='ocrx_word' id='word_1_575' title='bbox 2157 2211 2361 2266; x_wconf 87' lang='lat' dir='ltr'><strong>cithara</strong></span> <span class='ocrx_word' id='word_1_576' title='bbox 2382 2219 2434 2264; x_wconf 91' lang='lat' dir='ltr'><strong>et</strong></span> <span class='ocrx_word' id='word_1_577' title='bbox 2467 2226 2701 2279; x_wconf 80' lang='lat' dir='ltr'><strong>organo;</strong></span> <span class='ocrx_word' id='word_1_578' title='bbox 2743 2231 2760 2263; x_wconf 73' lang='grc' dir='ltr'><strong><em>ι</em></strong></span> <span class='ocrx_word' id='word_1_579' title='bbox 2793 2212 2872 2279; x_wconf 79' lang='lat' dir='ltr'><strong>vel</strong></span> <span class='ocrx_word' id='word_1_580' title='bbox 2903 2223 2959 2266; x_wconf 87' lang='lat' dir='ltr'><strong>ut</strong></span> <span class='ocrx_word' id='word_1_581' title='bbox 2989 2215 3038 2268; x_wconf 93' lang='lat' dir='ltr'><strong>in</strong></span> <span class='ocrx_word' id='word_1_582' title='bbox 3063 2211 3248 2269; x_wconf 68' lang='lat' dir='ltr'><strong>Graeca</strong></span> <span class='ocrx_word' id='word_1_583' title='bbox 3267 2215 3455 2269; x_wconf 80' lang='lat' dir='ltr'><strong>LXXII</strong></span> 
     </span>
    </p>
   </div>
   <div class='ocr_carea' id='block_1_88' title="bbox 1896 2276 3456 2355">
    <p class='ocr_par' dir='ltr' id='par_1_88' title="bbox 1896 2276 3456 2355">
     <span class='ocr_line' id='line_1_88' title="bbox 1896 2276 3456 2355; baseline 0.005 -24"><span class='ocrx_word' id='word_1_584' title='bbox 1896 2277 2174 2355; x_wconf 62' lang='lat' dir='ltr'><strong>Seniorqu</strong></span> <span class='ocrx_word' id='word_1_585' title='bbox 2236 2276 2730 2355; x_wconf 71' lang='lat' dir='ltr'><strong>interpretatione:</strong></span> <span class='ocrx_word' id='word_1_586' title='bbox 2771 2276 2924 2346; x_wconf 71' lang='grc' dir='ltr'><strong>οὗτος</strong></span> <span class='ocrx_word' id='word_1_587' title='bbox 2958 2279 3026 2355; x_wconf 81' lang='grc' dir='ltr'><strong>ἦν</strong></span> <span class='ocrx_word' id='word_1_588' title='bbox 3064 2285 3093 2337; x_wconf 82' lang='grc' dir='ltr'>ὁ</span> <span class='ocrx_word' id='word_1_589' title='bbox 3138 2285 3456 2352; x_wconf 77' lang='grc' dir='ltr'><strong>καταδείξας</strong></span> 
     </span>
    </p>
   </div>
   <div class='ocr_carea' id='block_1_89' title="bbox 1891 2347 2610 2420">
    <p class='ocr_par' dir='ltr' id='par_1_89' title="bbox 1891 2347 2610 2420">
     <span class='ocr_line' id='line_1_89' title="bbox 1891 2347 2610 2420; baseline 0.007 -21"><span class='ocrx_word' id='word_1_590' title='bbox 1891 2347 2207 2420; x_wconf 58' lang='grc' dir='ltr'><strong>ψαλτήριον,</strong></span> <span class='ocrx_word' id='word_1_591' title='bbox 2235 2350 2329 2402; x_wconf 78' lang='grc' dir='ltr'><strong>καὶ</strong></span> <span class='ocrx_word' id='word_1_592' title='bbox 2361 2348 2610 2420; x_wconf 82' lang='grc' dir='ltr'><strong>κιθάραν.</strong></span> 
     </span>
    </p>
   </div>
   <div class='ocr_carea' id='block_1_90' title="bbox 1963 2418 3453 2480">
    <p class='ocr_par' dir='ltr' id='par_1_90' title="bbox 1963 2418 3453 2480">
     <span class='ocr_line' id='line_1_90' title="bbox 1963 2418 3453 2480; baseline 0.007 -10"><span class='ocrx_word' id='word_1_593' title='bbox 1963 2418 2038 2474; x_wconf 87' lang='lat' dir='ltr'><strong>De</strong></span> <span class='ocrx_word' id='word_1_594' title='bbox 2057 2418 2283 2474; x_wconf 42' lang='lat' dir='ltr'><strong>‘timsicis</strong></span> <span class='ocrx_word' id='word_1_595' title='bbox 2308 2418 2683 2476; x_wconf 56' lang='lat' dir='ltr'><strong>autem&#39;mod‘is</strong></span> <span class='ocrx_word' id='word_1_596' title='bbox 2716 2421 2788 2476; x_wconf 89' lang='lat' dir='ltr'><strong>ita</strong></span> <span class='ocrx_word' id='word_1_597' title='bbox 2819 2433 3010 2479; x_wconf 86' lang='lat' dir='ltr'><strong>auctor</strong></span> <span class='ocrx_word' id='word_1_598' title='bbox 3034 2434 3254 2480; x_wconf 90' lang='lat' dir='ltr'><strong>noster:</strong></span> <span class='ocrx_word' id='word_1_599' title='bbox 3285 2443 3305 2478; x_wconf 73' lang='grc' dir='ltr'><strong><em>ι</em></strong></span> <span class='ocrx_word' id='word_1_600' title='bbox 3336 2425 3453 2480; x_wconf 77' lang='lat' dir='ltr'><strong>Mo-</strong></span> 
     </span>
    </p>
   </div>
   <div class='ocr_carea' id='block_1_91' title="bbox 1895 2487 3450 2564">
    <p class='ocr_par' dir='ltr' id='par_1_91' title="bbox 1895 2487 3450 2564">
     <span class='ocr_line' id='line_1_91' title="bbox 1895 2487 3450 2564; baseline 0.006 -24"><span class='ocrx_word' id='word_1_601' title='bbox 1895 2487 2014 2564; x_wconf 90' lang='lat' dir='ltr'><strong>dos_,</strong></span> <span class='ocrx_word' id='word_1_602' title='bbox 2069 2491 2240 2559; x_wconf 90' lang='lat' dir='ltr'><strong>inquit</strong></span> <span class='ocrx_word' id='word_1_603' title='bbox 2277 2491 2344 2553; x_wconf 84' lang='grc'><strong>⁸⁸,</strong></span> <span class='ocrx_word' id='word_1_604' title='bbox 2378 2489 2556 2564; x_wconf 56' lang='grc' dir='ltr'>μέλος,</span> <span class='ocrx_word' id='word_1_605' title='bbox 2606 2493 2947 2560; x_wconf 89' lang='lat' dir='ltr'><strong>poematibus</strong></span> <span class='ocrx_word' id='word_1_606' title='bbox 3000 2496 3205 2563; x_wconf 87' lang='lat' dir='ltr'><strong>primus</strong></span> <span class='ocrx_word' id='word_1_607' title='bbox 3240 2497 3450 2564; x_wconf 77' lang='lat' dir='ltr'><strong>adiecit,</strong></span> 
     </span>
    </p>
   </div>
   <div class='ocr_carea' id='block_1_92' title="bbox 1895 2558 3455 2629">
    <p class='ocr_par' dir='ltr' id='par_1_92' title="bbox 1895 2558 3455 2629">
     <span class='ocr_line' id='line_1_92' title="bbox 1895 2558 3455 2629; baseline 0.006 -19"><span class='ocrx_word' id='word_1_608' title='bbox 1895 2568 1949 2612; x_wconf 90' lang='lat' dir='ltr'><strong>et</strong></span> <span class='ocrx_word' id='word_1_609' title='bbox 1965 2558 2507 2629; x_wconf 17' lang='lat' dir='ltr'><strong>,Lacedmmoniorum</strong></span> <span class='ocrx_word' id='word_1_610' title='bbox 2536 2558 2676 2629; x_wconf 81' lang='lat' dir='ltr'><strong>leges</strong></span> <span class='ocrx_word' id='word_1_611' title='bbox 2700 2558 3014 2617; x_wconf 75' lang='lat' dir='ltr'><strong>numerosis</strong></span> <span class='ocrx_word' id='word_1_612' title='bbox 3041 2565 3290 2619; x_wconf 87' lang='lat' dir='ltr'><strong>versibus</strong></span> <span class='ocrx_word' id='word_1_613' title='bbox 3306 2558 3455 2621; x_wconf 54' lang='lat' dir='ltr'><strong>&#39;scri-</strong></span> 
     </span>
    </p>
   </div>
   <div class='ocr_carea' id='block_1_93' title="bbox 1894 2626 3455 2701">
    <p class='ocr_par' dir='ltr' id='par_1_93' title="bbox 1894 2626 3455 2701">
     <span class='ocr_line' id='line_1_93' title="bbox 1894 2626 3455 2701; baseline 0.004 -20"><span class='ocrx_word' id='word_1_614' title='bbox 1894 2626 2352 2701; x_wconf 85' lang='lat' dir='ltr'><strong>psit_&#39;l‘erpan_der</strong></span> <span class='ocrx_word' id='word_1_615' title='bbox 2381 2626 2696 2701; x_wconf 70' lang='lat' dir='ltr'><strong>Autisszeus.</strong></span> <span class='ocrx_word' id='word_1_616' title='bbox 2737 2649 2756 2683; x_wconf 77' lang='grc' dir='ltr'><strong><em>ι</em></strong></span> <span class='ocrx_word' id='word_1_617' title='bbox 2794 2633 2916 2701; x_wconf 58' lang='lat' dir='ltr'><strong>Ilaec</strong></span> <span class='ocrx_word' id='word_1_618' title='bbox 2935 2633 3093 2701; x_wconf 90' lang='lat' dir='ltr'><strong>paulo</strong></span> <span class='ocrx_word' id='word_1_619' title='bbox 3127 2634 3298 2687; x_wconf 83' lang='lat' dir='ltr'><strong>fusius</strong></span> <span class='ocrx_word' id='word_1_620' title='bbox 3328 2634 3455 2688; x_wconf 83' lang='lat' dir='ltr'><strong>Plu-</strong></span> 
     </span>
    </p>
   </div>
   <div class='ocr_carea' id='block_1_94' title="bbox 1897 2699 3454 2770">
    <p class='ocr_par' dir='ltr' id='par_1_94' title="bbox 1897 2699 3454 2770">
     <span class='ocr_line' id='line_1_94' title="bbox 1897 2699 3454 2770; baseline 0.006 -22"><span class='ocrx_word' id='word_1_621' title='bbox 1897 2699 2114 2770; x_wconf 74' lang='lat' dir='ltr'><strong>tarchus</strong></span> <span class='ocrx_word' id='word_1_622' title='bbox 2138 2699 2390 2768; x_wconf 81' lang='lat' dir='ltr'><strong>explicat,</strong></span> <span class='ocrx_word' id='word_1_623' title='bbox 2421 2699 2602 2768; x_wconf 90' lang='lat' dir='ltr'><strong>aitque</strong></span> <span class='ocrx_word' id='word_1_624' title='bbox 2629 2700 2696 2764; x_wconf 86' lang='grc'><strong>⁸⁷,</strong></span> <span class='ocrx_word' id='word_1_625' title='bbox 2733 2717 2753 2750; x_wconf 88' lang='grc'><strong>‹</strong></span> <span class='ocrx_word' id='word_1_626' title='bbox 2802 2699 3167 2770; x_wconf 78' lang='lat' dir='ltr'><strong>Terpandrum</strong></span> <span class='ocrx_word' id='word_1_627' title='bbox 3199 2703 3454 2758; x_wconf 57' lang='lat' dir='ltr'><strong>citharas-</strong></span> 
     </span>
    </p>
   </div>
   <div class='ocr_carea' id='block_1_95' title="bbox 1895 2768 3454 2836">
    <p class='ocr_par' dir='ltr' id='par_1_95' title="bbox 1895 2768 3454 2836">
     <span class='ocr_line' id='line_1_95' title="bbox 1895 2768 3454 2836; baseline 0.004 -16"><span class='ocrx_word' id='word_1_628' title='bbox 1895 2768 2138 2820; x_wconf 89' lang='lat' dir='ltr'><strong>dicorum</strong></span> <span class='ocrx_word' id='word_1_629' title='bbox 2174 2779 2381 2836; x_wconf 88' lang='lat' dir='ltr'><strong>poetam</strong></span> <span class='ocrx_word' id='word_1_630' title='bbox 2411 2782 2714 2833; x_wconf 91' lang='lat' dir='ltr'><strong>nomorum,</strong></span> <span class='ocrx_word' id='word_1_631' title='bbox 2757 2778 2811 2825; x_wconf 89' lang='lat' dir='ltr'><strong>et</strong></span> <span class='ocrx_word' id='word_1_632' title='bbox 2842 2768 2962 2835; x_wconf 80' lang='lat' dir='ltr'><strong>sua,</strong></span> <span class='ocrx_word' id='word_1_633' title='bbox 2997 2781 3045 2825; x_wconf 90' lang='lat' dir='ltr'><strong>et</strong></span> <span class='ocrx_word' id='word_1_634' title='bbox 3081 2771 3296 2827; x_wconf 86' lang='lat' dir='ltr'><strong>Homeri</strong></span> <span class='ocrx_word' id='word_1_635' title='bbox 3328 2789 3454 2827; x_wconf 84' lang='lat' dir='ltr'><strong>car-</strong></span> 
     </span>
    </p>
   </div>
   <div class='ocr_carea' id='block_1_96' title="bbox 1895 2837 3452 2910">
    <p class='ocr_par' dir='ltr' id='par_1_96' title="bbox 1895 2837 3452 2910">
     <span class='ocr_line' id='line_1_96' title="bbox 1895 2837 3452 2910; baseline 0.006 -22"><span class='ocrx_word' id='word_1_636' title='bbox 1895 2837 2042 2910; x_wconf 85' lang='lat' dir='ltr'><strong>mina</strong></span> <span class='ocrx_word' id='word_1_637' title='bbox 2085 2837 2139 2890; x_wconf 93' lang='lat' dir='ltr'><strong>in</strong></span> <span class='ocrx_word' id='word_1_638' title='bbox 2181 2837 2567 2910; x_wconf 85' lang='lat' dir='ltr'><strong>certaminibus</strong></span> <span class='ocrx_word' id='word_1_639' title='bbox 2595 2849 2742 2894; x_wconf 91' lang='lat' dir='ltr'><strong>certo</strong></span> <span class='ocrx_word' id='word_1_640' title='bbox 2766 2841 3019 2910; x_wconf 89' lang='lat' dir='ltr'><strong>quodque</strong></span> <span class='ocrx_word' id='word_1_641' title='bbox 3049 2843 3266 2895; x_wconf 90' lang='lat' dir='ltr'><strong>modulo</strong></span> <span class='ocrx_word' id='word_1_642' title='bbox 3304 2845 3452 2897; x_wconf 89' lang='lat' dir='ltr'><strong>ceci-</strong></span> 
     </span>
    </p>
   </div>
   <div class='ocr_carea' id='block_1_97' title="bbox 1897 2906 3454 2987">
    <p class='ocr_par' dir='ltr' id='par_1_97' title="bbox 1897 2906 3454 2987">
     <span class='ocr_line' id='line_1_97' title="bbox 1897 2906 3454 2987; baseline 0.006 -29"><span class='ocrx_word' id='word_1_643' title='bbox 1897 2906 2065 2986; x_wconf 75' lang='lat' dir='ltr'><strong>nisse,</strong></span> <span class='ocrx_word' id='word_1_644' title='bbox 2100 2921 2331 2987; x_wconf 77' lang='lat' dir='ltr'><strong>eumque</strong></span> <span class='ocrx_word' id='word_1_645' title='bbox 2363 2907 2593 2974; x_wconf 91' lang='lat' dir='ltr'><strong>primum</strong></span> <span class='ocrx_word' id='word_1_646' title='bbox 2627 2906 2800 2964; x_wconf 69' lang='lat' dir='ltr'><strong>modis</strong></span> <span class='ocrx_word' id='word_1_647' title='bbox 2830 2906 3195 2966; x_wconf 73' lang='lat' dir='ltr'><strong>citliartndicis</strong></span> <span class='ocrx_word' id='word_1_648' title='bbox 3235 2915 3454 2968; x_wconf 88' lang='lat' dir='ltr'><strong>nomina</strong></span> 
     </span>
    </p>
   </div>
   <div class='ocr_carea' id='block_1_98' title="bbox 1899 2990 3453 3046">
    <p class='ocr_par' dir='ltr' id='par_1_98' title="bbox 1899 2990 3453 3046">
     <span class='ocr_line' id='line_1_98' title="bbox 1899 2990 3453 3046; baseline 0.007 -19"><span class='ocrx_word' id='word_1_649' title='bbox 1899 2990 3453 3046; x_wconf 81' lang='lat' dir='ltr'><strong>imposuisse..........................</strong></span> 
     </span>
    </p>
   </div>
   <div class='ocr_carea' id='block_1_99' title="bbox 1823 3032 3453 3106">
    <p class='ocr_par' dir='ltr' id='par_1_99' title="bbox 1823 3032 3453 3106">
     <span class='ocr_line' id='line_1_99' title="bbox 1823 3032 3453 3106; baseline 0.007 -11"><span class='ocrx_word' id='word_1_650' title='bbox 1823 3032 1868 3095; x_wconf 93' lang='lat' dir='ltr'><strong>C</strong></span> <span class='ocrx_word' id='word_1_651' title='bbox 1901 3085 1917 3101; x_wconf 94' lang='lat'><strong>.</strong></span> <span class='ocrx_word' id='word_1_652' title='bbox 2040 3083 2054 3098; x_wconf 94' lang='lat'><strong>.</strong></span> <span class='ocrx_word' id='word_1_653' title='bbox 2089 3083 2102 3098; x_wconf 94' lang='lat'><strong>.</strong></span> <span class='ocrx_word' id='word_1_654' title='bbox 2139 3086 2153 3099; x_wconf 92' lang='lat'><strong>.</strong></span> <span class='ocrx_word' id='word_1_655' title='bbox 2181 3046 2550 3101; x_wconf 62' lang='lat' dir='ltr'><strong>citharoedicus</strong></span> <span class='ocrx_word' id='word_1_656' title='bbox 2581 3032 2722 3103; x_wconf 81' lang='lat' dir='ltr'><strong>artis</strong></span> <span class='ocrx_word' id='word_1_657' title='bbox 2749 3032 2891 3103; x_wconf 80' lang='lat' dir='ltr'><strong>nomi</strong></span> <span class='ocrx_word' id='word_1_658' title='bbox 2916 3032 3082 3104; x_wconf 82' lang='lat' dir='ltr'><strong>multo</strong></span> <span class='ocrx_word' id='word_1_659' title='bbox 3108 3032 3453 3106; x_wconf 19' lang='lat' dir='ltr'><strong>anteitih-ici;</strong></span> 
     </span>
    </p>
   </div>
   <div class='ocr_carea' id='block_1_100' title="bbox 1896 3118 3453 3190">
    <p class='ocr_par' dir='ltr' id='par_1_100' title="bbox 1896 3118 3453 3190">
     <span class='ocr_line' id='line_1_100' title="bbox 1896 3118 3453 3190; baseline 0.006 -23"><span class='ocrx_word' id='word_1_660' title='bbox 1896 3130 2025 3168; x_wconf 70' lang='lat' dir='ltr'><strong>num</strong></span> <span class='ocrx_word' id='word_1_661' title='bbox 2055 3129 2245 3190; x_wconf 85' lang='lat' dir='ltr'><strong>nomos</strong></span> <span class='ocrx_word' id='word_1_662' title='bbox 2273 3125 2512 3190; x_wconf 84' lang='lat' dir='ltr'><strong>tempore</strong></span> <span class='ocrx_word' id='word_1_663' title='bbox 2543 3118 2776 3190; x_wconf 89' lang='lat' dir='ltr'><strong>instituti</strong></span> <span class='ocrx_word' id='word_1_664' title='bbox 2810 3130 2935 3190; x_wconf 89' lang='lat' dir='ltr'><strong>sunt</strong></span> <span class='ocrx_word' id='word_1_665' title='bbox 2959 3137 2988 3172; x_wconf 89' lang='lat' dir='ltr'><strong>a</strong></span> <span class='ocrx_word' id='word_1_666' title='bbox 3017 3119 3353 3190; x_wconf 88' lang='lat' dir='ltr'><strong>Terpandro.</strong></span> <span class='ocrx_word' id='word_1_667' title='bbox 3404 3124 3453 3178; x_wconf 90' lang='lat' dir='ltr'><strong>Is</strong></span> 
     </span>
    </p>
   </div>
   <div class='ocr_carea' id='block_1_101' title="bbox 1896 3185 3450 3258">
    <p class='ocr_par' dir='ltr' id='par_1_101' title="bbox 1896 3185 3450 3258">
     <span class='ocr_line' id='line_1_101' title="bbox 1896 3185 3450 3258; baseline 0.008 -22"><span class='ocrx_word' id='word_1_668' title='bbox 1896 3185 2427 3258; x_wconf 62' lang='lat' dir='ltr'><strong>ergocithartedicis</strong></span> <span class='ocrx_word' id='word_1_669' title='bbox 2471 3189 2683 3258; x_wconf 77' lang='lat' dir='ltr'><strong>nomina</strong></span> <span class='ocrx_word' id='word_1_670' title='bbox 2712 3191 2840 3244; x_wconf 83' lang='lat' dir='ltr'><strong>fecit</strong></span> <span class='ocrx_word' id='word_1_671' title='bbox 2867 3185 3152 3254; x_wconf 66' lang='lat' dir='ltr'><strong>Baianum,</strong></span> <span class='ocrx_word' id='word_1_672' title='bbox 3189 3190 3450 3258; x_wconf 65' lang='lat' dir='ltr'><strong>.‘Eolium,</strong></span> 
     </span>
    </p>
   </div>
   <div class='ocr_carea' id='block_1_102' title="bbox 1898 3251 3452 3330">
    <p class='ocr_par' dir='ltr' id='par_1_102' title="bbox 1898 3251 3452 3330">
     <span class='ocr_line' id='line_1_102' title="bbox 1898 3251 3452 3330; baseline 0.007 -24"><span class='ocrx_word' id='word_1_673' title='bbox 1898 3251 2501 3330; x_wconf 34' lang='lat' dir='ltr'><strong>Tr‘oclt_:eum_acutum_,</strong></span> <span class='ocrx_word' id='word_1_674' title='bbox 2530 3257 2840 3330; x_wconf 64' lang='lat' dir='ltr'><strong>Cepionem,</strong></span> <span class='ocrx_word' id='word_1_675' title='bbox 2889 3251 3308 3330; x_wconf 27' lang='lat' dir='ltr'><strong>&#39;l‘erpand—rium.</strong></span> <span class='ocrx_word' id='word_1_676' title='bbox 3347 3251 3452 3317; x_wconf 57' lang='lat' dir='ltr'><strong>&#39;l‘e;</strong></span> 
     </span>
    </p>
   </div>
   <div class='ocr_carea' id='block_1_103' title="bbox 1898 3323 3450 3400">
    <p class='ocr_par' dir='ltr' id='par_1_103' title="bbox 1898 3323 3450 3400">
     <span class='ocr_line' id='line_1_103' title="bbox 1898 3323 3450 3400; baseline 0.007 -24"><span class='ocrx_word' id='word_1_677' title='bbox 1898 3326 2199 3400; x_wconf 73' lang='lat' dir='ltr'><strong>traazdium.</strong></span> <span class='ocrx_word' id='word_1_678' title='bbox 2223 3323 2381 3400; x_wconf 24' lang='lat' dir='ltr'><strong>‘Fecit</strong></span> <span class='ocrx_word' id='word_1_679' title='bbox 2409 3328 2582 3400; x_wconf 78' lang='lat' dir='ltr'><strong>etiam</strong></span> <span class='ocrx_word' id='word_1_680' title='bbox 2606 3323 2936 3400; x_wconf 58' lang='lat' dir='ltr'><strong>&#39;Terpander</strong></span> <span class='ocrx_word' id='word_1_681' title='bbox 2960 3323 3220 3400; x_wconf 66' lang='lat' dir='ltr'><strong>prooemia</strong></span> <span class='ocrx_word' id='word_1_682' title='bbox 3265 3323 3450 3386; x_wconf 81' lang='lat' dir='ltr'><strong>citha-</strong></span> 
     </span>
    </p>
   </div>
   <div class='ocr_carea' id='block_1_104' title="bbox 1896 3395 3452 3470">
    <p class='ocr_par' dir='ltr' id='par_1_104' title="bbox 1896 3395 3452 3470">
     <span class='ocr_line' id='line_1_104' title="bbox 1896 3395 3452 3470; baseline 0.006 -24"><span class='ocrx_word' id='word_1_683' title='bbox 1896 3395 2099 3448; x_wconf 76' lang='lat' dir='ltr'><strong>rtedica</strong></span> <span class='ocrx_word' id='word_1_684' title='bbox 2137 3395 2190 3448; x_wconf 93' lang='lat' dir='ltr'><strong>in</strong></span> <span class='ocrx_word' id='word_1_685' title='bbox 2222 3395 2454 3470; x_wconf 82' lang='lat' dir='ltr'><strong>heroicis</strong></span> <span class='ocrx_word' id='word_1_686' title='bbox 2482 3399 2830 3470; x_wconf 83' lang='lat' dir='ltr'><strong>carminibus.</strong></span> <span class='ocrx_word' id='word_1_687' title='bbox 2866 3437 2882 3453; x_wconf 95' lang='lat'><strong>.</strong></span> <span class='ocrx_word' id='word_1_688' title='bbox 2921 3439 2935 3452; x_wconf 94' lang='lat'><strong>.</strong></span> <span class='ocrx_word' id='word_1_689' title='bbox 2960 3395 2988 3454; x_wconf 65' lang='grc'><strong>⁷.</strong></span> <span class='ocrx_word' id='word_1_690' title='bbox 3024 3437 3040 3453; x_wconf 98' lang='grc'><strong>.</strong></span> <span class='ocrx_word' id='word_1_691' title='bbox 3077 3402 3452 3470; x_wconf 80' lang='lat' dir='ltr'><strong>Terpandrum</strong></span> 
     </span>
    </p>
   </div>
   <div class='ocr_carea' id='block_1_105' title="bbox 1896 3465 3452 3539">
    <p class='ocr_par' dir='ltr' id='par_1_105' title="bbox 1896 3465 3452 3539">
     <span class='ocr_line' id='line_1_105' title="bbox 1896 3465 3452 3539; baseline 0.005 -23"><span class='ocrx_word' id='word_1_692' title='bbox 1896 3477 2058 3539; x_wconf 73' lang='lat' dir='ltr'><strong>pOrro</strong></span> <span class='ocrx_word' id='word_1_693' title='bbox 2103 3465 2407 3539; x_wconf 64' lang='lat' dir='ltr'><strong>antelatum</strong></span> <span class='ocrx_word' id='word_1_694' title='bbox 2461 3481 2580 3539; x_wconf 78' lang='lat' dir='ltr'><strong>esse</strong></span> <span class='ocrx_word' id='word_1_695' title='bbox 2631 3468 3098 3539; x_wconf 73' lang='lat' dir='ltr'><strong>I_I_omeri_versus,</strong></span> <span class='ocrx_word' id='word_1_696' title='bbox 3140 3465 3204 3524; x_wconf 60' lang='lat' dir='ltr'><strong>et</strong></span> <span class='ocrx_word' id='word_1_697' title='bbox 3241 3471 3452 3539; x_wconf 73' lang='lat' dir='ltr'><strong>Orphei</strong></span> 
     </span>
    </p>
   </div>
   <div class='ocr_carea' id='block_1_106' title="bbox 1899 3533 3450 3608">
    <p class='ocr_par' dir='ltr' id='par_1_106' title="bbox 1899 3533 3450 3608">
     <span class='ocr_line' id='line_1_106' title="bbox 1899 3533 3450 3608; baseline 0.008 -24"><span class='ocrx_word' id='word_1_698' title='bbox 1899 3533 2475 3608; x_wconf 62' lang='lat' dir='ltr'><strong>cantilenas,__’Opgaéto;</strong></span> <span class='ocrx_word' id='word_1_699' title='bbox 2495 3534 2562 3588; x_wconf 84' lang='grc' dir='ltr'><strong>τὰ</strong></span> <span class='ocrx_word' id='word_1_700' title='bbox 2599 3536 2754 3608; x_wconf 79' lang='grc' dir='ltr'><strong>μέλη.</strong></span> <span class='ocrx_word' id='word_1_701' title='bbox 2792 3557 2810 3591; x_wconf 73' lang='grc' dir='ltr'><strong><em>ι</em></strong></span> <span class='ocrx_word' id='word_1_702' title='bbox 2847 3533 3205 3606; x_wconf 74' lang='lat' dir='ltr'><strong>Quamobrem</strong></span> <span class='ocrx_word' id='word_1_703' title='bbox 3239 3533 3450 3596; x_wconf 76' lang='lat' dir='ltr'><strong>Plinius</strong></span> 
     </span>
    </p>
   </div>
   <div class='ocr_carea' id='block_1_107' title="bbox 1897 3602 3455 3676">
    <p class='ocr_par' dir='ltr' id='par_1_107' title="bbox 1897 3602 3455 3676">
     <span class='ocr_line' id='line_1_107' title="bbox 1897 3602 3455 3676; baseline 0.006 -22"><span class='ocrx_word' id='word_1_704' title='bbox 1897 3602 2044 3676; x_wconf 77' lang='lat' dir='ltr'><strong>ait&quot;</strong></span> <span class='ocrx_word' id='word_1_705' title='bbox 2071 3619 2136 3676; x_wconf 72' lang='lat' dir='ltr'><strong>:t</strong></span> <span class='ocrx_word' id='word_1_706' title='bbox 2180 3602 2544 3676; x_wconf 63' lang='lat' dir='ltr'><strong>Citharmdiea</strong></span> <span class='ocrx_word' id='word_1_707' title='bbox 2581 3602 2823 3660; x_wconf 77' lang='lat' dir='ltr'><strong>carmina</strong></span> <span class='ocrx_word' id='word_1_708' title='bbox 2869 3602 3166 3676; x_wconf 76' lang='lat' dir='ltr'><strong>composuit</strong></span> <span class='ocrx_word' id='word_1_709' title='bbox 3211 3609 3455 3674; x_wconf 85' lang='lat' dir='ltr'><strong>Terpan-</strong></span> 
     </span>
    </p>
   </div>
   <div class='ocr_carea' id='block_1_108' title="bbox 1900 3673 3456 3741">
    <p class='ocr_par' dir='ltr' id='par_1_108' title="bbox 1900 3673 3456 3741">
     <span class='ocr_line' id='line_1_108' title="bbox 1900 3673 3456 3741; baseline 0.006 -18"><span class='ocrx_word' id='word_1_710' title='bbox 1900 3673 2015 3724; x_wconf 91' lang='lat' dir='ltr'><strong>der.</strong></span> <span class='ocrx_word' id='word_1_711' title='bbox 2057 3691 2075 3722; x_wconf 71' lang='grc' dir='ltr'><strong><em>ι</em></strong></span> <span class='ocrx_word' id='word_1_712' title='bbox 2113 3675 2266 3741; x_wconf 83' lang='lat' dir='ltr'><strong>Apud</strong></span> <span class='ocrx_word' id='word_1_713' title='bbox 2294 3673 2543 3728; x_wconf 83' lang='lat' dir='ltr'><strong>I’hotium</strong></span> <span class='ocrx_word' id='word_1_714' title='bbox 2572 3687 2748 3729; x_wconf 90' lang='lat' dir='ltr'><strong>autem</strong></span> <span class='ocrx_word' id='word_1_715' title='bbox 2793 3673 3013 3732; x_wconf 77' lang='lat' dir='ltr'><strong>Proclus</strong></span> <span class='ocrx_word' id='word_1_716' title='bbox 3039 3682 3090 3732; x_wconf 90' lang='lat' dir='ltr'><strong>in</strong></span> <span class='ocrx_word' id='word_1_717' title='bbox 3123 3673 3456 3733; x_wconf 81' lang='lat' dir='ltr'><strong>Chrestoma-</strong></span> 
     </span>
    </p>
   </div>
   <div class='ocr_carea' id='block_1_109' title="bbox 1899 3741 3448 3818">
    <p class='ocr_par' dir='ltr' id='par_1_109' title="bbox 1899 3741 3448 3818">
     <span class='ocr_line' id='line_1_109' title="bbox 1899 3741 3448 3818; baseline 0.007 -26"><span class='ocrx_word' id='word_1_718' title='bbox 1899 3741 2007 3794; x_wconf 81' lang='lat' dir='ltr'><strong>tln&#39;a</strong></span> <span class='ocrx_word' id='word_1_719' title='bbox 2027 3742 2120 3818; x_wconf 36' lang='grc' dir='ltr'><strong>’ξ’-ε</strong></span> <span class='ocrx_word' id='word_1_720' title='bbox 2159 3761 2177 3794; x_wconf 73' lang='grc' dir='ltr'>ι</span> <span class='ocrx_word' id='word_1_721' title='bbox 2211 3742 2488 3818; x_wconf 80' lang='lat' dir='ltr'><strong>Noniimus</strong></span> <span class='ocrx_word' id='word_1_722' title='bbox 2515 3746 2703 3812; x_wconf 87' lang='lat' dir='ltr'><strong>Apollo</strong></span> <span class='ocrx_word' id='word_1_723' title='bbox 2732 3747 2804 3800; x_wconf 89' lang='lat' dir='ltr'><strong>ita</strong></span> <span class='ocrx_word' id='word_1_724' title='bbox 2839 3749 3137 3818; x_wconf 85' lang='lat' dir='ltr'><strong>appellatus</strong></span> <span class='ocrx_word' id='word_1_725' title='bbox 3167 3762 3269 3812; x_wconf 87' lang='lat' dir='ltr'><strong>est,</strong></span> <span class='ocrx_word' id='word_1_726' title='bbox 3303 3751 3448 3818; x_wconf 87' lang='lat' dir='ltr'><strong>quod</strong></span> 
     </span>
    </p>
   </div>
   <div class='ocr_carea' id='block_1_110' title="bbox 1900 3811 3451 3879">
    <p class='ocr_par' dir='ltr' id='par_1_110' title="bbox 1900 3811 3451 3879">
     <span class='ocr_line' id='line_1_110' title="bbox 1900 3811 3451 3879; baseline 0.006 -16"><span class='ocrx_word' id='word_1_727' title='bbox 1900 3811 2192 3877; x_wconf 86' lang='lat' dir='ltr'><strong>veteribus,</strong></span> <span class='ocrx_word' id='word_1_728' title='bbox 2223 3816 2417 3866; x_wconf 89' lang='lat' dir='ltr'><strong>choros</strong></span> <span class='ocrx_word' id='word_1_729' title='bbox 2445 3811 2923 3879; x_wconf 62' lang='lat' dir='ltr'><strong>constituentibus;</strong></span> <span class='ocrx_word' id='word_1_730' title='bbox 2969 3829 3024 3872; x_wconf 90' lang='lat' dir='ltr'><strong>et</strong></span> <span class='ocrx_word' id='word_1_731' title='bbox 3053 3817 3121 3874; x_wconf 87' lang='lat' dir='ltr'><strong>ad</strong></span> <span class='ocrx_word' id='word_1_732' title='bbox 3150 3811 3337 3872; x_wconf 79' lang='lat' dir='ltr'><strong>tibiani</strong></span> <span class='ocrx_word' id='word_1_733' title='bbox 3365 3820 3451 3872; x_wconf 90' lang='lat' dir='ltr'><strong>vel</strong></span> 
     </span>
    </p>
   </div>
   <div class='ocr_carea' id='block_1_111' title="bbox 1899 3881 3454 3956">
    <p class='ocr_par' dir='ltr' id='par_1_111' title="bbox 1899 3881 3454 3956">
     <span class='ocr_line' id='line_1_111' title="bbox 1899 3881 3454 3956; baseline 0.006 -22"><span class='ocrx_word' id='word_1_734' title='bbox 1899 3881 2070 3956; x_wconf 82' lang='lat' dir='ltr'><strong>lyram</strong></span> <span class='ocrx_word' id='word_1_735' title='bbox 2125 3897 2321 3956; x_wconf 82' lang='lat' dir='ltr'><strong>nomon</strong></span> <span class='ocrx_word' id='word_1_736' title='bbox 2355 3886 2679 3956; x_wconf 86' lang='lat' dir='ltr'><strong>canentibus</strong></span> <span class='ocrx_word' id='word_1_737' title='bbox 2723 3887 3135 3956; x_wconf 83' lang='lat' dir='ltr'><strong>Cbrysotbemis</strong></span> <span class='ocrx_word' id='word_1_738' title='bbox 3179 3889 3454 3944; x_wconf 83' lang='lat' dir='ltr'><strong>Cretensis</strong></span> 
     </span>
    </p>
   </div>
   <div class='ocr_carea' id='block_1_112' title="bbox 1900 3952 3450 4028">
    <p class='ocr_par' dir='ltr' id='par_1_112' title="bbox 1900 3952 3450 4028">
     <span class='ocr_line' id='line_1_112' title="bbox 1900 3952 3450 4028; baseline 0.006 -25"><span class='ocrx_word' id='word_1_739' title='bbox 1900 3952 2106 4028; x_wconf 79' lang='lat' dir='ltr'><strong>primus</strong></span> <span class='ocrx_word' id='word_1_740' title='bbox 2131 3953 2267 4028; x_wconf 80' lang='lat' dir='ltr'><strong>stola</strong></span> <span class='ocrx_word' id='word_1_741' title='bbox 2298 3967 2426 4006; x_wconf 87' lang='lat' dir='ltr'><strong>usus</strong></span> <span class='ocrx_word' id='word_1_742' title='bbox 2452 3954 2669 4028; x_wconf 80' lang='lat' dir='ltr'><strong>insigni,</strong></span> <span class='ocrx_word' id='word_1_743' title='bbox 2693 3965 2742 4010; x_wconf 90' lang='lat' dir='ltr'><strong>et</strong></span> <span class='ocrx_word' id='word_1_744' title='bbox 2771 3952 3251 4028; x_wconf 62' lang='lat' dir='ltr'><strong>acceptacithara,</strong></span> <span class='ocrx_word' id='word_1_745' title='bbox 3280 3959 3450 4028; x_wconf 77' lang='lat' dir='ltr'><strong>Apol—</strong></span> 
     </span>
    </p>
   </div>
   <div class='ocr_carea' id='block_1_113' title="bbox 1900 4023 3450 4098">
    <p class='ocr_par' dir='ltr' id='par_1_113' title="bbox 1900 4023 3450 4098">
     <span class='ocr_line' id='line_1_113' title="bbox 1900 4023 3450 4098; baseline 0.006 -25"><span class='ocrx_word' id='word_1_746' title='bbox 1900 4023 2068 4098; x_wconf 84' lang='lat' dir='ltr'><strong>linem</strong></span> <span class='ocrx_word' id='word_1_747' title='bbox 2089 4024 2350 4086; x_wconf 87' lang='lat' dir='ltr'><strong>imitatus,</strong></span> <span class='ocrx_word' id='word_1_748' title='bbox 2375 4023 2637 4098; x_wconf 83' lang='lat' dir='ltr'><strong>cecinerit</strong></span> <span class='ocrx_word' id='word_1_749' title='bbox 2675 4023 3012 4094; x_wconf 32' lang='lat' dir='ltr'><strong>nomon,’qui</strong></span> <span class='ocrx_word' id='word_1_750' title='bbox 3041 4041 3162 4080; x_wconf 91' lang='lat' dir='ltr'><strong>cum</strong></span> <span class='ocrx_word' id='word_1_751' title='bbox 3194 4043 3257 4081; x_wconf 89' lang='lat' dir='ltr'><strong>eo</strong></span> <span class='ocrx_word' id='word_1_752' title='bbox 3283 4023 3450 4098; x_wconf 76' lang='lat' dir='ltr'><strong>gene-</strong></span> 
     </span>
    </p>
   </div>
   <div class='ocr_carea' id='block_1_114' title="bbox 1899 4094 3447 4164">
    <p class='ocr_par' dir='ltr' id='par_1_114' title="bbox 1899 4094 3447 4164">
     <span class='ocr_line' id='line_1_114' title="bbox 1899 4094 3447 4164; baseline 0.005 -20"><span class='ocrx_word' id='word_1_753' title='bbox 1899 4106 1957 4144; x_wconf 92' lang='lat' dir='ltr'><strong>re</strong></span> <span class='ocrx_word' id='word_1_754' title='bbox 1988 4094 2336 4164; x_wconf 87' lang='lat' dir='ltr'><strong>vehementer</strong></span> <span class='ocrx_word' id='word_1_755' title='bbox 2365 4095 2624 4164; x_wconf 65' lang='lat' dir='ltr'><strong>probatus</strong></span> <span class='ocrx_word' id='word_1_756' title='bbox 2668 4109 2835 4158; x_wconf 88' lang='lat' dir='ltr'><strong>esset.</strong></span> <span class='ocrx_word' id='word_1_757' title='bbox 2869 4098 3167 4164; x_wconf 86' lang='lat' dir='ltr'><strong>permansit</strong></span> <span class='ocrx_word' id='word_1_758' title='bbox 3205 4094 3308 4152; x_wconf 58' lang='lat' dir='ltr'><strong>hic&#39;</strong></span> <span class='ocrx_word' id='word_1_759' title='bbox 3331 4114 3447 4151; x_wconf 82' lang='lat' dir='ltr'><strong>nio-</strong></span> 
     </span>
    </p>
   </div>
   <div class='ocr_carea' id='block_1_115' title="bbox 1900 4163 3452 4228">
    <p class='ocr_par' dir='ltr' id='par_1_115' title="bbox 1900 4163 3452 4228">
     <span class='ocr_line' id='line_1_115' title="bbox 1900 4163 3452 4228; baseline 0.006 -16"><span class='ocrx_word' id='word_1_760' title='bbox 1900 4167 1998 4215; x_wconf 85' lang='lat' dir='ltr'><strong>dus</strong></span> <span class='ocrx_word' id='word_1_761' title='bbox 2016 4163 2347 4216; x_wconf 89' lang='lat' dir='ltr'><strong>certaminis.</strong></span> <span class='ocrx_word' id='word_1_762' title='bbox 2372 4163 2744 4228; x_wconf 89' lang='lat' dir='ltr'><strong>Terpandrum</strong></span> <span class='ocrx_word' id='word_1_763' title='bbox 2771 4163 2901 4219; x_wconf 83' lang='lat' dir='ltr'><strong>vero</strong></span> <span class='ocrx_word' id='word_1_764' title='bbox 2931 4180 3127 4220; x_wconf 85' lang='lat' dir='ltr'><strong>nomen</strong></span> <span class='ocrx_word' id='word_1_765' title='bbox 3151 4169 3452 4222; x_wconf 78' lang='lat' dir='ltr'><strong>absolvisse</strong></span> 
     </span>
    </p>
   </div>
   <div class='ocr_carea' id='block_1_116' title="bbox 1898 4233 3448 4300">
    <p class='ocr_par' dir='ltr' id='par_1_116' title="bbox 1898 4233 3448 4300">
     <span class='ocr_line' id='line_1_116' title="bbox 1898 4233 3448 4300; baseline 0.006 -19"><span class='ocrx_word' id='word_1_766' title='bbox 1898 4233 2130 4296; x_wconf 91' lang='lat' dir='ltr'><strong>primum</strong></span> <span class='ocrx_word' id='word_1_767' title='bbox 2165 4241 2406 4300; x_wconf 87' lang='lat' dir='ltr'><strong>apparet.</strong></span> <span class='ocrx_word' id='word_1_768' title='bbox 2428 4248 2548 4286; x_wconf 91' lang='lat' dir='ltr'><strong>cum</strong></span> <span class='ocrx_word' id='word_1_769' title='bbox 2577 4235 2850 4288; x_wconf 90' lang='lat' dir='ltr'><strong>heroicum</strong></span> <span class='ocrx_word' id='word_1_770' title='bbox 2877 4251 3097 4290; x_wconf 90' lang='lat' dir='ltr'><strong>carmen</strong></span> <span class='ocrx_word' id='word_1_771' title='bbox 3129 4237 3388 4293; x_wconf 88' lang='lat' dir='ltr'><strong>adhibuit.</strong></span> <span class='ocrx_word' id='word_1_772' title='bbox 3426 4255 3448 4290; x_wconf 72' lang='grc' dir='ltr'><strong><em>ι</em></strong></span> 
     </span>
    </p>
   </div>
   <div class='ocr_carea' id='block_1_117' title="bbox 1906 4301 3452 4376">
    <p class='ocr_par' dir='ltr' id='par_1_117' title="bbox 1906 4301 3452 4376">
     <span class='ocr_line' id='line_1_117' title="bbox 1906 4301 3452 4376; baseline 0.004 -22"><span class='ocrx_word' id='word_1_773' title='bbox 1906 4301 2096 4376; x_wconf 70' lang='lat' dir='ltr'><strong>Verum</strong></span> <span class='ocrx_word' id='word_1_774' title='bbox 2128 4303 2322 4376; x_wconf 70' lang='lat' dir='ltr'><strong>Suidas</strong></span> <span class='ocrx_word' id='word_1_775' title='bbox 2351 4302 2396 4376; x_wconf 51' lang='grc' dir='ltr'><strong>δέ</strong></span> <span class='ocrx_word' id='word_1_776' title='bbox 2427 4303 2616 4376; x_wconf 66' lang='lat' dir='ltr'><strong>scribit</strong></span> <span class='ocrx_word' id='word_1_777' title='bbox 2645 4304 3014 4376; x_wconf 74' lang='lat' dir='ltr'><strong>Terpandrum</strong></span> <span class='ocrx_word' id='word_1_778' title='bbox 3053 4321 3082 4358; x_wconf 93' lang='lat' dir='ltr'><strong>a</strong></span> <span class='ocrx_word' id='word_1_779' title='bbox 3125 4308 3452 4376; x_wconf 88' lang='lat' dir='ltr'><strong>quibusdam</strong></span> 
     </span>
    </p>
   </div>
   <div class='ocr_carea' id='block_1_118' title="bbox 247 4361 3453 4443">
    <p class='ocr_par' dir='ltr' id='par_1_118' title="bbox 247 4361 3453 4443">
     <span class='ocr_line' id='line_1_118' title="bbox 247 4361 3453 4443; baseline 0.002 -17"><span class='ocrx_word' id='word_1_780' title='bbox 247 4374 440 4426; x_wconf 88' lang='lat' dir='ltr'><strong>saltem</strong></span> <span class='ocrx_word' id='word_1_781' title='bbox 467 4373 788 4426; x_wconf 71' lang='lat' dir='ltr'><strong>harmonicae</strong></span> <span class='ocrx_word' id='word_1_782' title='bbox 813 4361 1338 4427; x_wconf 57' lang='lat' dir='ltr'><strong>iiiventuiii.&#39;Plittius</strong></span> <span class='ocrx_word' id='word_1_783' title='bbox 1379 4387 1505 4426; x_wconf 89' lang='lat' dir='ltr'><strong>vero</strong></span> <span class='ocrx_word' id='word_1_784' title='bbox 1545 4372 1587 4403; x_wconf 78' lang='grc'><strong>’⁵⁷</strong></span> <span class='ocrx_word' id='word_1_785' title='bbox 1631 4375 1794 4428; x_wconf 87' lang='lat' dir='ltr'><strong>musi-</strong></span> <span class='ocrx_word' id='word_1_786' title='bbox 1823 4361 1872 4420; x_wconf 77' lang='grc' dir='ltr'><strong>Ι)</strong></span> <span class='ocrx_word' id='word_1_787' title='bbox 1900 4372 2002 4443; x_wconf 80' lang='lat' dir='ltr'><strong>dici</strong></span> <span class='ocrx_word' id='word_1_788' title='bbox 2029 4370 2269 4436; x_wconf 88' lang='lat' dir='ltr'><strong>IIesiodi,</strong></span> <span class='ocrx_word' id='word_1_789' title='bbox 2315 4371 2400 4443; x_wconf 86' lang='lat' dir='ltr'><strong>vel</strong></span> <span class='ocrx_word' id='word_1_790' title='bbox 2447 4371 2663 4443; x_wconf 75' lang='lat' dir='ltr'><strong>Homeri</strong></span> <span class='ocrx_word' id='word_1_791' title='bbox 2700 4361 2986 4443; x_wconf 68' lang='lat' dir='ltr'><strong>géutilem;</strong></span> <span class='ocrx_word' id='word_1_792' title='bbox 3045 4378 3112 4431; x_wconf 86' lang='lat' dir='ltr'><strong>ab</strong></span> <span class='ocrx_word' id='word_1_793' title='bbox 3142 4361 3285 4431; x_wconf 54' lang='lat' dir='ltr'><strong>&#39;aliis</strong></span> <span class='ocrx_word' id='word_1_794' title='bbox 3312 4361 3453 4432; x_wconf 13' lang='lat' dir='ltr'><strong>ivero</strong></span> 
     </span>
    </p>
   </div>
   <div class='ocr_carea' id='block_1_119' title="bbox 246 4443 1791 4511">
    <p class='ocr_par' dir='ltr' id='par_1_119' title="bbox 246 4443 1791 4511">
     <span class='ocr_line' id='line_1_119' title="bbox 246 4443 1791 4511; baseline 0.002 -18"><span class='ocrx_word' id='word_1_795' title='bbox 246 4458 366 4495; x_wconf 90' lang='lat' dir='ltr'><strong>cam</strong></span> <span class='ocrx_word' id='word_1_796' title='bbox 407 4459 436 4495; x_wconf 91' lang='lat' dir='ltr'><strong>a</strong></span> <span class='ocrx_word' id='word_1_797' title='bbox 489 4443 602 4495; x_wconf 88' lang='lat' dir='ltr'><strong>solo</strong></span> <span class='ocrx_word' id='word_1_798' title='bbox 635 4443 932 4509; x_wconf 89' lang='lat' dir='ltr'><strong>Amphione</strong></span> <span class='ocrx_word' id='word_1_799' title='bbox 975 4449 1327 4511; x_wconf 82' lang='lat' dir='ltr'><strong>excogitatam</strong></span> <span class='ocrx_word' id='word_1_800' title='bbox 1366 4457 1484 4496; x_wconf 88' lang='lat' dir='ltr'><strong>esse</strong></span> <span class='ocrx_word' id='word_1_801' title='bbox 1527 4443 1791 4511; x_wconf 90' lang='lat' dir='ltr'><strong>perbibet.</strong></span> 
     </span>
    </p>
   </div>
   <div class='ocr_carea' id='block_1_120' title="bbox 245 4511 1795 4578">
    <p class='ocr_par' dir='ltr' id='par_1_120' title="bbox 245 4511 1795 4578">
     <span class='ocr_line' id='line_1_120' title="bbox 245 4511 1795 4578; baseline 0.002 -15"><span class='ocrx_word' id='word_1_802' title='bbox 245 4512 580 4578; x_wconf 40' lang='lat' dir='ltr'><strong>At,.°_~;.‘inus</strong></span> <span class='ocrx_word' id='word_1_803' title='bbox 608 4511 653 4544; x_wconf 74' lang='grc'><strong>⁵⁸</strong></span> <span class='ocrx_word' id='word_1_804' title='bbox 692 4528 707 4564; x_wconf 89' lang='lat'><strong>:</strong></span> <span class='ocrx_word' id='word_1_805' title='bbox 749 4528 768 4561; x_wconf 70' lang='grc' dir='ltr'>ι</span> <span class='ocrx_word' id='word_1_806' title='bbox 821 4513 1086 4576; x_wconf 83' lang='lat' dir='ltr'><strong>Studium,</strong></span> <span class='ocrx_word' id='word_1_807' title='bbox 1128 4513 1318 4578; x_wconf 89' lang='lat' dir='ltr'><strong>inquit,</strong></span> <span class='ocrx_word' id='word_1_808' title='bbox 1367 4511 1630 4565; x_wconf 91' lang='lat' dir='ltr'><strong>musicum</strong></span> <span class='ocrx_word' id='word_1_809' title='bbox 1670 4515 1795 4566; x_wconf 88' lang='lat' dir='ltr'><strong>inde</strong></span> 
     </span>
    </p>
   </div>
   <div class='ocr_carea' id='block_1_121' title="bbox 247 4572 1796 4651">
    <p class='ocr_par' dir='ltr' id='par_1_121' title="bbox 247 4572 1796 4651">
     <span class='ocr_line' id='line_1_121' title="bbox 247 4572 1796 4651; baseline 0.001 -20"><span class='ocrx_word' id='word_1_810' title='bbox 247 4572 502 4650; x_wconf 68' lang='grc' dir='ltr'><strong>ραέρθὰῖηι,</strong></span> <span class='ocrx_word' id='word_1_811' title='bbox 530 4596 648 4633; x_wconf 92' lang='lat' dir='ltr'><strong>cum</strong></span> <span class='ocrx_word' id='word_1_812' title='bbox 668 4581 786 4634; x_wconf 69' lang='lat' dir='ltr'><strong>Idaei</strong></span> <span class='ocrx_word' id='word_1_813' title='bbox 813 4581 1013 4651; x_wconf 81' lang='lat' dir='ltr'><strong>Dactyli</strong></span> <span class='ocrx_word' id='word_1_814' title='bbox 1043 4572 1286 4635; x_wconf 79' lang='lat' dir='ltr'><strong>modulos</strong></span> <span class='ocrx_word' id='word_1_815' title='bbox 1305 4572 1512 4647; x_wconf 78' lang='lat' dir='ltr'><strong>crepitu</strong></span> <span class='ocrx_word' id='word_1_816' title='bbox 1541 4598 1604 4636; x_wconf 91' lang='lat' dir='ltr'><strong>ac</strong></span> <span class='ocrx_word' id='word_1_817' title='bbox 1635 4584 1796 4636; x_wconf 89' lang='lat' dir='ltr'><strong>tinni-</strong></span> 
     </span>
    </p>
   </div>
   <div class='ocr_carea' id='block_1_122' title="bbox 251 4651 1796 4768">
    <p class='ocr_par' dir='ltr' id='par_1_122' title="bbox 251 4651 1796 4768">
     <span class='ocr_line' id='line_1_122' title="bbox 251 4651 1796 4768; baseline 0.002 -66"><span class='ocrx_word' id='word_1_818' title='bbox 251 4658 306 4768; x_wconf 42' lang='lat' dir='ltr'><strong>tu</strong></span> <span class='ocrx_word' id='word_1_819' title='bbox 329 4654 452 4703; x_wconf 64' lang='lat' dir='ltr'><strong>aeris</strong></span> <span class='ocrx_word' id='word_1_820' title='bbox 474 4651 832 4718; x_wconf 88' lang='lat' dir='ltr'><strong>deprehensos</strong></span> <span class='ocrx_word' id='word_1_821' title='bbox 861 4653 913 4702; x_wconf 90' lang='lat' dir='ltr'><strong>in</strong></span> <span class='ocrx_word' id='word_1_822' title='bbox 952 4655 1250 4705; x_wconf 85' lang='lat' dir='ltr'><strong>versiticum</strong></span> <span class='ocrx_word' id='word_1_823' title='bbox 1291 4651 1532 4704; x_wconf 87' lang='lat' dir='ltr'><strong>ordinem</strong></span> <span class='ocrx_word' id='word_1_824' title='bbox 1562 4661 1796 4705; x_wconf 88' lang='lat' dir='ltr'><strong>transtu-</strong></span> 
     </span>
     <span class='ocr_line' id='line_1_123' title="bbox 273 4729 506 4768; baseline 0 0"><span class='ocrx_word' id='word_1_825' title='bbox 273 4729 456 4768; x_wconf 84' lang='lat' dir='ltr'><strong>tsseltt.</strong></span> <span class='ocrx_word' id='word_1_826' title='bbox 486 4737 506 4768; x_wconf 73' lang='grc' dir='ltr'><strong><em>ι</em></strong></span> 
     </span>
    </p>
   </div>
   <div class='ocr_carea' id='block_1_123' title="bbox 273 4729 506 4773">
    <p class='ocr_par' dir='ltr' id='par_1_123' title="bbox 273 4729 506 4773">
     <span class='ocr_line' id='line_1_124' title="bbox 273 4729 506 4773; baseline 0.009 -5"><span class='ocrx_word' id='word_1_827' title='bbox 273 4729 456 4773; x_wconf 71' lang='lat' dir='ltr'><strong>ISSCIII.</strong></span> <span class='ocrx_word' id='word_1_828' title='bbox 486 4737 506 4770; x_wconf 73' lang='grc' dir='ltr'><strong><em>ι</em></strong></span> 
     </span>
    </p>
   </div>
   <div class='ocr_carea' id='block_1_124' title="bbox 323 4787 1798 4860">
    <p class='ocr_par' dir='ltr' id='par_1_124' title="bbox 323 4787 1798 4860">
     <span class='ocr_line' id='line_1_125' title="bbox 323 4787 1798 4860; baseline 0.001 -21"><span class='ocrx_word' id='word_1_829' title='bbox 323 4792 495 4860; x_wconf 85' lang='lat' dir='ltr'><strong>Atque</strong></span> <span class='ocrx_word' id='word_1_830' title='bbox 525 4787 878 4860; x_wconf 87' lang='lat' dir='ltr'><strong>utBerosum,</strong></span> <span class='ocrx_word' id='word_1_831' title='bbox 905 4789 994 4858; x_wconf 92' lang='lat' dir='ltr'><strong>qui</strong></span> <span class='ocrx_word' id='word_1_832' title='bbox 1035 4788 1208 4846; x_wconf 88' lang='lat' dir='ltr'><strong>Bardo</strong></span> <span class='ocrx_word' id='word_1_833' title='bbox 1248 4789 1522 4845; x_wconf 89' lang='lat' dir='ltr'><strong>Gallorum</strong></span> <span class='ocrx_word' id='word_1_834' title='bbox 1558 4790 1693 4860; x_wconf 87' lang='lat' dir='ltr'><strong>regi,</strong></span> <span class='ocrx_word' id='word_1_835' title='bbox 1745 4797 1798 4844; x_wconf 88' lang='lat' dir='ltr'><strong>et</strong></span> 
     </span>
    </p>
   </div>
   <div class='ocr_carea' id='block_1_125' title="bbox 251 4854 1798 4929">
    <p class='ocr_par' dir='ltr' id='par_1_125' title="bbox 251 4854 1798 4929">
     <span class='ocr_line' id='line_1_126' title="bbox 251 4854 1798 4929; baseline 0.003 -19"><span class='ocrx_word' id='word_1_836' title='bbox 251 4854 533 4929; x_wconf 75' lang='lat' dir='ltr'><strong>Polybium</strong></span> <span class='ocrx_word' id='word_1_837' title='bbox 559 4858 624 4923; x_wconf 68' lang='grc'>⁸³,</span> <span class='ocrx_word' id='word_1_838' title='bbox 655 4870 814 4925; x_wconf 89' lang='lat' dir='ltr'><strong>atque</strong></span> <span class='ocrx_word' id='word_1_839' title='bbox 859 4854 1013 4924; x_wconf 70' lang='lat' dir='ltr'><strong>alios,</strong></span> <span class='ocrx_word' id='word_1_840' title='bbox 1061 4863 1152 4929; x_wconf 91' lang='lat' dir='ltr'><strong>qui</strong></span> <span class='ocrx_word' id='word_1_841' title='bbox 1195 4863 1462 4914; x_wconf 87' lang='lat' dir='ltr'><strong>Arcadum</strong></span> <span class='ocrx_word' id='word_1_842' title='bbox 1506 4854 1798 4928; x_wconf 66' lang='lat' dir='ltr'><strong>majoribus</strong></span> 
     </span>
    </p>
   </div>
   <div class='ocr_carea' id='block_1_126' title="bbox 249 4929 1796 4996">
    <p class='ocr_par' dir='ltr' id='par_1_126' title="bbox 249 4929 1796 4996">
     <span class='ocr_line' id='line_1_127' title="bbox 249 4929 1796 4996; baseline 0 -16"><span class='ocrx_word' id='word_1_843' title='bbox 249 4931 513 4996; x_wconf 81' lang='lat' dir='ltr'><strong>originem</strong></span> <span class='ocrx_word' id='word_1_844' title='bbox 546 4930 762 4980; x_wconf 77' lang='lat' dir='ltr'><strong>musica:</strong></span> <span class='ocrx_word' id='word_1_845' title='bbox 794 4929 1026 4983; x_wconf 89' lang='lat' dir='ltr'><strong>tribuere</strong></span> <span class='ocrx_word' id='word_1_846' title='bbox 1066 4938 1330 4990; x_wconf 72' lang='lat' dir='ltr'><strong>videntur.</strong></span> <span class='ocrx_word' id='word_1_847' title='bbox 1384 4934 1576 4984; x_wconf 88' lang='lat' dir='ltr'><strong>missos</strong></span> <span class='ocrx_word' id='word_1_848' title='bbox 1627 4932 1796 4984; x_wconf 82' lang='lat' dir='ltr'><strong>facia-</strong></span> 
     </span>
    </p>
   </div>
   <div class='ocr_carea' id='block_1_127' title="bbox 250 4997 1797 5061">
    <p class='ocr_par' dir='ltr' id='par_1_127' title="bbox 250 4997 1797 5061">
     <span class='ocr_line' id='line_1_128' title="bbox 250 4997 1797 5061; baseline 0.003 -12"><span class='ocrx_word' id='word_1_849' title='bbox 250 5013 396 5061; x_wconf 84' lang='lat' dir='ltr'><strong>mus,</strong></span> <span class='ocrx_word' id='word_1_850' title='bbox 448 5001 583 5050; x_wconf 88' lang='lat' dir='ltr'><strong>hanc</strong></span> <span class='ocrx_word' id='word_1_851' title='bbox 635 4997 895 5050; x_wconf 80' lang='lat' dir='ltr'><strong>Diodorus</strong></span> <span class='ocrx_word' id='word_1_852' title='bbox 927 4999 1138 5052; x_wconf 74' lang='lat' dir='ltr'><strong>bicqus</strong></span> <span class='ocrx_word' id='word_1_853' title='bbox 1188 5001 1233 5031; x_wconf 75' lang='lat'><strong>&#39;°</strong></span> <span class='ocrx_word' id='word_1_854' title='bbox 1284 5002 1479 5054; x_wconf 88' lang='lat' dir='ltr'><strong>alicubi</strong></span> <span class='ocrx_word' id='word_1_855' title='bbox 1530 4999 1797 5054; x_wconf 82' lang='lat' dir='ltr'><strong>Mercurio</strong></span> 
     </span>
    </p>
   </div>
   <div class='ocr_carea' id='block_1_128' title="bbox 250 5067 1796 5137">
    <p class='ocr_par' dir='ltr' id='par_1_128' title="bbox 250 5067 1796 5137">
     <span class='ocr_line' id='line_1_129' title="bbox 250 5067 1796 5137; baseline 0.002 -19"><span class='ocrx_word' id='word_1_856' title='bbox 250 5070 514 5137; x_wconf 82' lang='lat' dir='ltr'><strong>assignat,</strong></span> <span class='ocrx_word' id='word_1_857' title='bbox 547 5067 672 5119; x_wconf 88' lang='lat' dir='ltr'><strong>alibi</strong></span> <span class='ocrx_word' id='word_1_858' title='bbox 708 5081 834 5118; x_wconf 87' lang='lat' dir='ltr'><strong>vero</strong></span> <span class='ocrx_word' id='word_1_859' title='bbox 855 5073 1183 5136; x_wconf 88' lang='lat' dir='ltr'><strong>eorumdem,</strong></span> <span class='ocrx_word' id='word_1_860' title='bbox 1217 5081 1308 5122; x_wconf 89' lang='lat' dir='ltr'><strong>aut</strong></span> <span class='ocrx_word' id='word_1_861' title='bbox 1334 5072 1523 5123; x_wconf 87' lang='lat' dir='ltr'><strong>saltem</strong></span> <span class='ocrx_word' id='word_1_862' title='bbox 1556 5070 1796 5123; x_wconf 80' lang='lat' dir='ltr'><strong>musico-</strong></span> 
     </span>
    </p>
   </div>
   <div class='ocr_carea' id='block_1_129' title="bbox 253 5137 1794 5209">
    <p class='ocr_par' dir='ltr' id='par_1_129' title="bbox 253 5137 1794 5209">
     <span class='ocr_line' id='line_1_130' title="bbox 253 5137 1794 5209; baseline 0.002 -20"><span class='ocrx_word' id='word_1_863' title='bbox 253 5152 370 5190; x_wconf 90' lang='lat' dir='ltr'><strong>rum</strong></span> <span class='ocrx_word' id='word_1_864' title='bbox 426 5146 758 5191; x_wconf 89' lang='lat' dir='ltr'><strong>acromatum</strong></span> <span class='ocrx_word' id='word_1_865' title='bbox 815 5137 1059 5202; x_wconf 85' lang='lat' dir='ltr'><strong>scholas,</strong></span> <span class='ocrx_word' id='word_1_866' title='bbox 1119 5155 1455 5209; x_wconf 76' lang='lat' dir='ltr'><strong>musrcosque</strong></span> <span class='ocrx_word' id='word_1_867' title='bbox 1501 5149 1794 5194; x_wconf 85' lang='lat' dir='ltr'><strong>conventus</strong></span> 
     </span>
    </p>
   </div>
   <div class='ocr_carea' id='block_1_130' title="bbox 323 5305 1488 5376">
    <p class='ocr_par' dir='ltr' id='par_1_130' title="bbox 323 5305 1488 5376">
     <span class='ocr_line' id='line_1_131' title="bbox 323 5305 1488 5376; baseline 0.002 -17"><span class='ocrx_word' id='word_1_868' title='bbox 323 5306 364 5338; x_wconf 77' lang='lat'><strong>“</strong></span> <span class='ocrx_word' id='word_1_869' title='bbox 397 5305 437 5360; x_wconf 93' lang='lat' dir='ltr'><strong>I.</strong></span> <span class='ocrx_word' id='word_1_870' title='bbox 469 5321 542 5376; x_wconf 63' lang='lat' dir='ltr'><strong>xu</strong></span> <span class='ocrx_word' id='word_1_871' title='bbox 567 5305 806 5371; x_wconf 89' lang='lat' dir='ltr'><strong>Bibliot.,</strong></span> <span class='ocrx_word' id='word_1_872' title='bbox 833 5321 887 5376; x_wconf 91' lang='lat' dir='ltr'><strong>p.</strong></span> <span class='ocrx_word' id='word_1_873' title='bbox 912 5306 1036 5360; x_wconf 77' lang='lat' dir='ltr'><strong>3I3.</strong></span> <span class='ocrx_word' id='word_1_874' title='bbox 1137 5309 1182 5340; x_wconf 67' lang='grc' dir='ltr'><strong>δ’</strong></span> <span class='ocrx_word' id='word_1_875' title='bbox 1214 5309 1264 5362; x_wconf 94' lang='lat' dir='ltr'><strong>in</strong></span> <span class='ocrx_word' id='word_1_876' title='bbox 1314 5307 1488 5375; x_wconf 88' lang='lat' dir='ltr'><strong>Brut.,</strong></span> 
     </span>
    </p>
   </div>
   <div class='ocr_carea' id='block_1_131' title="bbox 254 5375 1315 5446">
    <p class='ocr_par' dir='ltr' id='par_1_131' title="bbox 254 5375 1315 5446">
     <span class='ocr_line' id='line_1_132' title="bbox 254 5375 1315 5446; baseline 0.003 -18"><span class='ocrx_word' id='word_1_877' title='bbox 254 5377 299 5446; x_wconf 58' lang='lat' dir='ltr'><strong>f‘</strong></span> <span class='ocrx_word' id='word_1_878' title='bbox 335 5377 370 5428; x_wconf 94' lang='lat' dir='ltr'><strong>l.</strong></span> <span class='ocrx_word' id='word_1_879' title='bbox 408 5391 440 5428; x_wconf 75' lang='grc' dir='ltr'>χ</span> <span class='ocrx_word' id='word_1_880' title='bbox 470 5375 639 5444; x_wconf 70' lang='grc' dir='ltr'><strong>Ρτωι).</strong></span> <span class='ocrx_word' id='word_1_881' title='bbox 687 5375 898 5446; x_wconf 51' lang='lat' dir='ltr'><strong>evang,</strong></span> <span class='ocrx_word' id='word_1_882' title='bbox 926 5394 976 5432; x_wconf 92' lang='lat' dir='ltr'><strong>c.</strong></span> <span class='ocrx_word' id='word_1_883' title='bbox 1011 5377 1065 5440; x_wconf 87' lang='lat'><strong>6,</strong></span> <span class='ocrx_word' id='word_1_884' title='bbox 1093 5389 1148 5433; x_wconf 92' lang='lat' dir='ltr'><strong>et</strong></span> <span class='ocrx_word' id='word_1_885' title='bbox 1186 5381 1222 5432; x_wconf 93' lang='grc' dir='ltr'><strong>ι.</strong></span> <span class='ocrx_word' id='word_1_886' title='bbox 1258 5396 1315 5432; x_wconf 85' lang='grc' dir='ltr'><strong>ιι.</strong></span> 
     </span>
    </p>
   </div>
   <div class='ocr_carea' id='block_1_132' title="bbox 227 5445 756 5512">
    <p class='ocr_par' dir='ltr' id='par_1_132' title="bbox 227 5445 756 5512">
     <span class='ocr_line' id='line_1_133' title="bbox 227 5445 756 5512; baseline 0.008 -16"><span class='ocrx_word' id='word_1_887' title='bbox 227 5445 298 5477; x_wconf 76' lang='grc'><strong>’⁸⁸</strong></span> <span class='ocrx_word' id='word_1_888' title='bbox 342 5448 378 5496; x_wconf 97' lang='grc' dir='ltr'><strong>Ι.</strong></span> <span class='ocrx_word' id='word_1_889' title='bbox 423 5459 495 5510; x_wconf 86' lang='lat' dir='ltr'><strong>tv,</strong></span> <span class='ocrx_word' id='word_1_890' title='bbox 537 5463 588 5512; x_wconf 92' lang='lat' dir='ltr'><strong>p.</strong></span> <span class='ocrx_word' id='word_1_891' title='bbox 628 5447 756 5502; x_wconf 75' lang='lat'><strong>9.89.</strong></span> 
     </span>
    </p>
   </div>
   <div class='ocr_carea' id='block_1_133' title="bbox 252 5515 1118 5586">
    <p class='ocr_par' dir='ltr' id='par_1_133' title="bbox 252 5515 1118 5586">
     <span class='ocr_line' id='line_1_134' title="bbox 252 5515 1118 5586; baseline 0.023 -24"><span class='ocrx_word' id='word_1_892' title='bbox 252 5515 298 5586; x_wconf 57' lang='grc' dir='ltr'><strong>ξξ</strong></span> <span class='ocrx_word' id='word_1_893' title='bbox 333 5516 369 5566; x_wconf 94' lang='lat' dir='ltr'><strong>l.</strong></span> <span class='ocrx_word' id='word_1_894' title='bbox 411 5531 462 5568; x_wconf 79' lang='lat' dir='ltr'><strong>ix</strong></span> <span class='ocrx_word' id='word_1_895' title='bbox 500 5515 879 5586; x_wconf 80' lang='lat' dir='ltr'><strong>Deipnosoplt.,</strong></span> <span class='ocrx_word' id='word_1_896' title='bbox 906 5531 959 5585; x_wconf 81' lang='grc' dir='ltr'><strong>ρ.</strong></span> <span class='ocrx_word' id='word_1_897' title='bbox 993 5519 1118 5573; x_wconf 77' lang='lat'><strong>590-</strong></span> 
     </span>
    </p>
   </div>
   <div class='ocr_carea' id='block_1_134' title="bbox 1541 5309 1819 5380">
    <p class='ocr_par' dir='ltr' id='par_1_134' title="bbox 1541 5309 1819 5380">
     <span class='ocr_line' id='line_1_135' title="bbox 1541 5309 1819 5380; baseline 0.007 -18"><span class='ocrx_word' id='word_1_898' title='bbox 1541 5325 1664 5380; x_wconf 89' lang='lat' dir='ltr'><strong>pag.</strong></span> <span class='ocrx_word' id='word_1_899' title='bbox 1690 5309 1819 5364; x_wconf 75' lang='lat'><strong>217.</strong></span> 
     </span>
    </p>
   </div>
   <div class='ocr_carea' id='block_1_135' title="bbox 1427 5381 2770 5451">
    <p class='ocr_par' dir='ltr' id='par_1_135' title="bbox 1427 5381 2770 5451">
     <span class='ocr_line' id='line_1_136' title="bbox 1427 5381 2770 5451; baseline 0.006 -20"><span class='ocrx_word' id='word_1_900' title='bbox 1427 5381 1556 5451; x_wconf 19' lang='lat' dir='ltr'><strong>&quot;At.</strong></span> <span class='ocrx_word' id='word_1_901' title='bbox 1603 5395 1674 5451; x_wconf 83' lang='lat' dir='ltr'><strong>vn</strong></span> <span class='ocrx_word' id='word_1_902' title='bbox 1735 5381 1922 5434; x_wconf 77' lang='lat' dir='ltr'><strong>Natur.</strong></span> <span class='ocrx_word' id='word_1_903' title='bbox 1982 5383 2198 5445; x_wconf 90' lang='lat' dir='ltr'><strong>histor.,</strong></span> <span class='ocrx_word' id='word_1_904' title='bbox 2261 5395 2313 5436; x_wconf 92' lang='lat' dir='ltr'><strong>c.</strong></span> <span class='ocrx_word' id='word_1_905' title='bbox 2365 5383 2454 5445; x_wconf 83' lang='grc'><strong>56,</strong></span> <span class='ocrx_word' id='word_1_906' title='bbox 2525 5399 2577 5451; x_wconf 91' lang='lat' dir='ltr'><strong>p.</strong></span> <span class='ocrx_word' id='word_1_907' title='bbox 2649 5385 2770 5440; x_wconf 81' lang='grc'><strong>102.</strong></span> 
     </span>
    </p>
   </div>
   <div class='ocr_carea' id='block_1_136' title="bbox 876 5447 2307 5519">
    <p class='ocr_par' dir='ltr' id='par_1_136' title="bbox 876 5447 2307 5519">
     <span class='ocr_line' id='line_1_137' title="bbox 876 5447 2307 5519; baseline 0.001 -19"><span class='ocrx_word' id='word_1_908' title='bbox 876 5447 920 5481; x_wconf 79' lang='grc'><strong>⁸⁸</strong></span> <span class='ocrx_word' id='word_1_909' title='bbox 960 5449 995 5501; x_wconf 96' lang='lat' dir='ltr'><strong>l.</strong></span> <span class='ocrx_word' id='word_1_910' title='bbox 1034 5464 1048 5500; x_wconf 90' lang='grc' dir='ltr'>ι</span> <span class='ocrx_word' id='word_1_911' title='bbox 1083 5449 1356 5514; x_wconf 79' lang='grc' dir='ltr'><strong>ΒώΙίοιΙι.,</strong></span> <span class='ocrx_word' id='word_1_912' title='bbox 1389 5465 1442 5518; x_wconf 92' lang='lat' dir='ltr'><strong>p.</strong></span> <span class='ocrx_word' id='word_1_913' title='bbox 1474 5449 1578 5515; x_wconf 73' lang='lat'><strong>20;</strong></span> <span class='ocrx_word' id='word_1_914' title='bbox 1608 5450 1645 5504; x_wconf 93' lang='lat' dir='ltr'><strong>l.</strong></span> <span class='ocrx_word' id='word_1_915' title='bbox 1690 5465 1766 5515; x_wconf 76' lang='lat' dir='ltr'><strong>tv,</strong></span> <span class='ocrx_word' id='word_1_916' title='bbox 1824 5451 2025 5519; x_wconf 68' lang='lat' dir='ltr'><strong>p.4l9,</strong></span> <span class='ocrx_word' id='word_1_917' title='bbox 2077 5461 2130 5504; x_wconf 90' lang='lat' dir='ltr'><strong>et</strong></span> <span class='ocrx_word' id='word_1_918' title='bbox 2177 5453 2212 5503; x_wconf 93' lang='grc' dir='ltr'><strong>Ι.</strong></span> <span class='ocrx_word' id='word_1_919' title='bbox 2258 5466 2307 5516; x_wconf 83' lang='grc' dir='ltr'><strong>ν,</strong></span> 
     </span>
    </p>
   </div>
   <div class='ocr_carea' id='block_1_137' title="bbox 1194 5521 2068 5575">
    <p class='ocr_par' dir='ltr' id='par_1_137' title="bbox 1194 5521 2068 5575">
     <span class='ocr_line' id='line_1_138' title="bbox 1194 5521 2068 5575; baseline -0.001 -3"><span class='ocrx_word' id='word_1_920' title='bbox 1194 5521 1240 5550; x_wconf 83' lang='grc'><strong>⁸³</strong></span> <span class='ocrx_word' id='word_1_921' title='bbox 1271 5522 1306 5575; x_wconf 95' lang='lat' dir='ltr'><strong>I.</strong></span> <span class='ocrx_word' id='word_1_922' title='bbox 1343 5537 1370 5570; x_wconf 89' lang='lat' dir='ltr'><strong>v</strong></span> <span class='ocrx_word' id='word_1_923' title='bbox 1405 5525 1477 5573; x_wconf 86' lang='lat' dir='ltr'><strong>De</strong></span> <span class='ocrx_word' id='word_1_924' title='bbox 1518 5534 1622 5573; x_wconf 90' lang='lat' dir='ltr'><strong>rer.</strong></span> <span class='ocrx_word' id='word_1_925' title='bbox 1665 5532 1775 5574; x_wconf 85' lang='lat' dir='ltr'><strong>nat.</strong></span> <span class='ocrx_word' id='word_1_926' title='bbox 1822 5532 1946 5573; x_wconf 86' lang='lat' dir='ltr'><strong>ante</strong></span> <span class='ocrx_word' id='word_1_927' title='bbox 1977 5525 2068 5573; x_wconf 78' lang='lat' dir='ltr'><strong>litt.</strong></span> 
     </span>
    </p>
   </div>
   <div class='ocr_carea' id='block_1_138' title="bbox 1903 4441 3456 4516">
    <p class='ocr_par' dir='ltr' id='par_1_138' title="bbox 1903 4441 3456 4516">
     <span class='ocr_line' id='line_1_139' title="bbox 1903 4441 3456 4516; baseline 0.006 -24"><span class='ocrx_word' id='word_1_928' title='bbox 1903 4441 2121 4494; x_wconf 86' lang='lat' dir='ltr'><strong>aliunde</strong></span> <span class='ocrx_word' id='word_1_929' title='bbox 2145 4442 2450 4516; x_wconf 79' lang='lat' dir='ltr'><strong>oriundum,</strong></span> <span class='ocrx_word' id='word_1_930' title='bbox 2479 4456 2542 4495; x_wconf 89' lang='lat' dir='ltr'><strong>ac</strong></span> <span class='ocrx_word' id='word_1_931' title='bbox 2572 4441 3016 4516; x_wconf 73' lang='lat' dir='ltr'><strong>fuisselyricum.</strong></span> <span class='ocrx_word' id='word_1_932' title='bbox 3052 4462 3072 4494; x_wconf 73' lang='grc' dir='ltr'>ι</span> <span class='ocrx_word' id='word_1_933' title='bbox 3108 4449 3199 4515; x_wconf 91' lang='lat' dir='ltr'><strong>qui</strong></span> <span class='ocrx_word' id='word_1_934' title='bbox 3245 4448 3456 4516; x_wconf 86' lang='lat' dir='ltr'><strong>primus</strong></span> 
     </span>
    </p>
   </div>
   <div class='ocr_carea' id='block_1_139' title="bbox 1903 4512 3454 4588">
    <p class='ocr_par' dir='ltr' id='par_1_139' title="bbox 1903 4512 3454 4588">
     <span class='ocr_line' id='line_1_140' title="bbox 1903 4512 3454 4588; baseline 0.006 -26"><span class='ocrx_word' id='word_1_935' title='bbox 1903 4521 2107 4588; x_wconf 75' lang='lat' dir='ltr'><strong>septem</strong></span> <span class='ocrx_word' id='word_1_936' title='bbox 2157 4512 2375 4588; x_wconf 81' lang='lat' dir='ltr'><strong>chordis</strong></span> <span class='ocrx_word' id='word_1_937' title='bbox 2404 4523 2718 4588; x_wconf 82' lang='lat' dir='ltr'><strong>Instructam</strong></span> <span class='ocrx_word' id='word_1_938' title='bbox 2747 4512 2916 4588; x_wconf 82' lang='lat' dir='ltr'><strong>lyram</strong></span> <span class='ocrx_word' id='word_1_939' title='bbox 2950 4516 3098 4588; x_wconf 86' lang='lat' dir='ltr'><strong>fecit,</strong></span> <span class='ocrx_word' id='word_1_940' title='bbox 3126 4512 3210 4588; x_wconf 18' lang='lat' dir='ltr'><strong>&#39;ctﬂ</strong></span> <span class='ocrx_word' id='word_1_941' title='bbox 3247 4512 3454 4588; x_wconf 78' lang='lat' dir='ltr'><strong>lyricos</strong></span> 
     </span>
    </p>
   </div>
   <div class='ocr_carea' id='block_1_140' title="bbox 1905 4580 3456 4653">
    <p class='ocr_par' dir='ltr' id='par_1_140' title="bbox 1905 4580 3456 4653">
     <span class='ocr_line' id='line_1_141' title="bbox 1905 4580 3456 4653; baseline 0.006 -23"><span class='ocrx_word' id='word_1_942' title='bbox 1905 4580 2092 4632; x_wconf 89' lang='lat' dir='ltr'><strong>modos</strong></span> <span class='ocrx_word' id='word_1_943' title='bbox 2124 4582 2328 4653; x_wconf 89' lang='lat' dir='ltr'><strong>primus</strong></span> <span class='ocrx_word' id='word_1_944' title='bbox 2368 4583 2604 4647; x_wconf 80' lang='lat' dir='ltr'><strong>scripsit,</strong></span> <span class='ocrx_word' id='word_1_945' title='bbox 2630 4580 2876 4651; x_wconf 83' lang='lat' dir='ltr'><strong>quamvis</strong></span> <span class='ocrx_word' id='word_1_946' title='bbox 2917 4587 3132 4653; x_wconf 88' lang='lat' dir='ltr'><strong>quidam</strong></span> <span class='ocrx_word' id='word_1_947' title='bbox 3186 4580 3456 4640; x_wconf 71' lang='lat' dir='ltr'><strong>Philamo-</strong></span> 
     </span>
    </p>
   </div>
   <div class='ocr_carea' id='block_1_141' title="bbox 1905 4652 3457 4722">
    <p class='ocr_par' dir='ltr' id='par_1_141' title="bbox 1905 4652 3457 4722">
     <span class='ocr_line' id='line_1_142' title="bbox 1905 4652 3457 4722; baseline 0.006 -22"><span class='ocrx_word' id='word_1_948' title='bbox 1905 4663 2026 4702; x_wconf 89' lang='lat' dir='ltr'><strong>nem</strong></span> <span class='ocrx_word' id='word_1_949' title='bbox 2057 4665 2150 4703; x_wconf 90' lang='lat' dir='ltr'><strong>eos</strong></span> <span class='ocrx_word' id='word_1_950' title='bbox 2183 4652 2462 4717; x_wconf 88' lang='lat' dir='ltr'><strong>scripsisse</strong></span> <span class='ocrx_word' id='word_1_951' title='bbox 2491 4653 2674 4706; x_wconf 82' lang='lat' dir='ltr'><strong>velint.</strong></span> <span class='ocrx_word' id='word_1_952' title='bbox 2716 4671 2735 4703; x_wconf 71' lang='grc' dir='ltr'><strong><em>ι</em></strong></span> <span class='ocrx_word' id='word_1_953' title='bbox 2773 4652 2986 4708; x_wconf 86' lang='lat' dir='ltr'><strong>Pindari</strong></span> <span class='ocrx_word' id='word_1_954' title='bbox 3017 4657 3247 4722; x_wconf 86' lang='lat' dir='ltr'><strong>denique</strong></span> <span class='ocrx_word' id='word_1_955' title='bbox 3276 4667 3457 4710; x_wconf 79' lang='lat' dir='ltr'><strong>aucto-</strong></span> 
     </span>
    </p>
   </div>
   <div class='ocr_carea' id='block_1_142' title="bbox 1906 4717 3479 4793">
    <p class='ocr_par' dir='ltr' id='par_1_142' title="bbox 1906 4717 3479 4793">
     <span class='ocr_line' id='line_1_143' title="bbox 1906 4717 3479 4793; baseline 0.006 -23"><span class='ocrx_word' id='word_1_956' title='bbox 1906 4723 2066 4793; x_wconf 83' lang='lat' dir='ltr'><strong>ritate</strong></span> <span class='ocrx_word' id='word_1_957' title='bbox 2093 4721 2438 4774; x_wconf 72' lang='lat' dir='ltr'><strong>Athenaeus“</strong></span> <span class='ocrx_word' id='word_1_958' title='bbox 2457 4723 2696 4793; x_wconf 84' lang='lat' dir='ltr'><strong>ostendit</strong></span> <span class='ocrx_word' id='word_1_959' title='bbox 2723 4727 3086 4793; x_wconf 78' lang='lat' dir='ltr'><strong>excogitatum</strong></span> <span class='ocrx_word' id='word_1_960' title='bbox 3107 4717 3177 4778; x_wconf 76' lang='lat' dir='ltr'><strong>ab</strong></span> <span class='ocrx_word' id='word_1_961' title='bbox 3201 4741 3265 4780; x_wconf 88' lang='lat' dir='ltr'><strong>eo</strong></span> <span class='ocrx_word' id='word_1_962' title='bbox 3292 4717 3479 4780; x_wconf 74' lang='lat' dir='ltr'><strong>l&#39;uisse&#39;</strong></span> 
     </span>
    </p>
   </div>
   <div class='ocr_carea' id='block_1_143' title="bbox 1901 4789 3458 4855">
    <p class='ocr_par' dir='ltr' id='par_1_143' title="bbox 1901 4789 3458 4855">
     <span class='ocr_line' id='line_1_144' title="bbox 1901 4789 3458 4855; baseline 0.005 -15"><span class='ocrx_word' id='word_1_963' title='bbox 1901 4789 2152 4842; x_wconf 87' lang='lat' dir='ltr'><strong>barbiton</strong></span> <span class='ocrx_word' id='word_1_964' title='bbox 2195 4806 2208 4841; x_wconf 89' lang='lat'><strong>:</strong></span> <span class='ocrx_word' id='word_1_965' title='bbox 2257 4791 2503 4855; x_wconf 83' lang='lat' dir='ltr'><strong>quamvis</strong></span> <span class='ocrx_word' id='word_1_966' title='bbox 2539 4795 2682 4845; x_wconf 88' lang='lat' dir='ltr'><strong>illius</strong></span> <span class='ocrx_word' id='word_1_967' title='bbox 2727 4789 3082 4849; x_wconf 72' lang='lat' dir='ltr'><strong>inventionem</strong></span> <span class='ocrx_word' id='word_1_968' title='bbox 3123 4797 3458 4850; x_wconf 85' lang='lat' dir='ltr'><strong>Anacreonti</strong></span> 
     </span>
    </p>
   </div>
   <div class='ocr_carea' id='block_1_144' title="bbox 1902 4856 3458 4930">
    <p class='ocr_par' dir='ltr' id='par_1_144' title="bbox 1902 4856 3458 4930">
     <span class='ocr_line' id='line_1_145' title="bbox 1902 4856 3458 4930; baseline 0.007 -21"><span class='ocrx_word' id='word_1_969' title='bbox 1902 4856 2195 4930; x_wconf 82' lang='lat' dir='ltr'><strong>Neantheut</strong></span> <span class='ocrx_word' id='word_1_970' title='bbox 2236 4860 2574 4930; x_wconf 63' lang='lat' dir='ltr'><strong>Cyzicmnum</strong></span> <span class='ocrx_word' id='word_1_971' title='bbox 2607 4865 2945 4928; x_wconf 62' lang='lat' dir='ltr'><strong>adiudicasse</strong></span> <span class='ocrx_word' id='word_1_972' title='bbox 2977 4867 3319 4920; x_wconf 79' lang='lat' dir='ltr'><strong>testificetur.</strong></span> <span class='ocrx_word' id='word_1_973' title='bbox 3367 4867 3458 4920; x_wconf 71' lang='lat' dir='ltr'><strong>Vi-</strong></span> 
     </span>
    </p>
   </div>
   <div class='ocr_carea' id='block_1_145' title="bbox 1901 4928 3454 5003">
    <p class='ocr_par' dir='ltr' id='par_1_145' title="bbox 1901 4928 3454 5003">
     <span class='ocr_line' id='line_1_146' title="bbox 1901 4928 3454 5003; baseline 0.005 -23"><span class='ocrx_word' id='word_1_974' title='bbox 1901 4928 2047 5003; x_wconf 78' lang='lat' dir='ltr'><strong>desis</strong></span> <span class='ocrx_word' id='word_1_975' title='bbox 2075 4928 2357 5003; x_wconf 68' lang='lat' dir='ltr'><strong>Erasmum</strong></span> <span class='ocrx_word' id='word_1_976' title='bbox 2387 4930 2586 5000; x_wconf 84' lang='lat' dir='ltr'><strong>Adag.,</strong></span> <span class='ocrx_word' id='word_1_977' title='bbox 2622 4934 2920 5003; x_wconf 9' lang='lat' dir='ltr'><strong>chiliad.rt,</strong></span> <span class='ocrx_word' id='word_1_978' title='bbox 2952 4946 3166 4988; x_wconf 89' lang='lat' dir='ltr'><strong>centur.</strong></span> <span class='ocrx_word' id='word_1_979' title='bbox 3202 4935 3254 4999; x_wconf 85' lang='lat'><strong>6,</strong></span> <span class='ocrx_word' id='word_1_980' title='bbox 3294 4935 3454 5003; x_wconf 81' lang='lat' dir='ltr'><strong>adag.</strong></span> 
     </span>
    </p>
   </div>
   <div class='ocr_carea' id='block_1_146' title="bbox 1900 4997 3456 5064">
    <p class='ocr_par' dir='ltr' id='par_1_146' title="bbox 1900 4997 3456 5064">
     <span class='ocr_line' id='line_1_147' title="bbox 1900 4997 3456 5064; baseline 0.006 -16"><span class='ocrx_word' id='word_1_981' title='bbox 1900 4997 1993 5059; x_wconf 77' lang='grc'><strong>41,</strong></span> <span class='ocrx_word' id='word_1_982' title='bbox 2024 5006 2077 5050; x_wconf 89' lang='lat' dir='ltr'><strong>et</strong></span> <span class='ocrx_word' id='word_1_983' title='bbox 2117 4998 2460 5053; x_wconf 83' lang='lat' dir='ltr'><strong>Plutarchum</strong></span> <span class='ocrx_word' id='word_1_984' title='bbox 2505 4997 2616 5064; x_wconf 79' lang='lat' dir='ltr'><strong>jam</strong></span> <span class='ocrx_word' id='word_1_985' title='bbox 2659 5017 2690 5054; x_wconf 88' lang='lat' dir='ltr'><strong>a</strong></span> <span class='ocrx_word' id='word_1_986' title='bbox 2742 4997 2913 5056; x_wconf 82' lang='lat' dir='ltr'><strong>nobis</strong></span> <span class='ocrx_word' id='word_1_987' title='bbox 2952 5005 3226 5059; x_wconf 88' lang='lat' dir='ltr'><strong>laudatum</strong></span> <span class='ocrx_word' id='word_1_988' title='bbox 3244 4997 3348 5060; x_wconf 88' lang='lat' dir='ltr'><strong>lib.</strong></span> <span class='ocrx_word' id='word_1_989' title='bbox 3378 4997 3456 5058; x_wconf 72' lang='lat' dir='ltr'><strong>De</strong></span> 
     </span>
    </p>
   </div>
   <div class='ocr_carea' id='block_1_147' title="bbox 1903 5068 2708 5137">
    <p class='ocr_par' dir='ltr' id='par_1_147' title="bbox 1903 5068 2708 5137">
     <span class='ocr_line' id='line_1_148' title="bbox 1903 5068 2708 5137; baseline 0.01 -20"><span class='ocrx_word' id='word_1_990' title='bbox 1903 5068 2128 5133; x_wconf 85' lang='lat' dir='ltr'><strong>musica,</strong></span> <span class='ocrx_word' id='word_1_991' title='bbox 2153 5083 2275 5137; x_wconf 80' lang='lat' dir='ltr'><strong>pag.</strong></span> <span class='ocrx_word' id='word_1_992' title='bbox 2312 5069 2449 5123; x_wconf 72' lang='grc'><strong>1140</strong></span> <span class='ocrx_word' id='word_1_993' title='bbox 2471 5079 2526 5124; x_wconf 87' lang='lat' dir='ltr'><strong>et</strong></span> <span class='ocrx_word' id='word_1_994' title='bbox 2553 5073 2708 5125; x_wconf 76' lang='lat' dir='ltr'><strong>IMI.</strong></span> 
     </span>
    </p>
   </div>
   <div class='ocr_carea' id='block_1_148' title="bbox 1972 5138 3457 5211">
    <p class='ocr_par' dir='ltr' id='par_1_148' title="bbox 1972 5138 3457 5211">
     <span class='ocr_line' id='line_1_149' title="bbox 1972 5138 3457 5211; baseline 0.007 -21"><span class='ocrx_word' id='word_1_995' title='bbox 1972 5138 2077 5192; x_wconf 73' lang='lat' dir='ltr'><strong>Sed</strong></span> <span class='ocrx_word' id='word_1_996' title='bbox 2101 5148 2166 5192; x_wconf 87' lang='lat' dir='ltr'><strong>ad</strong></span> <span class='ocrx_word' id='word_1_997' title='bbox 2179 5140 2506 5194; x_wconf 85' lang='lat' dir='ltr'><strong>Clementem</strong></span> <span class='ocrx_word' id='word_1_998' title='bbox 2535 5151 2777 5196; x_wconf 89' lang='lat' dir='ltr'><strong>nostrum</strong></span> <span class='ocrx_word' id='word_1_999' title='bbox 2798 5143 3078 5202; x_wconf 87' lang='lat' dir='ltr'><strong>redeamus</strong></span> <span class='ocrx_word' id='word_1_1000' title='bbox 3101 5160 3148 5198; x_wconf 73' lang='grc' dir='ltr'><strong>ε(</strong></span> <span class='ocrx_word' id='word_1_1001' title='bbox 3165 5141 3284 5200; x_wconf 74' lang='lat' dir='ltr'><strong>1am</strong></span> <span class='ocrx_word' id='word_1_1002' title='bbox 3305 5158 3457 5211; x_wconf 81' lang='lat' dir='ltr'><strong>vero,</strong></span> 
     </span>
    </p>
   </div>
   <div class='ocr_carea' id='block_1_149' title="bbox 1913 5308 2685 5368">
    <p class='ocr_par' dir='ltr' id='par_1_149' title="bbox 1913 5308 2685 5368">
     <span class='ocr_line' id='line_1_150' title="bbox 1913 5308 2685 5368; baseline 0.005 -6"><span class='ocrx_word' id='word_1_1003' title='bbox 1913 5309 1958 5340; x_wconf 73' lang='lat'>“</span> <span class='ocrx_word' id='word_1_1004' title='bbox 1984 5309 2086 5364; x_wconf 93' lang='lat' dir='ltr'><strong>loc.</strong></span> <span class='ocrx_word' id='word_1_1005' title='bbox 2123 5308 2222 5368; x_wconf 87' lang='lat' dir='ltr'><strong>cit.</strong></span> <span class='ocrx_word' id='word_1_1006' title='bbox 2329 5311 2375 5342; x_wconf 73' lang='lat'><strong>“</strong></span> <span class='ocrx_word' id='word_1_1007' title='bbox 2404 5313 2602 5368; x_wconf 82' lang='lat' dir='ltr'><strong>Strom.</strong></span> <span class='ocrx_word' id='word_1_1008' title='bbox 2649 5313 2685 5366; x_wconf 91' lang='grc' dir='ltr'><strong>Ι.</strong></span> 
     </span>
    </p>
   </div>
   <div class='ocr_carea' id='block_1_150' title="bbox 2742 5316 3458 5419">
    <p class='ocr_par' dir='ltr' id='par_1_150' title="bbox 2742 5316 3458 5419">
     <span class='ocr_line' id='line_1_151' title="bbox 2742 5316 3458 5419; baseline 0.007 -4"><span class='ocrx_word' id='word_1_1009' title='bbox 2742 5330 2783 5415; x_wconf 64' lang='grc' dir='ltr'><strong>μυ</strong></span> <span class='ocrx_word' id='word_1_1010' title='bbox 2819 5316 3458 5419; x_wconf 61' lang='lat' dir='ltr'><strong>P-E’Ei;.-.:i.i“1“&#39;§i‘°</strong></span> 
     </span>
    </p>
   </div>
   <div class='ocr_carea' id='block_1_151' title="bbox 2354 5389 3461 5526">
    <p class='ocr_par' dir='ltr' id='par_1_151' title="bbox 2354 5389 3461 5526">
     <span class='ocr_line' id='line_1_152' title="bbox 2365 5389 3460 5460; baseline 0.008 -24"><span class='ocrx_word' id='word_1_1011' title='bbox 2365 5389 2454 5445; x_wconf 75' lang='lat'><strong>56,</strong></span> <span class='ocrx_word' id='word_1_1012' title='bbox 2525 5399 2577 5451; x_wconf 91' lang='lat' dir='ltr'><strong>p.</strong></span> <span class='ocrx_word' id='word_1_1013' title='bbox 2649 5389 2770 5440; x_wconf 79' lang='grc'><strong>102.</strong></span> <span class='ocrx_word' id='word_1_1014' title='bbox 2878 5389 2924 5419; x_wconf 75' lang='grc'><strong>⁸⁸</strong></span> <span class='ocrx_word' id='word_1_1015' title='bbox 2950 5389 3238 5460; x_wconf 81' lang='lat' dir='ltr'><strong>Polyhist.,</strong></span> <span class='ocrx_word' id='word_1_1016' title='bbox 3273 5405 3323 5446; x_wconf 93' lang='lat' dir='ltr'><strong>c.</strong></span> <span class='ocrx_word' id='word_1_1017' title='bbox 3367 5394 3460 5445; x_wconf 91' lang='grc'><strong>11.</strong></span> 
     </span>
     <span class='ocr_line' id='line_1_153' title="bbox 2354 5455 3461 5526; baseline 0.013 -22"><span class='ocrx_word' id='word_1_1018' title='bbox 2354 5468 2405 5521; x_wconf 89' lang='lat' dir='ltr'><strong>p.</strong></span> <span class='ocrx_word' id='word_1_1019' title='bbox 2439 5455 2573 5526; x_wconf 58' lang='lat'><strong>255.</strong></span> <span class='ocrx_word' id='word_1_1020' title='bbox 2694 5456 2738 5485; x_wconf 82' lang='lat'><strong>&quot;</strong></span> <span class='ocrx_word' id='word_1_1021' title='bbox 2764 5456 2802 5509; x_wconf 95' lang='lat' dir='ltr'><strong>I.</strong></span> <span class='ocrx_word' id='word_1_1022' title='bbox 2843 5473 2882 5511; x_wconf 84' lang='lat' dir='ltr'><strong>tt</strong></span> <span class='ocrx_word' id='word_1_1023' title='bbox 2928 5459 3002 5514; x_wconf 87' lang='lat' dir='ltr'><strong>De</strong></span> <span class='ocrx_word' id='word_1_1024' title='bbox 3042 5465 3257 5526; x_wconf 86' lang='lat' dir='ltr'><strong>tnusic.,</strong></span> <span class='ocrx_word' id='word_1_1025' title='bbox 3286 5477 3336 5515; x_wconf 90' lang='lat' dir='ltr'><strong>c.</strong></span> <span class='ocrx_word' id='word_1_1026' title='bbox 3368 5460 3461 5519; x_wconf 82' lang='grc'><strong>10.</strong></span> 
     </span>
    </p>
   </div>
   <div class='ocr_carea' id='block_1_152' title="bbox 2155 5520 3460 5597">
    <p class='ocr_par' dir='ltr' id='par_1_152' title="bbox 2155 5520 3460 5597">
     <span class='ocr_line' id='line_1_154' title="bbox 2155 5520 3460 5597; baseline 0.009 -25"><span class='ocrx_word' id='word_1_1027' title='bbox 2155 5520 2201 5551; x_wconf 70' lang='grc'><strong>⁸⁵</strong></span> <span class='ocrx_word' id='word_1_1028' title='bbox 2223 5522 2259 5575; x_wconf 96' lang='lat' dir='ltr'><strong>l.</strong></span> <span class='ocrx_word' id='word_1_1029' title='bbox 2286 5527 2310 5575; x_wconf 90' lang='grc'><strong>1</strong></span> <span class='ocrx_word' id='word_1_1030' title='bbox 2344 5520 2525 5597; x_wconf 81' lang='lat' dir='ltr'><strong>Antiq.</strong></span> <span class='ocrx_word' id='word_1_1031' title='bbox 2547 5522 2780 5597; x_wconf 71' lang='lat' dir='ltr'><strong>Judaic.,</strong></span> <span class='ocrx_word' id='word_1_1032' title='bbox 2810 5544 2860 5580; x_wconf 95' lang='lat' dir='ltr'><strong>c.</strong></span> <span class='ocrx_word' id='word_1_1033' title='bbox 2891 5529 2944 5580; x_wconf 82' lang='grc'><strong>5.</strong></span> <span class='ocrx_word' id='word_1_1034' title='bbox 3017 5530 3063 5561; x_wconf 79' lang='grc'><strong>⁸⁸</strong></span> <span class='ocrx_word' id='word_1_1035' title='bbox 3097 5520 3339 5597; x_wconf 53' lang='grc' dir='ltr'><strong>(Ξειιίιν,</strong></span> <span class='ocrx_word' id='word_1_1036' title='bbox 3369 5533 3460 5584; x_wconf 72' lang='grc'><strong>21.</strong></span> 
     </span>
    </p>
   </div>
   <div class='ocr_carea' id='block_1_153' title="bbox 252 5584 3464 5664">
    <p class='ocr_par' dir='ltr' id='par_1_153' title="bbox 252 5584 3464 5664">
     <span class='ocr_line' id='line_1_155' title="bbox 252 5584 3464 5664; baseline 0.006 -29"><span class='ocrx_word' id='word_1_1037' title='bbox 252 5584 300 5614; x_wconf 82' lang='grc'><strong>⁵⁸</strong></span> <span class='ocrx_word' id='word_1_1038' title='bbox 593 5584 656 5664; x_wconf 58' lang='lat'><strong>&quot;_’</strong></span> <span class='ocrx_word' id='word_1_1039' title='bbox 698 5584 828 5664; x_wconf 36' lang='lat' dir='ltr'><strong>an-c.</strong></span> <span class='ocrx_word' id='word_1_1040' title='bbox 851 5584 980 5664; x_wconf 75' lang='lat' dir='ltr'><strong>i_ntt.</strong></span> <span class='ocrx_word' id='word_1_1041' title='bbox 1009 5590 1100 5664; x_wconf 55' lang='lat' dir='ltr'><strong>lib:</strong></span> <span class='ocrx_word' id='word_1_1042' title='bbox 1144 5590 1216 5644; x_wconf 89' lang='lat' dir='ltr'><strong>De</strong></span> <span class='ocrx_word' id='word_1_1043' title='bbox 1249 5593 1443 5664; x_wconf 82' lang='lat' dir='ltr'><strong>music,</strong></span> <span class='ocrx_word' id='word_1_1044' title='bbox 1479 5601 1609 5664; x_wconf 75' lang='lat' dir='ltr'><strong>tom.</strong></span> <span class='ocrx_word' id='word_1_1045' title='bbox 1638 5591 1701 5655; x_wconf 95' lang='lat' dir='ltr'><strong>ll,</strong></span> <span class='ocrx_word' id='word_1_1046' title='bbox 1732 5606 1784 5659; x_wconf 92' lang='lat' dir='ltr'><strong>p.</strong></span> <span class='ocrx_word' id='word_1_1047' title='bbox 1814 5591 1975 5664; x_wconf 69' lang='grc'><strong>1152.</strong></span> <span class='ocrx_word' id='word_1_1048' title='bbox 2049 5590 2167 5664; x_wconf 65' lang='lat' dir='ltr'><strong>f&#39;__l_.</strong></span> <span class='ocrx_word' id='word_1_1049' title='bbox 2203 5606 2298 5660; x_wconf 84' lang='lat' dir='ltr'><strong>vit,</strong></span> <span class='ocrx_word' id='word_1_1050' title='bbox 2333 5607 2384 5647; x_wconf 92' lang='lat' dir='ltr'><strong>c.</strong></span> <span class='ocrx_word' id='word_1_1051' title='bbox 2406 5584 2503 5658; x_wconf 72' lang='grc' dir='ltr'><strong>5οξ</strong></span> <span class='ocrx_word' id='word_1_1052' title='bbox 2525 5610 2579 5664; x_wconf 89' lang='lat' dir='ltr'><strong>p.</strong></span> <span class='ocrx_word' id='word_1_1053' title='bbox 2602 5595 2722 5650; x_wconf 84' lang='grc'><strong>105.</strong></span> <span class='ocrx_word' id='word_1_1054' title='bbox 2764 5584 2777 5592; x_wconf 51' lang='grc'><strong>⁷</strong></span> <span class='ocrx_word' id='word_1_1055' title='bbox 2801 5597 2845 5628; x_wconf 74' lang='grc'><strong><em>⁸⁸</em></strong></span> <span class='ocrx_word' id='word_1_1056' title='bbox 2873 5598 3008 5653; x_wconf 82' lang='lat' dir='ltr'><strong>Bibl.</strong></span> <span class='ocrx_word' id='word_1_1057' title='bbox 3045 5584 3167 5655; x_wconf 86' lang='lat' dir='ltr'><strong>cod.</strong></span> <span class='ocrx_word' id='word_1_1058' title='bbox 3202 5584 3464 5664; x_wconf 60' lang='grc' dir='ltr'><strong>δοκίδα,</strong></span> 
     </span>
    </p>
   </div>
   <div class='ocr_carea' id='block_1_154' title="bbox 331 5653 1793 5733">
    <p class='ocr_par' dir='ltr' id='par_1_154' title="bbox 331 5653 1793 5731">
     <span class='ocr_line' id='line_1_156' title="bbox 331 5653 1793 5731; baseline 0.004 -21"><span class='ocrx_word' id='word_1_1059' title='bbox 331 5653 455 5710; x_wconf 66' lang='lat'><strong>986.</strong></span> <span class='ocrx_word' id='word_1_1060' title='bbox 511 5653 554 5684; x_wconf 84' lang='lat'><strong>‘°</strong></span> <span class='ocrx_word' id='word_1_1061' title='bbox 574 5656 637 5708; x_wconf 89' lang='lat' dir='ltr'><strong>ad</strong></span> <span class='ocrx_word' id='word_1_1062' title='bbox 665 5658 818 5712; x_wconf 89' lang='lat' dir='ltr'><strong>verb.</strong></span> <span class='ocrx_word' id='word_1_1063' title='bbox 851 5657 1213 5731; x_wconf 81' lang='grc' dir='ltr'><strong>Τέρπανδρος.</strong></span> <span class='ocrx_word' id='word_1_1064' title='bbox 1288 5661 1329 5692; x_wconf 81' lang='grc'><strong>⁸¹</strong></span> <span class='ocrx_word' id='word_1_1065' title='bbox 1364 5662 1400 5716; x_wconf 95' lang='grc'><strong>1.</strong></span> <span class='ocrx_word' id='word_1_1066' title='bbox 1431 5653 1480 5716; x_wconf 79' lang='lat' dir='ltr'><strong>vt</strong></span> <span class='ocrx_word' id='word_1_1067' title='bbox 1510 5653 1793 5731; x_wconf 64' lang='lat' dir='ltr'><strong>Deipnuso‘</strong></span> 
     </span>
    </p>
   </div>
   <div class='ocr_carea' id='block_1_155' title="bbox 1902 5653 2168 5733">
    <p class='ocr_par' dir='ltr' id='par_1_155' title="bbox 1936 5660 2168 5730">
     <span class='ocr_line' id='line_1_157' title="bbox 1936 5660 2168 5730; baseline -0.004 -15"><span class='ocrx_word' id='word_1_1068' title='bbox 1936 5676 1987 5730; x_wconf 86' lang='lat' dir='ltr'><strong>p.</strong></span> <span class='ocrx_word' id='word_1_1069' title='bbox 2047 5660 2168 5714; x_wconf 77' lang='lat' dir='ltr'><strong>I75.</strong></span> 
     </span>
    </p>
   </div>
   <div class='ocr_carea' id='block_1_156' title="bbox 561 5747 1151 5814">
    <p class='ocr_par' dir='ltr' id='par_1_156' title="bbox 561 5747 1151 5814">
     <span class='ocr_line' id='line_1_158' title="bbox 561 5747 1151 5814; baseline 0.014 -9"><span class='ocrx_word' id='word_1_1070' title='bbox 561 5747 833 5812; x_wconf 71' lang='lat' dir='ltr'><strong>PATROL.</strong></span> <span class='ocrx_word' id='word_1_1071' title='bbox 877 5750 996 5814; x_wconf 82' lang='lat' dir='ltr'><strong>Gn.</strong></span> <span class='ocrx_word' id='word_1_1072' title='bbox 1039 5752 1151 5813; x_wconf 78' lang='lat' dir='ltr'><strong>IX.</strong></span> 
     </span>
    </p>
   </div>
   <div class='ocr_carea' id='block_1_157' title="bbox 3077 5761 3154 5823">
    <p class='ocr_par' dir='ltr' id='par_1_157' title="bbox 3077 5761 3154 5823">
     <span class='ocr_line' id='line_1_159' title="bbox 3077 5761 3154 5823; baseline 0.039 -3"><span class='ocrx_word' id='word_1_1073' title='bbox 3077 5761 3154 5823; x_wconf 56' lang='lat'><strong>£3</strong></span> 
     </span>
    </p>
   </div>
  </div>
