3902 6308
222 290 358 348 1557

1402 285 1491 340 DE
1525 285 1747 341 LIBRIS
1785 285 2234 344 STROMATUM.

3300 287 3440 345 i358

217 433 346 472 vero
377 413 894 490 Pyrrhnm_Achi_liis
919 411 1123 490 illium;
1157 410 1298 490 unde
1337 410 1755 490 salta-‘lionisge-
1795 414 1843 468 A
1872 413 2069 490 tentias
2095 411 2162 466 de
2187 411 2444 490 earminis
2493 413 2697 468 heroici
2752 414 3075 490 hexametri.
3119 434 3282 473 unam
3311 437 3439 477 vero

220 505 320 541 nus
345 479 611 557 queddam
651 482 1023 558 Pyrrhichiam
1071 481 1372 558 nominant.
1399 499 1426 558 _i
1458 479 1764 558 Posteriora

219 550 432 625 quidem
467 550 994 628 liujusce'scripioris
1024 551 1186 628 verba
1217 550 1481 628 Metti-sius
1521 550 1762 612 exhibet,

221 621 311 683 ubi
345 629 508 683 multa
536 621 601 681 ile
648 624 934 698 pyrrhiche
963 621 1362 698 congerit._Sed
1396 636 1494 675 nos
1522 635 1764 698 remmo-

221 700 467 755 nefacere
499 691 724 754 dcbehat
755 697 822 750 ab
873 692 966 747 illo
1006 691 1329 761 pyrrhichen
1384 705 1506 744 cum
1562 691 1764 760 hypor-

219 772 467 825 chemate
504 768 779 827 confundi,
801 763 1045 832 quamvis
1076 761 1165 815 illa
1197 761 1491 816 Athenaeus
1525 762 1762 829 apertis-

216 840 353 894 sime
387 839 695 894 distinxisse
726 837 989 891 videatur.

289 911 548 964 Praeterea
575 909 822 963 Clemens
866 902 1068 958 addidit
1095 903 1142 934 ⁸⁸
1184 920 1200 958 :
1251 919 1270 952 ι
1307 900 1520 971 Νόμους
1554 901 1761 970 primos

214 980 407 1033 cecinit
439 981 490 1032 in
534 979 702 1031 choro
741 984 794 1031 et
830 976 1038 1030 cithara
1079 973 1396 1028 Timotheus
1440 973 1704 1031 Milesius.
1736 991 1755 1022 ι

213 1050 411 1104 Verum
445 1048 700 1103 Ilervetus
735 1048 983 1113 opinatur
1020 1044 1109 1113 qui
1143 1046 1254 1098 haec
1291 1043 1488 1096 dixerit
1531 1041 1760 1113 inveniri

209 1134 369 1185 posse
407 1118 699 1174 nemiuem.
739 1112 874 1184 Quid
902 1131 1030 1186 ergo
1045 1112 1155 1186 sibi
1189 1113 1370 1168 volunt
1406 1113 1518 1186 haec
1548 1112 1762 1186 Plutarf

209 1183 298 1243 chi
322 1190 386 1243 de
410 1188 694 1242 Timotheo
709 1183 868 1242 verba
890 1187 936 1217 ⁸⁸
951 1183 1007 1240 τί
1035 1185 1186 1252 Quod
1211 1194 1388 1236 autem
1407 1183 1758 1253 cytharmdici

211 1261 355 1313 nomi
383 1259 683 1328 antiquitus
711 1273 778 1313 ex
826 1256 1058 1328 heroicis
1104 1254 1348 1328 versibus
1395 1254 1758 1328 constiterint,

210 1323 532 1384 Timotheus
568 1326 887 1387 declaravit,
928 1327 1016 1394 qui
1065 1325 1267 1394 primus
1299 1339 1488 1394 nemos
1526 1323 1760 1379 heroicis

209 1401 556 1468 permiscens,
585 1393 1033 1468 dithyrambicam
1063 1393 1663 1468 caiitavitedictionem;
1691 1410 1758 1449 ne

206 1463 379 1539 prima
409 1469 584 1539 fronte
613 1463 884 1523 videretur
913 1477 1159 1539 veterem
1190 1465 1448 1539 musicam
1477 1463 1698 1539 violare.
1731 1484 1751 1518 ι

206 1533 384 1608 Atque
410 1549 467 1593 ut
503 1538 749 1594 Proclnm
779 1539 844 1592 de
873 1538 956 1590 his
984 1535 1144 1607 paulo
1174 1533 1460 1588 obscurius
1487 1534 1757 1608 disseren-

209 1607 314 1662 tem
343 1610 386 1640 "
424 1611 642 1664 missum
676 1608 954 1667 faciamus.
1007 1619 1182 1660 nonne
1232 1613 1460 1658 mentem
1491 1619 1643 1658 suam
1691 1607 1758 1660 de

207 1681 291 1733 his
328 1679 564 1744 Boetius,
613 1680 677 1732 ad
727 1694 885 1744 quem
924 1677 1190 1730 llervetus
1249 1689 1344 1728 nos
1385 1675 1569 1735 mittit,
1624 1677 1756 1730 satis

1869 483 2136 558 duntaxat
2160 481 2254 558 _d_e
2305 491 2613 558 poematum
2654 495 2876 558 auetore
2934 489 3016 542 sic
3065 491 3317 558 proponit
3349 495 3438 549 οδε

1874 569 1892 602 ι
1934 552 2099 605 Aiunt
2160 549 2530 606 Phanotheam
2587 552 2744 607 Icarii
2797 570 3021 611 uxorem
3066 549 3344 618 invenisse
3382 565 3442 617 τὸ

1865 621 2140 694 ἡρῷον-τὸ
2183 621 2503 694 ἑξάμετρον,
2554 625 2830 678 heroicum
2882 627 3303 686 hexametrum:
3348 635 3440 688 alii

1867 691 2300 768 vero_Thnniiin,
2343 691 2503 768 unam
2532 710 2605 768 ex
2628 694 3008 768 Titanidibus;
3046 699 3306 768 Didymus
3339 719 3443 758 au-

1863 771 1970 816 tem
2002 763 2054 816 in
2076 761 2212 816 libro
2246 761 2319 815 De
2347 763 2673 830 philosophia
2707 765 2872 820 refert
2895 761 3118 823 Theano
3146 761 3440 827 Crotonia-

1865 834 2288 910 tiilemiprimam
2322 848 2388 887 ex
2427 835 2744 910 muiierihus
2774 852 2894 890 esse
2922 839 3354 910 philosophatum
3384 851 3442 897 et

1863 903 2147 972 scripsisse
2204 913 2474 972 poemata.
2524 904 2666 958 Nihil
2719 903 3019 964 autem'de
3054 903 3147 965 his
3182 913 3440 968 omnibus

1862 971 2302 1028 sibi’occurrisse
2337 971 2602 1030 llervetns
2628 974 2848 1031 fatetur.
2878 979 2950 1032 De
2977 981 3294 1036 hexametro
3323 991 3440 1036 tan-

1865 1053 1975 1114 inm
2007 1044 2247 1114 carmine
2280 1044 2568 1114 utaliquiil
2598 1049 2861 1110 comperti
2906 1050 3226 1111 habeamus.
3253 1053 3344 1106 ille
3369 1054 3438 1108 ad

1864 1113 2183 1188 Polydorum
2207 1113 2495 1188 Vergilium
2513 1117 2585 1188 9F,
2609 1126 2664 1170 et
2707 1118 2794 1173 hic
2821 1119 3086 1188 Vergilius
3112 1123 3177 1176 ad
3203 1122 3436 1178 Plinium

1862 1183 2171 1239 nos'mittit.
2197 1183 2266 1238 At
2295 1184 2503 1238 Plinius
2538 1187 2653 1240 haec
2673 1183 2952 1246 dnntaxaf
2968 1192 3034 1244 de
3060 1193 3282 1250 heroico
3307 1209 3433 1248 car-

1861 1257 2006 1334 mine
2041 1254 2278 1334 posteris
2303 1254 2542 1334 prodidit
2565 1258 2613 1334 9f
2642 1275 2655 1312 :
2692 1277 2728 1334 «_
2750 1258 2978 1334 Versum
3019 1262 3305 1334 heroicum
3331 1264 3435 1334 Py-

1861 1325 1973 1379 thio
1996 1326 2218 1379 oraculo
2249 1325 2509 1380 debemus
2530 1326 2730 1388 ;ihaud
2754 1330 2914 1384 dubie
2939 1332 3065 1399 quia
3097 1334 3200 1389 hoc
3233 1325 3438 1389 carm'i-

1863 1411 1990 1448 num
2046 1411 2242 1465 genere
2304 1410 2557 1464 responsa
2619 1413 2714 1452 sna
2776 1401 3057 1456 reddebat.
3117 1405 3312 1459 Verum
3369 1407 3438 1462 de

1859 1465 2162 1538 Phemonoe
2212 1467 2351 1520 idem
2418 1477 2602 1522 narrat
2668 1468 2984 1538 Pausanias,
3045 1474 3138 1538 qui
3209 1473 3434 1532 Olenem

1860 1537 2208 1611 nihilominus
2235 1545 2364 1590 ante
2404 1551 2603 1611 omnes
2622 1538 2760 1595 alios
2789 1541 3019 1610 primum
3053 1537 3135 1598 his
3155 1547 3431 1611 versibus,

1857 1605 1950 1660 sed
1979 1608 2210 1674 quod-iui
2255 1616 2460 1659 tantum
2491 1607 2543 1660 in
2590 1609 2707 1664 loco
2744 1605 3098 1668 vaticinatum
3133 1613 3302 1670 fuisse
3350 1605 3432 1673 sie

1859 1676 2102 1742 perhibet
2133 1677 2213 1731 ’τε
2250 1696 2268 1728 ι
2297 1676 2526 1731 Maxima
2557 1693 2684 1735 vero
2710 1680 2814 1735 fuit
2840 1684 3077 1738 nominis
3111 1685 3430 1742 celebritate

203 1765 392 1827 aperte
438 1745 763 1827 declaravit?
802 1765 822 1798 ‹
871 1747 1133 1812 Quoniam
1166 1760 1312 1808 vero,
1344 1745 1521 1827 inquit
1546 1745 1615 1809 ⁸⁸,
1664 1745 1755 1801 Ti-
1784 1763 1827 1818 Β
1859 1746 2188 1827 Phemonoe,
2225 1755 2280 1800 ut
2314 1763 2436 1827 quae
2463 1747 2548 1827 dei
2594 1749 2862 1827 interpres
2889 1754 3063 1827 prima
3099 1754 3284 1816 fuerit,
3317 1759 3432 1827 pri-

206 1821 455 1875 motheus
496 1821 732 1875 Milesius
781 1833 940 1886 super
974 1832 1252 1886 eas,equas
1283 1823 1407 1869 ante
1455 1828 1752 1883 repererat,

206 1905 368 1942 unum
406 1890 609 1944 addidit
635 1885 880 1951 nervum,
907 1902 969 1942 ac
1001 1885 1440 1953 multipliciorem
1490 1887 1750 1943 musicam

205 1959 354 2028 iecit,
402 1975 629 2028 exegere
678 1961 744 2014 de
784 1957 1074 2019 Laconica.
1117 1955 1528 2028 consultumque
1574 1958 1641 2028 de
1689 1975 1755 2015 eo

204 2025 404 2083 factum
455 2025 557 2084 est.
587 2048 606 2082 ι
654 2028 806 2096 Quod
854 2028 1068 2096 quidem
1105 2025 1410 2082 consultum
1453 2027 1544 2081 ille
1568 2027 1754 2084 Gricce

204 2108 572 2168 reprzrseutat,
611 2109 667 2154 et
709 2099 965 2153 continuo
1016 2097 1130 2153 lucc
1174 2097 1485 2168 subnectit:
1525 2115 1544 2148 ‹
1599 2099 1753 2166 Quod

203 2165 510 2224 consultum
544 2171 593 2224 id
626 2171 836 2225 scilicet
877 2169 1164 2222 continet:
1217 2165 1422 2221 Idcirco
1467 2165 1752 2226 Timotheo

205 2237 409 2294 Milesio
435 2238 737 2309 Spartiatas
763 2239 1158 2302 succensuissc,
1202 2237 1345 2308 quod
1405 2239 1751 2308 multiplicem

207 2311 466 2364 musicam
491 2311 736 2380 reddens,
769 2324 1052 2380 puerorum
1079 2311 1295 2371 animis,
1312 2323 1445 2380 quos
1471 2322 1754 2377 acceperat

205 2381 546 2444 erudiendos,
581 2378 839 2447 olliceret,
867 2388 920 2432 et
952 2396 982 2432 a
1034 2380 1248 2433 virtutis
1291 2378 1448 2448 291
1491 2383 1750 2437 modestia

205 2450 544 2520 prwpediret,
591 2461 645 2505 et
677 2453 816 2520 quod
867 2449 1223 2514 harmoniam,
1256 2466 1415 2518 quam
1452 2451 1750 2508 modestam

202 2533 534 2590 susceperat,
565 2521 617 2577 in
665 2535 831 2589 genus
870 2521 1281 2583 chromaticum,
1313 2522 1456 2588 quod
1485 2531 1567 2576 est
1612 2524 1740 2578 mol-

204 2591 326 2653 lius,
360 2595 662 2646 evertisset.
710 2611 727 2644 ι
763 2593 1096 2658 Quapropter
1128 2591 1180 2642 in
1241 2591 1486 2645 eumdem
1532 2605 1750 2649 sensum

201 2661 648 2716 scribitSiiidas:
685 2679 704 2714 ι
741 2662 1054 2715 Timotheus
1085 2659 1437 2722 Thersandri,
1485 2663 1568 2717 vel
1615 2663 1749 2719 Neo~

203 2733 359 2800 mysi,
396 2731 479 2785 vel
510 2731 816 2800 Philopodis
840 2732 1247 2802 lilius,lyricus,
1271 2729 1362 2799 qui
1391 2731 1656 2786 decimam
1697 2745 1752 2790 et

203 2801 540 2856 undecimam
587 2803 846 2872 chordam
905 2801 1110 2854 addidit
1165 2801 1316 2872 lyrae,
1357 2811 1412 2872 et
1476 2804 1748 2872 antiquam

205 2875 460 2924 musicam
491 2873 554 2926 ad
607 2871 904 2924 mollierem
943 2872 1160 2924 modum
1205 2870 1461 2924 traduxit.
1494 2870 1621 2927 Fuit
1657 2891 1752 2927 att-

206 2949 313 2994 tem
345 2941 674 3014 ietnporibus
702 2941 1207 3014 Euripidistragici,
1238 2941 1433 3014 quibus
1461 2953 1516 2995 et
1539 2944 1749 3014 Philip-

204 3025 303 3080 pus
343 3009 559 3065 Macedo
587 3013 864 3079 regnabat.
895 3011 1039 3064 Obiit
1067 3022 1248 3063 autent
1279 3012 1452 3066 tctatis
1484 3028 1626 3067 anno
1656 3009 1746 3070 9⁷7.

203 3081 433 3149 Scripsit
456 3085 700 3136 versibus
715 3084 908 3136 modos
932 3083 1164 3134 musicos
1188 3081 1273 3144 l9,
1303 3085 1592 3149 parteinias
1616 3085 1701 3140 58.
1725 3104 1742 3136 ι

199 3153 391 3208 Nonne
428 3162 606 3205 autent
641 3155 752 3205 hinc
790 3151 968 3206 omnia
996 3153 1040 3204 si
1087 3149 1348 3205 llervetus
1377 3151 1618 3221 legisset,
1657 3169 1750 3210 aut

199 3226 272 3278 ad
301 3238 363 3276 ea
404 3223 546 3277 serio
591 3223 832 3276 animum
860 3222 1199 3284 advertisset,
1232 3224 1298 3276 ad
1328 3227 1752 3280 continuandam

198 3303 295 3347 aut
328 3291 698 3347 illustrandam
728 3291 1020 3348 Clementis
1051 3293 1220 3347 nostri
1253 3303 1488 3346 mentem
1509 3295 1756 3350 sullicere

197 3365 250 3418 ei
283 3363 584 3418 debebant?
637 3365 926 3417 Athenaius
971 3376 1131 3429 porro
1161 3364 1204 3394 δ’
1251 3379 1352 3416 non
1399 3366 1568 3419 semel
1601 3369 1756 3432 hujus

202 3435 448 3506 meminit
474 3433 767 3506 Timothei,
791 3438 984 3506 dequo
1008 3433 1264 3506 legendus
1293 3443 1376 3489 est
1406 3433 1627 3492 Vossius
1656 3440 1750 3492 lib.

200 3503 440 3575 Depoet.
469 3501 662 3570 (ἔταξα,
693 3521 811 3575 pag.
843 3505 930 3558 46.

273 3574 504 3642 Scriptis
551 3573 782 3638 dennnn'
815 3577 927 3630 haec
963 3573 1212 3630 Clemens
1250 3585 1435 3632 noster
1479 3577 1698 3632 tradidit
1735 3595 1750 3634 :

206 3664 228 3699 ι
264 3647 610 3718 Cappadoces
657 3648 816 3718 primi
865 3646 1188 3718 invenerunt
1235 3647 1284 3698 id
1333 3650 1474 3718 quod
1514 3649 1753 3702 nablium

200 3720 516 3787 appellatur,
542 3717 633 3770 τὸν
663 3714 872 3770 νάϐλαν
920 3714 1272 3786 καλούμενον,
1308 3714 1754 3787 qdemadmodum

199 3787 407 3856 Assyrii
435 3803 647 3856 quoque
677 3789 992 3842 dichordon.
1023 3805 1044 3838 ι
1075 3789 1158 3858 Ah
1186 3789 1307 3842 aliis
1327 3800 1528 3853 tamen,
1561 3803 1754 3858 nempe

202 3876 231 3911 a
258 3857 624 3928 thnicibus,
655 3858 784 3911 illud
808 3861 1083 3912 inventum
1113 3857 1280 3913 fuisse
1321 3859 1581 3928 testisest
1613 3859 1754 3928 apud

201 3930 516 3998 Atliemeum
549 3927 774 3998 Sopater
805 3945 819 3983 :
853 3930 871 3980 ι
903 3928 1130 3991 Nablaii,
1165 3929 1344 3997 inquit
1368 3929 1412 3960 ⁹⁰
1437 3924 1561 3987 ille,
1583 3924 1756 3997 Stipa-

205 4010 287 4053 ter
330 3995 573 4054 Parodus
624 3995 676 4053 in
716 4011 981 4069 poemate,
1008 3999 1093 4052 cui
1137 3995 1324 4053 titulus
1354 4007 1437 4053 est
1471 3995 1674 4062 Portw,
1721 4013 1753 4051 a

203 4069 548 4126 Phtnnicibus
607 4071 881 4126 inventum
939 4070 1108 4124 fuisse
1155 4071 1365 4123 scribit.
1421 4089 1440 4122 ι
1495 4070 1752 4123 Euiudeni

200 4142 516 4196 Athenaeum
559 4141 696 4195 libro
720 4158 749 4194 a
791 4141 947 4196 nobis
984 4141 1200 4194 laudato
1223 4140 1292 4203 ³⁸,
1323 4147 1484 4208 atque
1510 4139 1604 4194 lib.
1638 4154 1752 4204 xiv,

201 4229 322 4282 pag.
347 4213 449 4266 625
472 4223 525 4266 et
554 4227 706 4282 seqq.
732 4211 1015 4282 consulere
1040 4210 1240 4277 poteris
1263 4220 1371 4282 tam
1399 4213 1465 4264 de
1488 4210 1610 4282 aliis
1637 4227 1754 4264 mu-

201 4280 344 4338 Sices
369 4280 762 4347 instrumentis,
788 4298 948 4352 quam
980 4281 1044 4334 de
1065 4282 1227 4352 variis
1259 4280 1403 4352 illius
1440 4281 1635 4344 modis,
1687 4283 1754 4334 de

199 4356 393 4421 quibus
417 4352 667 4407 Clemens
695 4349 890 4408 ibidem
924 4352 1140 4405 disserit
1162 4351 1229 4404 ⁹¹.
1266 4349 1451 4420 Neque
1496 4361 1545 4404 te
1575 4354 1752 4419 pigeat

199 4427 351 4479 adire
389 4425 692 4479 Casauboni
741 4426 790 4478 in
821 4429 915 4478 hos
947 4422 1189 4489 Athenaei
1218 4422 1387 4476 libros
1415 4423 1752 4474 animadver-

199 4511 400 4562 Siones,
449 4504 611 4561 atque
659 4494 820 4548 etiam
862 4491 1205 4546 Plutarchum
1249 4492 1384 4546 libro
1407 4493 1484 4543 De
1526 4491 1751 4562 nimico,

203 4559 447 4620 Boetium
499 4559 637 4616 lihro
676 4566 836 4619 etiam
869 4564 942 4617 De
975 4564 1197 4625 musica,
1244 4577 1362 4631 cap.
1403 4561 1506 4626 56;
1549 4559 1752 4614 Julium

202 4637 472 4690 l’ollucem
517 4635 610 4685 lib.
648 4649 696 4687 tv
747 4634 1044 4699 0n0inust.,
1091 4648 1212 4702 cap.
1274 4637 1305 4685 ll
1348 4644 1403 4686 et
1457 4633 1553 4695 il);
1589 4631 1752 4702 Puly-

202 4711 395 4759 dorum
429 4704 716 4772 Vergilium
749 4706 840 4759 lib.
865 4717 892 4758 ι·
929 4705 1001 4756 De
1039 4703 1302 4757 incentor.
1334 4719 1465 4770 rer.,
1513 4718 1633 4772 cap.
1687 4702 1754 4758 14

201 4789 255 4830 et
288 4774 374 4829 15.

720 4864 1106 4922 ARTICULUS
1163 4867 1227 4922 V.

201 4959 278 5015 De
302 4959 650 5014 inventoribus
679 4959 922 5012 carminis
955 4960 1262 5022 hexametri,
1287 4960 1550 5027 tragizdia:
1575 4971 1622 5014 et
1663 4977 1752 5015 co-

375 5033 598 5094 mazdiw,
639 5047 700 5081 ac
726 5030 842 5098 quis
873 5030 1073 5098 primus
1109 5030 1301 5084 librant
1329 5033 1579 5084 ediderit.

266 5121 384 5176 Jam
411 5121 624 5189 quidem
657 5120 841 5182 multa,
874 5134 991 5187 quae
1024 5121 1093 5174 ad
1126 5129 1298 5173 artem
1321 5122 1586 5188 poeticam
1617 5119 1748 5173 atti-

201 5204 353 5256 nent,
399 5193 485 5246 hic
511 5193 578 5245 de
604 5190 805 5244 musica
835 5191 1189 5259 disputantes,
1219 5199 1274 5244 et
1319 5191 1443 5243 alibi
1482 5192 1750 5259 perstrin-

198 5278 374 5317 ximus
401 5261 464 5316 ⁸³.
499 5263 571 5315 At
598 5269 858 5330 preeterea
901 5261 1082 5316 varias
1109 5260 1356 5316 Clemens
1390 5274 1579 5316 n0ster
1624 5276 1750 5316 sen-

270 5476 315 5510 ⁸³
341 5475 564 5548 p.308.
599 5547 604 5548 ί
635 5477 682 5510 ⁸⁸
720 5485 852 5532 tom.
889 5477 956 5541 ll,
987 5477 1024 5534 1.
1060 5478 1134 5532 De
1175 5477 1392 5542 music.,
1434 5493 1488 5546 p.
1524 5477 1681 5533 “'52.

1785 5476 1827 5508 ⁸⁷
1859 5474 1996 5532 Bibl.
2043 5477 2146 5533 loc.
2176 5487 2272 5532 ett.

1858 1817 2124 1895 inactiam
2150 1819 2382 1895 senariis
2403 1817 2970 1895 loqgioriiius'oracula
2990 1817 3430 1895 decantarit,'xat

1854 1887 2044 1966 ῖερὼεη
2070 1887 2135 1966 fre
2153 1887 2450 1966 ξξᾶμετρον
2474 1889 2606 1966 fias;
2642 1889 2771 1966 Βῳο
2803 1901 2984 1966 tamen
3013 1895 3262 1966 indigena
3301 1887 3432 1952 'inu-

1857 1955 1955 2038 iier
1989 1955 2227 2038 Delphis,
2255 1955 2454 2029 hymno
2481 1955 2798 2038 composito,
2828 1955 3190 2038 aiiveiias,iiab
3221 1965 3433 2038 Hyper-

1856 2029 2038 2100 boreis
2072 2028 2363 2100 prolectus,
2401 2029 2682 2100 oraculum
2727 2032 2958 2100 Apollini
2997 2028 3432 2093 dedicassétra-

1857 2099 2016 2172 didit,
2043 2115 2162 2172 eum
2185 2098 2339 2172 alios,
2370 2109 2496 2172 tum
2519 2099 2710 2164 Olena,
2737 2098 2828 2172 qui
2871 2104 3076 2171 printus
3100 2107 3432 2164 vaticinatus

1855 2185 1919 2224 eo
1957 2171 2026 2246 in_
2057 2170 2176 2223 loco
2191 2168 2386 2246 [ιιιξιηιι2
2418 2170 2730 2246 primusque
2753 2168 3022 2246 senarios
3053 2175 3324 2246 longiores
3349 2193 3434 2233 re—

1855 2240 2076 2316 per_erit,
2123 2238 2311 2316 ῖοᾷξᾳν
2342 2239 2398 2291 δὲ
2445 2240 2845 2316 turritis-uelim
2879 2244 3114 2316 πρῶτον,
3146 2238 3252 2316 iga!
3299 2246 3426 2316 ᾆσαι

1854 2305 2066 2384 agam
2097 2310 2158 2363 τὸ
2173 2305 2503 2384 Αέξάμετράν.
2535 2330 2555 2384 i
2598 2311 2820 2384 Proclus
2850 2305 2976 2369 vero
3003 2305 3144 2384 apud
3172 2305 3428 2373 Photium

1946 2383 2134 2435 eadem
2172 2379 2476 2457 Phemonoe
2507 2382 2552 2414 ³⁸
2581 2397 2595 2434 :
2622 2401 2639 2432 ι
2679 2383 2863 2457 Meles,
2884 2385 2982 2449 ait,
3011 2379 3185 2454 primo
3227 2391 3432 2457 reperit

1854 2449 2179 2513 Phemonoe,
2215 2451 2478 2521 Apollinis
2508 2455 2785 2518 sacerdos,
2834 2449 3168 2512 hexametris
3196 2449 3427 2514 oracula

1855 2523 2080 2593 reddere
2105 2521 2283 2574 solita.
2322 2539 2344 2593 i
2382 2522 2642 2578 Eusebius
2674 2525 2906 2593 denique
2944 2526 3268 2582 Pausaniam
3299 2546 3428 2586 cum

1852 2590 2028 2667 Plinio
2071 2591 2156 2667 his
2185 2591 2379 2667 paucis
2406 2590 3058 2667 verbisArecoiiciliavisse
3100 2598 3424 2667 quibusdam

1853 2660 2079 2735 fortasse
2112 2660 2380 2735 videbitur
2405 2662 2450 2693 ⁸³
2483 2679 2508 2735 :7
2531 2680 2550 2712 ‹
2588 2663 2740 2735 Apud
2770 2662 3024 2734 Pythium
3061 2660 3212 2723 va'tes
3252 2669 3426 2735 prima

1852 2729 2159 2785 Phemonoe
2213 2731 2541 2787 hexametris
2603 2729 2852 2789 versibus
2917 2735 3098 2792 futura
3159 2729 3428 2794 cecinisse

1850 2811 2188 2879 narratur.)
2227 2799 2463 2879 Uterque
2503 2802 2648 2856 enim
2685 2803 2797 2879 lizec
2824 2805 2890 2859 de
2917 2805 3228 2879 Phemonoe
3261 2823 3428 2879 gene-

1852 2873 2033 2930 ratim,
2061 2871 2315 2939 nullaque
2341 2873 2522 2924 addita
2547 2873 2869 2940 exceptione
2894 2878 3232 2940 pronuntiat.

1921 2941 2128 3016 Verum
2155 2941 2207 2995 hi
2240 2941 2556 3016 scriptores,
2604 2943 2811 3016 inquiet
2845 2945 3066 3014 aliquis,
3109 2946 3271 3016 plane
3318 2965 3425 3006 non

1850 3012 2035 3067 dicunt
2075 3010 2414 3065 Phemonoen
2453 3010 2754 3066 hexametri
2785 3010 3047 3070 carminis
3077 3010 3202 3071 esse
3234 3019 3430 3074 inven-

1853 3083 2066 3143 tricem,
2118 3082 2212 3136 sed
2272 3083 2585 3136 hexametro
2627 3084 2868 3140 carmine
2900 3085 3117 3142 dedisse
3150 3089 3216 3144 de
3263 3091 3429 3147 rebus

1856 3152 2054 3228 futuris
2092 3152 2313 3228 gracula
2350 3160 2404 3205 et
2434 3153 2711 3228 vaticinin.
2746 3154 2948 3210 Deinde
2969 3173 3106 3228 _vero
3151 3159 3428 3228 Clemens,
3457 3159 3466 3166 ’

1856 3239 1961 3277 non
1999 3222 2065 3276 de
2092 3221 2420 3288 Phemonoe,
2445 3222 2536 3276 sed
2571 3222 2637 3278 de
2663 3221 2938 3281 Phanotea
2968 3225 3121 3282 lcarii
3153 3244 3324 3285 uxore
3350 3221 3425 3285 lo;

1853 3293 2055 3369 quitur.
2089 3292 2346 3369 lJtraque
2371 3303 2551 3347 autem
2588 3295 2654 3369 ah
2701 3295 2792 3369 illo
2821 3307 3006 3369 aperte
3045 3299 3423 3369 distinguitur.

1854 3362 1988 3418 Nam
2027 3364 2164 3434 iul'ra
2192 3364 2255 3415 de
2291 3361 2740 3434 Phemonoeﬁhaec
2773 3361 2942 3434 ipsius
2991 3377 3120 3421 sunt
3149 3361 3313 3424 verba
3349 3370 3367 3400 ⁸
3406 3387 3422 3423 :

1859 3453 1878 3487 ι
1913 3436 2066 3500 Quod
2119 3433 2164 3486 si
2217 3433 2338 3500 quis
2399 3435 2543 3486 dicat
2591 3433 2934 3503 Phemonoen
2983 3440 3214 3503 primam
3264 3440 3425 3494 Acri-

1857 3506 1938 3591 sio
1986 3518 2240 3572 responsa
2273 3503 2509 3591 dedisse,
2555 3501 2776 3585 πρώτην
2808 3501 3200 3591 χρηςιέίῳδῆσαι
3237 3507 3428 3591 Ἄχρι,-

1856 3575 1976 3647 eice.
2013 3584 2152 3628 seiat
2194 3575 2333 3647 quod
2365 3579 2755 3647 septem_a_unis
2787 3575 2911 3642 post
2940 3575 3289 3647 Pli'eiiinnoen
3324 3575 3428 3632 fuit

1856 3641 2126 3712 Orpheus,
2149 3641 2471 3716 etblusagus,
2505 3652 2559 3697 et
2576 3641 2745 3699 Linus
2769 3641 3070 3716 praeceptor
3098 3645 3366 3703 Herculis.
3401 3667 3422 3702 ι

1858 3716 2130 3787 Responsa
2152 3725 2350 3787 autem
2374 3714 2464 3767 illa
2492 3725 2651 3787 erant
2682 3716 2924 3777 oracula,
2948 3714 3079 3786 quae
3103 3717 3424 3787 scriptores.

1855 3802 1884 3838 a
1949 3782 2375 3855 nobis_laudati,
2422 3799 2452 3837 a
2505 3782 2838 3849 Phemonoe,
2873 3782 3034 3855 quam
3077 3782 3244 3855 paulo
3284 3789 3427 3844 infra

1855 3857 2067 3909 vatibus
2100 3853 2348 3908 Clemens
2397 3853 3248 3923 annumeraverah'hexametris
3303 3875 3427 3912 ver-

1853 3927 2004 3979 sibus
2028 3924 2238 3978 reddita
2265 3923 2435 3978 fuisse
2459 3924 2748 3979 allirmant.
2781 3929 2851 3980 At
2879 3929 2923 3981 si
2951 3928 3066 3982 hzec
3096 3929 3305 3994 opinio,
3336 3931 3423 3983 cui

1857 4004 2035 4065 tamen
2091 3995 2159 4049 de
2219 3995 2534 4063 praescripto
2594 4007 2838 4064 tempore
2898 3995 3216 4065 sull'ragium
3265 4014 3424 4053 suum

1857 4064 2003 4120 lerre
2051 4065 2298 4119 Clemens
2345 4081 2450 4118 non
2487 4068 2648 4120 audet
2677 4067 2718 4131 ³,
2759 4081 2883 4120 vera
2911 4069 3001 4132 sit,
3041 4064 3225 4121 itebuit
3274 4079 3425 4124 certe

1853 4134 2162 4208 Phemonoe
2192 4135 2278 4187 illa
2308 4136 2510 4208 primus
2536 4151 2722 4204 poeias
2750 4136 3044 4208 Orpheum,
3079 4137 3334 4192 Musaeum
3366 4150 3428 4193 et

1853 4205 2072 4268 Linum,
2105 4207 2447 4259 antecedere.
2475 4206 2609 4272 Quia
2641 4205 2978 4262 tameu'inde
3003 4208 3200 4262 invicte
3227 4209 3426 4263 couliei

1855 4290 1960 4329 non
2004 4285 2181 4344 potest
2229 4289 2349 4327 eaut
2385 4279 2627 4330 omnium
2675 4278 2896 4331 omnino
2937 4279 3166 4346 primam
3201 4295 3426 4332 carmen

1854 4347 2230 4416 hexametrnm
2266 4347 2664 4413 composuisse:
2700 4347 2826 4401 itide
2863 4349 3105 4416 prol'ecto
3143 4349 3342 4411 oritur,
3370 4357 3428 4401 ut

1857 4423 1958 4470 hoc
1997 4417 2087 4469 alii
2136 4415 2486 4482 Phanotheze,
2521 4417 2596 4470 uti
2631 4415 2913 4482 Clemens,
2947 4418 3038 4471 alii
3067 4429 3247 4472 autent
3284 4417 3428 4473 The-

1784 4473 1828 4528 Ῐ)
1861 4487 1988 4541 itiidi
2042 4473 2610 4556 adjudicandumvesse
2662 4473 2998 4542 censuerint.
3040 4487 3116 4541 De
3165 4485 3428 4542 Themide

1863 4573 2025 4627 pogro
2083 4555 2136 4611 id
2183 4555 2475 4627 Diodorus,
2506 4557 2722 4612 Siculus
2779 4559 2976 4612 litteris
3036 4559 3316 4612 mandavit
3351 4557 3422 4627 ἓξ

1867 4625 1885 4680 i
1921 4625 2141 4682 Themis
2167 4626 2498 4680 vaticinandi
2523 4636 2721 4692 artem,
2751 4643 3029 4684 sacrorum
3057 4629 3219 4691 ritus,
3267 4637 3323 4681 et
3347 4626 3426 4680 lc-

1861 4715 1976 4766 ges,
2003 4699 2226 4752 deorum
2252 4696 2418 4750 cultui
2444 4698 2766 4762 servientes,
2803 4700 3060 4766 princeps
3089 4696 3448 4765 informavit},

1861 4781 1914 4822 et
1954 4782 2077 4835 qua:
2118 4769 2188 4822 ad
2215 4767 2414 4820 bonam
2447 4767 2881 4836 jurisdictiouem
2936 4785 2999 4822 ac
3053 4769 3201 4835 pacis
3247 4767 3428 4821 studia

1862 4842 2158 4909 pertinent,
2206 4837 2558 4909 edocuit"...
2588 4838 2728 4904 Quin
2777 4850 2831 4892 et
2883 4839 3054 4909 ipsum
3100 4837 3430 4909 Apollinem,

1861 4907 2080 4978 quando
2123 4921 2444 4976 responsum
2497 4908 2739 4962 editurus
2773 4920 2879 4974 est,
2916 4907 3340 4978 'l‘hemisteinzw,
3377 4908 3430 4960 id

1861 4975 1963 5044 est,
2015 4975 2294 5033 Themidis
2327 4992 2524 5031 munus
2556 4979 2708 5032 obire
2737 4981 2988 5044 dicimus,
3026 4977 3169 5047 quod
3208 4975 3431 5031 Themis

1863 5049 2118 5103 nimirum
2167 5048 2436 5100 inventrix
2470 5048 2813 5102 oraculorum
2866 5049 3158 5110 exstiterit.
3214 5066 3234 5099 ι
3293 5047 3428 5101 Cum

1856 5130 2036 5175 autem
2084 5119 2309 5174 oracula
2356 5121 2698 5184 hexametro,
2739 5121 2882 5172 sicut
2930 5120 3136 5172 dictum
3165 5127 3277 5182 est,
3307 5131 3430 5170 car-

1859 5193 2005 5244 mine
2052 5188 2174 5244 t‘usa
2227 5187 2396 5242 fuisse
2445 5189 2858 5258 perhibeantur,
2914 5189 3119 5243 ideirco
3184 5186 3427 5258 nonnulli

1855 5264 2122 5330 originem
2159 5256 2532 5328 hujuscemodi
2573 5261 2834 5314 carminis
2891 5263 2959 5312 ad
3005 5273 3124 5314 eam
3173 5256 3424 5313 retulere.

2367 5475 2415 5507 ⁸⁸
2445 5475 2484 5528 l.
2516 5488 2533 5527 ι
2573 5473 2649 5527 De
2679 5470 2896 5533 music.,
2939 5485 2991 5526 c.
3026 5469 3117 5524 55.
3222 5467 3268 5499 ”
3299 5467 3336 5521 l.
3363 5481 3428 5521 ut

196 5538 410 5618 Deipi'i.,
439 5547 707 5617 p.122;l.
737 5566 810 5613 vi,
842 5564 893 5617 p.
917 5538 1057 5619 243;
1093 5551 1126 5600 l.
1157 5563 1272 5612 vttt,
1305 5567 1356 5619 p.
1378 5538 1508 5612 558.
1529 5560 1634 5604 etc.
1709 5549 1755 5580 ’°
1783 5562 1837 5616 p.
1867 5547 1991 5601 507.
2067 5551 2110 5583 οι
2146 5549 2185 5604 ι.
2226 5563 2280 5602 iv
2323 5546 2538 5615 Deipn.,
2571 5560 2627 5613 p.
2657 5543 2780 5598 175.
2845 5541 2898 5619 ξ’
2934 5539 3163 5619 914507.
3387 5550 3430 5592 ιι

194 5625 418 5689 Appar.,
452 5619 666 5689 dissert.
700 5619 751 5684 6,
791 5635 838 5674 c.
881 5621 936 5684 2,
969 5618 996 5689 §
1030 5619 1083 5673 6.
1190 5620 1236 5650 “
1273 5618 1352 5672 l.’t
1383 5621 1606 5689 δικαίη..

198 5688 351 5756 hist.,
376 5705 425 5744 c.
459 5688 547 5750 56.

197 5728 425 5828 ἓὶῑὲἱιιῗζ
449 5728 648 5830 ῤ’ῗὲἷὲ.
665 5728 781 5792 "‘3'
810 5775 864 5832 p.
890 5728 1052 5816 δέξιν
1090 5728 1669 5836 r1:f;:isii.i.,;;."§3§t

577 5631 666 5673 ert.
700 5620 751 5684 6,
791 5635 838 5674 c.
881 5621 936 5684 2,
969 5620 996 5689 §
1030 5620 1083 5673 6.
1190 5620 1236 5650 “
1273 5620 1306 5672 Ι.
1335 5635 1352 5672 ι
1383 5621 1606 5684 Strom.,
1639 5633 1692 5688 p.
1727 5620 1851 5675 509.
1927 5620 1974 5650 ³⁵
2007 5620 2044 5673 l.
2097 5633 2172 5674 vn
2213 5620 2276 5672 De

577 5705 631 5793 px.
661 5691 781 5792 105ἐ
811 5690 1052 5793 “iis,
1090 5705 1150 5793 p.I
1169 5689 1413 5793 330;“:
1447 5688 1731 5793 gibkxgod.
1764 5704 1995 5758 cxxxix,
2045 5704 2099 5761 ι).
2149 5688 2276 5746 982.

2973 5611 3022 5642 ⁹⁶
3054 5612 3088 5664 l.
3125 5624 3202 5665 Vm
3234 5607 3432 5662 Natur.

1927 5620 1974 5650 ’⁸
2007 5619 2044 5673 ι.
2097 5633 2172 5674 vii
2213 5619 2286 5672 De
2333 5612 2540 5672 iuvent.
2573 5612 2710 5680 rer.,
2757 5628 2809 5668 c.
2840 5612 2897 5666 2.
2973 5612 3022 5642 ⁹⁶
3054 5612 3088 5664 l.
3125 5624 3202 5665 vti
3234 5612 3432 5662 Natur.

1937 5705 1995 5736 κ-
2047 5704 2099 5736 n-
2149 5688 2276 5736 982-
2391 5686 2436 5718 ⁹⁹
2467 5684 2672 5736 Chron.
2702 5683 2788 5736 'ad
2838 5696 2928 5736 an.
2990 5680 3114 5736 650.
3228 5681 3246 5712 ⁸
3286 5679 3385 5736 lib.
3415 5689 3441 5732 ι

2391 5686 2436 5718 ⁹⁹
2467 5684 2672 5742 Chron.
2702 5683 2804 5758 ;ad_
2838 5696 2928 5737 an.
2990 5680 3114 5738 650.
