3902 6308
262 314 392 369 1581

1447 312 1533 367 DE
1563 312 1787 368 LlBRlS
1823 307 2288 371 STROMATUM.

3340 320 3476 378 {382

327 445 623 505 cognoscat,
673 447 822 504 atque
859 433 1153 502 judicium,
1202 448 1292 487 seu
1344 435 1572 487 secunda
1624 435 1811 487 mentis
1839 442 1883 494 Α
1915 434 2073 488 verba
2105 432 2388 505 attulit“:
2430 451 2446 484 i
2477 430 2530 505 lo
2560 428 2786 505 Pliwdro
2817 432 2940 505 dicit
2973 431 3205 488 animam
3230 449 3352 490 cum
3383 453 3477 505 per

330 504 586 573 operatio.
614 507 679 559 sit
713 504 986 559 voluntatis
1012 512 1178 566 actus,
1207 505 1268 557 de
1301 518 1420 555 itera
1451 515 1497 556 et
1526 505 1662 572 falsa
1692 507 1807 569 opi-

328 577 502 636 nione,
547 575 610 628 de
654 573 1114 636 demonstratione,
1159 573 1399 637 scientia,
1446 574 1707 643 sapientia
1759 583 1806 627 et

327 647 632 712 prudentia.

327 713 410 766 Ad
438 729 498 767 ea
529 729 644 783 qua:
668 714 732 766 de
758 713 921 766 variis
955 712 1214 777 scientiis,
1249 712 1454 765 artibus
1485 720 1540 766 et
1567 713 1806 783 discipli-

258 784 343 836 nis
373 783 620 837 Clemeiis
660 795 841 837 noster
885 783 1079 836 litteris
1126 783 1393 835 mandavit
1426 783 1495 847 ³⁸,
1521 792 1804 851 antequam

259 854 558 918 veniamus,
593 854 881 906 observare
913 852 1064 919 juvat
1103 851 1169 904 ab
1207 851 1298 922 illo
1345 852 1478 907 satis
1524 855 1808 922 perspicue

257 922 513 989 explicari
556 923 678 990 quid
718 923 823 976 sint
854 922 1096 983 scientia,
1127 921 1499 990 intelligentia,
1523 921 1808 990 experien-

258 991 353 1054 tia,
388 991 642 1058 cognitio,
675 992 959 1061 sapientia,
994 991 1146 1054 fides,
1181 1000 1322 1045 recta
1359 992 1541 1060 opinio
1575 1002 1628 1046 et
1665 995 1809 1048 veri-

259 1070 366 1114 tas.
400 1063 561 1115 Docet
585 1071 764 1116 autem
796 1061 1060 1129 duplicem
1081 1062 1131 1114 in
1165 1061 1380 1114 homine
1402 1076 1519 1116 esse
1544 1063 1802 1130 cognitio-

255 1146 402 1193 nem,
428 1131 624 1199 vixque
659 1146 722 1184 ac
752 1144 818 1184 ne
858 1132 945 1185 vix
977 1130 1190 1199 quidem
1217 1146 1246 1184 a
1280 1145 1337 1185 se
1375 1132 1489 1199 ipso
1519 1131 1807 1200 impetrare

171 1225 192 1242 ο
256 1209 451 1267 potest,
476 1210 531 1254 ut
554 1201 715 1254 ullam
741 1201 794 1254 in
823 1201 1018 1254 belluis
1039 1213 1157 1254 esse
1182 1201 1464 1254 concedat.
1486 1201 1802 1266 Audiamus,

256 1285 454 1337 quaeso,
487 1272 680 1338 quibus
712 1271 892 1325 verbis
922 1286 984 1324 ea
1028 1269 1092 1323 de
1128 1285 1183 1325 re
1216 1279 1448 1324 mentem
1496 1285 1646 1324 suam
1675 1286 1804 1338 ape;

257 1336 442 1392 ruerit.
482 1336 515 1390 .‘
538 1341 764 1404 Dicitur,
812 1342 986 1409 inquit
1011 1339 1077 1403 ³⁸,
1123 1339 1314 1406 duplex
1355 1340 1608 1408 cognitio,
1646 1336 1808 1407 διιτλῆ

251 1409 539 1478 ήνγνῶσις·
567 1425 669 1462 una
700 1410 913 1478 quidem
947 1411 1325 1472 communiter,
1358 1422 1476 1476 qua:
1499 1419 1582 1463 est
1606 1410 1656 1463 in
1690 1426 1806 1464 om-

253 1477 411 1558 nibus
461 1477 787 1558 horninibus,
834 1479 1083 1558 similiter
1134 1478 1488 1558 intelligentia
1525 1488 1579 1532 et
1609 1493 1804 1558 appre-

253 1547 462 1620 hensio,
490 1547 700 1611 σύνεσις
723 1566 782 1600 τε
810 1549 902 1603 καὶ
931 1547 1230 1620 ἀντίληψις,
1259 1563 1376 1616 qua:
1405 1547 1806 1620 escognitione

251 1617 627 1685 singulorum,
678 1635 795 1684 qua:
847 1617 1294 1687 subjecta'sunt,
1347 1617 1799 1687 publice’elucet,

251 1700 408 1756 quam
451 1703 552 1741 non
587 1687 756 1741 solum
795 1688 996 1742 habent.
1040 1696 1356 1756 potestates,
1382 1702 1500 1755 qua:
1541 1697 1669 1741 sunt
1716 1703 1804 1741 ra-

251 1755 402 1810 tione
434 1758 688 1824 prazditze,
725 1760 816 1811 sed
851 1759 1014 1811 etiam
1044 1755 1164 1827 quae
1195 1771 1255 1809 ea
1283 1767 1676 1827 carent,_qu:_im
1703 1773 1800 1825 ego

250 1839 526 1895 nunquam
551 1827 936 1881 nominaverim
967 1825 1346 1893 cognitionem,
1371 1825 1436 1895 ἢν
1459 1825 1556 1879 οὐκ
1580 1825 1644 1880 ἄν
1671 1844 1799 1880 ποτε

249 1893 424 1968 ἔγωγε
457 1896 651 1964 γνῶσίν
677 1913 736 1948 τε
781 1897 1123 1968 ὀνομάσαιμι,
1159 1906 1218 1949 ιιι
1263 1893 1403 1949 ειιιιι
1431 1897 1499 1968 si_t
1535 1912 1563 1948 a
1608 1906 1799 1951 natura

250 1965 648 2036 ingeneratum,
679 1975 739 2036 ut
772 1965 1060 2035 cognoscat
1093 1982 1188 2036 per
1216 1978 1424 2019 sensus.
1457 1966 1585 2031 Qua:
1619 1975 1798 2020 autern

250 2033 565 2105 ἐξαιρέτως,
595 2033 921 2091 excellenter
958 2045 1011 2088 et
1037 2033 1323 2105 praecipue,
1362 2040 1667 2090 nominatur
1707 2050 1800 2091 co-

247 2104 436 2170 gnitio,
467 2104 683 2172 γνῶσις,
710 2120 774 2158 ex
821 2115 998 2159 mente
1038 2104 1094 2160 et
1144 2106 1352 2158 ratione
1400 2106 1624 2158 formam
1655 2107 1797 2160 acci-

247 2174 350 2240 pit,
382 2182 434 2227 et
468 2174 849 2235 characterem,
871 2189 964 2243 per
991 2190 1146 2242 quem
1169 2175 1292 2228 solre
1317 2183 1602 2241 potestates
1634 2177 1797 2228 ratio-

248 2243 397 2314 nales
434 2245 728 2314 participes
767 2246 898 2314 liuiit
931 2243 1271 2314 cognitionis,
1297 2243 1417 2296 καθ’
1443 2244 1509 2314 ἥν
1542 2243 1698 2314 μόναι
1737 2245 1795 2296 αἱ

245 2309 455 2379 λογικαὶ¹
495 2312 748 2382 δυνάμεις
774 2309 1022 2381 γνῶσειξ
1045 2312 1379 2382 γενήσονται,
1407 2309 1524 2378 qua:
1543 2309 1638 2368 'iis
1679 2329 1796 2382 qua:

246 2384 721 2449 apprehenduntur
765 2383 1152 2449 intelligentia,
1207 2398 1301 2450 per
1360 2383 1555 2436 nudam
1603 2384 1796 2438 animae

244 2450 613 2520 operationem
649 2467 782 2520 pure
811 2467 873 2505 ac
902 2453 1111 2505 sincere
1143 2452 1498 2520 applicantur.
1536 2470 1555 2503 ι
1590 2453 1794 2519 Duplex

246 2519 408 2591 igitur
455 2535 485 2573 a
531 2519 807 2576 Clemente
850 2522 1109 2591 cognitio,
1156 2519 1376 2588 γνῶσις,
1425 2521 1792 2591 distinguitur.

243 2587 420 2642 Prima
450 2599 554 2652 est,
585 2604 689 2658 qua
720 2605 822 2644 non
853 2587 1021 2646 solum
1069 2587 1252 2655 homo,
1282 2592 1376 2644 sed
1408 2590 1568 2644 etiam
1592 2587 1793 2647 bellua:

240 2668 294 2710 et
327 2659 815 2730 aninialiaratione
845 2661 1107 2724 carentia,
1137 2659 1408 2730 corporeis
1444 2659 1697 2730 sensibus
1731 2677 1792 2714 ea

242 2743 360 2793 qua:
391 2729 490 2782 sibi
517 2728 864 2795 objiciuntur,
896 2730 1100 2796 vident,
1131 2728 1574 2799 ant'percipiunt.
1607 2730 1677 2782 At
1707 2731 1795 2786 ille

240 2806 398 2865 negat
421 2799 558 2850 hanc
598 2801 988 2866 perceptionem
1030 2800 1248 2867 proprie
1280 2812 1343 2852 ac
1382 2811 1507 2868 vere
1533 2799 1792 2868 appellari

241 2879 398 2932 posse
437 2868 814 2935 cognitionem,
851 2868 1070 2937 γνῶσιν.
1104 2867 1180 2921 Ne
1210 2878 1388 2920 autem
1415 2867 1537 2936 quis
1569 2867 1632 2921 id
1669 2885 1698 2922 a
1736 2882 1794 2924 se

243 2944 440 2988 temere
465 2944 517 2987 et
545 2937 944 2991 inconsiderate
968 2940 1170 2990 dictum
1203 2937 1464 3000 crederet,
1493 2937 1631 2991 hanc
1659 2953 1791 2992 con-

243 3003 389 3055 tinuo
422 3004 576 3074 atl'ert
608 3006 910 3070 rationein;
959 3008 1085 3074 quia
1133 3006 1246 3059 haec
1289 3007 1562 3074 perceptio
1599 3006 1793 3064 belluis

241 3073 558 3146 naturaliter
588 3075 767 3137 insita,
803 3073 989 3130 solius
1007 3075 1337 3146 titcorporei
1371 3073 1562 3130 sensus
1596 3092 1696 3146 ope
1725 3093 1790 3133 ac

1913 518 1972 580 se
2017 504 2192 580 l_uerit_
2209 503 2413 567 solam,
2452 503 2620 574 αὐτὴν
2656 503 2774 556 κατ’
2815 503 2989 580 ,αὐτὴν
3039 505 3336 577 γενομένην
3369 503 3476 580 σὴν

1909 572 2085 643 ψυχὴν
2126 572 2312 643 μόνην,
2349 587 2506 641 posse
2541 572 2681 626 vene
2714 572 3026 642 sapientize,
3053 572 3125 626 et
3167 572 3302 643 qua!
3332 572 3475 631 vires

1911 644 2173 696 humanas
2207 653 2444 712 superat,
2490 656 2608 695 esse
2647 643 2986 712 participem.
3019 661 3038 694 ι
3075 643 3232 698 Visne
3261 656 3315 699 et
3353 647 3474 701 aliis

1909 712 2145 783 ejusdem
2177 711 2616 780 philosophorum
2645 711 2904 783 principis
2928 712 3106 767 verbis
3141 714 3232 766 tibi
3266 716 3316 767 id
3345 731 3473 783 pro—

1906 781 2062 836 bari?
2089 781 2224 834 Ecce
2246 793 2442 850 praesto
2465 791 2589 836 sunt
2613 783 2662 834 in
2691 781 2834 836 illius
2860 782 3136 848 Tlieazteto,
3159 783 3244 837 ubi
3273 781 3470 840 diserte

1909 851 2104 904 asserit
2133 850 2199 913 ‘l,
2231 867 2248 900 ι
2280 853 2510 904 animam
2543 851 2737 918 partim
2768 852 2934 920 ipsam
2968 867 3062 920 per
3106 867 3164 906 se
3190 853 3355 920 ipsam
3384 871 3468 909 res

1907 920 2268 990 considerare,
2291 922 2482 990 partim
2512 936 2608 990 per
2627 935 2916 989 corporeus
2936 921 3236 975 facultates.
3273 943 3291 974 i
3315 923 3464 990 Quod

1907 990 2120 1056 quidem
2169 989 2256 1044 ille
2291 989 2416 1063 hinc
2462 989 2671 1063 probat,
2715 991 2838 1058 quia
2863 993 3049 1063 anima
3079 1007 3174 1059 per
3205 1008 3263 1047 se
3299 989 3464 1063 ipsam

1908 1074 2088 1130 rerum
2116 1061 2390 1130 essentiam
2417 1071 2469 1113 et
2492 1061 2772 1115 veritatem
2803 1062 3098 1130 cognoscit.

1978 1127 2282 1196 Perpeiidas
2335 1140 2510 1184 autem
2563 1130 2721 1182 velim
2756 1169 2771 1192 ,
2839 1127 3016 1182 uirum
3093 1129 3463 1198 Peripateticm

1907 1198 2103 1270 scholae
2145 1199 2503 1270 sectatoribus
2555 1199 2709 1270 illud
2737 1201 2905 1270 magis
2948 1199 3149 1270 faveat,
3206 1204 3346 1270 quod
3397 1205 3462 1259 de

1903 1265 2125 1334 judicio,
2154 1268 2266 1320 sive
2299 1271 2363 1321 de
2387 1269 2644 1329 secunda,
2672 1265 2914 1322 sicut'illi
2959 1265 3272 1337 loquuntur,
3305 1287 3461 1326 nien-

1911 1338 1976 1390 tis
2032 1337 2345 1405 0peratione
2394 1339 2533 1392 idem
2598 1337 2844 1393 Clemens
2893 1347 3079 1392 noster
3143 1341 3460 1398 tradidit“:

1911 1423 1928 1456 ι
1964 1407 2332 1477 Assensiones,
2365 1407 2801 1476 συγκαταθέσεις,
2841 1423 2945 1463 non
2969 1407 3142 1462 solum
3169 1408 3457 1477 Platonici,

1907 1477 2000 1545 sed
2036 1475 2197 1530 etiam
2235 1475 2395 1531 Stoici
2438 1475 2622 1532 dicunt
2654 1493 2771 1532 esse
2819 1478 2870 1531 in
2922 1488 3106 1532 nostra
3172 1475 3456 1545 potestate.

1905 1542 2090 1619 Omnis
2113 1559 2240 1615 ergo
2260 1547 2475 1619 opinio,
2518 1546 2670 1611 δόξα,
2712 1556 2770 1619 et
2812 1542 3354 1619 jntilCilllthipiO'tc,
3407 1559 3458 1607 et

1904 1615 2249 1688 existimatio,
2277 1617 2562 1688 ὑπόληψις,
2612 1627 2666 1670 ct
2695 1616 2998 1685 disciplina,
3055 1615 3304 1688 μάθήσις,
3341 1621 3456 1688 qui-

1904 1684 2003 1738 bus
2032 1685 2281 1758 vivimus,
2313 1697 2366 1740 et
2385 1684 2598 1758 semper
2627 1684 2952 1758 suinns‘cuin
2980 1684 3457 1758 geiiere'hnma'no,

1903 1763 1985 1807 est
2019 1756 2277 1808 assensio.
2321 1775 2339 1807 ι
2381 1757 2449 1810 Ει
2482 1771 2607 1810 vero
2638 1757 2679 1808 si
2719 1754 3082 1822 judicium’sit
3125 1772 3310 1812 revera
3355 1754 3452 1812 as;-

1833 1805 1872 1860 Β
1902 1805 2100 1878 serist
2115 1805 2541 1895 stipatorum;
2551 1805 2614 1878 ’ἐι
2639 1805 3138 1880 Ῑίατέζέιῖι⁷ιῖ⁷ἧοὶςῖτά
3157 1805 3453 1895 pussula,

1902 1907 2078 1966 nonne
2112 1893 2234 1966 inde
2265 1905 2408 1949 recte
2438 1897 2680 1964 sequitur
2706 1895 3008 1966 judicium,
3051 1893 3167 1964 quo
3205 1893 3452 1966 praposié

1902 1963 2098 2018 tionem
2131 1963 2362 2032 aliquant
2415 1963 2594 2018 veram
2634 1963 2722 2018 aut
2759 1966 2940 2018 falsam
2992 1963 3314 2029 judicainiis,
3334 1982 3454 2022 esse

1897 2033 2073 2154 potius
2091 2033 2390 2142 :oluntatis
2425 2044 2621 2090 nostrai
2650 2049 2810 2104 quam
2860 2035 3030 2088 nostri
3085 2044 3261 2089 actum
3293 2039 3452 2091 intel-

1921 2111 2069 2154 ectus
2095 2143 2107 2154 .

1921 2111 2069 2156 ectus
2091 2111 2107 2156 Ἰ

1967 2171 2074 2226 Cur
2094 2187 2242 2243 ergo,
2273 2172 2510 2243 inquies1
2533 2173 2668 2225 idem
2697 2174 2762 2226 de
2792 2171 3069 2242 Opinione,
3101 2171 3248 2237 δόξα,
3275 2189 3304 2227 a
3327 2174 3448 2230 Cle-

1897 2251 2074 2313 mente
2097 2239 2442 2296 decernitur?
2479 2239 2673 2312 Opinio
2714 2239 2918 2313 eteiiiin
2956 2257 3077 2295 cum
3135 2259 3307 2313 neque
3337 2250 3448 2299 evi-

1895 2312 2047 2372 dens,
2078 2326 2250 2380 neque
2282 2321 2428 2365 certa
2463 2315 2551 2375 sit,
2581 2314 2847 2380 quomodo
2875 2312 2925 2364 ei
2966 2312 3228 2366 assentiri
3261 2328 3448 2380 possu-

1897 2380 2056 2434 mus?
2105 2381 2463 2446 Quamobrem
2516 2380 2644 2434 alihi
2689 2382 2940 2436 Clemens
2977 2381 3193 2436 dixerat
3222 2382 3268 2413 “
3318 2398 3334 2436 :
3385 2385 3446 2437 οὐ

1892 2447 2000 2526 γάρ
2027 2466 2160 2529 ,ποτε
2241 2449 2466 2534 ἀελήοεια
2493 2451 2704 2531 οἱξησιςη
2723 2469 2761 2532 ι.
2782 2467 2883 2531 non
2922 2457 3008 2534 est
3050 2453 3194 2534 enim
3249 2454 3450 2534 veritas

1895 2520 2094 2586 opinio.
2127 2537 2146 2570 ι
2179 2520 2281 2574 Sed
2334 2520 2580 2588 quamvis
2621 2521 2800 2589 opinio
2847 2522 3047 2574 incerta
3079 2532 3131 2573 et
3169 2522 3449 2579 inevidens

1892 2591 1982 2652 sit,
2018 2597 2180 2658 atque
2222 2590 2422 2642 idcirco
2462 2607 2491 2642 a
2526 2591 2751 2643 scientia
2777 2590 3168 2659 distinguatur;
3207 2591 3310 2645 hoc
3366 2603 3444 2644 ta-

1895 2672 2015 2710 men
2051 2674 2155 2711 non
2183 2659 2426 2730 impedit,
2446 2659 2733 2730 quominus
2779 2673 2921 2726 saepe
2955 2658 3196 2713 homines
3225 2676 3450 2730 cognos-

1892 2735 2016 2799 cant
2042 2728 2301 2799 qua_sdaiii
2333 2727 2520 2791 falsas,
2566 2727 2922 2799 aliasautem
2974 2743 3131 2780 veras
3172 2727 3449 2799 esse'opi-

1892 2797 2100 2849 itiones.
2129 2797 2192 2850 Et
2220 2805 2366 2850 certe
2396 2812 2458 2850 ex
2501 2799 2602 2850 hac
2651 2796 2799 2850 falsa:
2855 2807 2944 2848 aut
2989 2811 3128 2849 verae
3171 2796 3446 2866 opinionis

1891 2866 2198 2932 cognitione
2232 2867 2323 2928 lit,
2354 2876 2412 2919 ut
2448 2881 2605 2934 quem
2655 2865 2821 2934 priori
2880 2879 3099 2934 negant,
3155 2865 3444 2935 pesteriori

1891 2935 2166 2999 praebeant
2210 2950 2514 2990 assensum.
2552 2935 2662 2989 lino
2693 2950 2816 2989 vero
2847 2935 3108 2998 nonnulli,
3139 2941 3231 2991 sed
3258 2953 3445 2994 errore

1891 3003 2124 3074 decepti,
2153 3002 2302 3059 falsa:
2339 3007 2498 3058 etiam
2527 3005 2769 3074 opinioni
2803 3006 3195 3060 assentiuntur.
3220 3008 3370 3074 Quod
3397 3009 3442 3063 si

1892 3073 2013 3140 quis
2043 3075 2392 3142 pertinaciter
2417 3073 2706 3129 contendat
2746 3075 2886 3128 hunc
2936 3090 3214 3128 assensum
3242 3073 3440 3134 debere

241 3141 561 3213 ministerio,
589 3155 745 3212 atque
774 3147 998 3213 proinde
1029 3145 1116 3199 illa
1155 3138 1412 3213 corporea
1449 3138 1786 3213 tantuli-rest.
1816 3138 1859 3196 Ο
1891 3138 2129 3213 errorem
2167 3155 2259 3197 aut
2298 3146 2576 3199 veritatem
2620 3143 2908 3212 appellari,
2955 3145 3002 3198 ei
3053 3147 3264 3212 penitus
3329 3163 3433 3201 non
3493 3169 3503 3181 ·

235 3209 418 3284 Itaque
454 3226 580 3284 eam
629 3209 732 3267 non
774 3209 994 3281 ῖγνῶσιν,
1045 3215 1136 3270 sed
1175 3209 1777 3284 σύνεσινθιάντίληψιν,

237 3281 666 3352 perspicientiam
697 3292 755 3352 et
781 3285 1177 3352 perceptionem
1217 3284 1330 3335 vult
1353 3287 1626 3351 appellari.

304 3350 381 3403 Ex
416 3353 514 3404 hac
541 3367 701 3420 porro
728 3350 1018 3408 Clementis
1047 3352 1212 3408 nostri
1242 3350 1485 3406 doctrina
1516 3354 1656 3408 haud
1685 3354 1783 3410 ob-

234 3434 392 3474 scure
421 3421 684 3490 colligitur
716 3423 863 3476 illum
912 3423 1111 3476 nullam
1142 3424 1196 3476 in
1240 3421 1431 3493 belluis
1461 3425 1674 3493 proprie
1702 3426 1787 3478 di-

233 3499 374 3542 ctam
415 3493 774 3559 cognitionem
821 3493 1124 3560 admisisse,
1164 3491 1255 3546 sed
1307 3491 1594 3560 quamdam
1649 3495 1783 3548 dun-

236 3568 380 3630 taxat
411 3563 482 3614 rei
513 3561 613 3614 sibi
654 3561 905 3628 subjectae
943 3561 1363 3630 perceptionem.
1414 3561 1554 3616 Nihil
1599 3576 1779 3618 autein

233 3628 284 3681 in
328 3630 429 3682 hac
485 3631 778 3683 belluarum
831 3628 1211 3702 perceptioiie,_
1240 3632 1356 3702 nisi
1388 3632 1545 3700 plane
1591 3649 1782 3702 corpo-

231 3713 378 3776 reum
423 3713 546 3753 esse
581 3714 890 3782 persuaserit
929 3702 1152 3781 omnino
1199 3699 1410 3782 habuit:
1451 3702 1587 3782 Quid
1627 3699 1776 3782 ergo,

229 3767 455 3835 inquies,
481 3767 657 3822 nonne
692 3769 780 3823 ille
802 3771 1060 3838 superiori
1111 3771 1162 3823 in
1198 3771 1335 3822 libro
1366 3769 1410 3799 ³⁷
1438 3767 1644 3838 profert
1669 3767 1776 3825 Xe-

230 3839 466 3908 nocratis
491 3848 543 3892 et
587 3839 873 3893 Democriti
902 3840 1224 3907 Opinionem,
1255 3839 1344 3906 qui
1378 3839 1612 3908 aliquam
1645 3841 1778 3895 fate-

228 3905 420 3960 bantur
452 3922 571 3962 esse
598 3908 651 3962 in
687 3905 1073 3972 animantibus,
1104 3918 1159 3961 ut
1192 3923 1220 3960 a
1252 3905 1404 3962 nobis
1435 3905 1775 3964 observatum

223 3985 303 4047 est
330 3977 394 4041 ³⁸,
435 3979 524 4032 Dei
570 3979 963 4047 cognitionem?
1010 3978 1220 4047 Optime
1270 3977 1507 4046 quidem.
1553 3979 1658 4033 Sed
1699 3981 1774 4035 ibi

223 4044 470 4101 Clemens
498 4063 604 4101 non
635 4044 711 4101 ait
748 4062 807 4102 se
846 4050 1035 4103 borum
1058 4044 1505 4117 philosophorum
1536 4051 1775 4105 subscri-

223 4118 391 4181 psisse
423 4118 724 4172 sententiae.

294 4184 541 4259 Secunda
571 4197 789 4259 autem,
811 4195 878 4259 et_
901 4186 1114 4259 proprie
1157 4187 1302 4259 dicta
1336 4186 1553 4259 γνῷσις,
1593 4190 1774 4259 cogni-

220 4253 318 4313 tio’.
351 4257 546 4330 uti_i_lle
572 4257 665 4322 ait,
699 4257 806 4309 ἀπὸ
825 4253 932 4330 τῆξ
959 4253 1182 4330 γνώμης
1223 4257 1316 4309 καὶ
1348 4253 1457 4330 ῖτοῡν
1481 4256 1640 4327 λόγου
1661 4253 1770 4330 ᾖα-

219 4327 630 4396 ρακτηρίζεται,
651 4331 750 4383 «ab
770 4327 1220 4384 animiseiitentia
1269 4338 1323 4380 et
1357 4328 1569 4383 ratione
1614 4327 1768 4384 suum

217 4396 415 4467 accipit
440 4398 827 4467 characterem.
851 4415 870 4448 ›
889 4403 1070 4465 Itaque
1093 4397 1206 4450 haec
1235 4399 1471 4467 cognitio
1493 4408 1575 4453 est
1602 4400 1768 4454 solius

1889 3209 2294 3285 refragabiniur.
2320 3215 2426 3268 Cur
2457 3224 2633 3268 autem
2655 3209 2789 3268 falsa
2821 3225 3017 3285 etgvera
3045 3209 3225 3285 opinio
3257 3215 3438 3285 aliquo

1887 3280 2076 3353 saltem
2127 3286 2286 3353 modo
2319 3285 2422 3339 dici
2475 3299 2578 3338 non
2610 3285 2799 3353 possit,
2840 3283 2998 3352 plane
3033 3280 3136 3338 non
3170 3280 3438 3342 videmiis.

1885 3349 2018 3414 Quia
2054 3367 2180 3423 vero
2223 3352 2498 3423 fragilitati
2525 3349 2774 3408 humana:
2813 3349 2867 3408 id
2902 3356 3098 3422 saepius
3125 3358 3342 3420 accidit,
3377 3367 3435 3411 ut

1884 3434 2034 3492 suam
2057 3421 2208 3492 falsis
2233 3421 2486 3492 adj'ungat
2514 3425 2901 3487 assensionem,
2947 3421 3218 3492 quomodo
3275 3425 3436 3481 homo

1887 3489 2019 3565 falsa
2047 3489 2563 3565 opiiiione'imbutus
2595 3494 2856 3565 possit__ad
2883 3489 3193 3565 veritatem
3219 3510 3439 3565 revoca-_

1885 3559 1955 3634 ri,
1978 3560 2056 3613 sic
2078 3561 2338 3634 Clemens
2372 3572 2556 3634 noster
2579 3559 2736 3634 docet
2765 3561 2852 3614 διε
2910 3580 2929 3612 ι
2968 3561 3151 3634 Τριτὴν
3173 3559 3436 3634 θεραπεία

1879 3629 2126 3699 οἰήσεως,
2156 3631 2248 3684 Est
2275 3631 2462 3700 triplex
2491 3632 2627 3685 ratio
2653 3634 2900 3686 curanda?
2920 3629 3186 3698 opinionis
3207 3629 3431 3690 {causai

1881 3701 2138 3768 cognitio,
2168 3710 2223 3753 ct
2246 3701 2516 3769 quomodo
2545 3715 2606 3754 ea
2639 3703 2810 3770 possit
2837 3701 3059 3764 auferri,
3105 3711 3160 3753 et
3207 3707 3426 3758 tertium

1877 3784 2070 3822 animae
2101 3770 2415 3824 exemitatio
2443 3780 2494 3840 et
2521 3771 2864 3835 assuefactio,
2894 3780 2951 3824 ut
2978 3771 3144 3839 possit
3168 3774 3322 3840 sequi
3361 3791 3425 3828 ea

1878 3849 1996 3909 quae.
2029 3849 2174 3894 recte
2197 3841 2433 3909 judicata
2465 3838 2687 3894 fuerint.
2727 3859 2746 3892 ι

1949 3908 2406 3978 Quemadmodum
2441 3921 2622 3963 autem
2657 3909 2785 3964 falsa
2813 3908 2998 3978 opinio
3032 3919 3117 3965 est
3139 3925 3316 3975 error,
3354 3911 3428 3967 ita

1878 3978 2038 4030 etiam
2063 3977 2395 4046 conjectura,
2435 3989 2571 4033 teste
2601 3989 2784 4033 nostro
2813 3977 3087 4034 Clemente
3107 3982 3173 4047 ",
3203 3992 3280 4036 est
3328 3982 3429 4035 iiii-

1874 4047 2073 4117 becilla
2104 4050 2307 4117 Opinio,
2327 4064 2446 4116 quin
2471 4049 2627 4102 tidem
2652 4049 2867 4102 simulat
2896 4060 2950 4101 et
2968 4051 3208 4104 imitatur
3233 4050 3428 4105 ε’Υπο-

1873 4115 2242 4190 ξιρξνεταιξξὴν
2270 4115 2451 4174 πίστιν
2496 4117 2804 4190 ἡείκασία,
2835 4117 3064 4190 ἀσθενὴς
3113 4117 3244 4174 οὖσα
3298 4121 3430 4175 ὑπό-

1873 4182 2052 4256 λήψιςο
2095 4182 2310 4242 «Fidem
2337 4182 2581 4242 imitatur
2605 4188 2936 4256 conjectura,
2971 4182 3088 4258 quae
3129 4202 3213 4245 est
3256 4191 3422 4246 imbe-

1871 4258 1992 4326 cilia
2019 4258 2251 4326 opinioa

1942 4325 2080 4400 Quid
2117 4342 2266 4400 vero,
2299 4326 2443 4395 quod
2475 4325 2566 4380 ille
2586 4327 2763 4383 adhuc
2789 4344 2889 4384 nos
2915 4329 3186 4394 admonet,
3220 4344 3285 4385 ex
3313 4330 3424 4400 ipsa

1873 4397 2144 4465 Opinione,
2183 4399 2339 4450 sicuti
2370 4412 2437 4450 ex
2457 4400 2682 4452 scientia
2719 4401 2837 4454 fieri
2882 4397 3429 4456 demonstratiOneni?

215 4464 732 4539 aniinairationalis,
755 4482 875 4536 quae
909 4464 1119 4522 ratione
1143 4481 1239 4521 sua
1267 4464 1354 4523 res
1381 4470 1523 4537 ipsas
1543 4470 1771 4539 percipit
1801 4468 1846 4524 D
1879 4464 2095 4539 (Nihil.
2123 4465 2283 4539 ait“.
2309 4467 2820 4539 ρὺδμξιιυιυοιιιίιιυε
2861 4469 3053 4537 duplex
3115 4474 3426 4524 ιιυιιιὶιιειιιι·

213 4544 269 4587 et
302 4533 572 4604 intelligit.

286 4605 408 4677 inde
437 4620 562 4677 vero
589 4603 848 4677 llervetus
879 4605 1042 4661 infert
1065 4605 1394 4661 Clementem
1421 4606 1490 4662 ab
1517 4607 1770 4677 opinione

208 4673 521 4747 Aristotelis
571 4675 891 4740 recessisse,
947 4693 1049 4746 qua
1093 4677 1195 4747 ille
1244 4679 1466 4747 ejusque
1517 4673 1766 4746 discipuli

214 4743 394 4814 tandjii
420 4754 685 4814 proicerto
713 4743 1007 4812 posuerunt
1031 4746 1181 4811 iiibil,
1209 4743 1287 4800 uti
1306 4743 1540 4814 aiebant,
1569 4743 1687 4802 esse
1714 4749 1764 4802 in

205 4812 371 4884 304
402 4813 696 4884 intellectu,
728 4819 867 4881 quod
906 4818 1054 4884 prius
1106 4817 1159 4869 in
1206 4832 1368 4870 sensu
1424 4812 1532 4870 non
1579 4819 1762 4871 fuerit.

213 4883 405 4936 Verrini
439 4898 542 4934 non
577 4897 640 4936 ex
676 4883 775 4936 hoc
802 4883 919 4938 solo
947 4889 1182 4940 auctoris
1207 4887 1371 4941 nostri
1402 4886 1519 4941 loco
1543 4887 1594 4942 id
1625 4885 1763 4940 Her-

207 4952 647 5026 vetns_co_lligere
678 4961 910 5026 poterat,
955 4957 1049 5026 sed
1097 4971 1164 5009 ex
1199 4956 1319 5010 aliis
1355 4957 1513 5009 etiam
1553 4971 1671 5026 qua:
1706 4959 1758 5010 in

205 5022 468 5094 Superiori
494 5022 876 5094 dissertatione
902 5025 1276 5079 adnotavimus
1299 5026 1362 5091 ",
1395 5022 1756 5094 atque'etiani

203 5089 367 5146 exilis
399 5107 519 5164 qua:
545 5089 790 5164 superius
827 5093 901 5164 de
939 5094 1168 5148 hominis
1205 5089 1406 5164 anima,
1439 5089 1503 5150 ac
1541 5095 1758 5164 potissi~

201 5177 350 5216 inuin
383 5163 449 5215 de
493 5161 760 5232 giiostico,
787 5163 1194 5232 disputavimus.
1245 5163 1394 5218 Unde
1440 5161 1617 5218 autem
1668 5164 1758 5218 ille

203 5233 345 5285 hanc
385 5231 1109 5301 doctrinam_Peripateticie
1158 5235 1378 5288 omnino
1429 5235 1753 5289 contrariam

204 5303 462 5364 hauserit,
493 5303 536 5356 si
573 5317 601 5354 a
633 5299 786 5356 nobis
824 5299 1081 5372 postules,
1116 5305 1556 5370 respondebimus
1595 5310 1663 5357 ab
1690 5319 1754 5357 eo

198 5375 483 5426 delibatam
518 5373 688 5427 fuisse
743 5371 1092 5438 cx’Platone,
1145 5375 1296 5443 cuius
1346 5374 1436 5427 ille
1465 5375 1589 5428 alibi
1617 5375 1754 5440 JHBC

271 5525 314 5559 ³⁵
345 5525 438 5598 lib.
465 5542 504 5581 it
547 5527 776 5592 Strom.,
811 5543 930 5598 pag.
962 5525 1067 5582 295
1107 5538 1162 5582 et
1187 5525 1330 5598 396;
1365 5526 1508 5598 law,
1551 5543 1604 5596 p.
1645 5526 1741 5581 691
1791 5535 1845 5580 et
1889 5540 2005 5596 seq.

461 5598 504 5628 "
531 5599 747 5652 dissert.
784 5596 990 5668 stipem,
1021 5614 1142 5666 cap.
1172 5596 1226 5664 6,
1260 5608 1364 5653 art.
1392 5596 1453 5660 2;
1476 5613 1604 5666 .sup.
1643 5611 1694 5649 c.
1744 5598 1786 5650 6.

461 5676 613 5734 Lseq.
714 5667 757 5697 “
783 5670 874 5720 lib.
903 5683 940 5722 ii
994 5667 1219 5735 Strom.,
1268 5683 1325 5735 p.
1360 5668 1482 5722 584.
1583 5666 1629 5698 ⁸³
1659 5667 1786 5722 lib.1

1892 5607 1944 5650 ·ι.
1981 5598 2036 5662 5,
2067 5606 2196 5652 etc.
2229 5598 2316 5660 1'5,

1895 5680 2079 5734 troni.,
2116 5666 2316 5735 p.297.

197 5607 301 5652 art.
336 5597 386 5650 1.
461 5598 504 5628 ³⁸
531 5599 747 5652 dissert.
784 5597 990 5668 θυμω-η
1021 5614 1142 5666 cap.
1172 5597 1226 5664 6,
1260 5608 1364 5653 art.
1392 5597 1478 5660 ἲς.

195 5684 248 5734 p.
288 5665 470 5737 lSSet
497 5681 613 5734 seq.
714 5667 757 5697 “
783 5670 874 5720 lib.
903 5683 940 5722 ii
967 5736 970 5737 ν
994 5667 1219 5735 Strom.,
1268 5683 1325 5737 p.
1360 5668 1482 5722 584.

194 5738 242 5767 ⁸⁸
269 5753 324 5805 p.
355 5735 480 5791 581.
547 5736 588 5768 ’⁸⁷
613 5737 650 5792 l.
684 5751 775 5804 vn,
803 5752 857 5806 p.
883 5736 1009 5792 759.

1841 5607 1944 5650 art.
1981 5598 2036 5662 5,
2067 5606 2119 5652 et
2145 5613 2196 5652 c.
2229 5598 2316 5660 15,
2349 5608 2450 5651 art.
2476 5597 2528 5650 5.

1873 4537 2279 4608 demonstratio,
2313 4535 2602 4608 ἀπόδειξις,
2647 4553 2749 4591 una
2787 4554 2852 4593 ex
2896 4535 3144 4603 scientia,
3179 4553 3246 4592 ex
3307 4541 3424 4608 opi-

1873 4607 2033 4659 nio..e
2060 4607 2243 4660 altera.
2285 4625 2304 4658 ι
2341 4606 2491 4662 Hauc
2513 4618 2693 4660 autem
2725 4608 2855 4662 dicit
2881 4608 3169 4662 humanam
3193 4624 3259 4662 ex
3297 4606 3422 4662 rhe-

1873 4676 2074 4747 toricis,
2104 4692 2200 4729 seu
2245 4676 2542 4747 dialecticis
2571 4679 2922 4747 argumentis,
2959 4677 3100 4731 illam
3142 4688 3322 4731 autem
3352 4694 3418 4731 ex

1868 4746 2070 4812 apertis
2093 4761 2262 4799 sacrae
2288 4744 2581 4814 Scriptura:
2606 4744 2930 4802 testimoniis
2990 4747 3145 4814 plane
3196 4751 3413 4802 conticu.

1867 4815 2224 4880 Quamobrem
2246 4816 2358 4869 huic
2381 4819 2449 4888 ab
2471 4831 2554 4882 eo,
2586 4818 2618 4888 ἡ
2646 4817 2903 4870 ἀνωτάτω
2922 4815 3209 4888 ἀπόδειξις,
3245 4832 3416 4888 csum-

1867 4899 1956 4936 nia
1985 4894 2040 4936 et
2068 4898 2319 4952 suprema
2375 4883 2766 4940 demonsiratio
2802 4906 2821 4939 i
2891 4887 3214 4954 appellatur.
3266 4883 3418 4940 Unde

1866 4954 1974 5008 alio
2004 4954 2054 5007 in
2088 4953 2226 5008 libro
2260 4955 2372 5009 haec
2403 4956 2514 5022 ipse
2540 4957 2717 5009 adhuc
2749 4953 2973 5024 scripsit
2996 4953 3039 4987 "7
3072 4974 3088 5009 :
3125 4973 3144 5005 ι
3179 4954 3308 5021 Qua:
3333 4965 3416 5009 est

1865 5025 2003 5093 apud
2031 5038 2132 5095 nos
2154 5024 2228 5092 (id
2250 5035 2352 5089 est,
2377 5025 2737 5095 Christianos)
2759 5028 2960 5092 agnitio
2977 5026 3240 5089 veritatis,
3267 5033 3324 5078 ut
3347 5041 3414 5079 ex

1862 5095 1949 5158 iis,
1973 5109 2091 5162 quae
2119 5094 2226 5161 jam
2256 5103 2382 5148 sunt
2415 5094 2724 5158 credibilia,
2769 5096 2836 5147 iis
2851 5095 3222 5164 quastionduin
3265 5106 3411 5158 sunt,

1861 5165 1992 5218 fides
2025 5164 2305 5230 habeatur,
2337 5164 2501 5218 efﬁcit
2529 5179 2543 5216 :
2568 5180 2686 5232 quae
2714 5165 2929 5232 quidem
2957 5173 3039 5232 est
3060 5164 3318 5227 essentia,
3355 5175 3414 5216 ut

1859 5235 1931 5285 ita
1965 5233 2158 5303 dicam,
2185 5231 2654 5289 demonstrationis
2676 5273 2691 5297 ,
2734 5231 2854 5303 ἥτις
2891 5231 3067 5297 οὐσία,
3115 5232 3189 5295 ὡς
3219 5235 3410 5296 εἰπεῖν,

1855 5300 2179 5367 ἀποδείξεως
2206 5303 2547 5356 καθίσταται.
2577 5321 2596 5354 i
2629 5303 2733 5356 Sed
2757 5300 2920 5356 nemo
2949 5318 3052 5355 non
3086 5303 3225 5356 videt
3253 5317 3414 5355 accu-

1857 5383 2027 5425 ratam
2055 5385 2107 5427 et
2131 5375 2404 5442 propriam
2439 5375 2601 5440 illius,
2648 5386 2812 5441 quam
2847 5371 3153 5427 scholastici
3193 5381 3408 5437 vocant,

2592 5525 2634 5557 ³⁷
2666 5541 2747 5589 iii,
2776 5541 2828 5595 p.
2852 5525 2974 5580 590.
3053 5525 3097 5557 “
3131 5539 3250 5595 sup.
3275 5539 3327 5580 c.
3354 5525 3408 5595 6,

2646 5595 2694 5626 ’⁸ο
2720 5598 2752 5648 l.
2778 5594 2830 5657 ν.
2863 5614 2913 5664 p.
2936 5595 3062 5650 552.
3135 5596 3178 5628 ⁵⁸
3199 5594 3337 5650 tom.
3366 5594 3409 5661 1,

2413 5666 2458 5698 ⁵⁸
2479 5667 2516 5721 ι.
2549 5681 2647 5734 vii,
2681 5681 2735 5737 p.
2769 5663 2890 5721 759’.
2987 5665 3032 5698 "
3055 5666 3090 5723 l.
3116 5681 3175 5734 ii,
3203 5681 3257 5736 p.
3282 5663 3408 5720 ⁸565.

2079 5527 2124 5558 ³⁸
2150 5526 2186 5581 l.
2211 5542 2286 5592 vr,
2312 5541 2366 5596 p.
2393 5526 2518 5580 6l7.
