3902 6308
209 313 348 372 1393

1399 315 1484 374 DE
1517 318 1580 373 ιι
1589 316 1741 372 BRlS
1781 313 2205 372 STROMATUM
2214 358 2226 370 .

3292 320 3425 379 1395

207 433 526 508 Qiopontpo,
557 446 611 508 et
637 438 849 492 czeteris
877 437 1242 506 compluribus
1269 449 1623 494 memoratur.
1648 478 1664 492 .
1696 478 1711 492 .
1741 477 1754 491 .
1789 442 1831 498 Α
1862 438 2121 498 dentiam,
2158 451 2262 508 qua
2298 436 2709 508 oltsemnissima
2737 451 2964 506 quaeque
2991 438 3190 508 ﬂagitia
3226 454 3420 508 perpe-

207 502 346 558 γεω
397 502 512 576 Ita-c
544 507 714 571 dicis,
754 523 872 575 qua:
913 502 1254 563 his'athlctis
1294 510 1556 564 accidisse
1593 510 1756 576 prisci

204 575 481 628 memoriae
507 578 875 642 prodiderunt.
905 577 1041 642 Quid
1062 579 1261 643 igitur?
1288 578 1367 633 Illi
1401 590 1458 633 ut
1484 575 1760 640 luctando.

203 658 258 698 et
285 647 576 718 currendo.
604 647 921 718 catterisque
955 647 1252 716 hnjustuodi
1293 651 1569 718 corporeis
1593 649 1763 702 facul-

203 714 410 767 tatibus
431 714 705 769 vincerent
735 714 888 777 alios.
918 722 984 770 ali
1013 714 1073 770 ea
1098 735 1177 783 re,
1205 734 1323 786 qnze
1353 714 1576 781 a'vulgo
1602 721 1756 771 beata

205 786 556 852 praedicatur,
581 787 720 838 ultro
746 788 1016 840 abstinere
1045 791 1356 842 voluerunt.
1397 808 1414 840 ι
1451 790 1590 842 Alibi
1629 804 1758 841 vero

202 853 496 907 scribit“:
533 855 870 909 «Crissoncnt
912 857 1234 912 "ill'lcl'IDIIm
1282 859 1522 912 ﬂorentis
1569 869 1623 912 et
1669 873 1758 911 ro-

200 923 372 998 bustae
397 924 570 998 {etatis
588 940 863 998 cursorem
895 927 1078 998 fuisse.
1122 948 1141 980 ι
1186 929 1508 984 Mettlionem
1542 944 1758 998 quodue

201 991 350 1046 illius
392 993 631 1048 fecerunt
674 995 936 1049 Diodorus
972 997 1189 1052 Siculus
1221 998 1265 1030 “
1290 1040 1304 1057 .
1352 991 1644 1054 Pausanias
1670 991 1710 1030 ‘7
1741 1040 1756 1058 .

201 1060 463 1123 Eusebius
493 1062 557 1127 ⁸⁸,
593 1073 648 1118 et
672 1067 762 1118 alii
797 1067 866 1118 ita
897 1068 1150 1121 omnibus
1171 1069 1338 1131 obvii,
1373 1079 1429 1122 ιιι
1467 1069 1753 1122 Ilerveltttn

202 1134 384 1184 mirari
413 1135 620 1197 subeat,
661 1136 750 1200 qui
807 1137 875 1189 de
907 1137 998 1189 illo
1037 1139 1178 1203 apud
1213 1140 1370 1200 alios,
1407 1151 1603 1205 praeter
1639 1139 1756 1191 Cle-

201 1213 430 1277 mentem
467 1214 742 1277 nostrum,
786 1220 845 1259 se
884 1205 1114 1274 alicujus
1149 1209 1298 1263 verbi
1346 1210 1492 1277 quod
1529 1209 1750 1277 legerit,

195 1271 505 1341 meminisse
542 1273 713 1339 palam
737 1278 971 1341 negavit.

264 1342 336 1392 De
358 1340 551 1411 Aston
576 1353 752 1396 autent
773 1340 911 1398 idem
946 1345 1237 1400 Pausanias
1259 1349 1374 1401 lucc
1403 1358 1665 1401 memorat
1684 1348 1748 1400 "z

201 1425 222 1460 σ
253 1411 468 1480 Astylus
501 1413 814 1486 Crotoniata
857 1414 1203 1485 Olytnpiacas
1242 1419 1499 1486 deinceps
1531 1428 1641 1471 tres
1684 1421 1750 1471 de

193 1493 353 1557 cursu
384 1483 620 1557 repetito
651 1485 860 1557 palmas
890 1483 1124 1557 tulitQEt
1155 1486 1314 1556 hujus
1342 1483 1582 1555 quidem,
1609 1489 1753 1557 quod

189 1545 460 1626 Hieronis
477 1545 791 1626 Dinonienis
819 1555 999 1626 studio
1027 1545 1245 1621 ductus:
1268 1545 1664 1626 Syracusanum
1694 1574 1754 1612 so

187 1621 611 1692 rettuutiatnlum
667 1633 935 1684 curasset,
990 1625 1046 1678 in
1104 1621 1500 1692 posterioribus
1545 1626 1752 1680 duabus

187 1689 438 1742 victoriis
504 1692 740 1748 infamiae
792 1709 956 1747 causa
1015 1689 1230 1749 domum
1295 1696 1627 1750 Crotoniata:
1681 1698 1746 1750 ad

1867 508 2040 560 trandi
2071 507 2341 561 licentiam
2372 519 2428 558 se
2457 507 2656 562 habere
2681 506 3080 562 dementissima
3116 506 3422 563 temeritate

1863 576 2262 646 praedicabant,
2312 577 2400 628 ubi
2457 577 2707 630 Clemens
2755 576 2920 630 variis
2979 579 3246 633 rationum
3302 595 3425 632 mo.

1864 647 2061 701 mentis
2097 646 2331 718 refellit,
2369 646 2448 718 ibi
2483 656 2668 700 contra
2710 661 2831 718 eos,
2859 647 2962 701 hoc
3007 660 3206 718 pugnat
3261 664 3420 717 argu-

1863 717 2149 770 mento“:
2185 734 2203 767 ι
2235 715 2540 782 Quinetiam
2578 729 2696 784 qnzc
2732 717 2958 778 faciunt.
2990 715 3093 772 non
3131 715 3347 773 faciunt
3365 731 3420 774 ut

1864 801 2042 856 reges,
2072 786 2164 856 sed
2197 793 2254 838 ιιι
2287 785 2577 854 mastigite;
2621 787 2928 840 clanculum
2973 789 3116 841 enim
3168 790 3419 842 commit-

1863 855 1984 909 tunt
2013 855 2298 914 adulteria.
2332 856 2586 908 timentes
2615 872 2681 910 ne
2716 857 3218 922 deprehendantur,
3251 866 3301 910 et
3337 862 3414 910 vi~

1862 935 2038 994 tantes
2069 940 2135 978 nc
2167 928 2614 986 condemnentur,
2642 938 2698 978 et
2725 937 3027 980 metuentes
3055 943 3120 980 ne
3151 928 3415 994 supplicio

1859 993 2226 1049 adiciantur.)
2284 995 2488 1060 Quibus
2543 1010 2673 1049 sane
2717 995 2894 1050 verbis
2936 997 3022 1050 ille
3071 993 3418 1064 apertissime

1858 1065 2128 1132 significat
2159 1066 2377 1118 decreta
2408 1064 2576 1119 fuisse
2621 1076 2811 1118 contra
2847 1067 3117 1120 adulteros
3165 1067 3416 1120 humanis

1858 1132 2064 1199 legibus
2106 1134 2390 1205 supplicia,
2427 1150 2546 1202 qua:
2579 1135 2628 1188 bi
2666 1136 2928 1194 haeretici,
2966 1137 3232 1190 adulteria
3266 1137 3413 1191 clan-

1859 1206 2036 1256 culum
2069 1205 2491 1265 committentes,
2521 1205 2796 1259 declinare
2824 1205 3181 1258 conabantur.

1926 1275 2143 1339 anerct
2181 1273 2362 1340 itaque
2416 1275 2611 1342 aliquis
2658 1290 2905 1342 quaenam
2951 1275 3199 1329 sint-illa!
3243 1275 3407 1341 leges.

1856 1355 2053 1396 contra
2102 1344 2378 1415 adulteros
2427 1345 2568 1415 lane.
2602 1345 2812 1412 quodve
2845 1359 3014 1412 poena:
3054 1346 3412 1415 suppliciique

1854 1429 2027 1479 genus
2069 1411 2134 1466 ab
2164 1414 2243 1466 eis
2279 1411 2650 1474 constitutum,
2685 1429 2746 1468 ac
2787 1411 2854 1466 de
2888 1430 2990 1480 qua
3031 1411 3247 1468 tandem
3294 1411 3410 1480 lege

1855 1483 2106 1553 Clemens
2134 1492 2318 1536 noster
2350 1481 2420 1535 sit
2469 1483 2871 1551 intelligendus.
2906 1481 2974 1537 Ut
3018 1485 3101 1538 his
3152 1486 3410 1553 quaestio-

1853 1551 2010 1606 nibus
2063 1556 2154 1606 liat
2192 1554 2344 1617 satis,
2373 1554 2768 1606 observandum
2801 1563 2883 1606 est
2919 1555 3115 1608 multas
3159 1551 3222 1608 ea
3255 1557 3320 1607 de
3351 1571 3408 1610 re

1851 1622 2000 1692 leges
2050 1640 2077 1676 a
2131 1623 2296 1675 variis
2351 1623 2703 1692 scriptoribus
2758 1625 3087 1688 memorari,
3148 1626 3402 1678 nimirum

1853 1691 2136 1746 Romiliam
2168 1707 2197 1744 a
2230 1691 2482 1754 Romulo,
2517 1693 2590 1745 uti
2619 1694 2796 1753 aitntt,
2831 1704 2884 1747 et
2915 1692 3108 1747 Juliatn
3138 1709 3163 1743 τι
3195 1695 3406 1749 Caesare

182 1757 394 1879 [ιώΙίρί
441 1763 680 1816 carceris
720 1780 874 1819 usum
907 1763 1250 1819 destinarant
1278 1806 1292 1824 .
1336 1776 1390 1819 ct
1425 1778 1654 1820 statuam
1694 1768 1747 1820 itt
1783 1779 1825 1837 Β
1852 1763 2121 1829 Augusto.
2157 1771 2210 1816 et
2242 1764 2375 1816 alias
2407 1783 2434 1817 a
2468 1761 2825 1819 Diocletiano.
2859 1779 2920 1816 ac
2951 1776 3072 1832 post
3113 1765 3407 1819 (.lemcntis

230 1828 616 1879 acedmmonim
657 1831 889 1879 .ltmnuis
934 1835 1133 1879 lnmnln
1180 1837 1484 1879 dedicatam
1539 1847 1748 1879 ρι’ρι-ιρ-
1855 1833 2024 1879 Itnslri
2053 1843 2264 1879 mtatem
2297 1851 2324 1879 τι
2353 1835 2705 1879 Constantino
2730 1844 2783 1879 et
2818 1831 3110 1879 Maximino
3155 1835 3304 1879 latas.
3343 1840 3406 1879 ,ιι

230 1828 616 1948 ειςῗιιεειηοιιὶαι
657 1831 889 1890 Junonis
934 1835 1133 1905 templo
1180 1837 1484 1892 dedicatam
1539 1847 1748 1891 everte-

231 1913 284 1948 tu
321 1939 336 1948 .
377 1917 397 1948 ι

180 1911 336 1954 ΐιιιιῑ.
377 1917 397 1950 ι

252 1966 439 2042 Pergit
468 1970 718 2042 Clemens
745 1974 791 2006 3°
825 1992 838 2028 :
874 1992 892 2025 ι
928 1975 1233 2042 Quinetiam
1263 1977 1550 2029 Ammbeus
1578 1977 1751 2029 citha-

179 2039 682 2116 riedtts310cnm
718 2039 1202 2116 recenternxorent
1226 2047 1527 2108 duxisset,a
1555 2062 1748 2114 sponsa

178 2108 449 2184 abstinuit
479 2108 588 2184 {et
620 2113 911 2184 Cyrenatus
951 2115 1272 2169 Aristoteles
1313 2108 1596 2169 amantcm'
1624 2116 1752 2170 Lai-

179 2175 304 2230 detn
340 2178 492 2233 solus
518 2175 782 2254 despexit.
830 2184 963 2237 Cum
995 2186 1268 2239 meretrici
1303 2185 1484 2252 itaque
1510 2186 1749 2254 jurasset

172 2259 234 2300 Sc
264 2262 390 2300 eam
429 2263 549 2304 esse
577 2252 628 2305 itt
675 2254 902 2318 patriam
939 2254 1321 2315 abducturum.
1350 2257 1392 2306 si
1418 2256 1464 2307 ei
1493 2252 1748 2308 adversus

173 2318 531 2392 decertantes
572 2322 913 2392 adversarios
946 2324 999 2375 in
1040 2324 1311 2392 aliquibus
1329 2338 1482 2392 opem
1515 2326 1744 2389 tulisset,

171 2397 467 2462 postquam
499 2391 550 2443 id
583 2391 830 2462 perfecit,
857 2393 1033 2460 lepide
1065 2411 1094 2446 a
1118 2410 1175 2445 se
1201 2391 1456 2462 scriptum
1477 2394 1748 2462 jusjuran-

169 2457 670 2536 dutnexsequens,
699 2457 944 2536 ejusque
957 2479 1004 2536 tn
1034 2457 1364 2536 simillimam
1391 2457 1616 2536 Cyrea—at
1638 2475 1747 2516 sta-

177 2529 276 2578 tuit
313 2529 634 2595 imaginem.
679 2549 698 2581 ι
729 2529 926 2585 Eadem
953 2533 1017 2585 dc
1042 2533 1132 2586 illo
1173 2542 1358 2585 narrat
1390 2529 1638 2586 [Elianus
1658 2536 1740 2586 ⁵¹ε

174 2598 539 2662 tAnttBbtens,
572 2601 760 2666 inquit,
790 2602 1141 2662 citharmdus,
1161 2603 1394 2655 maxima
1414 2602 1741 2657 continentia

167 2669 438 2732 praeditus
499 2668 665 2722 fuisse
727 2671 957 2738 dicitur,
1024 2687 1254 2732 eumque
1304 2673 1737 2726 venustissimam

167 2750 404 2810 uxorein
435 2738 689 2810 haberet,
710 2756 814 2793 non
851 2757 971 2794 cum
1002 2756 1062 2795 ea
1099 2744 1350 2795 coivisse.
1394 2761 1412 2794 ι
1449 2743 1598 2807 Quod
1625 2745 1746 2810 qui-

164 2806 292 2875 dem
328 2806 468 2860 adeo
519 2808 792 2875 singulare
840 2821 893 2862 et
941 2813 1201 2864 memoria
1256 2806 1585 2863 existimavit
1627 2806 1745 2866 esse

166 2873 431 2942 dignum,
464 2885 524 2927 ιιι
554 2873 684 2930 illud
720 2893 828 2930 sua:
870 2880 944 2932 De
973 2881 1292 2933 animalibus
1325 2880 1560 2932 historia:
1592 2883 1742 2935 inse-

164 2944 405 2996 rendnm
439 2947 616 3000 adhuc
657 2949 928 3014 putaverit
960 2949 1028 3004 ".
1061 2949 1135 3003 lbi
1182 2965 1309 3002 vero
1355 2949 1561 3002 addidit
1605 2952 1745 3005 hunc

159 3014 512 3086 Atnmbatum
543 3019 687 3068 omni
715 3027 976 3083 tempore,
1007 3035 1115 3086 quo
1135 3019 1188 3072 in
1207 3021 1596 3074 certaminibus
1622 3035 1743 3074 ver-

159 3093 410 3145 saretur,
444 3085 515 3138 ab
540 3100 601 3138 ea
627 3085 1028 3140 fomtosissima
1049 3105 1217 3142 uxore
1241 3105 1299 3142 se
1323 3090 1671 3144 abstinuisse.

235 3153 438 3228 Itaque
471 3155 644 3228 major
672 3167 754 3228 est
792 3159 858 3210 de
883 3159 1174 3212 Aristotele
1202 3158 1464 3228 Cyrenaeo
1508 3159 1730 3212 diﬂicul-

157 3230 276 3277 tas.
302 3222 418 3277 Nos
453 3222 653 3277 etenim
691 3225 952 3280 Hervetns
997 3222 1266 3282 admonet'
1289 3229 1533 3282 eumdem
1564 3230 1732 3284 {Elia-

156 3309 292 3367 ιιιιιιι
333 3293 387 3367 in
435 3293 663 3367 laudata
712 3293 869 3367 [’aria
909 3297 1126 3349 historia
1170 3299 1482 3351 meminisse
1514 3303 1729 3367 quidem

156 3363 312 3436 illius
349 3364 662 3436 Aristotelis
706 3364 946 3436 Cyrenati
973 3367 1040 3421 ⁵³.
1081 3369 1173 3421 sed
1208 3371 1272 3422 de
1301 3380 1478 3421 amata
1523 3363 1589 3423 ab
1643 3371 1732 3424 illo

151 3431 333 3509 Laide
368 3434 512 3486 niltil
546 3434 598 3509 in
648 3450 711 3509 ea
748 3431 991 3509 reperiri.
1026 3437 1221 3491 Verum
1270 3439 1314 3490 si
1353 3439 1431 3509 ad
1467 3453 1564 3509 ea,
1613 3453 1731 3509 quae

148 3503 324 3571 paulo
374 3513 508 3557 ante
555 3504 608 3556 in
658 3505 743 3558 illa
788 3503 988 3573 scripta
1039 3515 1192 3569 sunt,
1241 3508 1429 3561 oculos
1465 3503 1730 3563 l-lervetus

144 3573 556 3649 convertisset,
603 3573 672 3626 ibi
710 3586 856 3649 certe
882 3579 1134 3649 vidisset,
1161 3593 1282 3644 quin
1309 3579 1585 3649 Aristoteli
1624 3579 1730 3649 Cy-

140 3657 336 3696 renazo
393 3644 650 3714 Clentens
693 3646 901 3709 tribuit,
950 3647 1032 3699 his
1077 3661 1242 3714 pr0pe
1272 3649 1458 3700 eadem
1509 3644 1730 3703 Enbatie

143 3714 346 3766 itidem
411 3713 666 3782 Cyrenaeo
711 3714 783 3766 ita
821 3717 1017 3768 ascribi
1046 3713 1115 3770 ί(
1150 3713 1272 3770 Lais
1310 3732 1431 3769 cum
1466 3717 1726 3772 Eubatam

142 3782 223 3853 Cy
236 3799 540 3836 reneltsent
573 3785 895 3850 aspexisset,
918 3785 1300 3840 ardentissimo
1323 3787 1372 3838 in
1396 3801 1517 3840 eum
1544 3803 1728 3841 amore

137 3854 323 3922 cwpit
359 3853 629 3922 ﬂagrare,
654 3863 710 3907 et
739 3855 804 3907 de
851 3857 1232 3910 contrahendis
1281 3857 1421 3908 inter
1453 3872 1511 3910 se
1544 3866 1728 3909 ntutuo

141 3925 362 3995 nuptiis
423 3937 732 3995 sermonem
763 3924 810 3976 ei
857 3925 1170 3995 detuli_t.....
1202 3926 1432 3995 Sponsio
1475 3942 1603 3980 vero
1644 3927 1728 3979 lns

140 3993 577 4047 conditionibus
612 3994 756 4047 facta
783 4004 884 4052 est.
917 4005 974 4047 ut
1013 4005 1131 4060 post
1162 3993 1314 4048 ludos
1342 4008 1727 4063 certamenque

144 4074 272 4118 rata
312 4063 551 4116 deberet
591 4077 731 4116 esse.
763 4064 894 4118 Ctun
917 4064 1106 4134 -igitur
1134 4065 1309 4119 abiret
1344 4082 1373 4119 c
1407 4066 1723 4129 certamine,

147 4149 216 4187 ne
250 4134 552 4202 c0nventis
589 4147 690 4186 non
723 4135 941 4188 stetisse
973 4137 1245 4188 videretur
1285 4150 1414 4202 erga
1449 4136 1723 4199 feminam,

141 4205 368 4273 pictam
423 4199 603 4257 Laidis
651 4203 937 4273 imaginem
982 4205 1284 4274 deportavit
1339 4199 1520 4259 secum
1556 4207 1724 4276 Cyre-

143 4290 305 4336 ttett’t,
333 4291 354 4322 ι
398 4284 504 4326 etc.

225 4343 442 4397 Verum
474 4342 819 4408 alterutrum,
853 4352 948 4398 aut
978 4359 1041 4398 ex
1084 4359 1269 4398 eorum
1306 4343 1728 4400 amanuensibus

145 4414 411 4484 librariis
457 4413 724 4484 altquem,
776 4430 970 4467 nomen
1032 4415 1254 4484 hujusce
1307 4414 1491 4468 Laidis
1534 4416 1723 4467 antasit

143 4481 548 4545 describendo,
577 4499 790 4537 errasse
821 4487 961 4537 haud
993 4481 1214 4538 omnino
1242 4484 1462 4537 dubium
1491 4486 1721 4538 videtur.

145 4553 298 4618 Quis
352 4559 530 4603 autem
574 4567 758 4606 revera
797 4554 1095 4617 erraverit,
1136 4570 1240 4609 non
1295 4554 1451 4608 facile
1501 4554 1721 4609 dixeris.

142 4621 424 4675 Albanus
457 4629 632 4673 tamen
679 4637 798 4675 cum
830 4624 1034 4676 nullum
1069 4634 1282 4684 testem.
1317 4625 1568 4679 Clemens
1597 4640 1724 4678 vero

141 4699 455 4764 sententiae
489 4705 595 4741 sua:
625 4703 897 4764 auctorem
946 4695 1140 4746 lstrmn
1173 4693 1454 4764 producat,
1490 4694 1536 4748 is
1575 4706 1722 4748 certe

141 4761 368 4826 magis,
415 4773 572 4830 quam
625 4763 716 4814 ille
768 4776 894 4815 Vera
944 4761 1227 4830 scripsisSe
1283 4779 1388 4818 non
1453 4765 1720 4819 immerito

138 4843 396 4901 prorsus
419 4829 766 4901 dicipotcst.
809 4839 879 4884 At
926 4829 1074 4901 quia;
1096 4836 1311 4900 quidam
1360 4849 1387 4885 a
1422 4832 1637 4888 Laertio
1673 4834 1720 4865 "’

137 4899 492 4955 Aristoteles
541 4900 887 4969 Cyrenaicus,
924 4899 1013 4966 riui
1042 4899 1254 4955 Po’etica
1300 4903 1538 4969 seripsit,
1583 4906 1721 4956 alius

132 4982 348 5042 autem
397 4986 425 5020 ιι
477 4972 693 5023 Stobato
719 4970 765 5000 ”
809 4971 1046 5039 ejusdem
1095 4974 1327 5026 nominis
1375 4976 1723 5042 ejusdemque

133 5040 756 5114 patria:_tneutoratur;
796 5055 983 5114 uirum
1022 5058 1087 5096 ex
1131 5045 1211 5097 his
1253 5044 1485 5107 duobus,
1531 5047 1612 5097 vel
1634 5040 1720 5097 ex

126 5108 277 5166 libis
341 5108 616 5177 pluribus,
670 5125 806 5178 quos
845 5109 1054 5165 lonsius
1106 5125 1386 5179 recenset,
1438 5130 1578 5168 unus
1635 5116 1722 5167 ille

130 5184 372 5235 athleta
407 5179 588 5243 fuerit,
619 5191 712 5234 aut
746 5182 919 5248 reipsa
951 5181 1154 5235 Eubata
1185 5186 1593 5250 cognominatus
1625 5188 1720 5248 sit,

130 5272 166 5306 ει
208 5252 584 5321 peritioribus
611 5251 822 5305 criticis
852 5251 1099 5307 lubenter
1126 5257 1426 5310 audiemus.

219 5321 643 5376 lntolerabilem
697 5323 853 5391 plane
899 5333 1225 5378 sectatorum
1277 5323 1490 5378 Prodici
1543 5325 1719 5393 impu—

260 5474 315 5508 “
348 5485 479 5547 tom.
511 5475 548 5537 Ι,
582 5475 634 5530 in
659 5474 964 5546 Protagor.,
995 5492 1116 5547 pag.
1141 5477 1272 5547 555.

135 5548 287 5621 71790.
365 5546 417 5621 '°_
440 5547 592 5621 ibid?
623 5563 680 5621 p._
705 5547 830 5621 M7.
888 5548 1028 5621 A'Ll.
1053 5546 1348 5621 ttt__Variar.
1375 5547 1529 5621 hi_st.,
1567 5548 1714 5621 §_24.

130 5620 192 5699 ξι
241 5620 354 5699 l._v
404 5613 1027 5699 itt__V_ita'At:i_st.,-§.35.
1100 5618 1146 5648 "
1183 5632 1347 5699 sentt.
1376 5613 1723 5699 62‘3‘p:§9§.

130 5694 265 5817 liis
298 5686 353 5740 "

1368 5477 1414 5508 “
1445 5477 1480 5530 l.
1511 5495 1580 5532 χιι
1610 5477 1825 5546 Bibl.,p.
1851 5480 1940 5536 85.

1793 5550 1838 5580 ⁸²
1878 5552 1912 5603 l.
1945 5567 1995 5604 vt
2029 5551 2102 5606 De
2135 5553 2436 5616 auitnal.,c.
2485 5553 2533 5606 l.

1855 1833 2024 1886 nostri
2053 1843 2264 1886 :ntatem
2297 1851 2324 1887 a
2353 1835 2705 1888 Constantino
2730 1844 2783 1886 et
2817 1831 3110 1887 Maximino
3154 1835 3304 1886 latas.
3343 1840 3406 1886 At

1852 1904 2101 1972 etnudem
2139 1903 2470 1957 Clementem
2517 1911 2757 1956 nostrum
2792 1905 2856 1956 de
2900 1905 3014 1972 lege
3054 1904 3191 1958 Julia
3239 1903 3404 1956 fuisse

1851 1970 2112 2033 locutum,
2141 1973 2264 2026 inde
2297 1973 2435 2026 haud
2471 1989 2692 2040 prorsus
2731 1975 2906 2040 inepte
2935 1970 3224 2041 colligitur,
3259 1978 3402 2042 quod

1851 2056 1914 2110 ea
1957 2043 2041 2096 lex
2100 2045 2308 2096 caeteris
2361 2045 2613 2096 omnibus
2661 2044 2828 2110 magis
2890 2043 3115 2096 illustris
3149 2054 3204 2096 et
3257 2046 3402 2097 cclc-

1850 2109 2039 2172 brata,
2078 2113 2357 2181 magisque
2402 2114 2452 2164 itt
2489 2129 2618 2176 usu,
2669 2121 2831 2180 atque
2871 2114 2939 2165 ab
2988 2115 3109 2167 aliis
3149 2113 3403 2177 deinceps

1849 2182 2043 2248 sa'pius
2077 2183 2425 2242 conlirmata,
2464 2193 2558 2234 aut
2592 2184 2919 2236 moderatius
2975 2193 3306 2249 temperata,
3351 2196 3406 2236 et

1848 2251 2146 2322 explicata,
2191 2262 2282 2305 aut
2333 2252 2584 2322 supplicii
2638 2253 2806 2306 etiam
2853 2254 3142 2306 atrocitate
3187 2255 3404 2322 gravior

1847 2318 1985 2372 facta
2021 2323 2200 2375 fuerit.

1921 2388 2114 2444 Verum
2161 2392 2438 2444 enimvero
2476 2390 2619 2459 quod
2652 2391 2719 2444 ad
2755 2405 2970 2460 pmnam
3003 2392 3071 2445 ab
3105 2391 3211 2446 illis
3257 2391 3400 2443 irro-

1846 2468 2024 2528 gatam
2065 2471 2304 2528 spectat,
2351 2461 2524 2514 fertur
2575 2460 2850 2514 adulteros
2899 2463 3013 2529 lege
3061 2461 3288 2514 Romilio
3347 2471 3401 2512 et

1846 2529 1984 2584 Julia
2011 2532 2191 2597 capite
2218 2530 2383 2584 fuisse
2414 2532 2720 2584 damnatos.
2749 2530 2944 2584 Postea
2978 2545 3105 2584 vero
3131 2531 3399 2584 Constans

1848 2602 2164 2670 imperator,
2211 2600 2548 2670 Constantini
2602 2599 2774 2670 Magni
2823 2601 2995 2665 filius,
3031 2603 3149 2670 lege
3190 2602 3254 2653 ad
3291 2602 3396 2654 Ca-

1849 2669 2092 2722 tullinum
2125 2685 2266 2724 anno
2299 2669 2402 2723 559
2443 2669 2592 2730 data,
2626 2669 2781 2738 longe
2819 2671 3038 2738 gravius
3072 2669 3124 2722 ιιι
3155 2685 3248 2722 eos
3277 2684 3400 2733 Sup.

1846 2739 2067 2807 plicinnt
2103 2739 2187 2793 his
2221 2741 2401 2793 verbis
2435 2739 2694 2791 indixit"
2724 2757 2738 2792 :
2776 2757 2794 2788 ι
2832 2739 3137 2806 Sacrilegos
3181 2742 3400 2807 nuptia-

1849 2824 1966 2860 rum
2008 2820 2263 2878 tanquam
2303 2809 2601 2878 parricidas
2651 2809 2867 2878 insuere
2895 2809 3066 2861 culleo
3105 2809 3278 2868 vivos,
3312 2809 3396 2861 vel

1846 2891 2076 2946 exurere
2107 2877 2441 2946 iudicantem
2470 2886 2706 2945 oportet.
2731 2896 2748 2929 ι
2807 2877 2910 2931 Sed
2947 2893 3068 2930 cum
3123 2879 3236 2930 lucc
3279 2880 3394 2945 ipsa

1846 2945 1930 2999 lex
1955 2947 2228 3002 Clemente
2254 2957 2442 3002 nostro
2472 2950 2740 3000 recentior
2760 2947 2854 3011 sit,
2883 2948 2970 3002 ille
2997 2947 3063 2999 de
3090 2948 3203 3016 lege
3227 2947 3394 3014 Julia,

1846 3018 1923 3088 uti
1959 3017 2219 3088 diximus,
2246 3027 2299 3070 et
2323 3017 2588 3087 supplicio
2610 3021 2676 3072 ab
2703 3032 2766 3072 ea
2792 3020 2995 3072 sancito
3017 3019 3204 3088 procul
3228 3018 3394 3072 duino

1847 3085 2070 3153 intelligi
2106 3089 2286 3141 debet.

1912 3158 2048 3228 Quid
2083 3172 2235 3227 ergo,
2260 3167 2450 3223 arguet
2481 3157 2697 3227 aliquis,
2734 3172 2914 3211 nonne
2944 3157 3278 3228 Augustinus
3309 3157 3395 3211 di-

1835 3227 2131 3281 sertissime
2190 3239 2353 3293 negat
2403 3229 2568 3281 ullam
2635 3229 2828 3296 capitis
2885 3227 3100 3294 pinnam
3156 3229 3392 3296 antiquis

1835 3297 2205 3349 Romanorum
2240 3299 2468 3367 legibus,
2515 3313 2579 3352 ac
2621 3295 2846 3366 pruinde
2878 3299 3110 3351 lloutilia
3151 3307 3208 3350 et
3247 3295 3390 3350 Julia

1833 3377 2018 3419 contra
2053 3367 2328 3420 adulteros
2359 3377 2613 3420 statutam
2660 3367 2843 3425 fuisse,
2891 3368 2977 3420 ubi
3033 3368 3254 3419 totidem
3305 3368 3394 3420 ille

1833 3436 2012 3488 verbis
2044 3437 2261 3502 scripsit
2285 3438 2330 3468 ⁵⁸
2359 3453 2372 3490 :
2417 3453 2436 3486 ι
2469 3435 2695 3490 Romani
2738 3437 2945 3504 antiqui
2977 3434 3031 3488 itt
3069 3445 3258 3504 stupro
3295 3438 3390 3488 de-

1834 3515 2006 3559 tectas
2053 3504 2222 3559 Vesta:
2262 3507 2576 3561 sacerdotes
2621 3507 2767 3558 vivas
2801 3503 3181 3565 detodiebant';
3232 3507 3389 3558 adul-

1833 3583 1976 3628 teras
2006 3583 2183 3628 autem
2223 3576 2476 3636 feutinas,
2503 3577 2748 3642 quamvis
2797 3574 2976 3640 aliqtta
3012 3577 3384 3636 damnatione,

1831 3644 1974 3696 nulla
2006 3653 2184 3699 tamen
2236 3656 2409 3699 morte
2442 3645 2762 3713 plectebant.
2792 3660 2810 3693 ι
2867 3645 2971 3696 Sed
3028 3645 3118 3696 ille
3153 3646 3217 3696 de
3271 3645 3390 3710 lege

1831 3714 2082 3773 llomilia,
2118 3713 2267 3780 cujus
2314 3717 2548 3769 edictum
2593 3730 2697 3766 non
2745 3714 2966 3767 omnino
3014 3722 3218 3766 certum
3268 3725 3388 3779 est,

1829 3786 1912 3836 vel
1960 3786 2024 3838 tle
2077 3785 2396 3852 quibusdam
2441 3785 2562 3837 aliis
2614 3783 2983 3848 antiquorum,
3014 3793 3070 3834 ιιι
3115 3787 3227 3850 ipse
3277 3785 3383 3845 ait,

1831 3855 2196 3907 llomanmutn
2229 3864 2356 3907 ante
2385 3854 2608 3922 Augusti
2643 3863 2882 3922 aetatem,
2908 3868 2971 3907 ac
3007 3855 3230 3920 proinde
3259 3866 3387 3907 ante

1826 3924 2018 3978 Juliam
2051 3924 2366 3976 constitutis
2403 3921 2612 3992 legibus
2641 3924 2806 3975 verba
2840 3921 3038 3977 fecisse
3072 3936 3200 3976 vero
3236 3938 3386 3990 pror-

1827 4009 1919 4048 sus
1948 3994 2121 4048 simile
2151 4004 2252 4045 est.
2278 3995 2360 4046 Ab
2384 3995 2627 4046 Arnobio
2658 3993 2924 4060 siquidem
2966 4003 3094 4046 ante
3141 3993 3386 4058 ejusdem

1827 4066 2108 4132 Augustini
2156 4072 2396 4132 tempora
2448 4063 2574 4116 illud
2629 4063 2827 4115 litteris
2879 4064 3190 4115 mandatum
3247 4063 3386 4130 legi-

1828 4131 1946 4187 tnus
1967 4135 2055 4187 ⁸ος
2094 4151 2112 4182 ι
2144 4131 2223 4184 Ad
2271 4134 2548 4186 libidinem
2581 4134 2827 4186 homines
2874 4134 3069 4200 proni,
3117 4143 3278 4199 atque
3315 4134 3382 4184 ad

1828 4205 2163 4272 voluptatum
2197 4203 2482 4256 blanditias
2509 4213 2714 4255 natura:
2739 4202 3060 4255 inlirmitate
3091 4205 3384 4270 proclives;

1827 4275 2098 4328 adulteria
2153 4283 2331 4326 tamen
2383 4273 2589 4343 legibus
2636 4273 2936 4332 vindicant,
2971 4283 3026 4325 et
3065 4273 3390 4339 capitalibus

1828 4344 2069 4398 alliciunt
2113 4357 2206 4396 eos
2251 4343 2444 4410 pretiis,
2481 4357 2616 4409 quos
2651 4343 2703 4394 in
2753 4343 2927 4393 aliena
2963 4344 3390 4407 comprehende-

1832 4417 1941 4466 rint
1991 4416 2192 4467 foadera
2233 4414 2462 4480 genialis
2515 4427 2573 4466 se
2626 4412 2803 4465 lectuli
2858 4413 3257 4481 expugnatione
3301 4411 3387 4476 je-

1833 4486 1989 4537 cisse.
2016 4502 2034 4534 ι
2087 4483 2294 4535 νὶιιρδιε
2329 4483 2614 4549 Ulpianunt
2667 4483 2761 4534 lib.
2794 4495 2831 4533 ιι
2873 4485 2939 4535 ad
2989 4485 3159 4550 legent
3195 4481 3302 4532 Jul.
3336 4490 3392 4535 et

1833 4555 1928 4606 lib.
1960 4569 2009 4606 tv
2043 4553 2117 4606 De
2163 4554 2424 4612 adultam;
2477 4552 2770 4620 l’apianutu
2819 4553 2909 4604 lib.
2952 4569 2966 4605 l
3014 4551 3090 4604 De
3129 4552 3388 4615 adulter.;

1829 4623 2050 4677 Paulum
2083 4623 2378 4677 Manutiutn
2429 4622 2522 4674 lib.
2557 4624 2628 4675 De
2670 4622 2824 4690 tegib.
2851 4621 3028 4685 liom.,
3061 4638 3179 4687 cap.
3213 4623 3302 4682 l9,
3332 4633 3390 4674 et

1827 4693 2176 4748 Godefridum
2231 4693 2282 4744 ιιι
2323 4695 2540 4745 citatam
2574 4708 2604 4744 a
2654 4695 2812 4746 nobis
2853 4692 3165 4747 Constantts
3209 4694 3386 4761 legem

1831 4775 1957 4817 tont.
1988 4763 2049 4816 IV
2079 4763 2211 4833 Cod.
2241 4761 2523 4824 Theodos,
2554 4778 2676 4833 pag.
2701 4761 2825 4816 296.

1901 4833 2076 4887 Aliam
2123 4832 2691 4902 liomanorumilegeut
2743 4835 2797 4885 in
2845 4833 3236 4902 przegnantium
3273 4846 3392 4883 mu-

1827 4903 2021 4958 lierum
2071 4905 2300 4972 gratiam
2352 4903 2436 4956 his
2487 4901 2739 4956 Clemens
2782 4901 3125 4956 verbtsalibi
3184 4918 3388 4954 memo-

1829 4985 1914 5028 rat
1936 4975 2024 5027 ‘3:
2061 4990 2080 5024 ι
2111 4972 2368 5035 Romani,
2413 4975 2457 5026 si
2504 4987 2608 5040 qua
2649 4973 2840 5026 mulier
2891 4987 3173 5039 prtegnaus
3226 4974 3390 5025 fuerit

1829 5047 2080 5098 damnata
2118 5044 2334 5111 capitis,
2375 5060 2478 5097 non
2516 5045 2665 5111 prius
2712 5043 3034 5111 permittunt
3084 5054 3141 5096 ut
3193 5041 3387 5108 suppli-

1828 5117 1968 5168 cium
1998 5116 2211 5176 subeat,
2241 5128 2400 5178 quant
2433 5115 2758 5182 pepererit.»
2805 5113 3092 5165 Plutarcho
3131 5125 3308 5165 autem
3342 5113 3387 5164 si

1827 5186 2116 5247 credimus,
2157 5188 2268 5237 haec
2302 5185 2387 5238 lex
2436 5188 2504 5237 ab
2539 5183 2808 5252 Aigyptiis
2850 5189 3084 5251 primum
3135 5185 3241 5235 lata
3283 5192 3384 5242 cit,

1826 5271 1983 5323 quant
2034 5259 2102 5309 ab
2153 5255 2257 5308 illis
2295 5256 2512 5322 qttidant
2562 5254 2739 5308 Graeci
2779 5264 2960 5320 postea
3022 5261 3384 5323 acceperunt:

1831 5345 1848 5374 ι
1878 5325 2097 5394 Legem,
2128 5326 2304 5393 inquit
2326 5326 2391 5389 ⁸⁸,
2423 5324 2731 5394 Egyptiam
2766 5339 2944 5378 nonne
2968 5324 3216 5377 videntur
3245 5331 3387 5375 recte

2040 5480 2081 5512 "
2113 5482 2148 5534 Ι.
2178 5497 2228 5542 v.
2256 5497 2308 5549 p.
2337 5481 2457 5539 172.
2560 5479 2605 5510 ⁸⁸
2634 5480 2685 5534 ἰιι
2714 5481 2911 5536 Chron.
3020 5479 3063 5509 "
3093 5479 3128 5532 Ι.
3163 5495 3238 5544 vt,
3265 5492 3388 5548 pag.

2613 5551 2658 5581 "
2693 5552 2783 5604 lib.
2817 5568 2849 5606 ι
2904 5551 3027 5604 Var.
3075 5553 3223 5612 hist.,
3261 5553 3288 5621 ᾗ
3329 5557 3385 5604 8.

1811 5620 1856 5650 ⁸⁸
1898 5623 2102 5676 Strom.
2136 5625 2174 5677 l.
2200 5639 2282 5686 ιιι,
2314 5636 2365 5689 p.
2394 5623 2518 5678 458.
2592 5622 2636 5654 ⁸⁷
2679 5624 2817 5678 titul.
2839 5623 3075 5687 Quorum
3112 5620 3389 5689 appeliat.,

464 5685 512 5717 "
542 5686 578 5739 Ι.
608 5702 681 5765 _t_tt
717 5689 788 5765 ile
825 5685 1002 5765 civit"
1027 5704 1156 5765 cap.
1186 5689 1240 5751 5,
1274 5703 1393 5756 pag.
1415 5685 1521 5760 .62;
1595 5691 1641 5765 ξ’
1680 5694 1715 5743 l.
1744 5706 1796 5744 tv
1825 5691 2247 5765 advers.j_gcnt.,
2293 5685 2415 5765 post
2456 5695 2714 5749 medium.
2788 5685 2873 5765 _“
2903 5693 3106 5747 Strom.
3145 5685 3196 5746 Ῑζ
3217 5705 3292 5756 tt,
3329 5705 3388 5764 ρ.

369 5758 410 5789 ⁶⁴
445 5767 577 5814 tom.
607 5758 681 5822 ll,
720 5759 794 5813 De
825 5759 910 5815 bis
947 5761 1038 5830 qui
1075 5774 1195 5825 sero
1227 5775 1256 5814 ιι
1296 5758 1444 5814 ιιιιιιι.
1486 5760 1802 5831 puniuntur,
1853 5775 1973 5834 pag.
1998 5758 2131 5818 55-2.
2235 5758 2241 5760 ’
2293 5758 2312 5765 ”
2788 5761 2806 5768 ’
