3902 6308
269 260 292 313 1
307 254 403 314 M9

1299 249 1382 304 DE
1420 250 1598 306 ALIIS
1633 249 1834 306 CLEM.
1875 247 2081 306 ALEX.
2122 247 2323 306 OPER.

3358 251 3494 311 1450

265 365 691 438 evidentissima,
717 365 880 438 trium
935 365 1128 438 horum
1180 365 1616 438 doctissimorum
1650 367 1823 420 Itotni-
1853 371 1895 426 Α
1929 363 2663 438 praecedentium“librorum
2697 365 2942 428 materia.
2993 367 3377 438 scribendique
3405 387 3497 424 ηδ

267 459 388 496 num
425 437 732 494 testimonio
766 436 925 504 plane
963 435 1323 490 convincitur.
1383 435 1514 489 Nam
1554 438 1587 490 ii
1631 453 1824 504 magno

265 525 390 566 sane
421 522 683 563 consensu
729 506 871 558 hanc
918 506 1088 574 ipsam
1145 505 1577 559 lucubrationem
1629 506 1823 559 librum

267 581 556 650 appellant,
589 587 642 633 et
675 576 815 632 inter
861 574 995 630 alios
1020 575 1312 631 Clementis
1347 577 1513 630 nostri
1547 576 1712 630 libros
1742 591 1826 630 re-

265 658 504 708 censent.

335 720 524 776 Utrum
551 730 676 770 vero
704 715 750 768 is
781 714 916 768 liber
939 730 1005 768 ex
1037 714 1299 782 pluribus.
1335 725 1428 768 aut
1457 729 1559 768 una
1594 716 1822 782 quadam

267 789 502 848 homilia.
539 802 567 840 a
602 785 879 839 Clemente
911 796 1098 854 nostro
1121 784 1188 838 ad
1221 784 1474 854 populum
1507 784 1824 838 Alexandri-

267 875 392 914 num
421 857 624 918 habita,
655 868 718 908 ac
747 853 1090 923 postmodum
1123 853 1232 907 non
1256 855 1372 908 sine
1398 854 1825 923 amplificatione

271 931 322 983 itt
348 928 463 982 libri
497 925 724 979 formam
765 925 1001 986 redacta,
1040 924 1373 993 compositus
1399 924 1490 985 sit,
1527 925 1689 978 sicuti
1726 926 1823 980 de-

268 1000 420 1053 [inire
446 1010 549 1050 non
585 995 867 1053 audemus,
909 994 982 1047 ita
1013 993 1154 1047 haud
1188 1002 1391 1048 temere
1415 993 1599 1048 dicere
1638 1009 1824 1062 possu-

270 1084 390 1122 mus
423 1067 510 1118 vix
546 1064 706 1118 ullam
733 1063 786 1116 in
809 1077 874 1118 eo
904 1063 1133 1132 amplius
1163 1072 1377 1117 exstare
1403 1064 1676 1118 concionis
1703 1079 1824 1132 spe-

266 1139 423 1198 ciem.
460 1148 632 1204 neque
662 1133 818 1193 alios,
852 1133 956 1204 nisi
991 1132 1129 1204 Alibri
1161 1133 1411 1204 omnibus
1441 1132 1557 1204 suis
1585 1136 1824 1188 numeris

265 1208 456 1275 expleti
497 1201 865 1275 characteres.
905 1201 1131 1275 Quidam
1166 1211 1341 1275 tamen
1375 1201 1824 1275 in__i_llo‘tt_onnnl-

266 1271 345 1330 las
372 1274 648 1330 concionis
697 1281 853 1326 notas
887 1271 1341 1326 animadvertisse
1394 1271 1496 1326 sibi
1528 1272 1624 1325 visi
1677 1285 1820 1331 sunt.

262 1346 456 1415 quibus
488 1345 530 1399 si
585 1341 898 1415 sull‘ragium
928 1350 1171 1415 nostrum
1207 1343 1503 1415 ferendum
1531 1356 1652 1396 esse
1681 1354 1824 1398 recte

264 1412 597 1485 probaveris,
631 1412 958 1485 haudplane
988 1412 1381 1485 refragabimur
1400 1413 1466 1485 ἰ,

329 1490 444 1552 Qua
481 1493 661 1538 autem
696 1481 909 1552 ratione
956 1482 1022 1552 ad
1055 1495 1178 1552 eum
1211 1481 1555 1552 scribendum
1585 1491 1820 1536 mentem

260 1550 416 1608 sua—tn
451 1563 642 1609 auctor
663 1551 950 1620 appulerit,
985 1550 1127 1604 hunc
1160 1550 1213 1604 in
1247 1550 1461 1604 modum
1486 1552 1720 1604 declarat
1743 1554 1818 1605 9‘:

165 1655 174 1664 -
266 1644 284 1676 ι
309 1625 450 1678 Nihil
485 1624 563 1679 sic
603 1619 778 1690 juvat.
808 1635 874 1676 ac
907 1621 1018 1690 ipsa
1052 1635 1242 1690 rursus
1266 1621 1458 1674 audire
1487 1622 1668 1683 verba,
1703 1636 1822 1688 qu:e

1930 434 2075 489 tione
2101 438 2322 505 omnino
2347 434 2626 496 differens,
2653 450 2716 490 ac
2750 438 2961 504 penitus
2989 439 3246 492 dissimile
3262 434 3302 491 ἵ
3324 441 3493 505 Quiu-

1929 506 2038 576 imo
2065 521 2254 559 omnes
2289 504 2443 559 facile
2474 507 2792 576 concedent,
2830 521 2951 560 cum
2985 507 3084 560 sub
3115 510 3331 576 septimi
3353 504 3491 563 libri

1929 575 2084 629 finem
2117 576 2370 647 Clemens
2398 575 2725 647 scripserit;
2761 592 2779 624 ι
2802 575 3198 644 Aggrediamur
3229 580 3372 647 quod
3408 595 3497 632 sn-

1929 660 2048 698 mus
2071 646 2314 714 polliciti,
2336 664 2354 695 ι
2389 660 2510 699 eum
2543 644 2593 695 in
2622 645 2994 712 subsequeuti,
3044 646 3089 700 si
3127 644 3303 702 tamen
3341 649 3490 702 illum

1927 714 2217 784 aliquando
2245 715 2626 783 composuerit.
2683 715 2819 768 Ιίυτο
2853 717 2918 768 de
2947 718 3030 768 his
3069 717 3390 784 disputasse‘
3423 720 3492 774 de

1925 783 2124 852 quibus
2174 799 2233 839 se
2281 786 2674 855 disputaturum
2731 798 2851 838 esse
2905 785 3102 838 ibidem
3151 783 3492 855 promiserat.

1925 856 2179 925 Attidem
2225 870 2380 908 suam
2435 854 2505 925 ibi
2539 854 2879 925 obligat-erat
2934 855 3050 908 fore
3088 854 3160 908 ut
3199 858 3491 925 aliquando

1926 923 2362 992 philosophorum
2414 923 2779 983 ethnicorum,
2829 931 2990 992 atque
3026 923 3331 980 nostrorum
3381 929 3488 980 hae-

1928 993 2240 1055 reticorum,
2293 1008 2357 1046 ac
2405 993 2724 1046 nominatim
2780 993 2990 1048 Prodici
3028 1005 3084 1048 et
3148 995 3492 1050 Marcionita-

1927 1077 2050 1134 runt
2075 1063 2429 1134 impugnaret
2457 1077 2694 1134 errores,
2723 1064 3080 1134 atqueetiatn
3123 1065 3188 1118 de
3219 1081 3357 1120 verae
3390 1066 3490 1120 Ec-

1924 1131 2104 1186 clesia:
2131 1131 2274 1186 notis
2301 1144 2356 1187 et
2385 1133 2814 1205 characteribus.
2841 1133 3079 1205 aliisque
3093 1135 3159 1188 de
3182 1135 3344 1189 rebus
3367 1151 3494 1205 age-

1927 1211 2030 1266 ret,
2064 1204 2128 1256 de
2157 1205 2352 1272 quibus
2387 1201 2518 1256 nihil
2547 1202 2725 1269 plane,
2763 1218 2825 1256 ac
2857 1217 2924 1254 tte
2951 1203 3232 1256 minimum
3270 1201 3490 1272 quidem

1925 1271 2211 1342 vestigium
2263 1273 2315 1326 itt
2348 1288 2434 1336 eo,
2483 1272 2549 1342 de
2599 1287 2705 1339 quo
2735 1273 2962 1342 agimus,
3013 1271 3154 1327 libro
3203 1271 3490 1342 reperitur.

1924 1340 2226 1408 Singularis
2262 1345 2442 1412 itaque
2486 1340 2572 1412 hic
2620 1340 2899 1404 liber‘est,
2936 1359 2965 1393 a
3001 1353 3206 1410 septem
3253 1340 3492 1398 Strame-

1924 1421 2034 1464 tum
2071 1413 2222 1466 libris
2248 1415 2470 1467 omnino
2497 1411 2768 1478 diversus,
2797 1425 2896 1466 nec
2920 1424 3108 1466 eorum
3132 1422 3356 1469 octavus
3384 1416 3490 1469 ullo

1925 1497 2162 1550 unquam
2189 1481 2311 1550 jure
2334 1483 2438 1536 dici
2471 1481 2664 1550 po-tuit.

1993 1549 2112 1617 Quo
2143 1549 2323 1606 autem
2363 1549 2604 1618 tempore
2641 1565 2669 1604 a
2699 1549 2976 1606 Cletnente
3012 1550 3490 1616 Alexattdrino,'si

1925 1636 2112 1692 revera
2162 1625 2283 1690 ejus
2327 1630 2524 1677 auctor
2552 1619 2739 1683 fuerit,
2791 1622 2989 1688 publici
3023 1623 3200 1676 factus
3230 1625 3298 1676 sit
3328 1623 3489 1692 juris,

261 1695 314 1747 in
345 1689 647 1762 Evangeliis
668 1689 934 1760 exposita,
971 1704 1069 1745 nec
1090 1689 1239 1762 justo
1265 1690 1398 1762 satis
1429 1691 1702 1762 examine.
1735 1702 1819 1745 at-
1856 1705 1898 1758 Β
1926 1691 2068 1762 dictu
2105 1689 2208 1744 non
2240 1693 2458 1745 omnino
2481 1701 2789 1762 promptum
2812 1701 2865 1745 et
2887 1693 3193 1760 expeditum
3221 1689 3340 1747 est.'
3365 1692 3492 1747 Nul-

259 1779 364 1830 que
390 1759 576 1818 errore
604 1759 944 1816 auditoribus
969 1776 1079 1830 pra:
1118 1759 1346 1813 infantia
1380 1761 1574 1814 mentis
1603 1770 1819 1829 accepta

263 1835 525 1886 hactenus
553 1847 646 1887 vos
675 1832 1084 1884 conturbarunt.
1106 1847 1124 1879 ι
1169 1831 1238 1883 At
1265 1831 1352 1884 bis
1384 1830 1471 1883 ille
1499 1832 1678 1883 verbis
1706 1833 1821 1898 pla-

259 1918 388 1956 nunt
421 1902 672 1956 omnibus
696 1899 827 1954 facit
851 1902 1111 1968 quosdam
1134 1913 1233 1953 suo
1257 1901 1534 1954 exstitisse
1563 1908 1820 1968 tempore,

259 1988 397 2040 quos
419 1972 617 2026 Christi
642 1972 707 2024 ad
732 1969 952 2024 divitem
977 1972 1136 2024 verba
1161 1971 1642 2040 conturbaveraut.
1683 1971 1818 2023 Nam

259 2039 324 2095 ea
372 2057 502 2096 vero
533 2051 790 2109 rectoque
838 2054 1000 2094 sensu
1047 2055 1152 2093 non
1201 2039 1554 2107 accipientes,
1607 2053 1820 2093 omnem

261 2127 484 2177 prorsus
515 2113 580 2164 de
607 2111 830 2164 divitum
863 2111 1035 2164 salute
1066 2122 1215 2177 spem
1242 2109 1542 2177 perdidisse
1570 2109 1824 2162 videban-

264 2191 372 2237 tur.
409 2181 487 2235 Ad
517 2196 636 2235 eam
665 2182 844 2248 itaque
868 2181 1306 2240 commotionem,
1334 2178 1819 2245 perturbationem-

259 2265 366 2318 que
400 2252 710 2318 sedandam,
762 2265 825 2303 ac
861 2249 1072 2318 falsam,
1107 2263 1210 2318 qua
1248 2248 1659 2318 itnbuti__erattt,
1706 2249 1822 2316 opi-

262 2315 478 2373 nionem
513 2337 579 2374 ex
626 2315 809 2374 eorum
842 2317 1038 2372 animis
1085 2315 1298 2386 penitus
1345 2315 1700 2382 evellendam,
1741 2315 1818 2371 ad

262 2390 405 2444 hanc
437 2389 864 2444 lucubrationem
899 2388 1244 2442 scribendam
1275 2387 1515 2440 animum
1561 2402 1622 2442 se
1649 2402 1819 2456 appu-

260 2458 394 2513 lisse
421 2459 560 2512 haud
590 2461 820 2514 obscure
851 2456 1138 2528 significat.

328 2528 499 2598 Dictu
534 2528 697 2596 igitur
739 2524 1199 2598 longe’dillicilius
1229 2535 1310 2598 est
1357 2538 1519 2598 quem
1568 2524 1820 2598 Clemens

257 2598 441 2652 varias
489 2595 633 2652 inter
663 2613 790 2653 suas
833 2595 1231 2652 lucubrationes
1281 2596 1405 2650 huic
1453 2595 1592 2650 libro
1639 2596 1815 2650 locum

257 2668 484 2722 dederit.
527 2667 582 2721 ln
613 2668 933 2736 quibusdam
966 2665 1231 2736 siquidem
1278 2664 1552 2736 codicibus
1589 2669 1814 2722 octavus

258 2736 599 2807 StromgtumA
630 2734 750 2807 ejus
811 2738 966 2800 liber,
1004 2745 1140 2790 teste
1183 2734 1466 2807 letio",
1522 2736 1817 2807 inscriptus

259 2806 382 2860 fuit.
424 2805 530 2860 Sed
580 2805 770 2861 falsum
799 2807 1020 2859 omnino
1062 2819 1184 2859 esse
1235 2807 1375 2858 hunc
1423 2805 1636 2857 titulum
1689 2807 1815 2858 inde

258 2877 490 2945 primunt
517 2877 917 2945 evidentissime
941 2877 1362 2945 demonstratur,
1388 2875 1530 2942 quod
1561 2876 1648 2929 hic
1675 2877 1815 2930 liber

257 2944 326 2999 ab
357 2946 474 3014 ipso
504 2944 831 2999 Stromatnm
864 2946 1097 3007 nomine,
1132 2955 1187 2998 et
1227 2944 1295 2997 ab
1329 2945 1466 3012 ipsa,
1507 2959 1612 3013 qua
1654 2945 1812 3001 Stroo

257 3027 457 3096 rnatum
489 3015 608 3094 libri
638 3015 824 3096 scripti
856 3024 1002 3077 sunt,
1033 3014 1242 3068 ratione
1271 3016 1496 3096 penitus
1522 3018 1808 3096 discrepet.
1840 3041 1882 3096 ο

258 3083 385 3138 λιες
419 3085 616 3153 quippe
645 3083 972 3139 Strumatum
1019 3087 1426 3144 commentaria,
1463 3085 1548 3154 uti
1573 3101 1637 3140 ex
1670 3083 1814 3154 ipso-

258 3163 368 3208 tttet
414 3154 691 3208 Clemente
735 3155 982 3223 superius
1044 3154 1420 3207 adnotavimus
1459 3153 1542 3218 “,
1593 3174 1612 3207 σ
1664 3153 1816 3210 varia

256 3232 406 3286 sunt,
457 3233 512 3278 et
559 3234 616 3277 ut
645 3228 821 3291 ipsum
855 3237 1046 3277 nomen
1098 3224 1318 3285 indicat,
1370 3223 1515 3277 varie
1541 3223 1814 3289 contexta,

252 3293 322 3346 ab
348 3293 462 3346 alio
489 3295 555 3347 ad
587 3293 730 3348 aliud
777 3295 1061 3348 continens
1099 3294 1463 3357 transeuntia,
1491 3304 1547 3347 et.
1577 3311 1673 3363 per
1699 3311 1818 3348 ver-

249 3363 450 3436 borum
480 3365 695 3436 quidem
728 3365 1060 3436 serietn._ac
1092 3373 1425 3436 contextum,
1470 3365 1617 3436 aliud
1653 3365 1814 3436 signi-

249 3432 499 3496 ﬁcantia,
529 3433 671 3487 aliud
701 3448 829 3488 vero
871 3433 1184 3487 indicantia.
1213 3450 1232 3483 ι
1304 3433 1579 3498 Quocirca
1633 3432 1820 3490 rursus

245 3503 389 3555 alibi
424 3505 491 3557 de
522 3504 626 3558 illis
665 3505 739 3557 ita
772 3505 1049 3573 loquitur:
1080 3521 1098 3553 ι
1125 3503 1195 3558 lis
1229 3517 1369 3572 quae,
1405 3513 1564 3572 prout
1602 3509 1819 3561 occasio

247 3587 381 3646 sese
407 3574 624 3636 obtulit.
653 3573 782 3646 mihi
807 3581 1066 3626 venerunt
1085 3573 1138 3627 in
1176 3583 1430 3638 mentem,
1461 3583 1706 3646 etneque
1733 3592 1820 3630 or-

247 3644 408 3704 dine,
442 3657 614 3712 neque
654 3644 889 3698 dictione
918 3654 1045 3697 sunt
1066 3654 1386 3712 expurgatu,
1431 3644 1525 3698 sed
1551 3644 1634 3700 de
1665 3647 1818 3700 indu-

247 3715 395 3786 stria
425 3712 666 3786 dispersa
692 3723 837 3776 sunt,
864 3713 1157 3786 permistiut
1183 3714 1337 3767 nobis
1364 3718 1533 3768 instar
1560 3719 1697 3786 prati
1728 3732 1820 3769 va-

251 3782 399 3835 riata
422 3793 506 3835 est
523 3782 847 3837 Stromatunt
872 3784 1184 3851 descriptio.
1204 3800 1223 3831 ι

323 3853 537 3907 Deinde
562 3867 692 3907 vero
719 3854 915 3906 ibidem
946 3853 1281 3907 ostendimus
1309 3866 1478 3907 sacrae
1509 3864 1705 3909 nostrae
1733 3857 1823 3912 do-

255 3923 452 3976 ctrinae
482 3933 891 3993 nostrorumque
919 3923 1274 3977 sacratiorunt
1308 3924 1689 3993 mySteriorum
1726 3943 1821 3981 ex-

257 3993 631 4060 planationem
661 3992 744 4046 his
782 3992 838 4046 itt
885 3993 1045 4064 libris
1068 4006 1190 4064 cunt
1224 3992 1562 4047 ethnicorum
1595 3996 1820 4064 placito-

259 4079 380 4134 rum
409 4075 471 4134 et
511 4066 819 4134 domitam!“
866 4063 1204 4132 expositione
1236 4064 1436 4131 passim
1469 4063 1668 4134 ubique
1703 4083 1820 4134 per-

259 4133 500 4206 misceri,
528 4149 592 4187 ac
617 4133 951 4206 Clementem
974 4142 1028 4186 et
1055 4147 1084 4185 a
1132 4135 1415 4206 proposito
1438 4133 1595 4202 saepe
1627 4133 1821 4206 saeptus

261 4203 569 4270 digredi,et
614 4203 1045 4271 frequentissime
1091 4207 1161 4255 ab
1206 4219 1311 4257 uno
1354 4205 1420 4257 ad
1466 4206 1609 4259 aliud
1653 4203 1817 4273 argu-

262 4283 500 4327 mentum
526 4274 953 4341 trausire,atque
971 4292 1000 4326 a
1026 4275 1321 4342 posteriore
1341 4274 1406 4328 ad
1427 4274 1576 4342 prius
1600 4279 1816 4331 reverti.

334 4343 493 4408 Atqui
546 4357 861 4414 econtrarto
903 4344 956 4396 in
1002 4343 1124 4406 hoc,
1162 4358 1275 4414 quo
1305 4345 1371 4398 de
1422 4345 1648 4414 agimus,
1681 4347 1818 4400 libro

1927 1761 2032 1812 lam
2063 1764 2264 1815 etenim
2293 1762 2433 1816 illius
2461 1760 2642 1815 :etatis
2670 1761 2832 1813 aliam
2864 1762 2915 1815 in
2941 1777 3006 1816 eo
3032 1762 3488 1828 deprehendimus

1925 1839 2129 1894 notam,
2173 1831 2276 1885 nisi
2329 1831 2419 1884 tibi
2454 1839 2645 1883 auctor
2692 1830 2758 1884 ad
2791 1846 2941 1884 suam
2976 1831 3406 1900 «principiorum
3437 1843 3493 1888 et

1927 1901 2208 1972 theologia:
2234 1900 2397 1972 340
2417 1901 2833 1972 expositionem,
2852 1899 2961 1972 sip:
2983 1899 3164 1972 ἀρχῶν
3191 1901 3285 1955 καὶ
3313 1901 3493 1956 θεολο-

1923 1969 2047 2036 γίας
2106 1968 2384 2042 ὲξήγῆσῐνζ
2435 1985 2532 2042 nos
2563 1969 2750 2042 ntittlt.
2777 1987 2806 2042 t_
2835 1968 2928 2024 Δι’
2954 1973 2997 2025 si
3024 1968 3094 2024 eo
3123 1974 3338 2042 nomine
3378 1984 3490 2026 tra-

1923 2050 2104 2094 ctatus
2137 2037 2244 2105 ille,
2266 2037 2440 2110 quem
2489 2041 2542 2092 in
2565 2040 2737 2110 tertio
2769 2037 3280 2110 Stromqtutttilibro
3324 2043 3491 2098 semel

1922 2118 1977 2162 et
2018 2110 2212 2164 iterum
2241 2108 2320 2163 De
2348 2109 2624 2176 principiis
2673 2108 2932 2162 adversus
2961 2108 3335 2164 Marcionistas
3361 2127 3495 2167 cou-

1923 2178 2250 2252 scripturum
2280 2195 2337 2234 se
2364 2193 2485 2234 esse
2531 2179 2646 2245 ipse
2686 2179 3049 2252 spoponderat
3069 2178 3138 2243 9°,
3191 2181 3497 2252 intelligen-

1922 2249 2022 2303 dus
2052 2249 2144 2312 sit,
2195 2259 2346 2304 certe
2398 2263 2572 2316 neque
2617 2247 2742 2302 ante
2787 2247 3065 2316 perfectos
3112 2257 3166 2301 et
3214 2247 3494 2307 absolutos

1921 2328 2123 2386 septem
2177 2319 2508 2374 Stromatum
2556 2319 2742 2379 libros,
2806 2333 2983 2386 neque
3042 2331 3167 2372 ante
3217 2331 3489 2386 octavum,

1922 2389 2081 2442 modo
2112 2397 2289 2443 tamen
2321 2403 2444 2442 eum
2473 2388 2844 2456 composuisse
2881 2389 3158 2456 probetur,
3188 2388 3314 2444 huic
3343 2407 3492 2446 com-

1920 2459 2243 2512 mcntatioui
2269 2473 2486 2512 utanum
2508 2457 2799 2512 admovere
2827 2460 3023 2524 potuit.
3049 2457 3297 2514 Vidimus
3323 2462 3490 2515 enim-

1919 2541 2053 2580 vero
2080 2537 2270 2582 ontnes
2306 2529 2636 2582 Stromatum
2671 2528 2838 2582 libros
2869 2530 2946 2581 sic
2974 2530 3074 2582 sibi
3109 2530 3341 2586 invicem
3367 2545 3488 2585 esse

1919 2597 2238 2670 coniunctos
2270 2612 2333 2650 ac
2362 2600 2724 2670 cohaerentes,
2762 2608 2822 2650 ιιι
2846 2597 3050 2651 ιιυΙΙυιη
3076 2598 3220 2652 aliud
3249 2616 3386 2670 Opus
3407 2603 3489 2656 eis

1919 2665 2084 2720 fuerit
2118 2668 2520 2736 interpositum.

2435 2757 2830 2816 ARTICULUS
2870 2759 2956 2814 Ill.

1920 2852 2082 2907 Nova:
2113 2852 2252 2904 Imm:
2284 2854 2338 2904 in
2365 2851 2558 2904 librum
2599 2862 2734 2906 nota:
2772 2862 2819 2906 et
2857 2852 3264 2916 observationes,
3300 2855 3390 2908 ubi
3420 2857 3486 2910 de

1983 2924 2088 2976 alio
2112 2923 2266 2987 libra,
2291 2924 2378 3002 qui
2405 2932 2613 2975 octavus
2643 2921 2969 2977 Stronmtum
3010 2924 3337 2980 inscribitur.

1987 3014 2231 3088 Diximus
2258 3013 2418 3088 hujus
2450 3012 2572 3066 libri
2605 3014 3227 3088 auctoreut__,variorum,
3255 3031 3317 3072 ac
3348 3033 3488 3088 prm-

1918 3085 2107 3159 sertim
2142 3083 2392 3159 Origettis
2440 3098 2687 3159 errorum
2730 3099 2759 3136 a
2801 3083 3485 3159 quibusdattt‘renttt'agi,

1919 3153 2205 3223 palamque
2239 3152 2559 3210 insimulari.
2590 3152 2779 3208 Utrum
2806 3152 2987 3207 autem
3018 3153 3113 3208 ille
3134 3153 3259 3222 jure
3289 3159 3370 3212 vel
3405 3152 3488 3213 ini-

1913 3225 2056 3298 j_uria
2085 3236 2404 3298 accusetur,
2438 3224 2654 3298 a‘pobis
2683 3223 2875 3298 sedulo
2920 3225 3342 3280 examinandum
3379 3240 3482 3284 est.

1920 3293 2158 3365 Primum
2201 3295 2390 3365 itaque
2435 3293 2528 3349 ub'i
2557 3294 3040 3365 VlticAipseauctor
3085 3303 3272 3349 noster
3297 3299 3487 3353 scribit

1919 3364 2163 3427 divitem,
2199 3363 2596 3433 qui‘mandatis
2628 3363 2833 3418 Christi
2865 3377 3072 3418 morem
3103 3367 3352 3431 gesserit,
3386 3370 3485 3422 lto-

1921 3433 2006 3504 nis
2031 3435 2286 3502 operibus
2310 3433 2520 3504 caelesti
2550 3434 2774 3504 dignum
2806 3447 2930 3487 esse
2958 3434 3156 3501 patria,
3193 3445 3319 3490 tunc
3346 3451 3481 3492 con—

1921 3503 2159 3574 tinenter
2183 3505 2372 3574 adjicit
2394 3503 2440 3535 ’⁷
2467 3520 2481 3556 :
2515 3521 2534 3553 ‹
2577 3503 2630 3557 lti
2659 3518 2823 3572 quam
2851 3517 3052 3557 corona
3081 3505 3314 3574 donatus
3339 3544 3356 3570 ,
3383 3522 3486 3561 an.

1920 3573 2270 3643 gelorumque
2300 3574 2602 3643 praeconio,
2629 3573 2939 3626 revertitur.
2979 3590 3000 3624 ι
3037 3574 3104 3627 At
3150 3573 3264 3628 haec
3301 3581 3482 3643 poste-

1921 3644 2066 3697 riora
2098 3642 2262 3698 verba
2295 3642 2349 3696 itt
2379 3643 2738 3698 Ghisleriana:
2785 3643 3043 3696 editionis
3091 3642 3339 3710 margine
3381 3647 3484 3704 hac

1920 3713 2072 3782 gravi
2105 3713 2395 3782 inuruntur
2423 3726 2652 3768 censura
2680 3730 2693 3765 :
2730 3731 2750 3763 ε
2773 3711 3024 3782 Origenis
3054 3711 3296 3766 innuitur
3326 3714 3483 3769 dam-

1920 3781 2046 3837 nata
2069 3781 2252 3853 Opinio
2279 3783 2344 3838 de
2369 3783 2804 3851 przeexsistentia
2829 3781 3131 3835 animarum
3163 3782 3214 3835 in
3252 3784 3425 3853 cretis.
3457 3805 3477 3840 ι

1921 3853 2029 3908 Sed
2056 3851 2328 3908 immerito
2362 3855 2524 3924 plane
2550 3863 2611 3924 et
2635 3853 3048 3924 perperam,_ttti
3079 3861 3220 3906 sctte
3247 3851 3482 3911 Combe.

1922 3924 2072 3977 lisius
2104 3919 2526 3988 animadvertit,
2565 3919 2880 3992 id'dieitur.
2912 3919 3058 3992 _Nam
3102 3932 3226 3990 post
3265 3936 3484 3992 aposto-

1921 3993 2002 4048 los
2029 3993 2075 4024 ⁸⁸
2107 3993 2352 4062 plerique
2375 4008 2564 4048 omnes
2590 3991 2860 4061 Ecclesiae
2911 3990 3104 4046 Patres
3151 3990 3351 4048 docent
3383 4011 3482 4052 nos

1922 4063 1975 4116 in
2009 4064 2113 4118 hac
2157 4061 2278 4116 vitai
2300 4079 2423 4118 esse
2464 4065 2780 4134 peregrinos
2811 4073 2869 4118 et
2913 4061 3153 4134 hospites
3177 4078 3294 4134 .‘ac
3321 4066 3487 4120 caele-

1919 4141 2056 4188 stem
2082 4135 2358 4202 inquirere
2385 4130 2637 4202 patriani,
2658 4134 2725 4187 ad
2755 4135 3012 4202 quam,.si
3039 4132 3170 4201 justi
3195 4130 3482 4199 fuerimus,

1921 4214 2042 4272 post
2074 4213 2304 4258 mortem
2338 4212 2693 4258 revertemur.
2721 4203 2802 4256 Ad
2834 4217 2980 4272 eam,
3001 4204 3272 4267 stquidetn
3304 4205 3481 4272 printa

1923 4270 2108 4329 nostra
2137 4273 2348 4343 origine
2365 4274 2455 4340 jus
2482 4275 2743 4328 habemus
2769 4289 2784 4325 :
2809 4274 2904 4326 sed
2930 4270 3059 4325 illud
3089 4273 3232 4326 sicut
3257 4270 3481 4340 peccato

1921 4360 2042 4398 cum
2078 4343 2354 4414 originali,
2385 4354 2496 4396 tum
2529 4345 2652 4397 aliis
2686 4344 3028 4414 gravioribus
3059 4351 3244 4410 postea
3289 4358 3484 4412 perpe-

264 4404 461 4482 ntagna
507 4425 590 4468 est
638 4413 896 4468 orationis
945 4404 1211 4468 connexio
1237 4423 1293 4468 et
1334 4404 1682 4480 cohaErentia,
1725 4419 1810 4470 vix
1851 4404 1893 4456 ι)
1925 4415 2080 4468 tratis
2115 4404 2414 4467 amittimus
2437 4453 2452 4478 ,
2483 4414 2556 4466 ita
2593 4404 2909 4482 poenitentia
2943 4420 2997 4466 et
3029 4404 3265 4480 pietate.
3289 4404 3359 4466 ac
3388 4404 3483 4468 ἰιι-

265 4479 372 4554 ttlla
399 4499 426 4533 a
460 4486 734 4552 proposito
779 4484 1064 4553 digressio,
1096 4485 1350 4553 nullaque
1377 4500 1596 4554 prorsus
1635 4479 1815 4553 profa-

265 4549 320 4601 ni
342 4559 514 4625 _atque
552 4549 753 4625 ethnici
800 4549 1066 4625 dogmatis
1098 4549 1731 4625 admistiofQuis-Igitur
1761 4559 1812 4610 in

263 4619 510 4697 animum
528 4622 628 4675 sibi
655 4619 1229 4697 inducat'Clementent
1251 4619 1694 4691 Alexandrinum,
1727 4642 1815 4680 tte-

263 4691 410 4742 tniue
434 4691 580 4758 prius
610 4691 908 4759 admonito,
940 4709 1059 4748 eam
1095 4695 1516 4749 lucubrationem
1550 4710 1646 4762 pro
1671 4709 1815 4750 octa-

263 4772 356 4823 vo,
387 4775 545 4827 quem
569 4763 907 4836 promiserat,
934 4762 1254 4820 Stromatum
1280 4766 1414 4836 libro
1435 4767 1665 4830 dedisse,
1695 4782 1814 4836 qua:

264 4843 293 4880 a
322 4844 524 4904 septem
551 4832 671 4884 aliis
723 4848 830 4885 non
865 4836 1037 4888 minus
1067 4849 1228 4904 quam
1257 4835 1450 4889 cadum
1485 4850 1514 4886 a
1550 4846 1694 4891 terra
1715 4832 1814 4890 'di-

265 4909 398 4964 stat,
427 4902 693 4970 planeque
720 4904 980 4957 dissidet?

335 4971 510 5025 Nescii
537 4974 748 5040 quidem
783 4988 886 5026 non
916 4989 1103 5028 sumus
1125 4975 1237 5029 lttec
1272 4974 1546 5042 ipsiusmet
1572 4973 1818 5029 Clemen-

268 5039 338 5096 tis
365 5055 484 5096 esse
530 5039 581 5093 in
617 5045 825 5110 septimi
861 5042 1179 5097 Stromatum
1216 5039 1338 5098 libri
1393 5050 1496 5098 line
1543 5047 1703 5099 verba
1730 5047 1814 5099 ’δε

270 5114 483 5180 «Atque
529 5113 665 5164 adeo
699 5123 817 5180 post
870 5115 1011 5167 hunc
1044 5117 1329 5182 septimum
1374 5115 1565 5168 librum
1619 5118 1684 5169 de
1729 5116 1815 5180 iis,

264 5196 383 5248 qua:
429 5195 752 5250 sequuntur,
805 5182 949 5235 aliud
1000 5198 1276 5238 sumamus
1333 5187 1637 5240 exordium.
1669 5205 1687 5236 ›
1747 5189 1818 5240 At

263 5263 412 5305 certe
461 5253 804 5320 quantumvis
856 5253 1051 5305 dixerit
1106 5255 1376 5307 diversum
1424 5258 1492 5309 ab
1531 5257 1653 5309 aliis
1698 5255 1815 5311 fore

264 5321 443 5376 octavi
470 5325 553 5376 sui
589 5322 914 5375 Stromatum
966 5322 1093 5375 libri
1139 5326 1444 5389 exordium,
1487 5328 1573 5379 cui
1635 5338 1814 5381 tamen

263 5391 520 5445 credibile
571 5394 662 5446 tiet
707 5392 1059 5456 Clementem,
1106 5395 1319 5447 nemine
1353 5396 1498 5448 ullibi
1533 5396 1701 5462 prius,
1740 5400 1812 5448 uti

263 5463 690 5536 observavimus,
743 5478 972 5531 unquam
1018 5463 1471 5536 connnonel‘acto,
1521 5481 1814 5536 argumen-

268 5544 383 5584 tum
417 5533 471 5584 itt
502 5545 568 5585 eo
613 5544 803 5586 octavo
837 5537 974 5588 libro
1023 5535 1460 5601 pertractavissc,
1489 5536 1556 5587 ab
1583 5533 1812 5590 aliorum

338 5624 588 5695 "p.165
621 5635 676 5681 et
707 5626 829 5680 tu.
906 5627 951 5657 οι
975 5625 1002 5696 §
1022 5627 1076 5681 t.

1172 5627 1219 5660 ”
1246 5626 1346 5684 loc.
1373 5629 1468 5684 cit.
1538 5630 1586 5660 ⁹⁶
1625 5631 1841 5685 dissert.
1869 5646 2053 5699 super.
2099 5631 2155 5698 2,
2187 5645 2235 5685 c.
2288 5631 2344 5696 2,
2378 5641 2484 5683 art.
2534 5630 2590 5694 '5,
2623 5646 2677 5698 p.
2728 5628 2852 5685 890.

1923 4487 2044 4538 vina
2115 4485 2287 4551 gratia
2364 4481 2764 4552 recuperatnns.
2841 4481 3363 4552 Quapropterhcum
3427 4485 3478 4538 in

1919 4549 2213 4622 gratiafut
2249 4554 2420 4616 aiunt,
2455 4549 2830 4607 sanctiﬁcante
2871 4549 3102 4606 mortem
3141 4549 3380 4622 obitnus,
3411 4558 3479 4608 ad

1921 4621 2198 4678 caelestem
2237 4624 2467 4694 patriam
2509 4625 2689 4678 redire
2723 4624 2864 4676 haud
2900 4635 3125 4691 prorsus
3165 4621 3347 4688 inepte
3393 4625 3478 4677 di-

1922 4709 2062 4747 Cllllll
2072 4710 2117 4748 I’.

1991 4763 2106 4818 Non
2161 4763 2356 4833 potiori
2412 4763 2622 4818 ratione
2660 4761 2906 4815 eumdem
2943 4758 3194 4829 Origenis
3234 4773 3479 4820 errorem

1923 4848 2115 4901 sapere
2166 4843 2469 4904 arguuntur
2513 4837 2652 4904 It:!.’.C_
2682 4834 2861 4886 adhuc
2910 4833 2977 4904 de
3024 4836 3192 4882 divite
3237 4837 3480 4904 auctoris

1925 4905 2093 4957 nostri
2130 4901 2292 4958 verba
2317 4905 2362 4936 ⁹⁹
2391 4922 2404 4957 :
2437 4921 2458 4955 c
2492 4904 2537 4957 Α
2569 4901 2726 4971 culpa
2763 4903 3142 4971 retuotiushest
3162 4938 3177 4962 ,
3205 4901 3254 4971 si
3292 4905 3478 4958 statim

1924 4989 1952 5024 a
1983 4976 2088 5028 Deo
2110 4975 2382 5044 praebente
2405 4967 2793 5044 animam-dab
2809 4972 2902 5026 τοῦ
2917 4969 3052 5044 Θεοῦ
3074 4970 3171 5042 τὴν
3188 4967 3365 5042 ψυχὴν
3391 4974 3480 5027 νέ-

1928 5060 2139 5112 μοντος,
2165 5047 2217 5098 itt
2245 5045 2462 5098 domum
2495 5043 2753 5112 ejusntodt
2783 5043 3058 5095 hominum
3091 5048 3366 5112 (divitum)
3389 5060 3482 5112 ge-

1924 5110 2133 5183 nusque
2166 5116 2446 5184 copiosum
2468 5110 2776 5184 γείσῳκίσθη
2801 5150 2836 5179 ,_
2864 5110 3116 5166 inductus
3155 5126 3239 5169 est
3267 5157 3282 5181 ,
3322 5131 3340 5164 ι
3375 5110 3476 5176 vel,

1924 5194 1982 5237 ιιι
2007 5187 2166 5239 vertit
2191 5183 2568 5254 Cariopbylus,
2585 5183 2858 5254 imtttissus
2885 5193 2989 5236 est.
3019 5185 3153 5236 Cum
3175 5187 3250 5239 ibi
3275 5187 3478 5240 etenim

1923 5257 2102 5309 anima
2136 5253 2405 5310 dicatur’a
2437 5254 2548 5307 Deo
2575 5253 2826 5322 praeberi,
2872 5254 2976 5325 hoc
3026 5265 3175 5309 certe
3223 5255 3478 5325 loquendi

1923 5329 2082 5380 modo
2108 5336 2294 5394 aperte
2322 5325 2658 5394 signiﬁcatur
2681 5336 2802 5376 eam
2827 5339 2856 5375 a
2885 5323 2994 5377 Deo
3024 5327 3198 5380 creari
3224 5344 3239 5393 ;
3270 5323 3334 5379 ac
3359 5331 3478 5392 post

1923 5411 2072 5449 suam
2105 5397 2431 5465 creationem
2469 5397 2520 5447 itt
2553 5398 2771 5447 domum
2799 5394 3000 5465 divitiis
3029 5403 3083 5448 et
3103 5397 3298 5465 opibus
3324 5397 3472 5448 locu-

1921 5468 2176 5534 pletatam
2223 5464 2405 5518 induci
2427 5504 2442 5523 ,
2473 5475 2547 5524 et,
2601 5466 2644 5516 si
2678 5464 2808 5517 velis
2831 5504 2846 5527 ,
2896 5464 3149 5519 immitti.
3179 5469 3250 5519 At
3279 5468 3474 5518 frustra

1921 5551 2076 5600 sane,
2113 5550 2177 5589 ac
2208 5537 2362 5605 plane
2405 5548 2685 5602 perperam
2720 5535 2821 5586 hoc
2851 5535 3042 5587 ultimo
3067 5536 3234 5590 verbo
3266 5537 3473 5606 signiti-

2959 5629 3195 5702 ’ξ’ῂγιι,
3254 5646 3304 5702 ρ.
3356 5629 3482 5688 Ἱϐἶ.

265 5696 310 5726 ’δ
338 5705 536 5751 btrom.
569 5698 606 5750 l.
639 5712 720 5760 ιιι,
758 5715 808 5766 p.
839 5698 934 5750 4³51
966 5716 1019 5751 et
1043 5699 1170 5754 4³54.
1241 5700 1282 5732 ’⁷
1315 5700 1418 5770 §3.
1487 5700 1533 5732 ⁸⁸
1561 5700 1710 5756 Paul.
1737 5700 1804 5754 ad

1925 5696 1974 5756 ὑ.
2010 5696 2242 5771 Χ1,15,
2295 5715 2348 5757 ct
2392 5701 2583 5755 li’etr.
2615 5696 2694 5768 tt,
2730 5703 2814 5754 11.
2889 5701 2932 5732 ⁹⁹
2978 5699 3124 5770 §26.

575 5791 846 5853 Ρλτκοι..
890 5793 1006 5853 Gn.
1045 5792 1155 5854 IX.

3094 5795 3172 5852 liii

2787 5926 2822 5972 ἱ
