3902 6308
307 303 442 359 “65

1394 304 1480 358 DE
1514 305 1693 360 ALIIS
1730 305 1933 360 CLEM.
1978 302 2178 358 ALEX.
2225 304 2424 361 OPER.

3370 276 3528 360 H66

302 437 457 478 mens
484 436 552 476 ex
583 420 770 476 eodem
825 423 1145 492 apocrypbo‘
1179 423 1380 478 Enorhi
1423 425 1560 479 libro
1608 426 1862 480 hauserit.
1895 429 1939 481 Α
1972 423 2258 485 animales,
2290 433 2450 490 atque
2486 421 2649 477 etiam
2686 421 2950 487 carnales,
2987 431 3039 475 et
3081 420 3386 476 matcriales
3411 441 3531 478 esse

374 493 534 548 Petro
575 505 791 560 quoque
841 494 1120 559 supposita
1169 504 1277 547 tum
1333 495 1696 560 Apocalypsis,
1749 503 1863 548 tum

307 560 632 616 Praedicatio
661 563 834 615 tribus
858 561 909 614 iit
939 561 1071 616 locis
1097 564 1260 616 citata
1297 565 1493 632 legitur
1524 567 1592 627 ’⁸,
1618 575 1780 630 atque
1807 563 1862 618 in

301 634 482 699 priore
517 632 780 685 asseritur
819 646 923 684 non
952 633 1124 686 solum
1153 633 1329 687 futura
1360 635 1737 688 abortivorum
1787 639 1863 689 in-

304 699 552 771 fantum,
577 702 631 754 in
674 700 988 771 angelorum
1023 703 1367 771 disciplinam
1395 706 1738 768 traditorum,
1771 718 1860 758 sa-

303 773 386 826 lus
430 781 484 824 et
535 769 786 842 felicitas,
818 769 912 824 sed
945 769 1180 842 ridicula
1220 775 1384 828 etiam
1414 775 1599 842 opinio
1631 775 1696 828 de
1731 789 1860 827 car-

305 842 507 910 nivoris
535 841 853 910 quibusdam
909 841 1225 896 minusculis
1274 841 1484 906 bestiis,
1513 861 1579 898 ex
1613 844 1753 898 lacte
1790 846 1858 897 ab

305 909 566 964 uberibus
584 921 814 963 matrum
863 910 1131 965 deﬂuente
1169 915 1486 975 procreatis.
1519 914 1574 967 lu
1617 915 1859 968 secundo

305 980 552 1034 Salvator
603 988 659 1033 et
713 979 798 1034 lex
854 981 1054 1034 dicitur
1075 990 1128 1035 et
1167 981 1425 1040 Verbum.
1460 980 1578 1038 Jam
1613 993 1792 1037 autem
1827 1001 1857 1037 a

303 1051 457 1122 nobis
483 1049 798 1122 adnotatum
825 1050 968 1122 est’f
997 1052 1243 1122 eumdem
1275 1053 1434 1122 plane
1489 1069 1554 1108 ac
1607 1053 1854 1106 ultiutunt

301 1119 456 1189 hujus
504 1119 797 1189 apocryphi
848 1119 971 1172 libri
1032 1121 1209 1175 locum
1257 1119 1290 1174 εἰ
1326 1123 1601 1177 Clemente
1627 1122 1857 1176 Alexan-

299 1187 453 1242 drinn
502 1186 684 1243 citari.
713 1186 810 1242 'lbi
855 1204 1070 1257 quoque
1117 1192 1375 1246 nonnulla
1426 1195 1491 1248 de
1536 1191 1668 1248 falsa
1709 1191 1854 1248 Petri

296 1257 607 1328 Apocalypsi
635 1259 1136 1328 animadvertimus.

366 1326 755 1398 Nota'quadam
796 1330 1072 1398 marginali
1101 1329 1456 1387 Combellsius
1489 1331 1744 1386 observat
1785 1333 1853 1388 ab

295 1395 492 1451 borum
524 1395 901 1467 éxcerptorum
923 1395 1164 1455 'auctore
1188 1400 1512 1472 singularem
1561 1403 1816 1458 Pantaano
1836 1444 1851 1468 ,

292 1482 452 1534 quem
494 1478 878 1541 przeceptorem
925 1483 1093 1541 suum
1121 1471 1356 1540 appellat
1392 1472 1431 1534 ⁸,
1456 1487 1522 1528 ac
1565 1473 1722 1541 plane
1756 1473 1854 1527 fal-

293 1552 410 1590 sam
445 1536 646 1613 ascribi
676 1536 1010 1613 opinionem,
1049 1539 1116 1594 ab
1146 1536 1512 1613 Hermogenis
1556 1536 1744 1598 errore
1789 1544 1854 1597 de

292 1619 524 1678 corpore
565 1605 763 1678 Christi
795 1607 850 1662 in
893 1605 1008 1663 sole
1044 1611 1220 1678 posito
1240 1605 1528 1668 uon'valde
1555 1614 1850 1668 diversam.

292 1675 398 1746 sed
434 1675 504 1730 ibi
543 1675 677 1746 nihil
695 1677 841 1746 aliud
869 1694 935 1733 ex
971 1675 1227 1737 Pantatuo
1251 1683 1565 1736 deﬂoratum
1610 1685 1851 1746 videtur,

1962 493 2320 561 iactitabant?
2351 492 2534 562 Neque
2561 493 2724 544 etiam
2756 492 3172 562 repuguabimus
3211 493 3296 556 iis,
3340 495 3429 562 qui
3461 495 3529 546 alt

1965 573 2191 616 auctore
2241 572 2432 616 nostro
2493 561 2907 616 Valentinianus
2962 563 3138 616 notari
3192 561 3530 617 demonstra-

1966 633 2162 687 verint.
2195 634 2277 686 Ab
2311 632 2379 685 iis
2423 632 2694 700 siquidem
2747 648 2852 684 ttou
2899 632 3073 686 solum
3130 633 3254 696 tria,
3288 643 3346 687 ut
3390 635 3526 688 vidi-

1965 703 2162 768 mus‘,
2216 703 2496 756 hominum
2550 717 2748 768 genera
2801 703 3301 763 constituebantur,
3358 719 3524 756 unum

1963 771 2174 825 scilicet
2200 772 2506 841 spirituale,
2539 773 2838 824 secundum
2874 771 3130 834 animale,
3161 784 3214 826 et
3244 773 3526 827 materiale

1962 842 2219 906 tertium;
2276 857 2459 894 verum
2511 842 2678 895 etiam
2735 842 2998 910 quasdam
3065 843 3272 895 animas
3331 852 3525 895 ttalttra

1960 927 2055 964 sua
2090 913 2350 966 dicebant
2386 927 2508 966 esse
2553 911 2745 975 malas,
2795 926 2896 965 uec
2933 911 3265 981 suscipiendi
3299 910 3526 966 Seminis

1959 996 2206 1048 capaces.

2028 1052 2303 1116 Quosdam
2333 1066 2496 1119 porro
2517 1051 2828 1116 Gnosticos,
2861 1067 2888 1102 a
2928 1052 3180 1119 superius
3208 1051 3520 1104 memoratis

1959 1120 2101 1174 baud
2162 1121 2324 1174 dubie
2375 1121 2638 1185 diversos,
2687 1122 2897 1174 etiamsi
2951 1122 3109 1189 paulo
3165 1130 3283 1189 post
3331 1131 3519 1175 auctor

1958 1200 2146 1244 noster
2167 1191 2485 1244 nominatim
2512 1190 2830 1256 corripiat”,
2854 1193 2967 1259 ipse
2991 1190 3343 1244 nihilominus
3361 1200 3516 1244 antea

1956 1260 2166 1313 dixerat
2191 1260 2233 1291 ¹⁰
2263 1277 2278 1314 :
2313 1280 2331 1312 ι
2361 1259 2459 1326 Qui
2489 1260 2737 1322 credidit,
2771 1261 3140 1314 remissionem
3177 1271 3516 1328 peccatorum

1956 1346 1985 1412 il
2021 1329 2250 1412 Domino
2287 1341 2608 1412 consecutus
2635 1341 2716 1383 est
2744 1348 2756 1379 :
2837 1330 2892 1412 es
2921 1333 2976 1382 ἐν
3000 1329 3518 1412 Ῑνιὶξτειχενόμενοέ,

1952 1396 2050 1492 ᾷτε
2083 1399 2274 1480 gnati-Sci.
2295 1401 2648 1492 ᾴξαρτάνωχ,
2675 1400 2804 1482 παρ’
2844 1396 3033 1492 suum?
3062 1401 3160 1470 τὴν
3199 1396 3522 1480 ἅφεσίνρῶν

1952 1467 2158 1541 itemtva
2199 1467 2499 1541 κομίζετάι.
2541 1489 2560 1522 t
2592 1469 2693 1536 Qui
2734 1467 2915 1541 autem
2947 1467 3172 1538 adeptus
3203 1481 3307 1541 est‘
3333 1470 3515 1523 scieti-

1957 1538 2114 1610 tiam,
2142 1554 2236 1593 seu
2270 1537 2518 1610 'guosim,
2569 1551 2626 1593 ut
2662 1540 2752 1608 qui
2796 1556 2908 1610 non
2956 1537 3150 1610 peccet
3197 1537 3308 1609 (vel
3363 1541 3514 1610 quasi

1955 1608 2186 1677 amplius
2223 1608 2326 1663 non
2368 1611 2654 1678 peccans),
2678 1608 2910 1676 aseipso
2957 1608 3287 1678 reliquorum
3325 1609 3517 1662 remis-

1957 1677 2163 1748 sionem
2205 1677 2438 1733 obtinet.
2478 1697 2497 1731 t
2531 1678 2698 1747 Cujus
2735 1679 3041 1746 explicandi
3073 1677 3246 1748 gratia
3287 1680 3517 1733 Combe-

293 1745 400 1823 uisi
427 1747 480 1799 in
505 1745 678 1801 sacris
707 1745 1007 1816 Scripturis
1031 1751 1228 1819 Saepius
1250 1767 1488 1823 praesens
1513 1768 1612 1821 pro
1643 1745 1852 1816 futuro,
1889 1769 1931 1823 Β
1961 1747 2114 1823 lisius
2144 1748 2195 1823 in
2237 1750 2480 1823 margine
2526 1745 2778 1823 addidit_:
2808 1745 2832 1823 ﬁt
2875 1749 3039 1823 Quasi
3063 1745 3370 1823 _'ttierettilo,
3407 1764 3512 1823 qua

290 1825 347 1868 et
369 1813 612 1891 futurum
643 1831 740 1886 pro
767 1813 1032 1891 praesente
1074 1813 1341 1890 usurpari.
1371 1821 1488 1889 Qua
1514 1813 1733 1891 quidem
1773 1813 1860 1875 re-

293 1884 415 1952 gula
465 1880 536 1939 ab
562 1900 628 1942 eo
643 1880 980 1951 'constituta,
1005 1901 1190 1944 auctor
1205 1880 1549 1950 'nosterbzec'
1590 1893 1753 1946 verba
1785 1893 1807 1922 ³
1842 1912 1854 1946 :

296 1969 318 2006 ι
355 1953 408 2008 In
461 1956 577 2010 sole
630 1957 830 2031 posuit
865 1959 1270 2031 tabernaculum
1328 1978 1508 2026 suum,
1543 1982 1564 2015 ι
1597 1962 1857 2031 singulari

291 2038 516 2148 prorsus
565 2037 726 2110 atque
764 2027 894 2083 falsa
923 2029 1305 2111 explanatione
1332 2027 1746 2114 interpretatur.
1786 2034 1860 2086 De

317 2093 645 2148 iermoaems
674 2113 836 2148 uorro
865 2101 1140 2148 erroribus
1165 2116 1327 2148 suum
1358 2101 1449 2148 hh-
1475 2117 1534 2148 ιι-
1553 2104 1772 2148 dissert-
1798 2103 1854 2148 2-

317 2093 656 2171 lerniogeuis'
674 2113 836 2171 porro
865 2093 1140 2171 erroribus
1165 2116 1328 2171 supra
1357 2101 1450 2160 lib.
1475 2093 1536 2169 it,
1553 2104 1772 2160 dissert.
1798 2103 1855 2167 2,

292 2180 409 2234 cap.
438 2167 492 2235 8,
528 2177 632 2222 art.
663 2170 715 2231 1,
745 2168 1155 2237 disputavimus.

363 2259 480 2312 Alia
513 2274 641 2316 vero
685 2261 901 2316 Tatiani
955 2262 1138 2326 opinio
1171 2263 1240 2318 ab
1291 2273 1513 2320 auctore
1555 2275 1742 2319 nostro
1768 2279 1854 2320 re-

282 2327 471 2395 jicitnr
496 2329 538 2392 ³.
575 2345 678 2399 qua
706 2331 798 2385 illa
832 2333 948 2387 haec
975 2330 1248 2387 Geneseos
1277 2336 1442 2389 verba
1467 2352 1480 2388 :
1506 2353 1524 2387 ι
1557 2334 1678 2388 Fiat
1701 2335 1848 2389 lux.»

285 2399 526 2471 optantis
552 2413 672 2471 esse
711 2415 994 2471 perperam
1045 2403 1420 2458 contendebat.
1455 2405 1522 2458 At
1562 2405 1684 2459 inde
1722 2405 1852 2458 illud

285 2467 595 2543 conﬁrmari
617 2467 823 2543 potest,
843 2473 985 2540 quod
1007 2471 1182 2543 adhuc
1210 2489 1372 2541 supra
1406 2474 1501 2529 lib.
1534 2490 1593 2537 tt,
1627 2490 1747 2543 cap.
1780 2474 1814 2529 6
1837 2517 1852 2538 ,

285 2545 389 2590 art.
415 2535 470 2602 2,
506 2552 535 2590 a
558 2535 726 2611 nobis
765 2535 1006 2594 notatum
1039 2540 1138 2595 fuit
1159 2582 1175 2606 ,
1206 2535 1348 2598 hunc
1404 2535 1712 2611 Tatianum,
1748 2535 1851 2598 non

286 2621 442 2676 secus
467 2614 631 2676 atque
677 2607 1032 2676 Marcionem,
1062 2611 1204 2666 falso
1252 2613 1504 2669 docuisse
1549 2607 1854 2669 duos’esse

213 2701 225 2708 -
285 2675 436 2729 deos.
471 2675 672 2732 Veruut
709 2679 753 2733 si
793 2691 984 2736 auctor
1019 2675 1226 2737 uoster
1254 2683 1403 2738 hunc
1445 2683 1661 2738 Tatiani
1696 2700 1851 2737 erro-

288 2760 398 2798 rem
419 2745 910 2822 _coufutavit,_niltil
932 2761 1087 2822 certe
1130 2763 1319 2807 contra
1351 2755 1536 2817 aliam,
1585 2769 1744 2822 quam
1775 2753 1852 2808 illi

252 2872 258 2879 ,
284 2815 628 2893 continenter
650 2819 897 2874 attribuit
927 2820 974 2884 δ,
1006 2822 1314 2893 opinionem
1345 2840 1364 2874 α
1401 2815 1622 2893 propter
1653 2825 1849 2890 crines,

283 2883 380 2967 atat
409 2883 508 2967 τὸξ
526 2886 748 2967 κόᾳμον,
768 2898 856 2967 ει.
876 2883 1163 2967 mund-um,
1189 2912 1208 2944 ι
1260 2883 1416 2967 [κμιό
1445 2883 1607 2967 dubie
1651 2883 1851 2967 mulie;

487 2953 927 3031 letniuas'm
965 2977 994 3016 a
1031 2961 1234 3017 virtute
1265 2963 1352 3018 bis
1389 2963 1550 3018 rebus
1600 2961 1850 3033 praetecta

355 3116 472 3172 Non
503 3118 671 3174 semel
735 3135 900 3189 porro
929 3123 1259 3179 mentionem
1294 3124 1521 3180 fecimus
1556 3123 1844 3182 Heracleo-
1873 3105 1918 3166 (εἶ

285 3189 390 3248 nis.
434 3189 560 3256 qui,
598 3190 672 3243 uti
721 3200 914 3246 auctor
957 3201 1143 3247 noster
1196 3194 1628 3257 refertﬂeornm
1684 3212 1843 3253 aures

285 3260 410 3331 igne
436 3259 779 3331 obsignabat,
811 3261 903 3329 qui
947 3261 1278 3331 baptismate
1330 3265 1707 3322 initiabantur.
1747 3266 1840 3321 Vi-

279 3327 426 3406 desis
450 3327 613 3406 supra
770 3327 840 3394 tt,
866 3327 1083 3406 dissert.
1106 3333 1184 3406 27L
1198 3349 1318 3402 cap.
1347 3335 1404 3406 4Ξ
1428 3343 1536 3391 art.
1568 3335 1622 3401 3,
1653 3333 1681 3406 ᾗ
1718 3338 1834 3401 3,et

283 3396 442 3464 hujus
473 3398 598 3452 libri
625 3399 848 3454 dissert.
873 3402 930 3468 ‘2,
965 3417 1082 3472 cap.
1121 3404 1212 3469 13,
1248 3396 1353 3458 art.
1377 3403 1433 3462 2.

339 3486 546 3568 _Citatis
576 3489 735 3568 paulo
759 3491 916 3559 post“
943 3494 1148 3568 Christi
1174 3494 1387 3548 verbis"
1415 3515 1428 3550 :
1463 3514 1481 3546 ι
1509 3494 1690 3568 ignem
1715 3495 1834 3568 veni

281 3566 478 3633 mttere
527 3565 848 3633 iu_terram,
891 3580 910 3614 ι
962 3565 1076 3618 haec
1118 3578 1312 3618 auctor
1356 3575 1540 3620 uoster
1581 3565 1834 3633 adjecit:

287 3644 304 3677 ι
337 3625 538 3694 Nempe
568 3625 842 3696 virtutem,
873 3646 994 3701 qua:
1025 3643 1247 3690 sanctos
1278 3635 1493 3700 quidem
1543 3625 1832 3700 emendet;

280 3705 525 3771 terrenos
551 3713 702 3771 vero,
734 3710 797 3771 ut
819 3705 1037 3771 quidam
1069 3706 1244 3767 aiunt,
1289 3705 1507 3758 interitu
1544 3714 1751 3771 mergat
1779 3718 1833 3758 et

278 3766 478 3832 deleat,
511 3785 532 3820 ι
567 3766 1234 3845 ϐτωοε-δύναμινιὺλικῶνν
1254 3775 1631 3845 ἁφανιστικήν,
1659 3766 1830 3845 virtu-

279 3845 388 3888 tem
432 3846 701 3911 terrenos,
733 3841 848 3911 sive
891 3841 1070 3911 potius
1112 3841 1422 3898 materiaies
1461 3841 1832 3908 exterminan-

281 3916 408 3959 tem.
441 3907 506 3983 at
542 3905 907 3983 (Σο-ηλικίίδίυέ
923 3914 989 3967 ad
1021 3914 1322 3983 marginem
1372 3915 1652 3968 adnotavit
1685 3905 1828 3968 hunc

276 3991 398 4058 esse
438 3974 817 4058 §_ttostic0i-tttt_t
863 3984 932 4038 de
977 3974 1240 4058 abolendo
1288 3999 1516 4058 corpore
1562 3998 1827 4058 errorem.

277 4045 384 4099 Sed
440 4045 490 4100 id
538 4056 687 4123 certe
735 4052 913 4120 aliqua
973 4053 1164 4123 saltem
1223 4045 1434 4108 ratione
1489 4056 1829 4123 probandum

272 4127 414 4192 erat,
438 4126 529 4170 attt
554 4118 772 4192 quinam
807 4118 988 4176 essent
1012 4122 1085 4176 illi
1109 4121 1376 4190 Gnostici,
1407 4118 1824 4192 designandum.

275 4184 464 4263 houue
503 4184 760 4263 emittitis
787 4193 963 4247 verbis
988 4193 1079 4246 alii
1119 4196 1296 4262 potius
1330 4184 1686 4263 designantur
1717 4196 1827 4248 ha:-

279 4257 457 4320 retici,
487 4259 602 4313 sive
636 4259 1022 4325 Valentiniani,
1054 4257 1169 4318 sive
1204 4257 1571 4326 Montanistae.
1600 4273 1696 4318 aut
1734 4264 1827 4317 alii

1961 1821 2133 1887 gratia
2165 1816 2493 1888 justilic'atus
2534 1828 2636 1873 est.
2678 1837 2695 1869 ι
2727 1816 2834 1872 Sed
2873 1819 3006 1871 nihil
3063 1819 3113 1870 in
3160 1817 3252 1871 illo
3284 1819 3517 1872 auctoris

1961 1889 2130 1941 nostri
2174 1899 2324 1942 textu
2361 1891 2625 1951 videmus,
2650 1889 2791 1958 quod
2820 1889 2884 1942 ad
2921 1889 3062 1943 hanc
3093 1889 3512 1958 explicationem

1960 1972 2058 2011 IIOS
2114 1961 2402 2010 conducat.
2459 1957 2805 2025 Quapropter
2871 1958 3221 2012 verisimilius
3283 1957 3516 2013 fortasse

1961 2025 2230 2081 videbitur
2265 2029 2412 2080 illum
2462 2028 2534 2082 ibi
2582 2030 2645 2080 ad
2689 2043 2927 2082 errorem
2977 2029 3205 2082 allisisse
3251 2042 3512 2096 quot-nin-

1957 2096 2078 2149 dant
2123 2097 2782 2165 pseudo-Guosticorum,
2825 2099 2916 2167 qui
2962 2098 3127 2152 vitam
3179 2095 3511 2164 spiritualem

1955 2167 2300 2233 proﬁtentes,
2332 2171 2400 2221 ad
2444 2184 2567 2222 eum
2599 2177 2820 2231 statum,
2872 2169 2922 2222 in
2964 2185 3070 2236 quo
3120 2167 3347 2235 amplius
3388 2182 3513 2236 pec-

1954 2249 2084 2358 lextre
2109 2253 2214 2292 non
2247 2248 2486 2308 possent,
2516 2253 2574 2292 se
2602 2236 2893 2307 aliquando
2921 2237 3235 2309 pervenisse
3271 2237 3516 2290 vendita-

1993 2314 2106 2358 ant.

1993 2314 2106 2361 aut.

2026 2375 2214 2448 Plures
2237 2377 2390 2448 alias,
2420 2376 2528 2448 vel,
2555 2391 2620 2431 ex
2659 2379 2825 2448 variis
2871 2377 3219 2448 apocryphis,
3254 2377 3328 2430 uti
3376 2377 3515 2430 vidi-

1956 2459 2100 2514 mus,
2125 2445 2304 2511 libris,
2329 2448 2411 2500 vel
2443 2447 2591 2501 nullo
2622 2447 2792 2502 citato
2818 2445 3300 2514 authOI-e'Scriptor
3326 2456 3513 2501 noster

1953 2513 2122 2586 falsas
2161 2517 2466 2583 opiniones,
2499 2533 2564 2570 ac
2612 2520 2883 2585 prmeipue
2914 2519 2978 2572 de
3004 2513 3188 2572 stellis
3213 2527 3267 2569 et
3300 2517 3512 2586 angelis

1952 2584 2277 2652 simpliciter
2302 2589 2557 2655 pr0pouit
2581 2585 2647 2649 “,
2682 2584 2817 2654 quas
2852 2589 2943 2640 ille
2985 2601 3084 2641 nec
3119 2584 3509 2649 refutare,'nec

1955 2656 2084 2722 quid
2121 2655 2172 2709 iu
2205 2655 2285 2709 eis
2312 2659 2610 2709 cavendum
2644 2656 2734 2719 sit,
2778 2667 3043 2724 relegere,
3073 2666 3168 2709 aut
3198 2657 3388 2709 saltem
3423 2657 3496 2708 in-

1953 2725 2136 2779 dicare
2159 2733 2332 2779 curat.
2365 2724 2630 2778 Nonnulla
2671 2735 2848 2778 tamen
2879 2742 3034 2793 sana,
3070 2735 3218 2779 recta
3244 2735 3298 2778 et
3320 2725 3510 2779 ortlio-

1951 2793 2104 2864 doxa
2132 2794 2184 2848 in
2213 2795 2318 2848 bac
2345 2797 2581 2864 epitome
2621 2807 2938 2850 occurrunt.
2969 2795 3101 2849 Nam
3139 2807 3197 2848 ut
3225 2794 3350 2856 alia,
3392 2811 3512 2863 qua:

1951 2876 2021 2935 _e__x
2052 2862 2197 2918 illius
2216 2862 2425 2935 analySi
2458 2865 3008 2929 satisintelliguntur,
3037 2866 3196 2919 inissa
3221 2862 3508 2930 faciamus,

1951 2932 2082 2986 illud
2115 2932 2359 3001 profecto
2391 2949 2575 2988 verum
2613 2945 2666 2990 et
2695 2937 3053 2990 ortltodoxum
3094 2945 3196 2998 est,
3236 2943 3399 3001 atque
3437 2936 3509 2989 ab

1951 3003 2194 3072 antiquis
2243 3004 2494 3074 Patribus
2552 3007 2747 3074 smpius
2802 3007 3056 3060 traditum
3108 3016 3163 3059 et
3215 3012 3504 3069 assertum,

1951 3077 2092 3139 quod
2135 3074 2224 3128 ille
2275 3073 2359 3128 his
2397 3075 2571 3128 edixit
2619 3073 2802 3130 verbis
2832 3077 2916 3127 “z
2971 3095 2988 3126 ι
3023 3075 3271 3130 Salvator
3324 3085 3507 3128 uoster

1950 3142 2255 3212 baptizatus
2284 3152 2384 3206 est,
2423 3159 2547 3198 cum
2592 3146 2703 3214 ipse
2753 3163 2859 3202 non
2896 3158 3112 3216 egeret;
3165 3155 3222 3198 ut
3270 3145 3354 3199 Itis
3403 3147 3505 3216 qui

1950 3224 2410 3282 regenerarcntur
2448 3229 2618 3284 aquas
2669 3231 2860 3270 omnes
2917 3219 3301 3271 sanctiﬁcarel.
3351 3235 3368 3266 ι
3405 3219 3508 3270 Ve-

1949 3297 2066 3353 rum
2089 3284 2230 3353 sicut
2260 3286 2385 3339 boni
2415 3287 2694 3353 scriptoris
2722 3297 2803 3340 est
2825 3300 2969 3341 recta
2995 3299 3049 3340 et
3069 3303 3202 3340 sana
3233 3285 3502 3344 scribere.

1950 3351 2023 3405 ita
2061 3352 2203 3424 illius
2229 3371 2446 3424 quoque
2492 3351 2654 3409 olIicii
2694 3366 2746 3410 et
2789 3359 3034 3410 tnuneris
3075 3372 3195 3410 esse
3229 3357 3412 3418 debet,
3456 3357 3502 3409 si

1949 3436 2068 3494 qua:
2097 3421 2326 3494 falsa—et
2355 3421 2610 3479 absurde
2654 3441 2957 3494 proponere
2992 3437 3239 3492 cogatur,
3275 3427 3423 3493 quod
3452 3428 3505 3478 iu

1943 3493 2023 3544 eis
2053 3493 2271 3546 noxium
2290 3505 2393 3560 est,
2424 3505 2516 3547 aut
2535 3493 2842 3558 confutare,
2862 3506 2956 3548 aut
2983 3496 3174 3550 saltent
3204 3511 3272 3548 ne
3300 3495 3504 3548 incauti

1939 3562 2156 3628 quidam
2188 3563 2546 3632 decipiantur,
2582 3575 2708 3618 uota
2744 3567 2923 3634 aliqua
2952 3567 3186 3619 inurere.
3215 3565 3386 3634 l'orro
3411 3581 3506 3618 au-

1943 3639 2047 3702 tem
2080 3647 2186 3700 qua
2217 3637 2548 3690 necessitate
2582 3636 2648 3687 ad
2685 3645 2763 3689 tot
2785 3633 3022 3690 absurda
3051 3647 3106 3689 et
3136 3633 3362 3688 ridicula
3394 3637 3501 3702 opi-

1944 3701 2506 3773 nionumcommenta
2545 3704 2626 3759 vel
2660 3721 2726 3759 ex
2778 3719 2838 3759 se
2883 3707 3020 3773 ipso,
3054 3706 3136 3759 vel
3165 3720 3230 3757 ex
3271 3701 3502 3759 alterius

1939 3771 2224 3839 scriptoris
2262 3772 2738 3830 lucubrationibus
2780 3771 3041 3829 tradenda
3089 3785 3277 3828 auctor
3313 3786 3502 3830 noster

1939 3842 2250 3916 compulsus
2286 3844 2467 3913 fuerit,
2498 3846 2655 3900 nobis
2693 3861 2918 3916 prorsus
2962 3847 3354 3914 incompertum
3382 3859 3502 3900 esse

1937 3908 2251 3966 fatebimur.

2003 3981 2245 4050 Denique
2265 3981 2670 4055 observabimus
2699 3985 2841 4041 hunc
2869 3993 3162 4041 tractatum
3196 3983 3498 4055 perfectum

1933 4064 2040 4123 non
2075 4065 2216 4123 esse,
2261 4053 2553 4123 pluresque
2592 4056 2770 4108 adhuc
2813 4057 2868 4111 in
2918 4070 2986 4110 eo
3031 4070 3154 4110 esse
3197 4053 3414 4119 hiatus,
3443 4069 3499 4110 et

1931 4119 2047 4174 loca
2081 4119 2423 4187 detruncata,
2461 4119 2526 4177 ac
2575 4123 2848 4190 mutilata,
2895 4141 2958 4180 ac
3005 4126 3218 4179 tandem
3255 4127 3309 4178 iu
3353 4127 3499 4181 illius

1937 4191 2043 4267 line
2065 4191 2228 4267 multa
2261 4193 2574 4267 desiderari,
2601 4209 2722 4261 quae
2752 4197 2834 4248 vel
2861 4197 3120 4263 temporis
3145 4195 3342 4263 injuria
3372 4212 3495 4267 per-

1931 4260 2061 4324 iere,
2095 4263 2175 4333 vel
2204 4277 2270 4316 ex
2299 4260 2680 4333 manuscriptis
2719 4260 2998 4320 codicibus
3048 4260 3321 4322 abstracta
3349 4260 3498 4321 a'vul-

275 4325 368 4395 qui
401 4329 608 4398 seipsos
638 4331 1298 4400 spiritualcs,Catholieos
1331 4344 1514 4392 autem
1537 4325 1828 4406 ψυχικούς,
1863 4343 1907 4397 ι)
1934 4345 2101 4400 saque
2125 4330 2362 4389 luerunt.

1562 4577 1945 4668 CAPUT
2020 4577 2182 4664 IV.

351 4727 440 4787 De
471 4725 850 4806 quibusdam
879 4731 944 4794 in
974 4731 1221 4812 aliquot
1255 4733 1572 4811 Epistolas
1609 4731 2607 4875 cauolttiifiastadumbrationihus,
2639 4733 2947 4797 Clementi
2979 4734 3412 4796 Alexandrino

1711 4829 1746 4874 a
1801 4831 1853 4873 ω
1907 4829 2054 4874 uis

1711 4829 2054 4874 allleUllS.

814 5091 1207 5150 ABTICULUS
1243 5097 1280 5150 Ι.

563 5160 808 5230 Analysis
834 5163 1021 5216 harum
1056 5167 1537 5221 adumbratiomtm.

336 5228 430 5285 Hae
454 5228 894 5306 adumbrationes
925 5235 1143 5306 scriptae
1167 5248 1293 5290 sunt
1321 5239 1372 5290 in
1412 5240 1644 5306 primam
1677 5237 1822 5292 Petri

266 5302 515 5372 apostoli,
551 5299 814 5372 et_]ud:e,
845 5318 909 5357 ac
940 5299 1170 5372 primam
1201 5317 1255 5360 et
1279 5299 1569 5360 secundam
1599 5307 1827 5362 Joannis

262 5371 580 5444 gripistolam.
616 5369 814 5444 Verum
849 5369 953 5427 illai
983 5389 1087 5427 non
1127 5390 1387 5444 perpetua
1427 5387 1482 5428 et
1508 5379 1822 5430 continuata

266 5438 322 5494 in
356 5440 594 5513 integras
625 5441 746 5497 illas
769 5441 1040 5514 Epistolas
1065 5438 1478 5510 counneutaria,
1510 5448 1601 5500 sed
1635 5450 1824 5502 breves

332 5601 377 5632 ”
402 5601 430 5672 ξ
455 5603 544 5664 Η.
570 5605 658 5669 49,
695 5606 781 5662 50.

262 5670 454 5740 ’διὰ

531 5676 550 5706 ⁷
580 5674 710 5732 Luc.
746 5693 842 5745 xit,
877 5678 964 5734 49.

264 5743 438 5814 "g7.

894 5611 937 5682 ’ξ’
954 5609 1167 5682 dissert.
1193 5625 1372 5679 super.
1406 5611 1462 5676 9.,
1487 5629 1536 5666 c.
1576 5613 1627 5679 ι,
1655 5630 1706 5682 p.
1738 5614 1860 5669 951.

1042 5673 1062 5712 ⁸
1092 5679 1185 5734 lib.
1228 5673 1344 5750 sup.
1377 5673 1594 5739 dissert.
1614 5673 1687 5750 Ἐξ,
1726 5701 1774 5739 c.
1825 5685 1878 5750 4,
1916 5673 2022 5740 ω’ἶ.

1931 5099 2199 5175 duntaxat
2234 5102 2286 5154 in
2319 5103 2582 5171 quosdam
2626 5117 2811 5157 carum
2859 5120 3075 5167 versus,
3121 5107 3204 5160 vel
3251 5107 3487 5175 aliquam

1927 5172 2195 5224 duntaxat
2217 5175 2531 5227 earumdem
2560 5189 2808 5228 versuum
2841 5186 3049 5242 partem
3079 5172 3480 5237 enarrationes.

1923 5253 1987 5318 ac
2027 5254 2167 5308 saepe
2196 5242 2392 5318 saepius
2419 5245 2632 5299 notulas
2658 5247 3029 5300 tantummodo
3060 5255 3113 5300 ct
3145 5248 3486 5302 animadver-

1923 5311 2108 5362 siones
2131 5311 2408 5365 exhibent.

1995 5385 2038 5432 A
2077 5383 2246 5452 prima
2281 5392 2462 5437 autem
2502 5381 2648 5436 Petri
2693 5383 2958 5452 Epistola,
2989 5388 3083 5440 sed
3113 5402 3142 5440 a
3177 5387 3336 5442 tertio
3365 5397 3486 5442 tau-

1923 5457 2036 5500 tuut
2073 5451 2231 5518 primi
2280 5453 2395 5517 ejus
2434 5453 2627 5520 capitis
2673 5451 2832 5510 versu
2880 5467 3071 5510 auctor
3096 5459 3327 5512 orditttr.
3363 5457 3489 5512 lude

1938 5615 2120 5697 ‘§52~
2197 5618 2400 5697 ξΡεέιΙο
2438 5636 2595 5697 περ.
2633 5621 2707 5697 δτ,
2750 5624 2946 5697 ξξξδ.
2999 5627 3046 5697 ,θ
3075 5625 3214 5697 w-
3251 5627 3486 5697 1w-

1985 5625 2120 5684 957.
2199 5625 2218 5648 ¹
2258 5625 2400 5672 Psal.
2438 5636 2595 5687 xvut,
2633 5625 2684 5676 6.
2759 5625 2777 5654 ³
2805 5625 2832 5694 §
2862 5625 2946 5678 58.
3025 5627 3046 5656 ⁵
3126 5627 3214 5679 39.
3293 5627 3312 5658 '
3344 5627 3486 5697 μδ.

1985 5698 2022 5740 ι.
2067 5687 2122 5741 ‘2.
2197 5690 2216 5720 ’
2249 5689 2276 5760 ᾗ
2315 5689 2382 5743 26
2407 5703 2459 5744 et
2502 5693 2590 5746 Ἦ.
2673 5692 2774 5764 τος
2831 5695 2913 5749 15.
2993 5695 3029 5725 “
3069 5625 3214 5767 ἓὸὗ,
3246 5695 3336 5763 56,
3399 5697 3489 5751 $8.
