3902 6308
561 298 701 356 1467

1197 294 1263 349 1N
1307 295 1735 352 CLEMENTEM
1773 272 1978 350 ALEX.
2018 291 2083 347 D.
2123 290 2211 346 LE
2234 289 2521 349 NOURRY
2555 288 3008 346 DlSSERTATlO
3037 288 3121 345 Ill.

3534 302 3620 359 “58

560 413 782 494 t_rausit_
802 414 869 469 ad
898 415 1167 494 quintum,
1216 429 1280 469 ac
1328 409 1524 469 deinde
1569 429 1793 494 nonum,
1827 412 2121 494 decimum,
2152 413 2197 469 A
2228 419 2472 494 riserunt.
2492 404 3017 494 Yeramporroesse
3041 408 3626 494 eaminscriptioneumtque

559 484 959 550 duodecimum,
984 485 1251 539 decimum
1284 499 1502 545 nouum.
1534 486 1851 538 vicesimum
1881 483 2121 548 tertium,

557 566 612 608 et
640 555 955 609 vicesimum
986 554 1253 621 quintum.
1281 554 1532 609 omnibus
1561 553 1683 608 aliis
1718 553 2122 624 prmtennissis,

557 625 826 681 edisserit.
858 625 934 679 Ex
962 624 1140 693 capite
1190 636 1370 679 autem
1410 625 1652 680 secundo
1684 641 1790 679 non
1830 624 1967 678 alios
2000 636 2151 689 ver-,

559 709 653 751 sus
685 694 775 751 ille
813 694 1069 764 explicat,
1099 709 1259 763 quam
1300 710 1525 759 nouum,
1556 704 1613 749 et
1647 695 1965 749 vicesimum
2013 702 2124 746 ter-

562 766 729 831 tium;
753 765 1207 835 quemadmodum
1237 779 1303 818 ex
1324 766 1499 835 capite
1520 765 1681 835 tertio
1710 766 1974 835 quasdam
2002 771 2124 835 Atan-

558 843 672 889 tum
707 833 899 889 versus
929 836 1121 889 decimi
1161 834 1361 903 quinti,
1392 833 1592 889 decimi
1618 833 1819 898 octav'i,
1847 833 2119 903 vicesimi,

557 905 802 960 vicesimi
828 905 987 973 primi
1028 916 1082 960 et
1120 901 1341 960 secundi
1378 915 1561 973 partes
1591 906 2001 975 interpretatur.
2029 901 2119 975 Si-

558 975 760 1030 militer
800 976 854 1029 in
892 975 1276 1044 subsequentis
1311 974 1504 1043 capitis
1540 977 1719 1044 quarti
1739 973 1974 1030 versum
2025 973 2121 1029 de-

555 1046 781 1107 cimum,
831 1044 1100 1100 decimum
1151 1046 1390 1109 tertium,
1434 1046 1704 1100 decimum
1762 1055 2020 1115 quartum
2065 1054 2120 1099 et

555 1116 822 1170 decimum
863 1117 1153 1183 septimum
1197 1116 1442 1184 qtttrdam
1477 1114 1878 1170 animadvertit.
1911 1114 2018 1169 Sed
2049 1130 2118 1169 ex

554 1185 730 1253 eapite
758 1186 948 1254 quinto
979 1186 1111 1238 nihil
1135 1186 1298 1249 aliud,
1327 1195 1525 1252 praeter
1549 1185 1785 1254 aliquam
1815 1200 2003 1240 versus
2029 1184 2115 1241 de-

553 1255 680 1309 cimi
710 1267 765 1310 et
787 1256 980 1310 decimi
1010 1257 1187 1324 quarti
1223 1266 1428 1322 partem
1461 1256 1661 1324 attigit.

624 1326 773 1380 Data:
817 1341 947 1379 vero
987 1342 1016 1379 a
1059 1325 1194 1380 Juda
1231 1325 1485 1394 Epistula:
1535 1326 1932 1395 expositionem
1990 1327 2115 1384 inde

554 1397 644 1450 ille
678 1396 924 1467 inchoat.
963 1398 1104 1467 quod
1134 1395 1301 1450 Judas
1353 1397 1525 1465 ipsius
1550 1396 1733 1467 finitio
1761 1412 1820 1452 se
1856 1411 1960 1450 non
2001 1395 2115 1450 fra-

554 1478 690 1521 trem
724 1465 957 1531 Domini,
980 1465 1098 1521 ‘sed
1132 1482 1346 1520 servum
1389 1466 1761 1535 appellaverit.
1804 1468 1922 1534 Quo
1954 1482 2115 1522 enar-

554 1547 692 1600 rato,
725 1535 1010 1591 confestim
1044 1537 1190 1590 venit
1230 1538 1295 1590 ad
1339 1551 1555 1590 versum
1598 1537 1866 1607 quintum,
1895 1547 1949 1591 et
1979 1537 2113 1595 alios

552 1608 962 1678 subsequentes,
991 1622 1161 1677 usque
1191 1609 1256 1661 ad
1287 1622 1503 1660 versum
1532 1607 1797 1662 decimum
1828 1617 2109 1678 quartum,

552 1680 606 1731 in
635 1692 771 1743 quos
799 1676 991 1732 breves
1038 1676 1266 1741 tantum,
1310 1692 1374 1731 ac
1418 1678 1745 1747 quandoque
1778 1676 2111 1734 in'minimas

549 1763 739 1803 eorum
767 1759 951 1820 partes
987 1750 1398 1802 observationes
1440 1746 1678 1801 exhibet.
1708 1748 1844 1802 lliuc
1873 1750 2110 1802 transilit
2142 1764 2184 1820 Β

549 1820 617 1872 ad
646 1833 858 1872 versum
897 1819 1165 1873 decimum
1208 1834 1432 1881 nouum,
1462 1832 1526 1869 ac
1570 1829 1755 1886 postea
1782 1834 1995 1873 versum
2032 1821 2110 1873 vi—

546 1890 834 1950 cesimum,
878 1889 1191 1943 vicesimum
1234 1890 1501 1957 primum,
1549 1889 1865 1942 vicesimum
1914 1902 2104 1943 secun-

547 1960 708 2020 dum,
750 1967 805 2010 et
858 1959 1175 2012 vicesimum
1228 1958 1469 2019 tertium,
1515 1959 1731 2013 omissis
1782 1959 2107 2028 quibusdam

548 2030 750 2095 verbis,
777 2029 1147 2097 transcripsit,
1170 2028 1410 2093 nihilque
1439 2029 1489 2079 in
1515 2043 1629 2094 eos,
1647 2029 1751 2082 nisi
1776 2031 1828 2081 in
1853 2031 2107 2085 nonnulla

548 2098 793 2153 vicesimi
841 2099 985 2153 tertii
1028 2100 1193 2152 verba
1242 2101 1489 2152 adnotat.
1539 2100 1741 2155 Deinde
1790 2114 1919 2153 vero
1947 2102 2108 2167 paulo

544 2171 719 2224 fusius
742 2168 1057 2223 vicesimum
1078 2179 1327 2236 quartum
1353 2168 1608 2238 explanat
1639 2186 1653 2224 :
1677 2182 1742 2224 ac
1765 2170 2105 2226 manifestum

547 2244 760 2295 tandem
797 2240 929 2293 facit
960 2256 1059 2295 cur
1102 2239 1371 2305 Christus,
1402 2240 1559 2291 morti
1611 2240 1913 2309 proximus,
1959 2243 2108 2309 prin-

545 2310 651 2375 cipi
688 2311 1030 2364 sacerdotum
1065 2310 1443 2380 interroganti,
1472 2322 1534 2362 se
1567 2323 1758 2364 revera
1783 2308 1977 2365 Filium
2011 2313 2104 2367 Dei

544 2394 668 2434 esse
703 2381 1066 2446 responderit.

622 2449 797 2505 Simili
826 2450 995 2518 ‘plane
1052 2449 1208 2505 modo
1250 2450 1423 2519 prima
1470 2448 1698 2505 Joannis
1746 2448 1987 2519 Epistula
2038 2455 2107 2508 ab

543 2532 767 2575 auctore
812 2517 1346 2591 ts'istroexpunitur.
1381 2517 1618 2591 Primum
1655 2517 1856 2591 etenim
1893 2523 1983 2576 ille
2013 2538 2108 2591 pa-

545 2591 731 2660 tefacit
754 2606 916 2660 quam
942 2590 1168 2658 pulchre
1194 2591 1353 2660 hujus
1382 2590 1633 2659 Epistula:
1664 2590 1945 2646 exordium
1978 2590 2104 2648 cum

542 2656 820 2729 Evmigcl'ii
847 2656 1143 2731 se_cutidutn
1170 2656 1437 2716 Joannem
1461 2660 1728 2730 principio
1754 2671 2019 2731 congruat
2051 2673 2108 2718 et

541 2731 853 2788 cutiveniat.
889 2729 1026 2784 Tum
1057 2746 1185 2786 vero
1224 2730 1314 2787 ille
1354 2729 1574 2787 enarrat
1613 2729 1882 2802 ejusdem'
1909 2736 2105 2802 capitis

544 2818 759 2857 versum
790 2802 1110 2863 secundum,
1132 2801 1712 2872 quintum,secundam
1738 2803 1952 2871 septimi
1979 2801 2104 2872 paro

545 2882 676 2939 tem,
707 2888 769 2924 ac
792 2876 1009 2926 tandem
1040 2873 1330 2929 decimum.
1358 2873 1435 2926 Ex
1465 2871 1642 2940 capite
1668 2883 1845 2926 autem
1867 2871 2104 2928 secundo

542 2943 836 2999 secundam
873 2943 1032 3010 primi
1081 2959 1270 2998 versus
1308 2952 1540 3013 partem,
1569 2950 1625 2995 et
1662 2952 1783 3010 post
1819 2945 1931 2998 haec
1978 2960 2103 2999 ver-

543 3031 663 3071 sntn
694 3013 935 3075 tertium,
958 3016 1228 3080 quintum,
1247 3016 1561 3083 septimum,
1582 3025 1854 3077 oetavum,
1878 3028 2100 3079 nonum,

543 3086 831 3146 (let'ltlllllll,
862 3098 927 3136 ac
971 3086 1071 3137 hoc
1114 3084 1418 3138 duodecimi
1463 3085 1706 3147 verbum,
1747 3083 1924 3150 ﬂiioli,
1959 3086 2102 3140 edis-

542 3154 695 3210 serit.
732 3154 921 3206 Postea
946 3168 1074 3208 vero
1098 3155 1363 3209 decimum
1396 3153 1611 3208 tertium
1669 3153 1925 3222 explicat,
1957 3157 2103 3209 sicut

546 3224 815 3279 decimum
863 3235 1095 3290 sextum,
1150 3225 1415 3278 decitnttm
1468 3223 1781 3292 septimum,
1830 3225 2099 3279 decimum

544 3310 765 3358 nonum,
806 3294 1121 3348 vicesimum
1164 3296 1480 3361 secundum,
1514 3293 1825 3347 vicesimum
1856 3299 2098 3360 tertium,

541 3380 608 3420 ac
653 3366 946 3435 secundam
998 3366 1236 3421 vicesimi
1272 3365 1403 3420 noui
1454 3374 1683 3435 partem.
1715 3364 1923 3433 Capitis
1972 3382 2101 3422 vero

545 3436 693 3491 tertii
720 3434 886 3506 3.59
919 3436 1145 3492 alteram
1181 3451 1368 3492 versus
1401 3435 1559 3506 primi
1598 3447 1829 3504 partem,
1863 3451 1926 3489 ac
1967 3438 2099 3491 sub-

541 3506 668 3561 inde
711 3522 923 3561 tet'Snm
965 3510 1283 3573 secundum,
1341 3520 1620 3570 octavum,
1666 3520 1868 3561 nonum
1894 3545 1909 3568 ,
1949 3507 2099 3561 deci-

541 3593 711 3642 mum,
743 3580 1011 3632 decimum
1043 3585 1314 3649 quintum,
1350 3579 1617 3633 decimum
1636 3590 1877 3649 sextum,
1907 3592 1970 3631 ac
2006 3592 2101 3647 po-

539 3658 746 3721 stretno
797 3646 1110 3704 vicesimum
1167 3646 1768 3721 interpretaturrrNan:
1819 3649 2100 3721 sequentis

538 3719 756 3785 quidem
783 3733 973 3775 Versus
1010 3723 1174 3776 verba
1212 3722 1399 3787 refert,
1432 3719 1528 3774 sed
1556 3720 1691 3773 nihil
1730 3720 1784 3775 in
1824 3719 2100 3777 ea’ubser-

537 3800 650 3842 vat.
695 3788 840 3845 Duos
868 3805 1036 3858 porro
1068 3808 1170 3847 nec
1220 3791 1403 3861 plures
1448 3791 1643 3859 capitis
1674 3793 1855 3859 quarti
1880 3808 2095 3861 versus,

540 3874 734 3932 nempe
781 3863 1076 3915 secundum
1127 3874 1183 3918 et
1224 3861 1493 3916 decintutn
1546 3870 1795 3915 octavum
1851 3868 2095 3932 exponit.

536 3929 776 3984 Cratiutn
832 3932 958 4003 inde
989 3932 1120 3988 facit
1168 3935 1235 3987 ad
1277 3933 1637 4003 quorumdam
1686 3935 1878 3999 capitis
1920 3929 2095 4003 quinti

536 4017 792 4056 Versuum
835 4002 1309 4071 explanationem,
1356 4002 1612 4056 nimirum
1656 4008 1907 4057 secunda:
1940 4002 2095 4058 isexti

535 4073 865 4142 septimique
917 4089 1106 4128 versus
1140 4076 1344 4144 partis;
1381 4086 1445 4126 ac
1479 4082 1599 4141 post
1645 4074 1760 4127 hinc
1797 4075 1865 4127 ad
1908 4089 2097 4130 versus

536 4144 728 4196 decimi
761 4145 961 4211 quarti,
997 4155 1162 4213 atque
1207 4144 1432 4199 alterius
1458 4157 1676 4211 quoque
1717 4152 1925 4198 tantum
1973 4160 2095 4200 vcr-

537 4225 630 4265 sns
661 4214 855 4267 decimi
887 4216 1013 4269 noni
1042 4226 1096 4268 et
1127 4215 1371 4271 vicesimi
1406 4215 1578 4281 partis
1603 4216 2023 4281 expositionem.

608 4281 893 4339 Postremo
920 4297 1114 4340 auctor
1138 4298 1321 4340 noster
1341 4284 1591 4339 secunda:
1610 4285 1849 4353 ejusdem
1872 4283 2097 4341 Joannis

537 4353 813 4427 Epistolas,
847 4370 1027 4427 quam
1063 4358 1130 4410 ad
1164 4357 1417 4427 virgines,
1449 4371 1554 4407 non
1602 4370 1782 4419 secus,
1833 4367 1996 4424 atque
2029 4359 2095 4411 ad

536 4425 906 4493 nabyloniam,
943 4426 1030 4479 cui
1063 4425 1270 4480 nomen
1293 4428 1489 4480 Electa:
1515 4438 1654 4490 erat,
1681 4428 1937 4491 scriptam
1976 4429 2094 4496 upi-

537 4504 723 4558 natur,
742 4510 1119 4564 argumentum
1150 4497 1307 4553 nobis
1333 4497 1571 4549 breviter
1589 4497 1854 4564 proponit.
1881 4496 1958 4549 Ex
1987 4505 2096 4551 tota

538 4576 720 4620 autem
750 4567 841 4619 illa
876 4566 1118 4636 Epistula
1160 4568 1326 4632 solus,
1359 4566 1572 4621 caeteris
1606 4567 1859 4621 omnibus
1887 4568 2101 4636 penitus

534 4637 775 4703 omissis,
801 4638 1047 4693 decimus
1080 4652 1269 4692 versus
1301 4639 1369 4692 ab
1399 4656 1466 4695 eo
1504 4636 1831 4707 explicatur.

1081 4728 1474 4786 ARTICULUS
1500 4731 1567 4787 ll.

539 4817 613 4876 De
640 4820 830 4875 harum
878 4822 1352 4947 adumbrationuml
1387 4825 1729 4893 cditianibus,
1769 4835 2001 4896 auclore,
2035 4845 2097 4883 ac

1233 4906 1329 4947 mu
1354 4910 1407 4947 ο.

1233 4906 1407 4951 ιιιιιιο.

602 4984 1060 5042 Adumbrationes
1082 4986 1209 5051 illae,
1237 4985 1350 5042 sive
1380 4987 1560 5057 potius
1582 4989 1916 5045 brevissima:
1954 5001 2095 5047 nunc

533 5066 589 5109 et
610 5057 1115 5129 animadversiones
1139 5060 1280 5129 typis
1312 5062 1473 5112 edita:
1504 5058 1724 5129 fuerunt
1768 5076 1872 5114 non
1920 5062 2093 5116 solum

535 5130 588 5179 in
623 5127 941 5188 Parisiensi,
966 5138 1021 5181 et
1047 5126 1232 5183 nostra
1265 5130 1610 5198 Lugdunensi
1634 5126 1857 5185 Patrum
1890 5130 2091 5186 Biblio-

532 5198 705 5270 theca,
735 5199 827 5251 sed
867 5198 1061 5253 Oxonii
1091 5200 1270 5270 etiam
1291 5216 1433 5253 anno
1469 5202 1628 5264 1685,
1656 5214 1719 5254 ac
1740 5200 1933 5270 Lipsize
1956 5218 2096 5256 anno

534 5268 701 5332 1700,
737 5275 859 5341 post
883 5276 1201 5333 tractatum,
1240 5269 1371 5337 Quis
1405 5270 1545 5325 dives
1576 5268 1817 5324 salutem'
1843 5273 2094 5341 consequi

529 5341 716 5420 possit,
743 5339 812 5392 de
836 5353 944 5407 quo
969 5342 1223 5409 superius
1258 5343 1513 5406 diximus,
1558 5341 1755 5410 publici
1786 5342 1944 5397 facta:
1969 5339 2093 5397 sunt

554 5425 691 5463 IIIIS.

528 5422 701 5545 “alii
728 5491 908 5534 autent
940 5480 1274 5536 editionibus
1309 5479 1416 5536 illis
1446 5481 1685 5550 praafecti
1710 5481 1884 5548 fuere,
1912 5483 1945 5537 ii
1973 5481 2094 5539 Cle-

534 5550 732 5617 mentis
773 5550 1131 5608 Alexandrini
1174 5569 1370 5608 nomen
1410 5552 1540 5607 huic
1576 5552 1834 5622 opusculo
1898 5556 2093 5612 inscri-

531 5776 586 5834 Ρ.
610 5691 797 5821 Ξίέἐξϋ.
826 5694 898 5753 De
923 5697 1151 5754 institui.
1180 5699 1348 5756 divin.
1376 5698 1560 5766 litter.,
1597 5713 1646 5756 c.
1675 5696 1728 5766 8,
1761 5713 1815 5768 p.
1842 5698 1967 5759 545.

2047 5700 2088 5735 ¹⁸
2109 5702 2204 5791 lib.
2230 5722 2281 5763 vr
2333 5704 2472 5763 Hist.
2512 5702 2727 5772 eccles.,
2758 5718 2806 5760 c.
2836 5702 2918 5771 l4,
2946 5717 3001 5774 p.
3030 5700 3152 5758 215.

2226 476 2255 533 a
2279 476 2945 549 Clentente‘ltlexandrino
2964 478 3188 549 scriptas
3209 476 3412 537 esse'has
3429 476 3624 549 adnuis};

2225 550 2403 602 tiones
2452 546 2686 615 probare
2732 557 3021 617 conantur_
3053 546 3327 617 cassiodori
3375 546 3604 617 auctoritati;

2225 618 2419 686 hisque
2449 607 2595 672 illius
2628 617 2810 671 verbis
2835 617 2919 668 ηε
2953 635 2971 667 ι
3001 614 3059 669 ln
3081 615 3309 684 Epistolis
3332 607 3628 685 canonicii'iil‘e:

2223 703 2402 752 mens,
2429 687 2858 758 Alexandrinus,
2883 688 3179 757 presbyter,
3213 690 3302 758 qui
3328 701 3373 744 et
3405 691 3628 758 Sirmium;

2222 766 2415 829 vocatu
2425 773 2468 821 r,
2494 758 2670 829 idest,
2693 757 2743 809 in
2762 756 3004 829 Epistula
3025 762 3187 829 sancti
3212 756 3335 812 Petri
3353 763 3500 829 prima,
3518 756 3628 827 sancti

2222 824 2450 882 Joannis
2476 828 2649 898 prima
2669 836 2726 879 et
2755 826 3015 898 secunda.
3039 836 3094 898 et
3120 826 3287 881 Jacobi
3309 824 3500 898 quaedam
3518 824 3628 896 Attico

2224 895 2829 977 sermonem-claravit.
2856 895 2958 951 Ubi
2991 896 3153 950 multa
3201 895 3387 965 quidem
3427 895 3627 977 subtiliter,

2220 970 2317 1021 sed
2346 968 2526 1037 aliqua
2572 968 2786 1037 incaute
2815 966 3029 1019 locutus
3051 976 3133 1020 est
3158 983 3171 1018 :
3202 982 3306 1037 quae
3333 986 3413 1025 nos
3434 974 3491 1026 ita
3514 966 3630 1033 transl

2219 1037 2356 1110 ferri
2385 1036 2635 1110 fecimus
2676 1036 3013 1110 inLatinnrn
3038 1076 3054 1099 ,
3090 1046 3147 1110 nt
3181 1040 3383 1110 exclusis
3413 1045 3631 1110 quibusom

2218 1106 2601 1186 oll_"endic_ulis,_
2625 1106 2904 1186 purificata
2948 1107 3200 1186 doctrina
3234 1107 3335 1186 ejus
3373 1106 3553 1168 securior
3580 1134 3633 1186 po-

2220 1178 2413 1255 tuisset
2446 1177 2680 1232 hauriri.
2714 1194 2733 1226 ι
2768 1177 3217 1255 ᾼώιψὺτειιίοηθε
3235 1177 3634 1255 euintvero,deq'ui.

2217 1246 2323 1302 bus
2356 1249 2717 1316 disputamus,
2766 1247 2869 1317 has
2899 1245 3157 1317 ipsasntet
3198 1263 3321 1313 esse,
3348 1245 3633 1317 quas'Casiio-

2218 1318 2386 1391 dorus
2412 1327 2830 1391 commemorat,
2859 1316 2982 1369 inde
3004 1316 3281 1391 colligunt;
3308 1316 3414 1387 quia
3434 1323 3501 1376 ille
3519 1337 3634 1391 aperte

2217 1388 2541 1442 testificatur
2570 1388 2624 1440 in
2672 1385 2803 1451 illis,
2852 1401 2972 1452 qua:
3002 1402 3031 1439 a
3078 1385 3335 1443 Clemente
3376 1385 3634 1449 Alexandrino

2257 1455 2474 1528 rufectte
2502 1465 2647 1528 sunt,
2696 1470 2803 1509 non
2837 1456 3078 1528 integras
3109 1457 3346 1528 horumce
3380 1464 3632 1528 apostolon

2257 1472 2474 1512 rutectze
2502 1472 2647 1520 sunt,
2696 1472 2803 1509 non
2837 1472 3078 1524 integras
3109 1472 3346 1512 noruince
3380 1472 3632 1528 apostolorum

2215 1472 2488 1595 Epistolas
2516 1527 2687 1581 fuisse
2718 1525 3018 1597 expositas,
3051 1527 3144 1580 sed
3184 1542 3245 1581 ex
3283 1528 3343 1581 iis
3362 1533 3636 1597 quaedamin-

2215 1605 2327 1650 tnm
2355 1598 2538 1651 Attico
2565 1609 2818 1650 sermone
2862 1595 3152 1662 explicata,
3182 1612 3243 1650 ex
3280 1595 3446 1665 quibus
3466 1604 3633 1657 nonnulla

2214 1667 2435 1721 incaute
2465 1667 2614 1737 dicta
2644 1666 3052 1737 ipse_consulto
3082 1670 3351 1721 resecavit.
3379 1671 3437 1722 At
3476 1686 3524 1723 ex
3557 1674 3636 1726 isn-

2215 1751 2355 1798 rum,
2392 1738 2458 1791 tle
2480 1735 2679 1805 quibus
2707 1735 2936 1804 agimus,
2976 1737 3416 1792 adumbrationum
3437 1742 3637 1798 exbibitat

2213 1806 2373 1861 nobis
2399 1805 2608 1876 analysi
2652 1815 2797 1879 patet
2828 1806 3223 1879 quamplurima
3258 1819 3455 1876 quatuor
3473 1816 3638 1879 apostoli-

2210 1892 2396 1931 carum
2423 1875 2682 1931 harumce
2706 1875 3069 1944 Epistolarum
3101 1877 3215 1932 loca
3239 1875 3345 1933 sine
3370 1881 3458 1933 ulla
3472 1875 3542 1934 aut
3562 1895 3636 1936 uota

2210 1958 2307 2000 aut
2345 1947 2711 2016 explicatione
2751 1947 2805 2000 in
2849 1946 3043 2001 iisdem
3100 1950 3304 2017 penitus
3345 1952 3509 2005 omissa
3539 1952 3641 2008 fuisse

2210 2020 2467 2071 adumbra
2479 2017 2732 2072 tionibus.

2269 2087 2596 2160 Oxoniensis
2611 2102 2743 2160 vero
2761 2089 3047 2160 episcopus
3062 2088 3326 2143 existimat
3337 2105 3418 2145 eas
3431 2106 3525 2147 esse
3539 2094 3641 2145 'l‘m

2208 2156 2533 2212 runcinatur
2561 2156 3017 2228 Cletiiettiinarutn
3044 2170 3337 2228 partem,ac
3349 2162 3641 2226 Cassiodorum,

2207 2228 2301 2297 qui
2351 2228 2688 2297 Clementem
2727 2227 3088 2285 Stromatennt
3139 2240 3310 2293 vocat,
3346 2232 3640 2287 verbniuGrt-

2208 2296 2361 2362 cum,
2407 2296 2818 2363 ὑποτυπώσεις,
2861 2298 3053 2356 Latine
3104 2302 3487 2356 adumbrationet
3535 2304 3644 2356 reddi-

2208 2368 2374 2423 disse.
2401 2367 2458 2421 In
2497 2369 2672 2439 hujus
2714 2382 2891 2424 autem
2934 2372 3264 2439 conjectura:
3297 2373 3644 2426 conﬁrmationem

2208 2440 2443 2506 proferri
2483 2437 2711 2493 forsitan
2760 2450 2991 2508 possunt
3040 2437 3176 2495 Vlia-.c
3214 2442 3407 2495 Eusebii
3445 2444 3498 2496 de
3527 2447 3644 2496 eodem

2206 2508 2483 2563 Clemente
2512 2510 2674 2563 verba
2697 2511 2781 2566 ’δε
2816 2530 2835 2562 ι
2874 2512 2930 2565 In
2960 2511 3119 2566 libris
3153 2509 3648 2578 Ὑποτυπώσεωηοα·

2207 2579 2357 2651 nium
2386 2590 2444 2633 ut
2487 2594 2596 2633 uno
2637 2582 2806 2635 verbo
2851 2583 3056 2646 dicam,
3106 2583 3376 2651 utriusque
3415 2583 3647 2637 Tcstauietiti

2207 2649 2616 2719 Scripturarum
2675 2653 3125 2719 compendiosam
3180 2649 3398 2707 instituit
3435 2655 3646 2708 enarratio-

2208 2734 2356 2793 nem,
2404 2734 2477 2793 ne
2510 2719 2618 2774 illis
2654 2723 2873 2790 quidem
2915 2724 3295 2792 praetermissis
3343 2724 3586 2793 scripturis,
3612 2724 3650 2774 de

2206 2790 2402 2862 quibus
2424 2791 2565 2844 inter
2591 2796 2792 2845 multos
2819 2790 3119 2862 ambigitur
3153 2809 3166 2845 :
3192 2792 3334 2848 Juda:
3356 2790 3601 2862 Epistulam,
3618 2804 3649 2843 et

2207 2857 2493 2933 Bai-nabat,
2514 2876 2587 2933 ac
2606 2862 2838 2930 reliquas
2857 2857 3162 2918 catliolicas
3186 2857 3434 2933 Epistolas
3448 2865 3648 2932 intelligo.»

2207 2931 2346 2993 Quid
2377 2934 2544 2992 enim,
2578 2932 2812 3000 inquies,
2846 2933 2965 2987 ista:
2999 2931 3427 2988 adumbratioues
3454 2936 3560 2988 aliud
3578 2931 3654 2986 col-

2211 3002 2405 3061 tinent,
2433 3002 2538 3055 nisi
2571 3002 3037 3070 compendiosam,
3071 3005 3149 3057 uti
3179 3005 3416 3068 diximus,
3440 3006 3652 3058 enarratio-

2208 3086 2329 3122 nem
2366 3070 2582 3144 ill‘arnin
2619 3071 2789 3144 Petri,
2835 3071 3061 3127 Joannis
3105 3086 3161 3128 et
3203 3074 3348 3128 Juda:
3373 3074 3655 3144 Epistolarum,

2208 3155 2348 3213 quas
2388 3140 2652 3213 Eusebius
2685 3157 2714 3195 a
2749 3142 3030 3197 Clemente
3056 3144 3138 3198 sic
3166 3140 3425 3213 expositas
3445 3161 3540 3198 esse
3562 3146 3655 3195 testi.

2209 3211 2439 3282 “Call”?
2481 3212 2620 3276 Ωυίά
2650 3228 2823 3282 ivero,
2876 3215 3018 3282 quod
3071 3215 3126 3268 id
3171 3211 3469 3268 auctoritate
3503 3214 3654 3267 sldllllll'l

2206 3281 2384 3354 adhuc
2433 3291 2611 3350 potest
2642 3281 2845 3347 Photti,
2893 3281 3013 3353 qui,
3060 3285 3165 3339 etsi
3195 3285 3351 3354 paulo
3374 3286 3609 3346 obscurius,
3628 3284 3657 3334 ll

2206 3351 2456 3424 eumdem
2510 3362 2689 3424 tamen
2738 3351 2955 3407 sensum
2989 3351 3272 3423 scripsit“
3302 3372 3315 3408 :
3350 3372 3367 3405 ι
3399 3354 3657 3424 Hypotgpom

2206 3423 2429 3493 quidem
2451 3422 2924 3493 Adisccptatjonem
2959 3422 3248 3480 continent
3274 3422 3490 3479 locorum
3529 3425 3660 3491 aliquot

2212 3490 2419 3565 Veteris
2446 3490 2691 3565 Noviqae
2716 3492 3075 3561 Testamenti,
3101 3512 3222 3565 qua:
3251 3498 3407 3550 etiam
3438 3508 3660 3549 summatm

2205 3564 2438 3629 explicat
2461 3572 2513 3615 et
2537 3563 2960 3634 interpretatur?
2992 3583 3011 3615 ι

2275 3634 2386 3709 ξω
2412 3637 2492 3686 hae
2522 3632 2853 3709 conjectura;
2876 3636 3059 3709 multis
3089 3650 3279 3705 parum
3309 3632 3661 3709 verosituilesqc

2205 3700 2497 3758 levissima:
2530 3700 2718 3774 procul
2765 3706 2928 3763 dubio
2960 3700 3311 3761 videbuntur.
3346 3707 3547 3759 Plurima
3572 3703 3665 3754 eain

2206 3783 2335 3831 ante
2368 3778 2567 3834 saecula
2596 3789 2717 3829 cum
2750 3776 2873 3830 libri
2908 3774 3317 3846 Hypotyporeon
3341 3774 3565 3845 deperditi
3593 3774 3663 3823 foe-

2205 3861 2338 3915 rint,
2367 3860 2624 3927 quonam.
2661 3861 2866 3921 quaeso,
2904 3850 3063 3927 modo
3095 3851 3331 3925 probare
3358 3852 3484 3927 ullus
3506 3857 3663 3927 unquis

2202 3924 2400 3989 poterit
2428 3921 2569 3993 illas,
2598 3926 2665 3977 de
2699 3927 2895 3993 quibus
2921 3921 3290 3993 disputamus,
3321 3921 3661 3981 adumbratim“?5

2201 3990 2849 4070 ex-istisﬂypotypoyon
2879 3990 3032 4070 libris
3060 3998 3231 4052 fuisse
3258 3990 3545 4070 collectasi
3621 4063 3628 4070 _

2275 4062 2476 4136 Deinde
2521 4062 2664 4119 vero
2697 4065 3079 4131 Cassiodorus,
3120 4072 3213 4136 qui
3259 4069 3352 4121 bas
3396 4063 3665 4136 adumbratio-

2202 4145 2300 4188 nes
2327 4132 2529 4209 Crtecc
2571 4137 2804 4203 seriptas
2836 4130 3083 4209 _viderat,
3125 4130 3467 4209 j'usseratqtie
3497 4136 3663 4209 Latinam

2202 4204 2340 4277 verti
2367 4206 2419 4257 in
2451 4203 2715 4277 linguam,
2739 4210 2804 4260 de
2834 4207 2900 4261 iis
2931 4203 3191 4277 tanquam
3228 4203 3479 4275 singulari
3508 4204 3666 4271 quodam

2201 4274 2494 4348 Clementis
2526 4291 2711 4345 opere,
2746 4280 2815 4332 ab
2848 4274 3267 4348 Hypatyposeou
3306 4274 3449 4331 libris
3487 4277 3666 4328 distincto

2201 4345 2457 4399 lonuitur.

2322 4416 2592 4485 onminus
2628 4425 2890 4485 praeterea
2927 4420 3198 4475 incertum
3225 4427 3308 4475 est
3340 4426 3503 4471 utrum
3525 4411 3670 4485 Cassio-

2207 4485 2377 4558 dorus
2401 4484 2518 4540 loco
2544 4503 2572 4539 a
2601 4483 2756 4558 nobis
2779 4492 2969 4556 citato,
2994 4492 3062 4545 de
3089 4493 3242 4546 hisce
3271 4489 3590 4558 Epistolarum
3609 4483 3669 4533 Ρο-

2210 4558 2315 4623 tri,
2353 4554 2502 4610 Juda:
2542 4565 2597 4609 et
2638 4555 2862 4614 Joannis
2900 4554 3405 4615 adnmbrationibus
3443 4565 3669 4610 sermonem

2206 4624 2420 4681 fecerit.
2458 4626 2642 4702 Primo
2668 4629 2933 4697 siquidem
2957 4632 3046 4685 ille
3072 4632 3328 4702 Epistulae
3346 4628 3586 4702 aJacobo,
3604 4638 3671 4702 aut

2206 4708 2396 4770 autem
2424 4714 2452 4750 a
2484 4698 2620 4752 Juda
2657 4696 2795 4752 data:
2834 4703 3099 4756 meminit.
3119 4696 3320 4770 Neque
3357 4696 3668 4770 dixeris-solita

2205 4767 2561 4821 librariorum
2611 4774 3026 4825 amanuensintn
3086 4764 3302 4827 incuria
3351 4769 3400 4823 in
3441 4764 3669 4823 Cassiodon

2207 4845 2356 4909 textu
2385 4854 2483 4909 pro
2530 4838 2701 4902 Judae,
2733 4855 2927 4894 nomen
2958 4840 3147 4897 Jacobi
3178 4842 3347 4896 fuisse
3382 4839 3669 4906 substitutum

2204 4907 2361 4961 Nulla
2386 4907 2594 4964 etenim
2622 4909 2865 4963 codicum
2902 4927 2994 4965 seu
3027 4915 3301 4967 editorum
3327 4925 3415 4966 seu
3451 4917 3670 4962 manuscri-

2202 4991 2418 5054 ptorum
2467 4981 2814 5048 auctoritate,
2849 4983 3102 5054 nullaque
3145 4984 3253 5038 alia
3295 4984 3489 5036 ratione
3520 4980 3563 5033 id
3586 4988 3673 5046 pro-

2201 5051 2319 5108 bari
2353 5058 2552 5119 potest.

2273 5118 2527 5175 Secundo
2554 5118 2913 5177 Cassiodorus
2937 5138 3037 5178 nos
3058 5124 3314 5179 admonet
3335 5137 3390 5177 se
3413 5135 3470 5174 ex
3496 5119 3564 5183 iis.
3582 5128 3670 5185 (ιυοε

2202 5208 2315 5266 pra:
2349 5193 2598 5266 manibus
2643 5194 2852 5266 habuit,
2881 5194 3176 5266 Clementis
3206 5192 3535 5266 Alexandrini
3563 5206 3600 5241 tu
3631 5188 3672 5237 ιιι

2175 5261 2282 5322 .Ias
2307 5262 2468 5317 triqu
2503 5265 2870 5331 apostolorum
2898 5265 3165 5334 Epistolas
3190 5261 3672 5334 commentariisqu

2199 5343 2323 5393 dam
2352 5338 2653 5398 sustulisse,
2686 5335 2830 5387 haud
2860 5331 3024 5390 dubie
3048 5350 3296 5390 errorum
3322 5331 3672 5389 olfeudicula.nt

2201 5425 2332 5464 sana
2364 5414 2625 5473 rectaque
2669 5404 2788 5475 ejus
2817 5410 3062 5461 doctrina
3104 5416 3296 5475 posset
3339 5406 3557 5475 securius
3581 5404 3670 5453 bau-

2201 5481 2323 5536 riri.
2352 5476 2514 5547 Atqui
2551 5475 2605 5528 in
2634 5474 2740 5540 his,
2766 5480 2830 5532 de
2852 5479 3052 5549 quibus
3085 5474 3314 5544 quaestio
3340 5487 3433 5538 est,
3462 5474 3670 5525 adumbra-

2203 5551 2460 5615 tiouibus,
2494 5550 2732 5604 nonnulli
2784 5553 2965 5605 adhuc
3019 5557 3309 5616 supersunt
3346 5559 3555 5607 errores,
3578 5550 3671 5610 quos

3245 5702 3287 5734 υ
3309 5699 3437 5757 Bibl.
3467 5695 3568 5754 cod.
3590 5705 3665 5759 ειι.
