3902 6308
246 315 339 369 575
1239 316 1327 372 DE
1366 314 1547 372 ALllS
1583 315 1787 372 CLEM.
1830 316 2035 375 ALEX.
2078 316 2279 374 OPER.

208 314 339 369 H75

3326 324 3463 383 “74

206 446 369 511 uinus
393 434 558 511 animi
583 440 688 498 est.
719 436 790 490 ibi
816 433 1211 511 adjecit._Satis
1229 436 1374 490 enim
1402 435 1564 507 352
1589 446 1773 511 aperte
1803 441 1847 497 Α
1878 437 2108 511 tionibus
2135 441 2391 508 quoniam
2422 436 2666 494 Joannes
2699 440 2876 506 ipsum
2918 453 3137 511 corpus.
3170 441 3313 511 quod
3343 454 3465 498 erat

202 505 378 559 anima
408 508 476 560 ab
498 518 724 562 auctore
747 518 933 562 nostro
958 506 1156 559 dicitur
1187 522 1291 559 non
1324 505 1648 560 naturaliter
1673 509 1773 560 im—

204 575 471 644 mortalis,
505 577 601 632 sed
638 577 1044 632 immortalitem
1076 578 1250 644 gratia
1284 587 1490 630 tantum
1522 576 1639 637 Dei.
1670 576 1774 631 lide

204 645 517 717 etjnstitia,
543 648 661 703 sive
681 648 841 704 bonis
870 648 981 702 suis
1015 646 1271 717 operibus
1303 648 1583 717 consequi.
1623 648 1691 700 At
1719 647 1773 700 id

203 714 396 771 l’alsnm
439 719 662 775 omnino
700 733 823 774 esse
870 714 1216 772 nemo'certe
1256 714 1561 773 catholicus
1609 719 1773 772 homo

206 786 562 844 iuliciabitur.
1598 811 1607 818 '

273 857 412 922 Quid
466 874 629 931 vero,
695 860 837 931 quod
867 859 957 913 ille
1004 858 1161 925 paulo
1200 866 1319 931 post
1349 857 1403 911 in
1449 857 1768 931 ltzecui’ctri

204 928 817 1001 verba“:tliegenerati
861 945 964 983 non
1004 944 1069 982 ex
1100 928 1309 1001 semine
1340 928 1712 1001 corruptibili.
1747 947 1767 982 ι

206 997 665 1071 ἰιΙΑιτιιιιιιιιιιιιόιΙο
687 1001 1046 1071 expositionis
1078 1000 1251 1065 gratia
1300 999 1437 1052 dixit
1471 1019 1483 1053 :
1518 997 1537 1051 ι
1574 998 1774 1071 (ὶοιτιιέ

205 1067 409 1139 ptibilis
435 1070 598 1139 igitur
639 1081 723 1126 est
759 1067 965 1132 anima.
1017 1084 1138 1137 qutc
1178 1083 1299 1123 cum
1338 1083 1569 1138 corpore
1613 1069 1772 1124 simul

203 1138 571 1211 profunditur.
597 1150 655 1195 ιιι
682 1143 901 1211 quidam
928 1150 1137 1211 putant.
1180 1157 1199 1190 ι

277 1208 500 1282 Verum.
531 1212 627 1274 ibi,
657 1208 892 1282 inquies,
927 1208 1034 1282 non
1071 1223 1228 1282 suam
1259 1211 1353 1264 sed
1395 1210 1625 1265 aliorum
1655 1209 1773 1280 ipse

203 1279 374 1333 refert
413 1279 748 1350 opinionem.
780 1282 926 1336 Esto.
976 1280 1083 1335 Sed
1126 1294 1246 1344 cur,
1281 1296 1486 1349 quaeso.
1523 1287 1638 1335 hinc
1672 1279 1772 1336 nec

201 1351 356 1417 plura
382 1352 642 1421 protulit?
666 1353 777 1407 Cur
801 1354 944 1407 hunc
975 1364 1221 1405 errorem
1254 1367 1357 1404 non
1388 1352 1648 1416 explodit,
1677 1362 1772 1406 aut

201 1421 518 1491 impugnat?
549 1422 659 1476 Cur
689 1438 810 1477 eum
840 1423 1019 1490 aliqua
1059 1421 1247 1476 saltem
1278 1430 1402 1475 nota
1437 1439 1542 1476 non
1581 1423 1768 1488 itmrit,

200 1502 296 1543 aut
329 1507 510 1544 veram
544 1494 871 1548 sententiam
910 1492 986 1546 illi
1019 1506 1124 1545 non
1156 1491 1413 1559 opponit?

270 1560 442 1615 Porro
474 1572 651 1617 autem
683 1578 862 1617 nonne
895 1577 960 1618 ex
1000 1562 1083 1616 his
1126 1562 1305 1633 colligi
1355 1562 1496 1616 hami
1531 1562 1771 1617 absurde

197 1640 381 1701 potest
424 1633 522 1686 has
545 1633 1009 1694 Adumbrutiones.
1055 1633 1124 1686 ab
1169 1633 1238 1686 iis
1270 1648 1391 1687 esse
1438 1633 1654 1700 penitus
1685 1633 1770 1687 di-

200 1717 416 1766 versas,
445 1718 580 1772 quas
608 1719 635 1755 a
668 1705 948 1758 Clemente
982 1703 1306 1757 Strumattco
1330 1705 1525 1766 editas.
1554 1702 1771 1759 Cassio-

200 1774 370 1828 dorus
403 1776 469 1826 ab
497 1774 601 1826 alio
623 1772 811 1829 Graece
840 1777 1001 1829 docto
1029 1774 1243 1826 curavit
1269 1774 1322 1827 in
1347 1772 1599 1828 Latinum
1630 1774 1768 1829 verti

199 1858 510 1898 sermonem
538 1843 562 1897 ’ἒ
595 1845 806 1899 Etenim
840 1859 960 1898 cum
993 1844 1319 1910 transcripta
1352 1860 1381 1897 a
1415 1845 1571 1898 nobis
1601 1844 1765 1899 verba

196 1913 287 1985 vix
320 1930 383 1968 ac
418 1929 484 1969 ne
513 1916 600 1968 vix
642 1914 859 1985 quidem
894 1925 1043 1969 rceto
1089 1929 1250 1967 sensu
1285 1914 1572 1985 explicari,
1606 1923 1769 1983 atque

201 1984 438 2039 incautis
477 1983 722 2055 pluribus
757 1983 1080 2039 oll'endicnlo
1116 1999 1239 2039 esse
1271 1983 1495 2053 queant,
1529 2002 1634 2038 nun
1671 1987 1771 2039 mi.

197 2055 317 2126 nori
357 2070 490 2110 sane
525 2056 805 2126 diligentia
844 2056 966 2125 pius
1002 2056 1084 2109 vir
1127 2070 1189 2110 ea
1243 2056 1560 2120 excidisset,
1606 2072 1766 2124 quium

197 2123 324 2189 alia,
353 2142 474 2195 qua:
503 2142 535 2181 a
565 2123 646 2181 se—
672 2141 741 2181 ex
797 2123 899 2181 huc
961 2126 1230 2197 apusculu
1264 2135 1544 2196 amputata
1600 2123 1770 2181 luisse

199 2197 542 2251 testilicalttr.
954 2204 955 2207 ’

266 2266 398 2332 Qua:
425 2268 645 2337 quidem
694 2266 760 2323 iis
792 2267 973 2323 adhuc
1012 2264 1325 2322 conﬁrmari
1369 2273 1614 2335 possunt,
1647 2281 1767 2335 qua:

194 2333 336 2406 idem
393 2333 585 2393 auctor
624 2349 811 2393 noster
863 2340 917 2391 in
971 2337 1317 2391 undecimum
1370 2333 1767 2406 subsequentis

192 2404 346 2476 Judae
392 2408 643 2476 Epistula:
680 2424 895 2465 versum
930 2425 946 2463 :
980 2425 999 2459 ι
1040 2406 1129 2462 Va:
1182 2406 1326 2469 illis,
1379 2407 1508 2476 quia
1568 2404 1624 2460 in
1679 2407 1768 2461 via

190 2475 327 2548 Cain
375 2475 649 2543 abierunt,
689 2497 708 2532 ι
756 2480 842 2535 his
882 2492 980 2532 nec
1020 2476 1267 2548 pluribus
1312 2475 1495 2533 verbis
1542 2478 1713 2532 edixit
1748 2495 1761 2531 :

197 2565 217 2591 σ
259 2543 352 2601 Sic
400 2549 563 2603 etiam
605 2561 830 2618 peccato
872 2543 1419 2618 Adze'suhjacenms,
1464 2549 1762 2603 secundum

189 2619 402 2686 peccati
432 2617 861 2673 similitudinem.
894 2639 914 2673 ο
964 2617 1153 2673 Nonne
1178 2618 1321 2672 enim
1348 2619 1436 2673 hic
1462 2628 1626 2687 putus
1662 2634 1764 2688 pn-

191 2702 393 2761 r_nsque
429 2688 864 2761 Pelagianorum,
911 2699 1227 2761 peccatum_
1254 2689 1520 2761 originale
1562 2703 1766 2758 negau-

189 2756 363 2830 tium,
384 2756 691 2830 gerror'est,
739 2756 1150 2830 pruscfiptaque
1174 2757 1260 2830 ab;
1287 2756 1541 2830 onmihns
1573 2756 1764 2830 ortho-

190 2827 352 2899 tloxis
384 2826 639 2884 Patrihus
666 2839 720 2884 et
741 2826 1008 2884 ‘concili'ts
1038 2826 1264 2899 opinio?
1294 2828 1510 2899 Scimus
1539 2829 1763 2899 quidem

188 2896 265 2969 ibi
305 2900 373 2952 ab
412 2908 633 2954 auctore
665 2912 853 2954 nostro
878 2896 1202 2969 apertenun
1229 2897 1448 2969 deliniri
1488 2896 1631 2953 hunc
1669 2913 1756 2954 so-

188 2966 302 3021 lum
353 2983 633 3039 osse,qno
684 2969 816 3024 Ada:
852 2966 1077 3040 peccato
1125 2966 1491 3040 subjacemus.
1538 2970 1759 3023 modum

186 3040 519 3109 tunicamque
543 3037 867 3095 irationem;
886 3042 990 3094 Sed
1016 3040 1102 3094 ille
1136 3037 1322 3107 procul
1356 3039 1520 3092 dubio
1550 3041 1619 3092 ob
1653 3051 1762 3093 tam

186 3106 413 3163 brevem
432 3106 662 3179 “tamque
690 3113 886 3164 durum
914 3112 982 3164 de
1017 3106 1240 3179 peccato
1266 3109 1517 3177 originali
1553 3124 1766 3165 scruto-

188 3192 335 3243 nem,
368 3157 1143 3249 quibusin.an"infimi-n6
1163 3157 1390 3233 forsitau
1421 3157 1579 3247 pravi
1601 3180 1759 3234 Pela-
1789 3157 1832 3215 ο

187 3248 482 3317 gianorum
526 3251 738 3306 erroris
774 3252 821 3306 si
857 3268 964 3306 non
1015 3252 1289 3313 conscius,
1336 3250 1526 3303 saltem
1570 3266 1758 3317 suspe-

183 3328 310 3391 ctus
342 3322 631 3379 videbitur.
658 3321 796 3389 Quid
824 3326 969 3378 enim
998 3338 1121 3377 cum
1144 3319 1439 3391 prohibuit.
1468 3323 1760 3389 quominus

185 3388 389 3463 aliquid
416 3394 480 3463 ad
501 3408 653 3446 suam
678 3388 745 3447 de
769 3401 994 3461 peccato
1019 3388 1270 3463 originali
1296 3388 1529 3445 mentem
1557 3392 1760 3447 clarius

180 3462 555 3532 explicandam
585 3464 656 3516 ibi
689 3464 1000 3532 adﬁceret}.

257 3530 313 3583 in
348 3531 581 3600 primum
616 3530 962 3604 vero'primae
986 3532 1214 3590 Joannis
1243 3532 1499 3605 Epistolas
1536 3547 1756 3605 versum

186 3600 302 3655 haec
334 3612 523 3656 auctor
551 3615 737 3657 noster
770 3600 842 3659 ile
882 3613 1170 3660 attrectata
1217 3600 1443 3660 Joannis
1501 3603 1751 3657 manibus

182 3686 350 3726 carne
378 3672 578 3729 Christi
606 3675 826 3745 scriptis
858 3677 1142 3746 prodidit:
1181 3692 1201 3727 ι
1238 3675 1434 3732 Fertur
1463 3676 1515 3730 in
1552 3673 1748 3729 Tradi-

1881 508 2242 580 extrinsecus,
2273 520 2521 580 tangens,
2576 525 2799 563 manum
2858 508 3031 563 snam'
3073 512 3126 564 iu
3187 508 3456 580 profunda

1882 577 2119 639 misisse.
2154 589 2207 632 et
2239 581 2285 633 ei
2320 577 2575 634 duritiam
2607 580 2790 634 carnis
2835 580 2983 633 nullo
3029 577 3199 636 modo
3222 583 3462 636 relucta-

1884 657 1993 721 tgam
2023 661 2163 710 esse.
2198 649 2293 704 sed
2344 650 2522 721 locum
2560 651 2759 721 manni_
2791 652 3090 719 prrcbnisse
3122 652 3396 721 discipuli.
3438 672 3458 705 ι

1881 718 2137 784 Onzenam
2166 731 2347 773 autem
2383 720 2583 774 fuerint
2614 721 2694 774 lue
2718 718 3074 787 Traditiones,
3105 718 3274 776 nemu'
3302 723 3464 775 facile

1881 788 2171 843 divinabit.
2208 792 2249 844 A
2281 790 2441 845 nobis
2470 790 2739 859 siquidem
2761 791 2871 857 jam
2901 791 3251 846 observatum
3277 801 3361 846 est
3389 792 3460 855 ",

1881 876 1909 912 a
1941 859 2223 915 Clemente
2250 860 2617 914 Alexandrino
2647 861 2805 915 citari
2828 860 3075 917 Matthiae
3094 862 3460 917 Traditiones:

1882 930 1979 984 sed
2034 930 2259 986 forsitan
2317 928 2691 984 Traditionnm
2731 933 2975 997 nomine,
3028 943 3221 988 auctor
3276 943 3464 989 noster

1880 1000 2183 1073 designavit
2215 1001 2426 1055 laudata
2458 1001 2527 1073 ab
2555 1000 2864 1070 Ephrzemio
2903 1003 2952 1034 ⁸⁸
2987 1003 3459 1073 psendepigrapha

1878 1067 2113 1144 ,ΙοτιριιίεΔ
2142 1082 2235 1144 aut
2280 1067 2649 1144 apostolorum
2688 1075 2846 1138 Acta,
2883 1067 3006 1143 quin
3035 1067 3373 1144 Augustinus
3411 1072 3461 1108 ³⁵

1880 1149 1934 1213 et
1962 1140 2359 1213 Epiphanius“
2384 1143 2526 1196 inter
2565 1140 2917 1212 apocryphas'
2937 1140 3238 1213 scripturas
3272 1159 3463 1198 antan-

1880 1211 2031 1274 dant,
2056 1221 2109 1266 et
2140 1212 2269 1267 solis
2289 1213 2565 1267 haereticis
2586 1215 2702 1266 usui
2731 1211 2899 1267 fuisse
2925 1211 3310 1268 testiﬁcantur.

1954 1280 2023 1336 Ut
2057 1290 2118 1335 ut
2153 1284 2248 1343 sit.
2285 1293 2502 1337 constat
2550 1298 2715 1345 sane.
2748 1294 2803 1336 et
2833 1297 3043 1338 certum
3081 1294 3165 1339 est
3209 1284 3460 1339 laudatas

1880 1351 1948 1404 ab
1980 1362 2199 1407 auctore
2231 1362 2415 1408 nostro
2444 1353 2779 1407 Traditiones
2824 1353 2986 1408 falsas
3019 1356 3241 1407 omnino
3285 1357 3456 1409 fuisse

1878 1431 1935 1495 et
1975 1423 2332 1495 apocryphas.
2378 1423 2521 1478 Nihil
2553 1425 2697 1495 enim
2731 1425 2799 1478 de
2841 1439 3017 1495 carne
3060 1425 3286 1488 Christi,
3338 1440 3459 1495 quat

1877 1489 2071 1564 Joanni
2121 1489 2251 1564 eam
2276 1494 2638 1549 contrectanti
2673 1509 2779 1549 non
2816 1494 3081 1548 reluctata
3114 1506 3223 1564 est,
3270 1499 3323 1551 in
3356 1489 3458 1551 'sa-

1879 1562 1991 1616 cris
2018 1563 2333 1633 Evangeliis
2364 1564 2616 1632 leginms.

1949 1633 2137 1703 Neque
2171 1636 2378 1690 dixeris
2403 1635 2455 1689 in
2485 1634 2728 1689 auctoris
2769 1635 2939 1690 nostri
2974 1644 3122 1689 textu
3151 1651 3272 1691 esse
3294 1635 3458 1691 libra-

1880 1703 2083 1758 riorum
2125 1720 2391 1769 errorem.
2416 1721 2478 1760 ac
2508 1720 2605 1774 pro
2635 1705 2891 1769 Joannes.
2926 1707 3274 1760 scribendqu
3309 1706 3456 1760 Tho-

1806 1811 1846 1864 Β
1878 1791 2013 1857 nias,
2049 1776 2135 1829 cui
2163 1775 2438 1838 Christus,
2480 1787 2540 1829 ιιι
2570 1777 2624 1829 in
2656 1774 2901 1841 ejusdem
2946 1776 3173 1830 Joannis
3207 1777 3457 1900 Evange-

1875 1844 1948 1899 lto
1999 1855 2255 1900 narratur
2297 1847 2364 1902 ’⁷.
2408 1861 2606 1902 corpus
2660 1860 2817 1900 suum
2862 1849 3193 1902 tanaendutn
3227 1851 3357 1901 obtn
3386 1856 3447 1902 tt.

1897 1845 1948 1915 io
1999 1855 2255 1900 narratur
2297 1847 2364 1911 ’⁷,
2408 1861 2606 1915 corpus
2660 1860 2817 1900 suum
2862 1849 3193 1912 tangendutn
3227 1851 3357 1901 obtu

1871 1914 2004 1987 Nam
2036 1917 2106 1987 ibi
2146 1918 2211 1971 de
2238 1916 2438 1972 Christi
2473 1914 2662 1982 carne,
2694 1932 2815 1987 qua:
2860 1916 2936 1969 illi
2988 1917 3226 1987 tangeuti
3269 1932 3453 1973 cesse-

1874 1986 1967 2056 rit,
2002 1986 2131 2041 nihil
2161 2002 2384 2056 prorsus
2414 2003 2479 2041 ac
2528 2002 2598 2041 ne
2629 1986 2915 2039 minimum
2945 1986 3162 2056 quidem
3198 1990 3449 2044 verbum.

1873 2055 2038 2111 Porro
2085 2055 2266 2111 autem
2325 2074 2448 2112 cum
2504 2066 2697 2111 auctor
2731 2066 2920 2112 noster
2965 2055 3135 2111 verbo
3171 2075 3190 2108 ι
3227 2058 3399 2112 l'ertur
3423 2075 3445 2110 ι

1870 2125 2224 2199 ttsnsl'nerit,
2272 2142 2339 2182 eo
2381 2136 2531 2182 certe
2560 2126 2722 2199 Ahand
2759 2127 2992 2183 obscure
3039 2128 3314 2199 signilicat
3344 2144 3450 2182 non

1869 2197 2249 2268 gravissane
2314 2197 2614 2260 momenti,
2668 2211 2768 2250 nec
2837 2212 3048 2268 magum
3095 2197 3454 2253 auctoritatis

1870 2266 2039 2322 fuisse
2073 2267 2173 2322 has
2208 2266 2567 2334 Traditiones,
2627 2280 2727 2321 nec
2756 2281 2785 2320 a
2820 2278 2881 2321 se
2913 2266 3149 2337 unquam
3203 2269 3454 2339 pervolu-

1874 2346 2035 2390 tatas.

1941 2405 2184 2477 Denique
2231 2406 2350 2479 haec
2389 2406 2634 2479 ejusdem
2668 2406 2897 2463 Joannis
2944 2407 3200 2478 Epistula:
3228 2423 3351 2478 cap.
3384 2424 3450 2472 tt,

1870 2478 2149 2549 vers._l3,
2196 2478 2356 2533 verba
2405 2477 2431 2532 ε*
2470 2477 2815 2535 Juvenes.....
2868 2477 3064 2549 vicistis
3117 2477 3449 2549 malignum,

1868 2548 1947 2602 sic
1975 2547 2045 2603 ab
2066 2558 2290 2602 auctore
2317 2558 2503 2604 nostro
2524 2561 2873 2616 exponuntur
2902 2564 2918 2601 :
2955 2567 2973 2600 ι
3010 2547 3301 2616 Malignniu
3328 2551 3450 2604 dia-

1868 2618 1975 2673 boli
2008 2619 2383 2673 extollentiam
2415 2619 2705 2690 signillcat.
2746 2618 2866 2690 Filii
2894 2628 3076 2673 autem
3103 2630 3449 2688 cognoscunt

1867 2698 2110 2755 patrem;
2168 2698 2358 2757 utpote
2396 2688 2491 2759 qui
2535 2689 2604 2741 ab
2653 2688 2814 2759 idolis
2857 2690 3257 2756 confugerunt,
3289 2698 3344 2742 et
3377 2691 3446 2743 ad

1868 2773 2034 2813 unum
2070 2760 2235 2813 Deum
2270 2758 2444 2813 vocati
2478 2768 2629 2812 sunt.
2672 2778 2691 2810 ι
2734 2758 2928 2813 Utrum
2958 2770 3139 2811 autem
3175 2759 3296 2813 ideo
3334 2761 3450 2813 haec

1866 2829 1935 2884 ab
1969 2829 2061 2883 illo
2097 2829 2475 2885 animadversa
2506 2829 2730 2893 fuerint,
2750 2828 2899 2898 quia,
2927 2844 3047 2883 cum
3080 2830 3196 2883 luet:
3228 2829 3450 2896 scriptis

1868 2899 2181 2968 mandabat,
2209 2908 2337 2953 tunc
2368 2898 2547 2953 adlmc
2578 2900 2797 2968 quidam
2829 2908 2989 2953 erant
3011 2898 3212 2968 pagani
3247 2909 3302 2954 et
3329 2900 3448 2954 ido-

1865 2967 2043 3023 lorum
2077 2971 2340 3033 cultores,
2392 2969 2570 3024 nullus
2602 2966 2833 3024 forsitan
2887 2966 3023 3023 satis
3063 2966 3448 3023 consideratus

1868 3054 2048 3111 rerum
2077 3042 2376 3111 aestimator
2404 3056 2473 3095 ex
2494 3040 2578 3095 his
2610 3049 2717 3111 tam
2744 3040 2968 3111 paucis,
3001 3048 3221 3107 tantque
3249 3055 3444 3111 parum

1866 3110 2033 3166 claris
2066 3110 2213 3166 illius
2258 3111 2440 3166 verbis
2477 3118 2628 3165 certo
2663 3110 2893 3164 delinire
2943 3111 3185 3164 amlebit.
3242 3110 3445 3164 Deinde

1868 3195 1999 3235 vero
2032 3181 2252 3237 etiamsi
2278 3181 2461 3251 plures
2493 3193 2604 3235 tum
2626 3182 3145 3251 adlmcgexstiterint
3172 3181 3443 3235 idolorum

1865 3253 2127 3321 cultores,
2157 3249 2420 3306 non‘inde
2459 3261 2638 3306 tamen
2668 3249 2917 3305 concludi
2951 3260 3140 3321 posset
3168 3265 3293 3305 eum
3326 3252 3444 3320 pri-

1866 3323 1968 3377 mis
1988 3320 2236 3377 lloruisse
2262 3322 2520 3377 Ecclesiae
2556 3320 3071 3387 temporibusfnisi
3116 3336 3221 3389 qua
3268 3324 3322 3375 in
3354 3336 3444 3374 re-

1851 3392 2022 3462 ‘gioue
2068 3395 2149 3447 ba:
2178 3392 2619 3447 Adumbrutiones
2651 3391 2718 3444 ab
2747 3390 2840 3443 illo
2884 3392 3042 3462 editae
3100 3393 3231 3459 sint,
3282 3393 3444 3447 nobis

1863 3460 2006 3518 l'uret
2053 3475 2416 3532 compertum.
2448 3463 2677 3518 Constat
2713 3462 2858 3514 etrim
2909 3460 3181 3515 idolorum
3234 3465 3439 3515 cultum

1863 3533 2275 3604 inquibusdam
2329 3534 2648 3604 regionibus
2681 3532 2838 3600 longe
2886 3533 3114 3599 diutius,
3167 3547 3331 3602 quam
3386 3533 3441 3587 in

1862 3603 1985 3658 aliis
2036 3603 2440 3674 perseverasse.

1541 3959 1921 4052 CAPUT
1977 3961 2087 4052 V.

262 4161 351 4221 De
385 4155 736 4238 deperditis
769 4154 1121 4219 Clementis
1144 4153 1568 4217 Alexandrini
1599 4152 1908 4243 Operibus
1932 4158 2055 4297 ,ιρι
2089 4152 2168 4218 de
2200 4153 2285 4216 iis
2320 4170 2468 4234 qua;
2521 4151 2635 4216 ille
2669 4153 3061 4235 scripturum
3107 4169 3176 4217 se
3208 4169 3352 4217 esse

1598 4250 1953 4297 promisere
1985 4279 2001 4295 .

1595 4250 2001 4313 promiserat.

725 4516 1120 4575 ARTICULUS
1153 4516 1198 4570 l.

183 4585 259 4638 De
302 4587 583 4659 deperditis
619 4587 898 4643 Clementis
946 4588 1303 4659 Alexandrini
1347 4586 1753 4659 llyputyposeﬁon

250 4657 423 4723 libris,
479 4675 541 4711 ac
568 4661 631 4712 de
657 4661 975 4728 quibusdam
1006 4675 1206 4723 eorum,
1252 4657 1588 4728 aliarumque
1635 4658 1753 4726 ejus

246 4729 588 4798 scriptionum
624 4729 947 4798 fragmentis.

247 4796 808 4873 Prteteromniailla,
851 4803 921 4856 de
952 4799 1149 4873 quibus
1192 4796 1753 4873 disseruimus._l_'lle-

174 4868 760 4941 tnentisiAlexandrini
796 4868 988 4938 opera;
1025 4881 1238 4926 certum
1275 4881 1359 4925 est
1387 4871 1537 4941 plura
1567 4870 1746 4941 adhuc

174 4943 247 4994 ab
282 4954 350 4993 eo
380 4940 552 4994 fuisse
582 4941 752 5005 edita,
780 4956 1010 5007 quorum
1032 4941 1246 5010 jactura
1274 4956 1341 4998 eo
1369 4938 1540 5010 magis
1561 4938 1747 5007 deplu-

173 5012 346 5064 randa
389 5019 513 5073 cst,
565 5025 674 5079 quo
722 5020 929 5065 asserta
988 5014 1040 5065 in
1094 5012 1204 5066 illis
1254 5028 1410 5067 sacra
1470 5010 1748 5077 religionis

175 5090 375 5135 nostra:
405 5082 753 5142 documenta.
781 5090 837 5134 et
865 5084 1058 5135 tradita
1090 5098 1301 5137 morum
1334 5091 1606 5152 prmcepta
1644 5094 1746 5133 no-

174 5151 262 5222 bis
288 5152 500 5206 facilius
532 5160 806 5221 comperta
833 5166 955 5205 esse
990 5162 1301 5222 potuerunt.

243 5221 586 5290 Praecipuum
618 5233 798 5275 autem
834 5224 976 5275 inter
1020 5231 1097 5276 tot
1140 5238 1331 5292 Opera,
1374 5222 1486 5291 jam
1520 5237 1549 5275 a
1585 5221 1751 5291 longo

359 5308 417 5347 re
445 5294 671 5355 amissa,
707 5292 886 5347 locum
922 5294 1062 5346 baud
1116 5294 1278 5346 dubie
1329 5294 1586 5348 tenebant
1626 5305 1751 5359 octo

174 5361 579 5435 Hypetyposeon
619 5363 765 5424 libri.
816 5364 884 5417 de
933 5365 1131 5435 quibus
1185 5365 1299 5417 haec
1349 5374 1539 5435 narrat
1574 5361 1743 5435 Ense-7

174 5435 297 5486 bitts
328 5433 420 5485 ἐξ
471 5451 492 5484 ι
544 5435 683 5486 Sunt
728 5443 785 5487 et
838 5435 928 5487 alii
984 5434 1207 5487 totidem
1276 5434 1554 5503 (nimirum
1602 5433 1750 5503 octo)

168 5519 291 5573 ejus
319 5503 443 5558 libri
478 5503 939 5559 Ὑποτνπώσεων
975 5503 1132 5558 titulo
1161 5505 1433 5574 inscripti.
1464 5506 1516 5557 in
1543 5506 1747 5573 quibus

236 5598 328 5654 ἐἰ
369 5599 517 5658 Petr.
546 5617 585 5669 ι,
609 5601 702 5657 23.
750 5624 754 5629 ι

166 5672 295 5728 799.
365 5673 411 5704 ’⁸
444 5674 584 5741 Aug.
626 5685 666 5728 t.
702 5673 787 5739 Vl,
818 5674 890 5729 De
924 5674 1014 5727 ιω.

171 5760 264 5868 xit.
288 5742 377 5798 27.
480 5742 526 5774 ’⁸
552 5746 648 5802 lib.
682 5759 736 5798 tx
787 5745 926 5803 lltst.
958 5742 1154 5800 eccles.
1185 5758 1236 5799 c.
1269 5744 1354 5812 1⁸5,
1409 5760 1461 5814 p.
1511 5742 1637 5799 2M.

173 5832 201 5869 e
269 5829 387 5886 seq.

802 5604 849 5636 ’³
891 5602 1110 5657 dissert.
1173 5614 1295 5669 sup.
1328 5599 1385 5665 2,
1426 5614 1548 5669 cap.
1577 5601 1634 5664 4,
1695 5608 1801 5654 art.
1835 5599 1893 5663 3,
1944 5614 1976 5668 p

1091 5672 1137 5704 '°
1168 5673 1360 5727 haeres.
1389 5688 1554 5734 vatt,
1611 5672 1830 5736 Enecat.
1862 5670 1891 5742 §
1922 5670 1977 5733 l,
2008 5678 2064 5723 et
2100 5670 2295 5721 ha‘res.
2339 5682 2471 5731 xxx,
2507 5670 2536 5719 Ε

1091 5758 1154 5800 :s.
1185 5758 1236 5799 c.
1269 5744 1354 5809 1⁸5,
1410 5760 1461 5809 ι).
1511 5742 1637 5799 2M.
1716 5741 1762 5773 "
1784 5741 1862 5798 De
1918 5741 2106 5809 script.
2136 5739 2361 5809 eccles.,
2396 5736 2425 5809 §
2465 5738 2536 5793 48

1831 5760 1862 5798 υ
1918 5757 2106 5810 script.
2136 5757 2361 5809 eunte-3.,
2396 5757 2425 5809 ε
2465 5757 2557 5793 se.

1785 4519 1835 4578 ι)
1862 4513 2178 4571 Pantaennm
2234 4513 2550 4584 magistrum
2587 4527 2760 4584 suum
2810 4510 3133 4584 nominatim
3173 4510 3433 4581 appellat,

1858 4598 2196 4657 qumcunque
2228 4583 2317 4638 ille
2332 4582 2372 4637 ’τι
2391 4582 2706 4657 majoribus
2735 4583 3062 4650 accepisset,
3087 4590 3142 4636 et
3181 4584 3435 4657 traditio-

1858 4650 1976 4722 nes,
2020 4650 2158 4725 quas
2200 4650 2795 4725 posteris_reliquerat.
2832 4665 3132 4725 exponens.
3172 4671 3210 4725 t_
3236 4650 3432 4725 Hiero.

1857 4721 2055 4797 nytnus
2082 4721 2286 4797 vero‘f’
2324 4742 2341 4779 :
2380 4741 2399 4774 ι
2436 4721 2729 4797 Feruntur,
2773 4723 2994 4797 inquit,
3022 4721 3140 4789 ejus
3198 4722 3432 4797 insignia

1857 4791 2159 4861 volumina,
2195 4793 2461 4864 plenaque
2492 4794 2817 4849 eruditionis
2843 4791 2898 4848 et
2945 4791 3290 4864 eloquentiae.
3313 4791 3431 4848 tam

1855 4868 1923 4921 de
1949 4862 2253 4935 Scriptur‘is
2278 4862 2500 4930 divinis,
2526 4879 2690 4934 quam
2733 4866 2801 4919 de
2843 4862 3119 4917 szecularis
3155 4863 3428 4935 litteratu-

1856 4953 1930 4992 ra:
1958 4931 2338 5002 instrumento,
2367 4949 2397 4990 e
2432 4931 2631 5003 quibus
2675 4934 2765 4988 illa
2799 4943 2924 4988 sunt
2966 4931 3330 5003 Στρωματεῖς
3367 4934 3434 4986 li-

1854 5008 1939 5063 bri
1970 5016 2115 5074 octo,
2143 5004 2606 5061 Ὑποτυπώσεων
2637 5004 2757 5059 libri
2793 5014 2936 5058 octo.
2969 5021 2993 5054 ι
3031 5002 3159 5057 Haec
3187 5005 3300 5067 ille,
3332 5019 3431 5059 nec

1893 5079 2034 5133 iura.

1854 5093 2062 5215 pilatus
2118 5163 2251 5204 vero
2286 5148 2349 5217 hi
2390 5146 2514 5202 libri
2543 5143 2863 5217 jamdudum
2919 5146 3221 5217 perierunt.
3281 5142 3428 5197 dictu

1858 5219 2181 5288 quibusdam
2215 5216 2427 5274 diﬂicile
2451 5215 2686 5288 videtur,
2712 5216 2935 5288 quinam
2968 5215 3179 5267 illorum
3210 5227 3430 5284 scopus.

1857 5283 2069 5358 quodve
2103 5299 2482 5361 argumentum
2519 5283 2727 5361 fuerit.
2777 5286 2881 5361 At_
2911 5293 3228 5361 utrumque
3250 5295 3427 5361 tamen

1855 5354 1963 5415 non
1997 5362 2071 5413 ita
2118 5354 2353 5415 obscure
2388 5360 2471 5411 his
2519 5357 2794 5410 indicatur
2841 5355 3064 5410 Eusebii
3116 5354 3297 5409 verbis
3331 5354 3426 5409 ’δε

1864 5448 1884 5483 ι
1925 5431 1980 5484 ln
2017 5431 2172 5485 libris
2214 5426 2698 5488 ’Υποτυπώσεων,
2736 5429 3004 5487 omnium,
3035 5432 3096 5478 ut
3125 5438 3233 5478 uno
3262 5426 3433 5480 verbo

1853 5504 2056 5565 dicam,
2079 5502 2364 5569 utriusque
2383 5498 2717 5553 Testamenti
2743 5497 3148 5565 Scripturarum
3169 5509 3431 5565 compen-

1982 5637 1996 5650 .
2031 5598 2158 5652 939..
2231 5596 2279 5628 “
2333 5597 2473 5665 apud
2516 5589 2705 5656 Phot.,
2735 5590 2896 5665 _B_ibl.
2946 5589 3332 5665 cotl_._ccx_t_tt§,
3374 5607 3431 5662 p.

1922 5658 1977 5733 ι’,
2008 5678 2075 5748 et
2100 5670 2295 5748 hsrres.
2339 5658 2485 5748 xxx,
2504 5665 2698 5748 libiopﬂ.
2784 5663 2877 5727 9.5,
2912 5678 2968 5741 p.
2996 5660 3126 5748 tu:
3151 5730 3165 5748 ῃ
3196 5658 3433 5748 ’ἰδοῖςιῇᾇ

2643 5736 2687 5768 ³ο
2730 5730 2838 5793 loc.
2876 5730 2969 5798 (ἓν
3000 5746 3057 5808 ς.
3107 5730 3197 5799 14,
3232 5745 3292 5801 Ρ·
3329 5731 3437 5787 Ἢδ
