3902 6308
602 370 736 427 H75

1239 363 1306 420 IN
1333 325 1751 421 accusarent
1789 365 1991 420 ALEX.
2033 363 2096 419 ι).
2138 364 2224 418 LE
2253 361 2537 421 sonans
2577 361 3034 420 DISSERTATIO
3057 361 3143 420 ut.
3585 375 3673 432 me

597 487 803 540 diosam
851 480 1110 558 i_nstituit_
1132 481 1534 558 enarrationem
1563 520 1580 544 ,
1647 496 1715 558 ne
1775 479 1882 533 illis
1906 479 2148 558 _qnidcm
2179 482 2224 538 Α
2254 479 2664 558 animadvertit.
2691 478 3674 558 opinione_Pliotins__plt1rimumdissidet,

599 555 984 625 praetermissis
1005 552 1314 625 scripturis,
1335 557 1402 603 de
1425 551 1620 625 quibus
1652 552 1788 608 inter
1813 551 2008 625 multos
2038 565 2152 602 am-

599 621 812 693 bigitur.
843 623 991 693 .ludie
1014 621 1328 693 Epistolam,
1346 631 1402 674 et
1425 623 1787 693 Ba_rnab:t:,_ac
1815 621 2051 688 reliquas
2069 636 2153 693 ea-

599 689 824 750 tbolicas
842 689 1107 761 Epistolas
1127 691 1387 761 intelligo,
1405 702 1460 745 et
1477 689 1904 761 Revelationein.
1923 706 2041 761 qua:
2070 691 2150 742 di-

599 759 954 824 citur,Peti'i.
984 762 1271 830 Epistolam
1301 759 1474 814 autem
1496 763 1560 814 ad
1585 761 1836 814 llebraros
1863 759 2008 813 Pauli
2028 762 2151 829 qni-

597 836 719 888 dem
744 849 863 888 esse
883 833 1134 894 allirmat,
1154 833 1244 884 sed
1271 831 1535 884 Hebraico
1561 846 1836 892 sermone,
1875 840 2061 898 utpote
2081 836 2147 884 ad

602 903 879 964 Hebraeos,
901 905 1131 970 primum
1152 903 1408 970 srriptam
1429 902 1623 960 fuisse;
1648 899 1846 953 Lucam
1866 916 1994 970 vero
2009 915 2151 953 eain-

598 976 718 1028 dem
736 969 926 1028 Grmco
946 987 1196 1025 sermone
1214 969 1450 1025 studiose
1476 973 1912 1039 interpretatum,
1937 969 2148 1024 Graecis

600 1044 910 1096 hominibus
949 1041 1106 1112 353
1151 1043 1404 1094 edidisse.
1444 1041 1710 1112 Quarein
1737 1055 1803 1112 ea
1837 1041 2070 1112 Epistola
2095 1049 2150 1093 et

603 1116 652 1166 in
687 1115 908 1167 Actibus
936 1110 1296 1179 apostolorum
1337 1111 1583 1164 eumdem
1618 1110 1874 1163 dictionis
1909 1111 2146 1164 colorem

600 1185 844 1252 reperiri.
873 1183 1017 1235 l-lanc
1048 1197 1174 1234 vero
1196 1181 1600 1252 inscriptionem
1631 1179 1830 1252 Paulus
1856 1184 2146 1252 apostolus.

601 1251 748 1305 recte
777 1264 938 1316 atque
969 1253 1155 1304 ordine
1185 1252 1440 1304 omissam
1493 1251 1657 1303 fuisse
1709 1251 1981 1303 observat.
2013 1251 2146 1303 Cum

597 1325 738 1376 enim
775 1322 1012 1375 Hebraeis
1034 1323 1320 1381 scriberet,
1358 1322 1445 1384 qui
1476 1320 1749 1373 sinistram
1781 1320 1846 1373 de
1883 1321 1998 1388 ipso
2031 1323 2149 1387 opi-

599 1395 810 1445 nionem
843 1393 1010 1445 multo
1043 1403 1166 1443 ante
1197 1391 1588 1451 combiberant,
1627 1390 1906 1460 ipsumque
1955 1406 2145 1460 suspe-

597 1474 741 1514 ctum
779 1461 1335 1528 liabcbant,prtnlenti
1369 1460 1591 1513 consilio
1615 1475 1760 1522 usus,
1799 1459 1916 1513 illos
1940 1459 2147 1514 abster-

598 1533 932 1584 rerc.statini
969 1532 1034 1584 ab
1064 1531 1234 1592 initio,
1274 1531 1514 1598 apposita
1559 1530 1638 1582 Siti
1677 1529 1908 1583 nominis
1949 1531 2145 1583 inscri-

595 1603 803 1669 ptione,
858 1601 1045 1654 uoluit.
1093 1600 1289 1654 Deinde
1353 1600 1628 1666 aliquanto
1682 1607 1801 1666 post
1848 1599 1932 1656 his
1976 1602 2146 1653 utitur

594 1673 774 1724 verbis
809 1686 823 1723 :
869 1670 986 1724 Jam
1021 1685 1146 1723 vero
1181 1671 1322 1723 sicut
1366 1671 1551 1723 beatus
1579 1669 1791 1740 dicebat
1817 1671 2140 1740 presbyter,

594 1743 1024 1810 quandoquidem
1042 1741 1318 1810 Dominus,
1334 1740 1717 1808 omnipotentis
1739 1739 1834 1810 Dei
1849 1742 2142 1810 apostolus,

594 1813 660 1864 ad
710 1809 1198 1899 llebrreos'miss‘us
1226 1809 1422 1899 fuerat,
1470 1825 1580 1899 prce
1611 1809 1870 1899 tn'odlestia
1925 1809 2141 1872 Paulus,
2181 1842 2223 1899 Β

594 1890 776 1949 utpote
798 1883 886 1949 qui
911 1883 976 1935 ad
1009 1890 1199 1948 gentes
1225 1891 1341 1934 erat
1365 1881 1626 1944 directus,
1653 1878 1996 1933 Hebraeorum
2017 1896 2147 1946 apo-

595 1953 788 2004 stolum
817 1965 874 2005 se
906 1952 1124 2004 minime
1151 1950 1423 2012 inscribit,
1461 1960 1568 2003 tum
1601 1951 1669 2002 ob
1701 1963 1852 2001 suam
1880 1965 2008 2020 erga
2047 1952 2150 2004 Do-

595 2023 796 2073 minum
847 2021 1237 2082 reverentiam,
1284 2029 1392 2072 tum
1436 2020 1578 2087 quod
1626 2035 1693 2072 ex
1743 2021 2032 2073 abundanti
2083 2022 2148 2074 ad

593 2089 847 2144 Hebraeos
879 2092 990 2159 ipse
1017 2092 1252 2158 gentium
1290 2106 1464 2158 pra'co
1487 2101 1540 2143 et
1559 2089 1832 2158 apostolus
1860 2090 2145 2144 Scriberet.

595 2163 777 2214 Sedet
809 2162 858 2214 in
897 2159 1082 2214 iisdem
1119 2160 1272 2212 libris
1307 2160 1555 2213 Clemens
1591 2159 1935 2212 traditionem
1961 2176 2149 2226 qnam-

593 2233 713 2283 dam
745 2233 809 2284 de
844 2231 1032 2283 ordine
1066 2229 1499 2298 Evangelioruni,
1526 2245 1685 2297 quam
1710 2243 1738 2280 a
1766 2231 2149 2286 vetustioribus

593 2301 925 2371 presbyteris
959 2311 1282 2371 acceperat,
1361 2299 1522 2354 refert
1568 2301 1620 2371 i_n
1653 2300 1809 2364 hunc
1863 2301 2077 2371 modum
2109 2302 2142 2355 ':

593 2368 811 2422 Dicebat
855 2385 918 2424 ex
967 2370 1273 2439 Evangeliis
1307 2371 1456 2437 prius
1491 2368 1690 2435 scripta
1726 2383 1850 2440 esse
1883 2369 1992 2430 illa,
2027 2387 2148 2440 qua:

592 2443 784 2494 set-ient
817 2440 1033 2509 generis
1092 2437 1351 2492 Dominici
1403 2441 1700 2494 continent.
1739 2437 1903 2492 Marci
1967 2437 2146 2494 autem

589 2509 940 2578 Evangelium
961 2526 1022 2563 ex
1049 2509 1349 2577 hujusmodi
1372 2511 1655 2563 occasione
1674 2509 1934 2576 scriptum
1957 2510 2144 2567 fuisse.

591 2579 722 2632 Cum
771 2581 958 2634 Petrus
996 2582 1045 2632 in
1098 2583 1232 2632 urbe
1283 2581 1448 2632 ltoiua
1509 2583 1728 2633 verbum
1784 2580 1876 2633 Dei
1931 2583 2147 2648 publice

563 2652 956 2715 praedicasset,
987 2659 1042 2702 et
1069 2650 1274 2717 Spiritu
1305 2659 1488 2702 sancto
1529 2648 1759 2712 amatus,
1795 2650 2143 2716 Evangeliutn

589 2722 1010 2792 promulgassct;
1038 2720 1187 2792 mn|_ti
1212 2721 1301 2786 qni
1331 2721 1589 2792 aderant,
1616 2719 1852 2772 Marcum
1878 2722 2145 2775 cohortati

589 2800 737 2856 sunt,
795 2789 978 2859 utpote
1014 2791 1102 2857 qui
1136 2789 1351 2842 Petrum
1375 2791 1694 2857 jamdudum
1727 2801 1967 2845 sectatus
2006 2792 2143 2846 fuis-

585 2870 693 2922 set,
726 2874 780 2914 et
802 2863 941 2913 dicta
968 2861 1082 2929 ejus
1113 2860 1368 2912 memoria
1404 2869 1626 2923 teneret,
1662 2867 1879 2931 atquae
1912 2861 1979 2916 ab
2017 2877 2147 2931 apo-

587 2933 726 2982 stolo
758 2931 1050 3000 prtedicata
1086 2938 1258 2988 erant.
1297 2931 1686 3000 conscriberet.
1721 2929 1937 2984 Marcus
1982 2929 2146 3000 igitur

586 2999 932 3069 Evangeliqu
967 3000 1294 3068 composuit,
1319 2999 1493 3068 iisque
1522 3001 1610 3066 qui
1645 3000 1768 3052 illtnl
1799 3002 1868 3052 ab
1908 2999 2024 3068 ipso
2053 3019 2142 3055 ro-

585 3072 805 3138 gabant,
844 3072 1122 3139 impertiit.
1156 3071 1307 3134 Quod
1353 3085 1474 3122 cum
1526 3071 1718 3123 Petrus
1765 3073 2141 3139 comperisset,

587 3155 685 3193 nec
717 3142 989 3208 prohibuit
1015 3141 1234 3193 omnino
1265 3154 1375 3192 rem
1416 3141 1562 3202 Iieri;
1601 3156 1719 3205 uec,
1753 3151 1808 3193 nt
1847 3142 2019 3206 ﬁeret,
2054 3144 2139 3196 in-

2259 564 2322 600 ac
2351 550 2504 632 longe
2539 551 2810 632 dive-rsum
2837 550 2905 632 de
2934 549 3131 632 iisdem
3154 549 3256 632 illis
3283 551 3524 632 Clementis
3555 549 3676 632 lipr

2259 622 2526 690 typosibus
2557 620 2816 685 judicium
2871 620 3013 672 tulit.
3066 618 3166 674 Sed
3215 637 3377 690 operte
3417 618 3677 690 pretiumﬂesi

2257 704 2380 740 eum
2416 688 2465 742 id
2506 690 2620 768 suis
2649 690 2828 768 verbis
2863 704 3198 768 enarrantem
3233 688 3402 768 audire
3420 688 3458 726 ³*
3484 711 3539 768 τι
3564 699 3678 768 Hm.

2261 765 2493 827 typoses.
2530 760 2720 826 inquit,
2752 760 3196 827 disceptationem
3231 764 3480 819 continent
3515 760 3676 826 locarim

2257 829 2460 896 aliquot
2488 830 2693 901 Veteris
2717 828 2958 901 Novique
2975 829 3318 892 Testamenti.
3333 849 3436 901 ψει»
3450 837 3573 891 etiam
3589 857 3680 896 sum-

2258 902 2445 950 matim
2475 900 2712 966 explicat
2757 909 2810 951 et
2856 899 3258 968 interpretatur.
3297 899 3398 956 Etsi
3423 917 3676 966 autemet-te

2258 967 2310 1022 iu
2342 969 2662 1034 quibusdam
2697 970 2898 1021 sentire
2932 967 3080 1022 visus
3114 980 3215 1032 est,
3243 973 3290 1024 in
3318 974 3424 1027 aliis
3449 990 3590 1030 rursus
3619 984 3676 1035 im-

2256 1039 2340 1107 pie
2367 1039 2587 1092 omnino
2620 1038 2970 1104 fabuloseque
2999 1041 3231 1095 disserit.
3264 1044 3448 1098 Asserit
3472 1048 3579 1098 enim
3608 1069 3675 1103 ina-

2260 1109 2448 1162 teriam
2471 1120 2726 1161 :eternam
2757 1123 2896 1170 esse,
2930 1119 2981 1162 et
3016 1110 3158 1163 ideas
3183 1111 3335 1166 veluti
3359 1115 3500 1167 certis
3524 1118 3674 1174 decretis

2257 1177 2434 1231 induci
2470 1179 2639 1245 lingit.
2668 1178 2858 1232 Filium
2891 1194 3106 1246 quoque
3140 1182 3188 1234 in
3216 1182 3362 1235 rebus
3383 1187 3542 1239 creatis
3564 1205 3676 1243 nume

2257 1257 2360 1300 rat.
2417 1249 2500 1326 ᾼιιΔ
2551 1250 2662 1302 lucc
2713 1250 3016 1326 animarum
3071 1251 3428 1326 inigrationes.
3474 1258 3678 1326 multosque

2254 1325 2378 1389 ante
2423 1320 2686 1372 Adamuni
2727 1320 2952 1372 mundos
3003 1322 3303 1389 prodigiose
3348 1320 3676 1384 comminiscitur.

2255 1388 2416 1440 Evam
2456 1401 2717 1456 prmterea
2760 1404 2826 1441 ex
2871 1390 3098 1450 Adamo,
3133 1388 3236 1444 non
3273 1403 3324 1446 ut
3364 1396 3482 1448 sacri
3507 1397 3594 1451 libri
3616 1411 3676 1451 tra-

2252 1459 2408 1519 dunt,
2461 1459 2554 1510 sed
2594 1461 2829 1536 obscene
2875 1468 3037 1527 atque
3087 1462 3247 1528 impie
3268 1465 3491 1536 deducit.
3529 1469 3677 1536 Angelos

2253 1542 2465 1595 quoque
2495 1542 2614 1580 cum
2647 1529 2863 1582 feminis
2897 1543 3239 1597 congreSSoS,
3267 1531 3446 1587 liberos
3488 1529 3677 1591 iinle'sas-

2255 1599 2443 1651 tulisse
2469 1600 2723 1656 somniat.
2760 1598 2898 1665 Quin
2949 1610 3002 1652 et
3037 1599 3264 1654 Verbum
3295 1617 3485 1657 carnem
3508 1621 3582 1657 non
3605 1623 3677 1662 ex?

2253 1666 2478 1732 factum,
2508 1669 2600 1721 sed
2633 1669 2704 1721 ita
2729 1685 2902 1723 risum
2939 1669 3222 1724 duntaxat.
3258 1670 3363 1725 Duo
3386 1675 3442 1726 ad
3463 1675 3548 1728 hac
3570 1674 3676 1730 Patris

2251 1735 2426 1811 verba
2466 1739 2685 1811 tinxisse
2717 1740 3162 1811 deprehenditur,
3184 1757 3399 1811 quorum
3435 1746 3570 1799 minus
3591 1765 3677 1798 mor-

2253 1807 2450 1859 talibus
2493 1810 2564 1860 sit
2596 1811 2768 1862 vismu
2793 1807 2817 1863 ':
2849 1810 2956 1862 imo
2991 1825 3056 1862 ne
3106 1807 3218 1865 hoe
3247 1813 3458 1877 quidem.
3497 1813 3566 1868 Sic
3589 1819 3675 1869 enim

2251 1877 2445 1930 scribit
2478 1895 2492 1933 :
2528 1877 2731 1950 Dicitur
2753 1880 2967 1950 quidem
2996 1889 3050 1934 et
3077 1878 3244 1935 Filius
3267 1883 3674 1950 Verbnnitequimct.

2248 1961 2375 2000 cum
2409 1949 2585 2016 patrio
2621 1947 2815 2005 Verbo.
2851 1947 3047 2002 Verum
3084 1966 3257 2018 neque
3287 1955 3380 2006 hoc
3404 1954 3507 2007 illud
3529 1947 3676 2009 Verbum

2247 2019 2696 2092 est,_quod_caro
2733 2019 2935 2076 factum
2985 2028 3090 2086 est,
3144 2036 3314 2090 neque
3351 2025 3492 2076 etiam
3530 2032 3674 2092 patrium

2250 2086 2379 2162 i_|lud
2420 2099 2502 2142 est
2533 2089 2777 2162 Verbum
2818 2109 2854 2162 :7
2880 2092 2972 2144 sed
3030 2091 3113 2144 vis
3165 2086 3396 2160 quaedam
3437 2105 3482 2146 et
3525 2086 3674 2162 potetis

2249 2156 2366 2219 Dei,
2391 2167 2644 2225 tanquam
2681 2177 2710 2213 a
2739 2159 2914 2214 Verbo
2947 2162 3062 2229 ipso
3091 2156 3371 2228 proﬂuens.
3399 2156 3673 2224 nicas-electi.

2251 2229 2523 2282 hominum
2550 2233 2759 2302 animos
2779 2234 3036 2300 pervasit.
3064 2234 3196 2298 Quae
3215 2236 3417 2302 quidem
3436 2239 3575 2287 omnia
3591 2240 3674 2288 Sai-

2249 2307 2420 2371 pturte
2470 2301 2794 2371 testimoniis
2841 2312 3094 2355 astruere
3145 2301 3344 2357 nititur.
3388 2303 3626 2371 Quanquam
3646 2319 3675 2359 et

2247 2367 2353 2441 alia
2400 2380 2656 2441 sexcenta
2707 2370 3021 2440 blaSphenia
3061 2386 3196 2426 voce
3228 2367 3457 2440 nugatur,
3493 2367 3562 2427 seu
3599 2380 3672 2441 ipse.

2247 2439 2362 2491 sive
2407 2443 2526 2508 quis
2567 2440 2727 2506 alius,
2768 2439 2886 2508 ejus
2937 2457 3226 2507 personant
3283 2439 3674 2498 indutus.l’laneut

2245 2517 2369 2582 octo
2418 2512 2580 2582 ipsos,
2612 2511 2780 2564 libros
2834 2513 2982 2566 hisce
3016 2513 3450 2582 blaspbetniartnn
3486 2521 3674 2582 portentis.

2246 2581 2313 2630 de
2345 2579 2534 2652 iisdem
2571 2581 2859 2636 identidem
2893 2579 3236 2649 disserendo,
3267 2602 3326 2637 ac
3353 2579 3559 2652 sparsim,
3581 2600 3676 2651 atque

2245 2649 2470 2721 confuse
2506 2653 2667 2705 veluti
2708 2663 2930 2720 stupore
2972 2656 3276 2720 perculsus,
3309 2649 3567 2721 Scriptum
3600 2649 3671 2721 pro

2246 2719 2491 2792 ducendo
2537 2719 2846 2790 repleverit.
2887 2719 3138 2778 llniversi
3188 2733 3358 2778 autem
3387 2719 3533 2792 operis
3557 2719 3677 2792 scapus

2247 2787 2414 2863 fuisse
2444 2787 2654 2844 videtur
2680 2793 2967 2863 Geucseos,
2995 2795 3187 2855 Exodi,
3213 2787 3530 2856 Psalinoi-um.
3547 2787 3676 2863 Episto-

2244 2857 2419 2930 iorum
2469 2863 2641 2914 sancti
2681 2862 2850 2923 Pauli,
2906 2876 2960 2917 et
2997 2867 3412 2925 Catholicarum,
3444 2882 3497 2919 ac
3527 2857 3675 2930 denique

2243 2927 2608 3003 Ecclesiastici
2633 2933 3030 3003 interpretatio.
3069 2937 3183 2989 Iloc
3213 2939 3415 2990 interim
3441 2927 3678 3003 lateturipét.

2245 3000 2564 3068 discipulum
2598 3017 2655 3055 se
2688 3002 2853 3056 fuisse
2875 3003 3141 3059 l'aiitzeni.
3181 3022 3201 3054 ι

2313 3071 2390 3123 Ex
2431 3073 2514 3146 his
2545 3071 2943 3146 Pliotii_verbis
2977 3076 3213 3142 primum
3253 3076 3548 3146 apertissime
3576 3075 3678 3142 liquet

2245 3139 2310 3194 ab
2338 3143 2696 3216 eo,__sicut_ab
2726 3139 3198 3206 Eusebio,accura
3211 3157 3260 3199 te
3285 3139 3679 3216 pervolutatoseat

585 3203 788 3285 citavit.
833 3213 901 3285 ᾼι
926 3209 1180 3285 Joannes,
1205 3211 1442 3285 muniunt
1473 3203 1800 3279 postremus.
1840 3227 1961 3265 cuni
1990 3203 2126 3285 vide-

2135 3203 2208 3259 .C
2241 3220 2368 3285 octo
2427 3211 2546 3265 illos
2607 3203 3020 3282 Hypotyposcon
3097 3203 3303 3280 libros;
3360 3217 3676 3285 quandoquidem

588 3288 670 3332 ret
700 3279 754 3332 in
803 3281 1028 3334 aliorum
1065 3279 1365 3345 Evangeliis
1393 3297 1478 3351 ea,
1509 3296 1629 3349 qua:
1656 3287 1720 3334 ad
1749 3296 1942 3351 corpus
1975 3283 2134 3337 Cliti—

581 3351 649 3402 sti
678 3351 967 3418 pertinent,
1002 3351 1195 3404 tradita
1217 3365 1356 3412 esse,
1402 3349 1515 3419 ipse
1541 3351 1722 3404 divino
1750 3349 1954 3420 Spiritu
1987 3353 2136 3406 allia-

585 3429 712 3479 tus.
769 3422 1008 3490 spiritale
1078 3421 1422 3489 Evangelium
1493 3420 1846 3475 familiarium
1912 3437 2133 3478 suorum

584 3501 772 3562 rogatu
797 3493 1136 3562 conscripsit.
1165 3509 1184 3542 ι

652 3559 926 3632 integrum
972 3559 1117 3616 hunc
1180 3560 1417 3632 Eusebii,
1464 3562 1566 3616 etsi
1595 3561 1752 3630 paulo
1808 3562 2130 3632 longiorem,

580 3626 858 3683 locum'eo
917 3631 1184 3686 lubentius
1247 3626 1547 3694 retulimus,
1595 3626 1705 3700 quo
1759 3626 1957 3686 clarius
2012 3626 2135 3690 inde

580 3710 730 3824 patet
760 3717 920 3769 quam
955 3713 1104 3756 certa
1132 3705 1203 3756 sit
1243 3703 1385 3755 illius
1417 3705 1482 3756 de
1515 3705 1599 3757 bis
1628 3703 1802 3765 libris,
1836 3720 1974 3773 quos
2009 3722 2037 3757 a
2072 3720 2134 3760 se

624 3773 724 3823 aud
761 3773 1102 3824 indiliaenter
1131 3773 1295 3824 lectos
1331 3773 1500 3824 fuisse
1527 3774 1935 3824 cvideutissime
1964 3776 2133 3824 signi-

624 3773 724 3823 aud
761 3773 1102 3840 indiligenter
1131 3773 1295 3828 lectos
1331 3773 1500 3826 fuisse
1527 3774 1935 3829 cvidentissime
1964 3776 2133 3844 signi-

582 3840 734 3913 ticat,
785 3846 1114 3913 testiﬁcatio,
1145 3845 1435 3913 quantique
1471 3846 1722 3910 ponderis
1774 3846 1969 3899 debeat
2013 3840 2136 3901 esse

584 3911 755 3978 ipsius
790 3911 890 3966 hac
925 3915 975 3966 iu
1013 3929 1069 3967 re
1101 3911 1415 3967 auctoritas.
1445 3915 1512 3966 At
1555 3913 1628 3966 ibi
1678 3914 1766 3967 ille
1818 3930 1922 3968 non
1976 3920 2133 3969 modo

585 3981 840 4036 horumce
891 3984 1148 4055 libroruin
1199 3994 1574 4051 argumentum
1621 3994 1676 4038 et
1723 4000 1945 4055 scopum
1977 3987 2132 4040 nobis

581 4059 765 4128 aperte
812 4053 1052 4128 exhibet,
1111 4055 1200 4107 sed
1233 4057 1669 4128 qiuedamctiam
1698 4053 1883 4109 eorum
1936 4073 2133 4128 reprae-

583 4127 760 4196 sentat
822 4123 1142 4191 fragmenta,
1175 4128 1372 4193 quibus
1423 4125 1600 4192 colligi
1653 4135 1829 4193 potest
1865 4123 2134 4196 qtioiuodo

580 4190 828 4244 Clemens
853 4190 1044 4268 uester
1075 4190 1407 4265 propositum
1460 4190 1574 4248 sibi
1605 4190 1980 4266 aigmnenfum
2013 4214 2133 4268 per-

584 4265 910 4319 tractaverit.

655 4331 779 4385 lnde
805 4336 968 4389 etiam
1014 4335 1274 4390 discimus
1308 4336 1638 4391 Clementem
1679 4336 2134 4393 Ὑποτυπώσεων

581 4401 823 4476 nomine,
871 4407 1010 4472 quod
1043 4407 1130 4458 alii
1177 4409 1552 4468 institutiones,
1581 4408 1669 4460 alii
1709 4409 2129 4476 informationcs,

582 4483 676 4550 aut
699 4475 1068 4550 dispositiones
1095 4477 1286 4530 Latine
1314 4487 1613 4550 verterunt,
1638 4475 1933 4533 nihiialiud
1963 4482 2134 4550 signi-

581 4546 849 4608 lic‘avissc,
878 4563 1037 4614 quam
1064 4548 1498 4616 conipendiosatn
1521 4551 1759 4602 omnium
1791 4566 1958 4603 sacra:
1987 4546 2126 4605 S'cri-
2168 4562 2210 4615 Ι)

578 4623 748 4688 νιιιῄτω
779 4616 1062 4679 librorum,
1105 4629 1266 4686 atque
1294 4619 1454 4669 etiam
1486 4623 1916 4688 apocryplioruin
1969 4637 2135 4674 enar-

579 4686 866 4749 rationem,
892 4703 984 4742 seu
1016 4689 1204 4743 breves
1237 4690 1288 4740 in
1311 4688 1472 4740 Vetus
1501 4699 1554 4739 et
1581 4686 1784 4741 Novum
1819 4688 2160 4744 'l‘estamen-‘

580 4757 714 4820 tum,
741 4761 1159 4830 etapocrypbas
1207 4758 1467 4830 quasdam
1505 4757 1930 4830 lucubrationes,
1983 4776 2134 4814 com-

578 4830 893 4882 mentarios.
930 4829 1065 4883 lluic
1091 4829 1306 4881 Eusebii
1341 4831 1619 4881 sententia:
1651 4829 1878 4883 Pliolius
1907 4848 1936 4883 a
1974 4831 2132 4885 nobis

577 4909 701 4948 mox
737 4899 985 4952 citaudus
1013 4901 1172 4967 plane
1195 4897 1544 4964 sull'ragatur,
1581 4900 1679 4952 nisi
1706 4901 1844 4966 quod
1879 4917 1982 4954 non
2013 4917 2131 4954 Otlt-

576 4971 852 5038 nes,rsed
891 4971 1098 5038 aliquot
1150 4979 1352 5020 tantum
1401 4967 1608 5022 Veteris
1656 4970 1898 5038 Novique
1947 4971 2136 5026 Testa-

578 5037 744 5089 nieuti
797 5039 943 5092 locos
971 5037 1020 5091 in
1071 5040 1152 5092 his
1188 5038 1586 5106 llypotyposeon
1617 5040 1766 5094 libris
1805 5037 1833 5093 ἐι
1862 5041 2137 5096 Clemente

575 5108 873 5172 explicatos
905 5108 1064 5162 luisse
1097 5109 1358 5162 declat-at.

647 5175 792 5230 Nihil
837 5196 1002 5248 porro
1043 5179 1310 5233 Eusebius
1350 5182 1399 5234 in
1435 5181 1513 5234 eis
1547 5181 1844 5247 adnotavit,
1875 5183 2016 5250 quod
2048 5196 2138 5236 sa-

575 5261 705 5300 num
735 5254 956 5304 omnino
1002 5260 1056 5304 et
1101 5251 1460 5304 orthodoxam
1496 5266 1614 5304 esse
1664 5269 1768 5306 non
1819 5254 2134 5309 crediderit.

576 5315 740 5393 Multa
775 5338 934 5390 porro
962 5322 1034 5374 ibi
1077 5331 1286 5393 narrat.
1311 5327 1446 5374 scitu
1483 5321 1638 5386 plane
1669 5327 1850 5393 digna,
1882 5338 2000 5389 quae
2040 5337 2138 5390 pro

577 5390 722 5443 virili
758 5403 908 5460 parte
941 5400 1122 5445 nostra
1157 5392 1210 5442 in
1253 5395 1518 5458 superiori
1563 5390 1947 5446 dissertatione
2000 5397 2139 5446 notis

575 5471 632 5510 et
672 5463 1146 5516 observationibus
1193 5468 1395 5515 nosms
1435 5462 1724 5516 enucleare
1757 5475 1812 5516 et
1864 5464 2140 5519 illustrare

575 5534 758 5584 conati
783 5549 988 5587 sumus.

647 5605 753 5654 Sed
786 5605 852 5656 ab
883 5605 986 5656 hac
1026 5602 1264 5664 Eusebii,
1294 5601 1384 5670 qui
1436 5602 1570 5656 nihil
1617 5603 1671 5656 in
1709 5603 1793 5657 his
1825 5601 1994 5668 libris,
2032 5603 2138 5658 nisi

574 5683 764 5725 verum
795 5689 858 5727 ac
906 5673 1030 5726 ﬁdei
1077 5674 1660 5744 uostrae,doguiatibus
1713 5684 2136 5730 consentaneum

573 5820 616 5854 “
655 5818 813 5874 Pliot.
849 5816 986 5872 Bibl.
1035 5818 1154 5874 cod.
1198 5833 1308 5884 cu,
1347 5833 1401 5887 p.
1435 5817 1540 5873 986
1566 5827 1618 5872 et
1643 5832 1756 5889 seq.

2243 3281 2448 3358 claram
2502 3298 2606 3358 non
2652 3281 2829 3337 solum
2875 3301 3061 3358 eorum
3121 3281 3678 3358 analysinrrepraesentat.

2243 3353 2339 3404 sed
2373 3356 2895 3426 quoddatniquoqne
2931 3353 3315 3426 fragmentum,
3362 3373 3420 3411 ex
3464 3353 3517 3410 iis
3543 3365 3678 3408 desum-

2242 3430 2414 3500 ptnin,
2449 3425 2514 3476 de
2563 3425 2748 3489 verbo,
2783 3428 2856 3478 uti
2894 3425 3127 3491 videtur,
3168 3430 3234 3480 ad
3271 3430 3470 3483 verbum
3511 3425 3678 3478 transcri-

2242 3500 2367 3558 psit.

2312 3581 2512 3660 Deinde
2546 3600 2675 3660 vero
2713 3585 2801 3640 ille
2829 3587 3029 3642 diserte
3059 3589 3135 3643 ibi
3177 3590 3405 3660 explicat
3438 3588 3552 3657 quod
3585 3585 3678 3638 fierit

2244 3653 2424 3730 huius.
2460 3657 2602 3730 sicut
2657 3657 2770 3725 jam
2823 3660 3098 3722 diximus,
3165 3653 3339 3726 οιιέήε
3384 3653 3678 3730 argumentum,

2241 3727 2363 3798 quis
2395 3727 2634 3780 auctoris
2667 3742 2865 3795 sceptis
2892 3770 2905 3790 ,
2940 3744 3004 3783 ac
3043 3736 3349 3798 quomodo,
3388 3727 3551 3798 quotve
3580 3741 3679 3779 sacra

2243 3793 2538 3870 Scripturte
2564 3813 2687 3870 cum
2717 3793 2888 3851 libros
2913 3793 3304 3870 tuniEpistolas
3325 3793 3416 3854 ille
3443 3803 3611 3867 ipsemet
3629 3811 3680 3848 ω’

2241 3876 2361 3918 ctor
2387 3866 2554 3920 fuerit
2593 3868 3000 3935 interpretatus.

2314 3961 2511 4035 Verum
2545 3963 2666 4027 quia
2701 3963 2968 4035 Eu_sebius
2999 3963 3162 4035 longe
3188 3964 3362 4034 plures
3387 3977 3521 4033 quam
3539 3958 3680 4035 Plotini

2245 4030 2452 4085 Veteris
2481 4032 2724 4100 Novique
2756 4030 3302 4089 Testameuti'libros
3349 4030 3414 4088 iu'
3434 4037 3502 4086 liis
3532 4031 3680 4098 Hyroll‘

2239 4104 2446 4169 posibus
2482 4121 2510 4155 a
2536 4102 2814 4174 Clemente
2841 4105 3146 4174 explicatos
3183 4121 3301 4160 esse
3343 4103 3554 4160 alliruiat,
3586 4113 3679 4149 utier.

2244 4173 2476 4245 inquies,
2537 4183 2684 4226 tanta
2741 4173 2992 4226 Photium
3057 4176 3201 4229 inter
3245 4185 3301 4229 ct
3351 4177 3678 4245 Ensebiunulql,“

2243 4242 2404 4294 hosce
2455 4245 2622 4296 libros
2675 4246 3118 4306 accuratissime,
3156 4244 3564 4314 quemadmodum
3600 4242 3679 4314 ξιιμ·

2241 4326 2380 4376 nius,
2416 4314 2777 4381 perlegeram,
2802 4325 2919 4366 orta
2949 4328 3032 4368 est
3057 4311 3340 4378 dissensio,
3365 4315 3561 4381 illudque
3590 4311 3680 4382 diss:-

2241 4382 2385 4452 diuni
2411 4387 2434 4434 Υ
2484 4385 2552 4436 At
2595 4384 2862 4451 expende,
2899 4400 3104 4452 quwso,
3140 4395 3316 4437 utrum
3364 4387 3473 4436 illud
3510 4385 3550 4434 in
3575 4385 3681 4451 rantis

2239 4451 2480 4522 codices,
2510 4454 2708 4520 quibus
2745 4468 2969 4522 uterque
2999 4471 3130 4509 usus
3157 4468 3262 4516 est,
3296 4452 3679 4522 relutideudumul.

2242 4514 2506 4576 Eusebius
2528 4514 2820 4593 'siquidem
2853 4514 3115 4592 integros,
3172 4514 3386 4578 l’hotius
3414 4537 3520 4575 vero
3551 4514 3680 4570 iiiuulr

2243 4604 2347 4664 tos,
2373 4603 2426 4645 et
2447 4597 2513 4646 ab
2539 4595 2807 4648 literettcis
2835 4609 2956 4664 pOSl.
2981 4595 3197 4648 Eusebii
3225 4605 3450 4664 tempora
3473 4595 3676 4664 compitis.

2245 4663 2404 4729 hujus
2427 4667 2610 4732 operis
2635 4654 2852 4720 codices
2886 4667 3144 4720 habuisse
3187 4654 3577 4720 haud-immerito
3598 4654 3680 4704 ιῐύε·

2311 4825 2375 4878 Et
2425 4841 2555 4879 vero
2610 4825 2907 4889 Eusebius,
2949 4829 3041 4897 qui
3096 4829 3236 4883 satis
3280 4827 3562 4897 copiose‘et
3599 4815 3678 4870 last.

2240 4897 2695 4960 quemadmodum
2748 4894 3060 4952 adnotatum
3112 4909 3220 4960 est,
3271 4894 3452 4951 deliis
3480 4894 3678 4960 Clementis

2239 4958 2591 5021 Alexandrini
2629 4967 3050 5038 Hypotyposibus
3085 4958 3336 5037 disputat,
3382 4958 3680 5038 nulluniettt:i

2242 5053 2271 5088 a
2311 5039 2503 5091 Ph0tio
2538 5028 2849 5092 memoratis
2877 5028 3257 5093 erroribus-se
3303 5028 3352 5090 in
3381 5039 3450 5091 eis
3476 5028 3679 5098 depelli"

2243 5109 2386 5163 disse
2415 5109 2760 5178 signiucavit.
2790 5111 2889 5174 Qui
2918 5126 3045 5178 ergo
3075 5111 3188 5163 tieri
3220 5111 3404 5178 potuit,
3427 5115 3474 5156 ut
3500 5113 3560 5154 tot
3579 5104 3678 5178 tanti-

2243 5193 2351 5246 que
2376 5165 2589 5233 errores
2627 5180 2680 5232 in
2723 5165 2852 5243 illis,
2879 5165 3074 5247 quibus
3114 5165 3333 5233 Plio'tius
3357 5165 3470 5229 usus
3491 5165 3678 5247 esu-60d“

2243 5241 2397 5304 cibus
2420 5250 2594 5316 sparsi
2616 5241 3062 5318 disseminatique
3095 5252 3312 5314 fuerint,
3336 5260 3425 5300 nec
3449 5247 3493 5295 in
3517 5241 3679 5320 uallis???

2247 5313 2572 5388 tiquioribus
2619 5323 2686 5372 ab
2724 5321 2955 5374 Eusebio
2976 5313 3243 5389 perlectis
3290 5313 3677 5389 ocemrerint”?

2244 5386 2370 5459 quia
2416 5391 2621 5444 bilibri
2667 5404 2698 5442 a
2735 5386 3439 5458 ηειωιυηιιιιιε(ιιιίυιιεάιηις
3486 5386 3679 5459 θιΑΨΨῗῗ

2246 5447 2518 5516 haereticis
2534 5461 2812 5532 depravati
2840 5459 3002 5532 35EI
3021 5447 3512 5526 adut-teratiquesunt
3528 5448 3545 5500 ι

2246 5533 2430 5599 itaque
2461 5525 2741 5585 sceleratis
2771 5525 3075 5584 homi'iu'uus
3102 5525 3362 5599 quaedam,
3389 5537 3491 5594 qua:
3508 5525 3677 5599 corner

2243 5595 2376 5671 pere
2404 5616 2512 5676 non
2546 5609 2818 5676 poterant,
2847 5616 2915 5676 ex
2962 5595 3253 5676 libris'illis
3298 5595 3678 5676 resecata,

2247 5658 2468 5741 lataque
2501 5658 2644 5726 haud
2677 5658 2950 5726 immerito
2973 5674 3238 5738 videntur,
3265 5669 3362 5723 alia
3383 5677 3491 5718 vero
3514 5658 3566 5713 ab
3587 5658 3674 5704 iam
