3902 6308
239 292 262 347 ἔ
282 290 377 347 ΠἹ

1328 295 1414 351 DE
1452 295 1631 355 ALllS
1668 295 1876 354 CLEM.
1923 295 2129 353 ALEX.
2173 296 2376 354 OPER.

3328 301 3350 355 1
3360 302 3466 358 ἇτῧ

237 426 528 485 pravarum
559 413 880 482 opinionum
915 429 1132 470 suarum
1181 415 1549 475 defensionem
1595 421 1804 478 nefarie
1832 422 1878 479 Α
1907 419 2101 483 drino,
2152 418 2479 474 Stromatum
2531 419 2787 485 auctore',
2838 417 3002 474 alium
3052 431 3171 474 esse
3232 422 3465 485 opiran-

238 483 446 551 addﬁita,
485 484 712 547 inserta,
742 495 904 551 atque
932 486 1163 541 intrusa.

305 550 489 627 Neque
521 554 590 607 ab
641 550 1040 627 hac__opinione
1080 556 1293 627 recedit
1359 557 1591 627 ipsemet
1653 558 1800 615 Pho-

238 624 367 685 tius,
400 624 514 690 qui,
561 639 683 676 cum
720 624 821 677 sibi
859 626 1187 697 persuadere
1217 624 1438 682 omnino
1477 645 1582 683 non
1620 642 1805 697 posset

234 701 567 747 memoratos
590 709 618 747 a
648 708 708 748 se
741 709 954 749 errores
982 711 1010 749 a
1045 694 1323 752 Clemente
1360 700 1588 753 traditos
1623 694 1802 755 asser-

238 772 455 840 tesque“
492 762 692 840 fuisse,
757 765 1002 819 consulto
1072 767 1270 840 adjecit
1306 785 1321 821 :
1364 785 1454 823 seu
1497 770 1643 840 ipse,
1697 772 1802 825 sive

233 835 350 902 quis
384 833 555 897 alius,
610 834 723 901 ejus
775 851 1049 904 personam
1110 833 1360 910 indutus.
1395 848 1491 910 Atot
1518 833 1801 910 'tantaq'ie

235 918 479 957 errorum
513 914 752 958 monstra
785 921 847 960 ac
880 916 1133 975 portenta
1167 909 1253 961 bis
1288 907 1439 962 libris
1471 907 1727 966 inseruit.

308 994 447 1061 Quid
480 1010 631 1061 vero,
654 998 796 1066 quod
833 996 886 1051 in
921 998 1291 1066 superiorilms
1323 999 1799 1058 dissertationibus

236 1064 579 1139 observatum
609 1080 639 1119 a
673 1064 833 1139 nobis
865 1064 1266 1139 fuit,‘quosdam
1300 1069 1537 1136 quidem,
1566 1084 1629 1124 ac
1662 1086 1797 1139 prm-

236 1135 420 1189 sertim
460 1137 526 1190 de
570 1137 888 1203 angelorum
937 1153 1061 1192 cum
1107 1135 1330 1194 feminis
1367 1135 1676 1196 concubitu'
1703 1157 1794 1196 er-

235 1204 471 1278 roresin
523 1207 773 1278 genuinis
814 1207 1107 1278 Clementis
1137 1209 1490 1262 Alexandrini
1537 1211 1795 1278 operibus

236 1274 607 1338 deprehendi?
643 1276 747 1331 Sed
786 1276 1139 1332 manifesmm
1183 1279 1380 1332 ibidem
1431 1274 1657 1333 fecimus
1702 1296 1795 1334 ve-

234 1358 352 1398 ram
383 1346 853 1418 orthodoxamque
889 1347 957 1400 ab
982 1362 1047 1401 eo
1077 1358 1394 1403 constanter
1422 1358 1477 1403 et
1510 1351 1794 1418 perspicue

232 1416 557 1484 propugnari
592 1416 919 1481 doctrinam,
947 1418 1013 1470 de
1040 1418 1204 1472 unico
1235 1419 1451 1480 mundo,
1474 1416 1529 1473 et
1563 1416 1790 1474 materia

234 1500 263 1535 a
303 1484 412 1537 Deo
457 1497 672 1548 creata,
725 1488 791 1542 de
836 1489 996 1540 unico
1037 1497 1093 1541 et
1145 1488 1325 1541 divino
1385 1488 1561 1543 Patris
1599 1491 1788 1544 mterni

232 1554 436 1626 Verbo,
488 1557 554 1610 de
600 1571 723 1608 vera
765 1572 930 1612 carne
964 1556 1033 1611 ab
1078 1572 1142 1610 eo
1176 1568 1481 1625 assumpta,
1530 1568 1692 1626 atque
1735 1560 1787 1614 in

232 1624 424 1692 primis
474 1628 542 1679 de
574 1640 854 1699 _snp_rema
907 1626 1054 1699 illius
1121 1624 1435 1699 divinitate,
1492 1624 1789 1699 eademque

233 1709 458 1769 prorsus
482 1709 545 1748 ac
574 1694 750 1750 Patris
785 1696 974 1751 aeterni
1007 1705 1220 1769 natura.
1250 1697 1362 1769 f'lfot
1409 1698 1593 1768 igitur,
1623 1694 1789 1769 atque

232 1764 371 1838 adeo
404 1775 788 1838 repugnantes,
816 1778 869 1821 et
911 1767 1329 1838 contrarioshis
1358 1764 1529 1821 sacris
1568 1764 1790 1838 dogma-

234 1832 378 1907 tibus
407 1832 620 1907 errores
648 1835 897 1891 Clemens
942 1839 997 1889 in
1040 1840 1153 1891 suis
1197 1832 1786 1907 Ilypolypasibusfnisi

235 1902 540 1977 incredibili
575 1920 794 1973 prorsus
834 1909 1081 1961 czecitate
1112 1902 1417 1977 perculsus,
1458 1923 1703 1964 asserere
1736 1918 1790 1967 et

231 1972 586 2043 disseminare
619 1990 723 2028 non
756 1978 947 2043 potuit.

303 2041 668 2108 Quamobrem
719 2041 865 2099 recte
910 2046 1133 2100 omnino
1169 2054 1223 2101 et
1273 2047 1517 2114 apposite
1564 2046 1787 2103 Rulinus

230 2111 299 2186 de
351 2114 746 2168 adulteratione
800 2116 1064 2171 librorum
1117 2118 1204 2170 tibi
1263 2111 1521 2186 disputat,
1563 2120 1676 2172 haec
1723 2121 1788 2174 de

232 2183 515 2237 Clemente
543 2186 910 2239 Alexandrino
954 2187 1179 2254 scripsit
1205 2188 1290 2240 "z
1330 2183 1362 2237 ί
1382 2187 1632 2243 Clemens
1663 2190 1788 2242 Ale-

230 2254 525 2327 xandrinus
550 2257 853 2327 presbyter,
877 2265 932 2310 et
954 2255 1390 2327 magisterlillius
1414 2256 1691 2319 Ecclesiae,
1731 2260 1783 2313 in

228 2325 479 2395 omnibus
521 2338 657 2391 pene
697 2325 850 2380 libris
878 2328 992 2380 suis
1020 2325 1305 2380 Trinitatis
1342 2325 1588 2395 gloriam,
1622 2338 1786 2395 atque

229 2393 589 2465 a-ternitatem
636 2410 796 2465 unam
828 2398 1183 2462 eamdemque
1233 2393 1498 2465 designat,
1527 2407 1579 2450 et
1616 2393 1787 2451 inter-

229 2462 355 2535 dum
403 2462 704 2535 iurauimus
751 2464 931 2533 aliqua
973 2466 1024 2518 in
1077 2466 1230 2519 libris
1275 2462 1399 2535 ejus
1437 2466 1695 2534 capitula,
1730 2467 1784 2522 in

228 2532 426 2603 quibus
456 2531 648 2585 Filium
693 2535 780 2587 Dei
826 2531 1132 2589 creaturam
1167 2531 1319 2588 dicit.
1364 2531 1615 2603 Nunquid
1661 2552 1783 2591 cre-

227 2601 389 2654 dibile
416 2612 500 2654 est
530 2605 596 2655 de
628 2613 776 2656 tanto
808 2608 945 2667 viro,
976 2615 1082 2657 tam
1116 2605 1168 2657 in
1196 2605 1453 2660 omnibus
1486 2601 1780 2671 catholico,

230 2678 335 2723 tam
371 2672 605 2734 ermlito,
637 2686 694 2726 ut
731 2675 811 2727 vel
861 2674 961 2728 sibi
994 2676 1264 2727 contraria
1293 2676 1563 2741 senserit,
1603 2678 1682 2730 vel
1719 2692 1782 2729 ea

226 2754 352 2813 qua;
378 2742 443 2793 de
473 2741 582 2796 Deo
614 2757 717 2795 non
750 2744 925 2798 dicam
962 2746 1208 2807 credere,
1236 2744 1321 2798 vel
1348 2746 1536 2798 audire
1565 2747 1781 2813 quidem

229 2808 447 2881 impium
476 2820 581 2875 est,
605 2813 803 2881 scripta
830 2813 1143 2881 reliquerit?
1165 2831 1184 2864 ι

298 2878 518 2953 Scimus
542 2878 1074 2953 quidei‘innonnullis
1100 2883 1295 2953 visum,
1322 2896 1442 2937 esse
1475 2883 1574 2938 hos
1600 2882 1651 2937 ιι
1656 2900 1785 2953 ypo-

228 2954 475 3021 typoseon
508 2950 674 3004 libros
701 2967 729 3003 a
756 2950 1032 3005 Clemente
1053 2952 1425 3006 Alexandrino
1456 2954 1605 3021 prius
1633 2950 1783 3009 eoin-

226 3020 454 3088 positos,
490 3021 828 3092 quanrveris
858 3022 1108 3076 omnibus
1154 3023 1480 3076 Christiana:
1508 3024 1782 3092 religionis

225 3069 1781 3159 annuae;parspraetendit};suam(signa:
1807 3087 1849 3145 C
1883 3069 2063 3159 ξεξιξξιυ

223 3159 654 3232 gratisomnino
693 3161 743 3213 id
778 3161 998 3215 dicitur.
1026 3162 1103 3216 Ex
1134 3162 1293 3217 dictis
1326 3161 1593 3232 siquidem
1626 3164 1781 3225 satis,

223 3228 327 3299 nisi
356 3229 613 3293 fallimur,
644 3232 930 3299 probatum
957 3242 1066 3296 est,
1095 3233 1195 3285 hos
1223 3228 1483 3287 libros—ab
1515 3235 1786 3291 haereticis

226 3297 396 3353 fuisse
437 3297 768 3356 adulteratos
796 3300 1044 3370 findeque
1072 3310 1375 3371 corruptos.

218 3399 236 3421 κ
292 3386 478 3458 Neque
525 3391 728 3445 dixeris
758 3391 974 3445 eosdem
1012 3392 1179 3445 libros
1209 3394 1277 3445 ab
1307 3392 1413 3447 illis
1446 3400 1523 3447 tot
1564 3393 1616 3447 in
1650 3393 1783 3450 locis

221 3472 335 3533 non
359 3462 600 3533 potuisse
635 3463 929 3529 corrumpi.
961 3462 1186 3516 Constat
1213 3463 1355 3517 enim
1388 3477 1485 3533 per
1512 3479 1575 3517 ea
1606 3474 1663 3519 et
1691 3481 1782 3518 su-

221 3530 435 3597 periora
480 3532 644 3583 etiam
682 3542 917 3599 tempora
951 3546 1016 3586 eo
1054 3548 1224 3601 usque
1256 3530 1590 3600 processisse
1622 3536 1781 3589 etire-

221 3608 403 3671 natam
454 3601 664 3653 illorum
721 3602 1099 3655 bwreticorum
1155 3605 1575 3671 impudentiam,
1616 3613 1676 3659 ut
1725 3606 1777 3659 in

218 3668 401 3738 plures
430 3672 568 3723 alias
596 3681 903 3724 sanctorum
953 3668 1482 3726 Ecclesize'l’atrum
1529 3668 1779 3729 lucubra-

222 3740 416 3810 tibnes,
445 3756 507 3794 ac
532 3741 742 3794 divinos
763 3742 926 3793 etiam
956 3756 1124 3797 sacra:
1151 3741 1449 3810 Scriptura:
1478 3743 1666 3808 libros,
1699 3747 1776 3798 uti

219 3808 361 3862 haud
414 3812 583 3863 semel
643 3812 1041 3875 adnotavimus,
1107 3828 1213 3867 non
1280 3808 1457 3866 ininus
1514 3814 1777 3868 violentas

219 3894 413 3934 manus
466 3881 781 3949 injecerint,
827 3882 1022 3951 quibus
1070 3897 1167 3937 eos
1220 3884 1388 3935 variis
1444 3882 1774 3950 ejuscemodi

218 3951 703 4016 amputationibus,
751 3951 1262 4019 interpolationibus
1294 3961 1350 4007 et
1387 3953 1775 4010 additamentis

222 4020 449 4087 turpiter
478 4020 750 4074 fmdarunt
782 4022 1281 4091 deforinaruntque.

290 4111 398 4168 Nec
431 4116 681 4169 audiendi
709 4125 856 4178 sunt,
898 4117 989 4184 qui
1034 4118 1190 4170 nobis
1236 4114 1535 4182 objecerint
1579 4129 1769 4185 magna

218 4180 470 4239 Pbotium
499 4188 783 4240 oscitantia
815 4180 1078 4242 Clementi
1108 4204 1172 4240 ea
1212 4180 1486 4249 tribuisse,
1529 4201 1647 4254 quae
1670 4180 1772 4242 ille

221 4269 324 4325 non
366 4270 432 4307 ex
479 4256 791 4324 semetipso.
841 4257 934 4311 sed
973 4273 1041 4310 ex
1086 4271 1340 4325 perversa
1390 4258 1769 4310 hazreticornm

220 4324 479 4391 opinione
514 4325 803 4380 referebat.
850 4328 961 4380 Cur
1003 4327 1183 4390 enim,
1239 4328 1488 4389 obsecro,
1545 4326 1768 4380 Photius

1908 498 1995 544 tur
2020 489 2087 559 θ’.
2133 489 2211 543 Ex
2263 490 2349 559 his
2384 489 2559 555 enim,
2608 505 2729 559 qua:
2774 503 2841 544 ex
2897 491 3127 544 Eusebio
3164 501 3220 545 et
3268 489 3466 548 Phoiio

1905 558 2228 619 retulimus.
2282 558 2526 613 funditus
2575 558 2843 614 evertitur
2892 560 3008 614 haec
3064 560 3197 613 falsa
3252 563 3461 627 opinio.

1905 627 2073 699 Visne
2116 639 2171 682 et
2209 630 2259 682 id
2292 629 2490 695 adhuc,
2522 630 2565 682 si
2602 630 2715 683 tieri
2749 629 2948 699 possit,
2986 630 3291 685 evidentius
3325 631 3465 685 vali-

1903 698 2132 767 diusque
2157 698 2556 752 demonstrari?
2585 698 2720 752 Audi
2764 700 3012 753 eumdem
3049 699 3363 757 Eusebium.
3398 705 3464 754 de

1902 766 2178 822 Clemente
2234 768 2601 822 Alexandrino
2659 770 2771 823 haec
2818 769 3087 823 dicentem
3129 768 3214 822 ’δε
3259 788 3278 820 ι
3307 770 3461 825 'l‘nnc

1901 838 2063 890 etiam
2099 837 2473 898 Alexandriae,
2529 839 2740 907 inquit,
2791 838 2978 891 iisdem
3031 853 3149 891 cum
3202 838 3457 893 Pantaeno

1900 907 2094 977 studiis
2123 908 2428 961 divinarum
2462 908 2871 977 Scripturaruni
2906 908 3242 973 incumbens,
3274 909 3457 964 ﬂoruit

1900 975 2330 1033 Clentens.....
2368 978 2475 1043 Qui
2528 975 2687 1031 etiam
2740 978 2793 1031 in
2852 975 3253 1031 lnstitutionum
3302 979 3457 1034 libris

1910 1043 2351 1101 Ὺποτυπώσεσι
2381 1063 2409 1099 a
2443 1062 2501 1101 se
2532 1046 2858 1116 conscriptis
2908 1046 3223 1116 Pantmnum
3257 1063 3460 1116 priete-

1898 1125 2106 1188 plorem
2160 1132 2320 1188 suum
2354 1117 2552 1172 diserte
2601 1115 2863 1172 nominat.
2915 1115 3020 1171 Sed
3069 1127 3123 1188 et
3173 1118 3225 1169 in
3260 1115 3457 1188 primo

1898 1184 2231 1257 Stromaleon
2265 1185 2403 1257 libro
2454 1188 2701 1242 eumdem
2755 1188 2929 1255 ipsum
2960 1184 3295 1257 designare'
3324 1189 3454 1242 mihi

1894 1256 2125 1322 videtur,
2150 1275 2168 1306 ι
2203 1266 2313 1312 etc.
2351 1256 2603 1310 Potuitne
2636 1257 2898 1310 Eusebius
2924 1255 3246 1310 clarioribus
3274 1258 3457 1315 verbis

1894 1339 2207 1379 asseverare
2252 1326 2584 1381 Clementem
2634 1326 3058 1380 Alexandrinum
3102 1340 3223 1381 esse
3264 1340 3450 1381 verum

1894 1409 1999 1447 non
2042 1396 2217 1449 minus
2248 1396 2645 1466 Hypotyposeon
2676 1410 2836 1464 quam
2870 1393 3196 1449 Stromatnm
3244 1410 3442 1463 paren-

1895 1473 2001 1516 tem
2034 1474 2088 1518 et
2146 1468 2458 1519 auctorem?
2490 1466 2592 1519 Sed
2637 1467 2817 1535 pudet,
2867 1476 2974 1518 tam
3005 1480 3194 1518 vanam
3241 1467 3456 1535 opinio-

1893 1547 2018 1606 nem
2050 1549 2142 1589 seu
2177 1536 2653 1606 potitlsivigilanlis
2688 1536 2921 1589 hominis
2962 1536 3230 1588 somnium
3263 1537 3454 1590 coniu-

1893 1605 2079 1674 tando,
2110 1614 2321 1673 tempus
2354 1605 2552 1658 l‘rnStra
2581 1606 2892 1674 impendere
2918 1613 2970 1659 et
2996 1619 3239 1672 operam.

1960 1673 2146 1741 Neque
2178 1675 2340 1729 etiam
2384 1685 2598 1742 tempus
2632 1673 2683 1728 in
2717 1676 2803 1737 iis,
2849 1676 2938 1743 qui
2973 1675 3070 1728 hos
3104 1674 3269 1729 libros
3304 1674 3449 1737 ideo,

1824 1755 1864 1813 η
1893 1746 2017 1813 quia
2059 1746 2338 1798 erroribus
2366 1744 2668 1809 scatebant,
2702 1744 3048 1799 intercidisse
3078 1746 3447 1813 suspicantur,

1894 1813 2201 1869 rel'ellendis
2234 1815 2515 1869 terendum
2548 1823 2652 1868 est.
2681 1813 2890 1868 Norunt
2921 1814 3064 1869 enim
3094 1829 3281 1869 omnes
3305 1829 3453 1868 eam-

1891 1885 2011 1938 dem
2045 1883 2213 1939 iuisse
2246 1900 2349 1938 non
2379 1885 2552 1939 solum
2584 1885 2966 1953 pessimorum,
2990 1883 3083 1936 sed
3119 1884 3284 1937 etiam
3312 1886 3451 1953 opti-

1890 1969 2099 2007 morum
2137 1954 2435 2016 librorum,
2475 1964 2527 2008 et
2566 1958 2633 2008 ah
2696 1954 3089 2023 antiquissimis
3130 1968 3194 2007 ac
3244 1953 3448 2007 doctis-

1890 2024 2045 2077 simis
2091 2024 2340 2079 Ecclesia:
2385 2024 2635 2078 Patribus
2668 2024 2932 2078 editorum
2988 2031 3191 2077 sortem
3243 2032 3298 2075 et
3340 2023 3450 2076 for-

1889 2100 2093 2146 tunam.
2142 2094 2274 2158 Quis
2312 2096 2473 2148 etiam
2529 2094 2745 2162 ignorat
2809 2094 2997 2147 noxias
3042 2102 3096 2162 et
3159 2086 3445 2161 pestiferas

1886 2163 2147 2231 quasdam
2187 2161 2570 2218 haereticorum
2590 2180 2654 2217 ac
2679 2178 3011 2233 paganorum
3044 2161 3447 2233 lucubrationes

1887 2233 2092 2314 diutius
2123 2247 2529 2314 perseverasse,
2577 2248 2771 2314 quam.
2795 2233 2960 2295 alias,
3003 2247 3121 2314 qua:
3155 2234 3223 2312 ab
3261 2232 3447 2314 ortho-

1887 2302 2042 2355 doxis
2082 2299 2441 2369 scriptoribus
2470 2303 2524 2354 in
2573 2299 2897 2356 Christiana:
2940 2300 3218 2370 religionis
3261 2299 3445 2355 defen-

1885 2373 2113 2442 sionem,
2147 2372 2396 2442 illinsque
2427 2372 2737 2441 doginatum
2773 2372 3185 2440 eitplirationem
3226 2386 3446 2442 compo—

1885 2441 2022 2504 sine,
2048 2441 2558 2497 omnibusimnnina:
2588 2450 2837 2508 poterant
2866 2455 2987 2495 esse
3022 2441 3301 2495 utilitatis?
3333 2441 3442 2495 Ne-

1885 2525 1990 2579 que
2035 2511 2084 2564 id
2121 2512 2277 2578 longa
2311 2523 2364 2565 et
2397 2512 2571 2564 inutili
2609 2512 2917 2565 inductione
2966 2511 3184 2578 probari
3222 2526 3446 2567 necesse

1886 2591 2000 2639 est,
2039 2581 2179 2649 quod
2222 2596 2285 2634 ex
2335 2582 2465 2649 ipsis
2511 2579 2807 2635 Clementis
2842 2581 3013 2634 nostri
3047 2581 3343 2647 deperditis
3374 2580 3441 2634 lz—

1886 2650 2016 2713 bris,
2048 2655 2112 2705 de
2148 2652 2346 2720 quibus
2383 2665 2505 2704 mox
2558 2650 2969 2717 disputabimus,
3014 2650 3436 2705 luculentissima

1886 2719 2307 2773 demonstratur.

1954 2788 2125 2843 Porro
2169 2800 2346 2842 autem
2391 2787 2655 2843 Eusebius
2701 2788 2754 2841 in
2797 2786 3031 2841 Historia
3063 2802 3157 2842 sua
3196 2788 3442 2842 ecclesia-

1882 2859 2013 2910 stica
2052 2860 2147 2912 hos
2179 2860 2634 2912 Clementinarnm
2685 2857 3086 2927 b‘yporyposeon
3133 2857 3300 2911 libros
3332 2874 3435 2912 saz-
3527 2915 3537 2925 ,

1885 2930 2005 2994 pius
2034 2929 2188 2989 citat,
2215 2940 2265 2982 et
2304 2931 2549 2998 quasdam
2579 2927 2874 2996 aliquando
2908 2943 3091 2981 eorum
3134 2928 3436 2997 fragmenta

1885 3000 2123 3052 exhibet.
2167 2998 2374 3052 Etenun
2408 3007 2603 3066 praeter
2652 2999 2742 3050 illa
2786 3012 2906 3067 qua:
2944 3013 3008 3050 ex
3050 2998 3195 3050 illius
3235 2999 3326 3051 lib.
3356 3014 3439 3067 \‘l,

2106 3067 2195 3129 Μ,
2245 3082 2367 3138 pag.
2399 3069 2503 3123 215
2546 3079 2599 3122 et
2643 3083 2785 3137 seip,
2826 3067 3168 3136 protulimus,
3211 3069 3277 3120 ab
3324 3068 3442 3136 ipso

1890 3142 2037 3208 prius
2062 3138 2152 3193 lib.
2175 3153 2190 3190 ι
2217 3138 2442 3203 Hister”
2469 3154 2587 3205 cap.
2612 3139 2696 3199 19.,
2728 3155 2848 3208 pag.
2879 3138 2967 3199 30,
2995 3139 3195 3191 citatur
3215 3140 3437 3206 quintus

1889 3205 2293 3277 Ilypalyposeon
2330 3210 2517 3277 liber;
2569 3205 2753 3261 sextus
2802 3205 3033 3277 'auteini
3068 3218 3122 3261 et
3177 3205 3440 3276 septimus

1886 3276 2081 3349 postea’
2115 3278 2206 3329 lib.
2252 3293 2286 3331 ll
2317 3276 2540 3344 Histor.,
2576 3294 2694 3346 cap.
2726 3280 2774 3343 I,
2807 3294 2927 3349 pag.
2975 3276 3068 3341 58,
3111 3285 3165 3331 et
3211 3293 3334 3347 cap.
3383 3281 3438 3340 9,

1884 3360 2005 3416 pag.
2036 3348 2129 3410 46,
2154 3364 2215 3400 ac
2237 3364 2354 3416 cap.
2384 3349 2470 3411 15,
2504 3363 2624 3417 pag.
2655 3349 2743 3401 55.

1955 3415 2114 3471 Plura
2140 3415 2333 3488 adhuc
2359 3415 2665 3488 Afragiiienta
2698 3433 2761 3472 ex
2795 3418 2984 3470 iisdem
3018 3415 3311 3471 Clementis
3343 3430 3437 3470 no-

1883 3488 1981 3540 stri
2034 3487 2182 3541 libris
2231 3488 2299 3540 ab
2345 3486 2677 3541 (Ec-inuenio
2720 3491 2966 3555 decerpta
3019 3495 3166 3539 sunt.
3200 3488 3437 3540 Primum

1883 3556 2147 3626 siquidem
2199 3557 2251 3609 in
2303 3558 2457 3626 hujus
2485 3559 2551 3611 ad
2588 3561 2813 3625 primam
2861 3554 2925 3609 ad
2966 3554 3434 3637 CorintlitosEpi-

1883 3626 2076 3680 stolam
2123 3641 2247 3680 cap.
2288 3642 2375 3680 xi.
2423 3626 2519 3680 10.
2573 3643 2694 3680 pag.
2737 3626 2871 3680 526.
2922 3634 3329 3678 (Utttlllelllartls
3365 3640 3430 3679 ex

1881 3640 2076 3680 SIOIaIn
2123 3641 2247 3690 cap.
2288 3642 2375 3690 xi,
2423 3640 2519 3682 ιυ.
2573 3643 2694 3690 pag.
2738 3640 2871 3689 πυ,
2922 3640 3329 3678 (υιιιιιιειιιιιΐιιὸ
3365 3640 3430 3679 ex

1882 3643 2076 3680 Storain
2123 3643 2247 3695 cap.
2288 3643 2375 3690 λι,
2423 3643 2519 3682 τυ.
2573 3643 2694 3694 pag.
2738 3643 2871 3689 οπο,
2922 3643 3329 3678 commentariis
3365 3643 3430 3679 ex

1882 3697 2043 3749 tertio
2085 3696 2228 3749 illius
2262 3694 2719 3750 Ὑποτυπώσεων
2763 3696 2901 3749 hbro
2948 3696 3283 3764 desuniptnm
3330 3701 3433 3748 est.

1880 3769 2182 3820 Secundum
2207 3781 2273 3819 ex
2304 3779 2502 3833 quarto
2529 3768 2835 3819 earumdem
2864 3764 3266 3834 Hypotyposeon
3298 3764 3437 3818 libro

1880 3838 2212 3905 descriptum
2242 3840 2292 3889 in
2324 3839 2522 3891 eisdem
2553 3838 2619 3889 ad
2647 3836 2684 3888 ll
2714 3843 2779 3888 ad
2808 3835 3053 3889 Corinth.
3085 3835 3277 3905 Epist.,
3309 3849 3432 3903 cap.

1876 3919 1932 3971 v,
1965 3904 2210 3975 16,7pag.
2250 3907 2375 3968 657,
2417 3906 2819 3962 commentariis
2879 3909 3138 3959 occurrit.
3190 3904 3432 3958 Tertium

1875 3991 1942 4030 ex
1986 3979 2172 4029 eodem
2220 3975 2621 4046 Hypotyposeon
2677 3975 2816 4046 libro
2860 3975 2910 4046 in
2956 3975 3106 4028 hisce
3152 3989 3435 4046 commen-

1876 4048 2030 4100 tariis
2060 4061 2179 4115 Cap.
2210 4043 2353 4114 acip,
2373 4043 2423 4098 vi.
2450 4048 2534 4111 tt,
2561 4061 2684 4113 pag.
2715 4045 2841 4099 645.
2878 4043 3137 4109 Quartum
3159 4058 3224 4096 ex
3244 4045 3434 4115 quinto

1873 4114 2200 4186 earumdem
2223 4114 2632 4186 Hypotyposeort
2659 4115 2800 4186 libro
2832 4119 3330 4186 in_c(_min_ientariis
3362 4114 3429 4167 ad

1876 4185 2041 4254 Epist.
2068 4187 2135 4239 ad
2165 4182 2341 4240 Galat.
2372 4182 2489 4253 cap.
2518 4200 2573 4247 v,
2608 4184 2698 4248 ει,
2735 4200 2858 4254 pag.
2890 4182 3010 4236 765.
3056 4183 3314 4249 Quintum
3361 4197 3427 4254 ex

1873 4253 2104 4324 septimo
2152 4257 2552 4325 llypotyposeon
2586 4256 2749 4325 _libro
2798 4257 2852 4307 in
2908 4254 3315 4309 commentariis
3362 4253 3429 4305 ad

1871 4323 2099 4393 primam
2147 4323 2438 4394 Epistulam
2472 4326 2540 4378 ad
2584 4323 2920 4394 Timotheum
2971 4339 3091 4391 cap.
3124 4339 3182 4387 tl,
3213 4326 3265 4386 6,
3296 4331 3427 4394 toni.

347 4394 562 4478 de_aliis
597 4396 1204 4478 disputans-Clementis
1246 4399 1616 4478 operiltms,ac
1651 4412 1766 4448 ina-
1800 4418 1840 4472 υ
1870 4389 1933 4478 ll,
1973 4410 2095 4465 pag.
2124 4389 2247 4449 220.
2284 4396 2507 4478 Sextum
2535 4408 2603 4447 ex
2634 4389 3429 4478 eodem..llppotyposeoulibro

222 4464 366 4516 xime
401 4462 467 4516 de
514 4462 837 4520 Strom’atum
884 4469 1067 4530 libris,
1117 4466 1207 4519 ubi
1262 4462 1339 4519 tet
1392 4465 1765 4520 haereticorum

220 4544 657 4601 paganorumque
688 4551 906 4591 errores
950 4537 1238 4606 protulisse
1281 4536 1500 4605 legitur.
1531 4551 1623 4588 e0s
1667 4536 1763 4604 ίυδί

218 4617 435 4675 quoque
477 4620 581 4675 non
617 4607 907 4675 ascripsit?
947 4608 1149 4660 Deinde
1190 4609 1361 4672 magis
1401 4608 1678 4675 perspicax
1714 4616 1768 4659 et

216 4673 472 4745 oculatus!
497 4672 615 4745 fuit
644 4672 879 4742 Photins,
909 4692 1068 4742 quam
1119 4686 1176 4728 ut
1205 4692 1265 4728 ea
1300 4690 1422 4744 qua:
1456 4674 1767 4745 llypotypa-

214 4744 359 4795 siluis
396 4743 477 4796 vel
522 4759 551 4795 a
579 4743 851 4799 Clemente
893 4748 977 4802 vel
1024 4749 1091 4801 ab
1124 4745 1246 4799 aliis
1293 4743 1532 4813 protecta
1578 4743 1763 4809 erant,

216 4828 322 4867 non
351 4813 703 4878 discreverit;
734 4829 833 4869 nec
861 4818 992 4871 adeo
1029 4818 1256 4871 mendax
1287 4825 1341 4867 et
1373 4814 1766 4878 lraudulentus,

216 4893 279 4934 ut
329 4883 590 4937 Clementi
658 4883 970 4940 innumeros
1028 4888 1278 4941 tribuerit
1333 4900 1579 4947 errores,
1630 4899 1765 4951 quos

214 4955 443 5023 ipsemet
467 4955 715 5007 Clemens
741 4958 963 5010 aliorum
986 4972 1106 5011 esse
1131 4953 1486 5024 signiﬁcabat.
1522 4956 1763 5023 Denique

212 5025 428 5077 etiamsi
481 5025 706 5094 Pbotius
756 5029 823 5077 de
888 5026 1131 5094 plurimis
1184 5027 1415 5079 aliorum
1477 5035 1760 5094 auctorum

210 5096 429 5163 scriptis
458 5103 515 5147 et
546 5093 1006 5150 lucubrationibus
1029 5098 1279 5159 disserat,
1313 5109 1614 5162 eorumque
1646 5093 1759 5163 epi-

213 5174 391 5219 tomen
422 5164 699 5227 exhibeat,
739 5165 922 5218 nullihi
956 5176 1132 5218 tamen
1164 5181 1193 5218 a
1240 5167 1492 5234 quopiam
1535 5163 1757 5233 hujusce

210 5250 305 5288 seu
342 5235 641 5288 oscitantis:
667 5243 721 5287 et
748 5237 972 5301 erroris,
1002 5249 1097 5288 seu
1134 5235 1361 5298 fraudis,
1387 5236 1495 5289 doli
1522 5245 1575 5287 et
1605 5248 1757 5288 inen-

209 5305 351 5358 dacii
383 5304 746 5359 insimulatur.

280 5376 328 5427 A
375 5390 501 5429 vero
540 5385 719 5428 autem
767 5389 873 5428 non
909 5374 1086 5429 minus
1137 5372 1455 5436 abhorrent,
1495 5372 1583 5442 qui
1619 5373 1765 5427 nullo

207 5453 432 5498 auctore
478 5446 676 5514 citato,
720 5445 865 5498 nulla
912 5444 1120 5514 prolata
1187 5446 1394 5514 ratione
1435 5443 1764 5498 Clementem

219 5513 680 5569 ’Υποτυπώσεων
734 5513 1059 5585 scriptorem
1108 5529 1141 5568 a
1191 5513 1466 5568 Clemente
1529 5514 1768 5568 A'lexan-

276 5652 323 5727 '_’
364 5652 460 5727 lib.
491 5656 564 5710 De
616 5655 901 5712 adulterat.
949 5656 1044 5711 lib.
1098 5656 1237 5726 apud
1279 5654 1497 5727 Origcn.
1544 5665 1677 5713 tom.
1729 5653 1783 5721 Ι,
1815 5667 1868 5723 p.
1906 5653 2029 5709 494.

188 5730 235 5763 ει
291 5723 387 5782 l.v
416 5725 654 5794 Hist.,c.
699 5728 784 5793 ιι,
829 5744 883 5798 ρ.
914 5727 1032 5782 r15.
1081 5742 1107 5768 ο

1872 4468 1923 4518 in
1958 4466 2358 4519 commentariis
2411 4465 2476 4517 ad
2525 4466 2771 4519 eamdem
2825 4465 3143 4533 Epistulam,
3183 4477 3304 4530 cap.
3332 4475 3429 4525 ιιι,

1871 4535 1960 4601 l6,
1996 4551 2115 4605 pag.
2140 4536 2266 4589 229.
2304 4535 2604 4605 septimum
2640 4548 2826 4587 rursus
2857 4550 2924 4587 ex
2961 4536 3149 4588 eodem
3184 4533 3344 4595 libro,
3374 4547 3427 4605 ιιι

1869 4600 2276 4660 εθιιιῖιιυῖιιίιιίἱε
2518 4610 2583 4657 ad
2624 4605 2869 4658 eamdem
2906 4605 3100 4671 Epist.,
3130 4616 3248 4670 Cap.
3275 4617 3325 4662 v,
3368 4600 3425 4663 8,

1870 4691 1991 4746 pag.
2020 4673 2146 4729 257.
2198 4673 2460 4729 Octavum
2510 4676 2561 4727 in
2600 4679 2741 4727 vers.
2766 4676 2854 4746 10,
2906 4688 3027 4743 pag.
3061 4685 3300 4746 sequex
3329 4686 3426 4723 eo-

1870 4740 1988 4799 dem
2038 4748 2197 4799 libro.
2246 4748 2451 4798 bonum
2504 4759 2690 4797 rursus
2746 4740 2942 4797 ibidem
2982 4740 3047 4795 in
3093 4756 3144 4793 ν.
3175 4740 3265 4802 21,
3302 4755 3424 4807 pug.

1868 4814 1994 4880 242,
2023 4831 2090 4869 ex
2131 4817 2233 4870 hoc
2267 4816 2385 4884 ipso
2417 4814 2575 4868 libro.
2608 4814 2883 4868 Decimum
2923 4826 2990 4866 ex
3019 4811 3227 4884 eodeni_
3247 4814 3425 4862 adhue

1870 4884 2008 4938 libro
2055 4887 2105 4938 in
2140 4879 2329 4938 iisdem
2363 4886 2767 4938 commentariis
2812 4886 2862 4935 in
2898 4898 3020 4948 cap.
3052 4893 3126 4941 ιι,
3163 4879 3251 4945 15,
3299 4894 3420 4947 pag.

1866 4953 1993 5009 248.
2038 4952 2390 5009 Undecimum
2429 4955 2661 5021 denique
2708 4967 2771 5005 ex
2804 4952 2990 5005 eodem
3022 4950 3427 5021 quoqneﬂlibro

1866 5022 1921 5076 in
1952 5026 2352 5095 commentariis
2369 5024 2422 5077 in
2435 5019 2730 5095 caputti,_2,
2746 5021 3129 5089 subsequentis
3155 5020 3221 5072 ad
3253 5019 3424 5071 'l‘uno-

1869 5095 2053 5148 theum
2081 5094 2355 5162 Epistulae.
2387 5091 2585 5163 pagina
2614 5091 2742 5163 249.

1937 5155 2201 5217 Praeterea
2240 5179 2367 5217 vero
2390 5155 2647 5216 'Jo'annes
2685 5161 2935 5213 Moschus
2978 5158 3030 5211 in
3070 5155 3233 5211 Prata
3268 5156 3427 5227 spiri-

1866 5234 2021 5296 tuali,
2045 5248 2164 5301 cap.
2192 5234 2315 5294 176,
2356 5235 2710 5301 quoddain‘ex
2750 5232 2844 5283 lib.
2874 5245 2901 5279 ν
2932 5227 3331 5298 Hypotypeseon
3358 5232 3427 5289 de

1871 5299 2231 5372 apostolorum
2269 5299 2588 5369 baptismate
2617 5299 2973 5372 fragtiientuin
3019 5300 3217 5372 retulit.

1940 5375 2132 5427 Omnia
2176 5367 2355 5427 autem
2402 5373 2488 5425 illa
2521 5383 2777 5438 excerpta
2817 5373 2871 5423 in
2908 5370 3014 5431 his,
3056 5369 3151 5437 qui
3182 5367 3424 5438 omnium

1870 5452 2159 5497 versantur
2192 5444 2464 5504 inanibus,
2492 5436 2730 5503 Eusebii,
2766 5436 3085 5495 (Ecumenii
3118 5449 3168 5492 et
3199 5436 3425 5493 Joannis

1876 5513 2084 5569 Moschi
2132 5512 2285 5569 libris
2329 5511 2764 5582 quandoquidem
2815 5526 2848 5563 a
2901 5508 3142 5577 quolibet
3201 5518 3428 5578 possunt

2108 5652 2155 5686 ³³
2190 5652 2246 5708 in
2289 5650 2588 5722 prolegom.
2618 5650 2684 5707 ad
2717 5649 2912 5707 Euseb.
2983 5645 3213 5714 Chron.,
3257 5644 3428 5716 p.18.
