4044 6350
701 524 1591 677 EDITIONIS
1675 528 1956 657 MA:

2070 532 2336 659 FEI
2417 532 3362 668 ΡΗᾸΕΡΑΤΙΟ.

1401 790 2706 842 ψ

444 993 579 1050 Cum
611 989 1008 1063 deprehensum
1055 1001 1227 1059 nuper
1258 985 1328 1039 sit
1352 983 1410 1039 S.
1454 979 1640 1036 Hilarii
1671 975 1976 1034 Pictavien-
2003 977 2054 1036 A
2084 974 2304 1041 tionem,
2334 984 2391 1030 ut
2415 976 2611 1032 eruditi
2641 981 2812 1036 seculi
2843 983 3000 1053 genio
3035 999 3240 1041 morem
3285 1002 3493 1058 geram,
3519 989 3679 1046 exhi-

377 1091 453 1146 sis
481 1101 648 1159 opcra
671 1086 723 1141 in
759 1098 918 1154 quam
951 1081 1133 1136 multis
1159 1075 1496 1134 bibliothecis
1531 1072 1850 1135 desiderari,
1880 1084 1977 1124 ve-

377 1185 518 1241 nalia
549 1196 682 1237 vero
709 1181 761 1234 in
783 1177 934 1234 ltalia
969 1176 1216 1230 universa
1248 1172 1332 1227 vix
1366 1169 1585 1241 reperiri
1610 1211 1623 1233 ,
1650 1166 1980 1235 praestantis-

375 1279 546 1334 simus
573 1271 968 1330 Canonicorum
1000 1267 1395 1324 Veronensium
1437 1271 1630 1323 cmtus,
1654 1270 1815 1328 alque
1841 1256 1978 1312 adeo

375 1370 491 1440 ejus
541 1363 990 1436 Archipresbyter
1023 1360 1260 1417 Joannes
1305 1355 1628 1412 Franciscus
1672 1350 1974 1414 Musellius,

374 1457 678 1516 studiorum
727 1453 906 1510 fautor
944 1451 1262 1514 acerrimus,
1306 1448 1621 1518 piarumque
1663 1459 1726 1500 ac
1756 1443 1978 1500 eximia-

374 1566 491 1608 rum
522 1563 702 1604 rerum
729 1552 1020 1618 perpetuus
1049 1551 1255 1606 auctor,
1289 1536 1669 1594 vetustissimis
1689 1535 1850 1591 etiam
1872 1533 1974 1589 Ca-

373 1642 699 1717 pitularibus
751 1637 1029 1696 codicibus
1074 1649 1268 1714 novam
1314 1628 1602 1687 e'ditionem
1633 1639 1723 1684 aut
1765 1629 1972 1700 augeri,

372 1745 464 1791 aut
494 1747 821 1802 magnopere
851 1728 1106 1784 illustrari
1131 1740 1291 1797 posse
1330 1733 1637 1795 Sperantes,
1669 1731 1727 1778 ut
1751 1721 1974 1792 pratcla-

372 1827 568 1883 rissimi
600 1825 770 1881 Patris
797 1823 993 1892 scripta
1021 1823 1072 1875 in
1103 1820 1204 1874 hac
1229 1819 1448 1873 civitate
1481 1817 1621 1887 typis
1658 1816 1835 1870 denuo
1865 1823 1972 1868 tra-

369 1919 651 1982 (lerentur,
702 1913 1054 1969 constituere.
1102 1909 1234 1964 Cum
1283 1922 1412 1962 vero
1454 1921 1571 1961 eam
1616 1904 1746 1960 mihi
1785 1917 1968 1959 curam

370 2007 697 2065 demandare
722 2004 1031 2076 placuisset,
1053 2001 1316 2067 viderem,
1367 2014 1434 2054 ne
1481 1999 1608 2069 quid
1656 1996 1822 2052 editio
1855 1997 1969 2052 lucc

367 2099 678 2156 detrimenti
713 2107 967 2167 caperet;
1008 2094 1136 2164 quin
1165 2094 1207 2146 si
1233 2090 1530 2146 anteriores
1584 2102 1775 2144 omnes
1829 2101 1969 2143 novo

366 2193 656 2250 accedente
685 2189 884 2256 studio,
918 2199 1079 2259 atque
1125 2187 1332 2241 iteratis
1361 2185 1504 2240 curis
1527 2181 1838 2253 supergredi
1871 2195 1966 2236 no-

364 2287 449 2343 bis
489 2287 695 2348 liceret,
743 2294 802 2338 ut
831 2281 882 2336 id
931 2294 1265 2351 nequaquam
1320 2277 1852 2346 praetermitteretur;
1897 2273 1965 2328 ad

2081 1066 2210 1123 bere
2239 1084 2422 1139 pergo.
2451 1071 2604 1127 Alter
2633 1087 2698 1128 ex
2724 1075 2826 1129 illis
2853 1091 2990 1146 Opus
3017 1079 3258 1135 continet
3285 1081 3352 1137 de
3393 1083 3678 1142 Trinitate.

2084 1159 2244 1215 Liber
2265 1174 2344 1216 est
2374 1165 2598 1220 maximi
2624 1166 3185 1241 moduli,singularem
3211 1185 3320 1228 tum
3349 1175 3676 1244 litterarum,

2081 1263 2192 1307 tum
2249 1255 2574 1311 membranae
2631 1260 3074 1330 magniﬁcentiam
3129 1272 3446 1336 ostentans,
3513 1269 3681 1340 figura

2079 1346 2361 1415 quadrata,
2393 1348 2509 1403 lmvi
2539 1349 2721 1405 charta
2742 1367 2806 1407 ac
2829 1353 3143 1425 plerumque
3158 1358 3359 1424 subtili,
3377 1369 3681 1418 atramento

2080 1437 2132 1492 in
2151 1438 2342 1493 llavum
2373 1451 2649 1511 vergente,
2676 1446 2940 1514 scriptura
2971 1447 3151 1515 biﬁda,
3177 1463 3336 1522 atque
3367 1469 3394 1506 ιι
3421 1458 3682 1525 temporis

2079 1527 2289 1598 injuriis
2316 1531 2548 1586 intacta:
2575 1534 2685 1590 oris
2709 1536 2815 1592 late
2843 1537 3427 1601 circumalbicantibus.
3455 1545 3681 1619 lntegrae

2079 1625 2284 1694 paginm
2315 1626 2592 1696 exemplar
2619 1629 2789 1686 vides.
3125 1649 3134 1658 '

2149 1739 2346 1795 Eadem
2379 1756 2590 1810 manus,
2625 1743 2758 1800 nihil
2815 1763 3036 1818 prorsus
3077 1751 3144 1806 ab
3188 1751 3290 1806 bac
3323 1755 3677 1826 amplitudine

2075 1839 2130 1886 et
2159 1833 2440 1902 scripturae
2486 1837 2768 1906 majestate
2798 1839 3113 1908 deﬂectens,
3148 1854 3353 1915 perstat
3393 1862 3563 1918 usque
3608 1851 3679 1906 ad

2074 1931 2396 1979 extremum.
2432 1927 2544 1982 Sub
2567 1929 2725 1984 linem
2758 1939 2865 1985 tres
2896 1942 2991 1988 aut
3033 1945 3265 2004 quatuor
3301 1935 3680 1996 desiderantur

2071 2017 2294 2080 charta»,
2329 2031 2655 2089 quapropter
2691 2038 2790 2076 nec
2826 2023 3056 2092 librarii,
3090 2041 3190 2082 nec
3219 2031 3478 2099 temporis
3507 2045 3672 2102 supe-

2073 2115 2186 2161 rest
2213 2116 2336 2162 nota
2360 2125 2374 2173 ;
2401 2111 2493 2165 sed
2518 2113 2706 2182 quinto
2735 2124 2828 2168 aut
2854 2125 3008 2170 sexto
3028 2118 3213 2174 seCulo
3256 2131 3534 2176 exaratum
3576 2139 3673 2178 co-

2071 2197 2244 2255 dicem
2274 2201 2469 2257 indicia
2503 2206 2826 2273 persuadent
2845 2210 3048 2265 omnia.
3074 2212 3426 2282 Antiquitatis
3445 2216 3672 2288 gloriam

2072 2292 2292 2347 minime
2317 2309 2446 2362 ergo
2486 2295 2659 2352 codex
2705 2307 2890 2354 noster
2937 2303 3234 2370 percelebri
3287 2306 3362 2360 illi
3403 2309 3677 2374 concedit.

367 2389 694 2448 postremam
745 2373 1031 2445 prtecipuc,
1063 2386 1181 2440 quae
1227 2385 1256 2422 a
1306 2367 1671 2424 Benedictinis
1709 2365 1956 2420 Maurinm

2069 2383 2158 2452 qui
2188 2383 2239 2437 in
2271 2385 2506 2442 Archivo
2538 2387 2805 2464 Vaticana:
2836 2392 3077 2446 Basilica:
3101 2396 3420 2464 custoditur,
3449 2411 3502 2454 et
3525 2403 3674 2458 velut

364 2468 794 2541 congregationis
834 2463 1110 2520 Monacbis
1149 2462 1426 2517 elaborata
1475 2471 1580 2524 est,
1615 2476 1684 2515 ne
1713 2459 1839 2514 dum
1873 2459 1959 2513 in-

363 2563 713 2634 spiciendam,
743 2559 838 2616 sed
865 2568 1121 2631 quantmn
1154 2557 1351 2627 ingenii
1393 2556 1496 2610 mei
1529 2555 1759 2609 tenuitas
1815 2552 1960 2608 fere-

362 2654 474 2721 bat,
500 2651 875 2710 excutiendam
916 2650 1077 2705 et'lam
1119 2662 1181 2703 ac
1211 2645 1579 2717 pensitandam
1619 2659 1706 2700 me
1735 2643 1958 2699 contuli.

361 2747 742 2802 Verumtamen
787 2743 931 2798 illam
973 2749 1080 2796 tam
1125 2740 1302 2803 docte,
1333 2746 1440 2793 tam
1491 2735 1794 2807 diligenter,
1853 2744 1958 2789 tam

361 2839 600 2896 studiose
629 2835 956 2901 conlectam,
987 2833 1332 2902 numerisque
1368 2829 1618 2884 omnibus
1655 2827 1956 2882 absolutam

360 2931 640 3002 percipere
663 2927 794 2983 mihi
825 2927 973 2982 visus
1001 2939 1144 2989 sum,
1176 2933 1233 2977 nt
1269 2921 1339 2978 ab
1366 2937 1428 2977 ea
1458 2919 1814 2976 recedendum
1859 2918 1960 2974 mi-

363 3023 506 3078 nime
533 3018 908 3083 existimarim,
935 3026 990 3074 et
1020 3017 1212 3088 piaculi
1248 3016 1366 3070 loco
1394 3013 1636 3069 duxerim
1684 3012 1959 3068 intermis-

359 3129 486 3170 cere
524 3112 837 3184 quidquam,
889 3110 1224 3179 laudatzequc
1268 3120 1455 3161 eorum
1493 3104 1761 3160 editorum
1801 3103 1959 3159 indu-

359 3209 507 3266 stria:
590 3205 1096 3278 quomodocumque
1169 3215 1362 3256 manus
1441 3199 1660 3254 inferre.
1756 3201 1958 3252 Auctor

365 3310 650 3374 propterea
688 3297 784 3366 iui,
811 3307 868 3352 ut
897 3295 1142 3351 Parisina
1175 3293 1331 3363 plane
1360 3290 1526 3346 editio
1565 3286 1952 3353 recuderetur;

355 3393 517 3450 simul
541 3402 743 3458 tamen,
775 3388 916 3460 quod
940 3387 1098 3442 unice
1123 3385 1279 3440 nobis
1308 3391 1578 3454 superest,
1605 3380 1856 3453 quicquid
1887 3380 1954 3436 ad

355 3502 475 3542 eam
497 3483 794 3540 ornandam
825 3497 891 3536 ex
915 3493 1045 3535 mss.
1074 3477 1351 3534 codicibus
1379 3477 1576 3532 nostris
1603 3476 1718 3530 erui
1751 3481 1952 3544 posset,

341 3572 1163 3647 gexcerpereturdiligentissime
1184 3580 1344 3640 atque
1368 3570 1421 3624 in
1452 3569 1722 3639 publicum
1752 3567 1951 3623 bonum

352 3671 711 3728 emitteretur.
740 3665 925 3736 Neque
959 3663 1102 3720 enim
1140 3661 1392 3718 assentiri
1423 3659 1669 3731 profecto
1712 3673 1949 3730 possem,

2070 2472 2227 2528 unice
2256 2476 2658 2534 vetustissimus
2688 2481 2754 2535 ad
2782 2480 2921 2537 hanc
2950 2483 3094 2539 diem
3125 2486 3520 2556 deprmdicatus
3545 2503 3627 2548 est
3652 2512 3667 2548 :

2066 2565 2210 2634 quod
2259 2566 2403 2622 enim
2453 2584 2575 2623 eum
2626 2570 2686 2624 P.
2743 2572 3083 2630 Mabillonius
3133 2576 3358 2647 dixerit,
3409 2583 3671 2654 scriptum

2065 2671 2188 2712 esse
2216 2659 2309 2712 sub
2335 2661 2488 2729 ﬁnem
2525 2665 2684 2718 seculi
2718 2669 2888 2734 quarti
2917 2679 3005 2723 aut
3046 2670 3252 2726 ineunte
3298 2675 3502 2741 quinto,
3549 2692 3671 2746 qum

2066 2749 2230 2804 verba
2258 2750 2317 2806 P.
2349 2750 2629 2810 Cutantius
2656 2761 2848 2828 repetit
2874 2761 2924 2815 in
2957 2763 3276 2832 praefatione
3297 2807 3310 2830 ,
3353 2766 3404 2822 id
3435 2783 3586 2825 mero
3611 2782 3673 2826 et

2064 2839 2429 2899 involnntario
2460 2845 2613 2916 lapsu
2639 2849 2769 2905 viris
2798 2851 3127 2908 doctissimis
3172 2857 3446 2914 excidisse
3486 2871 3660 2930 patet,

2060 2945 2181 2988 cum
2212 2935 2278 2990 ad
2309 2951 2510 2992 annum
2541 2939 2809 2996 decimum
2835 2953 2888 2997 et
2909 2947 3398 3017 quingentesimum
3421 2953 3664 3021 ejusdem

2059 3026 2403 3084 collationem
2437 3043 2691 3088 revocent
2721 3051 2734 3087 :
2764 3050 2872 3105 quo
2892 3047 3124 3107 constat,
3169 3042 3260 3095 sub
3310 3045 3466 3113 ﬁnem
3504 3049 3669 3104 seculi

2058 3121 2243 3187 quinti,
2275 3133 2364 3175 aut
2391 3124 2595 3178 ineunte
2617 3135 2759 3178 sexto
2806 3127 2906 3198 (lie
2935 3127 3081 3200 Dipi.
3105 3130 3194 3186 lib.
3248 3149 3302 3200 ν,
3349 3153 3471 3206 pag.
3505 3138 3662 3210 350),

2059 3213 2443 3270 enuntiandum
2473 3214 2658 3272 fuisse.
2687 3217 2881 3297 Verum
2903 3223 3164 3292 suspicari
3189 3240 3276 3280 me
3294 3228 3665 3297 vehementer,

2059 3302 2518 3371 hallucinationis,
2557 3317 2648 3362 aut
2673 3313 2875 3366 erroris
2903 3313 3174 3385 quidpiam
3203 3317 3253 3371 in
3275 3317 3478 3386 judicio
3506 3321 3574 3379 de
3593 3337 3666 3378 eo

2056 3397 2243 3452 codice
2269 3396 2335 3452 ad
2366 3396 2506 3454 hanc
2535 3399 2678 3456 diem
2709 3402 2822 3458 lato
2851 3404 3097 3473 subesse,
3126 3406 3434 3475 aclatitare,
3458 3426 3664 3482 nequa-

2058 3506 2218 3562 quam
2249 3492 2550 3549 diSsimulo.
2588 3494 2847 3560 Quamvis
2875 3499 3018 3552 enim
3055 3515 3087 3554 e
3114 3499 3496 3557 Mabilloniano
3534 3519 3664 3574 spe~

2055 3585 2253 3641 cimine
2279 3585 2472 3640 eximia
2507 3586 2630 3643 libri
2660 3597 2902 3645 vetustas
2935 3601 3212 3662 appareat,
3247 3609 3353 3650 non
3389 3595 3662 3665 ejusmodi

2053 3688 2278 3747 apparet
2307 3689 2506 3746 tamen,
2558 3695 2678 3750 (pne
2721 3682 3014 3737 secundum
3058 3685 3467 3742 observationes
3507 3704 3661 3744 com-

352 3765 488 3820 utin
513 3762 616 3817 hac
653 3760 787 3816 urbe
815 3772 1033 3830 quoque
1078 3772 1195 3811 mos
1224 3754 1551 3826 arriperetur
1578 3767 1764 3808 eorum
1798 3761 1951 3822 typo-

2062 3771 2292 3826 muniter
2328 3770 2596 3828 adhibitae
2643 3788 2810 3844 usque
2839 3790 2903 3829 eo
2942 3779 3187 3832 revocari
3232 3780 3422 3848 possit.
3466 3778 3660 3838 Testes

351 3853 706 3928 grapborum,
745 3852 837 3924 qui
891 3851 1099 3906 lucrum
1125 3851 1442 3919 papyraccis
1482 3846 1749 3902 mercibus
1788 3858 1954 3899 aucu-

354 3948 552 4020 paturi,
574 3947 642 4002 de
669 3953 971 4001 atramento
996 3957 1061 3997 ac
1086 3941 1154 3996 de
1187 3940 1497 3996 chartarum
1520 3938 1771 4008 plaustris
1793 3938 1952 3994 unice

351 4050 483 4098 sunt
509 4039 746 4104 solliciti,
763 4051 987 4108 remque
1012 4035 1284 4091 librariam
1307 4049 1338 4088 e
1374 4033 1621 4088 litteratis
1643 4031 1952 4088 hominibus

352 4135 590 4206 pendere
634 4133 962 4204 ignorantes,
993 4130 1256 4186 editiones
1289 4128 1412 4182 alibi
1444 4126 1611 4182 factas
1653 4125 1801 4180 nullo
1831 4136 1948 4180 sm-

350 4227 443 4281 dio
467 4223 751 4289 recudunt,
784 4222 1014 4279 consilio
1057 4221 1225 4276 nullo.
1257 4220 1293 4275 li
1325 4219 1533 4274 scilicet
1560 4232 1628 4273 ue
1653 4217 1722 4272 de
1755 4217 1950 4286 prmia-

351 4319 585 4374 tiuncula
613 4317 860 4373 addenda
891 4316 1128 4388 cogitant
1154 4313 1392 4383 quidem,
1441 4311 1638 4367 nedum
1691 4309 1948 4365 illustrari

350 4418 508 4473 novis
537 4413 704 4480 curis,
736 4421 893 4482 atque
912 4409 1094 4478 augeri
1136 4416 1377 4463 veterum
1413 4403 1748 4472 Scriptorum
1771 4400 1947 4471 Opera

349 4520 624 4584 satagant;
651 4509 776 4578 quin
804 4520 924 4559 cum
953 4502 1059 4557 duo
1088 4511 1177 4554 aut
1209 4499 1329 4564 tria,
1353 4497 1565 4553 titulum
1599 4495 1944 4560 exhibentes,

349 4607 421 4662 de
440 4618 540 4658 suo
572 4600 810 4671 proferre
837 4595 998 4650 verba
1021 4601 1304 4664 cogantur,
1351 4590 1440 4646 illa
1487 4587 1702 4662 ipsimet
1756 4587 1936 4657 adjun-

349 4706 504 4768 gunt,
531 4703 689 4766 atque
715 4692 918 4747 soloeco
943 4686 1145 4759 aliquo,
1187 4687 1232 4742 si
1266 4687 1378 4742 Deo
1407 4683 1603 4770 placet,
1652 4683 1739 4738 vel
1767 4681 1945 4752 lepida

349 4789 579 4863 quadam
621 4783 908 4843 ridiculave
937 4780 1165 4838 formula
1215 4779 1336 4836 libri
1377 4778 1607 4834 frontem
1654 4775 1946 4845 insigniunt

347 4879 672 4954 quandoque
705 4892 768 4932 ac
798 4875 1152 4944 distinguunt.
1181 4871 1576 4943 Deplorandum
1619 4870 1743 4934 hoc,
1780 4877 1835 4924 et
1867 4867 1946 4921 l'a-

349 4976 458 5031 tale
517 4969 900 5044 propemodum
946 4967 1131 5022 ltalico
1188 4965 1390 5020 nomini
1433 4962 1634 5018 malum
1685 4959 1826 5015 haud
1871 4959 1944 5014 ita

347 5065 591 5141 profecto
615 5063 884 5134 glisceret,
909 5060 1070 5116 modo
1103 5059 1190 5132 qui
1220 5057 1388 5114 libros
1421 5057 1632 5112 delectu
1675 5054 1822 5110 nullo
1843 5095 1859 5120 ,
1889 5062 1946 5110 et

2057 3864 2306 3935 appello,
2347 3865 2674 3936 quicumque
2728 3869 2780 3920 in
2823 3869 3014 3937 priscis
3059 3872 3432 3940 perquirendis
3460 3875 3664 3930 codici-

2056 3955 2178 4023 bus,
2239 3971 2301 4010 ac
2351 3957 2588 4013 terendis
2643 3958 2866 4013 minimc
2916 3960 3328 4030 perfunctoriam
3374 3966 3666 4035 posuerint

2054 4063 2296 4118 operam.
2331 4049 2490 4104 Liber
2518 4050 2782 4120 siquidem
2811 4050 2879 4107 de
2923 4068 3029 4122 quo
3055 4054 3262 4122 agimus
3300 4070 3360 4109 ea
3390 4058 3659 4127 scriptura

2054 4150 2285 4203 constat,
2310 4140 2362 4194 in
2394 4156 2554 4211 quam
2587 4143 2824 4213 sequiori
2871 4159 2984 4197 aevo
3031 4145 3232 4199 sensim
3273 4145 3491 4202 deﬂexit
3547 4151 3658 4206 Ro-

2054 4243 2334 4284 manorum
2369 4233 2614 4299 uncialis,
2643 4235 2761 4288 solo
2799 4233 2841 4288 N
2882 4234 3139 4304 majorem
3181 4250 3244 4292 ac
3275 4239 3505 4307 priscam
3538 4241 3654 4298 for-

2054 4334 2195 4374 mam
2225 4323 2512 4378 retinente.
2544 4323 2642 4379 Illo
2667 4325 2936 4381 scribendi
2957 4341 3158 4396 genere
3187 4329 3338 4385 tnulti
3371 4333 3554 4388 multis
3598 4338 3656 4392 in

2052 4409 2187 4466 locis
2207 4413 2547 4481 reperiuntur
2585 4413 2820 4481 codices,
2861 4432 3086 4485 quorum
3133 4422 3442 4493 quempiam
3488 4439 3653 4482 nemo

2052 4518 2305 4574 umquam
2335 4502 2434 4559 fuit
2466 4504 2554 4575 qui
2590 4506 2642 4560 in
2675 4515 2874 4561 tantatn
2902 4517 3224 4567 vetustatem
3252 4525 3542 4572 assereret.
3577 4521 3652 4576 At

2051 4595 2120 4651 de
2149 4595 2416 4667 adscripta
2442 4598 2648 4667 cpocba
2685 4599 2812 4666 quid
2849 4599 3131 4660 dicemus?
3157 4605 3274 4661 haec
3316 4608 3525 4665 scilicet
3554 4609 3656 4667 ha-

2050 4691 2163 4747 beri
2190 4691 2438 4748 dicuntur
2477 4693 2544 4748 ad
2573 4693 2813 4750 calcem:
2846 4695 3054 4753 Contuli
3096 4699 3151 4754 in
3189 4703 3392 4758 nomine
3443 4703 3656 4763 Domini

2049 4783 2175 4840 Iesu
2217 4786 2407 4842 Christi
2452 4797 2579 4857 aput
2611 4787 2826 4844 Kasulis
2849 4794 3156 4848 constitutus
3185 4811 3320 4850 anno
3367 4800 3653 4868 quartode-

2048 4880 2179 4933 cimo
2209 4878 2556 4933 Trasamundi
2602 4882 2737 4952 regis
2767 4897 2787 4936 :
2825 4898 2946 4952 quae
2981 4885 3200 4955 quidem
3227 4888 3390 4944 verba
3417 4893 3646 4963 inscrip-

2050 4973 2235 5025 tionem
2259 4970 2530 5042 cujusdam
2553 4972 2770 5027 studiosi
2810 4973 3150 5031 Mabillonius
3191 4980 3462 5049 appellat;
3516 4998 3648 5042 vere

2048 5072 2226 5120 autem
2254 5064 2323 5118 ab
2347 5063 2436 5118 illo
2457 5063 2666 5135 adjecta
2693 5077 2838 5132 sunt,
2864 5067 2954 5137 qui
2978 5068 3243 5134 codicem,
3274 5081 3331 5125 ut
3359 5087 3479 5129 mos
3503 5083 3648 5143 erat,

347 5140 535 5216 audito
564 5164 771 5212 tantum
812 5157 1105 5211 Auctorum
1151 5153 1369 5206 nomine
1417 5149 1597 5205 statim
1647 5140 2275 5216 redimunt,Dcontulit
2323 5163 2483 5227 atque
2541 5157 2867 5212 emendavit.
2916 5158 3006 5215 Sic
3059 5159 3129 5215 ad
3184 5161 3388 5218 calcem
3433 5140 3644 5238 Virgilii

349 5251 454 5309 sibi
483 5257 737 5306 caverent
761 5246 1168 5319 aliquantisper,
1217 5258 1318 5298 nec
1350 5243 1492 5314 quod
1545 5240 1853 5298 inconsulto
1891 5248 1948 5296 et

347 5343 598 5414 imperite
649 5341 703 5395 in
735 5341 836 5394 hoc
865 5351 1063 5409 genere
1110 5337 1400 5410 peragitur,
1453 5333 1642 5390 eadem
1689 5333 1946 5390 comitate

347 5437 684 5508 exciperent,
703 5446 767 5487 ac
783 5430 923 5503 quod
947 5429 1185 5484 studiose
1198 5437 1359 5500 atque
1378 5426 1584 5482 utiliter
1611 5425 1944 5482 elaboratur.

419 5528 538 5585 Jam
567 5540 700 5583 vero
720 5539 842 5580 cum
871 5524 982 5580 duo
1007 5522 1272 5594 praecipue
1301 5520 1357 5576 in
1380 5519 1776 5593 Capitularibus
1809 5518 1947 5576 scri-

346 5621 454 5680 niis
482 5621 541 5676 S.
565 5617 758 5674 Hilarii
779 5617 992 5674 codices
1015 5615 1337 5679 habeantur,
1367 5613 1566 5686 quibus
1603 5630 1709 5669 non
1749 5613 1947 5670 multas

345 5713 510 5770 velim
537 5727 604 5769 ex
638 5709 791 5765 istius
807 5707 953 5764 modi
983 5707 1226 5779 reliquiis
1249 5749 1264 5775 ,
1283 5721 1622 5778 quacumque
1645 5705 1862 5762 tandem
1889 5706 1944 5762 in

347 5808 680 5866 Bibliotheca
711 5805 1088 5876 superantibus
1115 5811 1412 5874 anteponas
1429 5841 1443 5856 .
1467 5814 1656 5858 eorum
1696 5799 1942 5871 descrip-

2047 5247 2270 5303 Medicei
2315 5248 2592 5305 adnotavit
2637 5248 2825 5305 Ruﬁus
2862 5249 3204 5320 Apronianus
3242 5270 3257 5308 :
3301 5253 3429 5326 Legi
3470 5265 3517 5310 et
3562 5256 3646 5311 di-

2047 5340 2254 5407 stincxi,
2282 5351 2413 5409 etc.,
2456 5341 2674 5408 deinde,
2723 5342 2980 5398 Distinexi
3018 5347 3324 5415 emendant,
3357 5357 3463 5406 etc.
3505 5349 3646 5407 Cum

2046 5447 2178 5505 ergo
2203 5434 2256 5490 in
2288 5434 2550 5490 Hilariani
2580 5433 2784 5491 codicis
2806 5437 3202 5508 subscriptione
3239 5455 3440 5496 annum
3483 5455 3648 5510 quar-

2049 5525 2429 5585 tumdecimum
2477 5524 2826 5580 Trasamundi
2869 5526 3024 5598 Regis
3056 5528 3246 5600 legerit
3295 5531 3636 5602 llolstenius,

2053 5630 2197 5673 anno
2224 5617 2410 5673 saltem
2439 5616 2642 5673 Christi
2674 5617 2770 5672 DX
2799 5620 3056 5688 scriptum
3088 5620 3254 5677 fuisse
3287 5637 3476 5679 omnes
3511 5627 3643 5683 sub-

2054 5708 2179 5765 inde
2211 5709 2416 5765 assensi
2456 5719 2604 5765 sunt.
2651 5709 2776 5765 Haec
2818 5711 3166 5766 nihilominus
3205 5713 3386 5782 opinio
3415 5717 3642 5775 multum

2052 5803 2350 5861 lnﬁrmetur
2378 5816 2601 5860 necesse
2634 5813 2737 5871 est,
2773 5804 2863 5860 ubi
2906 5791 3394 5864 animadvertamus
3421 5812 3645 5869 verbum
