4044 6350
374 292 443 350 ιιι
1702 279 1793 333 ΜΛ
1806 275 1957 333 FFEI

2088 272 2334 331 lTlOXIS
2368 334 2369 337 η
3597 266 3658 322 Ν

374 406 532 473 illud,
590 410 747 475 prout
800 401 852 455 in
904 396 1197 470 Specimine
1246 401 1683 465 repraesentantur,
1731 406 1830 446 nec
1874 404 1972 460 pro
1998 388 2224 453 Abium
2248 394 2524 455 revocaret
2555 396 2662 438 non
2690 379 2878 447 defuit,
2909 396 3008 435 nec
3037 380 3230 451 Operis
3258 380 3537 451 inscriptio
3570 398 3664 453 ap-

377 494 721 555 Trasamundi
739 533 752 558 ,
781 506 881 549 nec
902 504 999 562 pro
1022 486 1353 545 Trasamund
1371 484 1474 558 legi
1499 498 1655 556 posse
1674 499 1689 549 ;
1713 481 1807 541 ubi
1824 482 1973 540 enim

378 590 466 646 m?
522 588 612 643 ubi
663 602 696 641 a
740 581 978 654 duplex?
1032 579 1118 636 ubi
1165 579 1239 633 ut
1290 590 1479 632 vereor
1529 589 1657 649 ergo
1709 588 1777 633 ne
1827 572 1972 633 aliud

386 679 657 752 quoddam
684 677 755 731 ibi
789 674 962 729 latitet
989 687 1222 737 nomen;
1250 668 1396 725 circa
1424 666 1552 723 illud
1582 680 1731 733 vero,
1763 666 1853 738 qui
1879 679 1972 721 co-

380 771 556 828 dicem
586 784 693 826 non
723 767 968 832 viderim,
993 761 1413 818 divinationibus
1430 774 1613 831 parco.
1641 757 1811 816 Dictio
1838 773 1973 830 quo-

377 878 505 935 que,
534 875 690 933 quam
739 874 836 929 pro
880 855 1113 910 Putzatis
1161 852 1368 922 accepit
1404 849 1747 916 Holstenius,
1782 857 1837 905 et
1875 863 1972 919 pro

377 955 596 1014 Kasulis
637 950 978 1010 Mabillonius
1016 946 1202 1013 habet,
1227 944 1296 1001 de
1321 942 1516 1001 Casula
1567 943 1844 1012 explicans
1871 942 1973 1015 By-

381 1060 595 1103 zacente
617 1041 904 1116 provincia:
930 1038 1169 1105 civitate,
1193 1034 1349 1090 valde
1372 1035 1425 1089 iit
1462 1033 1712 1103 ambiguo
1738 1040 1854 1098 est;
1878 1047 1974 1089 ne-

378 1155 485 1219 que
515 1139 659 1197 enim
688 1136 915 1211 primam
973 1130 1234 1196 litteram,
1282 1136 1341 1183 ut
1395 1127 1466 1185 ibi
1520 1124 1813 1197 efﬁngitur,
1875 1139 1974 1199 pro

378 1218 564 1306 Kappa
603 1229 869 1303 recipient
912 1222 1381 1299 diplomaticorum
1428 1219 1707 1277 hominum
1754 1218 1889 1286 lilii;
1920 1226 1975 1277 et

377 1326 577 1383 mirum
608 1321 773 1378 videri
801 1319 990 1394 possit,
1020 1314 1330 1391 Augustini,
1360 1310 1636 1387 Cypriani,
1660 1309 1974 1367 Tertulliani

379 1418 438 1474 in
472 1415 650 1472 Africa
696 1412 898 1483 scripta
925 1407 1255 1480 exemplaria
1293 1420 1398 1463 non
1429 1403 1636 1471 haberi,
1665 1402 1854 1461 haberi
1881 1418 1976 1458 au-

378 1518 491 1569 tem
513 1508 699 1566 Hilarii
725 1504 1100 1563 Pictaviensis.

450 1599 523 1657 At
551 1600 621 1656 de
649 1598 732 1654 his
761 1596 1016 1669 quidquid
1067 1593 1355 1664 unicuique
1399 1590 1531 1648 libet
1568 1590 1842 1656 credatur,
1876 1604 1976 1646 ne-

380 1710 487 1766 que
512 1696 657 1751 enim
685 1691 975 1764 quidquam
1007 1688 1288 1761 praefracte
1317 1695 1517 1753 statuo,
1543 1700 1720 1759 neque
1740 1685 1885 1741 aliud
1923 1686 1977 1740 in

2074 484 2293 548 pareat,
2321 490 2441 551 qua}
2468 471 2829 533 diversimode
2874 471 3079 543 prolata
3116 479 3220 527 est.
3264 469 3448 529 Utrum
3482 472 3662 529 itidem

2074 558 2224 626 libris
2255 582 2334 625 xu
2373 566 2477 622 ille
2493 565 2565 622 de
2607 564 2711 620 iide
2764 564 3116 623 Orientalium
3157 563 3569 639 adjungeretur,
3600 582 3666 624 ex

2074 677 2180 732 quo
2203 660 2582 716 Cassiodorius
2604 659 2845 714 tredecim
2866 659 3023 713 libros
3044 657 3175 713 beati
3199 657 3393 713 Hilarii
3411 659 3475 713 de
3494 671 3667 718 sancta

2074 752 2324 811 Triuitale
2349 752 2703 819 memoravit,
2735 766 2800 807 ex
2843 750 2941 806 Ms.
2973 749 3303 805 ntutilatione
3342 751 3664 822 ignoramus.

2075 843 2223 900 Libri
2248 846 2299 899 in
2331 844 2505 915 capita
2525 843 2775 899 videntur
2794 841 2979 909 dividi,
3003 844 3100 897 sed
3123 842 3412 897 admodum
3442 845 3667 913 prolixa.

2076 936 2207 1006 Quae
2235 934 2533 993 aiieruntur
2561 935 2909 991 auctoritates
2950 934 3198 990 versibus
3221 934 3541 995 arctiortbus
3586 936 3670 992 in-

2077 1030 2369 1104 digitantur
2396 1048 2409 1086 :
2439 1030 2599 1084 verba
2621 1027 2664 1083 si
2693 1042 2810 1099 qua:
2834 1027 3046 1085 inerant
3070 1025 3291 1095 omissa,
3315 1027 3522 1083 minuto
3547 1026 3674 1083 cha-

2079 1133 2285 1183 ractere
2312 1123 2660 1196 superaddita
2681 1122 2947 1189 visuntur,
2970 1129 3027 1179 at
3048 1119 3289 1192 ejusdem
3317 1121 3511 1198 ubique
3542 1119 3675 1195 ligu-

2081 1231 2157 1274 ιω
2183 1231 2247 1273 ac
2276 1215 2498 1287 majoris
2521 1213 2730 1270 formae.

2149 1307 2283 1369 Cum
2312 1306 2496 1365 multis
2535 1305 2733 1365 abhinc
2759 1303 2914 1362 annis
2944 1302 3151 1380 (neque
3180 1300 3324 1365 enim
3378 1304 3678 1383 ἔχθεσινός,

2079 1410 2173 1459 aut
2202 1403 2405 1461 hornus
2434 1401 2521 1457 hic
2545 1399 2698 1457 labor
2722 1397 2826 1475 est)
2849 1399 2899 1454 in
2930 1398 3070 1455 hunc
3094 1397 3411 1471 praeclarum
3434 1399 3677 1455 codicem

2078 1493 2256 1567 primo
2280 1492 2591 1553 incidissem
2611 1532 2627 1563 ,
2654 1491 2856 1564 impetu
2881 1488 3113 1565 quodam
3143 1487 3210 1544 ad
3244 1489 3587 1546 decantatum
3615 1489 3681 1545 li—

2080 1585 2164 1643 bri
2206 1585 2464 1653 secundi,
2495 1584 2670 1656 capite
2718 1584 2771 1639 in
2817 1594 3089 1657 postrema
3135 1581 3375 1639 editione
3420 1582 3681 1657 vigesimo

2082 1677 2313 1752 septimo
2331 1718 2348 1747 ,
2378 1674 2771 1750 inspiciendum
2812 1675 2991 1731 locum
3022 1688 3109 1730 me
3135 1674 3338 1735 contuli
3368 1691 3381 1729 :
3410 1688 3479 1731 ex
3509 1689 3574 1731 eo
3604 1676 3682 1731 si-

378 1788 671 1861 praesentia
700 1784 769 1841 ad
798 1799 909 1840 rem
939 1783 1172 1855 pertinet
1196 1789 1456 1849 nostram,
1480 1781 1584 1836 nisi
1606 1790 1665 1839 ut
1693 1796 1759 1836 ex
1780 1779 1978 1836 utrius-
2008 1786 2057 1847 Β
2084 1773 2299 1847 quidem
2324 1769 2603 1827 acerrima:
2627 1784 2749 1826 cum
2771 1777 2960 1825 octavo
2984 1783 3049 1826 ac
3080 1783 3222 1825 nono
3252 1769 3435 1825 seculo
3457 1778 3685 1825 conten-

379 1899 486 1955 que
514 1880 825 1956 speciminis
854 1878 1144 1934 collatione
1180 1874 1459 1932 vetustatis
1501 1875 1659 1933 laude
1703 1873 1982 1931 Veronen-

377 1991 492 2032 sctn
515 1973 757 2030 codicem
788 1968 1195 2027 anteferendum
1223 1982 1367 2032 esse,
1408 1956 1597 2023 doctus
1624 1966 1795 2022 lector
1815 1982 1982 2038 agno-

380 2078 516 2124 scat.
550 2064 704 2137 Quod
729 2065 773 2120 si
796 2073 1061 2120 vetustate
1088 2075 1423 2137 nequaquam
1453 2060 1809 2132 praecelleret,
1848 2062 1983 2119 satis

381 2157 647 2232 praecellit
673 2154 1049 2213 emendatione
1099 2168 1164 2210 ac
1209 2152 1351 2221 (ide;
1397 2152 1593 2208 menda
1618 2153 1888 2224 siquidem
1927 2153 1980 2207 in

382 2251 647 2307 Vaticano
673 2247 950 2307 abundare
985 2246 1194 2302 monuit
1223 2246 1530 2315 Cutantius,
1553 2261 1677 2302 cum
1718 2247 1771 2301 in
1812 2245 1984 2302 Vero-

383 2343 545 2401 nensi
570 2358 791 2415 perraro
819 2350 1125 2409 occurrant,
1157 2339 1230 2397 ita
1262 2348 1320 2395 ut
1342 2340 1785 2413 paragrammatis
1804 2339 1985 2397 minus

383 2437 781 2495 contaminatos
813 2432 1024 2491 codices
1062 2448 1261 2505 paucos
1299 2431 1545 2489 viderim.
1594 2433 1794 2489 Priscae
1819 2431 1983 2489 etiam

384 2528 785 2603 orthographia:
805 2528 1213 2585 commendatur
1228 2542 1327 2584 usu
1346 2542 1363 2594 ;
1388 2536 1673 2600 propterea
1689 2523 1780 2582 ubi
1801 2539 1982 2581 exem-

384 2624 460 2696 pli
481 2622 648 2696 gratia
674 2624 727 2678 in
754 2622 915 2678 editis
930 2622 1227 2696 attingimus
1250 2619 1433 2694 (hujus
1454 2620 1707 2676 editionis
1725 2618 1833 2676 col.
1862 2617 1981 2691 54),

384 2721 441 2778 itt
469 2736 572 2777 ms.
604 2728 689 2776 est
713 2717 1060 2794 adtingimus;
1093 2717 1180 2773 ubi
1207 2730 1259 2772 c.
1291 2713 1423 2782 225,
1456 2724 1512 2769 ιιι
1543 2714 1595 2770 id
1623 2712 1688 2769 de
1732 2730 1832 2785 quo
1871 2713 1985 2784 agi-

382 2822 469 2868 tur
504 2822 841 2884 assequatur;
868 2813 922 2867 in
953 2828 1058 2869 tus.
1080 2810 1426 2881 adsequamur
1457 2825 1476 2863 :
1506 2807 1701 2879 quibus
1738 2806 1987 2863 lectioni-

383 2910 489 2968 bus
507 2922 700 2967 sensus
729 2921 943 2979 quoque
971 2902 1294 2964 restituitur.
1322 2901 1485 2958 Plura
1513 2901 1565 2955 in
1599 2901 1865 2956 Auctores
1890 2915 1986 2955 vc-

384 3012 532 3059 teres
555 3003 760 3057 invecta
804 3008 928 3055 sunt
952 2999 1260 3071 aenigmata,
1290 2993 1433 3065 quod
1466 2992 1667 3048 librarii
1709 2991 1983 3065 vulgarent

386 3092 776 3167 pronuntiandi
802 3090 1083 3148 mollitiem
1114 3094 1425 3160 sequentes,
1470 3100 1501 3140 a
1527 3092 1673 3140 recta
1702 3083 1805 3141 hac
1844 3085 1983 3166 scri-
2030 3144 2035 3147 ,

2088 1868 2282 1934 tiones,
2301 1878 2412 1923 tum
2435 1879 2501 1921 eo
2522 1865 2753 1923 maxime
2775 1872 3017 1937 tempore
3040 1864 3247 1921 iteratae
3277 1863 3420 1920 inter
3445 1863 3685 1921 eruditos

2085 1962 2232 2019 viros
2272 1960 2553 2019 fervebant
2595 1955 3032 2033 disceptationes.
3088 1954 3388 2015 Censebam
3434 1958 3687 2033 equidem

2085 2069 2209 2113 eam
2234 2052 2614 2112 controversia:
2644 2058 2873 2125 partem,
2902 2064 3021 2123 qua:
3051 2065 3119 2105 ex
3142 2049 3381 2127 antiquis
3405 2050 3688 2109 codicibus

2087 2145 2443 2219 pendet,_boc
2466 2144 2807 2221 potissimum
2836 2160 2999 2225 supra
3025 2153 3252 2205 caeteros
3280 2146 3500 2219 antiquo
3526 2155 3692 2225 atque

2085 2240 2286 2297 eximio
2314 2237 2499 2295 codice
2516 2237 2840 2311 diremptum
2860 2238 2954 2295 iri:
2977 2237 3072 2299 sed
3094 2239 3311 2311 mirum,
3344 2241 3397 2296 in
3421 2238 3525 2297 hoc
3549 2257 3690 2313 quo.

2085 2347 2193 2405 que
2210 2329 2355 2407 quod
2380 2345 2480 2389 nos
2499 2331 2758 2403 ancipites
2778 2330 2954 2387 adhuc
2973 2330 3262 2403 relinquat,
3282 2347 3367 2389 me
3391 2332 3689 2409 deprehen-

2089 2422 2260 2480 disse.
2281 2421 2608 2495 Quaestionis
2636 2433 2799 2497 caput
2831 2435 2933 2494 εει,
2966 2435 3144 2485 utrum
3188 2427 3243 2485 in
3295 2425 3405 2487 line
3446 2427 3695 2501 praedicti

2084 2517 2277 2590 capitis
2312 2516 2595 2590 legendum
2633 2517 2740 2584 sit,
2772 2517 2893 2575 dum
2920 2520 3093 2574 carnis
3121 2520 3383 2579 humilitas
3408 2519 3694 2597 adoretur,

2085 2624 2154 2666 an
2184 2624 2334 2679 vero,
2357 2609 2482 2667 dum
2508 2611 2680 2669 carnis
2709 2610 2975 2671 humilitas
2998 2611 3307 2683 adaptatttr;
3327 2628 3557 2687 cumque
3582 2613 3694 2673 disv

2086 2718 2312 2779 crepent
2338 2724 2408 2767 eo
2436 2710 2555 2766 loco
2580 2726 2688 2769 non
2713 2711 2899 2773 excusi
2921 2721 3127 2773 tantum
3146 2754 3164 2783 ,
3191 2714 3288 2775 sed
3315 2725 3371 2773 et
3410 2715 3599 2788 scripti
3629 2716 3699 2783 liv

2091 2801 2174 2859 bri
2200 2842 2216 2869 ,
2250 2811 2367 2858 utra
2398 2801 2730 2871 praeferenda
2756 2805 2828 2863 sit
2856 2804 3052 2874 lectio,
3081 2814 3200 2867 utra
3230 2808 3300 2867 ab
3324 2818 3546 2869 auctore
3575 2808 3699 2883 ipso

2088 2892 2394 2951 deﬂuxerit.
2443 2895 2502 2953 ιιι
2551 2896 2767 2968 quidem
2826 2906 2904 2955 tot
2961 2900 3454 2965 concertationibus
3492 2917 3702 2975 nequa.

2087 3001 2248 3057 quam
2282 2986 2688 3058 disquirendum
2734 3000 3026 3058 erat,oum
3074 2992 3145 3051 ab
3182 3004 3408 3065 utraque
3462 2995 3700 3059 lectione

2088 3095 2283 3139 sensus
2326 3081 2460 3141 iluat
2494 3083 2827 3143 orthodoxae
2861 3106 2874 3145 :
2904 3096 3049 3158 patet
3084 3089 3230 3153 enim
3261 3089 3482 3153 verbum
3531 3091 3701 3163 adep—

389 3187 553 3245 bcndi
582 3201 768 3243 norma
798 3182 1138 3241 deﬂexerint.
1170 3180 1302 3251 Quis
1331 3178 1586 3252 explicet,
1612 3178 1846 3253 exempli
1869 3193 1991 3251 gra-
2014 3171 2064 3236 C
2097 3181 2237 3229 tatur
2273 3174 2342 3230 de
2388 3174 2721 3237 humanitate
2764 3179 3168 3250 intelligendum
3209 3196 3331 3244 esse
3354 3198 3385 3247 ιι
3416 3183 3555 3247 Filio
3598 3185 3701 3243 ad.

390 3280 489 3350 tia,
519 3279 723 3337 Horatii
753 3291 966 3335 versum
997 3275 1172 3342 illum,
1203 3280 1265 3331 ut
1291 3271 1650 3331 communiter
1682 3271 1918 3347 legitur?

482 3415 600 3470 Cum
623 3411 902 3465 ridentibus
918 3409 1154 3468 arrident,
1180 3418 1290 3457 cum
1314 3404 1549 3457 ﬂentibus
1588 3404 1782 3455 adsunt.

388 3549 460 3611 At
489 3547 574 3605 cui
604 3554 815 3604 constet
849 3543 1131 3617 scripsisse
1156 3539 1377 3598 Poetam
1410 3541 1685 3610 adrident,
1738 3539 1992 3611 intelligit

386 3645 592 3710 statim,
621 3636 954 3711 respondens
982 3636 1204 3693 verbum
1230 3652 1353 3693 esse
1382 3636 1599 3707 adﬂent,
1624 3652 1731 3711 quo
1752 3639 1991 3713 reposito

386 3735 591 3808 optime
616 3731 861 3805 procedit
881 3729 1168 3787 sententia.
1191 3727 1367 3785 Nolim
1393 3737 1570 3784 tamen
1596 3738 1849 3801 urgeatur
1874 3727 1992 3785 haec

384 3826 573 3901 regula
621 3836 1034 3896 usquequaque,
1063 3819 1135 3877 ita
1177 3829 1235 3876 ut
1272 3819 1435 3876 etiam
1479 3819 1711 3875 exsilium
1750 3820 1993 3881 scribere

386 3928 705 3985 teneamur,
731 3915 977 3988 quamvis
1006 3911 1324 3986 quibusdam
1352 3928 1383 3968 e
1411 3913 1684 3971 veteribus
1710 3912 1992 3969 Gramma-

386 4012 512 4069 ticis
540 4007 894 4067 edicentibus.
925 4005 1002 4060 lta
1037 4004 1253 4072 quidem
1296 4004 1350 4058 in
1397 4013 1668 4075 postrema
1710 4004 1771 4060 S.
1800 4002 1990 4061 Hilarii

387 4103 628 4161 editione
664 4099 865 4156 iactum
909 4106 1013 4167 est,
1046 4094 1199 4153 libris
1229 4104 1406 4150 tamen
1449 4093 1648 4151 nostris
1675 4092 1991 4161 vetustissi-

387 4196 493 4263 mis
546 4193 767 4251 minime
810 4188 1250 4262 suifragantibus.
1302 4185 1672 4245 Archaistnum
1736 4188 1875 4258 sapit
1932 4188 1990 4247 in

330 4276 341 4283 ’
386 4288 574 4347 codice
605 4274 812 4343 nostro
876 4284 1183 4338 thensaurus
1237 4295 1450 4353 quoque
1497 4295 1605 4337 non
1665 4296 1768 4339 una
1834 4281 1987 4350 vice;

386 4390 449 4438 ut
483 4380 538 4436 in
565 4375 805 4448 compari
826 4374 936 4430 alio
957 4389 1082 4431 mox
1109 4372 1414 4431 enarrando
1452 4382 1711 4432 tractatus
1748 4372 1803 4433 in
1830 4373 1986 4431 Psal-

384 4488 508 4531 mos
534 4469 949 4540 complectente,
981 4469 1247 4539 formonsa
1273 4481 1424 4533 sum;
1452 4479 1575 4520 nam
1606 4474 1661 4522 et
1689 4465 1742 4521 in
1765 4464 1987 4538 Virgilio

2096 3277 2310 3336 sumpta
2327 3307 2342 3333 ,
2364 3283 2475 3327 non
2503 3284 2533 3327 a
2555 3268 2713 3327 Patre
2725 3269 2996 3341 adoptata.
3023 3271 3270 3337 Historiae
3313 3287 3490 3337 tamen
3522 3278 3701 3337 inter.

2093 3365 2235 3424 erat,
2265 3368 2324 3415 ut
2351 3360 2621 3431 precipue
2645 3361 2789 3434 quod
2816 3363 2882 3421 ad
2911 3363 3148 3428 Felicem
3174 3362 3542 3438 Orgelitattum
3571 3367 3702 3440 E959

2094 3468 2318 3525 scepum
2342 3462 2571 3525 spectat,
2600 3453 2724 3513 iacti
2746 3456 2946 3515 veritas
2971 3456 3344 3529 detegeretur:
3375 3460 3498 3521 huic
3522 3477 3698 3534 expow
3718 3521 3736 3525 -

2094 3547 2273 3607 uendo
2302 3546 2651 3618 supersedeo,
2673 3562 2798 3605 cum
2824 3548 2956 3611 satis
2985 3549 3310 3619 innotescat,
3331 3562 3387 3613 et
3405 3568 3435 3608 a
3457 3557 3698 3619 recenti.

2094 3638 2193 3699 bus
2238 3639 2609 3709 Scriptoribus
2653 3636 2771 3699 fuse
2821 3649 2983 3711 atque
3031 3640 3305 3712 eleganter
3359 3656 3697 3716 proponatur

2093 3731 2541 3802 disoutiaturque.
2565 3731 2675 3803 Ego
2699 3731 2825 3803 quid
2847 3732 3014 3795 codex
3042 3743 3227 3797 noster
3253 3734 3390 3801 lerat
3417 3737 3554 3801 bona
3588 3741 3699 3805 lida

2093 3823 2383 3883 exhibebo.

2165 3916 2404 3975 Primum
2445 3918 2606 3989 igitur
2635 3934 2732 3990 pro
2758 3929 3039 3991 comperto
3066 3920 3325 3985 habeatur
3354 3923 3407 3987 in
3428 3924 3530 3989 hoc
3553 3926 3698 3991 libro

2094 4025 2376 4071 mortuus
2415 4012 2672 4081 scriptum
2711 4027 2867 4083 esse,
2916 4013 3061 4069 nullo
3101 4014 3403 4079 abrasionis
3442 4020 3697 4089 Vesuuio.

2092 4102 2240 4161 nulla
2282 4103 2770 4174 superinductionis
2802 4105 3110 4176 suapicione
3139 4118 3232 4171 :at
3268 4123 3391 4167 cum
3423 4121 3544 4179 post
3570 4128 3697 4179 eam

2093 4196 2384 4257 dictionem
2414 4212 2444 4251 a
2484 4197 2659 4268 capite
2688 4206 2992 4255 resumatur
3018 4214 3206 4261 versus
3230 4241 3245 4266 ,
3272 4202 3326 4258 in
3355 4217 3521 4266 vacuo
3546 4207 3698 4276 quod

2091 4297 2338 4347 remanet
2377 4290 2576 4359 spatio,
2626 4289 2743 4349 sive
2786 4290 2998 4360 eadem,
3039 4292 3157 4355 sive
3202 4294 3359 4363 paulo
3406 4299 3696 4367 posteriori

2090 4396 2273 4449 manu,
2296 4394 2612 4445 wor'rrrun
2639 4381 2905 4455 adjectum
2933 4382 3119 4445 fuisse.
3149 4384 3322 4449 Priori
3350 4387 3516 4449 verbo
3543 4389 3697 4449 nulla

2090 4474 2309 4547 quidem
2336 4474 2569 4546 irrogata
2594 4486 2676 4537 est
2694 4476 3041 4546 contumelia,
3065 4478 3159 4541 sed
3189 4479 3401 4543 lineolis
3428 4495 3700 4557 superpo~

384 4563 623 4623 Mediceo
635 4559 684 4615 F
686 4574 976 4644 ormonsum
988 4557 1176 4613 Pastor
1189 4557 1617 4614 animadvertere
1638 4557 1877 4615 memini.
1893 4559 1990 4615 Mi-
2012 4551 2072 4613 D
2094 4566 2235 4635 sitis,
2257 4576 2418 4637 atque
2439 4565 2488 4627 Β
2515 4567 2569 4627 in
2599 4568 2861 4638 superiori
2892 4570 3132 4640 tttargilte
3159 4569 3454 4644 adscripw.
3480 4551 3696 4637 didii”-

384 4672 507 4714 rnm
535 4663 617 4711 est
642 4666 801 4725 quam
825 4648 892 4704 ad
909 4642 1284 4705 deformandas
1310 4647 1547 4721 cujusvis
1578 4646 1774 4721 lingua:
1799 4648 1991 4706 dictio-

382 4764 483 4807 nes
495 4756 755 4820 perpetuo
765 4757 1113 4814 propensum,
1128 4742 1182 4798 in
1203 4750 1502 4814 pugnantes
1514 4738 1740 4799 invicem
1758 4755 1988 4814 corrup-

385 4843 564 4898 tiones
591 4841 794 4896 feratur
816 4837 1041 4910 vulgus;
1071 4850 1193 4891 nam
1218 4836 1367 4907 quin
1391 4850 1677 4908 perperam
1701 4834 1982 4893 intruden-

383 4949 469 4996 tes
499 4938 829 4994 thensaurum
860 4942 915 4990 et
940 4936 1259 5006 formonsum
1286 4930 1657 5003 enuntiabant,
1688 4930 1849 4990 iidem
1880 4931 1985 4988 alia

384 5029 670 5087 eil‘erentes
697 5027 891 5094 verba,
935 5040 1055 5083 eam
1082 5024 1318 5080 litteram
1356 5022 1547 5095 injuria
1594 5024 1980 5091 extrudebant;

384 5120 686 5194 cuiusmodi
739 5117 1056 5177 elocutionis
1107 5114 1330 5189 vestigia
1396 5115 1450 5170 in
1510 5111 1825 5191 Vespasiani
1881 5132 1983 5177 nu-

384 5217 635 5272 mismate
697 5208 1189 5268 animadvertebam
1247 5221 1448 5279 nuper,
1494 5206 1662 5266 Roma
1722 5207 1980 5285 Resurges

382 5312 706 5382 prmierente
732 5322 833 5389 pro
857 5307 1148 5377 Resurgens
1173 5318 1196 5361 :
1219 5302 1343 5377 quin
1387 5303 1588 5377 freques
1616 5317 1713 5372 pro
1739 5306 1978 5375 frequens

382 5410 437 5459 et
458 5403 561 5459 alia
590 5400 644 5457 id
668 5413 840 5473 genus
858 5413 967 5454 non
986 5398 1041 5453 in
1061 5395 1190 5454 Mss.
1217 5402 1444 5466 tantum,
1475 5393 1572 5453 sed
1595 5402 1651 5453 et
1676 5393 1728 5451 in
1757 5396 1977 5466 quibus-

381 5495 465 5551 vis
511 5490 872 5550 monumentis
906 5503 1149 5562 persaepe
1200 5494 1508 5547 occurrunt.
1559 5486 1627 5541 At
1684 5485 1976 5547 dolendum

384 5599 725 5656 summopere
793 5581 1020 5654 primam
1082 5595 1236 5653 aque
1296 5594 1359 5636 ac
1426 5586 1753 5651 postremam
1819 5579 1981 5636 char-

390 5684 497 5730 tam
543 5676 684 5731 malo
735 5672 966 5745 quodam
1011 5669 1122 5728 into
1161 5686 1193 5725 a
1236 5669 1423 5727 codice
1474 5679 1664 5727 nostro
1712 5668 1979 5727 abscissae

384 5763 582 5837 fuisse;
623 5764 695 5827 ita
739 5774 799 5825 ut
836 5778 938 5825 nec
978 5762 1226 5832 Auctoris
1255 5779 1485 5839 nomen,
1512 5764 1656 5846 quod
1684 5763 1776 5843 Qui
1798 5767 1855 5825 iu
1880 5762 1981 5825 du-

2095 4670 2181 4719 tur
2199 4662 2268 4721 de
2287 4676 2460 4731 more,
2484 4660 2749 4732 adjectani
2769 4660 3059 4719 dictionem
3080 4675 3338 4725 anteriori
3360 4667 3701 4731 substituent.

2091 4753 2215 4813 dam
2244 4768 2368 4815 esse
2384 4796 2402 4823 .
2428 4754 2481 4815 in
2509 4754 2631 4815 aliis
2661 4765 2837 4815 tamen
2862 4754 3135 4815 codicibus
3160 4759 3360 4819 certius
3383 4758 3559 4817 adhuc
3582 4770 3698 4819 tes-

2089 4847 2370 4905 timonium
2419 4845 2825 4918 requirendum.
2869 4846 2927 4903 Id
2968 4848 3020 4911 in
3071 4849 3173 4905 hoc
3223 4849 3399 4917 libro,
3435 4863 3492 4908 ut
3530 4863 3578 4909 el
3633 4855 3693 4917 in

2087 4938 2228 5006 aliis,
2255 4939 2323 4999 ad
2345 4939 2504 4999 dubia
2541 4939 2660 4997 loca
2683 4954 2858 5011 graece
2883 4939 3044 5003 etiam
3073 4940 3396 5014 quandoque
3422 4944 3691 5018 innuitur,

2086 5044 2185 5101 pro
2210 5030 2258 5089 Β
2286 5032 2519 5102 require,
2549 5029 2589 5088 Z
2623 5030 2901 5103 adposito,
2944 5032 3048 5091 hoc
3092 5043 3195 5100 eet,
3224 5037 3384 5100 ζήτει.
3417 5033 3475 5097 1η
3519 5038 3695 5103 verbo

2083 5123 2360 5194 adoptatur
2383 5120 2574 5183 eadem
2595 5121 2897 5183 litterarum
2922 5123 3111 5195 figura,
3132 5123 3274 5181 idem
3299 5141 3523 5199 prorsus
3540 5138 3694 5187 atra.

2082 5215 2250 5273 menti
2279 5214 2459 5282 color;
2490 5225 2544 5269 at
2570 5215 2676 5275 levi
2698 5215 2914 5279 cultello
2948 5214 3117 5277 luisse
3152 5216 3280 5277 olim
3306 5229 3564 5291 apparet,
3594 5222 3694 5297 qui

2082 5306 2310 5375 litteras,
2329 5316 2385 5367 et
2411 5308 2784 5379 superpositas
2808 5308 3035 5371 lineales
3060 5308 3331 5371 abducere
3361 5316 3598 5383 tentarit,
3623 5329 3695 5375 ac

2084 5398 2290 5455 delere.
2314 5397 2445 5468 Qua:
2470 5400 2690 5471 quidem
2733 5402 2917 5463 omnia
2956 5401 3011 5459 in
3062 5402 3161 5465 itas
3206 5404 3549 5475 conjecturas
3595 5422 3696 5468 me

2084 5488 2421 5560 pertrahunt.
2440 5488 2684 5562 Liquido
2730 5492 3004 5566 primum,
3045 5492 3301 5570 nullaque
3345 5493 3695 5557 haesitatione

2086 5580 2326 5641 exaravit
2354 5581 2603 5641 librarius
2629 5581 2875 5641 adoretur
2890 5600 2911 5653 ;
2940 5593 2997 5639 at
3024 5584 3139 5641 sive
3165 5585 3234 5645 ab
3264 5587 3381 5664 ipso
3402 5585 3504 5647 alia
3530 5598 3692 5657 post-

2087 5675 2306 5735 modum
2334 5676 2660 5749 exemplaria
2688 5678 3024 5748 inspiciente,
3056 5679 3173 5739 sive
3198 5680 3270 5739 ab
3290 5679 3405 5741 alio
3429 5683 3693 5755 quopiam

2085 5781 2361 5854 adoptatur
2388 5778 2628 5843 additum
2643 5787 2731 5843 est
2749 5818 2766 5851 ,
2787 5787 2845 5841 et
2866 5778 3031 5852 sitnul
3054 5787 3114 5844 ut
3128 5779 3377 5856 adoretur
3402 5789 3692 5855 strange.
