4044 6350
311 296 357 353 v
1739 293 2134 354 PBEFATIO.
3562 309 3634 368 νι

315 422 468 513 retur
505 415 811 513 monitum.
842 416 993 513 alter
1032 413 1226 472 exinde
1261 413 1496 513 accessit
1515 454 1530 481 ,
1559 413 1646 470 cui
1685 411 1920 513 secunda
1950 411 2001 474 Α
2026 441 2256 500 cenem,
2278 432 2519 507 {acieque
2543 438 2658 509 ipsa
2685 454 2753 494 ac
2793 451 3090 512 ωηερθαυ
3117 441 3342 513 αλονε.
3387 453 3635 504 “tum-

319 507 480 566 lectio
522 523 633 564 non
667 508 1026 579 probabatur;
1058 515 1342 578 propterea
1387 505 1610 563 verbum
1647 505 1923 577 adoptatur

320 609 548 657 conatus
576 609 664 657 est
684 601 919 666 auferre,
950 598 1248 654 abrasionis
1277 597 1554 654 nubeculis
1580 597 1631 652 id
1659 597 1788 654 satis
1817 608 1923 652 tes-

323 693 580 749 tantibus.
613 693 804 762 Colligi
830 693 953 747 hinc
979 699 1189 763 potest,
1220 689 1449 746 libenter
1482 687 1695 760 quidem
1732 689 1921 743 adora-

324 793 406 840 tur
437 785 636 840 lectum
667 785 794 839 olim
825 783 1011 852 fuisse,
1042 783 1108 838 de
1137 797 1198 838 ea
1232 793 1408 837 tamen
1439 780 1666 836 lectione
1693 780 1925 850 antiqui-

326 888 408 935 tus
430 894 667 950 quoque,
699 888 756 934 et
776 878 944 934 multo
972 886 1096 933 ante
1125 875 1358 932 Felicem
1380 873 1746 946 Orgelitanum
1771 874 1924 931 dubi-

327 982 494 1028 tatum
543 987 685 1028 esse.
715 970 898 1042 Neque
941 971 1082 1026 hunc
1111 970 1352 1026 codicem
1378 985 1543 1026 unum
1569 984 1634 1024 ex
1674 969 1738 1024 iis
1765 981 1885 1024 esse
1901 1007 1920 1036 ,

326 1064 520 1133 quibus
551 1063 722 1130 Felix,
745 1064 828 1119 vel
856 1064 972 1135 ejus
1003 1063 1238 1119 fautores
1259 1077 1449 1118 manus
1480 1062 1784 1134 injecerint,
1807 1076 1924 1117 sus-

327 1157 491 1226 picari
529 1169 816 1226 possumus
835 1196 850 1222 ,
881 1170 1000 1211 cum
1025 1157 1274 1210 adoratur
1303 1156 1522 1211 minime
1550 1155 1801 1211 abrasum
1832 1153 1922 1208 sit.

327 1250 464 1305 l‘linc
483 1256 539 1304 et
566 1249 616 1304 in
642 1248 901 1305 Vaticano
921 1248 1130 1314 codice,
1158 1257 1213 1303 ut
1241 1247 1420 1316 audio,
1441 1257 1787 1302 controversa
1815 1245 1923 1302 dic-

329 1341 402 1397 tio
431 1341 722 1396 asecundo
748 1341 956 1396 calamo
984 1341 1409 1396 immutationem
1437 1349 1518 1396 est
1549 1355 1726 1412 passa.
1755 1340 1831 1394 Ex
1859 1352 1926 1394 eo

326 1433 890 1503 accidit'utgadoratur
925 1431 1148 1505 legerint
1177 1431 1497 1489 Hiucmarus
1546 1442 1704 1504 atque
1745 1430 1927 1487 Διοιιί-

328 1540 452 1590 nus,
481 1524 762 1597 adoptatur
783 1539 911 1582 vero
933 1523 1246 1596 Agobardus
1272 1523 1677 1594 Lugdunensis;
1703 1523 1790 1596 qui
1825 1521 1927 1578 Fe-

323 1619 484 1676 licem
539 1618 854 1684 coufutans,
903 1627 1065 1689 atque
1129 1617 1304 1672 omnia
1359 1633 1478 1686 qua:
1540 1625 1928 1688 praecesserant

328 1712 499 1783 probe
517 1712 741 1778 callens,
772 1711 840 1766 ab
871 1711 1019 1766 omni
1060 1693 1246 1766 fraude
1273 1710 1371 1766 sibi
1398 1710 1527 1766 satis
1561 1709 1767 1766 cavisse
1809 1724 1926 1766 cre-

2029 521 2097 578 tis
2122 534 2459 594 aucupentur
2486 527 2670 585 tidem.
2692 530 2750 585 S.
2778 530 2964 588 Hilarii
2995 531 3276 590 Tractatus
3303 533 3355 590 in
3379 533 3634 595 Psalmos

2027 617 2406 686 complectitur
2439 661 2454 685 ,
2513 637 2742 692 quorum
2807 640 2928 679 rara
2989 625 3282 684 admodum
3329 641 3638 694 occurrunt

2025 711 2225 782 scripta
2251 714 2603 784 exemplaria.
2639 715 2764 772 illos
2785 715 2837 772 in
2857 734 2932 782 rx,
2960 734 3056 774 xm
3077 728 3236 778 etxct
3261 721 3316 776 in
3341 736 3446 778 ms.
3479 723 3637 784 Vati-

2027 817 2164 858 cano
2186 805 2342 860 unice
2366 804 2434 861 ad
2458 806 2595 860 hanc
2626 807 2768 863 diem
2793 816 3039 878 repertos
3061 812 3378 882 comprobat
3404 825 3628 885 noster,

2027 894 2118 964 qui
2147 894 2350 964 pariter
2378 907 2642 952 recenset.
2676 896 2819 954 Libri
2855 898 3029 956 forma
3060 900 3233 957 media
3263 911 3320 958 et
3372 903 3633 975 oblonga,

2030 1002 2100 1043 ne
2126 986 2384 1056 quadrata
2412 987 2569 1045 unice
2599 988 2652 1044 iu
2678 991 2851 1059 pretio
2880 992 2951 1046 sit
2983 1010 2998 1048 :
3025 992 3338 1048 membrana
3369 995 3458 1050 ubi
3491 996 3637 1051 inof-

2031 1077 2203 1145 fensa,
2249 1078 2473 1134 candida
2523 1090 2628 1146 est,
2660 1081 2905 1152 adeoque
2948 1083 3156 1140 subtilis
3205 1100 3271 1142 ac
3324 1088 3526 1152 tenuis,
3577 1101 3638 1144 ut

2029 1172 2274 1243 quaedam
2303 1171 2432 1227 folia
2464 1180 2662 1228 tactum
2689 1173 2924 1246 effugere
2966 1176 3245 1233 videantur
3292 1197 3305 1234 :
3358 1188 3638 1238 atramen-

2033 1276 2142 1321 tum
2184 1267 2611 1336 xerampelinum
2641 1277 2744 1335 est,
2777 1277 2832 1324 et
2854 1270 3193 1328 subalbicaus
3224 1289 3236 1326 :
3267 1275 3536 1346 scriptura
3580 1279 3636 1334 in

2030 1356 2164 1413 duas
2191 1358 2470 1413 columnas
2496 1359 2753 1428 discreta,
2779 1370 2835 1416 ut
2865 1362 2919 1416 in
2939 1363 3234 1430 specimine
3255 1367 3525 1437 conSpicis
3548 1368 3639 1424 di-

2033 1451 2263 1521 ligenter
2291 1451 2504 1523 quidem
2529 1452 2736 1521 efficto,
2767 1470 2866 1510 nec
2889 1465 3066 1511 tamen
3097 1457 3300 1515 codicis
3327 1458 3547 1531 faciem,
3573 1477 3642 1519 ac

2032 1542 2334 1599 litterarum
2356 1543 2674 1614 elegantiam
2703 1545 2836 1602 satis
2865 1547 3218 1618 exprimente.

2106 1634 2207 1692 Ubi
2236 1635 2424 1692 Gratca
2442 1635 2686 1693 incidunt
2711 1638 2895 1706 verba,
2924 1640 3230 1697 accentibus
3269 1657 3333 1698 ac
3359 1643 3643 1715 spiritibus

2035 1727 2195 1783 nullis
2228 1729 2572 1800 effinguntur.
2604 1729 2969 1800 Quaecumque
2995 1733 3109 1788 sive
3146 1748 3212 1788 ex
3233 1733 3353 1788 aliis
3381 1735 3638 1805 Psalmis,

324 1804 536 1861 deudus
560 1816 662 1860 est.
687 1805 832 1861 Satis
856 1819 984 1875 ergo
1025 1802 1314 1859 verisimile
1354 1812 1610 1873 apparet,
1641 1802 1928 1859 lectionem

2039 1819 2150 1875 sive
2199 1819 2414 1875 aliunde
2445 1829 2659 1891 sumpta
2705 1820 3038 1892 aﬂ'erantur,
3093 1834 3429 1896 seponuntur
3479 1836 3536 1884 ut
3582 1802 3638 1885 in

327 1898 654 1968 adoptatura
676 1895 857 1952 Felice
885 1910 990 1950 non
1018 1895 1191 1966 primo
1221 1894 1597 1966 excogitatam,
1621 1893 1716 1950 sed
1751 1894 1801 1948 in
1833 1893 1932 1950 ali-

325 2005 438 2062 quo
484 1990 668 2045 codice
721 1991 991 2044 iuventam
1031 2003 1184 2054 esse;
1214 2002 1444 2057 cumque
1474 1986 1575 2041 sibi
1605 1985 1923 2057 propitiam,

328 2098 396 2140 ac
428 2090 485 2138 ut
505 2081 750 2137 accidere
774 2080 915 2136 solet
936 2079 1244 2150 przejudicio
1265 2078 1494 2150 quodam
1520 2079 1817 2149 occupatis,
1846 2093 1933 2134 er-

327 2174 444 2230 rori
476 2188 573 2231 suo
601 2172 868 2228 faventem
900 2171 1038 2226 male
1063 2179 1353 2242 reputaret,
1382 2171 1432 2228 in
1459 2171 1928 2242 Aquisgraneuses

326 2266 548 2324 codices
574 2267 760 2322 dolose
780 2265 1055 2322 induxisse
1080 2283 1091 2318 :
1115 2263 1278 2322 Forte
1298 2264 1457 2320 etiam
1481 2264 1764 2321 lectionem
1785 2263 1932 2322 illam

326 2359 470 2417 odio'
496 2360 692 2417 deinde
736 2358 1039 2416 habuerunt
1062 2357 1325 2414 Catholici
1359 2373 1422 2414 ex
1453 2357 1557 2414 hoc
1586 2359 1738 2428 ipso,
1771 2373 1930 2430 quem

328 2453 486 2509 Felix
517 2452 589 2507 illi
615 2460 989 2522 superstruere
1021 2465 1260 2506 errorem
1293 2460 1514 2505 cenatus
1545 2459 1660 2516 est;
1691 2449 1931 2519 adoptio-

333 2546 418 2600 nis
445 2546 771 2616 cmteroquin
794 2559 930 2602 voce
954 2545 1084 2600 satis
1113 2544 1244 2613 ipsis
1270 2553 1519 2614 suspecta
1545 2543 1930 2614 postArianam

329 2640 610 2697 haeresim.
641 2637 766 2694 Non
796 2655 887 2710 per
911 2637 1239 2707 adaptionem
1267 2638 1376 2691 Ita’c
1402 2641 1538 2706 facta
1567 2645 1685 2690 sunt
1709 2678 1724 2701 ,
1752 2635 1881 2689 absit
1913 2652 1932 2690 :

328 2732 406 2786 ita
439 2732 492 2787 iu
521 2728 808 2802 Capitulari
831 2729 936 2785 alio
951 2729 1246 2785 Concilium
1270 2726 1602 2797 Ephesinum
1624 2727 1933 2784 continente

327 2823 521 2878 codice
544 2839 606 2880 ea
634 2823 794 2878 verba
820 2823 877 2879 S.
896 2820 1175 2880 Athanasii
1200 2821 1251 2877 in
1273 2819 1512 2890 Epistola
1537 2819 1602 2874 ad
1628 2817 1931 2891 Epictetum

327 2913 500 2969 latine
545 2914 843 2970 redduntur
899 2931 912 2970 :
961 2916 1020 2971 οὐ
1073 2914 1208 2970 θέσει
1255 2911 1310 2970 δδ
1357 2918 1526 2972 ταῦτα
1573 2913 1807 2986 ἐγένετο,
1862 2915 1934 2982 μὴ

327 3009 528 3080 γένοιτο
559 3024 574 3061 :
603 3023 728 3079 qua:
756 3007 809 3064 in
850 3003 1103 3062 Conciliis
1128 3005 1271 3061 edita
1315 3005 1494 3060 versio
1528 3018 1693 3075 prave
1721 3011 1936 3058 contor-

325 3109 480 3169 quet.
510 3100 888 3157 Cassiodorius
927 3100 978 3155 in
1011 3098 1211 3154 Psalm.
1257 3113 1306 3166 t,
1348 3109 1557 3170 propter
1596 3099 1934 3153 humilitatem

2033 1912 2304 1980 exemplo,
2351 1913 2512 1982 priori
2568 1913 2729 1970 etiam
2788 1929 2949 1970 versu
2996 1915 3288 1971 rubricato.
3345 1917 3636 1978 Ruhricata

2031 2010 2208 2058 autem
2235 2003 2394 2060 verba
2425 2004 2544 2060 auri
2593 2005 2722 2062 olim
2766 2006 3134 2076 superinducti
3186 2009 3379 2066 alicubi
3412 2011 3637 2082 vestigia

2031 2093 2284 2151 retinent.
2339 2094 2661 2166 Scriptionis
2725 2098 2935 2168 species
2985 2098 3268 2170 Virgilium
3337 2099 3636 2160 Mcdiceum

2033 2185 2247 2260 (parum
2298 2185 2528 2244 feliciter
2555 2188 2623 2244 ab
2646 2188 2808 2246 editis
2851 2190 3234 2261 speciminibus
3273 2201 3636 2262 repraesenta-

2034 2277 2169 2350 tum)
2215 2279 2268 2334 in
2299 2293 2363 2334 eo
2417 2280 2686 2352 praecipue
2711 2279 2897 2346 refert,
2929 2280 3072 2351 quod
3117 2281 3309 2339 littera:
3347 2284 3637 2343 mediocris

2033 2369 2237 2440 pariter
2260 2369 2370 2426 sint
2401 2371 2802 2442 magnitudinis,
2833 2381 2887 2428 et
2913 2372 3120 2429 calamo
3154 2374 3421 2432 subtiliori
3448 2391 3638 2434 exara-

2035 2473 2135 2520 tac:
2170 2463 2312 2533 quod
2345 2463 2386 2517 P
2410 2473 2463 2518 et
2489 2464 2535 2532 Ο
2576 2464 2908 2523 descendant
2937 2481 3250 2536 numquam,
3298 2483 3470 2538 neque
3496 2469 3635 2526 infra

2036 2555 2452 2625 protenduntur;
2495 2565 2551 2610 et
2573 2558 2716 2628 quod
2744 2559 2798 2614 in
2830 2559 2872 2613 T
2905 2567 3209 2617 transversa
3249 2562 3387 2618 linea
3422 2564 3508 2618 vix
3541 2581 3636 2634 ap-

2033 2656 2239 2720 pareat,
2271 2656 2328 2704 ut
2355 2647 2593 2704 etiamin
2624 2650 2668 2706 (ἱ
2698 2659 2753 2705 et
2791 2652 2845 2706 in
2876 2651 2918 2708 L
2950 2651 3230 2708 inferiores
3273 2653 3484 2710 ductus.
3516 2655 3634 2713 Cae-

2036 2752 2209 2797 terum
2238 2751 2421 2797 noster
2458 2741 2625 2812 magis
2665 2741 2887 2807 aﬂ'abre,
2922 2743 3283 2814 distincteque
3333 2761 3396 2802 ac
3419 2749 3638 2817 aequali-

2037 2843 2117 2888 ter
2138 2832 2440 2902 descriptus
2479 2843 2560 2890 est
2592 2849 2603 2886 :
2631 2847 2699 2888 ne
2726 2832 2854 2903 quid
2891 2848 2919 2887 a
2953 2844 3100 2889 recta
3132 2835 3269 2892 linea
3295 2835 3349 2892 in
3387 2830 3636 2896 versibus

2034 2925 2322 2981 exarandis
2355 2940 2545 2984 manus
2593 2925 3154 2994 deflecteret,‘calami
3199 2929 3282 2982 via
3321 2931 3458 3003 stylo
3494 2931 3638 2990 desio

2034 3030 2197 3091 gnata
2245 3019 2454 3076 visitur.
2509 3021 2595 3078 Ab
2644 3021 3022 3076 emendatione
3076 3037 3287 3094 quoque
3335 3026 3634 3095 generatim

2035 3111 2334 3167 laudandus
2365 3112 2502 3168 liber
2535 3129 2548 3166 :
2581 3113 2932 3182 quamobrem
2978 3112 3179 3168 librarii
3205 3113 3325 3184 jure
3357 3117 3548 3171 merito
3580 3118 3633 3174 iu

323 3193 504 3250 carnis
529 3195 836 3266 adsumptae.
855 3192 987 3248 Hinc
1005 3190 1267 3248 Alcuinus
1289 3189 1452 3246 Felici
1478 3207 1490 3242 :
1516 3198 1571 3244 tu
1591 3189 1795 3244 omnino
1815 3204 1928 3260 per-

2039 3204 2315 3260 hominum
2347 3205 2660 3260 memoriam
2686 3219 2883 3260 nomen
2908 3205 3301 3273 revocabimus,
3323 3207 3465 3276 quod
3493 3224 3634 3278 pras-

324 3286 616 3341 versissime
645 3285 776 3341 dicis
803 3285 1081 3356 adoptatur
1113 3300 1126 3338 :
1154 3283 1402 3354 quamvis
1446 3285 1552 3338 n'on
1585 3296 1649 3337 ea
1681 3295 1931 3350 perversa

326 3388 516 3439 essent
556 3379 742 3447 verba,
772 3378 867 3433 sed
914 3375 1308 3448 interpretatio.
1341 3374 1466 3430 Haec
1508 3382 1688 3430 autem
1729 3372 1929 3441 omnia,

2037 3305 2118 3352 ter
2145 3313 2374 3364 morem,
2425 3297 2514 3353 ubi
2570 3298 2745 3353 minus
2782 3299 3201 3368 exspectandum
3237 3307 3377 3365 erat,
3405 3300 3638 3358 incurri-

2035 3403 2158 3444 mus
2186 3407 2200 3442 :
2232 3389 2286 3444 in
2317 3388 2658 3459 alphabetico
2683 3389 2890 3444 scilicet
2918 3389 3132 3446 Psaltno
3160 3405 3347 3459 cxvut,
3374 3401 3496 3461 post
3516 3391 3631 3463 illa,

327 3483 642 3542 ntconstel.
661 3488 821 3545 quam
844 3473 911 3529 ab
929 3474 1172 3544 antiqua.
1203 3481 1256 3528 et
1276 3487 1373 3528 cur
1399 3472 1443 3527 is
1471 3471 1622 3529 locus
1648 3470 1934 3541 dupliciter
2035 3481 2234 3538 Littera
2258 3479 2389 3536 1111
2407 3481 2836 3552 explicit,incipit
2854 3479 3050 3537 Littera
3091 3480 3128 3535 ιτ
3154 3482 3634 3555 feliciter,exiguis,

324 3572 388 3627 in
424 3569 574 3627 libris
613 3571 1031 3628 describeretur.
1059 3567 1327 3625 Caeterum
1380 3567 1650 3639 quomodo
1701 3565 1935 3622 Hilarius
2034 3579 2130 3636 sed
2161 3579 2472 3650 majusculm
2501 3579 2724 3649 pariter,
2756 3586 2814 3634 υι
2833 3593 3108 3642 vocamus,
3143 3577 3327 3648 ﬁgura
3354 3579 3638 3638 characte-

321 3666 453 3737 ipse
498 3664 808 3736 scripserit,
867 3663 996 3720 mibi
1049 3662 1262 3735 quidem
1319 3662 1476 3718 facile
1528 3662 1742 3732 cognitu
1787 3660 1932 3716 vide-

2039 3672 2184 3727 ribus
2242 3671 2438 3742 legitur
2482 3668 2705 3726 inferius
2742 3688 2756 3726 :
2815 3670 3004 3726 Scribit
3042 3671 3359 3740 antiquarius
3391 3670 3636 3732 Eutalius

323 3769 421 3818 tur
448 3761 700 3827 omnino;
738 3768 1051 3816 contextum
1089 3759 1233 3813 enim
1279 3755 1720 3827 percurrentibus
1755 3755 1932 3811 statim
2034 3764 2127 3821 NT
2157 3765 2230 3821 ita
2261 3766 2582 3836 colligantur
2607 3764 2675 3833 Ν,
2698 3763 2840 3836 quod
2872 3765 3176 3836 compendii
3196 3781 3365 3838 genus
3390 3777 3636 3826 veterum

323 3853 538 3924 patebit
578 3867 764 3910 vocem
819 3852 1068 3907 adoratur
1119 3849 1369 3906 oratoria:
1414 3847 1728 3919 elegantize,
1773 3862 1932 3919 quam

2039 3857 2274 3930 lapidum
2298 3874 2452 3915 usum
2498 3859 2659 3930 sapit.
2692 3857 2750 3912 ln
2783 3856 2980 3914 ‘eodem
3011 3857 3223 3913 Psalmo
3256 3868 3374 3930 post
3399 3859 3636 3918 litteram

321 3945 536 4005 Auctor
576 3945 647 4001 ibi
671 3953 930 4012 sectatur,
977 3943 1196 3998 minimc
1215 3941 1526 3996 convenire.
1559 3939 1703 3994 Parit
1739 3939 1931 4010 Virgo,

2039 3954 2323 4021 decimam,
2373 3953 2511 4007 intra
2567 3951 2828 4008 circulum
2867 3951 3064 4008 Christi
3119 3967 3524 4023 monogramma
3580 3953 3639 4012 in

323 4047 512 4108 partas
563 4054 596 4092 a
649 4036 757 4092 Deo
808 4046 923 4102 est;
976 4037 1150 4104 infans
1205 4034 1379 4104 vagit,
1435 4032 1701 4088 laudantes
1753 4032 1932 4104 Angel,‘

2039 4047 2191 4116 apice
2215 4061 2323 4115 prte
2342 4058 2402 4100 se
2420 4042 2681 4101 ferentem
2705 4062 2720 4100 :
2741 4042 2988 4100 Scribtori
3017 4045 3137 4110 vita,
3161 4045 3344 4113 legenti
3374 4045 3632 4102 doctrina.

324 4132 646 4196 audiuntur;
693 4130 854 4199 panni
895 4132 1130 4193 sordent,
1171 4125 1313 4182 Deus
1351 4125 1594 4181 aduratur
1619 4142 1638 4180 :
1663 4126 1734 4180 ita
1771 4136 1940 4198 potes-

326 4223 454 4277 tatis
483 4224 702 4294 dignitas
730 4239 828 4278 non
859 4222 1139 4287 amittitur,
1161 4220 1286 4275 dum
1315 4219 1482 4274 carnis
1510 4219 1772 4274 humilitas
1814 4220 1938 4273 ado-

323 4324 500 4371 ratur.
545 4313 728 4385 Neque
755 4322 880 4384 apte
927 4312 1233 4369 immediata
1271 4311 1535 4368 orationis
1578 4310 1817 4367 membra
1858 4311 1940 4366 bis

326 4408 529 4466 eodem
579 4409 746 4464 verbo
793 4407 1148 4474 clauduntur,
1205 4420 1378 4476 neque
1431 4404 1714 4460 miriﬁcum
1773 4403 1936 4470 illud,

324 4500 480 4570 quod
504 4515 569 4557 ex
594 4500 856 4571 Oppositis
873 4509 1172 4570 aucupatur
1197 4498 1464 4564 Hilarius,
1487 4498 1658 4552 oritur
1685 4497 1795 4553 ullo
1823 4513 1940 4552 mo-

2110 4137 2550 4207 Antiquariorum
2609 4151 2832 4201 munus,
2901 4151 3126 4204 quorum
3185 4133 3437 4204 frequens
3491 4136 3636 4204 apud

2041 4239 2250 4285 veteres
2299 4229 2502 4284 mentio
2535 4269 2550 4295 ,
2605 4226 2847 4284 Valentis
2893 4227 2978 4285 lex
3041 4239 3184 4279 anno
3235 4239 3487 4282 cccuxu
3527 4226 3635 4283 lata

2044 4322 2210 4392 probe
2260 4321 2544 4377 describit.
2602 4320 2927 4392 Antiqaarios
2969 4318 3038 4372 ad
3067 4315 3382 4374 bibliothecae
3435 4319 3636 4378 codices

2043 4412 2451 4482 componendas,
2481 4412 2560 4466 uel
2600 4428 2696 4481 pro
2749 4419 2994 4465 uetustate
3035 4411 3371 4481 reparandas,
3414 4421 3634 4482 quatuor

2048 4506 2254 4562 Graecos
2298 4515 2345 4560 et
2401 4515 2501 4561 tres
2530 4506 2747 4560 Latinos
2794 4505 3043 4560 scribendi
3100 4506 3288 4572 peritos
3339 4505 3438 4575 legi
3478 4508 3634 4580 jube-

325 4591 439 4657 do.
472 4592 517 4646 Si
547 4591 863 4664 dignitatem
899 4607 1007 4646 non
1047 4591 1286 4658 amittat.
1317 4591 1404 4661 qui
1447 4590 1735 4657 aduralur;
1766 4574 2015 4646 oriturD
2041 4616 2152 4654 mus
2202 4598 2285 4671 (C.
2317 4597 2420 4654 Th.
2467 4599 2529 4653 de
2576 4597 2786 4666 Antiqu.
2834 4597 2872 4650 Ι.
2919 4597 3000 4666 ιι).
3050 4596 3286 4652 Isidorus
3350 4574 3420 4654 ita
3464 4574 3639 4656 dictos
3706 4629 3711 4634 -

328 4693 516 4741 autem
547 4685 772 4754 optime,
803 4685 850 4740 si
894 4682 1205 4755 dignitatem
1236 4700 1345 4740 non
1379 4671 1609 4753 amittat,
1645 4686 1734 4755 qui
1760 4687 1938 4740 carnis

329 4776 696 4834 humilitatem
726 4777 966 4846 adoptat.
1000 4778 1106 4832 Cur
1139 4792 1267 4833 vero
1309 4777 1457 4833 Felix
1505 4777 1936 4832 criminationem

325 4869 462 4926 falsi
484 4871 647 4929 veteri
685 4869 866 4938 aliquo
898 4870 1108 4939 prolato
1137 4870 1323 4925 codice
1348 4869 1622 4939 adoptatur
1652 4870 1940 4926 exhibente

327 4975 451 5018 non
477 4963 756 5032 repulerit,
780 4963 860 5018 vel
885 4961 1140 5018 invidiam
1171 4963 1359 5018 saltem
1392 4977 1496 5018 non
1516 4963 1790 5032 minuerit,
1814 4979 1940 5035 pro-

329 5055 484 5114 fecto
504 5072 608 5111 non
635 5057 898 5128 intelligo.
919 5056 1122 5113 Eodem
1143 5065 1294 5113 certe
1317 5072 1478 5113 sensu
1505 5058 1738 5114 llilarius
1768 5058 1820 5114 in
1842 5073 1940 5114 ex-

333 5148 607 5216 positione
633 5146 830 5202 Psalmi
861 5162 1044 5203 cxxvrt
1088 5147 1311 5218 protulit
1335 5165 1426 5219 per
1451 5149 1779 5219 adoptionem
1819 5164 1942 5205 cor-

337 5238 534 5308 poris:
569 5237 772 5294 frustra
795 5253 925 5294 vero
970 5239 1254 5310 legendum
1298 5253 1420 5295 esse
1463 5257 1552 5311 per
1595 5241 1939 5312 adeptionem,

335 5335 587 5405 quamvis
610 5333 923 5389 Erasmiana
954 5333 1190 5389 editione
1210 5333 1532 5404 suffragante
1553 5376 1567 5401 ,
1596 5335 1672 5388 vir
1702 5335 1943 5406 ingenio-

337 5439 434 5480 sus
472 5425 794 5496 coniicicbat
822 5425 936 5495 (De
969 5435 1086 5481 velt.
1120 5424 1318 5494 "03".,
1350 5436 1488 5493 etc.,
1520 5444 1574 5496 p.
1606 5423 1785 5499 460);
1815 5441 1940 5484 nam

334 5518 674 5588 adeptionem
694 5517 914 5589 praefert
936 5519 1408 5590 praestantissimus
1438 5519 1680 5574 omnium
1711 5518 1943 5596 Capituli

341 5613 512 5665 nostri
547 5612 683 5666 liber
715 5611 852 5664 alter
873 5652 888 5677 ,
920 5612 1072 5681 cujus
1097 5611 1206 5689 jam
1239 5612 1555 5668 relationem
1588 5612 1936 5682 ingredimur.

412 5706 625 5763 Paucos
647 5705 862 5778 quidem
899 5721 963 5764 ex
1005 5705 1399 5763 Ecclesiasticis
1426 5709 1725 5778 prtesertim
1756 5720 1944 5760 manu-

338 5799 577 5873 scriptos
623 5795 847 5859 codices
892 5799 1155 5874 reperias,
1191 5799 1283 5872 qui
1324 5813 1448 5857 cum
1496 5799 1600 5859 hoc
1627 5799 1945 5872 antiquitate

2045 4702 2232 4764 putat,
2293 4693 2416 4764 quia
2471 4689 2822 4746 tantummodo
2887 4699 3052 4744 vetera
3103 4689 3404 4745 scriberent
3457 4689 3635 4763 (Orig.

2039 4788 2129 4843 lib.
2158 4789 2258 4860 v1).
2289 4788 2382 4842 sed
2424 4795 2687 4858 repugnat
2730 4784 2964 4840 Euthalii
2993 4784 3164 4840 nostri
3202 4786 3515 4852 auctoritas,
3546 4786 3641 4856 qui

2041 4895 2102 4935 se
2137 4877 2499 4950 antiquarium
2544 4885 2716 4944 vocat,
2764 4874 2948 4931 Hilarii
2991 4891 3326 4946 nequaquam
3383 4887 3510 4931 tunc
3541 4891 3640 4932 ve-

2043 4980 2235 5037 tustos,
2273 4970 2366 5026 sed
2395 4969 2533 5025 forte
2573 4969 2810 5025 calentes
2830 4967 3006 5023 adhuc
3035 4968 3450 5023 commentarios
3494 4976 3644 5024 tran-

2043 5065 2308 5120 scribeus.
2341 5064 2454 5133 Ego
2505 5063 2641 5118 inter
2699 5061 2948 5116 librarios
2976 5074 3042 5116 eo
3084 5060 3382 5130 praesertim
3421 5060 3644 5119 nomine

2047 5158 2275 5212 donatos
2313 5157 2528 5227 opinor,
2559 5158 2650 5228 qui
2705 5170 2812 5212 non
2864 5154 3143 5220 cursoriis,
3196 5168 3294 5211 seu
3346 5155 3640 5225 celeribus,

2045 5264 2163 5320 qua:
2190 5248 2429 5305 barbaris
2454 5249 2763 5305 nominibus
2797 5261 2902 5304 non
2950 5247 3068 5304 sine
3103 5247 3242 5305 miro
3270 5256 3326 5305 et
3353 5247 3644 5304 universali

2046 5356 2231 5397 errore
2261 5341 2527 5412 designari
2571 5341 2768 5407 solent,
2802 5338 2897 5396 sed
2938 5339 3254 5409 majoribus,
3284 5347 3644 5408 accurateque

2045 5432 2236 5490 effictis
2278 5434 2488 5500 litteris,
2531 5448 2596 5488 ac
2633 5432 2908 5502 diligentia
2935 5432 3190 5503 singulari
3236 5429 3452 5487 codices
3503 5443 3643 5484 cou-

2043 5534 2256 5581 struere
2284 5524 2680 5595 profiterentur.
2713 5523 2962 5580 Grzncum
2985 5523 3304 5580 vocabulum
3333 5523 3492 5576 docet
3515 5519 3648 5576 Καλ-

2048 5617 2305 5694 λιγράφος,
2344 5615 2611 5686 siquidem
2642 5615 2970 5684 Antiquarius
3013 5613 3254 5668 redditur
3288 5613 3340 5668 in
3368 5610 3645 5667 veteribus

2052 5708 2276 5766 Glossis.
2309 5709 2572 5780 Praecepit
2613 5708 2911 5779 Imperator
2934 5703 3319 5762 Constantinus
3360 5704 3586 5776 epistola
3611 5719 3648 5764 a
3727 5765 3734 5768 _

2056 5803 2390 5862 Thcodorito
2418 5804 2473 5861 in
2497 5803 2872 5863 Ecelesiastica
2899 5800 3132 5859 llistoria
3160 5796 3274 5872 (lib.
3301 5814 3340 5872 ι,
3365 5815 3409 5856 c.
3439 5795 3529 5871 16)
3564 5812 3652 5858 re—
