  <div class='ocr_page' id='page_1' title='image "/cluster/home/n/w/nwhite01/storage/ocr_20150623/9/hvd.32044015471261/013.png"; bbox 0 0 4044 6350; ppageno 0'>
   <div class='ocr_carea' id='block_1_1' title="bbox 511 315 2500 384">
    <p class='ocr_par' dir='ltr' id='par_1_1' title="bbox 511 315 2500 384">
     <span class='ocr_line' id='line_1_1' title="bbox 511 315 2500 384; baseline -0.006 -1"><span class='ocrx_word' id='word_1_1' title='bbox 511 327 599 384; x_wconf 88' lang='lat' dir='ltr'><strong>Vll</strong></span> <span class='ocrx_word' id='word_1_2' title='bbox 1859 316 2115 373; x_wconf 79' lang='lat' dir='ltr'><strong>MAFFEI</strong></span> <span class='ocrx_word' id='word_1_3' title='bbox 2158 315 2500 373; x_wconf 85' lang='lat' dir='ltr'><strong>EDITIONIS</strong></span> 
     </span>
    </p>
   </div>
   <div class='ocr_carea' id='block_1_2' title="bbox 3688 319 3803 376">
    <p class='ocr_par' dir='ltr' id='par_1_2' title="bbox 3688 319 3803 376">
     <span class='ocr_line' id='line_1_2' title="bbox 3688 319 3803 376; baseline 0.009 -1"><span class='ocrx_word' id='word_1_4' title='bbox 3688 319 3803 376; x_wconf 91' lang='lat' dir='ltr'><strong>Vlll</strong></span> 
     </span>
    </p>
   </div>
   <div class='ocr_carea' id='block_1_3' title="bbox 501 430 3804 516">
    <p class='ocr_par' dir='ltr' id='par_1_3' title="bbox 501 430 3804 516">
     <span class='ocr_line' id='line_1_3' title="bbox 501 430 3804 516; baseline -0.001 -21"><span class='ocrx_word' id='word_1_5' title='bbox 501 440 632 506; x_wconf 79' lang='lat' dir='ltr'><strong>lata,</strong></span> <span class='ocrx_word' id='word_1_6' title='bbox 662 447 720 494; x_wconf 90' lang='lat' dir='ltr'><strong>ut</strong></span> <span class='ocrx_word' id='word_1_7' title='bbox 768 436 837 493; x_wconf 92' lang='lat' dir='ltr'><strong>ad</strong></span> <span class='ocrx_word' id='word_1_8' title='bbox 888 435 1177 492; x_wconf 90' lang='lat' dir='ltr'><strong>multarum</strong></span> <span class='ocrx_word' id='word_1_9' title='bbox 1209 432 1364 490; x_wconf 89' lang='lat' dir='ltr'><strong>Urbis</strong></span> <span class='ocrx_word' id='word_1_10' title='bbox 1409 444 1520 487; x_wconf 71' lang='lat' dir='ltr'><strong>sua:</strong></span> <span class='ocrx_word' id='word_1_11' title='bbox 1549 430 1909 486; x_wconf 82' lang='lat' dir='ltr'><strong>Eccleslarum</strong></span> <span class='ocrx_word' id='word_1_12' title='bbox 1939 446 2095 516; x_wconf 87' lang='lat' dir='ltr'><strong>usum</strong></span> <span class='ocrx_word' id='word_1_13' title='bbox 2124 435 2176 493; x_wconf 89' lang='grc' dir='ltr'><strong>Λ</strong></span> <span class='ocrx_word' id='word_1_14' title='bbox 2270 430 2387 485; x_wconf 83' lang='lat' dir='ltr'><strong>Jam</strong></span> <span class='ocrx_word' id='word_1_15' title='bbox 2411 445 2540 487; x_wconf 86' lang='lat' dir='ltr'><strong>vero</strong></span> <span class='ocrx_word' id='word_1_16' title='bbox 2570 441 2626 488; x_wconf 94' lang='lat' dir='ltr'><strong>ut</strong></span> <span class='ocrx_word' id='word_1_17' title='bbox 2669 431 2922 502; x_wconf 86' lang='lat' dir='ltr'><strong>quidquid</strong></span> <span class='ocrx_word' id='word_1_18' title='bbox 2960 431 3026 487; x_wconf 90' lang='lat' dir='ltr'><strong>ad</strong></span> <span class='ocrx_word' id='word_1_19' title='bbox 3057 431 3443 504; x_wconf 78' lang='lat' dir='ltr'><strong>detergendum</strong></span> <span class='ocrx_word' id='word_1_20' title='bbox 3479 443 3647 505; x_wconf 83' lang='lat' dir='ltr'><strong>alque</strong></span> <span class='ocrx_word' id='word_1_21' title='bbox 3687 451 3804 491; x_wconf 84' lang='lat' dir='ltr'><strong>am-</strong></span> 
     </span>
    </p>
   </div>
   <div class='ocr_carea' id='block_1_4' title="bbox 499 525 2096 600">
    <p class='ocr_par' dir='ltr' id='par_1_4' title="bbox 499 525 2096 600">
     <span class='ocr_line' id='line_1_4' title="bbox 499 525 2096 600; baseline -0.005 -12"><span class='ocrx_word' id='word_1_22' title='bbox 499 546 774 588; x_wconf 86' lang='lat' dir='ltr'><strong>sacrarum</strong></span> <span class='ocrx_word' id='word_1_23' title='bbox 801 529 1202 600; x_wconf 90' lang='lat' dir='ltr'><strong>Scripturarum</strong></span> <span class='ocrx_word' id='word_1_24' title='bbox 1229 525 1610 598; x_wconf 90' lang='lat' dir='ltr'><strong>quinquaginta</strong></span> <span class='ocrx_word' id='word_1_25' title='bbox 1643 525 1973 582; x_wconf 80' lang='lat' dir='ltr'><strong>membranei</strong></span> <span class='ocrx_word' id='word_1_26' title='bbox 2000 541 2096 581; x_wconf 94' lang='lat' dir='ltr'><strong>co-</strong></span> 
     </span>
    </p>
   </div>
   <div class='ocr_carea' id='block_1_5' title="bbox 500 617 2098 691">
    <p class='ocr_par' dir='ltr' id='par_1_5' title="bbox 500 617 2098 691">
     <span class='ocr_line' id='line_1_5' title="bbox 500 617 2098 691; baseline -0.004 -13"><span class='ocrx_word' id='word_1_27' title='bbox 500 622 655 678; x_wconf 85' lang='lat' dir='ltr'><strong>dices</strong></span> <span class='ocrx_word' id='word_1_28' title='bbox 701 620 1104 678; x_wconf 90' lang='lat' dir='ltr'><strong>conﬁcerentur</strong></span> <span class='ocrx_word' id='word_1_29' title='bbox 1147 620 1249 674; x_wconf 79' lang='grc' dir='ltr'><strong>ύπὸ</strong></span> <span class='ocrx_word' id='word_1_30' title='bbox 1295 624 1547 690; x_wconf 84' lang='grc' dir='ltr'><strong>τεχνιτῶν</strong></span> <span class='ocrx_word' id='word_1_31' title='bbox 1596 617 1970 691; x_wconf 73' lang='grc' dir='ltr'><strong>ιιαλλιογράφων,</strong></span> <span class='ocrx_word' id='word_1_32' title='bbox 2013 622 2098 672; x_wconf 86' lang='grc' dir='ltr'><strong>καὶ</strong></span> 
     </span>
    </p>
   </div>
   <div class='ocr_carea' id='block_1_6' title="bbox 498 709 2097 792">
    <p class='ocr_par' dir='ltr' id='par_1_6' title="bbox 498 709 2097 792">
     <span class='ocr_line' id='line_1_6' title="bbox 498 709 2097 792; baseline -0.004 -21"><span class='ocrx_word' id='word_1_33' title='bbox 498 716 728 792; x_wconf 78' lang='grc' dir='ltr'><strong>ἀκριϐῶς</strong></span> <span class='ocrx_word' id='word_1_34' title='bbox 752 718 842 774; x_wconf 77' lang='grc' dir='ltr'><strong>τὴν</strong></span> <span class='ocrx_word' id='word_1_35' title='bbox 868 714 1056 784; x_wconf 74' lang='grc' dir='ltr'><strong>τέχνην</strong></span> <span class='ocrx_word' id='word_1_36' title='bbox 1077 712 1445 784; x_wconf 84' lang='grc' dir='ltr'><strong>ἐπισταμένων,</strong></span> <span class='ocrx_word' id='word_1_37' title='bbox 1476 709 1540 762; x_wconf 84' lang='lat' dir='ltr'><strong>ab</strong></span> <span class='ocrx_word' id='word_1_38' title='bbox 1577 709 1857 776; x_wconf 84' lang='lat' dir='ltr'><strong>artiﬁcibus</strong></span> <span class='ocrx_word' id='word_1_39' title='bbox 1887 710 2097 780; x_wconf 76' lang='lat' dir='ltr'><strong>pulchre</strong></span> 
     </span>
    </p>
   </div>
   <div class='ocr_carea' id='block_1_7' title="bbox 496 801 2098 871">
    <p class='ocr_par' dir='ltr' id='par_1_7' title="bbox 496 801 2098 871">
     <span class='ocr_line' id='line_1_7' title="bbox 496 801 2098 871; baseline -0.002 -11"><span class='ocrx_word' id='word_1_40' title='bbox 496 805 862 868; x_wconf 87' lang='lat' dir='ltr'><strong>scribentibus,</strong></span> <span class='ocrx_word' id='word_1_41' title='bbox 917 815 1066 870; x_wconf 82' lang='lat' dir='ltr'><strong>atque</strong></span> <span class='ocrx_word' id='word_1_42' title='bbox 1104 813 1263 856; x_wconf 88' lang='lat' dir='ltr'><strong>artem</strong></span> <span class='ocrx_word' id='word_1_43' title='bbox 1295 804 1511 871; x_wconf 79' lang='lat' dir='ltr'><strong>perfecte</strong></span> <span class='ocrx_word' id='word_1_44' title='bbox 1558 801 1858 856; x_wconf 74' lang='lat' dir='ltr'><strong>callentibus</strong></span> <span class='ocrx_word' id='word_1_45' title='bbox 1890 817 1910 855; x_wconf 83' lang='lat'><strong>.&#39;</strong></span> <span class='ocrx_word' id='word_1_46' title='bbox 1937 803 2098 858; x_wconf 85' lang='lat' dir='ltr'><strong>vertit</strong></span> 
     </span>
    </p>
   </div>
   <div class='ocr_carea' id='block_1_8' title="bbox 494 893 2097 968">
    <p class='ocr_par' dir='ltr' id='par_1_8' title="bbox 494 893 2097 968">
     <span class='ocr_line' id='line_1_8' title="bbox 494 893 2097 968; baseline -0.002 -15"><span class='ocrx_word' id='word_1_47' title='bbox 494 897 829 968; x_wconf 82' lang='lat' dir='ltr'><strong>Epiphanius</strong></span> <span class='ocrx_word' id='word_1_48' title='bbox 859 896 1223 953; x_wconf 81' lang='lat' dir='ltr'><strong>Scholasticus</strong></span> <span class='ocrx_word' id='word_1_49' title='bbox 1262 893 1314 949; x_wconf 91' lang='lat' dir='ltr'><strong>in</strong></span> <span class='ocrx_word' id='word_1_50' title='bbox 1362 893 1675 964; x_wconf 89' lang='lat' dir='ltr'><strong>Tripartita,</strong></span> <span class='ocrx_word' id='word_1_51' title='bbox 1713 895 1775 948; x_wconf 87' lang='lat' dir='ltr'><strong>ab</strong></span> <span class='ocrx_word' id='word_1_52' title='bbox 1815 895 2097 963; x_wconf 82' lang='lat' dir='ltr'><strong>artiﬁcibus</strong></span> 
     </span>
    </p>
   </div>
   <div class='ocr_carea' id='block_1_9' title="bbox 497 986 2089 1059">
    <p class='ocr_par' dir='ltr' id='par_1_9' title="bbox 497 986 2089 1059">
     <span class='ocr_line' id='line_1_9' title="bbox 497 986 2089 1059; baseline -0.001 -17"><span class='ocrx_word' id='word_1_53' title='bbox 497 989 837 1059; x_wconf 73' lang='lat' dir='ltr'><strong>antiquariis,</strong></span> <span class='ocrx_word' id='word_1_54' title='bbox 867 998 917 1043; x_wconf 90' lang='lat' dir='ltr'><strong>et</strong></span> <span class='ocrx_word' id='word_1_55' title='bbox 949 990 1164 1057; x_wconf 81' lang='lat' dir='ltr'><strong>perfecte</strong></span> <span class='ocrx_word' id='word_1_56' title='bbox 1204 993 1362 1040; x_wconf 87' lang='lat' dir='ltr'><strong>artem</strong></span> <span class='ocrx_word' id='word_1_57' title='bbox 1405 987 1679 1040; x_wconf 73' lang='lat' dir='ltr'><strong>scientibus</strong></span> <span class='ocrx_word' id='word_1_58' title='bbox 1701 986 1816 1056; x_wconf 87' lang='lat' dir='ltr'><strong>(lib.</strong></span> <span class='ocrx_word' id='word_1_59' title='bbox 1845 1003 1901 1054; x_wconf 88' lang='grc' dir='ltr'><strong>ιι,</strong></span> <span class='ocrx_word' id='word_1_60' title='bbox 1932 1005 1976 1040; x_wconf 91' lang='lat' dir='ltr'><strong>c.</strong></span> <span class='ocrx_word' id='word_1_61' title='bbox 2011 987 2089 1058; x_wconf 88' lang='lat'><strong>6).</strong></span> 
     </span>
    </p>
   </div>
   <div class='ocr_carea' id='block_1_10' title="bbox 495 1078 2090 1152">
    <p class='ocr_par' dir='ltr' id='par_1_10' title="bbox 495 1078 2090 1152">
     <span class='ocr_line' id='line_1_10' title="bbox 495 1078 2090 1152; baseline -0.001 -17"><span class='ocrx_word' id='word_1_62' title='bbox 495 1080 791 1151; x_wconf 83' lang='lat' dir='ltr'><strong>Propterea</strong></span> <span class='ocrx_word' id='word_1_63' title='bbox 821 1079 1151 1152; x_wconf 81' lang='lat' dir='ltr'><strong>Augustinus</strong></span> <span class='ocrx_word' id='word_1_64' title='bbox 1179 1078 1234 1132; x_wconf 90' lang='lat' dir='ltr'><strong>in</strong></span> <span class='ocrx_word' id='word_1_65' title='bbox 1261 1078 1521 1134; x_wconf 88' lang='lat' dir='ltr'><strong>Sermone</strong></span> <span class='ocrx_word' id='word_1_66' title='bbox 1541 1079 1608 1134; x_wconf 88' lang='lat' dir='ltr'><strong>de</strong></span> <span class='ocrx_word' id='word_1_67' title='bbox 1623 1079 1817 1136; x_wconf 90' lang='lat' dir='ltr'><strong>Verbis</strong></span> <span class='ocrx_word' id='word_1_68' title='bbox 1847 1081 2054 1136; x_wconf 88' lang='lat' dir='ltr'><strong>Domini</strong></span> <span class='ocrx_word' id='word_1_69' title='bbox 2077 1098 2090 1134; x_wconf 89' lang='lat'><strong>:</strong></span> 
     </span>
    </p>
   </div>
   <div class='ocr_carea' id='block_1_11' title="bbox 500 1170 2095 1242">
    <p class='ocr_par' dir='ltr' id='par_1_11' title="bbox 500 1170 2095 1242">
     <span class='ocr_line' id='line_1_11' title="bbox 500 1170 2095 1242; baseline 0 -15"><span class='ocrx_word' id='word_1_70' title='bbox 500 1171 602 1238; x_wconf 84' lang='lat' dir='ltr'><strong>Qui</strong></span> <span class='ocrx_word' id='word_1_71' title='bbox 629 1174 762 1229; x_wconf 76' lang='lat' dir='ltr'><strong>ridet</strong></span> <span class='ocrx_word' id='word_1_72' title='bbox 786 1172 976 1227; x_wconf 87' lang='lat' dir='ltr'><strong>litteras</strong></span> <span class='ocrx_word' id='word_1_73' title='bbox 1005 1173 1059 1226; x_wconf 89' lang='lat' dir='ltr'><strong>in</strong></span> <span class='ocrx_word' id='word_1_74' title='bbox 1084 1170 1257 1226; x_wconf 86' lang='lat' dir='ltr'><strong>codice</strong></span> <span class='ocrx_word' id='word_1_75' title='bbox 1285 1172 1474 1240; x_wconf 89' lang='lat' dir='ltr'><strong>optime</strong></span> <span class='ocrx_word' id='word_1_76' title='bbox 1500 1173 1712 1242; x_wconf 87' lang='lat' dir='ltr'><strong>scripto,</strong></span> <span class='ocrx_word' id='word_1_77' title='bbox 1743 1183 1790 1226; x_wconf 87' lang='lat' dir='ltr'><strong>et</strong></span> <span class='ocrx_word' id='word_1_78' title='bbox 1829 1189 1931 1226; x_wconf 88' lang='lat' dir='ltr'><strong>non</strong></span> <span class='ocrx_word' id='word_1_79' title='bbox 1956 1174 2095 1228; x_wconf 80' lang='lat' dir='ltr'><strong>navit</strong></span> 
     </span>
    </p>
   </div>
   <div class='ocr_carea' id='block_1_12' title="bbox 499 1263 2094 1336">
    <p class='ocr_par' dir='ltr' id='par_1_12' title="bbox 499 1263 2094 1336">
     <span class='ocr_line' id='line_1_12' title="bbox 499 1263 2094 1336; baseline -0.002 -15"><span class='ocrx_word' id='word_1_80' title='bbox 499 1266 685 1336; x_wconf 87' lang='lat' dir='ltr'><strong>legere,</strong></span> <span class='ocrx_word' id='word_1_81' title='bbox 722 1266 898 1319; x_wconf 84' lang='lat' dir='ltr'><strong>laudat</strong></span> <span class='ocrx_word' id='word_1_82' title='bbox 921 1264 1199 1336; x_wconf 84' lang='lat' dir='ltr'><strong>antiquarii</strong></span> <span class='ocrx_word' id='word_1_83' title='bbox 1215 1279 1443 1328; x_wconf 86' lang='lat' dir='ltr'><strong>manum,</strong></span> <span class='ocrx_word' id='word_1_84' title='bbox 1465 1263 1726 1318; x_wconf 87' lang='lat' dir='ltr'><strong>admirans</strong></span> <span class='ocrx_word' id='word_1_85' title='bbox 1751 1265 1957 1333; x_wconf 84' lang='lat' dir='ltr'><strong>apicum</strong></span> <span class='ocrx_word' id='word_1_86' title='bbox 1980 1265 2094 1334; x_wconf 82' lang='lat' dir='ltr'><strong>pul-</strong></span> 
     </span>
    </p>
   </div>
   <div class='ocr_carea' id='block_1_13' title="bbox 426 1354 2092 1424">
    <p class='ocr_par' dir='ltr' id='par_1_13' title="bbox 426 1354 2092 1424">
     <span class='ocr_line' id='line_1_13' title="bbox 426 1354 2092 1424; baseline -0.001 -13"><span class='ocrx_word' id='word_1_87' title='bbox 426 1408 428 1410; x_wconf 74' lang='grc'>,</span> <span class='ocrx_word' id='word_1_88' title='bbox 494 1357 852 1411; x_wconf 72' lang='lat' dir='ltr'><strong>claritudinem.</strong></span> <span class='ocrx_word' id='word_1_89' title='bbox 901 1354 955 1411; x_wconf 95' lang='lat' dir='ltr'><strong>ld</strong></span> <span class='ocrx_word' id='word_1_90' title='bbox 981 1365 1158 1410; x_wconf 89' lang='lat' dir='ltr'><strong>autem</strong></span> <span class='ocrx_word' id='word_1_91' title='bbox 1190 1354 1424 1410; x_wconf 88' lang='lat' dir='ltr'><strong>nominis</strong></span> <span class='ocrx_word' id='word_1_92' title='bbox 1453 1355 1690 1424; x_wconf 90' lang='lat' dir='ltr'><strong>sequiori</strong></span> <span class='ocrx_word' id='word_1_93' title='bbox 1721 1371 1836 1410; x_wconf 81' lang='lat' dir='ltr'><strong>aevo</strong></span> <span class='ocrx_word' id='word_1_94' title='bbox 1864 1355 2092 1410; x_wconf 90' lang='lat' dir='ltr'><strong>librariis</strong></span> 
     </span>
    </p>
   </div>
   <div class='ocr_carea' id='block_1_14' title="bbox 493 1447 2091 1520">
    <p class='ocr_par' dir='ltr' id='par_1_14' title="bbox 493 1447 2091 1520">
     <span class='ocr_line' id='line_1_14' title="bbox 493 1447 2091 1520; baseline -0.001 -13"><span class='ocrx_word' id='word_1_95' title='bbox 493 1450 712 1520; x_wconf 83' lang='lat' dir='ltr'><strong>majoris</strong></span> <span class='ocrx_word' id='word_1_96' title='bbox 729 1449 918 1505; x_wconf 72' lang='lat' dir='ltr'><strong>formae</strong></span> <span class='ocrx_word' id='word_1_97' title='bbox 944 1449 1137 1505; x_wconf 87' lang='lat' dir='ltr'><strong>litteris</strong></span> <span class='ocrx_word' id='word_1_98' title='bbox 1156 1449 1370 1504; x_wconf 86' lang='lat' dir='ltr'><strong>codices</strong></span> <span class='ocrx_word' id='word_1_99' title='bbox 1390 1447 1769 1520; x_wconf 75' lang='lat' dir='ltr'><strong>ellingentibus</strong></span> <span class='ocrx_word' id='word_1_100' title='bbox 1800 1449 2091 1506; x_wconf 77' lang='lat' dir='ltr'><strong>adhaesisse</strong></span> 
     </span>
    </p>
   </div>
   <div class='ocr_carea' id='block_1_15' title="bbox 486 1542 2089 1616">
    <p class='ocr_par' dir='ltr' id='par_1_15' title="bbox 486 1542 2089 1616">
     <span class='ocr_line' id='line_1_15' title="bbox 486 1542 2089 1616; baseline -0.002 -17"><span class='ocrx_word' id='word_1_101' title='bbox 486 1554 618 1616; x_wconf 90' lang='lat' dir='ltr'><strong>puto</strong></span> <span class='ocrx_word' id='word_1_102' title='bbox 637 1586 651 1611; x_wconf 95' lang='lat'><strong>,</strong></span> <span class='ocrx_word' id='word_1_103' title='bbox 680 1543 822 1613; x_wconf 90' lang='lat' dir='ltr'><strong>quod</strong></span> <span class='ocrx_word' id='word_1_104' title='bbox 850 1543 1100 1614; x_wconf 84' lang='lat' dir='ltr'><strong>antiquos</strong></span> <span class='ocrx_word' id='word_1_105' title='bbox 1129 1544 1402 1598; x_wconf 86' lang='lat' dir='ltr'><strong>imitantes</strong></span> <span class='ocrx_word' id='word_1_106' title='bbox 1445 1542 1757 1612; x_wconf 79' lang='lat' dir='ltr'><strong>primaevam</strong></span> <span class='ocrx_word' id='word_1_107' title='bbox 1791 1543 2089 1598; x_wconf 88' lang='lat' dir='ltr'><strong>litterarum</strong></span> 
     </span>
    </p>
   </div>
   <div class='ocr_carea' id='block_1_16' title="bbox 485 1633 2092 1708">
    <p class='ocr_par' dir='ltr' id='par_1_16' title="bbox 485 1633 2092 1708">
     <span class='ocr_line' id='line_1_16' title="bbox 485 1633 2092 1708; baseline -0.002 -17"><span class='ocrx_word' id='word_1_108' title='bbox 485 1635 714 1708; x_wconf 86' lang='lat' dir='ltr'><strong>ﬁguram</strong></span> <span class='ocrx_word' id='word_1_109' title='bbox 737 1644 1016 1690; x_wconf 80' lang='lat' dir='ltr'><strong>servarent</strong></span> <span class='ocrx_word' id='word_1_110' title='bbox 1037 1652 1051 1688; x_wconf 88' lang='lat'><strong>:</strong></span> <span class='ocrx_word' id='word_1_111' title='bbox 1069 1649 1242 1704; x_wconf 91' lang='lat' dir='ltr'><strong>neque</strong></span> <span class='ocrx_word' id='word_1_112' title='bbox 1262 1634 1407 1689; x_wconf 90' lang='lat' dir='ltr'><strong>enim</strong></span> <span class='ocrx_word' id='word_1_113' title='bbox 1428 1634 1598 1704; x_wconf 88' lang='lat' dir='ltr'><strong>prima</strong></span> <span class='ocrx_word' id='word_1_114' title='bbox 1625 1642 1717 1688; x_wconf 90' lang='lat' dir='ltr'><strong>aut</strong></span> <span class='ocrx_word' id='word_1_115' title='bbox 1745 1633 1976 1690; x_wconf 87' lang='lat' dir='ltr'><strong>secunda</strong></span> <span class='ocrx_word' id='word_1_116' title='bbox 2000 1634 2092 1688; x_wconf 85' lang='lat' dir='ltr'><strong>lin-</strong></span> 
     </span>
    </p>
   </div>
   <div class='ocr_carea' id='block_1_17' title="bbox 486 1730 2091 1802">
    <p class='ocr_par' dir='ltr' id='par_1_17' title="bbox 486 1730 2091 1802">
     <span class='ocr_line' id='line_1_17' title="bbox 486 1730 2091 1802; baseline 0.004 -20"><span class='ocrx_word' id='word_1_117' title='bbox 486 1743 610 1800; x_wconf 62' lang='lat' dir='ltr'><strong>gum</strong></span> <span class='ocrx_word' id='word_1_118' title='bbox 631 1730 835 1786; x_wconf 79' lang='lat' dir='ltr'><strong>Latina:</strong></span> <span class='ocrx_word' id='word_1_119' title='bbox 847 1741 1004 1786; x_wconf 69' lang='lat' dir='ltr'><strong>actate</strong></span> <span class='ocrx_word' id='word_1_120' title='bbox 1020 1746 1080 1785; x_wconf 91' lang='lat' dir='ltr'><strong>ea</strong></span> <span class='ocrx_word' id='word_1_121' title='bbox 1099 1731 1510 1802; x_wconf 82' lang='lat' dir='ltr'><strong>signiﬁcatione,</strong></span> <span class='ocrx_word' id='word_1_122' title='bbox 1531 1730 1625 1786; x_wconf 91' lang='lat' dir='ltr'><strong>sed</strong></span> <span class='ocrx_word' id='word_1_123' title='bbox 1645 1747 1741 1801; x_wconf 89' lang='lat' dir='ltr'><strong>pro</strong></span> <span class='ocrx_word' id='word_1_124' title='bbox 1758 1731 2091 1801; x_wconf 86' lang='lat' dir='ltr'><strong>antiquitatis</strong></span> 
     </span>
    </p>
   </div>
   <div class='ocr_carea' id='block_1_18' title="bbox 2200 523 3801 597">
    <p class='ocr_par' dir='ltr' id='par_1_18' title="bbox 2200 523 3801 597">
     <span class='ocr_line' id='line_1_18' title="bbox 2200 523 3801 597; baseline 0.003 -19"><span class='ocrx_word' id='word_1_125' title='bbox 2200 523 2544 592; x_wconf 87' lang='lat' dir='ltr'><strong>plilicandum</strong></span> <span class='ocrx_word' id='word_1_126' title='bbox 2586 523 2843 579; x_wconf 82' lang='lat' dir='ltr'><strong>Hilarium</strong></span> <span class='ocrx_word' id='word_1_127' title='bbox 2884 524 3132 579; x_wconf 78' lang='lat' dir='ltr'><strong>conferre</strong></span> <span class='ocrx_word' id='word_1_128' title='bbox 3168 525 3380 594; x_wconf 88' lang='lat' dir='ltr'><strong>utrique</strong></span> <span class='ocrx_word' id='word_1_129' title='bbox 3417 525 3634 582; x_wconf 89' lang='lat' dir='ltr'><strong>codices</strong></span> <span class='ocrx_word' id='word_1_130' title='bbox 3670 543 3801 597; x_wconf 78' lang='lat' dir='ltr'><strong>pos-</strong></span> 
     </span>
    </p>
   </div>
   <div class='ocr_carea' id='block_1_19' title="bbox 2198 616 3800 687">
    <p class='ocr_par' dir='ltr' id='par_1_19' title="bbox 2198 616 3800 687">
     <span class='ocr_line' id='line_1_19' title="bbox 2198 616 3800 687; baseline 0.001 -17"><span class='ocrx_word' id='word_1_131' title='bbox 2198 625 2356 682; x_wconf 89' lang='lat' dir='ltr'><strong>sent,</strong></span> <span class='ocrx_word' id='word_1_132' title='bbox 2428 616 2498 672; x_wconf 90' lang='lat' dir='ltr'><strong>ob</strong></span> <span class='ocrx_word' id='word_1_133' title='bbox 2540 617 2728 673; x_wconf 90' lang='lat' dir='ltr'><strong>oculos</strong></span> <span class='ocrx_word' id='word_1_134' title='bbox 2786 616 3104 683; x_wconf 86' lang='lat' dir='ltr'><strong>haberetur,</strong></span> <span class='ocrx_word' id='word_1_135' title='bbox 3143 616 3340 687; x_wconf 84' lang='lat' dir='ltr'><strong>Josepb</strong></span> <span class='ocrx_word' id='word_1_136' title='bbox 3406 617 3800 686; x_wconf 85' lang='lat' dir='ltr'><strong>Blanchinius,</strong></span> 
     </span>
    </p>
   </div>
   <div class='ocr_carea' id='block_1_20' title="bbox 2198 709 3801 774">
    <p class='ocr_par' dir='ltr' id='par_1_20' title="bbox 2198 709 3801 774">
     <span class='ocr_line' id='line_1_20' title="bbox 2198 709 3801 774; baseline 0 -8"><span class='ocrx_word' id='word_1_137' title='bbox 2198 709 2527 766; x_wconf 78' lang='lat' dir='ltr'><strong>Veronensis</strong></span> <span class='ocrx_word' id='word_1_138' title='bbox 2594 709 2849 765; x_wconf 74' lang='lat' dir='ltr'><strong>Ecclesia:</strong></span> <span class='ocrx_word' id='word_1_139' title='bbox 2911 711 3239 774; x_wconf 88' lang='lat' dir='ltr'><strong>Canonicus,</strong></span> <span class='ocrx_word' id='word_1_140' title='bbox 3301 725 3365 766; x_wconf 89' lang='lat' dir='ltr'><strong>ac</strong></span> <span class='ocrx_word' id='word_1_141' title='bbox 3434 711 3801 766; x_wconf 88' lang='lat' dir='ltr'><strong>Bibliotheca-</strong></span> 
     </span>
    </p>
   </div>
   <div class='ocr_carea' id='block_1_21' title="bbox 2198 801 3798 874">
    <p class='ocr_par' dir='ltr' id='par_1_21' title="bbox 2198 801 3798 874">
     <span class='ocr_line' id='line_1_21' title="bbox 2198 801 3798 874; baseline 0.003 -19"><span class='ocrx_word' id='word_1_142' title='bbox 2198 801 2347 867; x_wconf 90' lang='lat' dir='ltr'><strong>rius,</strong></span> <span class='ocrx_word' id='word_1_143' title='bbox 2399 803 2645 856; x_wconf 79' lang='lat' dir='ltr'><strong>maximze</strong></span> <span class='ocrx_word' id='word_1_144' title='bbox 2681 802 2792 871; x_wconf 91' lang='lat' dir='ltr'><strong>spei</strong></span> <span class='ocrx_word' id='word_1_145' title='bbox 2831 801 3077 870; x_wconf 76' lang='lat' dir='ltr'><strong>juvenis,</strong></span> <span class='ocrx_word' id='word_1_146' title='bbox 3131 802 3570 873; x_wconf 87' lang='lat' dir='ltr'><strong>percelcbrisque</strong></span> <span class='ocrx_word' id='word_1_147' title='bbox 3618 804 3798 874; x_wconf 88' lang='lat' dir='ltr'><strong>patrui</strong></span> 
     </span>
    </p>
   </div>
   <div class='ocr_carea' id='block_1_22' title="bbox 2197 893 3802 962">
    <p class='ocr_par' dir='ltr' id='par_1_22' title="bbox 2197 893 3802 962">
     <span class='ocr_line' id='line_1_22' title="bbox 2197 893 3802 962; baseline 0.002 -15"><span class='ocrx_word' id='word_1_148' title='bbox 2197 894 2499 962; x_wconf 86' lang='lat' dir='ltr'><strong>condignus</strong></span> <span class='ocrx_word' id='word_1_149' title='bbox 2529 893 2722 956; x_wconf 76' lang='lat' dir='ltr'><strong>haeres,</strong></span> <span class='ocrx_word' id='word_1_150' title='bbox 2779 908 2900 947; x_wconf 91' lang='lat' dir='ltr'><strong>cum</strong></span> <span class='ocrx_word' id='word_1_151' title='bbox 2936 893 3282 948; x_wconf 88' lang='lat' dir='ltr'><strong>Benedictina</strong></span> <span class='ocrx_word' id='word_1_152' title='bbox 3314 894 3551 950; x_wconf 91' lang='lat' dir='ltr'><strong>editione</strong></span> <span class='ocrx_word' id='word_1_153' title='bbox 3590 895 3802 951; x_wconf 86' lang='lat' dir='ltr'><strong>solidos</strong></span> 
     </span>
    </p>
   </div>
   <div class='ocr_carea' id='block_1_23' title="bbox 2197 984 3800 1053">
    <p class='ocr_par' dir='ltr' id='par_1_23' title="bbox 2197 984 3800 1053">
     <span class='ocr_line' id='line_1_23' title="bbox 2197 984 3800 1053; baseline 0.001 -13"><span class='ocrx_word' id='word_1_154' title='bbox 2197 986 2444 1053; x_wconf 88' lang='lat' dir='ltr'><strong>contulit,</strong></span> <span class='ocrx_word' id='word_1_155' title='bbox 2501 995 2553 1039; x_wconf 91' lang='lat' dir='ltr'><strong>et</strong></span> <span class='ocrx_word' id='word_1_156' title='bbox 2603 985 2873 1040; x_wconf 78' lang='lat' dir='ltr'><strong>variantes</strong></span> <span class='ocrx_word' id='word_1_157' title='bbox 2911 984 3168 1040; x_wconf 90' lang='lat' dir='ltr'><strong>lectiones</strong></span> <span class='ocrx_word' id='word_1_158' title='bbox 3204 1001 3393 1041; x_wconf 89' lang='lat' dir='ltr'><strong>omnes</strong></span> <span class='ocrx_word' id='word_1_159' title='bbox 3426 1001 3635 1041; x_wconf 88' lang='lat' dir='ltr'><strong>summa</strong></span> <span class='ocrx_word' id='word_1_160' title='bbox 3667 987 3800 1042; x_wconf 81' lang='lat' dir='ltr'><strong>dili-</strong></span> 
     </span>
    </p>
   </div>
   <div class='ocr_carea' id='block_1_24' title="bbox 2195 1075 3798 1148">
    <p class='ocr_par' dir='ltr' id='par_1_24' title="bbox 2195 1075 3798 1148">
     <span class='ocr_line' id='line_1_24' title="bbox 2195 1075 3798 1148; baseline 0.002 -17"><span class='ocrx_word' id='word_1_161' title='bbox 2195 1077 2372 1146; x_wconf 87' lang='lat' dir='ltr'><strong>gentia</strong></span> <span class='ocrx_word' id='word_1_162' title='bbox 2424 1091 2486 1130; x_wconf 88' lang='lat' dir='ltr'><strong>ac</strong></span> <span class='ocrx_word' id='word_1_163' title='bbox 2515 1075 2620 1131; x_wconf 91' lang='lat' dir='ltr'><strong>ﬁde</strong></span> <span class='ocrx_word' id='word_1_164' title='bbox 2655 1076 2931 1130; x_wconf 80' lang='lat' dir='ltr'><strong>adnotavit</strong></span> <span class='ocrx_word' id='word_1_165' title='bbox 2982 1076 3252 1142; x_wconf 83' lang='lat' dir='ltr'><strong>distincte,</strong></span> <span class='ocrx_word' id='word_1_166' title='bbox 3295 1087 3455 1148; x_wconf 90' lang='lat' dir='ltr'><strong>atquc</strong></span> <span class='ocrx_word' id='word_1_167' title='bbox 3504 1079 3798 1134; x_wconf 85' lang='lat' dir='ltr'><strong>ordinatim</strong></span> 
     </span>
    </p>
   </div>
   <div class='ocr_carea' id='block_1_25' title="bbox 2197 1169 3798 1241">
    <p class='ocr_par' dir='ltr' id='par_1_25' title="bbox 2197 1169 3798 1241">
     <span class='ocr_line' id='line_1_25' title="bbox 2197 1169 3798 1241; baseline 0.002 -16"><span class='ocrx_word' id='word_1_168' title='bbox 2197 1170 2484 1238; x_wconf 82' lang='lat' dir='ltr'><strong>congessit.</strong></span> <span class='ocrx_word' id='word_1_169' title='bbox 2512 1169 2732 1223; x_wconf 82' lang='lat' dir='ltr'><strong>Multum</strong></span> <span class='ocrx_word' id='word_1_170' title='bbox 2765 1171 2924 1224; x_wconf 90' lang='lat' dir='ltr'><strong>etiam</strong></span> <span class='ocrx_word' id='word_1_171' title='bbox 2957 1185 3137 1240; x_wconf 64' lang='lat' dir='ltr'><strong>Operae</strong></span> <span class='ocrx_word' id='word_1_172' title='bbox 3166 1171 3217 1224; x_wconf 90' lang='lat' dir='ltr'><strong>in</strong></span> <span class='ocrx_word' id='word_1_173' title='bbox 3250 1171 3314 1226; x_wconf 90' lang='lat' dir='ltr'><strong>iis</strong></span> <span class='ocrx_word' id='word_1_174' title='bbox 3349 1171 3557 1227; x_wconf 89' lang='lat' dir='ltr'><strong>erudite</strong></span> <span class='ocrx_word' id='word_1_175' title='bbox 3594 1187 3798 1241; x_wconf 82' lang='lat' dir='ltr'><strong>posue-</strong></span> 
     </span>
    </p>
   </div>
   <div class='ocr_carea' id='block_1_26' title="bbox 2195 1260 3799 1329">
    <p class='ocr_par' dir='ltr' id='par_1_26' title="bbox 2195 1260 3799 1329">
     <span class='ocr_line' id='line_1_26' title="bbox 2195 1260 3799 1329; baseline 0.004 -14"><span class='ocrx_word' id='word_1_176' title='bbox 2195 1268 2320 1316; x_wconf 90' lang='lat' dir='ltr'><strong>runt</strong></span> <span class='ocrx_word' id='word_1_177' title='bbox 2344 1260 2606 1315; x_wconf 80' lang='lat' dir='ltr'><strong>Sacerdos</strong></span> <span class='ocrx_word' id='word_1_178' title='bbox 2631 1261 2859 1316; x_wconf 86' lang='lat' dir='ltr'><strong>eximius</strong></span> <span class='ocrx_word' id='word_1_179' title='bbox 2887 1261 3195 1318; x_wconf 90' lang='lat' dir='ltr'><strong>Dominicus</strong></span> <span class='ocrx_word' id='word_1_180' title='bbox 3217 1263 3529 1329; x_wconf 88' lang='lat' dir='ltr'><strong>Vallarsius,</strong></span> <span class='ocrx_word' id='word_1_181' title='bbox 3559 1279 3658 1320; x_wconf 91' lang='lat' dir='ltr'><strong>nec</strong></span> <span class='ocrx_word' id='word_1_182' title='bbox 3687 1281 3799 1320; x_wconf 91' lang='lat' dir='ltr'><strong>non</strong></span> 
     </span>
    </p>
   </div>
   <div class='ocr_carea' id='block_1_27' title="bbox 2197 1345 3800 1429">
    <p class='ocr_par' dir='ltr' id='par_1_27' title="bbox 2197 1345 3800 1429">
     <span class='ocr_line' id='line_1_27' title="bbox 2197 1345 3800 1429; baseline 0.002 -19"><span class='ocrx_word' id='word_1_183' title='bbox 2197 1345 2257 1410; x_wconf 80' lang='grc' dir='ltr'><strong>Ρ.</strong></span> <span class='ocrx_word' id='word_1_184' title='bbox 2289 1355 2595 1410; x_wconf 77' lang='lat' dir='ltr'><strong>Alexander</strong></span> <span class='ocrx_word' id='word_1_185' title='bbox 2624 1353 2930 1409; x_wconf 80' lang='lat' dir='ltr'><strong>Bonifacius</strong></span> <span class='ocrx_word' id='word_1_186' title='bbox 2973 1371 3038 1410; x_wconf 90' lang='lat' dir='ltr'><strong>ex</strong></span> <span class='ocrx_word' id='word_1_187' title='bbox 3068 1355 3303 1412; x_wconf 91' lang='lat' dir='ltr'><strong>Oratorii</strong></span> <span class='ocrx_word' id='word_1_188' title='bbox 3343 1356 3800 1429; x_wconf 83' lang='lat' dir='ltr'><strong>Congregatione,</strong></span> 
     </span>
    </p>
   </div>
   <div class='ocr_carea' id='block_1_28' title="bbox 2195 1449 3802 1522">
    <p class='ocr_par' dir='ltr' id='par_1_28' title="bbox 2195 1449 3802 1522">
     <span class='ocr_line' id='line_1_28' title="bbox 2195 1449 3802 1522; baseline 0.004 -21"><span class='ocrx_word' id='word_1_189' title='bbox 2195 1463 2316 1518; x_wconf 66' lang='lat' dir='ltr'><strong>quae</strong></span> <span class='ocrx_word' id='word_1_190' title='bbox 2348 1463 2540 1518; x_wconf 87' lang='lat' dir='ltr'><strong>magno</strong></span> <span class='ocrx_word' id='word_1_191' title='bbox 2562 1459 2616 1503; x_wconf 91' lang='lat' dir='ltr'><strong>et</strong></span> <span class='ocrx_word' id='word_1_192' title='bbox 2659 1449 2873 1518; x_wconf 90' lang='lat' dir='ltr'><strong>pietatis</strong></span> <span class='ocrx_word' id='word_1_193' title='bbox 2901 1459 2955 1504; x_wconf 89' lang='lat' dir='ltr'><strong>et</strong></span> <span class='ocrx_word' id='word_1_194' title='bbox 2985 1449 3283 1506; x_wconf 86' lang='lat' dir='ltr'><strong>litterarum</strong></span> <span class='ocrx_word' id='word_1_195' title='bbox 3317 1452 3457 1506; x_wconf 90' lang='lat' dir='ltr'><strong>bono</strong></span> <span class='ocrx_word' id='word_1_196' title='bbox 3489 1453 3669 1522; x_wconf 88' lang='lat' dir='ltr'><strong>paucis</strong></span> <span class='ocrx_word' id='word_1_197' title='bbox 3697 1453 3802 1507; x_wconf 86' lang='lat' dir='ltr'><strong>ab-</strong></span> 
     </span>
    </p>
   </div>
   <div class='ocr_carea' id='block_1_29' title="bbox 2196 1539 3801 1601">
    <p class='ocr_par' dir='ltr' id='par_1_29' title="bbox 2196 1539 3801 1601">
     <span class='ocr_line' id='line_1_29' title="bbox 2196 1539 3801 1601; baseline 0.004 -7"><span class='ocrx_word' id='word_1_198' title='bbox 2196 1539 2322 1596; x_wconf 86' lang='lat' dir='ltr'><strong>hinc</strong></span> <span class='ocrx_word' id='word_1_199' title='bbox 2347 1542 2502 1596; x_wconf 87' lang='lat' dir='ltr'><strong>annis</strong></span> <span class='ocrx_word' id='word_1_200' title='bbox 2541 1542 2593 1596; x_wconf 92' lang='lat' dir='ltr'><strong>in</strong></span> <span class='ocrx_word' id='word_1_201' title='bbox 2634 1539 2734 1596; x_wconf 88' lang='lat' dir='ltr'><strong>hac</strong></span> <span class='ocrx_word' id='word_1_202' title='bbox 2769 1541 2986 1598; x_wconf 87' lang='lat' dir='ltr'><strong>civitate</strong></span> <span class='ocrx_word' id='word_1_203' title='bbox 3027 1542 3246 1598; x_wconf 84' lang='lat' dir='ltr'><strong>coaluit.</strong></span> <span class='ocrx_word' id='word_1_204' title='bbox 3279 1542 3580 1600; x_wconf 87' lang='lat' dir='ltr'><strong>Varietates</strong></span> <span class='ocrx_word' id='word_1_205' title='bbox 3612 1554 3801 1601; x_wconf 90' lang='lat' dir='ltr'><strong>autem</strong></span> 
     </span>
    </p>
   </div>
   <div class='ocr_carea' id='block_1_30' title="bbox 2197 1635 3804 1707">
    <p class='ocr_par' dir='ltr' id='par_1_30' title="bbox 2197 1635 3804 1707">
     <span class='ocr_line' id='line_1_30' title="bbox 2197 1635 3804 1707; baseline 0.001 -17"><span class='ocrx_word' id='word_1_206' title='bbox 2197 1647 2433 1698; x_wconf 90' lang='lat' dir='ltr'><strong>nostras,</strong></span> <span class='ocrx_word' id='word_1_207' title='bbox 2467 1644 2582 1690; x_wconf 91' lang='lat' dir='ltr'><strong>uta</strong></span> <span class='ocrx_word' id='word_1_208' title='bbox 2619 1635 2850 1700; x_wconf 67' lang='lat' dir='ltr'><strong>caeteris,</strong></span> <span class='ocrx_word' id='word_1_209' title='bbox 2888 1651 3007 1706; x_wconf 66' lang='lat' dir='ltr'><strong>quae</strong></span> <span class='ocrx_word' id='word_1_210' title='bbox 3036 1645 3412 1707; x_wconf 88' lang='lat' dir='ltr'><strong>supponuntur</strong></span> <span class='ocrx_word' id='word_1_211' title='bbox 3441 1638 3630 1705; x_wconf 84' lang='lat' dir='ltr'><strong>textui,</strong></span> <span class='ocrx_word' id='word_1_212' title='bbox 3665 1637 3804 1693; x_wconf 84' lang='lat' dir='ltr'><strong>faci-</strong></span> 
     </span>
    </p>
   </div>
   <div class='ocr_carea' id='block_1_31' title="bbox 2197 1727 3803 1800">
    <p class='ocr_par' dir='ltr' id='par_1_31' title="bbox 2197 1727 3803 1800">
     <span class='ocr_line' id='line_1_31' title="bbox 2197 1727 3803 1800; baseline 0.002 -19"><span class='ocrx_word' id='word_1_213' title='bbox 2197 1727 2301 1782; x_wconf 93' lang='lat' dir='ltr'><strong>lius</strong></span> <span class='ocrx_word' id='word_1_214' title='bbox 2328 1737 2704 1794; x_wconf 88' lang='lat' dir='ltr'><strong>secernantur,</strong></span> <span class='ocrx_word' id='word_1_215' title='bbox 2727 1727 3021 1782; x_wconf 89' lang='lat' dir='ltr'><strong>numericis</strong></span> <span class='ocrx_word' id='word_1_216' title='bbox 3040 1727 3383 1798; x_wconf 87' lang='lat' dir='ltr'><strong>designamus</strong></span> <span class='ocrx_word' id='word_1_217' title='bbox 3411 1728 3549 1784; x_wconf 78' lang='lat' dir='ltr'><strong>noﬁs</strong></span> <span class='ocrx_word' id='word_1_218' title='bbox 3573 1745 3586 1782; x_wconf 91' lang='lat'>:</span> <span class='ocrx_word' id='word_1_219' title='bbox 3618 1744 3803 1800; x_wconf 87' lang='lat' dir='ltr'><strong>neque</strong></span> 
     </span>
    </p>
   </div>
   <div class='ocr_carea' id='block_1_32' title="bbox 487 1817 3803 1895">
    <p class='ocr_par' dir='ltr' id='par_1_32' title="bbox 487 1817 3803 1895">
     <span class='ocr_line' id='line_1_32' title="bbox 487 1817 3803 1895; baseline 0.002 -19"><span class='ocrx_word' id='word_1_220' title='bbox 487 1822 696 1878; x_wconf 88' lang='lat' dir='ltr'><strong>cultore</strong></span> <span class='ocrx_word' id='word_1_221' title='bbox 713 1824 1044 1894; x_wconf 87' lang='lat' dir='ltr'><strong>antiquarios</strong></span> <span class='ocrx_word' id='word_1_222' title='bbox 1058 1824 1446 1895; x_wconf 87' lang='lat' dir='ltr'><strong>usurpabatur:</strong></span> <span class='ocrx_word' id='word_1_223' title='bbox 1467 1833 1748 1894; x_wconf 87' lang='lat' dir='ltr'><strong>propterea</strong></span> <span class='ocrx_word' id='word_1_224' title='bbox 1768 1834 1957 1879; x_wconf 88' lang='lat' dir='ltr'><strong>auctor</strong></span> <span class='ocrx_word' id='word_1_225' title='bbox 1976 1824 2086 1878; x_wconf 89' lang='lat' dir='ltr'><strong>Dia-</strong></span> <span class='ocrx_word' id='word_1_226' title='bbox 2123 1824 2170 1882; x_wconf 90' lang='lat' dir='ltr'><strong>B</strong></span> <span class='ocrx_word' id='word_1_227' title='bbox 2199 1827 2377 1873; x_wconf 87' lang='lat' dir='ltr'><strong>tamen</strong></span> <span class='ocrx_word' id='word_1_228' title='bbox 2402 1819 2679 1872; x_wconf 87' lang='lat' dir='ltr'><strong>universas</strong></span> <span class='ocrx_word' id='word_1_229' title='bbox 2701 1817 2922 1873; x_wconf 89' lang='lat' dir='ltr'><strong>omnino</strong></span> <span class='ocrx_word' id='word_1_230' title='bbox 2951 1818 3321 1882; x_wconf 81' lang='lat' dir='ltr'><strong>exhibuimus;</strong></span> <span class='ocrx_word' id='word_1_231' title='bbox 3355 1819 3480 1890; x_wconf 84' lang='lat' dir='ltr'><strong>quid</strong></span> <span class='ocrx_word' id='word_1_232' title='bbox 3508 1820 3652 1874; x_wconf 76' lang='lat' dir='ltr'><strong>enim</strong></span> <span class='ocrx_word' id='word_1_233' title='bbox 3691 1820 3803 1875; x_wconf 81' lang='lat' dir='ltr'><strong>uli-</strong></span> 
     </span>
    </p>
   </div>
   <div class='ocr_carea' id='block_1_33' title="bbox 485 1914 2087 1988">
    <p class='ocr_par' dir='ltr' id='par_1_33' title="bbox 485 1914 2087 1988">
     <span class='ocr_line' id='line_1_33' title="bbox 485 1914 2087 1988; baseline 0.001 -17"><span class='ocrx_word' id='word_1_234' title='bbox 485 1914 596 1986; x_wconf 87' lang='lat' dir='ltr'><strong>logi</strong></span> <span class='ocrx_word' id='word_1_235' title='bbox 620 1916 688 1972; x_wconf 88' lang='lat' dir='ltr'><strong>de</strong></span> <span class='ocrx_word' id='word_1_236' title='bbox 715 1916 1070 1974; x_wconf 82' lang='lat' dir='ltr'><strong>Oratoribus:</strong></span> <span class='ocrx_word' id='word_1_237' title='bbox 1093 1918 1476 1972; x_wconf 85' lang='lat' dir='ltr'><strong>criminabimur</strong></span> <span class='ocrx_word' id='word_1_238' title='bbox 1505 1927 1552 1972; x_wconf 88' lang='lat' dir='ltr'><strong>te</strong></span> <span class='ocrx_word' id='word_1_239' title='bbox 1575 1918 1918 1988; x_wconf 87' lang='lat' dir='ltr'><strong>antiquariis;</strong></span> <span class='ocrx_word' id='word_1_240' title='bbox 1949 1927 2004 1972; x_wconf 92' lang='lat' dir='ltr'><strong>et</strong></span> <span class='ocrx_word' id='word_1_241' title='bbox 2035 1918 2087 1972; x_wconf 86' lang='lat' dir='ltr'><strong>in</strong></span> 
     </span>
    </p>
   </div>
   <div class='ocr_carea' id='block_1_34' title="bbox 483 2007 2082 2080">
    <p class='ocr_par' dir='ltr' id='par_1_34' title="bbox 483 2007 2082 2080">
     <span class='ocr_line' id='line_1_34' title="bbox 483 2007 2082 2080; baseline 0.002 -19"><span class='ocrx_word' id='word_1_242' title='bbox 483 2007 678 2062; x_wconf 81' lang='lat' dir='ltr'><strong>eodem</strong></span> <span class='ocrx_word' id='word_1_243' title='bbox 732 2009 872 2065; x_wconf 89' lang='lat' dir='ltr'><strong>libro</strong></span> <span class='ocrx_word' id='word_1_244' title='bbox 899 2027 912 2064; x_wconf 90' lang='lat'>:</span> <span class='ocrx_word' id='word_1_245' title='bbox 945 2027 1036 2064; x_wconf 89' lang='lat' dir='ltr'><strong>nec</strong></span> <span class='ocrx_word' id='word_1_246' title='bbox 1061 2026 1364 2080; x_wconf 87' lang='lat' dir='ltr'><strong>quemquam</strong></span> <span class='ocrx_word' id='word_1_247' title='bbox 1393 2010 1521 2064; x_wconf 88' lang='lat' dir='ltr'><strong>adeo</strong></span> <span class='ocrx_word' id='word_1_248' title='bbox 1563 2011 1908 2078; x_wconf 86' lang='lat' dir='ltr'><strong>antiquarium</strong></span> <span class='ocrx_word' id='word_1_249' title='bbox 1936 2019 2082 2079; x_wconf 88' lang='lat' dir='ltr'><strong>puto,</strong></span> 
     </span>
    </p>
   </div>
   <div class='ocr_carea' id='block_1_35' title="bbox 491 2099 2090 2159">
    <p class='ocr_par' dir='ltr' id='par_1_35' title="bbox 491 2099 2090 2159">
     <span class='ocr_line' id='line_1_35' title="bbox 491 2099 2090 2159; baseline 0 -5"><span class='ocrx_word' id='word_1_250' title='bbox 491 2107 599 2154; x_wconf 87' lang='lat' dir='ltr'><strong>etc.</strong></span> <span class='ocrx_word' id='word_1_251' title='bbox 634 2099 834 2156; x_wconf 82' lang='lat' dir='ltr'><strong>Vocem</strong></span> <span class='ocrx_word' id='word_1_252' title='bbox 857 2102 1047 2158; x_wconf 91' lang='lat' dir='ltr'><strong>eodem</strong></span> <span class='ocrx_word' id='word_1_253' title='bbox 1076 2115 1239 2157; x_wconf 90' lang='lat' dir='ltr'><strong>sensu</strong></span> <span class='ocrx_word' id='word_1_254' title='bbox 1270 2101 1530 2159; x_wconf 87' lang='lat' dir='ltr'><strong>adhibent</strong></span> <span class='ocrx_word' id='word_1_255' title='bbox 1555 2100 1834 2158; x_wconf 69' lang='lat' dir='ltr'><strong>iuvenalis</strong></span> <span class='ocrx_word' id='word_1_256' title='bbox 1857 2115 1920 2156; x_wconf 91' lang='lat' dir='ltr'><strong>ac</strong></span> <span class='ocrx_word' id='word_1_257' title='bbox 1956 2101 2090 2156; x_wconf 85' lang='lat' dir='ltr'><strong>Sue-</strong></span> 
     </span>
    </p>
   </div>
   <div class='ocr_carea' id='block_1_36' title="bbox 496 2188 2090 2262">
    <p class='ocr_par' dir='ltr' id='par_1_36' title="bbox 496 2188 2090 2262">
     <span class='ocr_line' id='line_1_36' title="bbox 496 2188 2090 2262; baseline 0.003 -19"><span class='ocrx_word' id='word_1_258' title='bbox 496 2191 698 2246; x_wconf 91' lang='lat' dir='ltr'><strong>tonius.</strong></span> <span class='ocrx_word' id='word_1_259' title='bbox 760 2188 1031 2248; x_wconf 69' lang='lat' dir='ltr'><strong>Caeterum</strong></span> <span class='ocrx_word' id='word_1_260' title='bbox 1083 2191 1444 2262; x_wconf 89' lang='lat' dir='ltr'><strong>antiquarium</strong></span> <span class='ocrx_word' id='word_1_261' title='bbox 1501 2202 1789 2259; x_wconf 90' lang='lat' dir='ltr'><strong>nostrum,</strong></span> <span class='ocrx_word' id='word_1_262' title='bbox 1843 2193 2090 2262; x_wconf 90' lang='lat' dir='ltr'><strong>quamvis</strong></span> 
     </span>
    </p>
   </div>
   <div class='ocr_carea' id='block_1_37' title="bbox 491 2279 2090 2355">
    <p class='ocr_par' dir='ltr' id='par_1_37' title="bbox 491 2279 2090 2355">
     <span class='ocr_line' id='line_1_37' title="bbox 491 2279 2090 2355; baseline 0.001 -18"><span class='ocrx_word' id='word_1_263' title='bbox 491 2279 743 2338; x_wconf 68' lang='lat' dir='ltr'><strong>Graecum</strong></span> <span class='ocrx_word' id='word_1_264' title='bbox 773 2297 969 2340; x_wconf 91' lang='lat' dir='ltr'><strong>nomen</strong></span> <span class='ocrx_word' id='word_1_265' title='bbox 993 2300 1103 2355; x_wconf 85' lang='lat' dir='ltr'><strong>prae</strong></span> <span class='ocrx_word' id='word_1_266' title='bbox 1127 2299 1186 2340; x_wconf 91' lang='lat' dir='ltr'><strong>se</strong></span> <span class='ocrx_word' id='word_1_267' title='bbox 1207 2285 1493 2348; x_wconf 81' lang='lat' dir='ltr'><strong>ferentem,</strong></span> <span class='ocrx_word' id='word_1_268' title='bbox 1525 2281 1771 2339; x_wconf 62' lang='lat' dir='ltr'><strong>Graecum</strong></span> <span class='ocrx_word' id='word_1_269' title='bbox 1804 2281 1968 2338; x_wconf 79' lang='lat' dir='ltr'><strong>fuisse</strong></span> <span class='ocrx_word' id='word_1_270' title='bbox 1996 2298 2090 2339; x_wconf 92' lang='lat' dir='ltr'><strong>ne-</strong></span> 
     </span>
    </p>
   </div>
   <div class='ocr_carea' id='block_1_38' title="bbox 492 2374 2090 2448">
    <p class='ocr_par' dir='ltr' id='par_1_38' title="bbox 492 2374 2090 2448">
     <span class='ocr_line' id='line_1_38' title="bbox 492 2374 2090 2448; baseline 0.001 -20"><span class='ocrx_word' id='word_1_271' title='bbox 492 2389 762 2446; x_wconf 89' lang='lat' dir='ltr'><strong>quaquam</strong></span> <span class='ocrx_word' id='word_1_272' title='bbox 788 2378 1147 2448; x_wconf 89' lang='lat' dir='ltr'><strong>suspicemur,</strong></span> <span class='ocrx_word' id='word_1_273' title='bbox 1175 2391 1298 2431; x_wconf 93' lang='lat' dir='ltr'><strong>cum</strong></span> <span class='ocrx_word' id='word_1_274' title='bbox 1327 2375 1535 2430; x_wconf 88' lang='lat' dir='ltr'><strong>Latinis</strong></span> <span class='ocrx_word' id='word_1_275' title='bbox 1575 2374 1727 2430; x_wconf 91' lang='lat' dir='ltr'><strong>libris</strong></span> <span class='ocrx_word' id='word_1_276' title='bbox 1757 2389 1978 2445; x_wconf 82' lang='lat' dir='ltr'><strong>Operam</strong></span> <span class='ocrx_word' id='word_1_277' title='bbox 2001 2375 2090 2430; x_wconf 88' lang='lat' dir='ltr'><strong>da-</strong></span> 
     </span>
    </p>
   </div>
   <div class='ocr_carea' id='block_1_39' title="bbox 487 2467 2088 2542">
    <p class='ocr_par' dir='ltr' id='par_1_39' title="bbox 487 2467 2088 2542">
     <span class='ocr_line' id='line_1_39' title="bbox 487 2467 2088 2542; baseline 0 -20"><span class='ocrx_word' id='word_1_278' title='bbox 487 2475 594 2533; x_wconf 87' lang='lat' dir='ltr'><strong>ret,</strong></span> <span class='ocrx_word' id='word_1_279' title='bbox 625 2477 675 2522; x_wconf 92' lang='lat' dir='ltr'><strong>et</strong></span> <span class='ocrx_word' id='word_1_280' title='bbox 703 2482 800 2538; x_wconf 91' lang='lat' dir='ltr'><strong>pro</strong></span> <span class='ocrx_word' id='word_1_281' title='bbox 829 2467 1074 2524; x_wconf 79' lang='lat' dir='ltr'><strong>Eat/talio</strong></span> <span class='ocrx_word' id='word_1_282' title='bbox 1100 2468 1195 2542; x_wconf 90' lang='lat' dir='ltr'><strong>(ab</strong></span> <span class='ocrx_word' id='word_1_283' title='bbox 1215 2469 1438 2524; x_wconf 80' lang='grc' dir='ltr'><strong>ἐυθαλεῖν</strong></span> <span class='ocrx_word' id='word_1_284' title='bbox 1469 2467 1732 2540; x_wconf 85' lang='lat' dir='ltr'><strong>siquidem</strong></span> <span class='ocrx_word' id='word_1_285' title='bbox 1778 2467 2088 2539; x_wconf 85' lang='lat' dir='ltr'><strong>deducitur)</strong></span> 
     </span>
    </p>
   </div>
   <div class='ocr_carea' id='block_1_40' title="bbox 487 2559 1072 2619">
    <p class='ocr_par' dir='ltr' id='par_1_40' title="bbox 487 2559 1072 2619">
     <span class='ocr_line' id='line_1_40' title="bbox 487 2559 1072 2619; baseline 0.01 -6"><span class='ocrx_word' id='word_1_286' title='bbox 487 2559 763 2615; x_wconf 87' lang='lat' dir='ltr'><strong>Eutatium</strong></span> <span class='ocrx_word' id='word_1_287' title='bbox 789 2562 1072 2619; x_wconf 89' lang='lat' dir='ltr'><strong>scriberet.</strong></span> 
     </span>
    </p>
   </div>
   <div class='ocr_carea' id='block_1_41' title="bbox 556 2652 2088 2726">
    <p class='ocr_par' dir='ltr' id='par_1_41' title="bbox 556 2652 2088 2726">
     <span class='ocr_line' id='line_1_41' title="bbox 556 2652 2088 2726; baseline 0.001 -19"><span class='ocrx_word' id='word_1_288' title='bbox 556 2652 617 2708; x_wconf 89' lang='lat' dir='ltr'><strong>In</strong></span> <span class='ocrx_word' id='word_1_289' title='bbox 647 2668 834 2720; x_wconf 89' lang='lat' dir='ltr'><strong>vacuo,</strong></span> <span class='ocrx_word' id='word_1_290' title='bbox 862 2655 1005 2725; x_wconf 92' lang='lat' dir='ltr'><strong>quod</strong></span> <span class='ocrx_word' id='word_1_291' title='bbox 1033 2663 1387 2722; x_wconf 87' lang='lat' dir='ltr'><strong>remanserat,</strong></span> <span class='ocrx_word' id='word_1_292' title='bbox 1413 2657 1586 2726; x_wconf 89' lang='lat' dir='ltr'><strong>spatio</strong></span> <span class='ocrx_word' id='word_1_293' title='bbox 1608 2656 1674 2710; x_wconf 89' lang='lat' dir='ltr'><strong>ad</strong></span> <span class='ocrx_word' id='word_1_294' title='bbox 1705 2655 1865 2710; x_wconf 92' lang='lat' dir='ltr'><strong>linem</strong></span> <span class='ocrx_word' id='word_1_295' title='bbox 1889 2653 2088 2708; x_wconf 88' lang='lat' dir='ltr'><strong>Psalmi</strong></span> 
     </span>
    </p>
   </div>
   <div class='ocr_carea' id='block_1_42' title="bbox 484 2747 2088 2820">
    <p class='ocr_par' dir='ltr' id='par_1_42' title="bbox 484 2747 2088 2820">
     <span class='ocr_line' id='line_1_42' title="bbox 484 2747 2088 2820; baseline -0.002 -16"><span class='ocrx_word' id='word_1_296' title='bbox 484 2763 614 2804; x_wconf 85' lang='lat' dir='ltr'><strong>cxxt</strong></span> <span class='ocrx_word' id='word_1_297' title='bbox 644 2748 859 2806; x_wconf 85' lang='lat' dir='ltr'><strong>diverso</strong></span> <span class='ocrx_word' id='word_1_298' title='bbox 888 2766 1112 2820; x_wconf 91' lang='lat' dir='ltr'><strong>prorsus</strong></span> <span class='ocrx_word' id='word_1_299' title='bbox 1158 2749 1430 2807; x_wconf 89' lang='lat' dir='ltr'><strong>scribendi</strong></span> <span class='ocrx_word' id='word_1_300' title='bbox 1455 2764 1678 2820; x_wconf 88' lang='lat' dir='ltr'><strong>genere,</strong></span> <span class='ocrx_word' id='word_1_301' title='bbox 1707 2757 1762 2804; x_wconf 87' lang='lat' dir='ltr'><strong>et</strong></span> <span class='ocrx_word' id='word_1_302' title='bbox 1800 2747 2088 2802; x_wconf 87' lang='lat' dir='ltr'><strong>recentiori</strong></span> 
     </span>
    </p>
   </div>
   <div class='ocr_carea' id='block_1_43' title="bbox 482 2839 2088 2912">
    <p class='ocr_par' dir='ltr' id='par_1_43' title="bbox 482 2839 2088 2912">
     <span class='ocr_line' id='line_1_43' title="bbox 482 2839 2088 2912; baseline -0.001 -18"><span class='ocrx_word' id='word_1_303' title='bbox 482 2850 790 2896; x_wconf 86' lang='lat' dir='ltr'><strong>atramento</strong></span> <span class='ocrx_word' id='word_1_304' title='bbox 812 2842 975 2898; x_wconf 89' lang='lat' dir='ltr'><strong>verba</strong></span> <span class='ocrx_word' id='word_1_305' title='bbox 1010 2841 1126 2897; x_wconf 66' lang='lat' dir='ltr'><strong>haec</strong></span> <span class='ocrx_word' id='word_1_306' title='bbox 1154 2843 1423 2912; x_wconf 88' lang='lat' dir='ltr'><strong>posterior</strong></span> <span class='ocrx_word' id='word_1_307' title='bbox 1442 2856 1635 2897; x_wconf 87' lang='lat' dir='ltr'><strong>manus</strong></span> <span class='ocrx_word' id='word_1_308' title='bbox 1664 2840 1913 2910; x_wconf 88' lang='lat' dir='ltr'><strong>adposuit</strong></span> <span class='ocrx_word' id='word_1_309' title='bbox 1937 2839 2088 2910; x_wconf 90' lang='lat' dir='ltr'><strong>quasi</strong></span> 
     </span>
    </p>
   </div>
   <div class='ocr_carea' id='block_1_44' title="bbox 489 2931 2091 3003">
    <p class='ocr_par' dir='ltr' id='par_1_44' title="bbox 489 2931 2091 3003">
     <span class='ocr_line' id='line_1_44' title="bbox 489 2931 2091 3003; baseline -0.002 -16"><span class='ocrx_word' id='word_1_310' title='bbox 489 2933 810 2988; x_wconf 88' lang='lat' dir='ltr'><strong>ludibunda:</strong></span> <span class='ocrx_word' id='word_1_311' title='bbox 839 2934 906 2988; x_wconf 84' lang='lat' dir='ltr'><strong>In</strong></span> <span class='ocrx_word' id='word_1_312' title='bbox 932 2936 1138 2989; x_wconf 88' lang='lat' dir='ltr'><strong>nomine</strong></span> <span class='ocrx_word' id='word_1_313' title='bbox 1157 2933 1367 2988; x_wconf 89' lang='lat' dir='ltr'><strong>Domini</strong></span> <span class='ocrx_word' id='word_1_314' title='bbox 1389 2933 1543 2988; x_wconf 80' lang='lat' dir='ltr'><strong>litum</strong></span> <span class='ocrx_word' id='word_1_315' title='bbox 1565 2931 1616 2987; x_wconf 85' lang='lat' dir='ltr'><em>X</em></span> <span class='ocrx_word' id='word_1_316' title='bbox 1621 2934 1672 3003; x_wconf 90' lang='lat' dir='ltr'><strong>pi</strong></span> <span class='ocrx_word' id='word_1_317' title='bbox 1696 2933 1931 3002; x_wconf 83' lang='lat' dir='ltr'><strong>Ariperto</strong></span> <span class='ocrx_word' id='word_1_318' title='bbox 1954 2931 2091 3001; x_wconf 82' lang='lat' dir='ltr'><strong>Rege</strong></span> 
     </span>
    </p>
   </div>
   <div class='ocr_carea' id='block_1_45' title="bbox 485 3023 2090 3097">
    <p class='ocr_par' dir='ltr' id='par_1_45' title="bbox 485 3023 2090 3097">
     <span class='ocr_line' id='line_1_45' title="bbox 485 3023 2090 3097; baseline -0.001 -18"><span class='ocrx_word' id='word_1_319' title='bbox 485 3025 586 3097; x_wconf 81' lang='lat' dir='ltr'><strong>fuit</strong></span> <span class='ocrx_word' id='word_1_320' title='bbox 606 3041 722 3079; x_wconf 83' lang='lat' dir='ltr'><strong>vera</strong></span> <span class='ocrx_word' id='word_1_321' title='bbox 753 3026 951 3091; x_wconf 80' lang='lat' dir='ltr'><strong>iustitia</strong></span> <span class='ocrx_word' id='word_1_322' title='bbox 990 3035 1037 3080; x_wconf 90' lang='lat' dir='ltr'><strong>et</strong></span> <span class='ocrx_word' id='word_1_323' title='bbox 1067 3026 1387 3082; x_wconf 83' lang='lat' dir='ltr'><strong>sincera.....</strong></span> <span class='ocrx_word' id='word_1_324' title='bbox 1418 3025 1622 3082; x_wconf 88' lang='lat' dir='ltr'><strong>Deinde</strong></span> <span class='ocrx_word' id='word_1_325' title='bbox 1645 3066 1661 3092; x_wconf 93' lang='lat'><strong>,</strong></span> <span class='ocrx_word' id='word_1_326' title='bbox 1693 3023 1897 3078; x_wconf 85' lang='lat' dir='ltr'><strong>Builius</strong></span> <span class='ocrx_word' id='word_1_327' title='bbox 1922 3023 2090 3077; x_wconf 80' lang='lat' dir='ltr'><strong>Abbas</strong></span> 
     </span>
    </p>
   </div>
   <div class='ocr_carea' id='block_1_46' title="bbox 484 3115 2089 3190">
    <p class='ocr_par' dir='ltr' id='par_1_46' title="bbox 484 3115 2089 3190">
     <span class='ocr_line' id='line_1_46' title="bbox 484 3115 2089 3190; baseline -0.001 -20"><span class='ocrx_word' id='word_1_328' title='bbox 484 3117 551 3171; x_wconf 87' lang='lat' dir='ltr'><strong>de</strong></span> <span class='ocrx_word' id='word_1_329' title='bbox 580 3115 941 3170; x_wconf 79' lang='lat' dir='ltr'><strong>Monastirium</strong></span> <span class='ocrx_word' id='word_1_330' title='bbox 969 3118 1041 3188; x_wconf 86' lang='lat' dir='ltr'><strong>sci</strong></span> <span class='ocrx_word' id='word_1_331' title='bbox 1094 3116 1289 3172; x_wconf 86' lang='lat' dir='ltr'><strong>Thamc</strong></span> <span class='ocrx_word' id='word_1_332' title='bbox 1328 3118 1563 3190; x_wconf 85' lang='lat' dir='ltr'><strong>Apostoli</strong></span> <span class='ocrx_word' id='word_1_333' title='bbox 1592 3118 1695 3170; x_wconf 86' lang='lat' dir='ltr'><strong>cuit</strong></span> <span class='ocrx_word' id='word_1_334' title='bbox 1737 3116 1981 3186; x_wconf 85' lang='lat' dir='ltr'><strong>vocapolo</strong></span> <span class='ocrx_word' id='word_1_335' title='bbox 2014 3123 2089 3170; x_wconf 87' lang='lat' dir='ltr'><strong>est</strong></span> 
     </span>
    </p>
   </div>
   <div class='ocr_carea' id='block_1_47' title="bbox 2194 1910 3800 1982">
    <p class='ocr_par' dir='ltr' id='par_1_47' title="bbox 2194 1910 3800 1982">
     <span class='ocr_line' id='line_1_47' title="bbox 2194 1910 3800 1982; baseline 0.001 -15"><span class='ocrx_word' id='word_1_336' title='bbox 2194 1913 2358 1968; x_wconf 87' lang='lat' dir='ltr'><strong>litatis</strong></span> <span class='ocrx_word' id='word_1_337' title='bbox 2406 1911 2495 1966; x_wconf 90' lang='lat' dir='ltr'><strong>ubi</strong></span> <span class='ocrx_word' id='word_1_338' title='bbox 2535 1921 2723 1982; x_wconf 85' lang='lat' dir='ltr'><strong>patens</strong></span> <span class='ocrx_word' id='word_1_339' title='bbox 2779 1928 2932 1967; x_wconf 89' lang='lat' dir='ltr'><strong>error</strong></span> <span class='ocrx_word' id='word_1_340' title='bbox 2982 1911 3034 1966; x_wconf 91' lang='lat' dir='ltr'><strong>in</strong></span> <span class='ocrx_word' id='word_1_341' title='bbox 3077 1910 3317 1966; x_wconf 87' lang='lat' dir='ltr'><strong>codicem</strong></span> <span class='ocrx_word' id='word_1_342' title='bbox 3364 1912 3659 1982; x_wconf 87' lang='lat' dir='ltr'><strong>irrepserit,</strong></span> <span class='ocrx_word' id='word_1_343' title='bbox 3709 1915 3800 1969; x_wconf 89' lang='lat' dir='ltr'><strong>vel</strong></span> 
     </span>
    </p>
   </div>
   <div class='ocr_carea' id='block_1_48' title="bbox 2192 2004 3799 2077">
    <p class='ocr_par' dir='ltr' id='par_1_48' title="bbox 2192 2004 3799 2077">
     <span class='ocr_line' id='line_1_48' title="bbox 2192 2004 3799 2077; baseline 0.001 -18"><span class='ocrx_word' id='word_1_344' title='bbox 2192 2004 2280 2059; x_wconf 90' lang='lat' dir='ltr'><strong>ubi</strong></span> <span class='ocrx_word' id='word_1_345' title='bbox 2340 2018 2426 2058; x_wconf 91' lang='lat' dir='ltr'><strong>res</strong></span> <span class='ocrx_word' id='word_1_346' title='bbox 2493 2004 2647 2060; x_wconf 89' lang='lat' dir='ltr'><strong>nihili</strong></span> <span class='ocrx_word' id='word_1_347' title='bbox 2705 2004 3059 2059; x_wconf 84' lang='lat' dir='ltr'><strong>moneantur?</strong></span> <span class='ocrx_word' id='word_1_348' title='bbox 3121 2004 3511 2061; x_wconf 85' lang='lat' dir='ltr'><strong>Adscribentur</strong></span> <span class='ocrx_word' id='word_1_349' title='bbox 3575 2005 3799 2077; x_wconf 89' lang='lat' dir='ltr'><strong>quidem</strong></span> 
     </span>
    </p>
   </div>
   <div class='ocr_carea' id='block_1_49' title="bbox 2192 2097 3800 2168">
    <p class='ocr_par' dir='ltr' id='par_1_49' title="bbox 2192 2097 3800 2168">
     <span class='ocr_line' id='line_1_49' title="bbox 2192 2097 3800 2168; baseline 0.002 -16"><span class='ocrx_word' id='word_1_350' title='bbox 2192 2097 2522 2167; x_wconf 79' lang='lat' dir='ltr'><strong>aliquando,</strong></span> <span class='ocrx_word' id='word_1_351' title='bbox 2577 2099 2786 2154; x_wconf 90' lang='lat' dir='ltr'><strong>etiamsi</strong></span> <span class='ocrx_word' id='word_1_352' title='bbox 2842 2113 2872 2152; x_wconf 90' lang='lat' dir='ltr'><strong>a</strong></span> <span class='ocrx_word' id='word_1_353' title='bbox 2936 2097 3275 2168; x_wconf 69' lang='lat' dir='ltr'><strong>praecedente</strong></span> <span class='ocrx_word' id='word_1_354' title='bbox 3332 2098 3540 2154; x_wconf 89' lang='lat' dir='ltr'><strong>editore</strong></span> <span class='ocrx_word' id='word_1_355' title='bbox 3600 2115 3800 2156; x_wconf 88' lang='lat' dir='ltr'><strong>recen-</strong></span> 
     </span>
    </p>
   </div>
   <div class='ocr_carea' id='block_1_50' title="bbox 2193 2189 3802 2259">
    <p class='ocr_par' dir='ltr' id='par_1_50' title="bbox 2193 2189 3802 2259">
     <span class='ocr_line' id='line_1_50' title="bbox 2193 2189 3802 2259; baseline 0.002 -15"><span class='ocrx_word' id='word_1_356' title='bbox 2193 2190 2308 2244; x_wconf 77' lang='lat' dir='ltr'><strong>sita:</strong></span> <span class='ocrx_word' id='word_1_357' title='bbox 2338 2190 2467 2245; x_wconf 86' lang='lat' dir='ltr'><strong>item</strong></span> <span class='ocrx_word' id='word_1_358' title='bbox 2519 2190 2738 2256; x_wconf 81' lang='lat' dir='ltr'><strong>fuerint,</strong></span> <span class='ocrx_word' id='word_1_359' title='bbox 2788 2200 2847 2245; x_wconf 93' lang='lat' dir='ltr'><strong>ut</strong></span> <span class='ocrx_word' id='word_1_360' title='bbox 2881 2199 3115 2258; x_wconf 88' lang='lat' dir='ltr'><strong>constet,</strong></span> <span class='ocrx_word' id='word_1_361' title='bbox 3163 2189 3482 2259; x_wconf 87' lang='lat' dir='ltr'><strong>quibusnam</strong></span> <span class='ocrx_word' id='word_1_362' title='bbox 3512 2207 3542 2248; x_wconf 90' lang='lat' dir='ltr'><strong>e</strong></span> <span class='ocrx_word' id='word_1_363' title='bbox 3566 2191 3802 2248; x_wconf 89' lang='lat' dir='ltr'><strong>diversis</strong></span> 
     </span>
    </p>
   </div>
   <div class='ocr_carea' id='block_1_51' title="bbox 2193 2284 3801 2356">
    <p class='ocr_par' dir='ltr' id='par_1_51' title="bbox 2193 2284 3801 2356">
     <span class='ocr_line' id='line_1_51' title="bbox 2193 2284 3801 2356; baseline 0.001 -16"><span class='ocrx_word' id='word_1_364' title='bbox 2193 2284 2514 2340; x_wconf 90' lang='lat' dir='ltr'><strong>lectionibus</strong></span> <span class='ocrx_word' id='word_1_365' title='bbox 2570 2295 2678 2339; x_wconf 88' lang='lat' dir='ltr'><strong>tam</strong></span> <span class='ocrx_word' id='word_1_366' title='bbox 2730 2285 3018 2356; x_wconf 90' lang='lat' dir='ltr'><strong>insignium</strong></span> <span class='ocrx_word' id='word_1_367' title='bbox 3072 2284 3507 2340; x_wconf 87' lang='lat' dir='ltr'><strong>membranarum</strong></span> <span class='ocrx_word' id='word_1_368' title='bbox 3555 2286 3801 2342; x_wconf 87' lang='lat' dir='ltr'><strong>calculus</strong></span> 
     </span>
    </p>
   </div>
   <div class='ocr_carea' id='block_1_52' title="bbox 2191 2377 3798 2450">
    <p class='ocr_par' dir='ltr' id='par_1_52' title="bbox 2191 2377 3798 2450">
     <span class='ocr_line' id='line_1_52' title="bbox 2191 2377 3798 2450; baseline 0.001 -18"><span class='ocrx_word' id='word_1_369' title='bbox 2191 2377 2432 2433; x_wconf 88' lang='lat' dir='ltr'><strong>accedat.</strong></span> <span class='ocrx_word' id='word_1_370' title='bbox 2467 2377 2523 2432; x_wconf 91' lang='lat' dir='ltr'><strong>In</strong></span> <span class='ocrx_word' id='word_1_371' title='bbox 2552 2385 2754 2434; x_wconf 82' lang='lat' dir='ltr'><strong>textum</strong></span> <span class='ocrx_word' id='word_1_372' title='bbox 2800 2393 2861 2434; x_wconf 90' lang='lat' dir='ltr'><strong>ea</strong></span> <span class='ocrx_word' id='word_1_373' title='bbox 2911 2387 3113 2433; x_wconf 86' lang='lat' dir='ltr'><strong>tantum</strong></span> <span class='ocrx_word' id='word_1_374' title='bbox 3145 2378 3470 2448; x_wconf 88' lang='lat' dir='ltr'><strong>recepimus,</strong></span> <span class='ocrx_word' id='word_1_375' title='bbox 3502 2394 3621 2450; x_wconf 79' lang='lat' dir='ltr'><strong>qua:</strong></span> <span class='ocrx_word' id='word_1_376' title='bbox 3643 2379 3798 2434; x_wconf 92' lang='lat' dir='ltr'><strong>illum</strong></span> 
     </span>
    </p>
   </div>
   <div class='ocr_carea' id='block_1_53' title="bbox 2192 2470 3798 2543">
    <p class='ocr_par' dir='ltr' id='par_1_53' title="bbox 2192 2470 3798 2543">
     <span class='ocr_line' id='line_1_53' title="bbox 2192 2470 3798 2543; baseline 0.002 -19"><span class='ocrx_word' id='word_1_377' title='bbox 2192 2472 2414 2525; x_wconf 91' lang='lat' dir='ltr'><strong>omnino</strong></span> <span class='ocrx_word' id='word_1_378' title='bbox 2461 2471 2748 2536; x_wconf 87' lang='lat' dir='ltr'><strong>resarcire,</strong></span> <span class='ocrx_word' id='word_1_379' title='bbox 2802 2470 2889 2525; x_wconf 86' lang='lat' dir='ltr'><strong>vel</strong></span> <span class='ocrx_word' id='word_1_380' title='bbox 2933 2481 3044 2526; x_wconf 91' lang='lat' dir='ltr'><strong>tuto</strong></span> <span class='ocrx_word' id='word_1_381' title='bbox 3075 2471 3360 2527; x_wconf 87' lang='lat' dir='ltr'><strong>restituere</strong></span> <span class='ocrx_word' id='word_1_382' title='bbox 3398 2481 3606 2543; x_wconf 88' lang='lat' dir='ltr'><strong>pateat;</strong></span> <span class='ocrx_word' id='word_1_383' title='bbox 3648 2471 3798 2543; x_wconf 92' lang='lat' dir='ltr'><strong>quod</strong></span> 
     </span>
    </p>
   </div>
   <div class='ocr_carea' id='block_1_54' title="bbox 2192 2563 3797 2634">
    <p class='ocr_par' dir='ltr' id='par_1_54' title="bbox 2192 2563 3797 2634">
     <span class='ocr_line' id='line_1_54' title="bbox 2192 2563 3797 2634; baseline 0.001 -17"><span class='ocrx_word' id='word_1_384' title='bbox 2192 2563 2327 2618; x_wconf 92' lang='lat' dir='ltr'><strong>locis</strong></span> <span class='ocrx_word' id='word_1_385' title='bbox 2383 2563 2647 2633; x_wconf 87' lang='lat' dir='ltr'><strong>pluribus,</strong></span> <span class='ocrx_word' id='word_1_386' title='bbox 2708 2564 2979 2634; x_wconf 72' lang='lat' dir='ltr'><strong>prtecipue</strong></span> <span class='ocrx_word' id='word_1_387' title='bbox 3029 2571 3348 2618; x_wconf 89' lang='lat' dir='ltr'><strong>tractatuum</strong></span> <span class='ocrx_word' id='word_1_388' title='bbox 3403 2564 3456 2618; x_wconf 93' lang='lat' dir='ltr'><strong>in</strong></span> <span class='ocrx_word' id='word_1_389' title='bbox 3504 2563 3797 2633; x_wconf 89' lang='lat' dir='ltr'><strong>Psalmos,</strong></span> 
     </span>
    </p>
   </div>
   <div class='ocr_carea' id='block_1_55' title="bbox 2193 2655 3801 2727">
    <p class='ocr_par' dir='ltr' id='par_1_55' title="bbox 2193 2655 3801 2727">
     <span class='ocr_line' id='line_1_55' title="bbox 2193 2655 3801 2727; baseline 0.001 -17"><span class='ocrx_word' id='word_1_390' title='bbox 2193 2667 2450 2726; x_wconf 66' lang='lat' dir='ltr'><strong>prtestare</strong></span> <span class='ocrx_word' id='word_1_391' title='bbox 2497 2657 2753 2726; x_wconf 83' lang='lat' dir='ltr'><strong>contigit:</strong></span> <span class='ocrx_word' id='word_1_392' title='bbox 2791 2655 3060 2726; x_wconf 89' lang='lat' dir='ltr'><strong>prioribus</strong></span> <span class='ocrx_word' id='word_1_393' title='bbox 3092 2664 3271 2711; x_wconf 87' lang='lat' dir='ltr'><strong>tamen</strong></span> <span class='ocrx_word' id='word_1_394' title='bbox 3302 2656 3620 2712; x_wconf 86' lang='lat' dir='ltr'><strong>lectionibus</strong></span> <span class='ocrx_word' id='word_1_395' title='bbox 3671 2672 3801 2727; x_wconf 89' lang='lat' dir='ltr'><strong>per-</strong></span> 
     </span>
    </p>
   </div>
   <div class='ocr_carea' id='block_1_56' title="bbox 2194 2746 3800 2818">
    <p class='ocr_par' dir='ltr' id='par_1_56' title="bbox 2194 2746 3800 2818">
     <span class='ocr_line' id='line_1_56' title="bbox 2194 2746 3800 2818; baseline 0.001 -15"><span class='ocrx_word' id='word_1_396' title='bbox 2194 2757 2356 2818; x_wconf 89' lang='lat' dir='ltr'><strong>petuo</strong></span> <span class='ocrx_word' id='word_1_397' title='bbox 2388 2746 2678 2817; x_wconf 89' lang='lat' dir='ltr'><strong>adpositis,</strong></span> <span class='ocrx_word' id='word_1_398' title='bbox 2714 2758 2770 2802; x_wconf 92' lang='lat' dir='ltr'><strong>ut</strong></span> <span class='ocrx_word' id='word_1_399' title='bbox 2825 2749 3089 2817; x_wconf 85' lang='lat' dir='ltr'><strong>integrum</strong></span> <span class='ocrx_word' id='word_1_400' title='bbox 3131 2748 3419 2818; x_wconf 89' lang='lat' dir='ltr'><strong>unicuique</strong></span> <span class='ocrx_word' id='word_1_401' title='bbox 3457 2749 3800 2818; x_wconf 89' lang='lat' dir='ltr'><strong>liberumque</strong></span> 
     </span>
    </p>
   </div>
   <div class='ocr_carea' id='block_1_57' title="bbox 2187 2826 3800 2910">
    <p class='ocr_par' dir='ltr' id='par_1_57' title="bbox 2187 2826 3800 2910">
     <span class='ocr_line' id='line_1_57' title="bbox 2187 2826 3800 2910; baseline 0.003 -18"><span class='ocrx_word' id='word_1_402' title='bbox 2187 2838 2448 2908; x_wconf 87' lang='lat' dir='ltr'><strong>judicium</strong></span> <span class='ocrx_word' id='word_1_403' title='bbox 2480 2839 2569 2894; x_wconf 91' lang='lat' dir='ltr'><strong>sit.</strong></span> <span class='ocrx_word' id='word_1_404' title='bbox 2604 2839 2750 2895; x_wconf 86' lang='lat' dir='ltr'><strong>Idem</strong></span> <span class='ocrx_word' id='word_1_405' title='bbox 2795 2854 3049 2910; x_wconf 88' lang='lat' dir='ltr'><strong>prorsus,</strong></span> <span class='ocrx_word' id='word_1_406' title='bbox 3095 2826 3217 2895; x_wconf 76' lang='lat' dir='ltr'><strong>cuni</strong></span> <span class='ocrx_word' id='word_1_407' title='bbox 3259 2841 3584 2896; x_wconf 87' lang='lat' dir='ltr'><strong>Cassiodorii</strong></span> <span class='ocrx_word' id='word_1_408' title='bbox 3630 2839 3800 2897; x_wconf 84' lang='lat' dir='ltr'><strong>Com-</strong></span> 
     </span>
    </p>
   </div>
   <div class='ocr_carea' id='block_1_58' title="bbox 2142 2930 3801 3008">
    <p class='ocr_par' dir='ltr' id='par_1_58' title="bbox 2142 2930 3801 3008">
     <span class='ocr_line' id='line_1_58' title="bbox 2142 2930 3801 3008; baseline 0.003 -24"><span class='ocrx_word' id='word_1_409' title='bbox 2142 2965 2149 2972; x_wconf 83' lang='lat'><strong><em>-</em></strong></span> <span class='ocrx_word' id='word_1_410' title='bbox 2194 2930 2473 2999; x_wconf 91' lang='lat' dir='ltr'><strong>plexiones</strong></span> <span class='ocrx_word' id='word_1_411' title='bbox 2499 2931 2669 3000; x_wconf 91' lang='lat' dir='ltr'><strong>primo</strong></span> <span class='ocrx_word' id='word_1_412' title='bbox 2691 2933 3014 2996; x_wconf 90' lang='lat' dir='ltr'><strong>emitterem,</strong></span> <span class='ocrx_word' id='word_1_413' title='bbox 3040 2931 3285 3000; x_wconf 60' lang='lat' dir='ltr'><strong>praestiti,</strong></span> <span class='ocrx_word' id='word_1_414' title='bbox 3309 2947 3374 2987; x_wconf 86' lang='lat' dir='ltr'><strong>ex</strong></span> <span class='ocrx_word' id='word_1_415' title='bbox 3401 2947 3624 3008; x_wconf 74' lang='lat' dir='ltr'><strong>quarum</strong></span> <span class='ocrx_word' id='word_1_416' title='bbox 3655 2932 3801 2989; x_wconf 66' lang='lat' dir='ltr'><strong>Prae-</strong></span> 
     </span>
    </p>
   </div>
   <div class='ocr_carea' id='block_1_59' title="bbox 2194 3022 3802 3090">
    <p class='ocr_par' dir='ltr' id='par_1_59' title="bbox 2194 3022 3802 3090">
     <span class='ocr_line' id='line_1_59' title="bbox 2194 3022 3802 3090; baseline 0.002 -12"><span class='ocrx_word' id='word_1_417' title='bbox 2194 3022 2417 3090; x_wconf 84' lang='lat' dir='ltr'><strong>fatione,</strong></span> <span class='ocrx_word' id='word_1_418' title='bbox 2451 3033 2507 3078; x_wconf 90' lang='lat' dir='ltr'><strong>ut</strong></span> <span class='ocrx_word' id='word_1_419' title='bbox 2533 3023 2599 3078; x_wconf 92' lang='lat' dir='ltr'><strong>de</strong></span> <span class='ocrx_word' id='word_1_420' title='bbox 2619 3025 2846 3080; x_wconf 90' lang='lat' dir='ltr'><strong>consilio</strong></span> <span class='ocrx_word' id='word_1_421' title='bbox 2877 3025 2930 3079; x_wconf 89' lang='lat' dir='ltr'><strong>in</strong></span> <span class='ocrx_word' id='word_1_422' title='bbox 2973 3024 3073 3081; x_wconf 86' lang='lat' dir='ltr'><strong>hac</strong></span> <span class='ocrx_word' id='word_1_423' title='bbox 3103 3025 3264 3080; x_wconf 86' lang='lat' dir='ltr'><strong>etiam</strong></span> <span class='ocrx_word' id='word_1_424' title='bbox 3290 3026 3608 3082; x_wconf 88' lang='lat' dir='ltr'><strong>recensione</strong></span> <span class='ocrx_word' id='word_1_425' title='bbox 3639 3026 3802 3081; x_wconf 79' lang='lat' dir='ltr'><strong>adhi-</strong></span> 
     </span>
    </p>
   </div>
   <div class='ocr_carea' id='block_1_60' title="bbox 2193 3116 3796 3180">
    <p class='ocr_par' dir='ltr' id='par_1_60' title="bbox 2193 3116 3796 3180">
     <span class='ocr_line' id='line_1_60' title="bbox 2193 3116 3796 3180; baseline 0.002 -10"><span class='ocrx_word' id='word_1_426' title='bbox 2193 3116 2306 3171; x_wconf 90' lang='lat' dir='ltr'><strong>bito</strong></span> <span class='ocrx_word' id='word_1_427' title='bbox 2334 3117 2464 3171; x_wconf 90' lang='lat' dir='ltr'><strong>satis</strong></span> <span class='ocrx_word' id='word_1_428' title='bbox 2511 3126 2757 3180; x_wconf 85' lang='lat' dir='ltr'><strong>constet,</strong></span> <span class='ocrx_word' id='word_1_429' title='bbox 2803 3117 2909 3172; x_wconf 94' lang='lat' dir='ltr'><strong>duo</strong></span> <span class='ocrx_word' id='word_1_430' title='bbox 2959 3117 3117 3172; x_wconf 89' lang='lat' dir='ltr'><strong>liceat</strong></span> <span class='ocrx_word' id='word_1_431' title='bbox 3165 3117 3329 3172; x_wconf 87' lang='lat' dir='ltr'><strong>verba</strong></span> <span class='ocrx_word' id='word_1_432' title='bbox 3383 3118 3796 3176; x_wconf 89' lang='lat' dir='ltr'><strong>transcribere:</strong></span> 
     </span>
    </p>
   </div>
   <div class='ocr_carea' id='block_1_61' title="bbox 485 3206 3800 3284">
    <p class='ocr_par' dir='ltr' id='par_1_61' title="bbox 485 3206 3800 3284">
     <span class='ocr_line' id='line_1_61' title="bbox 485 3206 3800 3284; baseline 0.001 -21"><span class='ocrx_word' id='word_1_433' title='bbox 485 3206 727 3263; x_wconf 87' lang='lat' dir='ltr'><strong>Pincolo.</strong></span> <span class='ocrx_word' id='word_1_434' title='bbox 775 3207 834 3264; x_wconf 90' lang='lat' dir='ltr'><strong>S.</strong></span> <span class='ocrx_word' id='word_1_435' title='bbox 867 3208 1090 3264; x_wconf 67' lang='lat' dir='ltr'><strong>Thomas</strong></span> <span class='ocrx_word' id='word_1_436' title='bbox 1119 3209 1426 3279; x_wconf 87' lang='lat' dir='ltr'><strong>Templum,</strong></span> <span class='ocrx_word' id='word_1_437' title='bbox 1473 3217 1527 3265; x_wconf 91' lang='lat' dir='ltr'><strong>et</strong></span> <span class='ocrx_word' id='word_1_438' title='bbox 1569 3207 1900 3272; x_wconf 89' lang='lat' dir='ltr'><strong>Conventus,</strong></span> <span class='ocrx_word' id='word_1_439' title='bbox 1924 3222 2080 3277; x_wconf 88' lang='lat' dir='ltr'><strong>quem</strong></span> <span class='ocrx_word' id='word_1_440' title='bbox 2113 3217 2158 3279; x_wconf 72' lang='grc' dir='ltr'><strong>ρ</strong></span> <span class='ocrx_word' id='word_1_441' title='bbox 2192 3209 2644 3275; x_wconf 83' lang='lat' dir='ltr'><strong>Emendationum,</strong></span> <span class='ocrx_word' id='word_1_442' title='bbox 2685 3227 2814 3281; x_wconf 87' lang='lat' dir='ltr'><strong>quas</strong></span> <span class='ocrx_word' id='word_1_443' title='bbox 2851 3227 2971 3265; x_wconf 86' lang='lat' dir='ltr'><strong>raro</strong></span> <span class='ocrx_word' id='word_1_444' title='bbox 2997 3211 3230 3277; x_wconf 80' lang='lat' dir='ltr'><strong>adhibui,</strong></span> <span class='ocrx_word' id='word_1_445' title='bbox 3258 3211 3343 3265; x_wconf 88' lang='lat' dir='ltr'><strong>ubi</strong></span> <span class='ocrx_word' id='word_1_446' title='bbox 3381 3229 3550 3282; x_wconf 75' lang='lat' dir='ltr'><strong>opera:</strong></span> <span class='ocrx_word' id='word_1_447' title='bbox 3575 3214 3800 3284; x_wconf 86' lang='lat' dir='ltr'><strong>pretium</strong></span> 
     </span>
    </p>
   </div>
   <div class='ocr_carea' id='block_1_62' title="bbox 485 3299 2089 3371">
    <p class='ocr_par' dir='ltr' id='par_1_62' title="bbox 485 3299 2089 3371">
     <span class='ocr_line' id='line_1_62' title="bbox 485 3299 2089 3371; baseline -0.002 -15"><span class='ocrx_word' id='word_1_448' title='bbox 485 3300 652 3356; x_wconf 90' lang='lat' dir='ltr'><strong>modo</strong></span> <span class='ocrx_word' id='word_1_449' title='bbox 681 3300 786 3356; x_wconf 87' lang='lat' dir='ltr'><strong>PP.</strong></span> <span class='ocrx_word' id='word_1_450' title='bbox 817 3300 1125 3357; x_wconf 72' lang='lat' dir='ltr'><strong>Carmelita:</strong></span> <span class='ocrx_word' id='word_1_451' title='bbox 1167 3301 1465 3370; x_wconf 90' lang='lat' dir='ltr'><strong>possident,</strong></span> <span class='ocrx_word' id='word_1_452' title='bbox 1515 3299 1581 3355; x_wconf 88' lang='lat' dir='ltr'><strong>ad</strong></span> <span class='ocrx_word' id='word_1_453' title='bbox 1605 3309 1821 3371; x_wconf 90' lang='lat' dir='ltr'><strong>pontem</strong></span> <span class='ocrx_word' id='word_1_454' title='bbox 1847 3308 1930 3356; x_wconf 91' lang='lat' dir='ltr'><strong>est</strong></span> <span class='ocrx_word' id='word_1_455' title='bbox 1954 3299 2089 3354; x_wconf 88' lang='lat' dir='ltr'><strong>situs</strong></span> 
     </span>
    </p>
   </div>
   <div class='ocr_carea' id='block_1_63' title="bbox 483 3392 2090 3466">
    <p class='ocr_par' dir='ltr' id='par_1_63' title="bbox 483 3392 2090 3466">
     <span class='ocr_line' id='line_1_63' title="bbox 483 3392 2090 3466; baseline 0.001 -19"><span class='ocrx_word' id='word_1_456' title='bbox 483 3392 711 3466; x_wconf 84' lang='lat' dir='ltr'><strong>Pignolo</strong></span> <span class='ocrx_word' id='word_1_457' title='bbox 742 3409 912 3465; x_wconf 89' lang='lat' dir='ltr'><strong>usque</strong></span> <span class='ocrx_word' id='word_1_458' title='bbox 952 3395 1006 3450; x_wconf 92' lang='lat' dir='ltr'><strong>in</strong></span> <span class='ocrx_word' id='word_1_459' title='bbox 1050 3395 1189 3450; x_wconf 90' lang='lat' dir='ltr'><strong>hanc</strong></span> <span class='ocrx_word' id='word_1_460' title='bbox 1230 3395 1373 3450; x_wconf 92' lang='lat' dir='ltr'><strong>diem</strong></span> <span class='ocrx_word' id='word_1_461' title='bbox 1403 3404 1790 3463; x_wconf 88' lang='lat' dir='ltr'><strong>nuncupatum.</strong></span> <span class='ocrx_word' id='word_1_462' title='bbox 1824 3393 2090 3448; x_wconf 81' lang='lat' dir='ltr'><strong>Monaste-</strong></span> 
     </span>
    </p>
   </div>
   <div class='ocr_carea' id='block_1_64' title="bbox 479 3485 2089 3553">
    <p class='ocr_par' dir='ltr' id='par_1_64' title="bbox 479 3485 2089 3553">
     <span class='ocr_line' id='line_1_64' title="bbox 479 3485 2089 3553; baseline -0.003 -11"><span class='ocrx_word' id='word_1_463' title='bbox 479 3487 621 3542; x_wconf 85' lang='lat' dir='ltr'><strong>rium</strong></span> <span class='ocrx_word' id='word_1_464' title='bbox 650 3488 723 3542; x_wconf 93' lang='lat' dir='ltr'><strong>ibi</strong></span> <span class='ocrx_word' id='word_1_465' title='bbox 750 3487 938 3553; x_wconf 81' lang='lat' dir='ltr'><strong>fuisse,</strong></span> <span class='ocrx_word' id='word_1_466' title='bbox 964 3497 1018 3543; x_wconf 89' lang='lat' dir='ltr'><strong>et</strong></span> <span class='ocrx_word' id='word_1_467' title='bbox 1043 3487 1335 3543; x_wconf 90' lang='lat' dir='ltr'><strong>Monachos</strong></span> <span class='ocrx_word' id='word_1_468' title='bbox 1353 3502 1478 3542; x_wconf 91' lang='lat' dir='ltr'><strong>cum</strong></span> <span class='ocrx_word' id='word_1_469' title='bbox 1501 3485 1709 3542; x_wconf 85' lang='lat' dir='ltr'><strong>Abbate</strong></span> <span class='ocrx_word' id='word_1_470' title='bbox 1729 3499 1826 3539; x_wconf 92' lang='lat' dir='ltr'><strong>suo</strong></span> <span class='ocrx_word' id='word_1_471' title='bbox 1849 3499 2089 3539; x_wconf 91' lang='lat' dir='ltr'><strong>commo-</strong></span> 
     </span>
    </p>
   </div>
   <div class='ocr_carea' id='block_1_65' title="bbox 478 3571 2086 3647">
    <p class='ocr_par' dir='ltr' id='par_1_65' title="bbox 478 3571 2086 3647">
     <span class='ocr_line' id='line_1_65' title="bbox 478 3571 2086 3647; baseline -0.003 -14"><span class='ocrx_word' id='word_1_472' title='bbox 478 3585 629 3634; x_wconf 88' lang='lat' dir='ltr'><strong>ratos</strong></span> <span class='ocrx_word' id='word_1_473' title='bbox 659 3577 787 3633; x_wconf 90' lang='lat' dir='ltr'><strong>olim</strong></span> <span class='ocrx_word' id='word_1_474' title='bbox 819 3594 939 3634; x_wconf 91' lang='lat' dir='ltr'><strong>esse</strong></span> <span class='ocrx_word' id='word_1_475' title='bbox 967 3588 1193 3633; x_wconf 90' lang='lat' dir='ltr'><strong>noverat</strong></span> <span class='ocrx_word' id='word_1_476' title='bbox 1222 3594 1401 3633; x_wconf 92' lang='lat' dir='ltr'><strong>nemo.</strong></span> <span class='ocrx_word' id='word_1_477' title='bbox 1432 3577 1653 3647; x_wconf 67' lang='lat' dir='ltr'><strong>Lingua:</strong></span> <span class='ocrx_word' id='word_1_478' title='bbox 1698 3571 1896 3631; x_wconf 71' lang='lat' dir='ltr'><strong>Italica:</strong></span> <span class='ocrx_word' id='word_1_479' title='bbox 1926 3589 2086 3644; x_wconf 90' lang='lat' dir='ltr'><strong>quam</strong></span> 
     </span>
    </p>
   </div>
   <div class='ocr_carea' id='block_1_66' title="bbox 484 3665 2084 3740">
    <p class='ocr_par' dir='ltr' id='par_1_66' title="bbox 484 3665 2084 3740">
     <span class='ocr_line' id='line_1_66' title="bbox 484 3665 2084 3740; baseline -0.001 -16"><span class='ocrx_word' id='word_1_480' title='bbox 484 3669 736 3740; x_wconf 80' lang='lat' dir='ltr'><strong>proxime</strong></span> <span class='ocrx_word' id='word_1_481' title='bbox 781 3670 850 3724; x_wconf 91' lang='lat' dir='ltr'><strong>ab</strong></span> <span class='ocrx_word' id='word_1_482' title='bbox 904 3684 966 3724; x_wconf 91' lang='lat' dir='ltr'><strong>ea</strong></span> <span class='ocrx_word' id='word_1_483' title='bbox 1017 3684 1186 3738; x_wconf 91' lang='lat' dir='ltr'><strong>usque</strong></span> <span class='ocrx_word' id='word_1_484' title='bbox 1227 3677 1386 3724; x_wconf 76' lang='lat' dir='ltr'><strong>aetate</strong></span> <span class='ocrx_word' id='word_1_485' title='bbox 1442 3667 1831 3738; x_wconf 71' lang='lat' dir='ltr'><strong>[includeretur</strong></span> <span class='ocrx_word' id='word_1_486' title='bbox 1899 3665 2084 3733; x_wconf 89' lang='lat' dir='ltr'><strong>vides;</strong></span> 
     </span>
    </p>
   </div>
   <div class='ocr_carea' id='block_1_67' title="bbox 480 3759 2088 3838">
    <p class='ocr_par' dir='ltr' id='par_1_67' title="bbox 480 3759 2088 3838">
     <span class='ocr_line' id='line_1_67' title="bbox 480 3759 2088 3838; baseline -0.001 -24"><span class='ocrx_word' id='word_1_487' title='bbox 480 3760 628 3831; x_wconf 91' lang='lat' dir='ltr'><strong>quod</strong></span> <span class='ocrx_word' id='word_1_488' title='bbox 651 3759 796 3815; x_wconf 90' lang='lat' dir='ltr'><strong>enim</strong></span> <span class='ocrx_word' id='word_1_489' title='bbox 821 3775 964 3816; x_wconf 92' lang='lat' dir='ltr'><strong>nunc</strong></span> <span class='ocrx_word' id='word_1_490' title='bbox 993 3759 1152 3814; x_wconf 88' lang='lat' dir='ltr'><strong>Abate</strong></span> <span class='ocrx_word' id='word_1_491' title='bbox 1180 3760 1264 3815; x_wconf 86' lang='lat' dir='ltr'><strong>del</strong></span> <span class='ocrx_word' id='word_1_492' title='bbox 1303 3760 1619 3838; x_wconf 71' lang='lat' dir='ltr'><strong>Monasterio</strong></span> <span class='ocrx_word' id='word_1_493' title='bbox 1643 3759 1894 3824; x_wconf 86' lang='lat' dir='ltr'><strong>dicimus,</strong></span> <span class='ocrx_word' id='word_1_494' title='bbox 1921 3759 2088 3812; x_wconf 81' lang='lat' dir='ltr'><strong>Abbas</strong></span> 
     </span>
    </p>
   </div>
   <div class='ocr_carea' id='block_1_68' title="bbox 482 3851 2086 3924">
    <p class='ocr_par' dir='ltr' id='par_1_68' title="bbox 482 3851 2086 3924">
     <span class='ocr_line' id='line_1_68' title="bbox 482 3851 2086 3924; baseline -0.001 -17"><span class='ocrx_word' id='word_1_495' title='bbox 482 3854 547 3908; x_wconf 83' lang='lat' dir='ltr'><strong>de</strong></span> <span class='ocrx_word' id='word_1_496' title='bbox 572 3852 937 3908; x_wconf 80' lang='lat' dir='ltr'><strong>Monastirium</strong></span> <span class='ocrx_word' id='word_1_497' title='bbox 957 3853 1250 3924; x_wconf 89' lang='lat' dir='ltr'><strong>vulgariter</strong></span> <span class='ocrx_word' id='word_1_498' title='bbox 1284 3853 1649 3918; x_wconf 89' lang='lat' dir='ltr'><strong>scribebatur;</strong></span> <span class='ocrx_word' id='word_1_499' title='bbox 1674 3866 1902 3923; x_wconf 91' lang='lat' dir='ltr'><strong>cumque</strong></span> <span class='ocrx_word' id='word_1_500' title='bbox 1923 3868 2010 3904; x_wconf 88' lang='lat' dir='ltr'><strong>um</strong></span> <span class='ocrx_word' id='word_1_501' title='bbox 2034 3851 2086 3905; x_wconf 93' lang='lat' dir='ltr'><strong>in</strong></span> 
     </span>
    </p>
   </div>
   <div class='ocr_carea' id='block_1_69' title="bbox 481 3944 2088 4017">
    <p class='ocr_par' dir='ltr' id='par_1_69' title="bbox 481 3944 2088 4017">
     <span class='ocr_line' id='line_1_69' title="bbox 481 3944 2088 4017; baseline -0.002 -16"><span class='ocrx_word' id='word_1_502' title='bbox 481 3963 514 4001; x_wconf 87' lang='grc' dir='ltr'><strong>ο</strong></span> <span class='ocrx_word' id='word_1_503' title='bbox 546 3946 821 4017; x_wconf 89' lang='lat' dir='ltr'><strong>popularis</strong></span> <span class='ocrx_word' id='word_1_504' title='bbox 861 3945 1228 4016; x_wconf 77' lang='lat' dir='ltr'><strong>pronuntiatio</strong></span> <span class='ocrx_word' id='word_1_505' title='bbox 1249 3960 1393 4016; x_wconf 64' lang='grc' dir='ltr'><strong>διξερε</strong></span> <span class='ocrx_word' id='word_1_506' title='bbox 1422 3953 1791 4008; x_wconf 81' lang='lat' dir='ltr'><strong>converteret,</strong></span> <span class='ocrx_word' id='word_1_507' title='bbox 1822 3953 1879 3997; x_wconf 92' lang='lat' dir='ltr'><strong>ut</strong></span> <span class='ocrx_word' id='word_1_508' title='bbox 1903 3944 2029 3998; x_wconf 90' lang='lat' dir='ltr'><strong>item</strong></span> <span class='ocrx_word' id='word_1_509' title='bbox 2057 3958 2088 3998; x_wconf 89' lang='lat' dir='ltr'><strong>e</strong></span> 
     </span>
    </p>
   </div>
   <div class='ocr_carea' id='block_1_70' title="bbox 482 4033 2084 4107">
    <p class='ocr_par' dir='ltr' id='par_1_70' title="bbox 482 4033 2084 4107">
     <span class='ocr_line' id='line_1_70' title="bbox 482 4033 2084 4107; baseline -0.003 -14"><span class='ocrx_word' id='word_1_510' title='bbox 482 4051 617 4093; x_wconf 89' lang='lat' dir='ltr'><strong>mss.</strong></span> <span class='ocrx_word' id='word_1_511' title='bbox 664 4036 862 4104; x_wconf 91' lang='lat' dir='ltr'><strong>didici,</strong></span> <span class='ocrx_word' id='word_1_512' title='bbox 906 4045 961 4092; x_wconf 93' lang='lat' dir='ltr'><strong>et</strong></span> <span class='ocrx_word' id='word_1_513' title='bbox 1017 4036 1101 4091; x_wconf 89' lang='lat' dir='ltr'><strong>hic</strong></span> <span class='ocrx_word' id='word_1_514' title='bbox 1144 4037 1306 4092; x_wconf 89' lang='lat' dir='ltr'><strong>etiam</strong></span> <span class='ocrx_word' id='word_1_515' title='bbox 1358 4046 1582 4107; x_wconf 89' lang='lat' dir='ltr'><strong>apparet</strong></span> <span class='ocrx_word' id='word_1_516' title='bbox 1626 4033 1895 4107; x_wconf 85' lang='lat' dir='ltr'><strong>(uocapolo</strong></span> <span class='ocrx_word' id='word_1_517' title='bbox 1941 4034 2084 4089; x_wconf 91' lang='lat' dir='ltr'><strong>enim</strong></span> 
     </span>
    </p>
   </div>
   <div class='ocr_carea' id='block_1_71' title="bbox 478 4127 2089 4202">
    <p class='ocr_par' dir='ltr' id='par_1_71' title="bbox 478 4127 2089 4202">
     <span class='ocr_line' id='line_1_71' title="bbox 478 4127 2089 4202; baseline -0.001 -18"><span class='ocrx_word' id='word_1_518' title='bbox 478 4145 581 4200; x_wconf 89' lang='lat' dir='ltr'><strong>pro</strong></span> <span class='ocrx_word' id='word_1_519' title='bbox 607 4130 905 4185; x_wconf 83' lang='lat' dir='ltr'><strong>uocabulum</strong></span> <span class='ocrx_word' id='word_1_520' title='bbox 925 4127 1054 4202; x_wconf 88' lang='lat' dir='ltr'><strong>est),</strong></span> <span class='ocrx_word' id='word_1_521' title='bbox 1081 4144 1112 4184; x_wconf 87' lang='lat' dir='ltr'><strong>a</strong></span> <span class='ocrx_word' id='word_1_522' title='bbox 1139 4130 1347 4200; x_wconf 86' lang='lat' dir='ltr'><strong>vulgari</strong></span> <span class='ocrx_word' id='word_1_523' title='bbox 1377 4129 1555 4199; x_wconf 88' lang='lat' dir='ltr'><strong>lingua</strong></span> <span class='ocrx_word' id='word_1_524' title='bbox 1588 4129 1750 4184; x_wconf 88' lang='lat' dir='ltr'><strong>verba</strong></span> <span class='ocrx_word' id='word_1_525' title='bbox 1778 4143 1964 4198; x_wconf 88' lang='lat' dir='ltr'><strong>parum</strong></span> <span class='ocrx_word' id='word_1_526' title='bbox 1994 4127 2089 4182; x_wconf 86' lang='lat' dir='ltr'><strong>de-</strong></span> 
     </span>
    </p>
   </div>
   <div class='ocr_carea' id='block_1_72' title="bbox 480 4221 2086 4296">
    <p class='ocr_par' dir='ltr' id='par_1_72' title="bbox 480 4221 2086 4296">
     <span class='ocr_line' id='line_1_72' title="bbox 480 4221 2086 4296; baseline -0.001 -18"><span class='ocrx_word' id='word_1_527' title='bbox 480 4223 727 4280; x_wconf 86' lang='lat' dir='ltr'><strong>ﬂectunt.</strong></span> <span class='ocrx_word' id='word_1_528' title='bbox 756 4225 871 4281; x_wconf 91' lang='lat' dir='ltr'><strong>Sub</strong></span> <span class='ocrx_word' id='word_1_529' title='bbox 898 4225 1042 4296; x_wconf 81' lang='lat' dir='ltr'><strong>Rege</strong></span> <span class='ocrx_word' id='word_1_530' title='bbox 1062 4225 1318 4295; x_wconf 83' lang='lat' dir='ltr'><strong>Ariperto</strong></span> <span class='ocrx_word' id='word_1_531' title='bbox 1338 4225 1600 4294; x_wconf 88' lang='lat' dir='ltr'><strong>scriptum</strong></span> <span class='ocrx_word' id='word_1_532' title='bbox 1623 4222 1862 4278; x_wconf 91' lang='lat' dir='ltr'><strong>codicem</strong></span> <span class='ocrx_word' id='word_1_533' title='bbox 1894 4238 1960 4278; x_wconf 88' lang='lat' dir='ltr'><strong>ex</strong></span> <span class='ocrx_word' id='word_1_534' title='bbox 1987 4221 2086 4277; x_wconf 87' lang='lat' dir='ltr'><strong>hac</strong></span> 
     </span>
    </p>
   </div>
   <div class='ocr_carea' id='block_1_73' title="bbox 480 4316 2082 4390">
    <p class='ocr_par' dir='ltr' id='par_1_73' title="bbox 480 4316 2082 4390">
     <span class='ocr_line' id='line_1_73' title="bbox 480 4316 2082 4390; baseline 0.001 -19"><span class='ocrx_word' id='word_1_535' title='bbox 480 4327 610 4371; x_wconf 89' lang='lat' dir='ltr'><strong>nota</strong></span> <span class='ocrx_word' id='word_1_536' title='bbox 643 4332 752 4372; x_wconf 88' lang='lat' dir='ltr'><strong>non</strong></span> <span class='ocrx_word' id='word_1_537' title='bbox 778 4316 998 4374; x_wconf 84' lang='lat' dir='ltr'><strong>deluere</strong></span> <span class='ocrx_word' id='word_1_538' title='bbox 1014 4319 1105 4390; x_wconf 88' lang='lat' dir='ltr'><strong>qui</strong></span> <span class='ocrx_word' id='word_1_539' title='bbox 1131 4327 1452 4390; x_wconf 88' lang='lat' dir='ltr'><strong>arguerent;</strong></span> <span class='ocrx_word' id='word_1_540' title='bbox 1484 4327 1539 4373; x_wconf 90' lang='lat' dir='ltr'><strong>at</strong></span> <span class='ocrx_word' id='word_1_541' title='bbox 1566 4319 1862 4373; x_wconf 88' lang='lat' dir='ltr'><strong>litterarum</strong></span> <span class='ocrx_word' id='word_1_542' title='bbox 1887 4318 2082 4383; x_wconf 79' lang='lat' dir='ltr'><strong>forma,</strong></span> 
     </span>
    </p>
   </div>
   <div class='ocr_carea' id='block_1_74' title="bbox 478 4409 2085 4482">
    <p class='ocr_par' dir='ltr' id='par_1_74' title="bbox 478 4409 2085 4482">
     <span class='ocr_line' id='line_1_74' title="bbox 478 4409 2085 4482; baseline 0.001 -17"><span class='ocrx_word' id='word_1_543' title='bbox 478 4409 705 4480; x_wconf 89' lang='lat' dir='ltr'><strong>ipsaque</strong></span> <span class='ocrx_word' id='word_1_544' title='bbox 731 4409 892 4481; x_wconf 88' lang='lat' dir='ltr'><strong>hujus</strong></span> <span class='ocrx_word' id='word_1_545' title='bbox 917 4411 1234 4482; x_wconf 90' lang='lat' dir='ltr'><strong>adjectionis</strong></span> <span class='ocrx_word' id='word_1_546' title='bbox 1263 4413 1448 4480; x_wconf 88' lang='lat' dir='ltr'><strong>facies,</strong></span> <span class='ocrx_word' id='word_1_547' title='bbox 1479 4413 1611 4466; x_wconf 91' lang='lat' dir='ltr'><strong>satis</strong></span> <span class='ocrx_word' id='word_1_548' title='bbox 1631 4412 1922 4468; x_wconf 87' lang='lat' dir='ltr'><strong>ostendunt</strong></span> <span class='ocrx_word' id='word_1_549' title='bbox 1947 4412 2085 4467; x_wconf 88' lang='lat' dir='ltr'><strong>mul-</strong></span> 
     </span>
    </p>
   </div>
   <div class='ocr_carea' id='block_1_75' title="bbox 483 4504 2084 4575">
    <p class='ocr_par' dir='ltr' id='par_1_75' title="bbox 483 4504 2084 4575">
     <span class='ocr_line' id='line_1_75' title="bbox 483 4504 2084 4575; baseline 0 -19"><span class='ocrx_word' id='word_1_550' title='bbox 483 4510 542 4556; x_wconf 92' lang='lat' dir='ltr'><strong>to</strong></span> <span class='ocrx_word' id='word_1_551' title='bbox 585 4504 949 4558; x_wconf 88' lang='lat' dir='ltr'><strong>recentiorem</strong></span> <span class='ocrx_word' id='word_1_552' title='bbox 1008 4505 1207 4571; x_wconf 78' lang='lat' dir='ltr'><strong>fuisse;</strong></span> <span class='ocrx_word' id='word_1_553' title='bbox 1259 4514 1313 4560; x_wconf 92' lang='lat' dir='ltr'><strong>et</strong></span> <span class='ocrx_word' id='word_1_554' title='bbox 1363 4504 1604 4575; x_wconf 81' lang='lat' dir='ltr'><strong>proiecto</strong></span> <span class='ocrx_word' id='word_1_555' title='bbox 1661 4505 1762 4559; x_wconf 90' lang='lat' dir='ltr'><strong>nisi</strong></span> <span class='ocrx_word' id='word_1_556' title='bbox 1809 4504 1949 4559; x_wconf 88' lang='lat' dir='ltr'><strong>liber</strong></span> <span class='ocrx_word' id='word_1_557' title='bbox 1997 4504 2084 4557; x_wconf 92' lang='lat' dir='ltr'><strong>hic</strong></span> 
     </span>
    </p>
   </div>
   <div class='ocr_carea' id='block_1_76' title="bbox 2191 3301 3800 3376">
    <p class='ocr_par' dir='ltr' id='par_1_76' title="bbox 2191 3301 3800 3376">
     <span class='ocr_line' id='line_1_76' title="bbox 2191 3301 3800 3376; baseline 0.002 -19"><span class='ocrx_word' id='word_1_558' title='bbox 2191 3303 2277 3367; x_wconf 84' lang='lat' dir='ltr'><strong>sit,</strong></span> <span class='ocrx_word' id='word_1_559' title='bbox 2301 3301 2604 3367; x_wconf 84' lang='lat' dir='ltr'><strong>admonebo,</strong></span> <span class='ocrx_word' id='word_1_560' title='bbox 2638 3312 2691 3355; x_wconf 91' lang='lat' dir='ltr'><strong>ut</strong></span> <span class='ocrx_word' id='word_1_561' title='bbox 2730 3312 2777 3356; x_wconf 91' lang='lat' dir='ltr'><strong>et</strong></span> <span class='ocrx_word' id='word_1_562' title='bbox 2824 3303 2954 3369; x_wconf 67' lang='grc' dir='ltr'><strong>ἔρδω</strong></span> <span class='ocrx_word' id='word_1_563' title='bbox 3002 3305 3063 3356; x_wconf 91' lang='lat' dir='ltr'><strong>ab</strong></span> <span class='ocrx_word' id='word_1_564' title='bbox 3104 3304 3219 3358; x_wconf 82' lang='lat' dir='ltr'><strong>aliis</strong></span> <span class='ocrx_word' id='word_1_565' title='bbox 3249 3304 3508 3358; x_wconf 84' lang='lat' dir='ltr'><strong>emendari</strong></span> <span class='ocrx_word' id='word_1_566' title='bbox 3549 3305 3753 3376; x_wconf 84' lang='lat' dir='ltr'><strong>possint</strong></span> <span class='ocrx_word' id='word_1_567' title='bbox 3780 3324 3800 3361; x_wconf 91' lang='lat'><strong><em>:</em></strong></span> 
     </span>
    </p>
   </div>
   <div class='ocr_carea' id='block_1_77' title="bbox 2193 3395 3803 3467">
    <p class='ocr_par' dir='ltr' id='par_1_77' title="bbox 2193 3395 3803 3467">
     <span class='ocr_line' id='line_1_77' title="bbox 2193 3395 3803 3467; baseline 0.005 -19"><span class='ocrx_word' id='word_1_568' title='bbox 2193 3396 2289 3449; x_wconf 82' lang='lat' dir='ltr'><strong>hoc</strong></span> <span class='ocrx_word' id='word_1_569' title='bbox 2316 3396 2361 3449; x_wconf 87' lang='lat' dir='ltr'><strong>si</strong></span> <span class='ocrx_word' id='word_1_570' title='bbox 2408 3397 2758 3466; x_wconf 76' lang='lat' dir='ltr'><strong>prwstitissent</strong></span> <span class='ocrx_word' id='word_1_571' title='bbox 2787 3397 3057 3451; x_wconf 87' lang='lat' dir='ltr'><strong>transactis</strong></span> <span class='ocrx_word' id='word_1_572' title='bbox 3087 3398 3397 3467; x_wconf 86' lang='lat' dir='ltr'><strong>temporibus</strong></span> <span class='ocrx_word' id='word_1_573' title='bbox 3431 3395 3628 3466; x_wconf 88' lang='lat' dir='ltr'><strong>Critici,</strong></span> <span class='ocrx_word' id='word_1_574' title='bbox 3659 3410 3803 3456; x_wconf 77' lang='lat' dir='ltr'><strong>vete-</strong></span> 
     </span>
    </p>
   </div>
   <div class='ocr_carea' id='block_1_78' title="bbox 2190 3486 3802 3557">
    <p class='ocr_par' dir='ltr' id='par_1_78' title="bbox 2190 3486 3802 3557">
     <span class='ocr_line' id='line_1_78' title="bbox 2190 3486 3802 3557; baseline 0.005 -19"><span class='ocrx_word' id='word_1_575' title='bbox 2190 3502 2308 3539; x_wconf 87' lang='lat' dir='ltr'><strong>rum</strong></span> <span class='ocrx_word' id='word_1_576' title='bbox 2352 3486 2545 3555; x_wconf 85' lang='lat' dir='ltr'><strong>scripta</strong></span> <span class='ocrx_word' id='word_1_577' title='bbox 2574 3487 2837 3556; x_wconf 87' lang='lat' dir='ltr'><strong>aliquanto</strong></span> <span class='ocrx_word' id='word_1_578' title='bbox 2879 3488 3056 3542; x_wconf 85' lang='lat' dir='ltr'><strong>melius</strong></span> <span class='ocrx_word' id='word_1_579' title='bbox 3087 3504 3532 3557; x_wconf 83' lang='lat' dir='ltr'><strong>pernosceremus;</strong></span> <span class='ocrx_word' id='word_1_580' title='bbox 3561 3490 3802 3547; x_wconf 81' lang='lat' dir='ltr'><strong>innume-</strong></span> 
     </span>
    </p>
   </div>
   <div class='ocr_carea' id='block_1_79' title="bbox 2191 3581 3802 3654">
    <p class='ocr_par' dir='ltr' id='par_1_79' title="bbox 2191 3581 3802 3654">
     <span class='ocr_line' id='line_1_79' title="bbox 2191 3581 3802 3654; baseline 0.002 -19"><span class='ocrx_word' id='word_1_581' title='bbox 2191 3598 2276 3635; x_wconf 87' lang='lat' dir='ltr'><strong>ros</strong></span> <span class='ocrx_word' id='word_1_582' title='bbox 2302 3581 2436 3634; x_wconf 87' lang='lat' dir='ltr'><strong>enim</strong></span> <span class='ocrx_word' id='word_1_583' title='bbox 2465 3581 2602 3635; x_wconf 87' lang='lat' dir='ltr'><strong>locos</strong></span> <span class='ocrx_word' id='word_1_584' title='bbox 2630 3597 2690 3634; x_wconf 80' lang='lat' dir='ltr'><strong>ea:</strong></span> <span class='ocrx_word' id='word_1_585' title='bbox 2725 3582 2937 3635; x_wconf 86' lang='lat' dir='ltr'><strong>arbitrio</strong></span> <span class='ocrx_word' id='word_1_586' title='bbox 2967 3583 3267 3651; x_wconf 82' lang='lat' dir='ltr'><strong>reﬁcientes,</strong></span> <span class='ocrx_word' id='word_1_587' title='bbox 3293 3584 3620 3654; x_wconf 85' lang='lat' dir='ltr'><strong>antiquorum</strong></span> <span class='ocrx_word' id='word_1_588' title='bbox 3650 3585 3802 3639; x_wconf 83' lang='lat' dir='ltr'><strong>codi-</strong></span> 
     </span>
    </p>
   </div>
   <div class='ocr_carea' id='block_1_80' title="bbox 2191 3671 3800 3730">
    <p class='ocr_par' dir='ltr' id='par_1_80' title="bbox 2191 3671 3800 3730">
     <span class='ocr_line' id='line_1_80' title="bbox 2191 3671 3800 3730; baseline 0.002 -3"><span class='ocrx_word' id='word_1_589' title='bbox 2191 3689 2309 3728; x_wconf 88' lang='lat' dir='ltr'><strong>cum</strong></span> <span class='ocrx_word' id='word_1_590' title='bbox 2338 3672 2575 3727; x_wconf 87' lang='lat' dir='ltr'><strong>tectiones</strong></span> <span class='ocrx_word' id='word_1_591' title='bbox 2604 3671 2749 3726; x_wconf 87' lang='lat' dir='ltr'><strong>nobis</strong></span> <span class='ocrx_word' id='word_1_592' title='bbox 2771 3673 3145 3729; x_wconf 74' lang='lat' dir='ltr'><strong>subduxerunt.</strong></span> <span class='ocrx_word' id='word_1_593' title='bbox 3171 3673 3354 3729; x_wconf 84' lang='lat' dir='ltr'><strong>Exiles</strong></span> <span class='ocrx_word' id='word_1_594' title='bbox 3384 3682 3562 3729; x_wconf 91' lang='lat' dir='ltr'><strong>autem</strong></span> <span class='ocrx_word' id='word_1_595' title='bbox 3590 3688 3655 3729; x_wconf 88' lang='lat' dir='ltr'><strong>ac</strong></span> <span class='ocrx_word' id='word_1_596' title='bbox 3684 3676 3800 3730; x_wconf 89' lang='lat' dir='ltr'><strong>mi-</strong></span> 
     </span>
    </p>
   </div>
   <div class='ocr_carea' id='block_1_81' title="bbox 2193 3763 3800 3836">
    <p class='ocr_par' dir='ltr' id='par_1_81' title="bbox 2193 3763 3800 3836">
     <span class='ocr_line' id='line_1_81' title="bbox 2193 3763 3800 3836; baseline 0.002 -16"><span class='ocrx_word' id='word_1_597' title='bbox 2193 3772 2350 3820; x_wconf 91' lang='lat' dir='ltr'><strong>nutas</strong></span> <span class='ocrx_word' id='word_1_598' title='bbox 2375 3763 2697 3833; x_wconf 89' lang='lat' dir='ltr'><strong>quandoque</strong></span> <span class='ocrx_word' id='word_1_599' title='bbox 2740 3764 3238 3820; x_wconf 89' lang='lat' dir='ltr'><strong>animadversiones</strong></span> <span class='ocrx_word' id='word_1_600' title='bbox 3281 3765 3574 3836; x_wconf 82' lang='lat' dir='ltr'><strong>culpandas</strong></span> <span class='ocrx_word' id='word_1_601' title='bbox 3628 3766 3682 3820; x_wconf 92' lang='lat' dir='ltr'><strong>in</strong></span> <span class='ocrx_word' id='word_1_602' title='bbox 3713 3766 3800 3823; x_wconf 89' lang='lat' dir='ltr'><strong>his</strong></span> 
     </span>
    </p>
   </div>
   <div class='ocr_carea' id='block_1_82' title="bbox 2192 3856 3800 3929">
    <p class='ocr_par' dir='ltr' id='par_1_82' title="bbox 2192 3856 3800 3929">
     <span class='ocr_line' id='line_1_82' title="bbox 2192 3856 3800 3929; baseline 0.001 -17"><span class='ocrx_word' id='word_1_603' title='bbox 2192 3857 2354 3912; x_wconf 87' lang='lat' dir='ltr'><strong>rebus</strong></span> <span class='ocrx_word' id='word_1_604' title='bbox 2375 3871 2480 3910; x_wconf 91' lang='lat' dir='ltr'><strong>non</strong></span> <span class='ocrx_word' id='word_1_605' title='bbox 2502 3871 2642 3922; x_wconf 90' lang='lat' dir='ltr'><strong>esse,</strong></span> <span class='ocrx_word' id='word_1_606' title='bbox 2658 3856 2743 3911; x_wconf 87' lang='lat' dir='ltr'><strong>vel</strong></span> <span class='ocrx_word' id='word_1_607' title='bbox 2760 3857 3198 3920; x_wconf 87' lang='lat' dir='ltr'><strong>contemnendas,</strong></span> <span class='ocrx_word' id='word_1_608' title='bbox 3222 3856 3455 3914; x_wconf 82' lang='lat' dir='ltr'><strong>Hilarius</strong></span> <span class='ocrx_word' id='word_1_609' title='bbox 3476 3859 3606 3929; x_wconf 89' lang='lat' dir='ltr'><strong>ipse,</strong></span> <span class='ocrx_word' id='word_1_610' title='bbox 3629 3873 3800 3928; x_wconf 85' lang='lat' dir='ltr'><strong>quem</strong></span> 
     </span>
    </p>
   </div>
   <div class='ocr_carea' id='block_1_83' title="bbox 2193 3938 3796 4021">
    <p class='ocr_par' dir='ltr' id='par_1_83' title="bbox 2193 3938 3796 4021">
     <span class='ocr_line' id='line_1_83' title="bbox 2193 3938 3796 4021; baseline 0.005 -21"><span class='ocrx_word' id='word_1_611' title='bbox 2193 3949 2544 4002; x_wconf 83' lang='lat' dir='ltr'><strong>doctissimum</strong></span> <span class='ocrx_word' id='word_1_612' title='bbox 2573 3946 2783 4002; x_wconf 87' lang='lat' dir='ltr'><strong>Patrem</strong></span> <span class='ocrx_word' id='word_1_613' title='bbox 2836 3949 3210 4004; x_wconf 88' lang='lat' dir='ltr'><strong>Cassiodorius</strong></span> <span class='ocrx_word' id='word_1_614' title='bbox 3256 3959 3547 4021; x_wconf 88' lang='lat' dir='ltr'><strong>nuncupat,</strong></span> <span class='ocrx_word' id='word_1_615' title='bbox 3596 3938 3796 4017; x_wconf 85' lang='lat' dir='ltr'><strong>docet;</strong></span> 
     </span>
    </p>
   </div>
   <div class='ocr_carea' id='block_1_84' title="bbox 2191 4027 3800 4112">
    <p class='ocr_par' dir='ltr' id='par_1_84' title="bbox 2191 4027 3800 4112">
     <span class='ocr_line' id='line_1_84' title="bbox 2191 4027 3800 4112; baseline 0.001 -17"><span class='ocrx_word' id='word_1_616' title='bbox 2191 4039 2447 4095; x_wconf 84' lang='lat' dir='ltr'><strong>Arianam</strong></span> <span class='ocrx_word' id='word_1_617' title='bbox 2464 4038 2607 4092; x_wconf 90' lang='lat' dir='ltr'><strong>enim</strong></span> <span class='ocrx_word' id='word_1_618' title='bbox 2624 4027 3231 4111; x_wconf 84' lang='lat' dir='ltr'><strong>impietatemincrepat,</strong></span> <span class='ocrx_word' id='word_1_619' title='bbox 3255 4056 3374 4112; x_wconf 67' lang='lat' dir='ltr'><strong>qua:</strong></span> <span class='ocrx_word' id='word_1_620' title='bbox 3394 4058 3447 4096; x_wconf 86' lang='lat' dir='ltr'><strong>se</strong></span> <span class='ocrx_word' id='word_1_621' title='bbox 3467 4043 3535 4096; x_wconf 87' lang='lat' dir='ltr'><strong>ad</strong></span> <span class='ocrx_word' id='word_1_622' title='bbox 3555 4043 3800 4111; x_wconf 76' lang='lat' dir='ltr'><strong>fraudem</strong></span> 
     </span>
    </p>
   </div>
   <div class='ocr_carea' id='block_1_85' title="bbox 2190 4130 3743 4202">
    <p class='ocr_par' dir='ltr' id='par_1_85' title="bbox 2190 4130 3743 4202">
     <span class='ocr_line' id='line_1_85' title="bbox 2190 4130 3743 4202; baseline 0.001 -17"><span class='ocrx_word' id='word_1_623' title='bbox 2190 4130 2402 4201; x_wconf 74' lang='lat' dir='ltr'><strong>syllaba:</strong></span> <span class='ocrx_word' id='word_1_624' title='bbox 2421 4131 2724 4202; x_wconf 88' lang='lat' dir='ltr'><strong>adjectione,</strong></span> <span class='ocrx_word' id='word_1_625' title='bbox 2754 4147 2868 4202; x_wconf 71' lang='lat' dir='ltr'><strong>quae</strong></span> <span class='ocrx_word' id='word_1_626' title='bbox 2895 4132 2946 4186; x_wconf 88' lang='lat' dir='ltr'><strong>in</strong></span> <span class='ocrx_word' id='word_1_627' title='bbox 2971 4132 3112 4186; x_wconf 87' lang='lat' dir='ltr'><strong>libris</strong></span> <span class='ocrx_word' id='word_1_628' title='bbox 3137 4150 3237 4186; x_wconf 88' lang='lat' dir='ltr'><strong>non</strong></span> <span class='ocrx_word' id='word_1_629' title='bbox 3265 4142 3448 4201; x_wconf 74' lang='lat' dir='ltr'><strong>exstat,</strong></span> <span class='ocrx_word' id='word_1_630' title='bbox 3476 4135 3743 4189; x_wconf 76' lang='lat' dir='ltr'><strong>instruxit.</strong></span> 
     </span>
    </p>
   </div>
   <div class='ocr_carea' id='block_1_86' title="bbox 2267 4223 3793 4298">
    <p class='ocr_par' dir='ltr' id='par_1_86' title="bbox 2267 4223 3793 4298">
     <span class='ocr_line' id='line_1_86' title="bbox 2267 4223 3793 4298; baseline 0.003 -21"><span class='ocrx_word' id='word_1_631' title='bbox 2267 4224 2378 4292; x_wconf 84' lang='lat' dir='ltr'><strong>Ego</strong></span> <span class='ocrx_word' id='word_1_632' title='bbox 2408 4223 2623 4293; x_wconf 89' lang='lat' dir='ltr'><strong>quidem</strong></span> <span class='ocrx_word' id='word_1_633' title='bbox 2659 4233 2771 4277; x_wconf 91' lang='lat' dir='ltr'><strong>tum</strong></span> <span class='ocrx_word' id='word_1_634' title='bbox 2796 4239 2861 4280; x_wconf 86' lang='lat' dir='ltr'><strong>ex</strong></span> <span class='ocrx_word' id='word_1_635' title='bbox 2891 4225 3129 4279; x_wconf 87' lang='lat' dir='ltr'><strong>omnium</strong></span> <span class='ocrx_word' id='word_1_636' title='bbox 3179 4226 3431 4296; x_wconf 88' lang='lat' dir='ltr'><strong>congerie</strong></span> <span class='ocrx_word' id='word_1_637' title='bbox 3458 4268 3472 4292; x_wconf 95' lang='lat'><strong>,</strong></span> <span class='ocrx_word' id='word_1_638' title='bbox 3502 4243 3622 4298; x_wconf 75' lang='lat' dir='ltr'><strong>qum</strong></span> <span class='ocrx_word' id='word_1_639' title='bbox 3651 4227 3793 4283; x_wconf 89' lang='lat' dir='ltr'><strong>mihi</strong></span> 
     </span>
    </p>
   </div>
   <div class='ocr_carea' id='block_1_87' title="bbox 2190 4316 3793 4390">
    <p class='ocr_par' dir='ltr' id='par_1_87' title="bbox 2190 4316 3793 4390">
     <span class='ocr_line' id='line_1_87' title="bbox 2190 4316 3793 4390; baseline 0.004 -19"><span class='ocrx_word' id='word_1_640' title='bbox 2190 4316 2516 4371; x_wconf 75' lang='lat' dir='ltr'><strong>exhibendze</strong></span> <span class='ocrx_word' id='word_1_641' title='bbox 2549 4317 2883 4384; x_wconf 88' lang='lat' dir='ltr'><strong>viderentur,</strong></span> <span class='ocrx_word' id='word_1_642' title='bbox 2914 4319 3206 4374; x_wconf 86' lang='lat' dir='ltr'><strong>varietates</strong></span> <span class='ocrx_word' id='word_1_643' title='bbox 3232 4333 3633 4390; x_wconf 85' lang='lat' dir='ltr'><strong>excerpseram,</strong></span> <span class='ocrx_word' id='word_1_644' title='bbox 3671 4327 3793 4377; x_wconf 91' lang='lat' dir='ltr'><strong>tum</strong></span> 
     </span>
    </p>
   </div>
   <div class='ocr_carea' id='block_1_88' title="bbox 2190 4409 3794 4483">
    <p class='ocr_par' dir='ltr' id='par_1_88' title="bbox 2190 4409 3794 4483">
     <span class='ocr_line' id='line_1_88' title="bbox 2190 4409 3794 4483; baseline 0.005 -21"><span class='ocrx_word' id='word_1_645' title='bbox 2190 4409 2651 4465; x_wconf 86' lang='lat' dir='ltr'><strong>adnotatiunculas</strong></span> <span class='ocrx_word' id='word_1_646' title='bbox 2677 4411 2958 4482; x_wconf 89' lang='lat' dir='ltr'><strong>quasdam,</strong></span> <span class='ocrx_word' id='word_1_647' title='bbox 2988 4413 3169 4482; x_wconf 87' lang='lat' dir='ltr'><strong>paucis</strong></span> <span class='ocrx_word' id='word_1_648' title='bbox 3191 4422 3370 4468; x_wconf 89' lang='lat' dir='ltr'><strong>tamen</strong></span> <span class='ocrx_word' id='word_1_649' title='bbox 3399 4413 3554 4479; x_wconf 88' lang='lat' dir='ltr'><strong>locis,</strong></span> <span class='ocrx_word' id='word_1_650' title='bbox 3573 4413 3794 4483; x_wconf 85' lang='lat' dir='ltr'><strong>adjece-</strong></span> 
     </span>
    </p>
   </div>
   <div class='ocr_carea' id='block_1_89' title="bbox 2191 4503 3794 4578">
    <p class='ocr_par' dir='ltr' id='par_1_89' title="bbox 2191 4503 3794 4578">
     <span class='ocr_line' id='line_1_89' title="bbox 2191 4503 3794 4578; baseline 0.005 -22"><span class='ocrx_word' id='word_1_651' title='bbox 2191 4518 2302 4556; x_wconf 89' lang='lat' dir='ltr'><strong>ram</strong></span> <span class='ocrx_word' id='word_1_652' title='bbox 2326 4513 2725 4558; x_wconf 81' lang='lat' dir='ltr'><strong>:verumtatnen</strong></span> <span class='ocrx_word' id='word_1_653' title='bbox 2748 4521 2868 4558; x_wconf 91' lang='lat' dir='ltr'><strong>cum</strong></span> <span class='ocrx_word' id='word_1_654' title='bbox 2892 4503 3143 4560; x_wconf 87' lang='lat' dir='ltr'><strong>acciderit</strong></span> <span class='ocrx_word' id='word_1_655' title='bbox 3181 4521 3286 4571; x_wconf 91' lang='lat' dir='ltr'><strong>me,</strong></span> <span class='ocrx_word' id='word_1_656' title='bbox 3313 4515 3596 4576; x_wconf 89' lang='lat' dir='ltr'><strong>antequam</strong></span> <span class='ocrx_word' id='word_1_657' title='bbox 3619 4507 3794 4578; x_wconf 69' lang='lat' dir='ltr'><strong>praelo</strong></span> 
     </span>
    </p>
   </div>
   <div class='ocr_carea' id='block_1_90' title="bbox 478 4592 3793 4668">
    <p class='ocr_par' dir='ltr' id='par_1_90' title="bbox 478 4592 3793 4668">
     <span class='ocr_line' id='line_1_90' title="bbox 478 4592 3793 4668; baseline 0.002 -21"><span class='ocrx_word' id='word_1_658' title='bbox 478 4592 1008 4664; x_wconf 84' lang='lat' dir='ltr'><strong>utriusqueAriperti</strong></span> <span class='ocrx_word' id='word_1_659' title='bbox 1034 4611 1205 4650; x_wconf 80' lang='lat' dir='ltr'><strong>:evum</strong></span> <span class='ocrx_word' id='word_1_660' title='bbox 1230 4596 1388 4667; x_wconf 90' lang='lat' dir='ltr'><strong>longe</strong></span> <span class='ocrx_word' id='word_1_661' title='bbox 1415 4594 2083 4664; x_wconf 82' lang='lat' dir='ltr'><strong>antevertat,_conjecluris</strong></span> <span class='ocrx_word' id='word_1_662' title='bbox 2111 4606 2164 4665; x_wconf 83' lang='lat'><strong>1)</strong></span> <span class='ocrx_word' id='word_1_663' title='bbox 2191 4595 2398 4664; x_wconf 83' lang='lat' dir='ltr'><strong>singula</strong></span> <span class='ocrx_word' id='word_1_664' title='bbox 2440 4596 2812 4662; x_wconf 89' lang='lat' dir='ltr'><strong>traderentur,</strong></span> <span class='ocrx_word' id='word_1_665' title='bbox 2855 4612 3078 4667; x_wconf 87' lang='lat' dir='ltr'><strong>peregre</strong></span> <span class='ocrx_word' id='word_1_666' title='bbox 3134 4597 3282 4653; x_wconf 85' lang='lat' dir='ltr'><strong>exire</strong></span> <span class='ocrx_word' id='word_1_667' title='bbox 3322 4608 3377 4652; x_wconf 91' lang='lat' dir='ltr'><strong>et</strong></span> <span class='ocrx_word' id='word_1_668' title='bbox 3414 4598 3793 4668; x_wconf 88' lang='lat' dir='ltr'><strong>impressionis</strong></span> 
     </span>
    </p>
   </div>
   <div class='ocr_carea' id='block_1_91' title="bbox 478 4685 2084 4760">
    <p class='ocr_par' dir='ltr' id='par_1_91' title="bbox 478 4685 2084 4760">
     <span class='ocr_line' id='line_1_91' title="bbox 478 4685 2084 4760; baseline 0.001 -20"><span class='ocrx_word' id='word_1_669' title='bbox 478 4685 753 4742; x_wconf 86' lang='lat' dir='ltr'><strong>ﬁdendum</strong></span> <span class='ocrx_word' id='word_1_670' title='bbox 787 4687 966 4755; x_wconf 89' lang='lat' dir='ltr'><strong>nullis,</strong></span> <span class='ocrx_word' id='word_1_671' title='bbox 989 4699 1149 4759; x_wconf 88' lang='lat' dir='ltr'><strong>atque</strong></span> <span class='ocrx_word' id='word_1_672' title='bbox 1179 4690 1387 4746; x_wconf 87' lang='lat' dir='ltr'><strong>indiciis</strong></span> <span class='ocrx_word' id='word_1_673' title='bbox 1420 4689 1849 4760; x_wconf 87' lang='lat' dir='ltr'><strong>quibuscumque</strong></span> <span class='ocrx_word' id='word_1_674' title='bbox 1875 4688 2084 4742; x_wconf 86' lang='lat' dir='ltr'><strong>tutiori-</strong></span> 
     </span>
    </p>
   </div>
   <div class='ocr_carea' id='block_1_92' title="bbox 478 4777 2084 4849">
    <p class='ocr_par' dir='ltr' id='par_1_92' title="bbox 478 4777 2084 4849">
     <span class='ocr_line' id='line_1_92' title="bbox 478 4777 2084 4849; baseline 0.001 -17"><span class='ocrx_word' id='word_1_675' title='bbox 478 4777 584 4834; x_wconf 86' lang='lat' dir='ltr'><strong>bus</strong></span> <span class='ocrx_word' id='word_1_676' title='bbox 615 4780 669 4833; x_wconf 90' lang='lat' dir='ltr'><strong>in</strong></span> <span class='ocrx_word' id='word_1_677' title='bbox 698 4789 972 4849; x_wconf 88' lang='lat' dir='ltr'><strong>posterum</strong></span> <span class='ocrx_word' id='word_1_678' title='bbox 1015 4780 1423 4836; x_wconf 88' lang='lat' dir='ltr'><strong>valedicendum</strong></span> <span class='ocrx_word' id='word_1_679' title='bbox 1464 4794 1479 4835; x_wconf 90' lang='lat'><strong>:</strong></span> <span class='ocrx_word' id='word_1_680' title='bbox 1515 4794 1689 4849; x_wconf 91' lang='lat' dir='ltr'><strong>neque</strong></span> <span class='ocrx_word' id='word_1_681' title='bbox 1725 4781 1867 4834; x_wconf 85' lang='lat' dir='ltr'><strong>enim</strong></span> <span class='ocrx_word' id='word_1_682' title='bbox 1911 4779 1976 4833; x_wconf 88' lang='lat' dir='ltr'><strong>ad</strong></span> <span class='ocrx_word' id='word_1_683' title='bbox 2004 4780 2084 4848; x_wconf 93' lang='lat' dir='ltr'><strong>ip-</strong></span> 
     </span>
    </p>
   </div>
   <div class='ocr_carea' id='block_1_93' title="bbox 475 4872 2081 4944">
    <p class='ocr_par' dir='ltr' id='par_1_93' title="bbox 475 4872 2081 4944">
     <span class='ocr_line' id='line_1_93' title="bbox 475 4872 2081 4944; baseline 0.002 -18"><span class='ocrx_word' id='word_1_684' title='bbox 475 4885 599 4926; x_wconf 84' lang='lat' dir='ltr'><strong>sum</strong></span> <span class='ocrx_word' id='word_1_685' title='bbox 621 4872 886 4941; x_wconf 89' lang='lat' dir='ltr'><strong>codicem,</strong></span> <span class='ocrx_word' id='word_1_686' title='bbox 918 4876 1000 4929; x_wconf 91' lang='lat' dir='ltr'><strong>vel</strong></span> <span class='ocrx_word' id='word_1_687' title='bbox 1029 4874 1096 4929; x_wconf 92' lang='lat' dir='ltr'><strong>ad</strong></span> <span class='ocrx_word' id='word_1_688' title='bbox 1133 4875 1252 4944; x_wconf 89' lang='lat' dir='ltr'><strong>ejus</strong></span> <span class='ocrx_word' id='word_1_689' title='bbox 1281 4889 1665 4930; x_wconf 90' lang='lat' dir='ltr'><strong>amanuenscm</strong></span> <span class='ocrx_word' id='word_1_690' title='bbox 1689 4889 1748 4930; x_wconf 88' lang='lat' dir='ltr'><strong>ea</strong></span> <span class='ocrx_word' id='word_1_691' title='bbox 1773 4874 2081 4929; x_wconf 66' lang='lat' dir='ltr'><strong>referuntur</strong></span> 
     </span>
    </p>
   </div>
   <div class='ocr_carea' id='block_1_94' title="bbox 475 4965 2080 5038">
    <p class='ocr_par' dir='ltr' id='par_1_94' title="bbox 475 4965 2080 5038">
     <span class='ocr_line' id='line_1_94' title="bbox 475 4965 2080 5038; baseline 0.003 -21"><span class='ocrx_word' id='word_1_692' title='bbox 475 4965 664 5031; x_wconf 84' lang='lat' dir='ltr'><strong>verba,</strong></span> <span class='ocrx_word' id='word_1_693' title='bbox 703 4965 797 5021; x_wconf 90' lang='lat' dir='ltr'><strong>sed</strong></span> <span class='ocrx_word' id='word_1_694' title='bbox 837 4975 895 5021; x_wconf 88' lang='lat' dir='ltr'><strong>ut</strong></span> <span class='ocrx_word' id='word_1_695' title='bbox 933 4982 964 5022; x_wconf 92' lang='lat' dir='ltr'><strong>e</strong></span> <span class='ocrx_word' id='word_1_696' title='bbox 1005 4967 1126 5022; x_wconf 92' lang='lat' dir='ltr'><strong>loco</strong></span> <span class='ocrx_word' id='word_1_697' title='bbox 1173 4975 1228 5022; x_wconf 92' lang='lat' dir='ltr'><strong>et</strong></span> <span class='ocrx_word' id='word_1_698' title='bbox 1258 4967 1418 5022; x_wconf 91' lang='lat' dir='ltr'><strong>modo</strong></span> <span class='ocrx_word' id='word_1_699' title='bbox 1447 4982 1666 5038; x_wconf 89' lang='lat' dir='ltr'><strong>prorsus</strong></span> <span class='ocrx_word' id='word_1_700' title='bbox 1695 4975 1928 5031; x_wconf 83' lang='lat' dir='ltr'><strong>constat,</strong></span> <span class='ocrx_word' id='word_1_701' title='bbox 1968 4967 2080 5022; x_wconf 86' lang='lat' dir='ltr'><strong>sive</strong></span> 
     </span>
    </p>
   </div>
   <div class='ocr_carea' id='block_1_95' title="bbox 473 5058 2079 5132">
    <p class='ocr_par' dir='ltr' id='par_1_95' title="bbox 473 5058 2079 5132">
     <span class='ocr_line' id='line_1_95' title="bbox 473 5058 2079 5132; baseline 0.001 -19"><span class='ocrx_word' id='word_1_702' title='bbox 473 5058 637 5114; x_wconf 85' lang='lat' dir='ltr'><strong>Builii</strong></span> <span class='ocrx_word' id='word_1_703' title='bbox 658 5059 907 5127; x_wconf 87' lang='lat' dir='ltr'><strong>Abbatis,</strong></span> <span class='ocrx_word' id='word_1_704' title='bbox 938 5061 1059 5116; x_wconf 86' lang='lat' dir='ltr'><strong>sive</strong></span> <span class='ocrx_word' id='word_1_705' title='bbox 1089 5059 1249 5116; x_wconf 91' lang='lat' dir='ltr'><strong>otiosi</strong></span> <span class='ocrx_word' id='word_1_706' title='bbox 1288 5060 1584 5132; x_wconf 77' lang='lat' dir='ltr'><strong>cujuSpiam</strong></span> <span class='ocrx_word' id='word_1_707' title='bbox 1615 5061 1763 5116; x_wconf 92' lang='lat' dir='ltr'><strong>lusus</strong></span> <span class='ocrx_word' id='word_1_708' title='bbox 1794 5061 1886 5116; x_wconf 83' lang='lat' dir='ltr'><strong>fuit</strong></span> <span class='ocrx_word' id='word_1_709' title='bbox 1910 5075 2079 5115; x_wconf 91' lang='lat' dir='ltr'><strong>vacuo</strong></span> 
     </span>
    </p>
   </div>
   <div class='ocr_carea' id='block_1_96' title="bbox 471 5149 2078 5223">
    <p class='ocr_par' dir='ltr' id='par_1_96' title="bbox 471 5149 2078 5223">
     <span class='ocr_line' id='line_1_96' title="bbox 471 5149 2078 5223; baseline 0.002 -18"><span class='ocrx_word' id='word_1_710' title='bbox 471 5149 572 5206; x_wconf 90' lang='lat' dir='ltr'><strong>illo</strong></span> <span class='ocrx_word' id='word_1_711' title='bbox 596 5151 770 5220; x_wconf 90' lang='lat' dir='ltr'><strong>spatio</strong></span> <span class='ocrx_word' id='word_1_712' title='bbox 791 5152 1083 5219; x_wconf 90' lang='lat' dir='ltr'><strong>abutentis,</strong></span> <span class='ocrx_word' id='word_1_713' title='bbox 1107 5151 1250 5222; x_wconf 88' lang='lat' dir='ltr'><strong>quod</strong></span> <span class='ocrx_word' id='word_1_714' title='bbox 1275 5152 1326 5207; x_wconf 90' lang='lat' dir='ltr'><strong>in</strong></span> <span class='ocrx_word' id='word_1_715' title='bbox 1361 5152 1630 5222; x_wconf 90' lang='lat' dir='ltr'><strong>plerisque</strong></span> <span class='ocrx_word' id='word_1_716' title='bbox 1657 5156 1818 5208; x_wconf 88' lang='lat' dir='ltr'><strong>etiam</strong></span> <span class='ocrx_word' id='word_1_717' title='bbox 1850 5155 2078 5223; x_wconf 91' lang='lat' dir='ltr'><strong>impres-</strong></span> 
     </span>
    </p>
   </div>
   <div class='ocr_carea' id='block_1_97' title="bbox 470 5239 2076 5313">
    <p class='ocr_par' dir='ltr' id='par_1_97' title="bbox 470 5239 2076 5313">
     <span class='ocr_line' id='line_1_97' title="bbox 470 5239 2076 5313; baseline 0.002 -17"><span class='ocrx_word' id='word_1_718' title='bbox 470 5240 548 5296; x_wconf 84' lang='lat' dir='ltr'><strong>sis</strong></span> <span class='ocrx_word' id='word_1_719' title='bbox 571 5239 722 5296; x_wconf 89' lang='lat' dir='ltr'><strong>libris</strong></span> <span class='ocrx_word' id='word_1_720' title='bbox 750 5255 1035 5297; x_wconf 87' lang='lat' dir='ltr'><strong>occurrere</strong></span> <span class='ocrx_word' id='word_1_721' title='bbox 1079 5242 1370 5313; x_wconf 89' lang='lat' dir='ltr'><strong>aliquando</strong></span> <span class='ocrx_word' id='word_1_722' title='bbox 1397 5242 1558 5298; x_wconf 84' lang='lat' dir='ltr'><strong>solet.</strong></span> <span class='ocrx_word' id='word_1_723' title='bbox 1591 5244 1737 5298; x_wconf 86' lang='lat' dir='ltr'><strong>Alios</strong></span> <span class='ocrx_word' id='word_1_724' title='bbox 1765 5253 1952 5299; x_wconf 90' lang='lat' dir='ltr'><strong>contra</strong></span> <span class='ocrx_word' id='word_1_725' title='bbox 1977 5259 2076 5299; x_wconf 86' lang='lat' dir='ltr'><strong>au-</strong></span> 
     </span>
    </p>
   </div>
   <div class='ocr_carea' id='block_1_98' title="bbox 470 5331 2074 5404">
    <p class='ocr_par' dir='ltr' id='par_1_98' title="bbox 470 5331 2074 5404">
     <span class='ocr_line' id='line_1_98' title="bbox 470 5331 2074 5404; baseline 0.001 -16"><span class='ocrx_word' id='word_1_726' title='bbox 470 5331 603 5400; x_wconf 84' lang='lat' dir='ltr'><strong>divi,</strong></span> <span class='ocrx_word' id='word_1_727' title='bbox 633 5347 700 5389; x_wconf 91' lang='lat' dir='ltr'><strong>eo</strong></span> <span class='ocrx_word' id='word_1_728' title='bbox 724 5334 868 5404; x_wconf 91' lang='lat' dir='ltr'><strong>quod</strong></span> <span class='ocrx_word' id='word_1_729' title='bbox 905 5334 1170 5404; x_wconf 90' lang='lat' dir='ltr'><strong>nigrescat</strong></span> <span class='ocrx_word' id='word_1_730' title='bbox 1210 5333 1402 5388; x_wconf 90' lang='lat' dir='ltr'><strong>horum</strong></span> <span class='ocrx_word' id='word_1_731' title='bbox 1444 5333 1752 5399; x_wconf 82' lang='lat' dir='ltr'><strong>verborum,</strong></span> <span class='ocrx_word' id='word_1_732' title='bbox 1793 5334 1905 5392; x_wconf 82' lang='lat' dir='ltr'><strong>fere</strong></span> <span class='ocrx_word' id='word_1_733' title='bbox 1935 5345 1992 5391; x_wconf 91' lang='lat' dir='ltr'><strong>ut</strong></span> <span class='ocrx_word' id='word_1_734' title='bbox 2023 5337 2074 5391; x_wconf 91' lang='lat' dir='ltr'><strong>in</strong></span> 
     </span>
    </p>
   </div>
   <div class='ocr_carea' id='block_1_99' title="bbox 469 5417 2072 5494">
    <p class='ocr_par' dir='ltr' id='par_1_99' title="bbox 469 5417 2072 5494">
     <span class='ocr_line' id='line_1_99' title="bbox 469 5417 2072 5494; baseline 0.002 -16"><span class='ocrx_word' id='word_1_735' title='bbox 469 5417 753 5479; x_wconf 68' lang='lat' dir='ltr'><strong>hodier‘nis</strong></span> <span class='ocrx_word' id='word_1_736' title='bbox 812 5424 1114 5494; x_wconf 88' lang='lat' dir='ltr'><strong>scripturis,</strong></span> <span class='ocrx_word' id='word_1_737' title='bbox 1152 5433 1553 5492; x_wconf 88' lang='lat' dir='ltr'><strong>atramentum,</strong></span> <span class='ocrx_word' id='word_1_738' title='bbox 1607 5433 1851 5481; x_wconf 90' lang='lat' dir='ltr'><strong>recenter</strong></span> <span class='ocrx_word' id='word_1_739' title='bbox 1892 5426 2072 5482; x_wconf 89' lang='lat' dir='ltr'><strong>addita</strong></span> 
     </span>
    </p>
   </div>
   <div class='ocr_carea' id='block_1_100' title="bbox 471 5513 2076 5586">
    <p class='ocr_par' dir='ltr' id='par_1_100' title="bbox 471 5513 2076 5586">
     <span class='ocr_line' id='line_1_100' title="bbox 471 5513 2076 5586; baseline 0.005 -18"><span class='ocrx_word' id='word_1_740' title='bbox 471 5513 638 5571; x_wconf 80' lang='lat' dir='ltr'><strong>fuisse</strong></span> <span class='ocrx_word' id='word_1_741' title='bbox 659 5530 942 5586; x_wconf 88' lang='lat' dir='ltr'><strong>perperam</strong></span> <span class='ocrx_word' id='word_1_742' title='bbox 973 5517 1345 5572; x_wconf 81' lang='lat' dir='ltr'><strong>existimantes</strong></span> <span class='ocrx_word' id='word_1_743' title='bbox 1390 5535 1403 5572; x_wconf 93' lang='lat'><strong>:</strong></span> <span class='ocrx_word' id='word_1_744' title='bbox 1436 5517 1511 5573; x_wconf 90' lang='lat' dir='ltr'><strong>ita</strong></span> <span class='ocrx_word' id='word_1_745' title='bbox 1563 5518 1816 5572; x_wconf 87' lang='lat' dir='ltr'><strong>nimirum</strong></span> <span class='ocrx_word' id='word_1_746' title='bbox 1843 5521 1893 5573; x_wconf 90' lang='lat' dir='ltr'><strong>in</strong></span> <span class='ocrx_word' id='word_1_747' title='bbox 1923 5535 2076 5575; x_wconf 88' lang='lat' dir='ltr'><strong>erro-</strong></span> 
     </span>
    </p>
   </div>
   <div class='ocr_carea' id='block_1_101' title="bbox 468 5609 2073 5684">
    <p class='ocr_par' dir='ltr' id='par_1_101' title="bbox 468 5609 2073 5684">
     <span class='ocr_line' id='line_1_101' title="bbox 468 5609 2073 5684; baseline 0.004 -22"><span class='ocrx_word' id='word_1_748' title='bbox 468 5622 588 5662; x_wconf 88' lang='lat' dir='ltr'><strong>rem</strong></span> <span class='ocrx_word' id='word_1_749' title='bbox 613 5609 765 5677; x_wconf 90' lang='lat' dir='ltr'><strong>proni</strong></span> <span class='ocrx_word' id='word_1_750' title='bbox 789 5617 1049 5679; x_wconf 91' lang='lat' dir='ltr'><strong>perpetuo</strong></span> <span class='ocrx_word' id='word_1_751' title='bbox 1071 5619 1217 5677; x_wconf 89' lang='lat' dir='ltr'><strong>sunt,</strong></span> <span class='ocrx_word' id='word_1_752' title='bbox 1246 5609 1573 5681; x_wconf 90' lang='lat' dir='ltr'><strong>quicumque</strong></span> <span class='ocrx_word' id='word_1_753' title='bbox 1597 5626 1703 5666; x_wconf 91' lang='lat' dir='ltr'><strong>non</strong></span> <span class='ocrx_word' id='word_1_754' title='bbox 1732 5611 1909 5666; x_wconf 91' lang='lat' dir='ltr'><strong>omnia</strong></span> <span class='ocrx_word' id='word_1_755' title='bbox 1942 5629 2073 5684; x_wconf 91' lang='lat' dir='ltr'><strong>pen-</strong></span> 
     </span>
    </p>
   </div>
   <div class='ocr_carea' id='block_1_102' title="bbox 471 5699 2072 5774">
    <p class='ocr_par' dir='ltr' id='par_1_102' title="bbox 471 5699 2072 5774">
     <span class='ocr_line' id='line_1_102' title="bbox 471 5699 2072 5774; baseline 0.005 -20"><span class='ocrx_word' id='word_1_756' title='bbox 471 5699 655 5765; x_wconf 87' lang='lat' dir='ltr'><strong>sitant,</strong></span> <span class='ocrx_word' id='word_1_757' title='bbox 689 5707 744 5755; x_wconf 86' lang='lat' dir='ltr'><strong>et</strong></span> <span class='ocrx_word' id='word_1_758' title='bbox 780 5717 886 5756; x_wconf 90' lang='lat' dir='ltr'><strong>uno</strong></span> <span class='ocrx_word' id='word_1_759' title='bbox 916 5711 1125 5760; x_wconf 89' lang='lat' dir='ltr'><strong>tantum</strong></span> <span class='ocrx_word' id='word_1_760' title='bbox 1175 5711 1496 5774; x_wconf 86' lang='lat' dir='ltr'><strong>argumento</strong></span> <span class='ocrx_word' id='word_1_761' title='bbox 1525 5705 1669 5761; x_wconf 91' lang='lat' dir='ltr'><strong>ducti</strong></span> <span class='ocrx_word' id='word_1_762' title='bbox 1705 5705 1760 5761; x_wconf 91' lang='lat' dir='ltr'><strong>in</strong></span> <span class='ocrx_word' id='word_1_763' title='bbox 1786 5703 1871 5763; x_wconf 89' lang='lat' dir='ltr'><strong>his</strong></span> <span class='ocrx_word' id='word_1_764' title='bbox 1909 5705 2072 5762; x_wconf 88' lang='lat' dir='ltr'><strong>rebus</strong></span> 
     </span>
    </p>
   </div>
   <div class='ocr_carea' id='block_1_103' title="bbox 468 5789 982 5865">
    <p class='ocr_par' dir='ltr' id='par_1_103' title="bbox 468 5789 982 5865">
     <span class='ocr_line' id='line_1_103' title="bbox 468 5789 982 5865; baseline 0.008 -20"><span class='ocrx_word' id='word_1_765' title='bbox 468 5789 733 5849; x_wconf 88' lang='lat' dir='ltr'><strong>calculum</strong></span> <span class='ocrx_word' id='word_1_766' title='bbox 755 5803 982 5865; x_wconf 90' lang='lat' dir='ltr'><strong>ponunt.</strong></span> 
     </span>
    </p>
   </div>
   <div class='ocr_carea' id='block_1_104' title="bbox 2187 4688 3786 4762">
    <p class='ocr_par' dir='ltr' id='par_1_104' title="bbox 2187 4688 3786 4762">
     <span class='ocr_line' id='line_1_104' title="bbox 2187 4688 3786 4762; baseline 0.004 -20"><span class='ocrx_word' id='word_1_767' title='bbox 2187 4697 2428 4758; x_wconf 90' lang='lat' dir='ltr'><strong>tempore</strong></span> <span class='ocrx_word' id='word_1_768' title='bbox 2455 4688 2664 4756; x_wconf 85' lang='lat' dir='ltr'><strong>abesse,</strong></span> <span class='ocrx_word' id='word_1_769' title='bbox 2693 4691 3072 4761; x_wconf 81' lang='lat' dir='ltr'><strong>autographas,</strong></span> <span class='ocrx_word' id='word_1_770' title='bbox 3095 4707 3228 4762; x_wconf 89' lang='lat' dir='ltr'><strong>quas</strong></span> <span class='ocrx_word' id='word_1_771' title='bbox 3247 4691 3502 4748; x_wconf 88' lang='lat' dir='ltr'><strong>dederam</strong></span> <span class='ocrx_word' id='word_1_772' title='bbox 3529 4691 3786 4762; x_wconf 85' lang='lat' dir='ltr'><strong>schedas,</strong></span> 
     </span>
    </p>
   </div>
   <div class='ocr_carea' id='block_1_105' title="bbox 2185 4779 3786 4855">
    <p class='ocr_par' dir='ltr' id='par_1_105' title="bbox 2185 4779 3786 4855">
     <span class='ocr_line' id='line_1_105' title="bbox 2185 4779 3786 4855; baseline 0.006 -24"><span class='ocrx_word' id='word_1_773' title='bbox 2185 4779 2276 4849; x_wconf 90' lang='lat' dir='ltr'><strong>qui</strong></span> <span class='ocrx_word' id='word_1_774' title='bbox 2323 4781 2504 4849; x_wconf 86' lang='lat' dir='ltr'><strong>operis</strong></span> <span class='ocrx_word' id='word_1_775' title='bbox 2562 4791 2618 4835; x_wconf 89' lang='lat' dir='ltr'><strong>et</strong></span> <span class='ocrx_word' id='word_1_776' title='bbox 2659 4782 3022 4837; x_wconf 86' lang='lat' dir='ltr'><strong>emendationi</strong></span> <span class='ocrx_word' id='word_1_777' title='bbox 3071 4796 3336 4853; x_wconf 72' lang='lat' dir='ltr'><strong>prmerant</strong></span> <span class='ocrx_word' id='word_1_778' title='bbox 3378 4785 3447 4840; x_wconf 90' lang='lat' dir='ltr'><strong>ob</strong></span> <span class='ocrx_word' id='word_1_779' title='bbox 3491 4784 3786 4855; x_wconf 86' lang='lat' dir='ltr'><strong>implexam</strong></span> 
     </span>
    </p>
   </div>
   <div class='ocr_carea' id='block_1_106' title="bbox 2186 4873 3781 4948">
    <p class='ocr_par' dir='ltr' id='par_1_106' title="bbox 2186 4873 3781 4948">
     <span class='ocr_line' id='line_1_106' title="bbox 2186 4873 3781 4948; baseline 0.004 -22"><span class='ocrx_word' id='word_1_780' title='bbox 2186 4873 2504 4942; x_wconf 89' lang='lat' dir='ltr'><strong>scripturam</strong></span> <span class='ocrx_word' id='word_1_781' title='bbox 2547 4888 2881 4944; x_wconf 80' lang='lat' dir='ltr'><strong>nequaquam</strong></span> <span class='ocrx_word' id='word_1_782' title='bbox 2914 4887 3264 4945; x_wconf 88' lang='lat' dir='ltr'><strong>assequentes</strong></span> <span class='ocrx_word' id='word_1_783' title='bbox 3285 4919 3299 4942; x_wconf 97' lang='lat'><strong>,</strong></span> <span class='ocrx_word' id='word_1_784' title='bbox 3337 4876 3581 4948; x_wconf 73' lang='lat' dir='ltr'><strong>quzedam</strong></span> <span class='ocrx_word' id='word_1_785' title='bbox 3611 4877 3781 4932; x_wconf 90' lang='lat' dir='ltr'><strong>omit-</strong></span> 
     </span>
    </p>
   </div>
   <div class='ocr_carea' id='block_1_107' title="bbox 2182 4964 3781 5037">
    <p class='ocr_par' dir='ltr' id='par_1_107' title="bbox 2182 4964 3781 5037">
     <span class='ocr_line' id='line_1_107' title="bbox 2182 4964 3781 5037; baseline 0.005 -19"><span class='ocrx_word' id='word_1_786' title='bbox 2182 4971 2298 5019; x_wconf 91' lang='lat' dir='ltr'><strong>tere</strong></span> <span class='ocrx_word' id='word_1_787' title='bbox 2332 4964 2505 5019; x_wconf 88' lang='lat' dir='ltr'><strong>coacti</strong></span> <span class='ocrx_word' id='word_1_788' title='bbox 2542 4975 2701 5030; x_wconf 89' lang='lat' dir='ltr'><strong>sunt,</strong></span> <span class='ocrx_word' id='word_1_789' title='bbox 2750 4965 2997 5035; x_wconf 81' lang='lat' dir='ltr'><strong>quaedam</strong></span> <span class='ocrx_word' id='word_1_790' title='bbox 3040 4966 3312 5037; x_wconf 88' lang='lat' dir='ltr'><strong>aliquanto</strong></span> <span class='ocrx_word' id='word_1_791' title='bbox 3363 4971 3673 5025; x_wconf 88' lang='lat' dir='ltr'><strong>immutare.</strong></span> <span class='ocrx_word' id='word_1_792' title='bbox 3719 4969 3781 5026; x_wconf 88' lang='lat' dir='ltr'><strong>Id</strong></span> 
     </span>
    </p>
   </div>
   <div class='ocr_carea' id='block_1_108' title="bbox 2181 5055 3777 5132">
    <p class='ocr_par' dir='ltr' id='par_1_108' title="bbox 2181 5055 3777 5132">
     <span class='ocr_line' id='line_1_108' title="bbox 2181 5055 3777 5132; baseline 0.004 -22"><span class='ocrx_word' id='word_1_793' title='bbox 2181 5071 2315 5112; x_wconf 88' lang='lat' dir='ltr'><strong>vero</strong></span> <span class='ocrx_word' id='word_1_794' title='bbox 2354 5055 2566 5112; x_wconf 86' lang='lat' dir='ltr'><strong>etiamsi</strong></span> <span class='ocrx_word' id='word_1_795' title='bbox 2604 5071 2791 5126; x_wconf 87' lang='lat' dir='ltr'><strong>parum</strong></span> <span class='ocrx_word' id='word_1_796' title='bbox 2832 5056 3030 5113; x_wconf 81' lang='lat' dir='ltr'><strong>referat</strong></span> <span class='ocrx_word' id='word_1_797' title='bbox 3054 5099 3069 5124; x_wconf 96' lang='lat'><strong>,</strong></span> <span class='ocrx_word' id='word_1_798' title='bbox 3103 5068 3230 5114; x_wconf 90' lang='lat' dir='ltr'><strong>sunt</strong></span> <span class='ocrx_word' id='word_1_799' title='bbox 3268 5061 3361 5130; x_wconf 91' lang='lat' dir='ltr'><strong>qui</strong></span> <span class='ocrx_word' id='word_1_800' title='bbox 3403 5076 3491 5117; x_wconf 91' lang='lat' dir='ltr'><strong>me</strong></span> <span class='ocrx_word' id='word_1_801' title='bbox 3524 5061 3777 5132; x_wconf 87' lang='lat' dir='ltr'><strong>adigant,</strong></span> 
     </span>
    </p>
   </div>
   <div class='ocr_carea' id='block_1_109' title="bbox 2183 5147 3781 5224">
    <p class='ocr_par' dir='ltr' id='par_1_109' title="bbox 2183 5147 3781 5224">
     <span class='ocr_line' id='line_1_109' title="bbox 2183 5147 3781 5224; baseline 0.005 -22"><span class='ocrx_word' id='word_1_802' title='bbox 2183 5157 2242 5202; x_wconf 91' lang='lat' dir='ltr'><strong>ut</strong></span> <span class='ocrx_word' id='word_1_803' title='bbox 2295 5163 2365 5204; x_wconf 83' lang='lat' dir='ltr'><strong>ex</strong></span> <span class='ocrx_word' id='word_1_804' title='bbox 2416 5147 2800 5219; x_wconf 83' lang='lat' dir='ltr'><strong>praetermissis</strong></span> <span class='ocrx_word' id='word_1_805' title='bbox 2839 5158 2932 5204; x_wconf 90' lang='lat' dir='ltr'><strong>aut</strong></span> <span class='ocrx_word' id='word_1_806' title='bbox 2980 5150 3314 5222; x_wconf 88' lang='lat' dir='ltr'><strong>interpolatis</strong></span> <span class='ocrx_word' id='word_1_807' title='bbox 3366 5153 3451 5208; x_wconf 89' lang='lat' dir='ltr'><strong>hic</strong></span> <span class='ocrx_word' id='word_1_808' title='bbox 3488 5162 3781 5224; x_wconf 89' lang='lat' dir='ltr'><strong>sequentes</strong></span> 
     </span>
    </p>
   </div>
   <div class='ocr_carea' id='block_1_110' title="bbox 2181 5238 3104 5312">
    <p class='ocr_par' dir='ltr' id='par_1_110' title="bbox 2181 5238 3104 5312">
     <span class='ocr_line' id='line_1_110' title="bbox 2181 5238 3104 5312; baseline 0.003 -20"><span class='ocrx_word' id='word_1_809' title='bbox 2181 5238 2484 5294; x_wconf 79' lang='lat' dir='ltr'><strong>exhibeam.</strong></span> <span class='ocrx_word' id='word_1_810' title='bbox 2519 5239 2926 5310; x_wconf 84' lang='lat' dir='ltr'><strong>Adscripseram</strong></span> <span class='ocrx_word' id='word_1_811' title='bbox 2954 5255 3104 5312; x_wconf 82' lang='lat' dir='ltr'><strong>ergo.</strong></span> 
     </span>
    </p>
   </div>
   <div class='ocr_carea' id='block_1_111' title="bbox 2253 5375 3780 5451">
    <p class='ocr_par' dir='ltr' id='par_1_111' title="bbox 2253 5375 3780 5451">
     <span class='ocr_line' id='line_1_111' title="bbox 2253 5375 3780 5451; baseline 0.006 -21"><span class='ocrx_word' id='word_1_812' title='bbox 2253 5375 2368 5451; x_wconf 67' lang='lat'><strong>(:91.</strong></span> <span class='ocrx_word' id='word_1_813' title='bbox 2419 5377 2517 5443; x_wconf 80' lang='grc'><strong>15,</strong></span> <span class='ocrx_word' id='word_1_814' title='bbox 2560 5378 2611 5451; x_wconf 54' lang='grc' dir='ltr'>ιτ</span> <span class='ocrx_word' id='word_1_815' title='bbox 2644 5376 2827 5451; x_wconf 77' lang='lat' dir='ltr'><strong>l’riore</strong></span> <span class='ocrx_word' id='word_1_816' title='bbox 2853 5375 3199 5451; x_wconf 71' lang='lat' dir='ltr'><strong>Veronensis</strong></span> <span class='ocrx_word' id='word_1_817' title='bbox 3255 5379 3377 5434; x_wconf 91' lang='lat' dir='ltr'><strong>libri</strong></span> <span class='ocrx_word' id='word_1_818' title='bbox 3419 5383 3780 5451; x_wconf 89' lang='lat' dir='ltr'><strong>quaternione</strong></span> 
     </span>
    </p>
   </div>
   <div class='ocr_carea' id='block_1_112' title="bbox 2180 5445 3778 5520">
    <p class='ocr_par' dir='ltr' id='par_1_112' title="bbox 2180 5445 3778 5520">
     <span class='ocr_line' id='line_1_112' title="bbox 2180 5445 3778 5520; baseline 0.006 -21"><span class='ocrx_word' id='word_1_819' title='bbox 2180 5445 2461 5520; x_wconf 66' lang='lat' dir='ltr'><strong>abscisso,</strong></span> <span class='ocrx_word' id='word_1_820' title='bbox 2501 5447 2820 5520; x_wconf 82' lang='lat' dir='ltr'><strong>variantium</strong></span> <span class='ocrx_word' id='word_1_821' title='bbox 2853 5447 3144 5503; x_wconf 86' lang='lat' dir='ltr'><strong>lectionum</strong></span> <span class='ocrx_word' id='word_1_822' title='bbox 3188 5451 3357 5520; x_wconf 85' lang='lat' dir='ltr'><strong>prima</strong></span> <span class='ocrx_word' id='word_1_823' title='bbox 3392 5445 3626 5506; x_wconf 80' lang='lat' dir='ltr'><strong>occurrit</strong></span> <span class='ocrx_word' id='word_1_824' title='bbox 3646 5463 3778 5508; x_wconf 87' lang='lat' dir='ltr'><strong>tenet</strong></span> 
     </span>
    </p>
   </div>
   <div class='ocr_carea' id='block_1_113' title="bbox 2181 5517 3776 5587">
    <p class='ocr_par' dir='ltr' id='par_1_113' title="bbox 2181 5517 3776 5587">
     <span class='ocr_line' id='line_1_113' title="bbox 2181 5517 3776 5587; baseline 0.006 -17"><span class='ocrx_word' id='word_1_825' title='bbox 2181 5532 2279 5587; x_wconf 89' lang='lat' dir='ltr'><strong>pro</strong></span> <span class='ocrx_word' id='word_1_826' title='bbox 2304 5518 2497 5582; x_wconf 86' lang='lat' dir='ltr'><strong>tenuit;</strong></span> <span class='ocrx_word' id='word_1_827' title='bbox 2529 5527 2582 5570; x_wconf 90' lang='lat' dir='ltr'><strong>ut</strong></span> <span class='ocrx_word' id='word_1_828' title='bbox 2607 5517 2829 5572; x_wconf 87' lang='lat' dir='ltr'><strong>habetur</strong></span> <span class='ocrx_word' id='word_1_829' title='bbox 2855 5521 3012 5586; x_wconf 87' lang='lat' dir='ltr'><strong>paulo</strong></span> <span class='ocrx_word' id='word_1_830' title='bbox 3033 5531 3159 5574; x_wconf 86' lang='lat' dir='ltr'><strong>ante</strong></span> <span class='ocrx_word' id='word_1_831' title='bbox 3182 5517 3204 5575; x_wconf 66' lang='grc' dir='ltr'><strong>τ’</strong></span> <span class='ocrx_word' id='word_1_832' title='bbox 3228 5521 3456 5587; x_wconf 83' lang='lat' dir='ltr'><strong>Quartus</strong></span> <span class='ocrx_word' id='word_1_833' title='bbox 3514 5524 3641 5577; x_wconf 87' lang='lat' dir='ltr'><strong>liber</strong></span> <span class='ocrx_word' id='word_1_834' title='bbox 3671 5541 3776 5579; x_wconf 82' lang='lat' dir='ltr'><strong>au-</strong></span> 
     </span>
    </p>
   </div>
   <div class='ocr_carea' id='block_1_114' title="bbox 2177 5589 3774 5664">
    <p class='ocr_par' dir='ltr' id='par_1_114' title="bbox 2177 5589 3774 5664">
     <span class='ocr_line' id='line_1_114' title="bbox 2177 5589 3774 5664; baseline 0.006 -22"><span class='ocrx_word' id='word_1_835' title='bbox 2177 5590 2424 5664; x_wconf 80' lang='lat' dir='ltr'><strong>spicatur.</strong></span> <span class='ocrx_word' id='word_1_836' title='bbox 2464 5589 2547 5643; x_wconf 85' lang='lat' dir='ltr'><strong>Ab</strong></span> <span class='ocrx_word' id='word_1_837' title='bbox 2581 5589 2644 5642; x_wconf 90' lang='lat' dir='ltr'><strong>iis</strong></span> <span class='ocrx_word' id='word_1_838' title='bbox 2682 5589 2860 5643; x_wconf 88' lang='lat' dir='ltr'><strong>verbis</strong></span> <span class='ocrx_word' id='word_1_839' title='bbox 2903 5590 3005 5645; x_wconf 90' lang='lat' dir='ltr'><strong>sub</strong></span> <span class='ocrx_word' id='word_1_840' title='bbox 3038 5591 3198 5664; x_wconf 86' lang='lat' dir='ltr'><strong>linem</strong></span> <span class='ocrx_word' id='word_1_841' title='bbox 3230 5593 3546 5664; x_wconf 86' lang='lat' dir='ltr'><strong>paragraphi</strong></span> <span class='ocrx_word' id='word_1_842' title='bbox 3574 5595 3774 5651; x_wconf 88' lang='lat' dir='ltr'><strong>decimi</strong></span> 
     </span>
    </p>
   </div>
   <div class='ocr_carea' id='block_1_115' title="bbox 2178 5662 3286 5732">
    <p class='ocr_par' dir='ltr' id='par_1_115' title="bbox 2178 5662 3286 5732">
     <span class='ocr_line' id='line_1_115' title="bbox 2178 5662 3286 5732; baseline 0.004 -21"><span class='ocrx_word' id='word_1_843' title='bbox 2178 5675 2210 5711; x_wconf 82' lang='grc' dir='ltr'><em>α</em></span> <span class='ocrx_word' id='word_1_844' title='bbox 2237 5662 2477 5732; x_wconf 15' lang='grc' dir='ltr'><strong>διιὶδίηοιι</strong></span> <span class='ocrx_word' id='word_1_845' title='bbox 2499 5668 2756 5732; x_wconf 75' lang='lat' dir='ltr'><strong>receptum</strong></span> <span class='ocrx_word' id='word_1_846' title='bbox 2786 5668 2928 5732; x_wconf 86' lang='lat' dir='ltr'><strong>nunc</strong></span> <span class='ocrx_word' id='word_1_847' title='bbox 2953 5677 3052 5716; x_wconf 91' lang='lat' dir='ltr'><strong>ms.</strong></span> <span class='ocrx_word' id='word_1_848' title='bbox 3080 5662 3286 5732; x_wconf 87' lang='lat' dir='ltr'><strong>incipit.</strong></span> 
     </span>
    </p>
   </div>
   <div class='ocr_carea' id='block_1_116' title="bbox 2249 5728 3774 5805">
    <p class='ocr_par' dir='ltr' id='par_1_116' title="bbox 2249 5728 3774 5805">
     <span class='ocr_line' id='line_1_116' title="bbox 2249 5728 3774 5805; baseline 0.005 -21"><span class='ocrx_word' id='word_1_849' title='bbox 2249 5728 2309 5784; x_wconf 85' lang='lat' dir='ltr'><strong>C.</strong></span> <span class='ocrx_word' id='word_1_850' title='bbox 2347 5731 2430 5794; x_wconf 86' lang='lat' dir='ltr'><strong>l7,</strong></span> <span class='ocrx_word' id='word_1_851' title='bbox 2457 5731 2512 5786; x_wconf 72' lang='lat'><strong>2.</strong></span> <span class='ocrx_word' id='word_1_852' title='bbox 2549 5730 2662 5805; x_wconf 74' lang='lat' dir='ltr'><strong>Pin:</strong></span> <span class='ocrx_word' id='word_1_853' title='bbox 2691 5731 2938 5784; x_wconf 77' lang='lat' dir='ltr'><strong>doctrina:</strong></span> <span class='ocrx_word' id='word_1_854' title='bbox 2959 5732 3012 5786; x_wconf 92' lang='lat' dir='ltr'><strong>in</strong></span> <span class='ocrx_word' id='word_1_855' title='bbox 3043 5728 3245 5805; x_wconf 83' lang='lat' dir='ltr'><strong>textum</strong></span> <span class='ocrx_word' id='word_1_856' title='bbox 3271 5748 3580 5805; x_wconf 88' lang='lat' dir='ltr'><strong>receperam</strong></span> <span class='ocrx_word' id='word_1_857' title='bbox 3599 5777 3612 5798; x_wconf 91' lang='lat'><strong>,</strong></span> <span class='ocrx_word' id='word_1_858' title='bbox 3641 5737 3774 5791; x_wconf 81' lang='lat' dir='ltr'><strong>sub-</strong></span> 
     </span>
    </p>
   </div>
   <div class='ocr_carea' id='block_1_117' title="bbox 2176 5802 3772 5872">
    <p class='ocr_par' dir='ltr' id='par_1_117' title="bbox 2176 5802 3772 5872">
     <span class='ocr_line' id='line_1_117' title="bbox 2176 5802 3772 5872; baseline 0.005 -16"><span class='ocrx_word' id='word_1_859' title='bbox 2176 5809 2262 5858; x_wconf 85' lang='lat' dir='ltr'><strong>tus</strong></span> <span class='ocrx_word' id='word_1_860' title='bbox 2292 5817 2516 5861; x_wconf 85' lang='lat' dir='ltr'><strong>monens</strong></span> <span class='ocrx_word' id='word_1_861' title='bbox 2549 5820 2562 5854; x_wconf 89' lang='lat'><strong>:</strong></span> <span class='ocrx_word' id='word_1_862' title='bbox 2592 5802 2665 5858; x_wconf 89' lang='lat' dir='ltr'><strong>ita</strong></span> <span class='ocrx_word' id='word_1_863' title='bbox 2704 5818 2801 5858; x_wconf 82' lang='lat' dir='ltr'><strong>ms.</strong></span> <span class='ocrx_word' id='word_1_864' title='bbox 2845 5812 3044 5872; x_wconf 84' lang='lat' dir='ltr'><strong>noster,</strong></span> <span class='ocrx_word' id='word_1_865' title='bbox 3072 5803 3161 5860; x_wconf 86' lang='lat' dir='ltr'><strong>ubi</strong></span> <span class='ocrx_word' id='word_1_866' title='bbox 3198 5805 3252 5860; x_wconf 88' lang='lat' dir='ltr'><strong>in</strong></span> <span class='ocrx_word' id='word_1_867' title='bbox 3281 5802 3523 5862; x_wconf 80' lang='lat' dir='ltr'><strong>anteriori</strong></span> <span class='ocrx_word' id='word_1_868' title='bbox 3549 5807 3772 5864; x_wconf 86' lang='lat' dir='ltr'><strong>editione</strong></span> 
     </span>
    </p>
   </div>
  </div>
