4044 6350
542 298 610 355 Χῐ
1792 322 1801 337 θ
1868 298 2122 355 ΜΑΡΕἙΙ

2235 282 2500 356 it'rtout‘s

605 416 667 469 (ἶ.
699 414 826 481 285,
859 417 906 471 l.
939 416 1090 472 Nihil
1111 418 1191 472 hic
1214 419 1593 471 adnotaverunt.

604 486 670 542 Ο.
699 487 826 549 529.
861 489 914 544 1.
949 488 1495 544 ωεαηιεευιωι-ἱοηίο.

609 555 671 613 C.
704 558 830 626 567,
863 559 918 614 li.
954 558 1164 614 Inlicita
1190 569 1281 614 est.

604 629 669 684 (ἒ.
702 631 829 694 385,
858 631 912 686 5.
950 631 1239 700 Ezpetitttr.

608 700 671 755 C.
704 700 832 765 595,
855 701 911 755 ‘2.
949 697 1195 757 Hennam
1222 702 1550 764 matutinum,
1582 699 1746 767 paulo
1778 697 1917 753 infra
1938 699 2126 754 Cale»

538 780 638 826 tein
677 788 953 826 manuum:
984 780 1053 826 ita
1099 774 1331 826 Hilarius
1372 772 1659 839 Paschant,
1692 781 1824 837 etc.,
1870 782 1927 825 ut
1967 771 2127 827 Eras-

536 858 660 897 mus
683 843 1063 898 animadvertit
1090 846 1139 898 in
1169 843 1503 909 praefatione.

611 913 671 967 C.
701 913 828 980 400,
858 916 913 968 ti.
955 915 1010 969 lu
1042 930 1143 969 ms.
1175 915 1360 979 iniqui,
1388 915 1522 967 utin
1548 914 1792 967 Romano
1811 913 2076 968 PSalterio
2109 930 2122 965 :

541 999 643 1040 nec
668 986 775 1040 alio
822 999 985 1057 sensu
1040 986 1401 1057 Hieronymus
1442 997 1831 1056 persequutores
1876 985 2123 1049 sceleris,

543 1056 592 1108 id
623 1064 725 1118 est,
770 1056 1007 1119 scelesti;
1051 1073 1174 1112 nam
1198 1056 1255 1109 et
1280 1056 1498 1109 Plautus
1536 1058 1723 1126 ﬂagitii
1752 1066 2126 1126 persequentem

539 1127 674 1197 dixit
703 1143 797 1195 pro
817 1127 997 1196 ﬂagitii
1026 1136 1289 1193 amatore,
1312 1142 1408 1181 seu
1432 1128 1715 1197 ﬂagitiose.

610 1196 670 1251 C.
701 1198 827 1263 450,
861 1199 913 1252 5.
954 1198 1012 1252 In
1041 1198 1297 1253 anteriori
1319 1196 1554 1253 editione
1574 1210 1691 1253 erat
1731 1199 1935 1261 utentis,
1965 1213 2126 1266 quam

543 1268 833 1324 dictionem
864 1269 1178 1324 Erasmiana
1210 1285 1320 1323 non
1352 1270 1532 1335 liabet,
1557 1286 1656 1324 nec
1687 1271 1821 1325 liber
1849 1278 2053 1323 uoster.

606 1341 667 1394 (3.
702 1341 823 1406 517,
856 1342 906 1395 1.
950 1341 1045 1395 Hic
1073 1341 1175 1395 loci
1201 1342 1400 1395 deserit
1445 1358 1544 1395 nos
1576 1343 1676 1395 sub
1716 1350 1795 1395 tot
1822 1342 2126 1397 seculorum

538 1411 775 1480 pondere
813 1410 1071 1466 fatiscens
1097 1412 1265 1466 codex
1286 1452 1300 1478 ,
1346 1412 1635 1480 tmatrcmis
1666 1412 1872 1469 chartis
1904 1427 2129 1483 prorsus

537 1483 716 1537 exesis
738 1493 829 1536 aut
854 1484 1054 1538 misere
1076 1484 1389 1554 discerptis.

611 1597 773 1669 Exegi
796 1598 1165 1657 monimentum
1188 1598 1326 1670 febre
1351 1599 1634 1668 molestius,
1656 1601 1706 1656 in
1728 1601 1843 1671 ipso
1857 1599 2129 1659 scribendi

535 1700 671 1745 a'stu
716 1689 908 1746 subtus
947 1690 1293 1756 addiderant,
1329 1692 1679 1748 Horatianum
1710 1709 1924 1749 versum
1967 1694 2131 1765 paulo

3737 297 3835 365 xtl

2150 416 2204 478 Α
2230 415 2281 471 in
2309 430 2411 471 ms.
2446 417 2643 486 legitur
2668 433 2681 471 :
2705 420 2911 474 Annum
2929 421 3106 476 aeterni
3126 429 3173 476 et
3200 419 3331 475 beati
3352 420 3491 475 illius
3526 421 3697 479 secuti
3722 421 3830 480 sint

2226 508 2381 563 dubio
2421 510 2688 577 declarat,
2729 513 2850 581 quia
2883 511 3121 568 bonitatis
3147 511 3364 578 ,Dontini
3396 514 3477 566 hic
3513 530 3684 567 annos
3722 522 3821 567 est.

2233 597 2409 674 Hujus
2437 602 2563 657 anni
2596 600 2908 659 benedicitur
2934 619 3151 670 corona,
3181 605 3385 657 visitata
3411 606 3544 659 enim
3570 613 3713 659 terra
3731 604 3827 674 ju-

2228 692 2572 748 cundissitnus
2620 711 2784 749 annus
2839 704 2886 749 et
2938 697 3276 751 suavissimas
3322 698 3452 763 erit;
3502 697 3612 753 hwc
3684 698 3823 755 enim

2228 782 2420 838 Christi
2466 795 2541 843 est
2592 794 2838 855 potestate
2885 788 3115 840 uictoria.
3177 787 3343 857 Magis
3392 798 3823 845 consentaneus

2230 885 2316 931 est
2357 917 2371 941 ,
2444 876 2699 935 Hilarium
2760 879 2933 947 ipsum
2989 878 3061 933 ita
3114 880 3364 950 primitus
3436 881 3827 947 elucubrasse,

2230 969 2425 1027 deinde
2454 972 2668 1026 auxisse
2695 971 2849 1027 novis
2877 971 3044 1040 curis,
3078 981 3131 1027 et
3161 973 3211 1028 in
3247 973 3562 1043 ampliorem
3592 972 3824 1033 {orntum

2230 1063 2521 1132 redegisse.
2554 1063 2716 1118 Forte
2740 1064 3029 1120 Serumnes
3055 1065 3124 1120 ad
3154 1067 3406 1136 populum
3436 1066 3712 1123 habendos
3747 1067 3821 1122 ita

2232 1159 2381 1225 prius
2406 1157 2667 1222 exaravit,
2701 1172 2837 1227 quos
2866 1157 3061 1213 exinde
3090 1159 3141 1212 in
3182 1158 3612 1215 Commentarios
3643 1170 3823 1214 trans-

2230 1248 2389 1307 fodit.
2441 1249 2732 1319 Propterea
2766 1252 2818 1306 in
2848 1252 2988 1307 Psal.
3018 1267 3126 1310 ων
3154 1253 3242 1307 illa
3270 1251 3448 1309 Omnia
3490 1269 3591 1308 IIIS.
3629 1253 3829 1309 transi-

2230 1343 2325 1408 lit,
2350 1359 2474 1413 qua:
2499 1343 2565 1398 ad
2597 1342 2937 1399 Grtecitatctn
2970 1347 3272 1413 pertinent,
3301 1356 3355 1401 et
3383 1362 3413 1400 e
3442 1346 3615 1402 Graeci
3645 1356 3828 1405 textus

2232 1436 2461 1491 lectione
2506 1435 2863 1491 deducuntur.
2905 1437 3014 1492 Nec
3061 1448 3237 1491 tamen
3283 1438 3336 1491 in
3376 1439 3473 1491 hac
3511 1437 3829 1508 conjectura

2233 1528 2365 1584 satis
2384 1528 2798 1599 acquieScitnus:
2823 1529 2981 1582 nimis
3008 1530 3151 1584 enim
3177 1546 3363 1585 manca
3392 1531 3714 1602 plerumque
3735 1546 3835 1587 ex-

2235 1621 2431 1691 positio
2459 1631 2543 1677 est
2562 1663 2578 1687 ,
2623 1622 2909 1691 pluresque
2940 1622 3277 1677 Psalmorum’
3304 1624 3596 1679 versiculos
3626 1632 3829 1693 praete-

2238 1713 2331 1779 rit,
2358 1729 2496 1779 quos
2528 1717 2878 1782 interpretem
2902 1713 2959 1767 in
2980 1714 3044 1766 iis
3069 1729 3189 1783 qua:
3214 1714 3410 1768 desunt
3437 1714 3702 1785 attigisse,
3734 1712 3838 1767 sli-

537 1781 905 1853 detorquens;
938 1798 1001 1838 ac
1032 1787 1075 1841 si
1117 1785 1418 1855 gratularer
1455 1786 1614 1850 milii,
1642 1784 1785 1856 quod
1808 1802 1872 1841 eo
1896 1787 2127 1841 tamdem

2235 1805 2461 1879 quando
2479 1781 2745 1860 sententia
2773 1781 3127 1860 demonstrat.
3155 1804 3407 1873 Qumdam
3436 1781 3596 1860 etiam
3620 1804 3839 1860 adduno

538 1872 723 1926 labore
766 1873 968 1930 levatus
997 1891 1171 1931 essem
1203 1893 1215 1929 :
1244 1878 1418 1931 varias
1458 1877 1721 1948 siquidem
1760 1878 2023 1935 lectiones
2052 1880 2133 1934 in.

540 1964 714 2019 virent
743 1966 1011 2034 ceuferre,
1047 1969 1312 2038 fugientes
1340 1972 1547 2025 litteras
1576 1975 1847 2044 persequi,
1883 1975 2131 2032 codicum

461 2068 464 2072 λ
540 2056 724 2127 apices
749 2068 1000 2127 captare;
1032 2070 1090 2115 et
1115 2076 1238 2116 cum
1262 2063 1412 2117 miris
1442 2065 1786 2120 librariorum
1812 2065 2134 2136 splialmatis

539 2150 865 2226 catilligere,
914 2170 1000 2211 res
1029 2164 1113 2213 est
1164 2157 1497 2214 incredibilis
1550 2158 1813 2217 molestiae
1862 2162 2051 2231 plena,
2081 2169 2136 2217 et

542 2242 898 2314 undequaque
922 2247 1171 2316 periculis
1194 2249 1579 2321 circuutsepta.
1612 2252 1757 2323 lpsas
1777 2256 2132 2323 praecedentis

538 2337 767 2392 editoris
790 2339 1039 2397 eruditas
1064 2341 1443 2401 adnotationes
1464 2361 1586 2401 cum
1612 2363 2007 2418 percurrerem,
2036 2351 2135 2411 ali-

540 2442 643 2503 qua
686 2428 913 2489 Parisini
943 2434 1187 2503 quamvis
1216 2435 1608 2507 diligentiSsimi
1643 2442 1959 2514 typographi
1983 2460 2132 2501 men~

538 2522 603 2579 da
638 2531 826 2579 nostro
853 2527 1234 2595 ostendebam;
1267 2541 1321 2585 ut
1361 2532 1429 2586 ab
1458 2532 1524 2588 iis
1571 2535 1670 2590 sibi
1710 2546 1956 2604 caveret;
1989 2541 2134 2599 velut

542 2629 665 2686 pag.
692 2615 820 2681 175,
851 2617 944 2672 ubi
973 2618 1128 2675 Tullii
1166 2621 1318 2678 locus
1353 2624 1576 2681 aﬂ‘ertur
1605 2640 1839 2699 negante
1873 2631 2131 2686 adverbio

539 2707 948 2781 prmtermisso:
983 2710 1144 2766 modo
1178 2725 1356 2767 autem
1405 2714 1456 2768 id
1476 2717 1694 2786 quidem
1737 2721 2131 2793 typographum

537 2813 805 2870 nostrum,
841 2818 963 2875 pag.
1008 2804 1133 2871 197,
1164 2808 1472 2878 reposuisse
1497 2810 1652 2867 video
1673 2852 1691 2881 ,
1719 2811 1812 2869 sed
1839 2813 2130 2873 dictionem

536 2894 697 2948 aliam
725 2898 1028 2965 praeterisse
1053 2917 1065 2950 :
1101 2901 1201 2969 legi
1233 2902 1377 2955 cnim
1408 2902 1565 2959 debet
1591 2919 1606 2969 ;
1629 2904 1873 2976 quodqui
1904 2907 2128 2977 dubitat,

540 2985 681 3041 haud
696 3003 820 3043 sane
854 2989 1119 3061 intelligo,
1152 3007 1243 3046 cur
1267 3010 1368 3048 non
1404 2995 1573 3065 idem,
1606 2995 1699 3051 Sol
1719 2997 1806 3065 sit,
1851 3014 1918 3053 an
1957 2999 2131 3055 nullus

536 3081 624 3148 sit,
651 3081 887 3137 dubitare
907 3086 1088 3154 possit.

2237 1908 2339 1963 tur,
2362 1914 2480 1968 qua:
2503 1897 2685 1954 Hilarii
2711 1914 2815 1952 nou
2849 1896 3117 1965 videntur,
3147 1907 3204 1952 ut
3231 1898 3294 1953 ad
3324 1898 3464 1953 Psal.
3490 1915 3638 1964 wa,
3669 1916 3724 1953 u.
3753 1898 3789 1954 «ι
3816 1937 3834 1959 .

2237 1988 2467 2044 Ecclesia
2497 1990 2722 2044 nonduin
2750 1988 2939 2055 Christi
2965 1990 3183 2044 adventu
3211 1991 3517 2046 inluminata
3535 2032 3549 2054 ,
3583 1993 3681 2062 fuit
3712 1992 3817 2045 uli-

2235 2083 2438 2151 quando
2465 2088 2608 2135 vanis
2635 2081 3079 2154 superstitionibus
3108 2082 3326 2136 obnoxia
3351 2125 3366 2150 ,
3400 2100 3516 2137 cum
3563 2095 3829 2151 praecepta

2237 2176 2468 2245 gentilia,
2493 2183 2597 2231 etc.
2633 2176 2745 2246 Hoc
2774 2176 2825 2230 in
2854 2173 3011 2231 editis
3035 2174 3103 2230 de
3126 2173 3344 2231 humani
3370 2177 3583 2247 generis
3607 2177 3835 2233 univcr-

2234 2268 2394 2325 sitate
2443 2269 2754 2339 profertur,
2784 2284 2945 2338 quam
2993 2268 3252 2325 Ecclesiae
3298 2270 3513 2326 nomine
3552 2286 3832 2339 nunquam

2237 2360 2536 2432 indigituvit
2559 2362 2766 2419 Auctor
2795 2372 3000 2418 noster.
3017 2365 3203 2433 Neque
3226 2364 3356 2419 illud
3379 2363 3448 2417 ab
3468 2379 3536 2419 eo
3560 2378 3683 2418 esse
3710 2379 3839 2419 ere-

2234 2452 2460 2511 diderim
2511 2455 2561 2510 in
2612 2457 2756 2513 Psal.
2782 2473 2962 2515 cutv.
3008 2457 3119 2513 Hoc
3150 2460 3263 2513 loco
3292 2459 3344 2511 in
3385 2458 3614 2513 circuitu
3646 2457 3835 2527 pepuli

2236 2546 2575 2619 Evangelium
2603 2552 2881 2622 signiﬁcat.
2908 2551 3020 2608 Nec
3064 2553 3179 2607 loca
3200 2552 3397 2606 desunt
3422 2551 3605 2605 minus
3630 2565 3837 2620 oppor-

2235 2648 2361 2695 tune
2384 2643 2651 2709 mutilata,
2680 2654 2735 2699 et
2753 2646 2931 2701 minus
2955 2646 3233 2716 eleganter
3255 2658 3519 2700 connexa.
3548 2642 3833 2713 Suspicari

2235 2744 2363 2800 ergo
2402 2733 2683 2804 quisquam
2730 2738 2898 2806 possit
2953 2737 3019 2792 ab
3070 2738 3174 2789 alia
3224 2752 3382 2792 manu
3420 2735 3517 2790 has
3563 2737 3836 2803 epitomas

2236 2824 2568 2891 processisse
2590 2867 2602 2889 .
2637 2839 2690 2881 et
2736 2828 2789 2882 in
2820 2829 3095 2899 prOprium
3132 2845 3285 2883 usum
3323 2829 3393 2883 ita
3423 2828 3490 2882 ab
3520 2828 3704 2898 aliquo
3737 2829 3837 2887 bos

2234 2918 2652 2973 commentarios
2686 2935 3001 2976 conversos.
3037 2921 3177 2989 Quin
3207 2932 3261 2976 et
3284 2922 3375 2976 illa
3403 2921 3690 2989 aliquando
3740 2936 3839 2976 su-

2235 3009 2403 3077 spicio
2450 3011 2699 3086 incessit;
2744 3029 2869 3069 num
2917 3015 2968 3067 in
3003 3014 3441 3080 commentarios,
3491 3030 3626 3083 quos
3668 3007 3840 3067 habe-

2233 3113 2375 3162 mus,
2405 3102 2646 3156 extranei
2678 3104 2964 3173 quicquam
2996 3116 3049 3159 et
3075 3106 3237 3160 alieni
3268 3105 3594 3161 insinuatum
3628 3104 3791 3159 fuerit
3817 3121 3834 3170 ;

610 3173 989 3233 Verumtamen
1043 3188 1236 3249 printer
1253 3180 1496 3237 diversas
1525 3180 1609 3238 hic
1628 3192 1683 3238 et
1702 3183 1805 3240 sub
1830 3192 1978 3241 textu
2008 3202 2135 3257 prn—
2162 3197 2206 3263 ο
2241 3190 2385 3247 velut
2412 3207 2535 3262 qua:
2565 3194 2619 3248 in
2646 3197 2987 3266 expositione
3017 3197 3156 3253 Psal.
3190 3214 3290 3253 uv
3318 3213 3347 3252 a
3376 3197 3688 3253 Graecarum
3719 3198 3838 3253 dic-

536 3268 671 3324 latas
700 3268 982 3337 lectiones,
1013 3272 1224 3343 aliquos
1249 3290 1312 3331 ex
1338 3274 1523 3329 Hilarii
1555 3279 1869 3334 tractatibus
1899 3281 1952 3335 in
1978 3278 2133 3337 Psal-

540 3376 656 3416 mos
688 3362 882 3417 retinet
907 3362 1074 3418 codex
1106 3376 1292 3421 noster
1335 3368 1606 3422 tttultotics
1633 3410 1648 3435 ,
1681 3386 1780 3427 nec
1808 3375 1988 3443 paucis
2015 3377 2133 3433 dic-

538 3458 772 3514 tionibus
797 3499 822 3524 ,
847 3460 926 3514 vel
958 3475 1066 3515 uno
1102 3470 1307 3517 tantum
1349 3474 1441 3523 aut
1483 3463 1655 3520 altero
1686 3482 1844 3525 versu
1876 3468 1943 3525 ab
1971 3469 2133 3526 editis

539 3551 877 3607 recedentes.
906 3552 1028 3621 Eos,
1068 3561 1125 3607 ut
1147 3554 1348 3623 jacent,
1373 3556 1658 3624 diligenter
1677 3559 1977 3630 exscriptos
2003 3576 2133 3616 cou-

530 3640 775 3711 junctitu'
808 3640 1127 3712 adponitnus
1180 3653 1234 3703 et
1290 3645 1606 3703 exhibemus
1639 3666 1651 3702 :
1678 3665 1895 3707 errores
1925 3660 2129 3711 tantum

470 3754 481 3767 ·
538 3733 798 3803 quosdam
840 3736 1189 3805 sustulimus,
1227 3748 1282 3795 et
1307 3739 1572 3799 dictiones
1603 3743 1840 3813 profata,
1868 3745 2126 3817 ﬁlosofus,

536 3826 878 3881 centensimus
898 3870 913 3895 ,
946 3839 1051 3885 etc.
1077 3872 1091 3897 ,
1118 3830 1186 3885 ad
1212 3847 1557 3888 communem
1596 3850 1751 3891 usum
1774 3837 2126 3895 traduximus.

538 3916 826 3976 Varietatis
873 3922 1011 3977 ratio
1060 3923 1204 3978 ineo
1252 3925 1524 3995 pra-cipue
1568 3929 1825 3995 vertitur,
1867 3939 1925 3987 ut
1959 3932 2131 3988 multo

537 4008 812 4071 breviores
842 4011 895 4069 hi
929 4017 1098 4071 nostri
1135 4015 1264 4080 sint,
1300 4016 1547 4087 pluresve
1574 4034 1675 4089 qua
1700 4022 1949 4090 periodos
1974 4066 1989 4091 ,
2024 4040 2129 4094 qua

532 4102 766 4172 integras
800 4106 1018 4176 paginas
1046 4107 1161 4162 sive
1184 4108 1416 4178 scriptus
1444 4111 1582 4165 liber
1609 4122 1838 4179 resecet,
1867 4115 1983 4171 sive
2013 4118 2132 4173 vul—

532 4198 641 4265 gati
670 4195 1015 4255 interserant.
1051 4197 1331 4266 Quodnam
1374 4199 1443 4255 de
1479 4201 1787 4275 huiusmodi
1825 4205 2129 4266 diﬂ'erentia

528 4288 789 4354 judicium
826 4291 1101 4351 ferendum
1143 4293 1212 4349 sit
1250 4293 1440 4353 doctus
1481 4296 1677 4355 Lector
1711 4309 1931 4359 statuet.
1966 4304 2128 4376 Cogi-

530 4386 768 4434 taveram
815 4382 994 4451 prius,
1042 4399 1170 4441 num
1203 4400 1272 4441 ex
1298 4401 1396 4444 ore
1440 4391 1835 4458 pronuntiantis
1875 4406 2127 4465 exceptos

531 4473 771 4529 notarius
800 4476 948 4531 vocis
977 4477 1307 4534 celeritatem
1337 4481 1474 4536 haud
1499 4466 1796 4555 assequens
1819 4486 2128 4547 decurtatos

2234 3285 2439 3340 tionutn
2482 3290 2810 3357 proprietate
2848 3306 2910 3345 ac
2939 3293 2989 3345 vi
3018 3292 3331 3347 derivantor
3360 3311 3372 3347 :
3400 3292 3631 3347 Hilarius
3660 3293 3835 3361 siqui-

2233 3376 2354 3433 dem
2408 3377 2707 3435 Grecorum
2729 3383 3018 3439 litterarum
3047 3386 3323 3452 quamdam
3353 3396 3556 3440 tantum
3586 3387 3833 3440 aurulam

2230 3480 2491 3541 coeperat,
2520 3474 2565 3529 si
2595 3474 2925 3549 Hieronymo
2968 3478 3101 3534 lides
3136 3480 3191 3534 in
3225 3480 3467 3549 Epistola
3502 3479 3567 3534 ad
3599 3481 3835 3537 Marcelv

2234 3566 2376 3632 lam;
2408 3582 2571 3636 quam
2600 3570 2960 3638 suSpicionem
2990 3582 3166 3627 tamen
3192 3589 3304 3627 rem
3329 3573 3727 3645 perpendentes
3750 3590 3836 3630 rc-

2228 3656 2480 3730 jccimus.
2520 3661 2721 3733 Verum
2765 3663 2831 3720 de
2866 3664 2950 3721 liis
2994 3667 3329 3723 eruditorum
3373 3666 3648 3721 hominum
3682 3666 3837 3737 judi-

2228 3751 2373 3808 cium
2401 3762 2542 3811 esto.
3230 3752 3239 3760 ί

2302 3843 2425 3914 Ipso
2466 3846 2619 3903 initio
2658 3848 2855 3919 aliquid
2885 3849 3113 3917 deesse,
3141 3853 3314 3921 spatio
3359 3851 3546 3906 relicto
3576 3848 3834 3909 librarius

2232 3937 2441 3992 innuit:
2468 3939 2603 3995 hinc
2628 3951 2731 4007 est,
2760 3941 2903 4011 quod
2942 3957 2972 3995 a
3004 3945 3273 3999 versiculo
3302 3945 3532 4015 septimo
3559 3944 3835 4014 cxpOsitio

2231 4028 2470 4100 incipiat.
2518 4032 2631 4088 Sub
2668 4033 2828 4089 linem
2860 4049 3077 4105 quoque
3117 4034 3256 4091 Psal.
3302 4051 3481 4093 cxxxn
3521 4036 3835 4092 mutilatum

2231 4122 2534 4192 dignoscas.
2572 4124 2668 4180 Ubi
2717 4126 2771 4180 in
2813 4127 2973 4181 editis
3014 4127 3119 4181 col.
3164 4128 3417 4182 editionis
3446 4138 3649 4182 nostra:
3682 4128 3829 4184 188:

2231 4216 2489 4270 Accinctio
2519 4218 2756 4287 potentia:
2780 4220 2823 4273 ei
2849 4219 2983 4285 quod
3011 4219 3267 4290 indigebat
3293 4222 3496 4292 corpori
3527 4230 3831 4290 coaptatnr.

2232 4306 2354 4363 Non
2382 4308 2517 4364 enim
2547 4308 2703 4364 virtus
2727 4310 3027 4383 accingitur,
3066 4313 3154 4367 sed
3183 4313 3236 4367 in
3256 4313 3437 4368 virtute
3473 4313 3566 4370 Dei
3587 4317 3821 4385 potentia

2230 4399 2380 4456 homo
2413 4416 2561 4471 quem
2592 4400 2840 4457 Dominus
2866 4404 3136 4475 assumpsit
3172 4405 3491 4474 accingitur:
3518 4407 3685 4461 multo
3708 4424 3828 4464 tne-

2230 4494 2333 4549 Iitts
2363 4496 2668 4566 explicatur
2688 4494 2741 4549 in
2775 4510 2877 4549 nis.
2909 4494 3031 4549 Non
3057 4497 3192 4549 enim
3213 4496 3375 4550 uirtus
3398 4498 3706 4568 accingitur,
3739 4499 3831 4554 sed

528 4566 797 4634 dedisset;
836 4577 892 4625 ut
919 4571 1205 4641 quamdam
1236 4572 1468 4631 Caesaris
1509 4579 1842 4652 orationem,
1866 4597 1986 4655 quae
2016 4583 2118 4638 cir-
2152 4589 2205 4649 D
2229 4587 2282 4641 in
2310 4589 2492 4641 virtute
2519 4587 2616 4642 Dei
2642 4589 2865 4657 potentia
2897 4589 3112 4643 hominis
3130 4590 3221 4656 ;id
3238 4597 3331 4657 est,
3355 4589 3404 4643 ei
3430 4566 3658 4659 corporis
3684 4592 3828 4662 quod

482 4692 485 4695 ν
528 4659 929 4718 cutut‘erebatur
948 4705 963 4730 ,
988 4664 1327 4722 existimabat
1358 4669 1631 4740 Augustus
1661 4672 1726 4729 ab
1756 4677 2001 4732 actuariis
2032 4672 2125 4733 ea:-

529 4761 727 4824 ceptum
754 4756 887 4827 male
912 4754 1326 4828 subsequentibus
1346 4763 1499 4816 verba
1537 4763 1750 4818 dicentis
1780 4765 1961 4838 (Suet.
1991 4769 2121 4825 Cres.

456 4862 465 4867 ’
532 4857 583 4898 c.
616 4843 743 4918 55).
775 4848 843 4903 At
870 4848 1047 4907 obstat
1090 4854 1474 4925 consequentia
1522 4859 1820 4925 sermonis,
1851 4866 1909 4915 et
1944 4861 2124 4919 addita

528 4937 691 4993 ctiam
734 4939 998 4999 interdum
1026 4943 1222 5012 verba,
1259 4960 1321 5000 ac
1355 4956 1590 5003 mutatus
1620 4965 1726 5005 non
1757 4950 2125 5023 infrequenter

528 5030 787 5085 orationis
804 5042 1122 5089 contextus:
1142 5037 1231 5092 ubi
1249 5038 1394 5092 enim
1417 5040 1647 5110 exempli
1665 5057 1827 5098 causa
1850 5046 1904 5100 in
1929 5046 2118 5102 editis:

530 5122 737 5181 Annum
768 5126 1092 5201 benignitatis
1117 5130 1211 5184 Dei
1232 5146 1295 5185 ea:
1318 5132 1627 5204 propheticis
1649 5144 1798 5202 atque
1818 5137 2124 5209 Apostolicis

531 5218 780 5277 doctrinis
807 5225 1135 5295 cognovimus
1165 5228 1285 5297 (Ad
1308 5229 1440 5298 psal.
1475 5230 1600 5301 va)
1626 5248 1641 5298 ;
1668 5241 1721 5288 et
1752 5246 1873 5305 post
1897 5239 2073 5311 aliqua
2106 5258 2121 5297 :

533 5314 774 5390 Namque
802 5320 1043 5376 bonitatis
1072 5321 1283 5378 Domini
1322 5327 1404 5381 hic
1424 5345 1593 5384 annus
1617 5341 1725 5395 est,
1748 5349 1849 5402 quo
1871 5345 2016 5389 erunt
2043 5337 2127 5392 in-

530 5411 728 5481 defeSsa
756 5413 850 5471 illa
877 5414 1105 5486 benigna:
1140 5420 1489 5477 retributionis
1518 5433 1747 5496 tempora
1776 5429 2120 5500 auspicando.

534 5503 708 5575 Hujus
728 5509 888 5579 igitur
915 5511 1039 5567 anni
1056 5510 1149 5568 Dei
1174 5511 1434 5573 benedicct
1462 5534 1703 5575 coronam
1714 5521 2126 5592 jucundissimus

550 5608 596 5649 et
645 5602 979 5657 suavissimus
1024 5605 1240 5662 visitata:
1287 5618 1435 5664 terra?
1501 5611 1858 5682 inebriatwque
1905 5615 2122 5685 fructus.

543 5688 673 5749 Htcc
717 5697 849 5752 enim
895 5700 1085 5758 Citriin
1127 5713 1231 5773 est,
1275 5706 1489 5779 depulsa
1531 5724 1804 5783 corporum
1838 5720 2131 5763 nostrorum

564 5798 734 5862 timui
753 5792 905 5863 tione,
935 5806 980 5849 et
1006 5809 1265 5881 pinu-pta
1295 5802 1474 5860 inertis
1500 5812 1765 5872 potrstatr,
1794 5800 2045 5857 victoria:
2075 5799 2115 5857 it

2230 4680 2400 4735 deerat
2445 4689 2732 4749 coaptatur.
2782 4679 2933 4751 Ejns‘
2961 4697 3077 4750 ergo
3121 4682 3341 4737 homfnis
3383 4682 3647 4751 potentia,
3674 4700 3830 4754 quem

2230 4771 2371 4825 Deus
2397 4772 2718 4841 adsumpsit,
2747 4772 3033 4843 accingitur
3055 4775 3106 4827 in
3132 4775 3335 4827 virtute.
3381 4773 3499 4828 iam
3528 4790 3657 4830 vero
3688 4777 3830 4833 nillil

2231 4862 2364 4919 ultra
2393 4872 2446 4919 te
2469 4865 2952 4931 moramur,atnice
2980 4864 3190 4943 Lector,
3227 4874 3280 4921 et
3309 4866 3476 4937 ipsos,
3501 4874 3558 4921 ut
3586 4867 3638 4921 in
3672 4870 3830 4925 endi-

2227 4972 2292 5012 ce
2322 4966 2582 5027 apparent
2602 5000 2617 5024 ,
2652 4957 2938 5014 Tractatus
2957 5000 2973 5025 ,
3001 4961 3114 5015 sive
3144 4973 3421 5015 sermones
3443 5001 3458 5027 ,
3500 4972 3589 5015 aut
3617 4975 3829 5020 sermo.

2228 5049 2822 5107 num‘adutnbratimtes
2849 5052 3041 5118 mavis,
3072 5052 3163 5107 tibi
3193 5052 3265 5107 ob
3284 5053 3478 5110 oculos
3500 5053 3764 5110 sistimus.

2605 5208 2857 5268 INCIPIT
2897 5209 3214 5266 PSALMUS
3256 5208 3438 5266 LXIII.

2658 5322 2712 5378 lu
2744 5338 2905 5393 rmeu
2933 5322 3175 5380 PBALIIUS
3194 5322 3395 5379 stm.

2303 5439 2531 5505 Exaudi,
2559 5439 2717 5504 Deus,
2738 5440 3012 5495 orationem
3028 5454 3211 5505 meam,
3241 5439 3363 5493 dum
3390 5439 3635 5508 deprecor
3660 5442 3731 5494 ad
3747 5452 3829 5495 te:

2232 5533 2265 5571 ιι
2291 5514 2470 5568 timore
2494 5511 2689 5568 inimici
2710 5527 2827 5566 erue
2846 5512 3069 5565 animam
3092 5526 3272 5565 meam.
3328 5513 3555 5566 Scrutati
3579 5522 3697 5565 sunt
3729 5514 3832 5566 ini-

2231 5588 2467 5656 quitates.
2494 5585 2783 5656 defecerunt
2812 5593 3096 5656 scrutantes
3122 5584 3384 5656 scrutinio.
3419 5582 3651 5656 Spiritus
3681 5585 3829 5639 enim

2237 5652 2595 5726 l’ropltctalis,
2621 5655 2708 5724 qui
2736 5668 2826 5726 per
2856 5652 3021 5726 David
3056 5654 3391 5726 loquebatur,
3444 5654 3670 5726 audiens
3711 5671 3831 5710 θυι-

2234 5726 2321 5783 nia
2344 5723 2405 5781 et
2433 5726 2611 5782 sciens
2642 5723 2940 5790 universa,
2976 5723 3079 5781 boc
3108 5723 3159 5780 in
3191 5724 3309 5781 loco
3354 5740 3459 5780 non
3510 5724 3684 5782 solum
3735 5726 3831 5781 Ju-

2237 5798 2480 5857 daeorutu
2537 5796 2825 5869 malignam
2899 5796 3373 5872 conspirationem,
3430 5808 3615 5860 verum
3662 5800 3828 5859 etiam
