4044 6350
565 258 668 319 XV

1915 250 2166 308 MAFFEI
2207 248 2546 307 EDITIONIS

3753 253 3860 308 XVI

555 379 931 437 mansionibus
953 373 1221 445 Apostolis
1242 373 1352 429 suis
1373 387 1490 445 eam
1509 414 1524 440 ,
1548 385 1666 442 qua:
1691 369 1792 425 sibi
1814 379 1896 445 est
1918 371 2157 445 propria,
2187 371 2241 432 Α
2267 378 2470 445 autem,
2503 377 2560 424 ut
2579 376 2663 445 est
2693 354 2744 424 in
2773 367 2880 422 alio
2904 368 3130 438 psalmo,
3165 368 3667 445 prophetitesermo
3695 370 3863 425 incur-

556 451 943 524 communicat.
973 441 1086 524 Scit
1125 455 1310 524 autem.
1331 441 1586 524 propheta
1607 483 1638 524 ε.
1657 449 1857 524 quania
1882 441 2160 524 beatitudo

556 521 628 576 sit
659 523 712 575 in
744 519 1102 576 tabernaculis
1135 517 1249 572 Dei.
1284 511 1403 571 Alio
1434 511 1560 569 loco
1589 513 1718 567 dicit
1745 531 1757 565 :
1788 511 2085 580 Concupivit
2117 523 2163 566 et

557 593 730 663 deﬁcit
771 592 942 645 anima
977 606 1087 644 utea
1115 589 1168 665 in
1195 587 1328 665 atria
1347 583 1772 665 _Domini_(Psal.
1802 599 2028 665 Lsxxm,
2059 585 2112 654 3)
2144 599 2158 647 ;

557 655 952 736 posteauautem
977 659 1286 736 cuml'uerit
1307 657 1514 736 _electus
1535 699 1550 721 ,
1586 655 1689 710 hoc
1714 657 1960 723 sequitur
1985 673 1998 709 :

630 733 964 804 Ileplebimur
1005 730 1245 804 in‘bonis
1284 729 1461 804 domus
1491 736 1627 791 tute;
1657 737 1892 781 sanctum
1932 735 2004 782 est
2034 735 2162 780 tem-

558 799 721 879 plum'
735 817 881 860 tuum
897 847 909 863 .
937 801 1166 879 mirabile
1189 800 1239 853 in
1251 799 1523 879 _tequitate.

628 877 949 946 Quzeautem
961 875 1067 928 sint
1088 873 1222 926 bona
1235 869 1429 924 domus
1443 883 2049 946 pOSSumusagnqsgel-g;
2069 868 2168 924 Ec,

558 940 740 1005 clesize
763 947 962 1002 scilicet
981 957 1218 1003 munera,
1235 957 1354 1011 qua:
1380 951 1434 995 et
1456 942 1747 996 secundum
1774 940 2163 996 multitudinem

562 1019 765 1076 lructus
784 1017 1024 1073 Christus
1038 1011 1404 1082 indulsit,quia
1421 1014 1602 1081 etipsa
1622 1012 1912 1068 secundum
1935 1013 2162 1080 Aposto-

562 1093 671 1147 lum
703 1090 894 1144 domus
936 1087 1030 1141 Dei
1056 1093 1157 1139 est.
1203 1083 1328 1138 Haec
1357 1097 1484 1152 ergo
1527 1084 1761 1139 Ecclesia
1809 1083 1969 1137 habet
2001 1083 2164 1138 trice-

560 1179 712 1226 umn,
739 1172 1086 1227 sexagenum.
1115 1163 1407 1209 centenum
1441 1155 1691 1227 frttctunt.
1727 1154 1821 1209 His
1851 1152 2166 1227 ergobonis

559 1224 752 1289 domus
810 1224 899 1284 Dei
931 1227 1224 1297 replebitur
1249 1266 1264 1291 ,
1300 1240 1419 1294 qum
1458 1224 1673 1280 interim
1715 1241 1808 1294 per
1837 1225 2160 1297 divisionem

561 1305 822 1360 bonorum
854 1295 1182 1361 adornatur,
1237 1297 1376 1352 sicut
1399 1297 1656 1363 scriptum
1699 1308 1820 1352 est:
1861 1295 1998 1350 Huic
2041 1313 2162 1364 ergo

559 1375 762 1431 dabitur
788 1387 953 1427 sermo
981 1369 1247 1436 sapientia:
1268 1412 1282 1436 ,
1309 1368 1401 1420 alii
1444 1384 1608 1422 sermo
1635 1369 1859 1422 scientia:
1882 1410 1896 1434 ,
1922 1368 2014 1420 alii
2035 1367 2165 1434 ﬁdes

557 1448 612 1501 in
639 1445 814 1501 eodem
839 1443 1046 1510 spiritu.
1080 1440 1171 1493 alii
1203 1439 1338 1493 dona
1356 1440 1709 1510 curationum,
1734 1441 1826 1510 alii
1852 1455 2035 1507 genera
2061 1439 2164 1510 lin-

559 1533 779 1586 gnarum
803 1558 815 1577 ,
846 1508 935 1568 alii
964 1511 1313 1586 interpretatio
1346 1509 1719 1586 linguarumll.
1750 1508 1922 1564 Corin.
1955 1525 2053 1574 xu,
2083 1509 2160 1577 8).

559 1575 758 1645 Verum
805 1575 930 1641 Sunt
974 1593 1028 1638 et
1067 1575 1168 1637 alia
1216 1582 1370 1650 plena
1401 1575 1594 1635 domus
1625 1575 1716 1636 Dei
1759 1596 1979 1635 munera
2004 1622 2019 1645 ,
2051 1575 2168 1649 qua:

558 1661 739 1715 oculus
780 1673 881 1712 non
902 1654 1025 1708 vidit
1048 1695 1062 1718 ,
1094 1670 1183 1707 nec
1205 1653 1344 1707 auris
1369 1653 1565 1705 audivit
1585 1693 1600 1716 ,
1634 1669 1724 1706 nec
1762 1653 1813 1705 in
1837 1669 1924 1704 cor
1948 1653 2165 1705 hominis

558 1731 828 1794 ascendit,
881 1741 992 1795 qua:
1033 1725 1338 1794 praeparavit
1382 1721 1521 1776 Deus
1552 1723 1629 1795 his
1667 1725 1754 1791 qui
1781 1723 2012 1795 diligunt
2048 1739 2162 1776 eum

559 1805 656 1872 (tt,
687 1801 764 1872 9).
816 1793 939 1854 Ideo
985 1793 1830 1872 insequiturpsalmusdicendo
1863 1812 1885 1872 :_
1912 1793 2163 1849 Sanctum

559 1865 908 1940 est'templum
929 1877 1092 1932 tuum,
1121 1865 1422 1919 mirabilein
1448 1865 1704 1940 tequitute.
1732 1865 1981 1921 Omnium
2017 1881 2168 1940 nam-

559 1960 668 2010 que
698 1937 1041 2010 credentium
1064 1952 1292 2010 corpora
1316 1937 1570 2010 templum
1603 1937 1694 2010 Dei
1725 1951 1844 2010 essu
1883 1937 2166 2010 apostolus

557 2004 718 2070 docet
746 2014 934 2066 dicens
967 2027 980 2064 :
1012 2009 1090 2062 An
1118 2004 1320 2062 nescitis
1360 2008 1494 2078 quod
1523 2009 1766 2078 templum
1795 2004 1892 2062 Dei
1925 2004 2054 2078 estis
2075 2048 2089 2072 ,
2119 2016 2167 2060 et

559 2085 788 2156 Spiritus
813 2081 907 2137 Dei
938 2081 1132 2134 habitat
1157 2083 1211 2133 in
1241 2078 1378 2156 uobis
1399 2077 1512 2156 {Si
1538 2075 1650 2148 quis
1669 2080 1910 2156 templum
1936 2075 2032 2156 Dei
2053 2095 2168 2156 cur-

555 2146 750 2224 ruperit
776 2197 790 2220 ,
832 2161 1123 2224 corrumpet
1163 2160 1210 2204 et
1236 2150 1376 2224 [tunc
1406 2146 1865 2224 Deus-;templum
1904 2149 2039 2224 enim
2069 2147 2168 2204 Dei

558 2219 794 2282 sanctum
841 2234 944 2288 est,
989 2219 1125 2290 quod
1156 2222 1272 2276 estis
1305 2236 1392 2276 vos
1437 2228 1539 2290 (tu,
1589 2221 1701 2291 16).
1729 2219 2041 2274 Ornandutn
2081 2229 2168 2275 est

563 2314 694 2368 ergo
735 2297 839 2351 huc
872 2296 963 2350 Dei
1016 2294 1273 2364 templum
1312 2292 1366 2368 in
1405 2290 1692 2368 sanctitate
1730 2301 1891 2368 atque
1916 2290 2161 2368 justitia,

559 2361 894 2426 oraliouibus
931 2375 1091 2434 atque
1121 2361 1557 2444 operationibus,
1583 2372 1640 2418 ut
1667 2363 1824 2444 bonis
1849 2361 2042 2444 donius
2072 2361 2166 2444 Dei

563 2443 858 2504 repleatur,
893 2448 951 2492 ut
981 2433 1226 2491 sanetum
1257 2445 1312 2490 et
1342 2434 1587 2490 mirabile
1628 2433 1886 2502 templum
1913 2434 2058 2489 illius
2091 2433 2165 2488 si—

565 2527 704 2570 mus.
739 2510 1054 2580 Insequitur:
1073 2516 1194 2577 post
1223 2506 1337 2580 hzec
1369 2507 1608 2580 psalmus
1632 2505 1820 2561 dicens
1851 2522 1863 2558 :

636 2581 846 2637 Exaudi
873 2575 986 2645 nos,
1020 2575 1178 2646 Deus,
1209 2576 1451 2632 salutaris
1491 2587 1684 2643 noster,
1707 2592 1822 2646 spes
1842 2576 2070 2630 omnium
2101 2575 2164 2645 [i-

563 2657 707 2712 nium
732 2665 878 2707 (81‘le
898 2695 911 2716 ,
945 2660 991 2705 et
1021 2653 1072 2704 in
1095 2650 1226 2704 mari
1256 2651 1423 2718 longe.

633 2726 886 2781 Omuium
931 2724 1111 2792 itaque
1155 2735 1279 2788 spes
1309 2717 1552 2792 Christus
1597 2728 1680 2773 est
1723 2718 1776 2773 in
1816 2717 1954 2792 mari
2003 2727 2163 2787 atque

563 2799 619 2854 in
647 2797 824 2852 terris.
857 2789 1042 2863 Itaque
1066 2808 1161 2847 cur
1195 2793 1246 2845 in
1276 2806 1341 2846 eo
1369 2791 1608 2844 oninium
1636 2803 1760 2859 spes
1785 2789 1855 2844 sit
1881 2790 1935 2844 in
1972 2804 2165 2845 conse-

563 2868 854 2942 quentibus
882 2866 1040 2920 docet
1063 2863 1320 2942 dicetisu
1713 2931 1724 2942 .
1803 2941 1808 2942 γ
1981 2940 1987 2942 Δ
2064 2930 2093 2942 Α.

644 2938 953 3003 l’rwparans
980 2945 1172 2987 montes
1195 2934 1249 2987 in
1272 2933 1458 2986 virtute
1479 2943 1585 2996 tua,
1616 2933 1874 2984 accinctus
1903 2933 2127 2998 potentia
2145 2971 2160 2996 ,

567 3020 613 3066 et
627 3008 935 3063 conturbans
956 3004 1178 3086 fundunt
1199 3005 1380 3068 maris,
1403 3012 1586 3058 Sonam
1606 3005 1856 3086 fluctuum
1885 3005 2017 3086 ejus.

641 3081 752 3135 lloc
799 3081 916 3133 loco
962 3092 1066 3130 non
1115 3078 1179 3130 ad
1227 3086 1560 3131 terrenorum
1609 3078 1868 3128 montium
1920 3082 2164 3129 naturam

2196 1770 2243 1831 B

2271 439 2362 504 rit,
2393 449 2448 494 et
2491 441 2730 496 seculum
2763 449 3119 506 nuncupatur,
3147 439 3284 496 sicut
3310 443 3421 495 ait:
3452 440 3568 495 Hoc
3597 457 3738 494 mare
3763 458 3866 494 ma-

2268 527 2426 583 gnum
2463 521 2510 583 et
2555 515 2871 582 spatiosum;
2905 512 2973 564 ibi
3002 512 3305 583 requiescet
3338 513 3529 583 Draco,
3563 529 3714 582 quem
3740 513 3863 583 ﬁga-

2268 582 2392 654 rasti
2411 581 2480 634 ad
2505 581 2836 636 inludendum
2858 583 3004 636 illum
3027 581 3144 654 (Ps.
3175 598 3286 645 cut,
3306 581 3422 654 25).
3451 581 3662 638 Montes
3691 581 3865 653 igitur,

2269 651 2321 706 id
2354 662 2454 718 est,
2496 654 2784 725 adversarii
2807 668 3018 719 omnes,
3038 651 3217 722 poena-
3242 651 3426 723 judieii
3462 651 3867 725 prteparantur,

2273 732 2329 778 et
2357 727 2518 778 maris
2549 724 2891 778 fundamenta
2927 725 3300 780 turbabuntur.
3327 726 3380 780 lu
3408 724 3600 780 herum
3629 727 3773 780 enim
3806 729 3868 780 ii-

2268 794 2422 849 ducia
2471 796 2728 850 Steculum
2775 797 3142 862 consistebat;
3195 799 3410 852 turbato
3454 798 3600 852 enim
3649 797 3869 853 Diaboli)

2267 867 2445 919 omnia
2511 867 2714 921 erroris
2770 869 2849 920 sui
2893 867 3191 922 ministeria
3242 869 3617 923 turbabuntur.
3670 867 3871 923 Recor-

2269 935 2458 991 demur
2477 947 2654 992 autem
2683 953 2976 1002 murmura,
2998 948 3051 992 et
3073 938 3445 995 bacchantium
3479 938 3873 1004 fremitus,om-

2269 1008 2416 1061 nium
2485 1007 2717 1076 denique
2785 1011 3126 1078 profanorum
3205 1010 3638 1065 cterimouioruni
3714 1020 3872 1065 cantu

2270 1079 2527 1133 mundum
2576 1079 2866 1148 aliquando
2921 1082 3169 1137 sonuisse
3208 1099 3220 1134 :
3263 1097 3407 1137 nunc
3459 1097 3591 1136 vero
3650 1082 3875 1136 Domino

2269 1147 2485 1203 Christo
2510 1147 2881 1218 praedicando,
2908 1151 3069 1205 silere
3097 1152 3299 1220 omnia,
3335 1162 3389 1208 et
3421 1153 3690 1219 trepidare
3711 1194 3725 1216 ,
3753 1168 3874 1208 cum

2271 1221 2552 1274 Antisutes
2609 1223 2930 1291 templorum
3003 1221 3329 1279 insanientes
3396 1224 3633 1278 ﬁdelium
3690 1225 3875 1278 virtuti

2269 1291 2646 1360 sitbjieiuntur,
2664 1308 2783 1348 cum
2804 1292 3072 1366 justornm
3097 1295 3274 1350 verbis
3299 1304 3638 1366 torquentur,
3664 1295 3880 1349 lanian-

2269 1369 2376 1427 tur,
2409 1373 2652 1426 uruntur,
2687 1365 2995 1432 puniuntur.
3046 1364 3148 1420 Per
3175 1367 3288 1420 lucc
3322 1364 3503 1435 itaque
3526 1366 3637 1434 jam
3673 1366 3881 1435 judicio

2269 1443 2661 1508 przgiaratittir,
2689 1443 2745 1488 et
2767 1437 3084 1508 prasparatio
3100 1437 3196 1491 ista
3215 1437 3338 1507 quid
3358 1437 3596 1508 proﬁciat
3614 1451 3878 1507 agnosce.

2341 1502 2708 1577 Turbubuntur
2729 1547 2744 1569 ,
2770 1502 2939 1574 inquit
2963 1547 2977 1571 ,
3003 1520 3175 1577 gentes
3195 1551 3210 1574 ,
3233 1502 3290 1562 ἐι
3316 1502 3559 1562 timebunt
3588 1524 3606 1562 :
3631 1502 3883 1564 videntes

2271 1574 2450 1644 itaque
2479 1574 2616 1629 Deos
2639 1590 2767 1629 suos
2796 1574 3081 1641 mutos,'et
3103 1579 3167 1632 ad
3193 1579 3590 1648 impositiouem
3619 1595 3881 1634 manuum

2272 1648 2576 1720 nostrarum
2603 1647 2822 1720 vocibus
2854 1649 3216 1720 ingementcs:
3250 1647 3343 1705 sed
3373 1661 3491 1720 post
3513 1651 3881 1706 turbationem

2271 1717 2510 1784 gentium
2541 1729 2594 1770 et
2642 1717 2694 1772 hi
2727 1719 3026 1784 timebunt,
3057 1723 3144 1788 qui
3184 1717 3484 1778 iuhabiiaut
3529 1723 3685 1777 lines.
3730 1722 3886 1776 Finis

2269 1797 2450 1863 autem
2483 1798 2810 1863 postremum
2833 1799 3043 1863 tempus
3066 1800 3170 1858 est,
3202 1793 3253 1846 in
3281 1809 3388 1860 quo
3415 1808 3501 1848 res
3534 1794 3644 1863 ipsa
3670 1792 3880 1848 deﬁcit:

2249 1859 2550 1913 videamus
2582 1875 2712 1930 ergo
2739 1902 2753 1925 ,
2799 1861 2850 1914 hi
2877 1863 2963 1930 qui
2996 1860 3130 1917 ﬁnes
3174 1859 3446 1928 habitant,
3470 1859 3565 1918 cur
3587 1864 3883 1928 timebunt,

2269 1939 2324 1984 et
2349 1930 2490 2006 unde
2520 1931 2624 2006 illis
2649 1942 2839 2006 metus
2860 1933 3104 2006 ingruat;
3135 1937 3376 2004 sequitur
3415 1950 3646 2006 namque
3672 1954 3685 1988 :
3721 1934 3785 1988 Et
3816 1937 3885 1988 ti-

2269 2002 2473 2076 mebunt
2508 2019 2538 2053 a
2561 2003 2728 2076 signis
2766 2003 2886 2056 tuis.
2922 2004 3094 2058 Metus
3125 2002 3255 2076 ergo
3282 2007 3458 2060 omnis
3485 2022 3514 2059 a
3544 2002 3713 2076 signis
3745 2015 3832 2060 est
3868 2024 3882 2059 :

2271 2072 2367 2147 sed
2409 2087 2528 2147 quae
2559 2072 2673 2127 haec
2699 2084 2857 2128 erunt
2895 2075 3088 2146 signa?
3117 2072 3300 2130 Exitus
3327 2077 3562 2131 matutini
3589 2072 3638 2131 Et
3677 2093 3887 2147 vespere

2269 2141 2541 2196 delectabis
2566 2159 2584 2196 :
2606 2159 2726 2198 nam
2756 2155 2873 2214 post
2892 2141 3190 2201 cohturbati
3225 2150 3387 2204 maris
3413 2147 3658 2214 fundum,
3694 2141 3881 2202 maxi-

2271 2228 2416 2284 unum
2463 2215 2551 2268 Dei
2581 2217 2790 2284 signum
2833 2225 2917 2271 est
2955 2216 3071 2272 dies
3110 2223 3160 2272 in
3193 2220 3546 2274 orationibus.
3592 2219 3886 2274 Inchoatur

2271 2281 2499 2360 hymnis
2530 2281 2776 2360 Deifdies
2809 2304 2821 2340 ;
2851 2287 3085 2342 cluditur
3139 2291 3432 2345 secundum
3483 2291 3625 2360 quod
3672 2290 3886 2345 dictum

2268 2362 2353 2409 est
2385 2371 2398 2408 :
2427 2353 2663 2436 _lilevutio
2708 2375 2953 2436 mmmam
3001 2353 3705 2436 sacriﬁciumpespertinum
3756 2361 3882 2436 (Ps.

2268 2426 2532 2503 uigil).
2561 2429 2812 2503 Succedit
2833 2439 2888 2483 et
2917 2429 3020 2503 hoc
3040 2426 3272 2501 sequens
3302 2426 3538 2503 signum.

2352 2495 2584 2552 Visitasti
2629 2509 2850 2568 terram,
2889 2511 2934 2554 et
2966 2495 3224 2557 inebriasti
3257 2495 3388 2558 cani.
3420 2503 3666 2559 Visitavit
3698 2515 3882 2560 autem

2271 2568 2412 2623 Deus
2439 2579 2658 2644 terram,
2677 2571 2727 2624 id
2748 2571 3095 2644 est,bumaui
3121 2577 3334 2644 generis
3356 2576 3712 2640 nativitatem,
3733 2591 3886 2632 eam-

2268 2655 2374 2712 que
2404 2641 2669 2694 visitatam
2709 2657 2806 2712 per
2846 2643 3104 2711 Spiritum
3128 2641 3377 2700 sanctum
3407 2646 3713 2701 inebriavit.
3746 2648 3885 2703 Mul-

2270 2711 2846 2786 tiplicata_muueribus
2902 2715 2997 2786 Dei
3039 2715 3188 2770 dives
3218 2717 3472 2782 efﬁcitur,
3504 2718 3768 2786 Apostolo
3798 2719 3884 2774 di-

2268 2791 2463 2858 centes
2497 2779 2564 2858 In
2608 2783 3024 2858 gmnibusrdituti
3073 2788 3191 2840 estis
3239 2789 3292 2842 in
3336 2779 3617 2858 ipso-omni
3659 2790 3808 2844 verbo
3836 2799 3884 2845 et

2267 2852 2479 2930 scientia
2509 2851 2566 2924 (l
2597 2853 2793 2930 Co_r._i,
2827 2856 2906 2925 5).
2936 2855 3026 2911 His
3053 2858 3196 2912 enim
3222 2851 3380 2915 bonis
3404 2860 3676 2930 replemur
3701 2863 3884 2930 quoti-

2269 2923 2390 2994 die,
2423 2923 2583 2994 atque
2627 2925 2762 2979 ebrii
2812 2923 3033 2994 sumus;
3067 2942 3121 2984 et
3167 2929 3310 2986 unde
3357 2931 3427 2985 sit
3465 2923 3567 2986 iste
3594 2923 3882 2988 ebrietatis

2273 2992 2564 3066 fructus'iu
2601 2999 2952 3066 sequentibus
2978 2992 3049 3053 ait
3079 3017 3091 3052 :

2342 3063 2563 3145 Flumen
2591 3063 2691 3145 Dei
2733 3068 2981 3145 repletum
3026 3081 3098 3125 est
3127 3088 3279 3143 aqua.
3325 3071 3457 3127 Nam
3486 3073 3538 3127 in
3581 3073 3883 3145 Evangelio

571 3167 751 3207 sermo
781 3151 881 3205 iste
907 3147 1232 3206 extenditur,
1257 3145 1350 3199 sed
1393 3148 1482 3217 qui
1517 3148 1600 3201 isti
1635 3148 1742 3199 sint
1773 3154 1983 3199 montes
2026 3145 2164 3200 alius
2191 3154 2236 3216 ο
2269 3136 2346 3217 Sic
2373 3137 2446 3190 ait
2474 3155 2487 3190 ε
2514 3136 2616 3217 Qui
2643 3136 2996 3217 credideritjn
3025 3159 3124 3210 me,
3146 3136 3544 3217 uicatiscriptum
3567 3154 3642 3217 est
3661 3136 3887 3215 [lumina

566 3222 830 3294 propheta
874 3218 1148 3294 ostendit;
1184 3218 1394 3294 Audite,
1427 3217 1602 3288 papuli
1624 3225 1906 3294 omnes_._et
1923 3221 2164 3294 intendat

568 3286 726 3356 ierru,
751 3303 796 3346 et
819 3307 991 3344 omnes
1022 3289 1302 3343 habitantes
1321 3289 1376 3340 in
1417 3286 1516 3344 ea:
1546 3298 1591 3342 et
1621 3288 1714 3340 erit
1737 3289 1874 3340 vobis
1913 3286 2166 3342 Dominus

568 3366 707 3419 Deus
734 3365 784 3417 in
809 3362 1116 3428 testimonio,
1143 3358 1394 3412 Dominus
1421 3360 1559 3413 Deus
1585 3359 1646 3412 de
1673 3358 1822 3411 domo
1848 3368 2025 3412 sancta
2048 3377 2164 3414 sua.

567 3436 791 3504 Propter
820 3433 954 3502 quod
975 3448 1091 3486 ecce
1121 3431 1255 3486 Deus
1280 3430 1550 3487 descendet
1577 3430 1640 3485 de
1663 3432 1776 3484 loco
1803 3445 1896 3484 suo
1915 3471 1932 3497 ,
1959 3439 2018 3504 ret
2053 3431 2168 3485 des-

563 3507 740 3562 cendet
761 3521 914 3572 super
943 3503 1142 3558 excelsa
1171 3512 1336 3564 terrea,
1363 3514 1408 3558 et
1427 3511 1649 3557 conteret
1671 3512 1863 3554 montes
1887 3503 2064 3556 subtus
2088 3519 2162 3566 se,

564 3589 611 3634 et
639 3579 794 3632 valles
832 3577 1108 3644 liquescent
1139 3583 1378 3644 tanquam
1419 3590 1535 3628 cera
1563 3589 1595 3626 a
1623 3571 1755 3644 facie
1796 3572 1929 3642 ignis
1958 3584 2166 3644 propter

563 3643 1274 3729 impietatemdacobldlich:
1307 3660 1346 3710 I,
1375 3645 1452 3729 2).
1531 3661 1540 3674 '

641 3715 772 3774 Nam
814 3729 868 3773 et
911 3717 964 3772 iu
1010 3715 1118 3770 alio
1165 3718 1370 3784 psalmo
1409 3715 1485 3772 ita
1515 3717 1772 3785 scriptum
1819 3715 2160 3771 ostenditur:

566 3790 831 3847 Commota
861 3797 930 3842 est
959 3799 1005 3841 et
1047 3787 1344 3840 contremuit
1387 3799 1543 3853 terra,
1583 3799 1628 3840 et
1657 3787 1993 3857 fundamenta
2023 3804 2166 3841 mon-

563 3865 693 3918 tium
720 3859 1024 3914 conturbata
1054 3867 1167 3912 sunt
1198 3869 1242 3912 et
1274 3868 1527 3912 commota
1548 3869 1688 3923 sunt,
1719 3859 1960 3928 quoniam
2003 3858 2166 3911 iratus

567 3945 642 3988 est
668 3933 737 3988 eis
765 3931 920 3985 Deus.
951 3929 1193 3985 Ascendit
1223 3931 1395 3999 [unius
1423 3929 1484 3983 ab
1511 3931 1589 3982 ira
1612 3932 1744 4000 ejus,
1769 3940 1812 3983 et
1833 3931 1966 4000 ignis
1989 3931 2169 3998 afacie

565 4009 678 4079 ejus
706 4003 995 4079 exttrtlescet
1018 4043 1033 4067 ,
1065 4002 1384 4079 et_carbottes
1411 4001 1612 4079 accensi
1653 4011 1770 4079 sunt
1800 4001 1981 4079 ab__e_o,
2015 4002 2169 4079 etin-

564 4070 769 4132 c'linatn't
797 4074 1063 4138 etelum,et
1090 4070 1370 4144 descendit,
1402 4082 1450 4126 et
1477 4072 1642 4140 caligo
1671 4073 1762 4124 sub
1784 4072 2162 4144 pedibusuejus.

565 4148 709 4202 Misit
736 4147 970 4218 sagittas,
1008 4153 1054 4198 et
1083 4142 1348 4218 dissipavit
1369 4161 1475 4218 eos,
1498 4153 1552 4218 _et
1581 4142 1792 4218 lfulgura
1816 4142 2168 4218 multipliCauit

563 4192 612 4274 Ei
1085 4192 1475 4285 ,vii)‘:
1581 4192 1686 4280 his:
1719 4192 1989 4284 quantumr
2009 4216 2168 4270 lectio

564 4291 744 4351 docet,
769 4288 1054 4341 adventum
1087 4287 1296 4340 Domini
1321 4285 1388 4341 de
1416 4287 1556 4340 etelo
1580 4301 1673 4354 per
1704 4285 2019 4356 pr0phetam
2047 4286 2169 4356 Spi-

565 4362 701 4416 ritus
731 4359 958 4413 Sanetus
1001 4357 1272 4419 ostendit,
1306 4367 1506 4412 metum
1541 4366 1701 4411 terrae
1722 4399 1737 4422 ,
1764 4357 2028 4412 montium
2061 4366 2167 4412 tre—

565 4431 931 4501 pidationem;
967 4427 1036 4481 ob
1063 4429 1264 4501 idqnia
1303 4429 1468 4501 iratus
1512 4430 1584 4483 sit
1605 4428 1684 4501 eis
1711 4429 1886 4492 Deus,
1922 4427 2166 4501 lumoude

566 4498 644 4558 ira
673 4500 789 4569 ejus
837 4508 1064 4569 exorto,
1114 4500 1289 4566 ignem
1334 4499 1592 4567 deinceps
1624 4499 1692 4554 de
1720 4506 2011 4565 conspectu
2050 4498 2167 4566 ejus

565 4568 928 4628 accendendo.
969 4568 1166 4623 Fumus
1196 4570 1282 4640 qui
1323 4571 1567 4625 ascendit
1617 4569 1874 4639 praeteriti
1907 4571 2166 4636 temporis

565 4659 654 4700 res
701 4653 781 4697 est
811 4664 822 4694 ι
853 4641 904 4694 iu
939 4642 1080 4709 igne,
1109 4641 1232 4710 quia
1279 4641 1413 4696 l'acie
1455 4643 1573 4710 ejus
1621 4640 1955 4704 exardescit,
2001 4640 2165 4694 futuri

567 4713 828 4782 temporis
873 4711 1195 4780 signiﬁcatio
1240 4714 1577 4766 coatiuelur.
1628 4711 1738 4765 llos
1778 4725 1906 4779 ergo
1956 4719 2166 4765 montes

566 4781 779 4855 sagitta:
810 4782 1192 4855 dissipabunt,
1224 4791 1278 4834 et
1308 4781 1512 4852 fulgura
1554 4782 2166 4855 multiplicataucontur-

570 4853 737 4917 bant;
796 4869 1012 4918 omnem
1072 4853 1278 4907 scilicet
1337 4853 1827 4922 supereuiinentem
1886 4853 2164 4906 virtutem.

569 4927 903 4995 Quicumque
934 4939 993 4978 se
1014 4933 1200 4995 contra
1234 4921 1685 4995 Deum’exaltatus
1712 4921 1924 4995 offeret,
1955 4924 2046 4976 irae
2072 4923 2163 4978 Dei

569 4992 831 5055 subditus
858 4995 997 5056 erit;
1046 4992 1380 5048 descendens
1425 4996 1582 5063 igitur
1615 4996 1752 5048 Deus
1807 4993 2038 5050 Verbum
2080 5010 2168 5050 as-

571 5077 845 5136 sumptum
876 5066 976 5120 sibi
1011 5063 1282 5118 hominem
1319 5066 1550 5134 poteutia
1586 5068 1906 5136 accingens,
1937 5065 2169 5134 primum

570 5135 919 5195 hzee’summa
941 5137 1201 5191 montium
1227 5136 1512 5205 depressit,
1540 5135 1741 5189 Diaboli
1769 5136 1971 5192 scilicet
1991 5138 2171 5190 excel-

565 5211 808 5268 leutiam‘
843 5209 1122 5273 protrivit,
1171 5223 1326 5276 quem
1373 5221 1546 5276 ptenre
1591 5207 1772 5274 judicii
1808 5208 2165 5278 prmparavit.

575 5280 820 5340 Servavit
845 5279 966 5334 ideo
998 5280 1135 5332 hanc
1167 5278 1424 5347 propheta
1457 5278 1718 5332 rationem
1744 5318 1758 5342 ,
1789 5277 1975 5332 dicens
2005 5296 2019 5331 :

651 5351 961 5421 l’rtepurans
983 5360 1178 5404 montes
1203 5351 1256 5404 in
1287 5351 1466 5404 virtute
1493 5358 1601 5421 tua,
1631 5348 1886 5421 accinctus
1915 5351 2162 5420 potentia.

575 5424 693 5482 Non
725 5419 867 5477 enim
899 5423 1068 5476 virtus
1094 5421 1406 5490 accingitur,
1438 5419 1531 5476 sed
1558 5420 1609 5473 in
1640 5420 1835 5474 virtute
1863 5419 1957 5475 Dei
1979 5431 2168 5490 polen-

571 5497 648 5550 tia
672 5494 920 5558 hominis,
947 5493 998 5546 id
1026 5502 1130 5558 est,
1153 5492 1202 5547 ei
1227 5494 1470 5561 corporis
1491 5490 1633 5562 quod
1652 5491 1836 5546 deerat
1863 5500 2165 5562 coaptatur.

579 5566 710 5637 Ejus
739 5581 867 5634 ergo
907 5563 1139 5637 hominis
1163 5565 1419 5637 potentia,
1449 5579 1608 5637 quem
1650 5562 1791 5618 Deus
1829 5562 2167 5635 adsumpsit,

580 5635 877 5706 accingitur
905 5636 957 5689 iu
992 5636 1213 5689 virtute.
1247 5636 1449 5690 Dehine
1477 5635 1548 5689 ait
1581 5652 1592 5687 :

653 5705 755 5778 Qui
781 5709 1044 5762 conturbat
1070 5706 1288 5780 fundum
1325 5708 1518 5780 maris,
1542 5721 1724 5780 sonum
1742 5705 2009 5780 ﬂuctuum
2039 5707 2176 5777 ejus.

578 5776 872 5840 Conturbat
893 5776 1080 5837 autem
1102 5793 1206 5836 non
1232 5794 1398 5846 mare,
1428 5779 1522 5840 sed
1548 5779 1710 5834 maris
1735 5776 1997 5842 fundum;
2028 5776 2177 5832 mare

2195 4536 2247 4596 D

2272 3208 2336 3286 de
2353 3211 2671 3286 _ventrenejus
2693 3211 2859 3264 exierit
2889 3209 2997 3280 (.Io.
3025 3208 3118 3278 \‘ll,
3145 3215 3258 3284 38).
3285 3208 3550 3286 lloe'ergo
3571 3208 3789 3271 dicebat
3812 3218 3885 3273 de

2272 3277 2498 3355 Spiritu_
2521 3277 2722 3334 saneto
2744 3277 2957 3355 ,‘que'tu
2999 3277 3271 3355 accepturi
3315 3277 3799 3342 erant'credentes
3829 3290 3883 3343 in

2269 3364 2414 3429 eum.
2449 3349 2569 3429 iioc
2591 3367 2717 3429 ergo
2764 3349 2965 3429 ﬁumen
3018 3349 3291 3429 Dei'aqua
3333 3359 3571 3426 repletur
3597 3400 3611 3422 ,
3642 3358 3882 3429 Spiritus

2269 3421 2629 3492 enimSancti
2663 3425 2977 3481 muneribus
3024 3421 3316 3481 inundatur
3339 3469 3353 3492 ,
3383 3421 3437 3483 et
3474 3430 3524 3482 in
3558 3443 3657 3482 nos
3685 3421 3757 3484 ex
3789 3430 3887 3486 illo

2269 3493 2392 3547 vita:
2415 3491 2563 3568 fonte
2585 3493 2779 3568 ﬂuvius
2811 3496 2901 3550 Dei
2933 3513 3069 3568 aqua
3094 3491 3676 3568 repletusiulunditnr.
3705 3500 3888 3557 Habe.

2271 3579 2390 3640 mus
2418 3565 2588 3640 etiam
2611 3573 2666 3619 et
2691 3566 2871 3640 cibum
2899 3565 3144 3638 paratum
3159 3565 3190 3622 ἐ
3224 3571 3342 3639 quis
3365 3571 3452 3625 hic
3475 3572 3630 3625 cibus
3655 3581 3741 3626 est
3758 3615 3775 3640 ,
3807 3573 3888 3627 vi-

2269 3635 2513 3716 deamus.
2547 3633 2615 3692 Ut
2634 3645 2816 3692 autem
2839 3633 2956 3696 haEc
2980 3641 3158 3696 omnia
3190 3633 3351 3698 futuri
3377 3642 3636 3716 temporis
3657 3633 3889 3701 doceret

2270 3719 2416 3771 esse,
2448 3717 2522 3761 ali.
2547 3723 2560 3759 2

2344 3777 2650 3858 {ficosejtts
2679 3778 2898 3858 inebria,
2931 3783 3216 3851 multiplica
3252 3785 3604 3854 generationes
3651 3788 3797 3858 ejus;
3831 3787 3888 3841 in

2270 3848 2682 3922 stillicidiis'ejus
2712 3851 2974 3922 (tenebitur
2991 3848 3106 3907 cum
3133 3848 3410 3909 exorietur.

2343 3920 2509 3998 Terra
2539 3920 2717 3998 autem
2766 3921 2978 3998 visitata
3026 3926 3289 3998 inebriata
3329 3934 3449 3992 est;
3499 3937 3551 3982 et
3607 3929 3888 3998 quomodo

2271 4005 2413 4045 nunc
2432 3992 2572 4072 “rivi.
2601 3991 3103 4072 ejusl‘iuebriantur
3124 3997 3152 4072 7?
3179 3991 3535 4072 _inebri_an_iur
3565 3991 3744 4054 au'teiu
3780 4001 3886 4072 ipsi

2269 4075 2392 4142 cum
2432 4061 2690 4142 Spiritum
2722 4064 3333 4142 Sanctumaccipimus.
3367 4069 3570 4124 Dehine
3601 4080 3720 4125 orat
3750 4061 3882 4142 pro-

2269 4134 2430 4204 pheta
2453 4175 2468 4199 ,
2503 4147 2559 4187 ut
2591 4137 2688 4210 hos
2713 4134 2937 4210 eosdem
2966 4141 3110 4193 rivos
3132 4134 3383 4206 inebriet,
3417 4148 3474 4194 ut
3498 4134 3884 4210 generationes

2271 4214 2472 4259 nostra:
2514 4206 2957 4274 multiplicemur,
2991 4219 3049 4264 ut
3079 4221 3220 4264 terra
3249 4210 3458 4265 scilicet
3491 4206 3626 4266 bona
3672 4227 3880 4269 secun-

2271 4274 2396 4353 dum
2418 4276 2691 4353 Evangelii
2713 4282 3172 4345 comparationem
3198 4281 3345 4336 verbi
3362 4297 3548 4338 semen
3574 4284 3881 4353 excipiens,

2271 4345 2751 4423 l'ructu_t_rieesimo
2771 4388 2786 4412 ,
2819 4361 2874 4404 et
2899 4354 3267 4423 sexagesimo,
3298 4364 3352 4407 et
3404 4345 3878 4410 centesimo'diteJ

2270 4429 2384 4472 seat
2415 4436 2427 4470 :
2463 4419 2513 4472 id
2537 4429 2722 4493 est,_ut
2754 4433 2872 4493 ρρει
2897 4419 3156 4491 Baptismi
3182 4423 3431 4493 gaudium
3468 4425 3659 4478 subeat
3696 4426 3752 4480 in
3782 4441 3888 4482 uos

2271 4492 2592 4564 sacramenti
2643 4490 2998 4564 intelligentia
3027 4536 3040 4555 ,
3076 4490 3370 4564 prophetiae
3408 4495 3664 4562 scientia,
3697 4510 3886 4553 sermo

2275 4561 2579 4638 sapientiae,
2596 4561 3291 4638 sanationumrcharismata,
3309 4576 3366 4622 et
3381 4561 3889 4638 d:emouiasubjec~

2275 4639 2324 4684 ta
2359 4632 2465 4683 sint
2497 4633 2671 4686 nobis.
2706 4631 2832 4709 "me
2863 4637 3006 4689 enim
3054 4652 3151 4691 nos
3196 4647 3446 4709 tanquam
3483 4631 3886 4709 stillicidia'pe-

2273 4709 2523 4778 netrant,
2551 4717 2672 4778 quae
2713 4703 2967 4778 paulatim
3018 4719 3194 4777 ccepta
3239 4703 3470 4762 fructum
3524 4703 3884 4778 multiplicem

2271 4773 2565 4848 exuberant
2597 4774 2696 4848 ;in
2753 4773 2836 4827 his
2885 4777 3047 4848 igitur
3093 4773 3380 4834 stillicidiis
3423 4795 3545 4834 cum
3597 4773 3887 4837 exorietur

2274 4852 2414 4919 terra
2442 4884 2467 4919 ,_
2489 4845 2780 4919 imitabitur,
2813 4845 2928 4904 sed
2947 4850 3216 4904 stillicidia
3243 4850 3666 4919 multiplicantur
3693 4860 3748 4905 ut
3778 4853 3886 4908 rivi

2271 4915 2399 4978 siut,
2430 4917 2526 4971 rivi
2554 4925 2733 4971 autem
2775 4920 3111 4976 inebriantur
3135 4931 3193 4976 ut
3214 4915 3435 4977 ﬂumina
3460 4923 3586 4977 sint.
3618 4923 3749 4980 Post
3777 4923 3885 4981 ista

2275 4984 2577 5058 insequitur
2600 4988 2834 5058 psalmus
2863 4991 3095 5048 dicendo
3128 5011 3141 5046 :

2345 5055 2620 5136 Denedices
2648 5056 2868 5136 Domino
2891 5078 3134 5136 coronam
3159 5064 3283 5118 anni
3315 5065 3638 5136 benignitatis
3665 5075 3784 5120 tua.

2346 5131 2558 5183 Annum
2587 5130 2775 5184 :eterui
2805 5144 2859 5187 et
2888 5135 3028 5189 beati
3057 5137 3196 5189 illius
3225 5137 3396 5191 seculi
3430 5130 3558 5191 'siue
3583 5136 3749 5192 dubio
3779 5138 3882 5194 de-

2273 5196 2461 5274 ςιεπθιν
2477 5203 2600 5270 (ulla
2622 5202 2875 5258 bonilalis
2895 5204 3105 5260 Domini
3131 5207 3214 5261 hic
3240 5223 3413 5262 anuus
3439 5215 3540 5261 est.
3564 5207 3731 5274 Hujus
3749 5210 3881 5263 anui

2273 5268 2609 5327 benedicitur
2624 5287 2845 5346 corona,
2869 5275 3085 5331 visitata
3123 5279 3266 5332 enim
3297 5286 3435 5332 terra
3455 5268 3881 5346 jucundissimus

2271 5357 2486 5420 anuus,_
2503 5352 2558 5398 et
2578 5344 2924 5420 suavissimus
2945 5352 3076 5402 erit:
3104 5350 3218 5402 hzee
3245 5351 3385 5403 enim
3407 5344 3606 5404 Christi
3620 5361 3707 5420 est
3724 5363 3878 5420 pote-

2276 5421 2414 5487 state
2441 5414 2686 5480 victoria;
2705 5415 2818 5470 haec
2842 5431 3042 5472 corona
3064 5420 3271 5473 Domini
3302 5420 3438 5473 llore
3464 5414 3743 5476 benedicta
3774 5434 3874 5487 esu

2274 5483 2591 5560 Sanctorum
2619 5500 2856 5560 _suorum
2900 5489 3065 5544 choro
3111 5492 3398 5560 gloriosus.
3432 5490 3583 5546 Tune
3628 5483 3878 5547 ubertate

2275 5557 2450 5632 campi
2465 5555 2836 5632 replebuntur,
2854 5568 2976 5632 tunc
2993 5555 3191 5616 deserti
3209 5565 3340 5616 ttnes
3363 5562 3734 5632 piuguescent,
3753 5573 3879 5619 tunc

2278 5627 2445 5704 colles
2465 5628 2827 5704 exsultatione
2847 5627 3565 5704 accingentur,;tunc'arietes
3585 5627 3766 5688 ovium
3793 5635 3876 5690 iu-

2280 5697 2512 5776 duentur
2527 5715 2540 5751 :
2557 5707 2683 5755 tunc
2692 5702 2836 5776 enim
2858 5697 3231 5758 retributionis
3241 5713 3324 5760 est
3346 5714 3554 5774 tempus
3571 5705 3656 5776 ;in
3673 5719 3734 5759 ea
3744 5706 3878 5776 mpis

2282 5768 2428 5826 enim
2456 5785 2683 5841 quorum
2711 5774 2937 5829 culturae
2984 5787 3112 5830 usus
3136 5783 3221 5829 est
3245 5817 3259 5844 ,
3289 5791 3350 5831 ea
3379 5768 3498 5845 qua:
3525 5775 3625 5832 sub
3663 5768 3877 5846 Icge'et
