4044 6350
142 382 283 440 XVII

1588 372 1976 431 PR/EFATIO.

3273 365 3446 426 XVIII

149 495 355 549 cultura
388 489 482 546 Dei
531 488 735 546 fuerint
771 503 929 561 opera
951 531 966 556 ,
997 489 1292 544 ubertatem
1315 499 1742 561 consequemur.
1774 491 1830 550 Α
1869 557 1901 561 __
1929 486 2110 541 Omnis
2139 495 2273 561 terra
2301 487 2512 561 adorent
2541 486 2658 561 tibi,
2692 497 2736 541 et
2761 488 2981 561 psallam
3007 490 3135 545 tibi:
3174 489 3446 544 Psalmum

154 567 247 623 Ubi
294 575 475 618 autent
507 565 643 617 lines
669 560 865 617 deserti
894 561 1242 632 pinguescent
1265 600 1280 624 ,
1311 560 1595 632 Ecclesiae,
1625 576 1744 631 qum

149 639 364 693 deserta
412 633 552 700 fuit,
604 633 834 702 populus
862 630 1293 702 repromissionis
1335 630 1511 685 fructu
1556 630 1746 686 iterum

148 707 370 763 ditatur.
389 705 447 760 In
462 701 692 761 collibus
712 719 840 758 vero
857 701 1212 758 exsultatione
1236 701 1491 757 accinctis
1514 702 1746 826 gloriosa

152 787 442 826 martvrum
473 777 664 826 gaudia
696 774 1044 826 nuntianturi
1077 774 1131 826 hi
1174 774 1315 826 enim
1353 781 1478 826 sunt
1536 773 1746 826 nomini—

150 787 442 849 martyrum
473 777 664 849 gaudia
696 774 1044 849 nuntiantur:
1077 774 1132 829 hi
1174 774 1315 849 enim
1353 781 1478 829 sunt
1505 773 1748 849 homini-

149 850 248 904 bus
273 844 495 904 caeteris
538 845 779 901 altiores.
812 844 946 900 Cum
975 855 1156 900 autem
1204 848 1398 900 arietes
1433 845 1612 900 ovium
1661 845 1746 899 in-

150 920 404 982 duentur,
436 917 880 987 patriarcharum,
911 926 964 972 et
999 918 1404 988 prophetarum,
1437 925 1492 971 et
1517 919 1747 988 Apostoe

150 992 322 1046 lorum
362 998 565 1044 aeterna
613 988 698 1042 illa
730 997 784 1044 et
828 989 982 1044 beata
1009 988 1172 1043 vestis
1196 1029 1212 1053 ,
1239 989 1327 1056 qui
1373 988 1538 1042 duces
1577 987 1746 1042 sancti

149 1064 325 1132 gregis
350 1067 512 1132 sunt,
544 1058 865 1132 ostenditur.
898 1059 1011 1114 Hoc
1050 1074 1178 1128 ergo
1206 1058 1520 1132 indumento
1549 1059 1747 1132 arietes

151 1129 324 1188 ovium
353 1130 677 1193 induentur,
706 1140 759 1186 et
783 1130 884 1186 hoc
922 1132 1174 1201 gloriosae
1203 1130 1620 1184 immortalitatis
1649 1129 1744 1183 ba-

151 1204 260 1260 bitu
291 1202 618 1258 vestiuntur.

220 1274 287 1328 Et
317 1273 575 1328 convalles
600 1313 614 1337 ,
641 1271 836 1340 inquit,
876 1271 1206 1328 abundabunt
1244 1275 1496 1341 frumento
1524 1285 1542 1324 :
1571 1269 1749 1326 humi-

151 1345 312 1402 liores
347 1346 591 1410 scilicet,
637 1353 797 1414 atque
845 1346 1024 1413 operis
1070 1344 1192 1396 boni
1226 1343 1469 1398 homines
1518 1343 1746 1397 fructum

150 1416 271 1474 vita:
298 1416 615 1482 sortientur,
647 1431 750 1469 non
778 1417 922 1471 enim
953 1414 1250 1469 ubertatem
1281 1414 1660 1483 replebuntur,
1691 1421 1750 1467 ut

152 1490 322 1558 campi
351 1530 366 1554 ,
398 1503 576 1555 neque
603 1487 971 1558 exsultatione
987 1485 1336 1558 accingentur
1360 1526 1374 1548 ,
1405 1494 1462 1558 ut
1492 1493 1701 1558 montes
1728 1524 1744 1550 ,

151 1563 241 1616 sed
269 1555 541 1616 frumento
565 1566 767 1611 tantum
797 1557 1180 1620 abundabunt;
1213 1555 1262 1609 id
1279 1567 1360 1611 est
1379 1555 1588 1610 vivendi
1615 1556 1745 1609 sul)-

150 1633 338 1688 stantia
371 1647 476 1684 non
503 1629 763 1684 carebunt
794 1646 807 1681 :
837 1628 890 1682 hi
921 1629 1064 1681 enim
1093 1628 1267 1696 campi
1298 1668 1313 1692 ,
1349 1626 1462 1680 hcce
1491 1627 1699 1680 deserta
1730 1667 1744 1690 ,

151 1703 204 1758 hi
230 1704 394 1758 colles
420 1743 435 1766 ,
467 1701 552 1756 isti
593 1701 788 1755 arietes
813 1741 829 1764 ,
873 1701 986 1754 lucc
1024 1699 1294 1753 convallia
1337 1697 1667 1762 clamabunt,
1695 1707 1748 1752 et

155 1777 395 1846 hymnum
445 1773 663 1846 dicent,
700 1781 753 1827 et
800 1771 1033 1846 obbam
1075 1769 1282 1846 diversa
1311 1770 1745 1846 _re_tribntion_um

153 1841 698 1930 pueritia-inalelessis
757 1842 1005 1897 maximis
1046 1841 1266 1896 vocibus
1311 1841 1404 1897 Dei
1455 1841 1744 1910 potentiam
1776 1867 1824 1930 Β

153 1915 533 1989 przedicabunt.

544 2027 796 2085 INCIPIT
835 2027 1154 2085 PSALMUS
1191 2026 1351 2084 LXV.

223 2123 449 2180 Jubilate
493 2119 626 2188 Deo,
673 2122 836 2176 omnis
875 2130 1032 2188 terra,
1073 2118 1337 2174 Psalmum
1366 2121 1519 2176 dicite
1554 2122 1750 2176 nomini

157 2214 286 2252 eius.

179 2217 458 2322 ﬂgrimum
479 2280 610 2336 ergo
625 2262 963 2336 jubilandum
982 2262 1092 2336 Deo
1117 2272 1434 2336 prmmonet,
1454 2263 1745 2336 secundum

159 2339 483 2411 psallendum
528 2333 1114 2411 nominiejuskdehinc
1131 2334 1360 2411 dandam
1380 2333 1750 2411 gloriamini;—

161 2405 352 2467 dationi
379 2411 533 2478 ejus;
567 2416 694 2462 tunc
719 2405 868 2461 dices
900 2405 1126 2478 Domino
1156 2405 1283 2478 Deo,
1317 2405 1468 2478 quam
1500 2405 1752 2478 terribilia

160 2492 270 2536 sunt
299 2476 452 2554 opera
482 2491 598 2534 tua:
628 2477 1306 2554 postremo-conﬁtendum,
1339 2476 1405 2554 Iun
1427 2476 1753 2554 multitudine

159 2547 352 2609 virtutis
391 2563 494 2607 tute
524 2547 828 2605 mentiantur
864 2548 953 2602 tibi
984 2549 1179 2602 inimici
1216 2548 1311 2601 tui.
1348 2547 1453 2603 Sed
1481 2547 1546 2601 ad
1581 2549 1749 2601 ratio-

161 2640 306 2690 nem,
332 2621 760 2694 atquegordinem
793 2621 948 2694 hujus
979 2617 1245 2694 scrmonis
1277 2619 1640 2694 necessarium
1669 2625 1754 2694 est

163 2696 239 2760 id,
266 2687 818 2766 quodidifﬁcultatem
839 2688 1012 2757 all‘ert,
1043 2691 1227 2760 paucis
1254 2688 1557 2746 absolvere.
1588 2687 1645 2744 In
1675 2689 1753 2743 la-

166 2762 300 2822 tinis'
317 2765 593 2821 codicibus
619 2763 688 2817 ita
718 2762 944 2830 legimus
972 2779 984 2813 :
1499 2773 1502 2776 ’

229 2837 450 2892 Jubilate
475 2836 586 2890 Deo
606 2876 620 2901 ,
653 2834 817 2888 omnis
848 2841 1002 2886 terra.

229 2908 332 2965 Sed
354 2916 613 2978 quantum
641 2905 707 2959 ad
737 2905 935 2978 eloquii
969 2904 1133 2978 nostri
1164 2903 1607 2978 consuetudinem
1632 2919 1754 2974 per-

163 2981 310 3040 tinet.
328 2974 555 3048 jubilum
579 2975 864 3048 pastoralis
890 2974 1220 3048 agrestisque
1238 2975 1382 3029 vocis
1405 2990 1592 3048 sonum
1617 2991 1756 3030 nun-

160 3045 434 3122 cupanius,
464 3045 595 3122 cuni
637 3047 697 3122 in_
734 3045 1108 3122 solitudinibus
1139 3057 1229 3100 aut
1267 3047 1624 3122 respondens,
1663 3055 1758 3122 aut

160 3117 434 3194 requirens
467 3121 654 3194 ducta
685 3119 738 3172 in
771 3118 995 3194 longum
1024 3132 1188 3194 sonus
1233 3120 1399 3194 vocis_
1421 3118 1654 3194 auditur.
1697 3117 1752 3194 In

160 3188 356 3250 Cra-cis
375 3209 504 3248 vero
534 3190 706 3253 libris,
739 3189 830 3259 qui
859 3205 922 3243 ex
955 3188 1222 3243 lIebraieo
1251 3188 1476 3257 proximi
1506 3200 1650 3252 sunt,
1681 3190 1754 3244 si-

1851 557 2033 612 dicant
2048 559 2256 682 Bontini
2300 567 2413 629 tuo,
2446 559 2739 615 Altissime.
2763 557 2969 628 Venite,
3003 562 3192 633 inquit,
3220 572 3265 616 et
3288 562 3451 615 ridete

1851 644 2008 682 opera
2099 646 2166 682 et.

1851 644 2008 700 Opera
2048 644 2166 683 ves.

1922 701 2204 773 Invitantis
2218 701 2439 757 verbum
2463 709 2567 766 est,
2592 699 2889 773 doctrinam
2917 703 3059 759 enim
3086 703 3175 758 Dei
3197 711 3449 773 tanquam

1849 769 1903 826 in
1935 772 2131 844 vicinio
2174 773 2490 844 collocatam
2521 773 2715 843 posuit.
2749 771 2818 827 Et
2845 791 2958 829 cum
2988 775 3224 838 venisset,
3255 769 3450 844 inquit,

1849 843 2216 917 euangelizavjt
2242 859 2424 917 pacem
2453 845 2535 917 Itis
2558 845 2646 917 qui
2673 845 2736 917 de
2763 845 2932 917 longe,
2961 855 3009 900 et
3051 862 3226 917 pacem
3253 844 3332 898 his
3361 844 3450 915 qui

1849 914 1913 986 de
1936 912 2096 985 prope
2122 912 2338 986 (Ep/res.
2373 928 2430 978 tt,
2457 912 2580 978 17).’
2600 915 2670 968 Ex
2703 915 2818 986 lege
2849 912 2992 972 enim
3017 912 3164 972 multi
3191 912 3444 985 tanquam

1848 985 1916 1059 de
1941 999 2107 1054 prope
2133 985 2426 1059 manentes
2459 986 2842 1059 crediderunt;
2878 1004 2948 1043 ex
2981 987 3451 1059 gentibusautem

1848 1055 2006 1126 longe
2031 1056 2220 1128 positis
2238 1055 2523 1125 Propheta:
2547 1057 2856 1124 praedicatio
2876 1055 3066 1115 omnes
3085 1060 3150 1114 ad
3168 1058 3261 1114 Dei
3284 1071 3449 1128 opera

1848 1127 2435 1202 contuendaadvocat:
2460 1128 2554 1182 sed
2578 1143 2687 1202 non
2710 1143 2976 1202 ea_0pera,
2996 1147 3116 1202 qua:
3132 1127 3448 1202 cunctorum

1849 1199 2021 1253 oculis
2047 1198 2287 1266 subjecta
2315 1209 2460 1263 sunt,
2490 1199 2636 1263 caeli,
2677 1199 2836 1262 aeris,
2860 1198 3102 1257 terraeac
3120 1203 3282 1256 maris
3304 1221 3315 1253 :
3335 1200 3452 1257 hrrc

1849 1271 1993 1325 enim
2021 1283 2210 1324 omnes
2233 1279 2596 1326 contuentur:
2626 1269 2721 1324 sed
2747 1285 2806 1324 ea
2831 1287 2950 1341 qua:
2974 1273 3206 1327 ﬁdelium
3238 1281 3446 1327 tantum

1849 1342 2028 1395 studio
2051 1350 2326 1410 comperta
2351 1351 2616 1395 suntcum
2640 1343 2838 1410 ingenti
2856 1351 2910 1396 et
2931 1344 3231 1398 admirabili
3252 1347 3451 1400 virtute

1849 1410 2186 1485 Pharaonem
2221 1429 2317 1485 pro
2350 1412 2639 1485 impietatis
2669 1427 2781 1465 suae
2822 1416 3026 1469 meritis
3057 1416 3105 1468 in
3139 1417 3450 1485 exemplum

1851 1484 2066 1537 humani
2098 1484 2308 1538 timoris
2348 1483 2648 1551 oppressit;
2688 1497 2807 1539 cum
2847 1500 2996 1541 mare
3036 1483 3447 1551 siccatnm'est;

1850 1569 1970 1629 cum
1993 1553 2229 1629 Iordane
2262 1556 2492 1624 populus
2521 1553 2749 1629 pedibus
2775 1569 3020 1629 egressus
3043 1567 3125 1612 cst
3151 1575 3164 1611 :
3196 1558 3261 1612 ad
3293 1557 3451 1629 hujus

1849 1624 2011 1751 agitur
2036 1625 2128 1680 Dei
2149 1640 2311 1696 opera
2343 1625 2646 1681 contuenda
2678 1625 2942 1696 Propheta
2989 1638 3177 1699 gentes
3201 1624 3447 1696 advocat,

1890 1711 2037 1751 teens
2065 1715 2077 1749 :

1890 1711 2077 1752 ιορηεε

1933 1767 2125 1832 Venite,
2154 1777 2202 1822 et
2253 1768 2418 1823 videte
2443 1783 2598 1838 opera
2623 1766 2852 1834 Domini,
2880 1770 3121 1826 terribilis
3151 1773 3201 1826 in
3227 1773 3453 1828 consiliis

1851 1856 2003 1909 super
2019 1839 2156 1907 ﬁlios
2187 1840 2473 1893 hominum.
2502 1839 2604 1906 Qui
2631 1842 2874 1894 convertit
2904 1859 3044 1896 mare
3070 1844 3122 1896 in
3149 1845 3369 1911 aridam,
3389 1846 3454 1903 in

1851 1911 2065 1982 ﬂumine
2093 1912 2470 1978 pertransibunt
2492 1911 2636 1982 pede.
2669 1912 2776 1966 Sed
2803 1912 2928 1982 quiti
2954 1913 3019 1967 ad
3054 1915 3317 1970 universm
3344 1927 3452 1970 ter-

1854 1980 1927 2036 ra:
1957 1981 2189 2056 salutent
2205 1982 2414 2051 proﬁcit
2430 1980 2753 2056 ?Videa_mus
2769 1980 2894 2056 quid
2919 1984 3076 2040 nobis
3101 1995 3248 2040 tanto
3268 1995 3452 2056 postea

1852 2053 2032 2127 gentis
2061 2051 2325 2127 Jordanes
2356 2065 2482 2108 tunc
2520 2051 3074 2127 arefacttts’impertit,
3120 2051 3280 2127 hujus
3305 2057 3451 2114 enim

1852 2125 2006 2199 aquis
2055 2124 2283 2199 primum
2329 2133 2667 2199 peccatorum
2707 2125 2910 2181 ablutio
2936 2127 3143 2182 Joanne
3184 2124 3453 2199 pmttiten-

1853 2195 1983 2250 tiam
2014 2195 2340 2265 prtcdicante
2366 2197 2559 2250 donata
2591 2205 2672 2249 est
2703 2215 2715 2250 :
2747 2212 2842 2265 per
2873 2199 3015 2254 hunc
3050 2195 3196 2254 enini
3230 2201 3448 2255 ﬂuvium

1852 2269 1908 2323 in
1957 2266 2394 2335 repromissionis
2438 2278 2632 2321 terram
2676 2269 2874 2336 popqu
2907 2271 3007 2324 iter
3051 2270 3256 2335 fuerat;
3307 2287 3453 2327 nunc

1853 2352 2068 2409 quoque
2103 2353 2196 2411 per
2223 2353 2344 2411 eum
2371 2337 2462 2411 Eia
2493 2337 2648 2411 nobis
2676 2342 2910 2411 caelestis
2935 2341 3082 2411 regni
3113 2341 3452 2397 demonstra-

1855 2419 1962 2474 tur,
2007 2410 2159 2478 aquis
2203 2409 2334 2476 ipsis
2371 2409 2645 2475 Baptismo
2688 2410 2896 2465 Domini
2942 2409 3295 2469 consecratis.
3346 2413 3449 2471 Ubi

1855 2480 2142 2535 lattabimur
2177 2481 2230 2532 in
2256 2482 2387 2549 ipso,
2425 2478 2685 2546 Propheta
2712 2481 2978 2549 subjecit,
3007 2483 3235 2540 dicens:

1933 2550 2034 2616 Qui
2054 2550 2400 2604 dominabitur
2423 2552 2474 2603 in
2498 2551 2725 2618 potentia
2750 2568 2846 2606 sua
2871 2553 2924 2606 in
2946 2565 3214 2610 internum.

1926 2619 2247 2690 Unigenitus
2277 2622 2418 2676 enim
2454 2621 2547 2676 Dei
2575 2622 2734 2698 ﬁlius,
2777 2630 2830 2676 et
2867 2625 2911 2677 si
2939 2627 3184 2695 regnavit
3211 2642 3451 2698 semper,

1856 2706 1962 2746 non
1984 2701 2173 2774 tamen
2186 2706 2401 2774 semper
2422 2695 2664 2774 regnavit
2691 2694 2742 2747 in
2770 2708 2997 2774 corpore
3015 2694 3035 2748 ':
3063 2712 3184 2774 nam
3208 2697 3310 2753 hoc
3333 2694 3453 2755 loco

1858 2771 2073 2840 tempus
2119 2762 2248 2840 illud
2291 2762 2623 2840 ostenditur,
2646 2779 2754 2840 quo
2797 2762 3099 2835 gloriﬁcato
3136 2767 3190 2824 in
3220 2771 3449 2840 gloriam

1859 2833 2192 2909 Deicorpori
2220 2845 2272 2889 et
2301 2849 2498 2909 nomen
2534 2833 2624 2889 Dei
2652 2833 2906 2909 donainr,
2935 2846 2988 2892 et
3009 2833 3257 2909 regnum:

1931 2905 2189 2981 Quoniam
2227 2905 2454 2981 probasti
2494 2921 2609 2971 nos,
2639 2905 2798 2972 Deus,
2840 2908 2956 2978 igne
2994 2905 3095 2964 nos
3125 2912 3454 2981 examinasti,

1856 2977 1984 3048 sicut
2013 2977 2127 3047 igne
2155 2978 2478 3032 ementiuntur
2511 2985 2798 3048 argentum.

1928 3046 2360 3126 Comparationis
2385 3046 2684 3126 similitudo
2710 3061 2790 3103 est
2822 3067 2834 3103 :
2868 3051 3210 3126 examinandi
3242 3055 3456 3126 argenti

1859 3118 1946 3174 illa
1990 3122 2102 3195 sola
2141 3119 2286 3195 ratio
2326 3129 2427 3195 est,
2461 3129 2530 3195 ιιιΔ
2559 3119 2770 3184 sordes,
2809 3138 2928 3191 qum
2968 3139 3033 3178 ex
3088 3124 3254 3195 prima
3295 3118 3456 3185 (eme

1863 3191 2088 3245 materie
2129 3189 2474 3252 adhaeserint,
2500 3189 2899 3260 decoquantur;
2942 3205 2996 3248 et
3037 3189 3189 3252 si'ex
3231 3198 3458 3256 alterius

158 3265 554 3338 gniﬁcationem
606 3260 871 3338 ejusmodi
904 3259 1063 3338 habet
1104 3275 1433 3324 sLsLacuus,
1467 3274 1624 3338 quem
1653 3259 1754 3313 La.
1786 3259 1832 3323 C
1865 3262 2065 3338 iugalli
2094 3270 2279 3338 natura
2311 3261 2544 3338 admixta
2578 3259 2791 3338 fuerint,
2823 3275 3138 3335 purgentur.

159 3331 251 3391 fini
276 3335 504 3407 jubilum
537 3343 740 3402 ponunt
767 3331 1068 3407 {signiﬁcat
1099 3347 1281 3385 vocem
1310 3333 1578 3384 exercitus
1616 3346 1755 3399 pra!-

161 3401 330 3463 liant'is
359 3405 454 3480 (al.
488 3401 862 3476 proterentis),
891 3413 981 3480 aut
1022 3402 1073 3480 i_n
1117 3417 1380 3480 concursu
1409 3412 1614 3480 propter
1651 3418 1758 3455 rem

162 3473 386 3544 hostem,
407 3473 502 3532 aut
524 3473 835 3530 successum
863 3473 1101 3528 vietorizn
1119 3473 1492 3528 exsultatiouis
1521 3486 1651 3527 voce
1681 3482 1761 3525 tc-
1788 3531 1800 3543 ι

161 3551 365 3605 stantis.
391 3550 510 3604 Vox
543 3556 724 3602 autem
744 3545 1120 3601 exsultationis
1137 3544 1386 3600 dissentit
1405 3559 1430 3595 a
1447 3544 1637 3612 jubilo.
1660 3543 1760 3597 Po-

159 3622 244 3678 siti
271 3623 430 3692 igitur
451 3630 508 3674 et
533 3633 847 3692 nosgsumus
873 3617 1065 3692 invitm
1090 3618 1240 3692 istius
1275 3615 1489 3692 prteliis,
1515 3623 1568 3669 et
1589 3613 1760 3692 inhoc

159 3685 330 3748 carnis
357 3702 411 3749 et
465 3689 746 3758 sanguinis
777 3689 940 3741 nostri
979 3687 1298 3751 certamine,
1326 3685 1756 3758 adversumllia-

160 3763 354 3829 bolum,
403 3756 804 3831 exercitusque
837 3761 954 3828 ejus
1006 3760 1196 3831 armis_
1217 3757 1546 3831 Spiritalibus
1597 3756 1759 3831 dimi-

160 3827 376 3893 cantes»:
407 3844 637 3904 propter
665 3827 808 3904 quod
842 3827 1124 3904 mouentur
1174 3829 1282 3884 Deo
1317 3829 1369 3882 in
1403 3843 1536 3904 voce
1573 3827 1758 3904 essu!-

160 3909 371 3963 tationis
408 3899 698 3977 'jubilaref
736 3901 1035 3977 Fer_endus_
1065 3909 1148 3956 est
1209 3915 1337 3977 ergo
1369 3929 1376 3936 ς
1403 3899 1760 3977 confessionis

161 3991 356 4036 nostrre
393 3971 656 4032 sermone
711 3973 886 4028 omnis
913 3971 1165 4043 profanus
1193 3971 1402 4026 auditor
1422 4012 1436 4036 ,
1487 3981 1539 4025 et
1568 3972 1761 4025 adver-

159 4066 275 4107 sam
301 4049 614 4111 Diabolum,
648 4060 903 4115 armaque
943 4043 1081 4113 ejus,
1113 4045 1416 4097 orationum
1450 4051 1757 4115 nostrarum

162 4123 332 4177 sonitu
359 4117 685 4176 certandum
715 4113 830 4177 est,
855 4126 907 4170 et
935 4116 1061 4170 belli
1082 4116 1254 4171 nostri
1278 4115 1554 4168 victoriam
1581 4113 1762 4169 exsul-

166 4193 381 4248 tationis
409 4205 552 4246 voce
576 4185 916 4242 monstranda
939 4196 1042 4242 cst.

229 4264 428 4320 Audiat
454 4259 666 4318 orantis
687 4259 866 4330 populi
898 4272 1082 4312 vocem
1111 4256 1251 4330 quis,
1284 4254 1759 4330 cxtra_Ecclesiam

163 4347 411 4407 spectans
438 4327 1037 4407 celebres'hymnorum
1054 4327 1260 4383 sonitus
1286 4343 1406 4382 cum
1432 4327 1624 4407 devota
1672 4342 1761 4407 re:

162 4395 465 4478 sponsione
485 4395 848 4460 confessionis
870 4401 1138 4478 accipiat:
1187 4413 1408 4478 necesse
1451 4409 1532 4453 est
1564 4395 1763 4452 terreni

162 4471 376 4536 omnem
402 4477 809 4538 adversantem,
831 4488 951 4528 cum
979 4471 1163 4528 audiat
1183 4471 1431 4525 victrices
1465 4483 1626 4526 voces
1667 4485 1764 4524 no-

161 4562 300 4607 stras
315 4547 699 4608 exsultationis
719 4545 886 4616 gloria
905 4558 1195 4616 personare
1221 4559 1233 4595 :
1259 4541 1385 4595 Date
1403 4542 1620 4612 gloriam
1647 4541 1763 4594 lau-

163 4623 359 4676 dationi
387 4623 506 4692 ejus
537 4635 558 4674 :
595 4618 683 4672 tali
717 4615 860 4692 enim
903 4615 1203 4669 laudatione
1232 4623 1762 4692 cnmgentesuopera

164 4705 345 4750 nostra
375 4684 730 4753 contuentur,
755 4687 966 4742 Patrem
996 4696 1258 4749 nostrum,
1284 4684 1373 4756 qui
1406 4686 1455 4738 in
1479 4685 1630 4741 caelis
1659 4694 1763 4750 est,

165 4763 620 4830 tnagnilicabunt,
643 4769 698 4814 et
725 4758 926 4813 dabunt
950 4757 1155 4830 nomini
1178 4758 1296 4826 ejus
1327 4756 1570 4830 gloriam.

234 4828 409 4891 Dicite
438 4833 560 4888 Deo
582 4848 600 4886 :
626 4831 789 4896 Quam
817 4828 1061 4882 terribilia
1080 4839 1196 4882 sunt
1219 4843 1373 4900 opera
1393 4828 1516 4881 tua!

232 4908 368 4975 Quis
409 4909 563 4961 enim
612 4918 718 4975 non
761 4899 990 4975 trepidet
1025 4899 1092 4953 ad
1136 4898 1468 4975 majestatem
1527 4898 1643 4969 ejus
1680 4898 1767 4971 qui

166 4970 342 5035 secula
397 4973 719 5037 instituerit,
761 4971 1016 5026 mundum
1045 4970 1368 5036 condiderit,
1405 4978 1645 5040 tempora
1677 4970 1772 5040 per

168 5051 310 5106 vices
352 5050 643 5104 dimensus
668 5045 775 5108 sit,
799 5042 993 5098 ctelum
1029 5043 1186 5096 astris
1231 5042 1524 5106 ornaverit,
1573 5051 1771 5096 terram

169 5122 438 5178 fructibus
481 5116 796 5187 repleverit,
828 5128 980 5168 mare
1017 5113 1257 5187 obicibus
1291 5113 1634 5187 concluserit,
1675 5113 1770 5166 ho-

170 5194 395 5259 minem,
427 5199 492 5265 ut
532 5183 616 5244 liis
642 5197 734 5242 aut
760 5183 1573 5265 utere-tunamdominaretur,
1595 5187 1766 5265 elege‘

171 5266 279 5320 rit?
318 5255 428 5319 Per
479 5261 599 5315 haec
643 5259 819 5313 omnia
866 5255 1078 5310 virtutis
1125 5259 1290 5327 signa
1325 5255 1605 5325 potestatis
1656 5255 1774 5327 ejus

170 5338 452 5392 aeternitas
492 5331 756 5394 noscitur,
789 5329 890 5383 ista
917 5327 1058 5382 enim
1091 5325 1330 5382 terribile
1360 5341 1556 5380 nomen
1585 5325 1775 5380 condi-

172 5407 303 5463 toris
345 5405 639 5463 elﬁciunt:
679 5400 869 5456 horum
909 5399 1068 5471 igitur
1094 5412 1318 5471 operum
1361 5396 1608 5471 conditor
1655 5410 1776 5471 esse

172 5478 336 5543 Deus,
391 5493 425 5531 a
473 5473 634 5530 nobis
669 5466 1038 5542 prtedieandus
1070 5466 1173 5540 esi,
1205 5478 1259 5526 et
1304 5482 1335 5522 a
1375 5467 1584 5522 caeteris
1609 5466 1777 5522 conﬁ-

175 5550 695 5677 tmliu-si’nultitudine
727 5615 923 5669 virtutis
971 5622 1072 5668 tua:
1114 5609 1420 5664 mentiantur
1462 5609 1551 5664 tibi
1583 5608 1783 5664 inimici

177 5702 331 5823 mlh
381 5760 739 5822 multitudine
787 5757 990 5814 scilicet
1037 5753 1247 5812 virtutis
1292 5753 1386 5809 Dei
1433 5751 1688 5807 falsorum
1727 5751 1782 5806 in

178 5837 282 5894 diis
318 5836 611 5894 nominum
651 5845 785 5885 vana
820 5829 1151 5904 efﬁciuntur,
1197 5833 1252 5880 et
1287 5825 1412 5904 quia
1458 5823 1785 5904 mentiemur

179 5909 406 5976 inimici,
432 5904 570 5982 quid
594 5918 625 5960 a
655 5902 862 5960 cunctis
891 5900 1003 5957 ﬁeri
1033 5896 1550 5973 oporteat,docetur
1575 5896 1646 5950 ita
1672 5910 1685 5946 ;

1935 3332 2074 3412 Deus
2105 3331 2296 3412 itaque
2311 3333 2592 3412 credentes
2623 3333 2672 3386 in
2705 3349 2784 3412 se,
2813 3331 3198 3412 non'tanqnam
3236 3340 3456 3412 ignarus

1859 3404 2150 3466 examinat,
2204 3402 2297 3458 sed
2351 3403 2644 3458 secundum
2695 3406 3008 3473 Apostolum
3059 3402 3456 3470 teutatibnibus

1862 3473 2234 3543 probationem
2293 3475 2469 3529 affert.
2529 3475 2616 3529 Sic
2675 3476 2854 3545 itaque
2913 3479 3292 3537 examinantur
3328 3500 3456 3540 cre-

1860 3545 2069 3616 dentes,
2101 3554 2156 3616 ut
2178 3545 2306 3616 igne
2336 3547 2567 3616 purgati,
2609 3553 2662 3600 et
2691 3547 3020 3605 admixtione
3049 3551 3298 3607 vitiorum
3329 3571 3451 3610 car-

1861 3615 2061 3670 nalium
2093 3615 2357 3676 deﬁccati,
2391 3616 2727 3685 Splendcant,
2759 3621 3100 3676 esarninante
3129 3623 3457 3682 innocentia:

1860 3686 2122 3761 claritate.
2171 3685 2549 3761 Tentationnm
2598 3701 2779 3744 autem
2829 3707 3065 3761 genera,
3113 3703 3168 3748 et
3213 3695 3461 3752 diversas

1861 3756 2155 3832 Martyrum
2187 3759 2440 3813 victorias
2470 3770 2789 3832 contuentes
2825 3756 3023 3817 scimus
3051 3756 3240 3832 quibus
3283 3768 3459 3824 modis

1859 3828 2054 3882 anima:
2097 3839 2363 3895 ponantur
2401 3831 2452 3883 iu
2499 3831 2684 3886 vitam.
2714 3833 2818 3887 Alii
2863 3834 2915 3888 in
2964 3828 3189 3890 vinculis
3217 3842 3458 3896 carceris

1861 3900 2185 3976 gloriantur,
2218 3901 2306 3955 alii
2353 3902 2477 3976 cmsi
2509 3902 2586 3976 in
2624 3905 2933 3976 verberibus
2974 3909 3324 3976 gratulantur,
3364 3911 3460 3967 alii

1863 3973 2112 4040 potestati
2155 3973 2452 4027 desecanda
2503 3973 2732 4028 felicium
2775 3973 3008 4044 capitum
3045 3980 3182 4033 colla
3225 3981 3461 4036 submit-

1863 4050 2014 4120 tunt;
2045 4044 2222 4113 plures
2251 4045 2305 4120 in
2333 4053 2632 4120 exstructos
2653 4060 2811 4120 rogos
2839 4057 3084 4115 currunt,
3112 4053 3462 4120 ettrcpidan-

1864 4114 2005 4169 tibus
2037 4130 2207 4182 licetne
2237 4115 2496 4170 ministris
2525 4116 2701 4186 ignem
2726 4114 2871 4172 saltu
2907 4114 3115 4174 devota:
3156 4114 3461 4178 festi-natio.

1864 4187 1950 4238 nis
1972 4186 2240 4248 insiliunt;
2273 4187 2364 4240 alii
2397 4189 2446 4241 in
2473 4188 2794 4260 profundum
2825 4189 3221 4260 demergentes,
3254 4208 3357 4247 non
3401 4193 3458 4251 in

1863 4270 2031 4328 aquas
2066 4267 2367 4328 necaturas,
2397 4257 2493 4312 sed
2526 4263 2582 4317 in,
2616 4257 2952 4328 refrigerium
2978 4257 3238 4316 aeternum
3272 4263 3455 4320 Beati-

1867 4327 2066 4381 tudinis
2093 4326 2368 4392 decidunt,
2398 4336 2511 4383 toto
2534 4330 2649 4396 ipso
2672 4326 2900 4399 corpore
2933 4331 3044 4387 Deo
3081 4332 3306 4390 hostiam
3332 4347 3458 4393 tan-

1864 4413 2023 4468 quam
2056 4398 2364 4452 holocausta
2400 4399 2725 4468 prmbentes.

1938 4469 2206 4549 Percurrit
2243 4484 2371 4549 ergo
2399 4485 2500 4540 per
2529 4470 2643 4549 haec
2670 4470 2978 4540 passionum
3002 4488 3198 4549 genera
3230 4492 3295 4533 ex
3329 4495 3456 4549 pcr-

1866 4556 1998 4668 slona
2043 4539 2424 4611 Apostolorum
2469 4549 2524 4596 et
2565 4541 2853 4612 Martyrum
2885 4539 3231 4616 propheticus
3279 4539 3460 4610 sermo

1910 4626 2090 4667 tcens:

1910 4626 2090 4667 ιοοηεε

1793 4656 1846 4717 D
1942 4683 2074 4762 Igne
2101 4700 2193 4762 nos
2224 4685 2562 4762 examinasti,
2608 4686 2738 4740 sicut
2775 4687 2892 4762 igne
2917 4689 3240 4762 excutiuntur
3275 4707 3466 4762 argen-

1873 4764 1979 4810 tum
2008 4771 2026 4810 :
2053 4756 2305 4811 indumisti
2329 4774 2422 4811 nos
2447 4757 2501 4810 in
2521 4757 2778 4826 laqueum,
2811 4758 2862 4812 id
2895 4769 2980 4814 est
3007 4761 3058 4814 in
3084 4756 3463 4821 custodite'ca-

1873 4837 2024 4904 tenus
2049 4845 2061 4881 :
2092 4829 2306 4904 posuisti
2322 4827 2669 4904 tribulationes
2694 4829 2747 4883 in
2769 4830 2979 4904 dorsum
2997 4844 3247 4901 nostrunt,
3273 4850 3463 4904 pmnas

1872 4899 2081 4973 scilicet
2103 4900 2407 4973 verberum,
2431 4901 2621 4973 quibus
2639 4901 2936 4973 Apostolus
2961 4903 3147 4958 Petrus
3175 4899 3388 4973 gaudet,
3407 4919 3465 4964 et

1876 4969 2318 5048 Paulusexsultat
2330 4970 2648 5048 :_imposuisti
2660 4971 3056 5048 Itominessuper
3069 4969 3236 5048 capita
3258 4969 3432 5033 nostra
3447 4996 3469 5036 :

1873 5041 2196 5095 transivimus
2224 5056 2313 5110 per
2339 5041 2504 5110 ignem
2533 5051 2578 5095 et
2613 5059 2820 5110 aquam.
2856 5041 2975 5098 Non
3011 5049 3062 5100 in
3103 5041 3184 5100 his
3210 5048 3466 5105 dissolvi-

1877 5057 2196 5095 transwrmus
2219 5057 2313 5164 per
2339 5057 2504 5110 ignem
2533 5057 2578 5095 et
2613 5059 2820 5110 aquam.
2856 5057 2973 5098 thllt
3011 5062 3062 5100 Ill
3103 5057 3184 5100 lus
3210 5057 3466 5105 dissolvi-

1877 5121 1981 5176 tur,
2006 5111 2160 5166 sediu
2185 5126 2212 5163 a
2239 5110 2326 5164 iud
2351 5127 2444 5179 per
2465 5112 2549 5166 illa
2567 5114 2945 5180 transducitur,
2972 5131 3093 5171 cum
3115 5117 3269 5174 dicit:
3298 5118 3466 5177 Tran-

1873 5183 2080 5255 sivimus
2101 5197 2191 5252 per
2212 5182 2379 5255 ignem
2401 5193 2446 5235 et
2466 5200 2690 5255 aquam;
2717 5193 2772 5255 et
2796 5187 2884 5240 uhi
2914 5188 3307 5253 transducatur,
3342 5191 3471 5248 Pro-

1875 5253 2036 5334 pheta
2068 5267 2173 5334 non
2217 5253 2425 5334 ignorat
2451 5253 2652 5334 _dice_n_s
2691 5273 2703 5309 :
2739 5254 2997 5334 Induxisti
3035 5277 3128 5334 nos
3161 5262 3216 5315 in
3250 5264 3468 5334 refrige-

1876 5321 2032 5379 rium.
2068 5321 2494 5404 Resurrectionis
2523 5328 2728 5382 scilicet
2755 5327 2897 5404 diem
2946 5329 3232 5400 signiﬁcat,
3279 5321 3330 5388 in
3359 5321 3467 5404 qua

1878 5406 2003 5478 post
2029 5395 2218 5450 mortis
2239 5395 2391 5451 istius
2413 5405 2625 5468 tempus
2650 5413 2758 5453 non
2784 5398 2960 5467 ﬁetur,
2992 5395 3097 5457 non
3121 5395 3394 5473 peccatur;
3412 5413 3469 5460 et

1878 5475 2096 5520 vivitur.

1952 5535 2183 5592 Introibo
2209 5538 2263 5592 in
2286 5539 2498 5611 domum
2526 5548 2668 5594 tuam
2691 5541 2744 5595 in
2770 5541 3076 5600 holocaustis
3095 5563 3114 5611 ;
3139 5543 3350 5600 reddam
3378 5543 3472 5602 tibi

1882 5617 1999 5680 vota
2019 5623 2150 5672 mea,
2180 5626 2294 5680 qua:
2314 5609 2658 5666 distinxerunt
2680 5613 2820 5667 labia
2849 5631 2978 5670 mea.

1954 5679 2398 5758 Hmcrerg’osunt
2428 5682 2482 5736 in
2523 5683 2877 5758 tribulatione
2907 5686 3138 5756 primum
3176 5684 3472 5758 Martyrum

1883 5759 2042 5816 vota;
2084 5757 2212 5807 tunc
2239 5751 2455 5818 deinde,
2488 5762 2548 5807 ut
2570 5767 2636 5808 ex
2662 5754 2818 5812 nobis
2858 5751 3157 5811 holocausta
3195 5751 3481 5816 medullam

1885 5831 2282 5878 eonsumment.
2330 5821 2506 5878 lnduti
2547 5833 2673 5879 sunt
2717 5827 2914 5882 arietes
2941 5828 3120 5881 ovium
3157 5844 3172 5880 :
3206 5827 3293 5882 hic
3331 5829 3481 5887 enim

1888 5895 2085 5950 arietes
2119 5909 2242 5951 cum
2289 5894 2511 5951 incenso
2559 5896 2739 5953 ovium
2793 5897 3055 5966 Martyres
3107 5899 3482 5971 intelliguntur
