4044 6350
524 317 696 378 XXIII

1612 316 1871 376 MAFFEI
1909 313 2248 375 EDITIONIS
2284 313 2681 374 PRzEF-ATIO.

3654 313 3824 372 XXIV

526 435 611 488 nis
641 429 845 513 audivit
874 447 907 513 :7
942 429 996 513 in
1027 441 1130 502 qua
1157 429 1343 513 regina
1371 429 1630 513 Ecclesia:
1666 430 1966 513 figura-est,
1996 447 2114 500 qua:
2146 447 2194 507 Α
2230 502 2242 513 _
2301 425 2365 483 Et
2391 428 2643 513 Dominus
2663 429 2716 482 in
2745 425 2960 513 circuitu
2994 425 3170 512 pepuli
3207 425 3289 513 sui
3331 440 3395 482 ex
3422 426 3530 513 hoc.
3565 436 3616 513 εξ
3664 446 3823 499 usque

526 505 807 573 peregrina
861 512 916 559 et
974 502 1245 572 incognita
1290 503 1618 573 paenitentiae
1665 502 1916 568 credidit,
1949 513 2000 557 et
2030 518 2119 557 sa-

527 577 787 645 pientiam
821 573 1153 631 desideravit
1177 575 1383 632 audire.

597 646 732 711 Quia
779 645 887 716 illic
931 646 1171 700 sederunt
1221 648 1360 700 sedes
1389 647 1441 699 in
1458 643 1738 716 judicium,
1768 643 1914 699 sedes
1965 661 2121 716 super

525 717 736 770 domum
769 715 959 772 David.
992 717 1142 772 Sicut
1187 717 1330 771 enim
1377 717 1430 770 in
1461 715 1690 770 caeteris
1737 716 1869 770 locis
1917 730 2117 770 nomen

525 787 711 844 Deiex
757 801 989 858 corpore
1019 799 1134 851 est;
1184 802 1326 842 nunc
1373 801 1588 858 quoque
1617 787 1901 856 Scriptura
1941 787 2117 856 ipsum

526 859 691 914 Deum
742 859 903 914 David
947 869 1234 929 nuncupat,
1284 874 1484 914 nomen
1519 859 1570 914 ei
1599 873 1666 912 ex
1689 869 1915 928 parente
1942 859 2120 913 carnis

527 943 836 985 assumens.

600 1001 796 1072 Rogata
823 1016 935 1072 quia
949 1000 1018 1054 ad
1044 1016 1220 1072 pacem
1241 1010 1361 1056 stmt
1386 1000 1734 1056 Hierusalem.
1774 1000 1982 1072 Rogata
2009 1014 2116 1055 non

526 1071 736 1137 orandi,
781 1071 877 1127 sed
901 1071 1264 1142 interrogandi
1307 1087 1489 1129 sermo
1518 1081 1638 1128 est:
1675 1071 1879 1142 pacem
1911 1073 2120 1126 discere

511 1143 580 1198 'in
606 1145 880 1198 voluntate
909 1153 993 1198 est
1013 1143 1367 1200 audientium.
1397 1144 1532 1200 Cum
1561 1144 1704 1198 enim
1732 1143 1801 1198 de
1827 1157 1960 1213 pace
2004 1143 2119 1211 ejus

526 1215 993 1285 interrogaverint,
1051 1224 1178 1270 tunc
1217 1216 1557 1281 laetabuntur,
1612 1223 1736 1270 tunc
1783 1214 2121 1268 confidenter

525 1285 705 1341 dicere
737 1292 984 1355 poterunt
1013 1302 1026 1339 :
1055 1287 1108 1340 in
1138 1287 1346 1341 domum
1394 1285 1489 1340 Dei
1536 1286 1742 1339 ibimus.
1782 1285 1984 1340 Dehinc
2031 1299 2120 1339 se-

525 1357 707 1426 quitur
737 1371 749 1408 :
783 1373 885 1426 pax
914 1358 967 1412 in
1007 1360 1190 1412 virtute
1229 1369 1339 1423 tua,
1369 1367 1415 1412 et
1448 1357 1765 1410 abundantia
1795 1358 1848 1410 in
1895 1355 2120 1409 turribus

525 1428 641 1481 tuis.
678 1427 786 1482 Pax
817 1440 979 1498 atque
1002 1431 1171 1483 virtus
1200 1429 1393 1483 domus
1423 1429 1583 1498 bujus
1611 1429 1845 1482 invicem
1875 1443 2119 1482 connexa

523 1508 650 1570 sunt
695 1498 815 1554 sibi.
847 1497 952 1554 sed
1000 1502 1051 1554 in
1077 1502 1224 1554 omni
1265 1515 1462 1570 genere
1509 1497 1740 1553 civitatis
1766 1499 1898 1570 nihil
1946 1513 2124 1568 neque

524 1569 754 1640 lirmius,
786 1585 959 1639 neque
984 1571 1192 1637 utilius,
1229 1569 1404 1640 neque
1448 1571 1715 1626 excelsius
1749 1569 1985 1624 turribus
2015 1579 2117 1624 est.

519 1639 655 1696 Nam
685 1656 807 1696 cum
835 1641 902 1696 de
933 1657 1063 1711 pace
1106 1639 1329 1696 virtutis
1346 1641 1604 1698 memoria
1635 1652 1802 1708 esset,
1841 1640 2122 1695 abundan-

522 1713 648 1765 tiam
669 1712 1018 1768 beatitudinis
1051 1716 1302 1782 perl‘ecta:
1333 1712 1564 1768 civitatis
1597 1711 1756 1782 hujus
1786 1713 2121 1782 principibus

522 1784 868 1853 populorum,
941 1793 1211 1854 tamquam
1283 1784 1606 1840 firmissimis
1675 1794 1731 1838 et
1787 1784 2120 1854 gravissimis

523 1854 830 1923 deputavit,
853 1855 1039 1910 dicens
1068 1873 1082 1908 ε

601 1924 667 1978 Et
693 1924 1013 1979 abundantia
1057 1928 1109 1980 iu
1143 1926 1367 1981 turribus
1398 1927 1498 1981 tuis
1527 1940 1546 1980 :
1593 1923 1697 1982 Per
1732 1925 1874 1996 quod
1914 1924 2116 1980 intelli-

522 1995 686 2066 gitur,
711 1997 1092 2052 abundantiam
1123 1998 1261 2052 hanc
1300 2012 1405 2052 non
1455 1995 1815 2067 promiscuam
1868 1999 2118 2053 omnibus

523 2083 680 2134 esse;
707 2068 800 2122 sed
828 2067 1093 2123 Fidelium
1124 2079 1350 2135 tantum,
1388 2081 1442 2124 et
1490 2069 1820 2124 Sanctorum
1853 2070 2116 2130 virorum,

527 2139 619 2211 qui
670 2141 884 2194 caeteris
937 2140 1085 2194 velut
1134 2141 1368 2194 turribus
1431 2139 1778 2195 a-diliciorum
1817 2140 2117 2205 emineant;

524 2209 576 2282 id
605 2211 1074 2282 estPatriarchae,
1135 2211 1440 2282 Prophetm,
1499 2212 1765 2281 Apostoli,
1817 2211 2116 2282 Martyres;

524 2279 594 2336 de
627 2281 820 2348 quibus
847 2281 1105 2336 Dominus
1133 2284 1184 2336 in
1228 2279 1523 2353 Evangelia
1549 2279 1630 2337 ait
1663 2299 1674 2335 :
1701 2282 1876 2345 Pater,
1905 2279 1998 2353 pro
2041 2283 2121 2335 liis

525 2361 573 2426 t_e
601 2367 746 2424 rogo,
786 2363 842 2406 ut
880 2370 1259 2426 omnesunum
1282 2355 1442 2407 simus
1469 2352 1575 2426 (Jo.
1601 2370 1732 2419 xvu,
1764 2354 1861 2426 21)
1891 2352 1912 2408 :'
1929 2354 2014 2426 hic
2039 2362 2121 2408 est

524 2422 784 2551 Dominqs
809 2435 993 2481 noster
1040 2424 1198 2480 Jesus
1227 2422 1511 2494 Christus,
1543 2426 1635 2497 qui
1677 2435 1758 2482 est
1804 2422 2120 2482 benedictus

525 2509 582 2549 in
611 2509 734 2551 secu
760 2511 810 2550 a.

525 2509 582 2549 ιη
611 2509 810 2552 8801113.

888 2609 1133 2667 INCIPIT
1173 2611 1486 2669 PSALMUS
1525 2610 1760 2668 CXXIV.

864 2720 1150 2761 FELICITER
1186 2719 1459 2761 αΑΝτιουκ
1499 2719 1774 2762 ῦιιωυωι.

524 2796 628 2864 Qui
657 2795 921 2864 conﬁdunt
943 2797 996 2850 in
1017 2796 1262 2861 Domino,
1298 2799 1430 2852 sicut
1470 2812 1614 2850 mons
1659 2796 1787 2851 Sion
1835 2812 1935 2850 non
1979 2811 2116 2849 com-

595 2878 831 2940 movetur
862 2869 942 2940 in,
977 2879 1220 2921 atternum
1247 2885 1262 2934 ;
1294 2868 1612 2940 qui_ltabitat
1667 2867 1720 2920 in
1770 2865 2121 2940 Hierusalem,

593 2938 869 3063 molntesjn
897 2939 1114 2992 circuitu
1140 2942 1274 3012 ejus,
1297 2938 1343 2994 et
1374 2938 1623 2994 Dominus
1668 2939 1721 2992 in
1763 2939 1983 2992 circuitu
2029 2954 2122 3008 ρο-

601 3027 668 3063 pu
693 3026 708 3062 ι
737 3025 839 3062 sui.

601 3025 708 3078 putt
737 3025 839 3062 sui.

596 3081 692 3136 Est
739 3080 883 3136 enim
934 3095 1090 3135 mons
1143 3079 1271 3136 Sion
1322 3082 1521 3137 civitati
1553 3080 1888 3137 Hierusalem
1944 3080 2121 3137 immi—

526 3167 662 3208 nens
694 3169 707 3206 :
741 3161 823 3206 est
848 3161 1026 3206 autem
1058 3152 1246 3207 eadem
1277 3155 1466 3209 civitas
1495 3154 1567 3208 ita
1617 3153 1786 3222 posita
1809 3194 1823 3219 ,
1873 3161 1930 3206 ut
1974 3153 2117 3208 circa

524 3226 694 3294 ipsam
727 3225 908 3293 plures
934 3227 1043 3278 sint
1069 3236 1298 3279 montes.
1331 3225 1430 3293 Qui
1473 3239 1601 3293 ergo
1644 3225 1868 3279 condidit
1915 3225 1966 3278 in
2015 3224 2116 3277 Do-

524 3297 692 3362 mino,
727 3295 873 3348 illum
924 3295 1219 3363 profectum
1268 3295 1505 3359 habebit,
1555 3307 1609 3350 nt
1657 3297 1728 3349 sit
1772 3297 1912 3350 sicut
1962 3311 2118 3349 mons

521 3367 672 3423 Sion.
721 3367 836 3421 Neu
892 3367 1034 3421 enim
1085 3365 1416 3422 Hierusalem
1476 3369 1590 3436 ipsa
1639 3367 2118 3422 sanctificationem

524 3436 886 3493 habitantibus
907 3437 1187 3500 afferebat,
1218 3447 1278 3493 ut
1302 3439 1557 3493 habitatio
1585 3441 1702 3505 ejus
1734 3437 1942 3492 ﬁrmata
1975 3446 2121 3492 esset

521 3519 726 3564 acterna
758 3525 772 3562 :
804 3524 926 3563 cum
955 3508 1151 3564 exinde
1183 3509 1485 3578 sacrilegia,
1511 3509 1686 3564 caedes
1709 3511 2116 3578 prephetarum,

517 3581 781 3651 judicium
811 3581 999 3651 mortis
1023 3579 1078 3651 in
1104 3581 1293 3645 Deum,
1327 3581 1446 3651 fuga
1478 3581 1882 3648 Apostolorum,
1932 3579 2120 3634 Crucis

521 3649 834 3706 Scandalum
889 3649 977 3722 sit.
1039 3650 1352 3706 Habitantes
1394 3649 1579 3708 autem
1636 3653 1686 3705 in
1743 3666 1861 3705 eam
1907 3651 2120 3722 quoties

521 3722 754 3790 captivi?
792 3720 1014 3792 quoties
1066 3723 1360 3792 perempti?
1410 3722 1475 3776 ad
1520 3722 1762 3777 ultimum
1791 3720 1983 3777 civitas
2023 3739 2117 3778 ea-

520 3793 644 3848 dem
677 3791 918 3846 funditus
959 3793 1133 3847 diruta
1175 3791 1277 3848 est.
1327 3793 1660 3848 Hierusalem
1710 3795 1887 3864 itaque
1930 3809 2117 3849 eversa

525 3864 704 3935 populi
735 3863 853 3935 ejus
874 3864 1124 3918 exstincti
1151 3875 1276 3920 sunt
1307 3884 1319 3919 :
1352 3865 1513 3920 hodie
1540 3866 1590 3919 in
1614 3881 1674 3920 ea
1707 3863 1812 3919 non
1828 3865 2115 3931 Sacerdos,

524 3950 629 4008 non
675 3935 965 4004 Propheta,
1015 3951 1127 4008 non
1154 3937 1422 4008 princeps.
1467 3938 1530 3992 Et
1557 3937 1828 4007 quomodo
1860 3936 2118 3991 habitatio

521 4006 636 4076 ejus
659 4021 763 4063 non
797 4007 1225 4062 commovebitur
1255 4009 1305 4062 in
1329 4006 1631 4064 aeternum?
1671 4019 1724 4065 et
1773 4009 2031 4063 Dominus
2063 4009 2114 4062 in

525 4079 752 4134 circuitu
787 4079 968 4149 p0puli
1003 4078 1160 4148 ejus?
1189 4079 1283 4134 sed
1312 4081 1434 4148 quia
1469 4081 1520 4136 in
1553 4081 1653 4135 hoc
1683 4090 1865 4136 monte
1915 4079 2118 4134 fructus

522 4149 828 4223 Propitctize
857 4150 1036 4223 nullus
1064 4159 1167 4214 est,
1199 4150 1325 4220 quid
1375 4153 1427 4223 in
1458 4160 1638 4208 monte
1685 4151 1906 4223 intelligi
1957 4166 2118 4221 opor-

520 4231 630 4276 teat
655 4220 843 4293 Esaias
871 4220 1053 4287 docet,
1105 4232 1342 4278 montem
1381 4222 1592 4278 Domini
1628 4220 1896 4278 excelsun.
1947 4220 2114 4293 signi-

521 4293 691 4346 ﬁcans
737 4291 803 4345 ad
852 4307 1010 4361 quem
1055 4303 1242 4362 gentes
1281 4303 1520 4350 ventura:
1551 4305 1752 4350 essent.
1790 4295 1924 4348 Ecce
1968 4291 2116 4349 mitto

522 4365 575 4416 in
601 4362 937 4437 fundamenta
959 4363 1090 4419 Sion
1117 4365 1343 4434 lapidem
1371 4367 1698 4437 praclarum,
1733 4367 1971 4432 electam,
2020 4383 2116 4420 an-

520 4435 771 4508 gularem,
803 4436 1116 4508 pretiosum;
1163 4447 1219 4508 et
1243 4440 1329 4508 qui
1372 4435 1537 4493 credit
1593 4439 1646 4493 in
1693 4454 1808 4492 eum
1853 4455 1956 4492 non
1993 4454 2112 4491 con-

519 4503 760 4578 Ῑξιηίζειιιν
791 4503 908 4578 (Es.
944 4521 1134 4578 xsvnt,
1162 4503 1276 4578 16)⁷.
1333 4509 1444 4565 Hoc
1470 4511 1522 4564 in
1555 4510 1674 4564 loco
1707 4509 2113 4565 fundamentum

518 4575 790 4650 Christum
815 4576 1130 4650 signiﬁcat;
1182 4575 1277 4650 per
1324 4597 1480 4650 quem
1529 4581 1680 4635 beata
1733 4581 1821 4634 illa
1871 4579 2112 4634 Ecclesia

519 4647 741 4721 intelligi
775 4645 1011 4712 videtur,
1045 4645 1203 4721 quani
1228 4645 1517 4721 Apostolus
1538 4652 1647 4705 alica
1669 4653 1886 4721 nomine
1917 4651 2107 4706 Hieru-

520 4719 685 4773 salem
719 4727 990 4786 nuncupat
1034 4718 1219 4774 dicens
1257 4718 1436 4787 {Quae
1483 4739 1612 4776 nunc
1663 4731 1735 4776 est
1790 4720 2112 4776 Hierusalem

519 4790 735 4844 serviens
764 4805 878 4843 cum
899 4789 1024 4864 [iliis
1048 4791 1153 4864 suis
1180 4790 1198 4862 (
1221 4789 1340 4848 Gal.
1375 4810 1446 4860 tv,
1476 4792 1548 4848 25
1572 4793 1590 4864 )
1620 4808 1634 4848 :
1662 4810 1726 4849 ea
1769 4803 1950 4848 autem
1990 4808 2112 4864 qute

520 4875 731 4916 sursum
775 4869 866 4934 est
905 4860 1261 4928 Hierusalem,
1311 4865 1478 4921 libera
1505 4860 1602 4934 est,
1655 4881 1774 4934 quae
1813 4880 1886 4920 est
1939 4860 2109 4920 mater

519 4942 721 5015 nostra.
772 4931 1042 5014 Habemus
1048 4944 1469 5015 frgnhmontem
1519 4931 1648 4992 SiOn
1674 4931 1907 5003 Domini,
1943 4935 2106 5015 hahe-

519 5018 639 5057 mus
658 5011 712 5056 et
748 5003 1016 5059 civitatem
1048 5003 1141 5059 Dei
1168 5003 1537 5061 Hierusalem:
1578 5022 1624 5062 et
1671 5023 1865 5063 nomen.
1909 5008 2106 5062 montis

520 5073 890 5147 interpretatio
928 5083 1011 5130 est
1032 5076 1348 5147 speculatio.
1378 5076 1675 5145 Sequemur
1713 5094 1842 5147 ergo
1873 5077 2108 5147 Aposto-

518 5145 661 5220 l_um,_
689 5160 991 5220 sequamur:
1030 5145 1398 5220 Evangelium,
1447 5163 1736 5218 sequimur
1779 5145 2103 5220 Prw-betas.

515 5214 858 5273 Confidanius
881 5216 935 5271 in
966 5214 1214 5282 Domino,
1250 5220 1340 5282 qui
1370 5214 1728 5276 mens'dictus
1772 5231 1854 5276 est
1887 5214 1902 5274 ἕ
1954 5223 2107 5276 habi-

518 5298 691 5362 temus
723 5303 862 5343 nunc
890 5292 942 5342 In
966 5287 1209 5346 Ecclesia
1239 5287 1598 5358 Hierusalem,
1625 5307 1746 5362 qua:
1783 5306 1880 5348 non
1917 5307 2078 5349 move

520 5367 604 5418 tur
630 5361 682 5416 in
706 5369 989 5417 aeternum.

2223 502 2278 554 in
2319 503 2569 554 seculum.
2601 500 2714 555 Hoc
2752 500 2804 554 in
2839 499 2956 554 loco
2996 498 3323 570 inicircuitui
3351 499 3530 568 papuli
3573 498 3823 570 Evange-

2223 574 2352 626 lium
2399 573 2682 641 signiﬁcat.
2726 570 2966 640 Namque
3009 585 3129 626 cum
3159 569 3227 624 ad
3280 569 3520 640 Moysem
3563 569 3823 627 Dominus

2222 643 2469 698 dixisset:
2495 641 2632 696 Ecce
2656 642 2868 713 angelus
2896 658 3040 713 meus
3078 641 3333 695 antecedet
3365 651 3451 713 te;
3474 641 3565 695 ille
3594 657 3822 713 respon-

2221 713 2299 768 dit
2323 732 2337 768 :
2361 714 2479 767 Nisi
2503 725 2558 766 tu
2579 711 2773 767 mecum
2795 712 3046 783 ambules,
3076 729 3139 767 ne
3159 712 3494 783 meexpellas
3541 713 3664 766 hinc
3693 711 3819 783 (Ex.

2220 801 2402 850 xxxii;
2426 785 2515 840 54.
2547 799 2735 846 χχχιιι,
2762 781 2872 855 I5).
2902 783 3105 838 Bonum
3131 782 3348 854 quidem
3375 783 3684 855 praesidium
3703 781 3823 840 An-

2220 857 2348 924 geli,
2368 856 2460 912 sed
2486 857 2680 911 melius
2699 854 2905 909 Domini
2930 871 2943 907 :
2968 855 3149 908 multis
3174 855 3317 908 enim
3340 854 3515 908 anima
3540 864 3723 910 nostra
3747 855 3824 909 la-

2220 928 2374 996 queis
2391 927 2685 997 appetitur,
2717 927 2901 983 multis
2928 925 3187 980 adversus
3208 939 3307 979 nos
3327 925 3492 980 armis
3512 925 3820 980 dimicatur.

2219 997 2408 1053 Sciens
2437 1015 2566 1069 ergo
2609 1000 2866 1052 Dominus
2898 1013 3003 1050 non
3031 997 3289 1069 adversus
3326 1011 3549 1069 carnem
3595 1006 3651 1052 et
3697 1011 3823 1052 san-

2219 1071 2434 1140 guinem
2492 1067 2645 1124 nobis
2699 1083 2930 1140 pugnam
2983 1083 3126 1140 esse.
3174 1067 3268 1123 sed
3319 1068 3582 1122 adversus
3639 1069 3824 1140 mundi

2222 1139 2384 1210 hujus
2415 1139 2733 1210 potestatem
2754 1181 2768 1204 ,
2797 1142 2869 1194 ait
2892 1139 3182 1208 Evangelia
3222 1153 3609 1193 consummatis
3639 1157 3652 1194 :
3692 1139 3827 1194 Ecce

2221 1228 2316 1283 ego
2346 1211 2606 1266 vobiscum
2631 1229 2741 1283 sum
2765 1211 2997 1265 omnibus
3019 1211 3198 1283 diebus
3226 1226 3384 1280 usque
3412 1210 3466 1264 in
3498 1227 3828 1265 consumma-

2223 1280 2408 1366 tionem
2439 1283 2617 1339 swculi
2638 1282 2861 1366 lMatf/z.
2881 1297 3076 1364 .xxvut,
3099 1280 3217 1351 20).

2296 1355 2397 1418 Qui
2427 1372 2527 1408 non
2573 1353 2812 1425 relinquit
2844 1353 3037 1425 virgam
3083 1363 3404 1425 peccatorum
3449 1369 3605 1425 super
3635 1365 3827 1408 sortem

2211 1429 2510 1499 justorum;
2537 1435 2590 1479 ut
2629 1424 2731 1479 non
2761 1424 3034 1479 extendant
3068 1424 3202 1496 justi
3248 1425 3302 1477 in
3333 1424 3602 1494 iniquitate
3641 1442 3828 1481 manus

2223 1514 2364 1552 εααδ.

2296 1570 2350 1623 In
2379 1569 2524 1637 virga
2558 1575 2875 1638 potestatem
2922 1567 3152 1636 intelligi
3189 1568 3459 1623 convenit.
3486 1565 3705 1637 Virgam
3737 1582 3829 1624 ac-

2221 1641 2364 1710 cepit
2428 1641 2660 1712 Moyses,
2693 1654 2829 1712 _qua
2879 1647 3060 1712 posset
3112 1642 3285 1712 facere
3342 1639 3491 1712 signa
3540 1655 3553 1690 :
3606 1638 3729 1712 fuit;
3772 1647 3829 1695 et

2223 1709 2370 1781 virga
2424 1709 2650 1774 Aaron,
2686 1710 2864 1782 fuitiet
2921 1709 3350 1782 virgaPharao,
3406 1710 3505 1782 fuit
3571 1721 3626 1764 et
3679 1709 3829 1782 virga

2222 1782 2742 1837 Nabuchodonosor.
2787 1781 2930 1850 Ergo
2956 1782 3007 1834 in
3049 1781 3275 1835 circuitu
3319 1796 3418 1834 nos
3452 1781 3592 1835 Deus
3636 1781 3827 1836 custo-

2148 1829 2198 1890 Β
2224 1853 2334 1917 dit;
2371 1869 2437 1909 ne
2462 1869 2624 1921 super
2649 1862 2850 1907 sortem
2863 1829 3130 1906 unostram
3163 1862 3504 1922 peccatorum
3552 1852 3702 1920 virga
3731 1853 3830 1908 de-

2219 1927 2571 1997 relinquatur.
2604 1924 2834 1997 Veniunt
2876 1923 3091 1991 quidem
3138 1923 3534 1997 tribulationes,
3580 1923 3676 1978 sed
3717 1940 3827 1980 non

2220 1995 2537 2065 permanent
2569 2015 2581 2049 :
2617 1996 2837 2050 veniunt
2893 1995 3316 2064 persecutiones,
3360 1995 3455 2048 sed
3504 2009 3608 2047 non
3651 1999 3829 2064 persi-

2222 2078 2386 2123 stunt.
2430 2068 2546 2122 Non
2601 2067 2744 2121 enim
2799 2081 2964 2135 super
3011 2073 3211 2121 sortem
3242 2076 3478 2119 nostram
3526 2069 3830 2134 peccatoris

2221 2139 2369 2210 virga
2416 2139 2843 2208 derelinquitur;
2900 2137 3161 2210 Dominus
3213 2152 3440 2206 namque
3488 2137 3538 2189 in
3590 2137 3829 2210 circuitu

2223 2208 2404 2281 populi
2435 2210 2516 2266 sui
2549 2222 2630 2264 est
2662 2211 2713 2263 in
2762 2220 3045 2263 :eternum.
3095 2208 3264 2281 Quam
3297 2219 3476 2281 autem
3510 2209 3831 2263 retributio-

2223 2279 2346 2336 nem
2375 2297 2404 2336 a
2428 2282 2537 2336 Deo
2567 2289 2838 2335 mereatur
2866 2281 2931 2343 is,
2977 2281 3067 2348 qui
3115 2280 3183 2333 ab
3209 2280 3356 2334 omni
3400 2279 3684 2350 iniquitate
3715 2296 3831 2335 tua-

2223 2368 2327 2409 nus
2353 2368 2478 2409 suas
2497 2353 2784 2416 ab5tineat,
2811 2352 3109 2418 insequitur
3127 2351 3312 2406 dicens
3341 2367 3356 2405 :

2293 2423 2538 2494 Benefac,
2572 2423 2808 2488 Domine,
2839 2422 2983 2477 bonis
3008 2433 3056 2477 et
3083 2422 3233 2476 rectis
3261 2421 3437 2494 corde.

2293 2493 2737 2552 Naturetrihutio
2767 2503 2826 2548 ut
2873 2495 3049 2560 bonis,
3082 2496 3154 2548 ita
3181 2503 3236 2548 et
3278 2493 3435 2548 malis
3481 2508 3587 2548 non
3634 2493 3824 2561 deest;

2221 2568 2362 2623 sicut
2387 2567 2739 2635 subsequitur
2764 2583 2775 2618 :

2294 2638 2622 2693 Declinantes
2648 2649 2816 2691 autem
2839 2637 2906 2690 ad
2935 2637 3268 2707 obligatioues
3301 2636 3523 2691 adducet
3568 2635 3830 2693 Dominus

2222 2727 2337 2765 cum
2358 2708 2684 2773 operantibus
2726 2709 3062 2778 iniquitatem.
3087 2709 3186 2777 Qui
3233 2710 3378 2764 enim
3428 2720 3688 2778 Operatur
3721 2711 3828 2763 ini-

2223 2782 2508 2852 quitatem,
2539 2781 2668 2850 legis
2710 2780 2915 2834 alienus
2945 2789 3026 2834 est
3067 2782 3241 2852 :unii
3263 2793 3444 2835 autem
3491 2779 3733 2834 declinat
3761 2796 3830 2837 ex

2224 2851 2364 2922 lege,
2399 2861 2762 2922 transgressor
2792 2861 2876 2906 est
2907 2852 3057 2921 legis.
3083 2851 3165 2905 Ab
3195 2851 3276 2905 his
3305 2867 3433 2920 ergo
3463 2866 3618 2906 mens
3640 2864 3830 2907 nostra

2225 2923 2504 2978 alienanda
2543 2935 2647 2984 est.
2675 2937 2744 2978 ne
2783 2922 3079 2977 adducatur
3117 2925 3280 2977 homo
3319 2938 3442 2976 cum
3472 2925 3832 2990 Operantihus

2225 2995 2582 3066 iniquitatem.
2633 2994 2734 3062 Qui
2788 2995 2954 3066 enim,
2998 2995 3096 3048 ista
3153 2994 3403 3048 universa
3451 2993 3833 3050 observaverit

2227 3065 2388 3120 homo
2437 3066 2711 3136 pacificus,
2773 3080 2876 3118 non
2927 3065 3251 3135 derelinquit
3296 3079 3466 3133 super
3507 3079 3568 3119 se
3618 3066 3829 3135 virgam

2227 3139 2555 3208 peccatoris;
2589 3138 2682 3192 sed
2712 3136 2814 3191 fide
2847 3137 3079 3208 perfecta
3110 3146 3389 3208 permanet
3413 3137 3463 3190 in
3510 3146 3781 3208 internum
3813 3155 3829 3192 :

2143 3208 2189 3274 C
2225 3206 2279 3264 et
2308 3211 2491 3264 audiet
2543 3224 2638 3277 pro
2684 3207 2895 3262 meritis
2937 3207 3039 3262 sibi
3087 3207 3194 3262 dici
3241 3206 3400 3278 :Paa:
3437 3223 3592 3278 super
3631 3206 3830 3263 Israel.

2225 3281 2317 3336 llle
2356 3289 2440 3335 est
2482 3282 2624 3336 enim
2676 3295 2778 3348 pax
2823 3289 3036 3343 nostra,
3079 3281 3168 3348 qui
3204 3277 3327 3334 fecit
3371 3277 3599 3348 utraque
3630 3295 3828 3346 unum,

2222 3354 2478 3477 Domintis
2509 3361 2691 3407 noster
2719 3351 2875 3406 Jesus
2921 3349 3191 3417 Christus,
3237 3351 3326 3420 qui
3371 3358 3455 3404 est
3503 3349 3832 3406 benedictus

2222 3441 2276 3480 tn
2304 3439 2434 3481 secu
2455 3439 2506 3478 a.

2560 3540 2808 3598 INCIPIT
2845 3539 3158 3597 PSALMUS
3197 3537 3454 3596 CXXXII.

2222 3632 2354 3689 Ecce
2381 3649 2534 3704 quam
2563 3635 2747 3689 bonum
2798 3643 2871 3689 est
2910 3645 2957 3689 et
2969 3632 3258 3706 jucundum
3290 3631 3522 3688 habitare
3552 3636 3749 3703 fratres
3776 3635 3832 3690 in

2935 3721 3113 3758 unum.

2293 3799 2498 3856 Bonum
2529 3808 2583 3853 et
2615 3797 2908 3867 jucundum
2940 3806 3022 3852 est
3050 3799 3099 3850 in
3130 3813 3292 3851 unum
3322 3795 3565 3852 habitare
3603 3797 3829 3855 fratres.

2219 3867 2352 3926 Cum
2383 3873 2436 3927 in
2483 3887 2644 3925 unum
2687 3870 2949 3931 habitant,
2982 3879 3247 3923 conventu
3282 3868 3539 3923 Ecclesiae
3584 3885 3832 3941 congre-

2221 3955 2453 4012 gantur:
2503 3959 2623 3996 cum
2673 3942 2866 3995 fratres
2897 3953 3270 4010 nuncupantur
3316 3941 3486 3994 unica:
3527 3941 3832 3997 voluntatis

2220 4015 2484 4070 charitatc
2513 4013 2812 4068 concordes
2838 4020 2981 4064 sunt.
3017 4013 3094 4065 Ad
3132 4013 3354 4080 primam
3387 4013 3529 4066 enim
3581 4014 3831 4079 Aposto-

2223 4087 2396 4140 lorum
2427 4084 2861 4156 praedicationem
2891 4083 2993 4156 hoc
3017 4098 3266 4153 magnum
3299 4091 3624 4156 praeceptum
3650 4083 3836 4140 fuisse

2221 4153 2450 4227 legimus
2491 4155 2634 4226 quod
2661 4155 2887 4227 dicitur:
2943 4153 3072 4227 Erat
3089 4155 3226 4227 enim
3250 4155 3475 4227 omnium
3501 4155 3836 4227 credentium

2221 4224 2329 4296 cor,
2355 4239 2400 4283 et
2429 4224 2603 4282 anima
2631 4226 2886 4296 una(Act.
2910 4241 2984 4289 tv,
3013 4224 3128 4296 32).
3158 4226 3268 4279 Hoc
3295 4226 3471 4294 itaque
3493 4226 3700 4294 populo
3739 4227 3835 4282 Dei

2219 4295 2485 4371 congruit,
2517 4298 2617 4354 sub
2646 4295 2937 4371 uno'Patre
2959 4295 3154 4352 fratres
3179 4311 3320 4371 esse,
3355 4295 3456 4371 sub
3475 4309 3585 4371 uno
3613 4295 3836 4371 Spiritu

2220 4366 2384 4426 unum
2415 4384 2562 4433 esse,
2606 4369 2707 4424 sub
2733 4382 2835 4422 una
2867 4367 3030 4421 domo
3079 4369 3360 4422 unanimes
3409 4366 3693 4430 incedere,
3732 4370 3839 4425 sub

2219 4459 2327 4496 uno
2351 4456 2580 4512 corpore
2609 4443 2766 4512 unius
2809 4439 3051 4512 corporis
3082 4437 3320 4494 membra
3340 4451 3481 4512 esse:
3511 4437 3836 4495 Jucundnm

2219 4525 2273 4568 et
2302 4507 2504 4570 bonuin
2533 4519 2617 4566 est
2646 4511 2889 4565 habitare
2920 4511 3112 4564 fratres
3145 4515 3196 4563 in
3227 4524 3414 4564 unum.
3440 4507 3836 4579 Comparatio-

2221 4601 2342 4639 nem
2369 4599 2496 4640 vero
2529 4583 2688 4652 hujus
2715 4582 2839 4638 boui
2862 4581 3193 4656 jucundiquc
3215 4580 3484 4651 Propheta
3515 4582 3835 4648 constituit,

2218 4657 2404 4712 dicens
2431 4675 2444 4711 :
3117 4697 3120 4700 .

2291 4728 2438 4782 Sicut
2467 4733 2778 4799 unguentum
2798 4725 2869 4799 de
2917 4723 3107 4799 capite,
3137 4724 3272 4792 quod
3291 4722 3558 4799 descendit
3600 4723 3659 4799 in
3705 4724 3835 4799 baro

2215 4800 2354 4866 bam,
2383 4794 2577 4863 Aaron,
2603 4797 2741 4866 quod
2772 4795 3035 4850 descendit
3089 4795 3318 4866 inrorant
3373 4794 3660 4866 vestimenti
3687 4798 3835 4866 ejus.

2214 4865 2390 4925 AarOn
2417 4865 2769 4940 unguentum,
2795 4866 3116 4940 compositio
3141 4865 3243 4920 fuit
3267 4881 3331 4920 ex
3363 4865 3840 4940 odoribuspnnde

2215 4943 2464 5012 unguitur
2484 4937 2533 4994 in
2553 4938 2910 4995 sacerdotem.
2934 4937 3079 4992 Hanc
3100 4937 3559 5012 consecraiionettt
3589 4938 3838 5004 primum

2212 5008 2489 5068 Sacerdoti
2515 5027 2614 5067 suo
2646 5013 2756 5065 Deo
2783 5024 2904 5064 esse
2943 5009 3288 5077 complacuit.
3346 5008 3630 5061 Dominum
3687 5024 3838 5078 quo-

2210 5099 2314 5153 que
2341 5096 2578 5138 nostrum
2609 5081 2954 5136 invisibiliter
2989 5089 3208 5134 unctum
3237 5093 3358 5134 esse
3402 5092 3431 5132 a
3472 5079 3840 5134 consortibus

2211 5157 2344 5209 suis.
2375 5153 2568 5210 Unctio
2597 5155 2697 5208 ista
2747 5161 2961 5207 terrena
3014 5165 3121 5204 non
3167 5159 3252 5204 est
3293 5167 3306 5202 :
3359 5163 3466 5204 non
3515 5163 3718 5217 cornu,
3778 5160 3840 5206 ut

2212 5241 2367 5296 reges
2395 5225 2790 5295 unguebantur,
2837 5221 2932 5296 sed
2972 5222 3092 5296 oleo
3127 5220 3328 5276 laetitiae
3359 5228 3554 5276 unctus
3577 5230 3688 5276 est.
3725 5222 3835 5278 De-

2213 5292 2376 5368 nique
2405 5292 2528 5366 post
2559 5297 2695 5350 hanc
2715 5294 3024 5350 unctionem
3057 5292 3358 5349 Aaron.....
