4044 6350
761 541 1639 720 EPISTULA
1727 547 3124 687 NUNCUPATORIA

1245 799 1690 875 EDITION
1698 800 1797 875 IS
1853 803 2618 882 BENEDICTINZE

510 981 1234 1046 EMINENTISSIMI
1294 983 1370 1045 D.
1430 984 1506 1046 D.
1568 985 1927 1050 CAESARI
1989 988 2375 1055 ESTREO
2435 994 2498 1054 S.
2557 995 2632 1057 R.
2690 996 2763 1058 Ε.
2823 1000 3353 1066 CARDINALI.

339 1222 496 1280 lnter
542 1224 850 1298 praecipuos
891 1225 1192 1282 studiorum
1239 1235 1569 1294 nostrorum,
1621 1228 1790 1282 immo
1828 1236 1882 1284 et
1913 1228 1964 1288 A
1990 1232 2042 1289 in
2083 1237 2482 1306 prolusionibus
2529 1239 2645 1296 istis
2688 1242 2950 1312 publicis,
3001 1247 3196 1316 quibus
3241 1251 3306 1306 ad
3349 1251 3589 1310 lauream

271 1319 443 1374 totius
493 1318 943 1390 Congregationis
989 1331 1185 1377 nostra:
1233 1331 1490 1392 patronos
1527 1338 1592 1376 ac
1622 1319 1885 1388 fautores,

273 1431 399 1472 cum
431 1424 485 1470 te
514 1414 622 1483 iam
647 1413 848 1469 dudum
881 1415 934 1469 in
958 1415 1140 1485 primis
1165 1416 1540 1486 suspiciamus,
1567 1417 1891 1472 EIINENTIS-

277 1526 401 1567 ειη
435 1510 682 1578 Domus;
720 1508 922 1564 nemini
971 1510 1164 1564 mirum
1213 1509 1382 1565 videri
1423 1510 1606 1575 debet,
1641 1511 1784 1582 quod
1827 1510 1887 1566 S.

278 1607 468 1663 Hilarii
496 1606 698 1676 Opera,
729 1622 850 1676 qua:
878 1605 1029 1659 novis
1061 1607 1332 1676 recognita
1361 1605 1526 1669 curis,
1565 1615 1619 1660 et
1642 1621 1739 1676 pro
1771 1620 1891 1661 mo-

281 1701 412 1758 dulo
457 1717 490 1757 a
539 1701 697 1758 nobis
745 1700 1006 1756 illustrata
1055 1701 1106 1755 in
1149 1700 1322 1756 lucem
1373 1701 1552 1756 denuo
1599 1685 1889 1768 prodeunt,

285 1797 608 1854 Eminentia:
634 1805 742 1850 tute
769 1807 1140 1862 nuncupemus
1171 1803 1225 1848 et
1251 1793 1560 1849 offeramus.
1595 1793 1725 1849 Nam
1773 1803 1892 1865 post

284 1901 366 1949 tet
387 1890 687 1946 honoriﬁca
705 1888 1032 1952 testimonia,
1055 1887 1250 1958 quibus
1271 1903 1375 1942 non
1399 1887 1560 1942 modo
1579 1888 1888 1943 un'iversum

285 1997 487 2043 costum
532 1994 803 2047 nostrum,
854 1995 1039 2036 verum
1080 1980 1242 2035 etiam
1285 1980 1642 2050 quorumdam
1670 1997 1700 2036 e
1731 1981 1892 2036 soda-

288 2082 430 2138 libus
463 2079 688 2145 nostris,
732 2088 843 2132 tum
876 2077 928 2130 in
958 2084 1268 2143 sanctorum
1298 2075 1520 2130 Patrum
1563 2077 1781 2146 scriplis
1807 2092 1893 2132 re-

286 2173 594 2236 censendis.
646 2172 846 2228 tumin
892 2170 1145 2227 eruendis
1190 2171 1512 2227 veneranda:
1556 2171 1893 2242 antiquitatis

287 2267 656 2324 monumentis
674 2266 891 2321 labores
920 2267 1146 2320 summis
1177 2264 1548 2331 Pontiﬁcihus,
1579 2279 1736 2320 sacro
1771 2264 1892 2320 Col—

289 2360 456 2433 legio.
489 2361 692 2431 totique
719 2360 976 2415 Romana}
1000 2360 1166 2416 curia:
1187 2360 1485 2430 approbare
1515 2359 1763 2429 dignatus
1793 2374 1888 2423 es;

293 2471 427 2512 sane
473 2455 917 2512 committendum
965 2469 1073 2510 non
1104 2463 1244 2518 erat,
1273 2461 1333 2508 ut
1382 2460 1493 2507 tam
1538 2467 1804 2522 propensa
1837 2451 1891 2506 in

296 2563 400 2604 nos
419 2549 794 2606 benevolentia
815 2558 870 2605 et
892 2549 1196 2605 humanitas
1225 2547 1402 2602 debita
1428 2547 1563 2618 grati
1586 2547 1750 2602 animi
1783 2555 1891 2602 tes-

299 2639 592 2708 tiﬁcatione
620 2639 976 2696 fraudaretur.
1007 2639 1160 2709 Quod
1185 2650 1520 2710 repugnante
1548 2637 1800 2709 asquitate
1824 2653 1892 2694 ne
1923 2623 1970 2683 Β

297 2736 561 2802 eveniret,
611 2734 739 2790 nihil
779 2737 1135 2806 opportunius
1175 2733 1457 2804 aptiusque
1485 2733 1640 2788 nobis
1673 2746 1893 2787 succur-

290 2850 417 2891 rere
440 2843 668 2904 poterat,
700 2849 858 2905 quam
906 2849 1040 2890 nova
1071 2831 1186 2888 haec
1215 2832 1394 2900 magni
1438 2830 1622 2886 Hilarii
1658 2830 1896 2898 Operum

289 2929 478 2991 editio,
508 2944 653 3001 quat.
687 2929 729 2983 si
758 2927 972 3000 quidem
1000 2927 1346 2998 praesentium
1373 2940 1438 2980 ac
1465 2925 1764 2980 futurorum
1797 2925 1897 2978 ho-

289 3023 498 3078 minum
527 3022 701 3078 oculis
728 3021 942 3092 indigna
987 3036 1096 3076 non
1125 3018 1250 3086 erit,
1282 3016 1694 3075 beneﬁcentiam
1739 3016 1897 3072 istam

290 3119 482 3176 reddet
512 3117 898 3174 immortalem.

304 3258 307 3260 .
363 3211 548 3282 Neque
572 3226 704 3267 vero
725 3220 834 3265 tam
861 3212 1061 3268 bonum
1090 3217 1146 3266 et
1184 3207 1437 3264 idoneum
1466 3221 1564 3276 pro
1603 3205 1759 3260 nobis
1801 3219 1898 3258 va-

292 3304 438 3369 dem.
467 3304 544 3360 uti
577 3317 880 3373 speramus,
913 3316 1166 3357 recusare
1190 3299 1445 3364 volueris,
1477 3300 1898 3354 EIINENTISSIIE

294 3397 530 3465 Donum,
563 3405 752 3467 utpote
778 3397 866 3465 qui
904 3406 957 3452 et
985 3391 1246 3449 solvendo
1277 3407 1382 3448 non
1408 3392 1583 3461 impar
1613 3391 1704 3455 sit,
1736 3399 1791 3444 et
1815 3390 1896 3444 fu-

295 3499 449 3547 turus
477 3490 696 3548 debitor
729 3489 948 3544 minime
992 3502 1241 3543 morosus
1275 3494 1330 3540 ct
1379 3485 1642 3556 ingratus,
1683 3481 1900 3549 qualem

293 3594 444 3644 certe
473 3583 558 3640 vel
587 3593 775 3654 Optare
804 3581 1096 3652 potuisses.
1118 3579 1172 3635 Si
1201 3577 1344 3634 enim
1365 3577 1580 3648 generis
1597 3575 1898 3631 claritatem

296 3679 512 3748 quaeris,
537 3677 770 3734 eximius
794 3676 908 3744 ipse
934 3675 1149 3746 inclytae
1170 3673 1344 3742 gentis
1362 3669 1579 3724 Estrzem
1600 3666 1858 3736 splendor
1885 3683 1898 3719 :

295 3773 396 3830 fuit
421 3773 536 3837 ille,
565 3771 708 3843 quod
739 3785 803 3825 ex
827 3769 1120 3824 Fortunato
1142 3765 1420 3826 discimus,
1448 3764 1580 3818 inter
1605 3760 1902 3816 Gallicanos

297 3869 527 3943 familias
556 3865 792 3934 lampade
833 3861 1111 3918 nobilitatis
1159 3877 1261 3914 non
1300 3857 1542 3912 obscurus
1576 3855 1597 3928 (
1619 3853 1897 3909 Fortunat.

300 3965 397 4018 lib.
450 3980 469 4019 ι
514 3961 620 4017 Vit.
661 3959 720 4017 8.
753 3957 976 4023 Hilarii;
1011 3955 1155 4010 Hier.
1205 3952 1358 4022 praef.
1402 3951 1452 4004 in
1481 3950 1573 4006 lib.
1620 3963 1658 4002 tt
1686 3947 1898 4004 Comm.

296 4058 367 4116 ad
393 4057 559 4132 Gal.).
582 4057 637 4114 Si
661 4056 970 4122 candorem,
995 4055 1037 4108 si
1059 4065 1380 4125 generosum
1407 4058 1613 4117 pectus,
1638 4062 1756 4116 quae
1776 4053 1901 4099 sunt

298 4150 466 4206 animi
494 4149 566 4205 tui
596 4149 772 4216 dotes,
821 4162 1007 4202 amas:
1040 4146 1180 4202 idem
1211 4153 1328 4200 erat
1356 4145 1523 4215 gratia
1556 4143 1903 4214 generositatis

299 4254 349 4301 et
373 4246 540 4301 nitore
564 4243 782 4316 pectoris
801 4251 1036 4298 ornatus.
1069 4245 1136 4296 At
1160 4241 1388 4297 fortasse
1413 4237 1798 4305 eloquentiam,
1823 4235 1903 4288 vir

298 4337 420 4409 ipse
448 4335 939 4408 eloquentissimus.
969 4334 1194 4390 ulterius
1223 4332 1376 4403 cupis
1402 4349 1417 4387 :
1447 4329 1761 4386 Rhodanum
1789 4327 1901 4382 elo-

301 4432 522 4503 quentia:
559 4446 684 4487 eum
732 4438 887 4486 vocat
933 4428 1316 4500 Hieronymus.
1364 4425 1548 4481 Placet
1573 4421 1795 4483 libertas
1820 4418 1903 4476 di-

300 4525 479 4587 cendi,
514 4525 725 4597 qualem
762 4524 816 4579 in
849 4524 1103 4580 Romanis
1137 4524 1244 4580 illis
1272 4525 1505 4582 comitiis
1531 4523 1727 4595 sacpius
1752 4521 1906 4579 exhi-

301 4616 506 4673 buisti?
553 4614 724 4671 Nemo
752 4614 953 4671 Hilario
1003 4617 1054 4670 in
1103 4615 1334 4671 dicendo
1380 4615 1599 4671 liberior
1637 4624 1730 4670 aut
1774 4629 1904 4671 con-

301 4709 555 4774 stantior,
574 4709 654 4763 vel
682 4707 996 4764 Constantio
1017 4711 1258 4778 Augusto
1277 4717 1433 4764 teste.
1453 4708 1688 4779 Denique
1709 4707 1752 4762 si
1781 4706 1903 4764 ﬁdei

301 4801 583 4859 catholica:
621 4816 859 4858 amorem
906 4802 1337 4858 ardentissimum
1380 4801 1612 4872 probas,
1655 4811 1714 4856 ut
1757 4811 1904 4858 certe

301 4896 536 4968 probare
565 4905 614 4952 te
639 4895 1026 4959 demonstrant.
1058 4911 1178 4966 quae
1203 4896 1268 4950 ad
1291 4895 1642 4966 detegendam
1670 4903 1724 4950 et
1751 4896 1802 4949 in
1826 4896 1904 4965 ip-

302 4998 480 5044 somet
507 4997 627 5045 ortu
668 5003 768 5044 suo
804 4988 1174 5058 conﬁgendam
1212 4989 1468 5044 nefariam
1509 4987 1756 5042 heresim
1782 5002 1903 5042 cum

302 5081 760 5137 Eminentissimis
801 5082 1017 5151 collegis
1063 5083 1168 5136 tuis
1213 5097 1382 5150 nuper
1429 5079 1723 5151 prsestitisti
1762 5099 1775 5134 :
1811 5078 1907 5135 fuit

305 5173 545 5229 Hilarius
589 5173 866 5244 religionis
892 5174 1140 5230 columna
1169 5189 1288 5243 qum
1319 5183 1594 5228 nutantem
1624 5171 1770 5226 fulsit
1796 5171 1903 5227 Ec-

304 5264 546 5333 clesiam,
579 5266 927 5336 ejusdemque
947 5265 1211 5321 beneﬁcio
1225 5265 1396 5320 Gallia
1426 5274 1654 5319 monstra
1679 5280 1780 5319 non
1807 5265 1905 5318 ha-

306 5359 435 5426 buit,
463 5359 671 5414 haeresis
713 5360 938 5429 periculo
960 5359 1024 5413 ab
1063 5361 1176 5429 ipso
1209 5359 1423 5414 liberata
1449 5375 1467 5413 :
1490 5359 1580 5430 qui
1611 5374 1906 5432 permensus

305 5461 381 5507 est
403 5452 574 5508 orbem
603 5461 855 5507 terrarum
877 5453 1014 5508 malo
1039 5453 1271 5525 perﬁdia:
1299 5453 1544 5524 infectum
1563 5495 1578 5518 ,
1620 5462 1678 5506 ut
1699 5461 1908 5508 cunctos

305 5545 376 5600 ad
395 5545 798 5600 emendationem
819 5556 866 5599 et
889 5545 1233 5616 paenitentiam
1262 5555 1538 5600 revocaret.
1571 5544 1723 5601 Unde
1749 5545 1818 5599 ab
1843 5561 1908 5601 eo

306 5640 594 5712 quaesitum
625 5638 684 5693 in
709 5639 935 5694 concilio
961 5640 1313 5704 Seleuciensi,
1344 5655 1457 5710 qua:
1482 5648 1610 5694 esset
1639 5637 1910 5694 Gallorum

305 5733 454 5806 ﬁdes,
487 5733 672 5804 ibique
697 5733 752 5786 in
783 5735 1134 5802 spectaculum
1161 5733 1340 5788 mundi
1376 5732 1655 5804 productus
1678 5743 1753 5788 est
1780 5748 1799 5787 :
1827 5732 1908 5787 Tu

302 5844 432 5888 vero
457 5829 512 5886 in
537 5827 772 5895 Europa:
792 5827 1056 5883 theatrum
1084 5826 1373 5884 identidem
1397 5825 1710 5898 productus,
1738 5824 1904 5882 Galli-

295 5943 447 5987 cana:
473 5919 748 5984 Ecclesia).
771 5920 930 5978 ﬁdem
961 5937 1025 5978 ac
1054 5922 1223 5995 Regni
1246 5921 1390 5995 jura,
1427 5920 1658 5994 primum
1688 5917 1905 5990 quidem

840 6016 1117 6079 ΡΛτιιοι.
1164 6015 1278 6080 ΙΧ.

1990 1331 2322 1388 doctoralem
2352 1343 2404 1390 te
2430 1336 2775 1402 disponebas,
2805 1357 2963 1411 quam
2995 1343 3139 1398 edito
3180 1347 3433 1418 singulari
3466 1367 3591 1407 eru-

1991 1425 2212 1480 ditionis
2236 1430 2546 1496 Specimine,
2582 1447 2725 1487 anno
2751 1435 2924 1491 astatis
2962 1437 3222 1508 vigesimo
3251 1443 3423 1510 primo
3451 1460 3593 1500 non-

1991 1526 2119 1583 dum
2151 1529 2415 1591 absoluto.
2446 1546 2656 1586 summo
2685 1534 2922 1588 omuimn
2966 1536 3154 1604 plausu
3195 1549 3471 1594 assecutus
3493 1556 3586 1604 es;

1992 1621 2187 1680 deinde
2213 1626 2264 1678 in
2293 1625 2456 1679 variis
2482 1628 2780 1682 actionibus
2810 1638 2957 1683 tanto
2993 1632 3190 1696 studio,
3235 1642 3377 1688 tanta
3423 1635 3596 1690 felici-

1993 1727 2102 1773 tate
2144 1734 2206 1773 ac
2234 1718 2551 1774 dexteritate
2596 1721 2894 1784 asseruisti,
2926 1733 2978 1775 ut
3011 1723 3157 1778 nulla
3189 1725 3270 1779 vel
3312 1727 3593 1794 repentina

1993 1816 2207 1871 occasio
2253 1825 2306 1871 te
2351 1831 2600 1884 umquam
2663 1816 2982 1882 imparatum
3045 1819 3342 1887 invenerit,
3413 1821 3594 1887 nulla,

1993 1908 2334 1975 quantumvis
2357 1907 2594 1964 difﬁcilis
2616 1917 2672 1964 et
2699 1909 2889 1975 ardua,
2914 1910 3188 1967 turbatum
3219 1920 3271 1966 te
3302 1922 3354 1967 et
3379 1917 3596 1969 anxium

1993 2004 2253 2060 effecerit.

2065 2097 2183 2151 Jam
2205 2112 2339 2153 vero
2359 2105 2559 2167 quanta
2585 2097 2886 2153 reverentia
2916 2097 3163 2168 Magnum
3195 2099 3485 2156 Gallicanae
3512 2116 3602 2157 ec-

1995 2192 2176 2248 clesiae
2203 2191 2514 2255 Przcsulem,
2540 2193 2849 2262 pervigilem
2872 2202 3032 2260 atque
3056 2193 3382 2248 indefessum
3408 2195 3602 2249 domus

1995 2287 2092 2343 Dei
2116 2286 2504 2354 speculatorem
2529 2285 2808 2354 suspicies,
2833 2301 2954 2340 cum
2986 2295 3040 2340 tu
3065 2287 3180 2354 ipse
3199 2287 3443 2342 ecclesicc
3465 2286 3606 2342 Lau‘

1996 2378 2247 2444 dunensi,
2272 2377 2585 2433 meritorum
2611 2378 2778 2448 magis
2798 2393 2957 2447 quam
2977 2379 3149 2432 relatis
3167 2378 3345 2432 habita
3372 2381 3604 2444 ratione,

1995 2472 2307 2526 nominante
2335 2485 2461 2539 rege
2490 2470 2771 2538 praefectus
2797 2511 2811 2535 ,
2841 2471 3093 2526 aSsiduus
3115 2472 3165 2524 in
3193 2471 3604 2526 lustrationibus

1999 2564 2398 2633 parochiarum,
2431 2561 2653 2618 sedulus
2697 2562 2749 2616 in
2779 2562 3120 2618 celebrandis
3149 2562 3604 2631 ordinationibus,

1999 2657 2252 2732 frequens
2274 2663 2327 2718 in
2350 2663 2776 2719 administrando
2805 2662 3015 2731 populis
3051 2663 3157 2716 tuis
3178 2661 3606 2718 conﬁrmatiOnis

2000 2767 2369 2820 sacramento,
2429 2772 2657 2824 quorum
2717 2771 2999 2811 numerum
3050 2769 3188 2824 pene
3235 2755 3604 2810 incredibilem

2000 2861 2154 2903 sacra
2185 2849 2436 2905 unctione
2461 2849 2686 2910 tinxisti,
2720 2847 2911 2918 quibus
2941 2857 3190 2903 senectus
3217 2857 3268 2902 et
3298 2847 3608 2903 invaletudo

2000 2941 2302 2998 decessoris
2335 2945 2408 3000 tui
2441 2943 2542 2999 hoc
2572 2943 2890 2999 beneﬁcium
2922 2952 3284 3007 necaverant;
3331 2944 3609 3014 imperatis

2003 3050 2098 3106 per
2125 3037 2427 3092 universam
2469 3037 2744 3093 dimcesim
2786 3037 2854 3092 de
2890 3052 3076 3092 rerum
3115 3037 3607 3092 ecclesiasticarum

2001 3142 2100 3182 usu
2132 3139 2290 3198 atque
2319 3129 2562 3184 doctrina
2604 3139 2754 3185 certo
2787 3139 3029 3200 tempore
3057 3130 3458 3184 recurrentibus
3490 3129 3608 3182 col-

2003 3221 2220 3293 loquiis,
2266 3222 2415 3276 clero
2457 3222 2522 3276 ad
2554 3223 2882 3279 exactiorem
2915 3222 3252 3288 disciplinam
3279 3221 3606 3290 revocando,

2003 3325 2185 3369 erecto
2213 3330 2243 3369 a
2276 3313 2637 3370 fundamentis
2678 3314 2991 3378 seminario,
3027 3312 3248 3367 fundato
3279 3314 3332 3368 iu
3361 3329 3609 3368 commo-

2003 3407 2130 3463 dum
2161 3424 2454 3480 egenorum
2502 3407 2784 3477 utriusque
2814 3423 2996 3470 sexus.
3035 3423 3346 3476 puerorum,
3391 3423 3607 3475 senum,

2006 3501 2383 3558 invalidorum.
2419 3511 2524 3557 tam
2558 3502 2728 3568 urbis,
2757 3517 2915 3572 quam
2944 3503 3208 3558 universae
3232 3501 3483 3558 ditecesis
3516 3517 3610 3558 xe—

2005 3596 2295 3664 nodochio,
2330 3597 2571 3662 monitis,
2618 3596 3104 3662 adhortationibus,
3154 3596 3343 3652 edictis
3393 3596 3609 3652 abunde

2005 3691 2328 3753 ostenderis.
2362 3690 2487 3760 quid
2516 3689 2706 3746 deceat
2737 3689 3013 3745 ministros
3044 3688 3267 3755 Christi,
3306 3701 3358 3745 et
3389 3691 3610 3760 dispen-

2005 3794 2216 3842 satores
2237 3785 2614 3856 mysteriorum
2635 3785 2750 3850 Dei,
2771 3799 2905 3852 quos
2932 3784 3161 3852 Spiritus
3191 3794 3408 3838 sanctus
3431 3783 3611 3852 posuit

2006 3878 2292 3946 episcopos
2313 3893 2500 3946 regere
2529 3877 2825 3933 Ecclesiam
2853 3877 2943 3932 0μί
2962 3877 2986 3930 ?
3006 3875 3139 3932 Cum
3167 3886 3344 3932 autem
3378 3875 3607 3931 Romam

2006 3978 2294 4028 eVocatus.
2339 3983 2403 4023 ac
2450 3983 2604 4024 sacro
2648 3967 3010 4023 Cardinalium
3056 3968 3217 4024 εωιυί
3268 3966 3605 4036 adscriptus,

2009 4060 2263 4116 Ecclesiae
2290 4068 2346 4114 et
2370 4060 2522 4131 regni
2546 4061 2754 4127 negotia
2779 4075 2874 4129 per
2896 4061 3074 4128 plures
3096 4075 3266 4114 annos
3287 4061 3607 4123 sustineres;

2007 4167 2075 4208 ne
2105 4161 2184 4207 tot
2210 4161 2358 4208 recte
2386 4152 2625 4207 instituta
2659 4152 2710 4206 in
2748 4151 2968 4208 dimcesi
2997 4151 3338 4206 Lauduuensi
3375 4151 3607 4220 longiori

2005 4243 2244 4298 absentia
2265 4243 2662 4306 detererentur,
2709 4251 2982 4297 annuente
3027 4258 3172 4312 rege,
3205 4258 3270 4296 ex
3315 4251 3401 4296 tua
3439 4249 3606 4312 gente

2007 4335 2102 4389 tibi
2129 4351 2496 4391 successorem
2524 4334 2789 4405 dolegisti,
2820 4333 3052 4403 quiquae
3081 4351 3111 4390 a
3149 4341 3200 4391 te
3227 4337 3428 4404 optime
3467 4351 3608 4406 pra:-

2007 4426 2135 4483 stita
2177 4442 2241 4482 ac
2267 4427 2501 4482 stabilita
2533 4426 2770 4492 fuerant,
2808 4441 2911 4480 non
2945 4425 3105 4480 modo
3135 4442 3376 4494 servare,
3409 4428 3503 4483 sed
3549 4438 3608 4485 et

2005 4534 2384 4576 consummare
2414 4525 2612 4589 posset,
2645 4518 2997 4574 consiliorum
3030 4528 3241 4573 tuorum
3283 4535 3388 4573 non
3427 4520 3605 4576 solum

2007 4613 2304 4684 particeps,
2347 4609 2441 4666 sed
2471 4610 2720 4676 aemulus,
2751 4627 2855 4682 qua
2887 4609 2940 4665 in
2969 4626 3028 4667 re
3057 4626 3394 4681 nequaquam
3431 4621 3483 4666 te
3518 4612 3606 4666 di-

2006 4707 2127 4762 vina
2155 4707 2370 4764 bonitas
2399 4703 2662 4771 deStituit,
2695 4713 2786 4759 aut
2830 4704 3022 4761 fefellit
3063 4716 3309 4762 eventus.
3357 4704 3441 4762 Ad
3481 4706 3598 4763 lucc

2007 4817 2127 4858 cum
2151 4801 2260 4872 jam
2291 4799 2549 4871 plurimas
2570 4797 2860 4854 Galliarum
2890 4799 3154 4856 dioeceses
3174 4809 3375 4856 exortae
3395 4799 3608 4856 dissen-

2008 4896 2187 4950 siones
2231 4893 2572 4956 invasissent,
2619 4901 2675 4948 et
2719 4891 2932 4962 ipsimet
2979 4895 3214 4963 episcopi
3266 4896 3316 4948 in
3348 4892 3606 4950 adversas

2009 4999 2187 5058 partes
2211 4984 2542 5040 distrahendi
2568 4985 2911 5050 viderentur;
2944 5001 2973 5040 a
3004 4987 3182 5041 studio
3206 4987 3435 5056 partium
3469 4986 3606 5042 alie-

2008 5095 2126 5144 nus,
2160 5077 2399 5134 veritatis
2425 5091 2478 5134 et
2506 5079 2856 5147 subjectionis
2886 5094 3094 5146 amans,
3130 5095 3190 5134 ea
3220 5079 3489 5150 :equitate,
3539 5095 3606 5136 ea

2008 5170 2286 5244 prudentia
2308 5171 2551 5226 ecclesiae
2581 5170 2922 5226 Lauduuensi
2958 5173 3298 5241 prospexisti,
3337 5182 3392 5227 ut
3419 5180 3606 5242 pacata

2008 5279 2220 5336 semper
2245 5275 2298 5319 et
2336 5266 2404 5321 ab
2434 5265 2517 5321 his
2547 5267 2798 5335 procellis
2841 5265 3007 5321 libera
3052 5275 3268 5337 tutaque
3311 5267 3598 5322 exstiterit.

2007 5360 2115 5416 Nec
2140 5361 2362 5432 privata:
2409 5371 2612 5416 tantum
2644 5359 2890 5416 ecclesiae
2935 5369 3038 5416 tuas
3075 5360 3442 5432 tranquillitati
3493 5367 3608 5414 stu-

1937 5432 2191 5521 Dduisti,
2248 5470 2435 5510 verum
2486 5454 2612 5510 dum
2653 5454 2722 5512 de
2750 5455 3124 5525 componendo
3172 5463 3317 5510 tanto
3365 5454 3598 5522 negotio,

2014 5547 2372 5620 sedandisque
2396 5548 2852 5612 contentionibus,
2885 5563 3003 5618 quae
3048 5548 3100 5601 iu
3128 5557 3368 5616 apertam
3399 5545 3609 5602 discor~

2012 5641 2155 5696 diam
2201 5657 2489 5713 erumpere
2535 5643 2865 5712 potuissent,
2902 5651 3180 5713 ageretur;
3235 5641 3528 5696 accersitus
3576 5657 3609 5697 a

2011 5749 2159 5806 rege,
2205 5735 2452 5791 Pontiﬁci
2483 5744 2688 5806 gratus,
2721 5735 2922 5789 nemini
2949 5745 3253 5803 suspectus,
3287 5734 3406 5804 quis
3436 5736 3610 5793 nescit

2013 5841 2174 5897 quam
2205 5827 2438 5898 egregie,
2464 5841 2623 5895 quam
2655 5824 2886 5882 feliciter
2910 5824 3164 5880 laborasti
3192 5826 3245 5883 in
3278 5826 3613 5886 restituenda

2014 5921 2270 5979 Ecclesiae
2289 5919 2578 5977 Gallicanae
2601 5935 2752 5991 pace,
2771 5934 2890 5990 quae
2912 5917 3052 5990 viget
3068 5918 3263 5990 adhuc,
3280 5929 3456 5992 etlam
3481 5924 3615 5982 altas

3179 6017 3204 6076 1
