4044 6350
501 366 559 421 it
1739 351 2112 411 ΡιιιΕπΑτιΟ
2147 352 2551 410 ςεΝεηΑιις.
3739 351 3760 406 l
3771 350 3805 405 2

497 482 861 555 radices'egit,
884 490 944 538 ut
968 481 1225 537 victuram
1254 490 1485 547 semper,
1515 473 1934 544 duraturamque
1963 487 2088 538 spe-
2118 476 2166 535 Α
2197 473 2374 543 ignota
2397 471 2689 544 loquimur.
2713 467 2913 526 Vivunt
2934 468 3109 526 adhuc
3130 475 3235 525 tam
3260 465 3525 541 splendidi
3551 465 3804 522 facinoris

498 577 717 636 remus?

572 673 637 726 Et
663 671 790 743 quid
823 669 1037 733 mirum,
1061 670 1103 723 si
1129 677 1268 722 tanta
1298 663 1550 719 facilitate
1575 677 1664 717 res
1685 660 1948 715 maximas
1972 657 2093 713 ﬁdei

501 776 606 822 tua:
635 767 951 821 commissas
979 764 1141 833 geris,
1172 761 1258 826 qui
1284 760 1350 813 ab
1375 757 1738 813 illustrissimo
1767 763 2013 823 parente,
2037 751 2092 806 in

497 860 738 914 Romana
769 858 1028 929 legatione
1055 870 1142 909 res
1167 852 1399 908 Gallicas
1427 849 1642 904 fertiter
1679 855 1890 918 agente,
1925 844 2094 900 fueris

493 953 560 1009 ad
585 951 888 1006 difﬁciliora
931 948 1138 1019 negotia
1165 945 1512 1001 sermonibus
1553 953 1601 997 ct
1645 939 1910 1011 exemplis
1953 953 2094 1008 pene

491 1043 669 1099 adhuc
697 1059 827 1114 puer
851 1033 1200 1096 iniormatus‘.
1235 1029 1474 1100 Scilicet,
1509 1025 1652 1104 quod
1677 1048 1740 1088 ex
1763 1046 1975 1086 summo
2002 1045 2094 1100 ge-

493 1153 643 1200 nere,
678 1136 822 1208 pacis
854 1133 1086 1204 bellique
1115 1130 1431 1185 muneribus
1471 1128 1798 1194 clarissimo,
1829 1131 1982 1180 ortus
2009 1139 2092 1190 es,

486 1240 543 1286 et
567 1229 709 1300 quod
737 1229 791 1284 in
835 1228 968 1284 urbe
996 1226 1167 1280 Roma
1195 1223 1482 1288 educatus,
1531 1222 1649 1276 haec
1674 1227 1729 1274 te
1767 1229 1826 1276 et
1858 1219 1929 1274 ad
1961 1232 2093 1287 pur-

489 1340 704 1394 puram.
729 1331 788 1378 et
805 1319 874 1377 ad
901 1335 1096 1393 magna
1123 1332 1356 1390 qumque
1382 1315 1618 1387 gerenda
1665 1325 1848 1370 natum
1875 1322 2095 1384 porten~

488 1417 707 1474 debent.

554 1511 724 1578 Quam
768 1525 876 1564 non
924 1522 1124 1562 vanum
1171 1521 1330 1560 omen
1377 1503 1565 1568 fuerit,
1609 1511 1876 1556 testantur
1903 1500 2093 1566 variae,

481 1618 614 1672 quas
643 1601 702 1656 in
729 1600 1045 1664 Germania,
1077 1598 1352 1653 Lusitania
1386 1606 1548 1667 atque
1586 1595 1760 1659 Italia,
1793 1593 2095 1664 prum-erum

478 1709 612 1749 vero
657 1696 708 1748 in
754 1694 868 1762 ipsa
900 1692 1034 1748 urbe
1079 1691 1249 1744 Roma
1278 1687 1495 1761 gessisti
1533 1687 1866 1758 legationes,
1897 1684 2097 1756 quibus

482 1795 627 1842 tanta
656 1785 934 1856 diligentia
957 1783 1272 1853 perfunctus
1301 1799 1362 1838 es
1387 1782 1562 1847 solus,
1591 1792 1651 1835 ut
1680 1781 1811 1836 nulli
1839 1795 2094 1850 umquam

2195 565 2445 635 prmclari
2492 573 2699 631 testes,
2751 561 2976 634 ejusque
3027 563 3286 619 memoria
3337 560 3538 634 vigebit
3585 575 3804 630 semper

2194 658 2334 729 apud
2364 668 2633 729 posteros.
2683 657 2796 710 Non
2830 657 3088 711 miramur
3136 657 3318 727 itaque
3345 655 3391 710 si
3440 665 3491 710 te
3535 653 3799 709 factorum

2188 752 2365 822 gloria
2405 753 2603 823 ubique
2639 751 2904 821 sequitur,
2935 766 3055 821 qua:
3099 749 3298 804 utinam
3328 748 3408 804 sic
3447 748 3516 803 ad
3557 757 3803 818 posteros

2197 843 2484 917 pertingat,
2519 856 2576 900 ut
2616 839 2936 899 inscribatur
2979 853 3197 897 :eterna:
3230 842 3302 896 illi
3353 841 3667 906 memorias,
3716 839 3800 895 cui

2196 941 2327 995 nihil
2343 941 2482 1009 perit
2505 957 2517 992 :
2543 937 2998 1010 quemadmodum
3015 935 3207 990 Hilarii
3225 935 3389 996 fama,
3405 950 3518 990 non
3537 944 3796 988 contenta

2197 1019 2384 1089 Gallia:
2408 1033 2674 1096 terminis,
2705 1041 2921 1086 exteras
2940 1029 3102 1084 etiam
3129 1028 3394 1095 nationes,
3427 1027 3594 1081 immo
3620 1034 3676 1082 et
3701 1040 3807 1081 ca:-

2193 1122 2278 1182 ins
2309 1130 2452 1198 ipsos
2481 1127 2740 1196 implevit,
2774 1127 3087 1181 meritorum
3119 1126 3287 1196 gratia
3319 1135 3694 1195 percurrente,
3722 1124 3807 1179 id-

2195 1235 2302 1293 que
2339 1222 2627 1286 efﬁciente,
2661 1220 2793 1275 utin
2823 1230 3054 1290 utroque
3085 1219 3218 1275 orbe
3258 1215 3586 1274 sanctissimi
3619 1213 3809 1272 Ponti-

2197 1315 2312 1384 ﬁcis
2341 1314 2506 1385 gloria
2529 1314 2794 1368 militaret.

2271 1408 2404 1462 Dum
2432 1407 2486 1462 ita
2513 1407 2626 1462 bac
2651 1416 2773 1460 vota
2802 1406 3117 1473 desinimus,
3149 1403 3431 1461 modestia:
3467 1404 3808 1461 consulimus

2199 1509 2326 1568 tuae,
2358 1498 2774 1554 Eliusnrtssute
2813 1499 3087 1555 Eccusus
3128 1511 3416 1563 particeps,
3461 1505 3584 1569 gnte
3613 1513 3718 1554 nec
3750 1507 3814 1553 se

2197 1593 2504 1650 immodicis
2533 1595 2731 1664 patitur
2750 1595 2964 1649 onerari
2987 1595 3294 1663 praeconiis,
3325 1599 3429 1649 nec
3453 1603 3577 1648 cum
3609 1593 3807 1664 Magno

2199 1685 2403 1744 Hilario
2431 1687 2688 1744 conferri.
2723 1687 2780 1742 In
2811 1697 2878 1742 eo
2918 1687 3188 1757 siquidem
3219 1687 3387 1741 multa
3418 1684 3656 1756 suspicis
3689 1677 3816 1741 imi-

2197 1783 2425 1848 tatione,
2453 1781 2621 1835 immo
2659 1787 2712 1836 et
2735 1779 3095 1836 admiratione
3130 1779 3322 1850 digna,
3362 1775 3540 1834 zelum
3573 1789 3674 1848 pro
3718 1791 3816 1834 ca-

472 1879 694 1948 negotio
709 1877 968 1944 defueris;
991 1888 1137 1932 tanta
1159 1878 1422 1945 religione
1447 1891 1512 1931 ac
1537 1875 1802 1930 charitate
1821 1889 1947 1934 cum
1969 1873 2091 1928 aliis
2121 1867 2168 1928 B
2194 1874 2396 1930 thollca
2425 1875 2652 1929 veritate
2681 1883 2735 1930 et
2761 1883 2859 1944 pro
2882 1873 3093 1944 justitia
3123 1871 3477 1942 intrepidum,
3507 1871 3682 1927 fortes
3704 1875 3808 1942 pro

479 1981 538 2025 ut
570 1970 742 2025 laudis
763 1971 1104 2024 :emulatione
1129 1985 1196 2025 ne
1217 1970 1383 2024 latum
1413 1967 1630 2039 quidem
1657 1983 1889 2037 unguem
1920 1966 1988 2021 ab
2009 1968 2090 2020 of-

480 2063 588 2118 ficii
621 2062 909 2118 sedulitate
948 2061 1258 2118 deﬂexeris.
1295 2061 1424 2128 Sed,
1457 2061 1600 2132 quod
1634 2062 1688 2116 in
1719 2059 2090 2118 ecclesiastico

477 2157 598 2210 viro
621 2171 965 2224 summopere
991 2154 1321 2210 laudandum
1346 2162 1450 2220 est,
1473 2153 1809 2225 gravissimis
1830 2152 1958 2208 licet
1987 2152 2090 2207 im-

479 2264 692 2305 mersus
731 2250 980 2319 negotiis,
1011 2264 1254 2304 amorem
1286 2265 1444 2319 quem
1479 2249 1534 2303 in
1560 2248 1767 2304 litteras
1807 2258 1863 2303 et
1898 2248 1953 2303 in
1995 2247 2086 2302 lit.

477 2352 684 2398 tcratos
717 2343 931 2413 juvenis
969 2359 1320 2415 conceperas,
1361 2351 1525 2400 atate
1561 2342 1940 2413 progrediente
1980 2358 2087 2398 non

481 2438 691 2492 minore
743 2436 923 2492 studio
965 2438 1274 2504 retinuisti;
1341 2447 1396 2493 et
1436 2438 1577 2492 sicut
1628 2437 1752 2492 illas
1801 2438 2084 2508 neglexisti

475 2542 789 2599 numquam,
821 2530 891 2585 ita
915 2530 1017 2586 hos
1047 2529 1304 2601 singulari
1342 2545 1564 2602 semper
1601 2531 1981 2588 benevolentia
2023 2547 2082 2588 es

473 2623 816 2693 complexus.

547 2716 685 2785 Quid
707 2717 881 2772 dicam
903 2717 1078 2787 regias
1103 2715 1417 2783 afﬁnitates,
1441 2732 1574 2788 quas
1596 2716 1722 2772 dum
1763 2717 1915 2788 regni
1940 2732 2082 2773 com-

477 2811 655 2865 modis
676 2811 926 2874 inservis,
951 2810 1170 2865 Estracac
1187 2809 1337 2881 genti
1367 2818 1445 2864 tot
1470 2809 1599 2865 olim
1619 2810 1788 2866 titulis
1811 2810 2082 2867 decoratas

480 2901 809 2972 adjunxisti?
847 2901 1047 2957 Verum
1084 2901 1151 2957 ad
1180 2903 1393 2958 laudum
1427 2911 1640 2958 tuarum
1667 2905 1938 2960 cumulum
1967 2905 2082 2961 suf~

473 2997 589 3052 ﬁcit
622 2997 763 3066 regis
785 3001 1025 3052 omnium
1049 2998 1265 3052 maximi
1294 3007 1399 3052 tam
1425 2997 1673 3068 benigne,
1703 3007 1812 3054 tam
1833 3010 2077 3066 strenue,

472 3097 583 3144 tam
609 3099 919 3147 Constanter
951 3092 1252 3160 impensum
1275 3108 1374 3161 pro
1401 3092 1691 3148 obtinenda
1721 3093 1813 3148 tibi
1844 3108 2077 3163 purpura

471 3183 832 3252 patrocinium
861 3202 873 3238 :
905 3183 1057 3254 cujus
1099 3183 1237 3238 adeo
1283 3184 1557 3239 excelsum
1615 3195 1670 3240 et
1714 3185 2077 3241 honoriﬁcum

2194 1963 2458 2038 religione
2487 1967 2782 2037 apologias,
2815 1967 3128 2022 diuturnum
3149 1967 3395 2030 exilium,
3419 1951 3810 2036 altaque'prac

2190 2061 2335 2116 clara
2358 2060 2515 2124 facta,
2539 2073 2658 2131 quae
2678 2061 2972 2131 gloriosum
2995 2059 3196 2116 Christi
3218 2057 3562 2116 Conlessoris
3584 2060 3804 2114 titulum

2191 2152 2295 2220 ipsi
2323 2162 2705 2224 compararunt
2729 2168 2742 2205 :
2765 2153 2907 2224 quod
2937 2163 3101 2209 unum
3133 2163 3264 2210 sane
3289 2153 3578 2225 quibusvis
3600 2153 3804 2225 elogiis

2191 2243 2454 2301 illustrius
2481 2247 2676 2301 merito
2697 2245 2998 2303 existimas.

2261 2337 2419 2393 Tanti
2462 2339 2706 2394 Ductoris
2733 2350 2799 2395 ac
2833 2339 3112 2396 Pontiﬁcis
3151 2339 3334 2412 Opera
3371 2341 3478 2396 tuis
3521 2341 3802 2413 auspiciis,

2189 2431 2290 2488 Vm
2319 2432 2742 2490 EIIRENTISSIIB
2766 2475 2781 2502 ,
2822 2434 2949 2490 dum
2991 2439 3408 2501 committimus,
3443 2443 3556 2490 non
3591 2435 3805 2491 Hilario

2185 2531 2311 2604 ipsi,
2343 2536 2438 2590 sed
2467 2535 2644 2600 nobis,
2683 2531 2986 2607 studiisque
3016 2536 3218 2592 nostris
3246 2535 3607 2606 patrocinium
3647 2549 3720 2590 ex
3748 2543 3805 2590 te

2184 2627 2554 2696 conquirimus
2579 2643 2592 2680 :
2621 2626 2764 2698 quod
2791 2635 2914 2682 eum
2944 2625 3175 2683 antehac
3205 2626 3490 2683 immeritis
3521 2625 3798 2698 praestite-

2184 2716 2280 2772 ris.
2309 2719 2365 2771 in
2390 2727 2691 2788 posterum,
2721 2721 2795 2773 uti
2817 2729 2881 2775 ex
2907 2729 2998 2774 tua
3026 2717 3360 2790 benignitate
3389 2724 3612 2790 sperare
3639 2719 3796 2784 licet,

2185 2808 2386 2865 Hilario
2416 2808 2741 2882 sum-agante
2777 2823 2886 2866 non
2916 2812 3226 2883 dmegnbls.
3273 2812 3381 2866 Nos
3423 2823 3553 2867 vero
3589 2813 3804 2882 gratias

2184 2902 2278 2957 tibi
2311 2903 2627 2960 habebimus
2665 2905 3032 2969 immortales,
3063 2905 3207 2976 quod
3241 2915 3350 2960 tam
3380 2905 3537 2962 facile
3570 2914 3629 2960 te
3656 2913 3798 2960 exo-

2182 2995 2289 3050 rari
2332 2997 2590 3066 patiaris;
2617 2998 2848 3068 gratiam
2884 2998 3208 3070 singularem
3255 2993 3480 3065 Hilario,
3515 2998 3672 3068 cujus
3699 2998 3806 3054 beo

2180 3091 2376 3146 neticio
2415 3091 2664 3148 effectum
2693 3101 2796 3159 est,
2828 3109 2896 3150 ne
2935 3095 3103 3149 simus
3151 3095 3340 3166 ingrati
3369 3105 3383 3146 :
3413 3095 3626 3165 eritque
3671 3089 3800 3150 haec

2178 3183 2295 3254 ejus
2318 3184 2554 3255 Operam
2577 3186 2746 3242 editio
2766 3197 3011 3258 perenne
3033 3187 3396 3244 observantiae
3412 3188 3466 3242 in
3487 3194 3542 3242 te
3563 3195 3797 3257 nostra,

471 3267 545 3330 de
573 3285 623 3331 te
649 3275 933 3345 judicium,
961 3292 1210 3347 purpurae
1238 3276 1338 3346 ipsi
1366 3293 1473 3332 non
1499 3277 1695 3348 impar,
1728 3279 1920 3349 insigni
1953 3279 2080 3335 ﬁdei
2105 3264 2150 3326 Ο
2183 3276 2428 3350 adeoque
2444 3280 2584 3350 grati
2607 3282 2773 3336 animi
2795 3289 3221 3337 monumentum.
3252 3281 3328 3338 Ita
3353 3289 3554 3339 voveat

471 3376 526 3422 et
550 3367 900 3437 subjeCtiouis
921 3371 1170 3438 exemplo
1192 3370 1547 3437 conﬁrmasti,
1581 3385 1703 3425 cum
1739 3371 1975 3426 oblatam
1996 3371 2082 3427 di~

472 3445 790 3531 dignitatem
822 3477 883 3517 ea
910 3461 1218 3519 conditione
1257 3478 1378 3532 qua:
1404 3462 1672 3518 mandatis
1705 3463 1866 3534 regiis
1895 3465 2078 3520 minus

470 3567 709 3610 consona
755 3555 1068 3621 videbatur,
1119 3556 1236 3626 pari
1275 3556 1581 3612 constantia
1619 3558 1904 3614 recusasti.
1955 3557 2073 3614 Non

1011 3713 1020 3726 \

2473 3373 2795 3430 Eminentia:
2848 3381 2954 3428 tum

2693 3463 3062 3524 Addicti'ssiml
3089 3479 3140 3525 et
3165 3467 3645 3539 obsequentissimi

2477 3561 2727 3620 Menacbl
2755 3558 3093 3620 Benedictini
3116 3559 3442 3635 Congregat.
3469 3563 3529 3620 8.
3559 3563 3758 3620 mon.

481 3711 646 3752 ,,.
1011 3713 1020 3726 κ

939 3871 2010 4029 ΡΒᾸΕῈΑΤΙΟ

2191 3873 3291 4037 iENERALIS.

1913 4132 2388 4190 οῦν-ηεαρδ

547 4279 840 4344 Ecclesiam
860 4286 1068 4341 sincere
1095 4283 1343 4357 diligere,
1368 4297 1420 4340 et
1449 4285 1708 4359 inclytum
1732 4285 1871 4342 illius
1895 4287 2079 4343 defen-

475 4396 653 4436 sorem
685 4373 943 4434 Ililarium
976 4395 1184 4433 summa
1211 4375 1558 4434 observantia
1591 4396 1695 4435 nun
1729 4381 1910 4437 colere
1931 4380 2077 4435 difti-

474 4473 732 4529 cillimum
764 4481 866 4525 est.
900 4471 1032 4524 Dum
1066 4469 1290 4536 viveret,
1316 4471 1497 4527 nescio
1531 4487 1662 4542 quas
1691 4471 1970 4543 gravitatis
2007 4474 2082 4528 si-

477 4567 589 4622 mul
639 4573 693 4620 et
733 4565 1080 4636 benignitatis
1128 4578 1282 4622 uetas
1324 4584 1434 4635 prae
1463 4583 1523 4622 se
1568 4565 1812 4635 ferebat,
1861 4577 1917 4621 ut
1957 4583 2078 4622 cum

475 4651 861 4714 catholicorum
885 4658 1014 4722 dux,
1040 4657 1524 4729 limreticornmque
1553 4669 1724 4714 terror
1750 4669 1916 4728 esset,
1934 4669 2080 4716 utro-

474 4767 702 4821 rumque
733 4743 912 4805 tnmen
937 4766 1042 4805 non
1065 4751 1472 4806 admirationem
1498 4751 1696 4816 solum,
1723 4751 1816 4807 sed
1843 4762 1896 4807 et
1922 4769 2074 4808 reve-

475 4843 705 4899 rentiam
753 4843 852 4899 sibi
898 4842 1217 4897 conciliarit.
1252 4842 1385 4898 Eum
1431 4843 1649 4914 quidem
1695 4845 1931 4899 nonnulli
1977 4862 2074 4917 per

486 4923 728 4994 fraudem
759 4931 1156 5008 Oppugnare,at
1179 4952 1360 4992 coram
1384 4937 1462 4992 illi
1485 4938 1738 4993 resistere
1772 4955 1929 4994 nemo
1949 4957 2070 4994 um-

476 5047 637 5100 quam
671 5047 831 5086 ausus
858 5041 958 5086 est.
989 5030 1206 5085 illorum
1229 5029 1368 5086 dolis
1391 5029 1459 5085 ab
1489 5029 1780 5088 Occidente
1806 5033 2068 5101 divulsus,

473 5113 580 5178 non
612 5121 716 5178 tam
746 5113 871 5181 buic
899 5125 1030 5192 parti
1066 5133 1286 5193 ereptus
1329 5125 1474 5180 visus
1503 5137 1620 5191 est,
1665 5142 1822 5196 quam
1865 5129 2070 5186 Orienti

475 5215 652 5282 datus,
681 5224 737 5270 ut
769 5216 911 5269 nulla
942 5231 1065 5284 pars
1085 5215 1231 5270 orbis
1256 5215 1400 5270 illius
1421 5216 1624 5273 lumine
1647 5233 1752 5274 non
1782 5220 2066 5278 frueretur.

475 5305 613 5366 Tum
646 5309 788 5363 enim
818 5294 1122 5364 Occidentis
1161 5309 1406 5365 ecclesia:
1434 5311 1656 5366 consilia
1692 5313 1857 5382 ipsius
1885 5319 2073 5387 exqui-

473 5418 596 5456 rere
626 5416 734 5456 non
762 5391 1072 5464 desierunt,
1118 5409 1173 5454 ut
1203 5416 1388 5457 eorum
1429 5404 1688 5473 sapientia
1731 5417 2068 5477 regerentur,

471 5497 525 5549 et
553 5493 653 5565 ipsi
680 5509 884 5547 morem
916 5487 1105 5562 gerere
1140 5487 1374 5550 Orientis
1407 5496 1644 5568 episcopi
1693 5499 1946 5567 paulatim
1984 5515 2072 5555 as-

469 5583 782 5643 sueverunl.
822 5577 1084 5655 Quocirca
1119 5589 1454 5645 tenebricoso
1495 5590 1747 5659 haeresis,
1775 5610 1892 5663 quze
1925 5596 1977 5649 in
2004 5596 2070 5651 iis

472 5681 784 5752 regionibus
819 5681 1174 5751 principatum
1213 5683 1458 5750 tenebat,
1506 5686 1638 5740 tanti
1669 5685 1863 5743 sideris
1891 5703 2069 5744 acces-

475 5792 592 5830 sum
623 5773 890 5831 sustinere
919 5775 1122 5830 diutius
1150 5793 1255 5833 non
1279 5779 1484 5846 valens,
1515 5781 1728 5852 sibique
1748 5792 1840 5837 aut
1867 5782 2068 5840 ceden-

469 5869 617 5935 dum,
659 5882 749 5926 aut
787 5863 1046 5927 llilarium
1081 5885 1109 5924 e
1148 5869 1342 5928 ﬁnibus
1381 5874 1482 5928 illis
1515 5873 1913 5931 exturbandum
1944 5891 2066 5934 esse

2187 4285 2558 4356 prospiciens,
2595 4301 2719 4341 eum
2763 4301 2906 4342 nova
2955 4287 3246 4358 splendore
3293 4286 3484 4344 Galliis
3531 4287 3800 4357 reddidit,

2182 4379 2339 4449 cujus
2361 4379 2535 4436 lucem
2562 4382 2879 4452 extinguere
2915 4397 2975 4437 se
3006 4399 3164 4452 posse
3198 4383 3578 4439 arbitrabatur.
3612 4381 3802 4440 incul-

2184 4483 2362 4544 patum
2393 4477 2602 4539 virum,
2632 4475 2685 4530 iu
2718 4491 2877 4547 quem
2909 4463 3236 4546 adversarii,
3279 4479 3639 4534 calumniandi
3671 4490 3806 4537 arte

2186 4567 2454 4637 pollentes
2475 4613 2488 4633 ,
2524 4585 2632 4624 non
2665 4580 2950 4640 potuerunt
2985 4583 3112 4628 tunc
3152 4573 3444 4645 quidquam
3476 4574 3803 4644 elcogitare

2103 4711 2158 4773 D
2183 4665 2447 4730 criminis,
2481 4682 2590 4737 quo
2621 4667 2798 4737 ipsum
2831 4668 3148 4738 perderent!
3181 4669 3330 4725 Felix
3361 4671 3517 4740 culpa
3550 4672 3707 4726 unica
3738 4671 3804 4727 ei

2181 4757 2415 4826 objecta,
2467 4759 2610 4829 quod
2656 4761 2878 4817 haeresis
2920 4778 2986 4817 ee
3027 4773 3296 4832 pra-sonte
3331 4763 3479 4819 nulla
3507 4776 3638 4834 pace
3680 4761 3802 4820 frui

2182 4849 2423 4921 nihilque
2456 4852 2633 4907 moliri
2669 4854 2970 4910 sineretur!
3021 4855 3086 4910 Et
3133 4871 3263 4910 vero
3303 4856 3480 4912 reditu
3527 4857 3698 4925 ipsius
3729 4857 3793 4912 in

2181 4943 2405 5000 nihilum
2436 4947 2620 5012 cessit,
2654 4947 2911 5019 quidquid
2937 4959 3060 5004 ante
3086 4949 3139 5004 in
3165 4949 3310 5004 italia
3333 4991 3348 5017 ,
3378 4949 3615 5022 l-llyrieo,
3641 4949 3785 5005 Gal-

2179 5039 2246 5093 lia
2295 5049 2596 5094 tentarerat
2645 5059 2657 5094 :
2714 5051 2769 5097 et
2809 5044 2952 5112 apud
2990 5061 3163 5100 omnes
3204 5045 3449 5110 constitit,
3499 5045 3652 5098 anius
3679 5043 3791 5098 Hi-

2182 5133 2302 5186 larii
2344 5134 2590 5192 beneﬁcio
2616 5143 2815 5190 nostras
2855 5137 3249 5209 (nominatim)
3279 5136 3478 5192 Gallias
3504 5155 3536 5191 a
3563 5137 3781 5209 piaculo

2178 5229 2386 5284 Iliensis
2421 5231 2680 5285 liberatas.
2715 5232 2894 5304 (Sulp.
2928 5234 3047 5289 Sea.
3075 5235 3164 5289 lib.
3192 5251 3226 5289 η
3249 5233 3388 5290 Hist.
3415 5236 3550 5304 Iac.)

2247 5322 2306 5376 2.
2337 5323 2462 5378 llaec
2487 5333 2542 5379 et
2563 5324 2666 5379 alia
2698 5325 2976 5381 fortissimi
3007 5329 3338 5384 confessoris
3356 5334 3508 5400 gesta
3539 5327 3630 5400 qui
3653 5335 3786 5397 pro-

2178 5413 2247 5469 be
2286 5415 2750 5483 considoraverit,
2794 5417 2952 5473 facile
2993 5421 3322 5475 assentimur
3347 5435 3480 5475 eum
3523 5419 3792 5477 Ecclesia:

2175 5507 2378 5573 datum,
2401 5524 2468 5565 ne
2489 5521 2659 5578 perite
2689 5511 2886 5567 inferni
2905 5512 3166 5569 advenins
3195 5515 3346 5569 illam
3385 5513 3787 5585 proauiam“:

2175 5615 2348 5671 neque
2373 5602 2582 5658 inﬁcias
2609 5605 2729 5673 ibit,
2764 5619 2973 5660 summa
3004 5619 3126 5661 eum
3156 5609 3505 5664 veneratione
3535 5623 3564 5660 a
3593 5606 3790 5661 esthoc

2173 5693 2291 5748 licis
2317 5695 2692 5764 excipiendam
2717 5712 2840 5753 esse
2864 5698 3170 5754 doctrinam
3197 5701 3314 5771 ejus
3334 5745 3348 5768 ,
3379 5701 3469 5772 Qui
3499 5699 3780 5755 hz'ereticis'

2171 5786 2308 5842 adeo
2333 5787 2767 5845 reformidandus
2794 5790 2974 5846 fuerit.
3003 5791 3122 5847 Jam
3151 5809 3278 5847 vero
3307 5803 3364 5848 ut
3394 5793 3589 5848 ineant
3621 5791 3778 5862 quis-

2169 5897 2275 5952 que
2293 5883 2632 5939 commodius
2659 5884 2952 5956 utiliosque
2982 5885 3351 5956 incumberet,
3383 5885 3618 5959 opsnatu
3650 5899 3778 5942 nos~
