4044 6350
250 328 321 399 (5
1520 340 1888 406 ΡΒᾸΞΡᾹΤΙΟ

2024 344 2362 411 iNERALlS.
3504 348 3575 411 Η

254 468 420 527 tram,
455 476 620 532 quam
646 463 700 520 in
726 463 954 523 aliorum
986 465 1203 523 Patrum
1235 467 1470 524 editione
1507 469 1751 525 nonnulli
1786 471 1863 527 fa-
1890 463 1945 528 Α
1968 482 2236 539 recenset,
2270 488 2338 528 ex
2358 486 2589 543 quorum
2610 466 2852 527 doctrina
2874 467 3253 541 exponandum
3277 480 3424 528 esset
3444 471 3570 529 lidei

255 568 389 609 vore
420 570 767 631 assensuque
798 575 897 614 suo
926 576 1048 616 sese
1072 560 1369 633 approbare
1392 563 1572 619 testati
1608 572 1766 632 sunt,
1799 562 1873 618 ad
1972 566 2040 622 de
2069 565 2458 624 lncarnationis
2484 567 2743 644 mysterio
2768 564 3043 623 decretum
3075 584 3089 620 :
3116 564 3215 621 sed
3254 574 3310 622 et
3347 565 3471 623 Act.
3505 583 3567 637 tt,

259 651 463 723 scripta
513 655 689 726 ipsius
737 655 1169 727 recognoscenda
1219 673 1325 713 nou
1361 661 1748 718 recusavimus.
1802 660 1871 716 Et
1973 676 2027 731 p.
2062 662 2188 727 357,
2212 661 2391 733 primo
2421 660 2542 718 loco
2586 662 2734 734 ponit
2773 676 2891 735 quae
2936 675 3004 715 ex
3040 658 3256 730 scriptis
3300 658 3440 714 illius
3477 675 3574 717 ex-

260 756 411 803 ccrte
435 746 540 803 hoc
570 748 621 804 ei
648 745 885 806 oﬂicium
913 749 1160 823 plurimis
1189 766 1285 806 nos
1312 751 1480 807 titulis
1510 752 1709 810 debere
1734 768 1868 810 con-
1973 763 2158 827 cerpta
2184 764 2329 811 sunt.
2370 752 2524 812 Nunc
2552 757 2681 828 quid
2709 757 2762 812 in
2801 755 3018 813 illorum
3051 752 3215 811 variis
3243 753 3573 814 editionibus

264 839 504 896 ﬁtentur.
561 840 696 897 Cum
754 843 897 899 enim
954 860 1076 900 enm
1132 860 1255 901 cum
1313 846 1560 903 omnibus
1612 840 1872 904 Ecclesire
1975 848 2271 922 praestitum
2298 849 2371 905 sit
2391 850 2691 907 videamus.

264 932 858 1059 ῗ.ἶέ¹.ἷ¹ἶῖ¹ς¹ῗ.ἶ.ῗῗ’..ῗῗῗὶ¹ἷξ¹ςῖ
882 947 938 1059 {ff
968 948 1873 1059 filiiﬁlii".Tf‘fffi‘iTLfif“:
2140 986 2180 1042 ι.
2218 984 2300 1041 oe
2323 987 2481 1042 varii-
2511 987 2736 1059 υρεηηι
2766 988 2827 1044 s.
2864 988 3056 1045 ηειπτίε
3082 988 3410 1047 editicium--

267 1027 517 1084 tuinatim
541 1045 667 1085 cum
690 1029 862 1086 Gallis
885 1040 941 1086 ut
968 1031 1263 1089 Galliarum
1294 1036 1598 1088 nostrarum
1624 1033 1791 1090 decus
1820 1043 1877 1092 et

269 1130 650 1176 ornamentum
694 1123 1102 1192 amplexantur;
1130 1140 1195 1180 eo
1238 1133 1416 1180 tamen
1458 1125 1677 1181 nomine
1720 1126 1876 1183 nobis

269 1213 621 1286 singulariter
648 1231 808 1271 carus
839 1232 960 1273 esse
990 1214 1186 1283 debet,
1212 1218 1354 1287 quod
1389 1219 1556 1289 prima
1598 1220 1649 1275 in
1689 1221 1878 1278 Galliis

266 1304 465 1377 jecerit
507 1304 963 1362 monasteriorum
1014 1306 1379 1364 fundamenta.
1426 1310 1649 1365 Domum
1691 1312 1737 1367 si
1771 1329 1877 1368 non

271 1401 416 1471 quod
443 1402 655 1465 nostra,
686 1389 779 1457 sed
809 1399 952 1472 quod
977 1393 1236 1458 Ecclesia:
1254 1394 1421 1460 refert
1441 1445 1457 1466 ,
1492 1405 1878 1475 respiciamus;

273 1492 397 1562 quis
424 1498 586 1563 neget
619 1490 767 1548 tanto
796 1492 964 1563 pluris
993 1493 1114 1564 ejus
1138 1494 1423 1561 interesse,
1454 1505 1511 1551 ut
1540 1513 1669 1568 pura
1691 1514 1756 1554 ac
1780 1499 1883 1555 sin-

273 1600 399 1640 cera
430 1582 627 1642 habeat
662 1576 853 1643 Hilarii
894 1589 1126 1659 scripta,
1168 1580 1371 1661 quanto
1402 1593 1620 1662 majoris
1660 1600 1786 1649 sunt
1813 1592 1883 1648 ad

275 1664 437 1733 iidem
460 1678 608 1734 illius
639 1677 1025 1735 adstr'uendar'n
1058 1678 1436 1739 auctoritatis?
1460 1684 1596 1741 Nam
1632 1701 1753 1741 cum
1784 1672 1885 1743 Ec-

279 1771 442 1827 ch-sia
470 1764 632 1827 iidem
672 1788 825 1827 suam
857 1789 887 1828 a
919 1771 1139 1830 Christo
1166 1784 1220 1831 et
1259 1762 1538 1848 Apostolis
1574 1787 1773 1846 teneat,
1804 1779 1879 1834 illi

2052 1118 2105 1175 5.
2140 1116 2217 1175 Ex
2249 1116 2470 1177 Roherti
2500 1119 2779 1179 Fortunati
2802 1120 3261 1181 Macloviensisad
3286 1124 3433 1183 Badii
3466 1124 3581 1181 edi-

1982 1206 2182 1268 tionem
2212 1213 2529 1283 praefatione
2549 1214 2863 1286 accipimus,
2890 1214 3055 1274 libros
3086 1216 3154 1273 de
3193 1217 3477 1285 Trinitate,
3509 1217 3579 1273 ad

1982 1303 2391 1370 Constantium,
2424 1314 2610 1364 contra
2656 1304 3028 1363 Consmntium
3058 1350 3072 1375 ,
3116 1317 3309 1365 contra
3362 1309 3583 1367 Auxen-

1984 1398 2117 1453 tium
2140 1406 2196 1454 et
2224 1396 2290 1453 de
2314 1395 2574 1471 Synodis,
2603 1406 2834 1471 primum
2862 1399 3078 1471 Georgii
3109 1398 3326 1459 Cribclli
3357 1403 3584 1476 presby-

1986 1492 2085 1547 tcri
2106 1506 2272 1562 opera
2307 1492 2360 1546 in
2388 1490 2561 1547 lucem
2594 1489 2888 1562 prodiisse;
2928 1501 3039 1547 tum
3067 1492 3502 1553 Commentarios
3531 1493 3584 1550 in

1988 1578 2320 1642 Psalmorum
2351 1584 2780 1656 explanationem
2810 1601 2840 1640 a
2878 1584 3126 1642 Iohanne
3166 1584 3351 1643 Solido
3388 1585 3590 1645 Craco-

1986 1680 2097 1744 vio,
2144 1678 2471 1736 adhortante
2517 1678 2722 1738 Jacobo
2753 1679 2930 1737 Fabro
2953 1680 3282 1753 Stapulensi,
3321 1698 3352 1737 e
3389 1682 3492 1737 situ
3534 1690 3592 1737 et

1989 1770 2439 1845 squalloreluisse
2468 1772 2811 1844 redemptos;
2841 1788 2903 1830 ac
2933 1774 3145 1829 tandem
3174 1789 3317 1830 anno
3342 1768 3594 1831 15108³-

282 1881 348 1920 co
376 1865 658 1935 graviores
682 1876 805 1920 sunt
834 1862 1033 1933 testes,
1065 1884 1172 1937 quo
1212 1860 1524 1939 apostolicis
1556 1870 1886 1941 temporibus
1915 1852 1963 1921 Β
1992 1864 2143 1922 dium
2166 1863 2508 1934 Ascensium,
2538 1881 2657 1923 cum
2681 1882 2710 1920 a
2739 1860 3027 1923 Guillelmo
3050 1865 3225 1923 Parvo
3257 1867 3418 1938 regiae
3463 1881 3596 1921 con—

284 1958 597 2012 viciniores.
632 1956 816 2028 Neque
843 1960 1044 2014 multos
1068 1975 1100 2016 e
1122 1960 1303 2016 latinis
1329 1961 1577 2018 Patribus
1603 1978 1890 2020 recensere

284 2050 390 2115 est,
420 2049 513 2119 qui
543 2058 707 2106 rotate
750 2042 1011 2106 Hilarium
1055 2052 1385 2123 praecedant.
1426 2048 1558 2109 Nam
1590 2065 1712 2126 post
1756 2054 1890 2112 Ter-

285 2143 593 2207 tullianum,
626 2140 966 2201 Lactantium
1009 2154 1170 2218 atque
1214 2147 1580 2220 Cyprianum,
1613 2149 1697 2203 vix
1727 2166 1890 2204 unum

286 2240 533 2308 reperias
573 2238 803 2310 alicujus
842 2240 1075 2296 nominis
1111 2257 1177 2298 eo
1218 2242 1603 2313 antiquiorem.
1631 2244 1726 2300 llle
1765 2261 1894 2301 vero

282 2332 365 2386 let
397 2331 510 2387 fere
544 2347 825 2401 pratcoues
849 2332 1030 2401 habet,
1055 2343 1187 2406 quot
1208 2335 1364 2395 nobis
1392 2348 1516 2410 post
1548 2339 1720 2410 ipsum
1754 2355 1895 2411 pra:-

286 2417 430 2479 ‘stitit
456 2424 599 2479 Deus
629 2423 750 2480 lidei
782 2425 1059 2483 Doctores.

368 2514 424 2571 '5.
460 2515 699 2572 Primum
743 2532 772 2572 a
808 2528 920 2574 toto
967 2517 1209 2576 Concilio
1246 2516 1539 2579 Parisiensi
1582 2523 1753 2595 ﬁdelis
1794 2520 1902 2581 Do-

301 2612 477 2667 minici
539 2613 753 2669 nominis
796 2614 1108 2686 prazdicator
1163 2618 1606 2689 cognominatus,
1674 2621 1903 2679 subinde

303 2698 375 2760 ab
435 2708 731 2778 Augustino
786 2708 955 2764 audiit
1019 2708 1264 2768 Ecclesiae
1328 2714 1595 2770 catholicae
1662 2716 1905 2773 adversus

302 2801 569 2883 ltwreticos
618 2801 895 2858 acerrimus
947 2804 1187 2877 defensor
1214 2822 1234 2861 :
1265 2808 1548 2865 catholicus
1590 2819 1641 2865 et
1690 2809 1906 2883 insignis

302 2880 554 2948 Ecclesia:
582 2894 851 2951 catholica
895 2896 1095 2964 doctor,
1147 2910 1195 2954 et
1234 2916 1337 2955 non
1386 2902 1656 2957 mediocris
1683 2880 1910 2959 auctori-

302 2988 423 3043 tatis
448 2989 504 3043 in
534 2991 839 3046 tractatione
869 2990 1262 3064 Scripturaruu:
1287 3003 1338 3050 et
1379 2996 1435 3051 in
1484 2998 1760 3054 assertione
1788 2998 1913 3069 ﬁdei

301 3078 399 3136 vir.
446 3082 689 3155 (August.
732 3084 821 3139 lib.
866 3102 884 3140 ι
925 3097 1060 3142 cant.
1101 3084 1307 3145 Julian.
1340 3108 1457 3162 cap.
1492 3092 1555 3157 5;
1589 3092 1680 3149 lib.
1704 3108 1766 3160 tt,
1787 3109 1834 3148 c.
1856 3093 1911 3159 7;

304 3186 352 3231 et
379 3170 469 3233 lib.
500 3190 576 3243 γι,
601 3176 666 3231 de
689 3168 865 3246 Trin.,
888 3196 936 3235 c.
972 3170 1082 3253 10)..
1111 3180 1247 3237 Tum
1268 3198 1303 3237 a
1328 3182 1587 3239 Cassiano
1612 3184 1727 3255 (lib.
1760 3200 1833 3240 vtt
1851 3185 1916 3240 de

304 3258 425 3326 inc.
456 3289 503 3326 ο.
537 3270 605 3338 2;
633 3266 725 3327 lib.
781 3244 857 3341 x,
885 3292 931 3329 c.
956 3274 1019 3341 5;
1042 3244 1149 3330 'lib.
1183 3293 1222 3343 ι,
1269 3295 1313 3332 c.
1349 3274 1408 3349 4)
1460 3244 1707 3334 laudatus
1731 3288 1819 3334 est
1859 3287 1919 3335 ut
1943 3244 1990 3321 Ε

308 3356 563 3435 Magister
640 3362 1033 3435 Ecclesiarum,
1090 3378 1145 3424 et
1209 3384 1239 3424 a
1300 3365 1557 3425 Facundo
1638 3369 1916 3428 Hermian.

307 3466 457 3511 hunc
508 3464 572 3510 ut
634 3456 942 3512 Arianorum
999 3460 1381 3530 potentissimus
1436 3473 1587 3535 atque
1641 3463 1921 3518 acerrimus

308 3558 656 3622 expugnator,
714 3566 857 3607 nunc
884 3561 942 3606 ut
995 3553 1315 3611 doctissimus
1357 3558 1568 3612 antistes
1610 3567 1659 3613 et
1698 3559 1921 3630 fortissi-

309 3650 428 3699 iuns
470 3638 759 3718 confessor.
801 3645 905 3702 Sed
948 3646 1119 3720 elogia
1148 3660 1343 3705 caetera
1372 3661 1591 3722 superat
1618 3652 1771 3722 illud,
1813 3666 1924 3725 quo

322 3738 448 3794 eum
498 3738 788 3796 Facundus
834 3736 990 3812 (Lib.
1041 3752 1219 3797 contra
1263 3738 1598 3816 Mucianum)
1637 3744 1778 3800 idem
1825 3759 1923 3801 v0-

310 3834 405 3886 hat
472 3833 776 3903 prudentem
824 3849 883 3888 ac
932 3832 1255 3891 'ntoderatmn
1312 3834 1559 3893 Ecclesiae
1614 3837 1924 3910 gubernato-

315 3940 425 3980 rem
458 3942 476 3981 :
508 3927 665 3996 quasi
695 3924 785 3998 qui
822 3930 928 3983 non
958 3930 1138 3997 unius,
1181 3922 1276 3986 sed
1307 3931 1473 3986 totius
1511 3930 1763 3989 Ecclesiae
1817 3946 1929 3988 sns-

318 4018 558 4087 cepisset
579 4020 976 4092 prudenterque
1002 4021 1924 4095 moderatusessetgubernaculum.

322 4112 479 4183 Apud
508 4113 897 4187 Hieronymum
930 4127 1131 4184 autem,
1165 4127 1221 4172 ut
1258 4127 1489 4174 caeteros
1530 4119 1744 4173 interim
1768 4116 1931 4173 silea-

323 4221 467 4273 mus,
500 4217 716 4277 quanta:
751 4207 1093 4263 auctoritatis
1126 4208 1253 4263 fuit?
1278 4206 1375 4264 Ille
1400 4224 1462 4266 se
1491 4209 1620 4264 satis
1649 4218 1927 4281 purgatum

326 4309 502 4373 putat,
551 4301 641 4355 ubi
694 4301 990 4358 ostenderit
1031 4302 1131 4357 sibi
1174 4302 1484 4373 praeluxisse
1523 4301 1709 4356 Hilarii
1743 4317 1930 4357 exem-

324 4393 475 4464 plum
523 4410 538 4447 :
590 4392 682 4449 Sic
741 4390 833 4449 hoc
877 4396 1068 4450 crimen
1106 4402 1213 4464 est,
1266 4394 1439 4465 inquit
1481 4395 1641 4465 epist.
1694 4392 1799 4463 75,
1844 4410 1933 4449 ar—

328 4494 519 4559 guatur
573 4497 624 4543 et
666 4491 929 4560 confessor
991 4486 1227 4544 Hilarius
1277 4504 1296 4543 :
1341 4494 1394 4543 et
1430 4489 1592 4560 epist.
1633 4486 1701 4543 62
1749 4506 1762 4542 :
1816 4485 1932 4543 Hoc

326 4584 433 4635 non
484 4582 624 4635 solus
668 4596 760 4652 ego
805 4582 935 4653 feci,
995 4582 1086 4636 sed
1126 4590 1176 4637 et
1228 4576 1491 4651 confessor
1546 4578 1822 4649 Hilarius;
1867 4595 1930 4636 ac

330 4676 552 4732 demum
584 4676 741 4746 epist.
774 4674 898 4751 ίῳ,
926 4690 1049 4730 cum
1073 4675 1173 4749 ipsi
1197 4685 1509 4747 suppeteret
1542 4668 1687 4732 unde
1708 4690 1767 4731 se
1794 4675 1933 4730 mul-

332 4774 512 4826 tomm
546 4769 794 4838 exemplo
837 4778 1111 4835 tueretur,
1161 4785 1323 4824 unum
1378 4767 1481 4824 hoc
1513 4768 1776 4840 protulit:
1807 4768 1937 4841 Suf-

330 4860 442 4935 Ii‘cit
490 4864 544 4917 in
600 4863 838 4934 pm'senti
878 4864 1167 4919 nominasse
1227 4862 1491 4919 Hilarium
1570 4865 1933 4937 confessorem.

405 4958 462 5012 ὅ.
492 4948 602 5025 ipsi
631 4956 794 5010 etiam
825 4954 1022 5024 Graeci,
1052 4956 1107 5012 in
1134 4954 1416 5013 laudandis
1447 4957 1653 5013 Latinis
1684 4956 1937 5029 quamvis

334 5048 641 5122 parcissitui
672 5089 686 5112 ,
723 5047 789 5103 ab
821 5046 968 5104 illius
1008 5058 1185 5105 tamen
1218 5048 1375 5104 laude
1410 5050 1633 5106 minime
1664 5050 1938 5105 abstinue-

335 5142 484 5202 runt.
506 5138 649 5199 Eum
676 5158 796 5197 cum
821 5143 890 5198 ob
912 5143 1250 5198 sanctitatem
1276 5143 1423 5209 vitat,
1452 5152 1565 5198 tum
1591 5142 1663 5198 ob
1680 5142 1940 5197 doctrina:

336 5238 503 5306 atque
541 5236 865 5308 eloquentia).
903 5235 1265 5307 praestantiam
1310 5237 1524 5308 egregie
1564 5234 1944 5292 commendant

335 5326 596 5389 Socrates
616 5330 708 5385 lib.
738 5330 817 5396 ui,
842 5343 892 5385 c.
921 5329 1006 5396 10;
1032 5328 1362 5386 Sozomenus
1384 5328 1480 5384 lib.
1508 5345 1585 5398 tu,
1610 5344 1659 5384 c.
1688 5328 1753 5384 14
1771 5338 1826 5384 et
1856 5328 1941 5396 l5,

341 5426 559 5481 necnon
584 5420 679 5478 lib.
705 5438 760 5488 v,
788 5436 838 5478 c.
872 5422 958 5479 15.
990 5420 1327 5492 Nicephorus
1355 5420 1573 5478 Callisti
1608 5421 1701 5478 lib.
1730 5438 1785 5483 x.
1819 5437 1936 5490 cap.

336 5506 639 5589 'l‘lJpsitts
667 5515 829 5572 etiam
859 5514 1181 5572 testimoniis
1215 5514 1356 5571 dicta
1383 5530 1477 5570 sua
1518 5514 1734 5571 lirmant
1767 5513 1947 5570 Theo-

338 5602 569 5665 ‘ﬂofe’tus
592 5600 741 5664 'Dial.
777 5606 844 5674 2;
873 5602 1141 5678 Ephrem.
1176 5598 1489 5677 ‘Theoltolit.
1511 5607 1653 5678 apud
1698 5604 1945 5663 Photium

348 5706 485 5772 page
550 5698 680 5763 807,
727 5688 815 5755 tibi
854 5696 1206 5756 Eabalitarum
1249 5700 1522 5771 episcopus
1572 5699 1705 5755 falso
1746 5713 1952 5755 nuncu-

350 5796 529 5865 patur.
575 5794 715 5861 Quin
748 5801 805 5847 et
828 5788 1276 5850 Cltalcedonense
1308 5790 1596 5848 concilium
1643 5808 1750 5849 non
1793 5788 1954 5846 modo

1997 1958 2247 2017 fessionis
2295 1959 2543 2025 auditore
2586 1956 2874 2017 Tractatus
2904 1961 2956 2015 in
3000 1958 3309 2015 Mattlneum
3337 1974 3441 2015 una
3470 1973 3596 2014 cum

1996 2054 2224 2125 epistola
2253 2052 2321 2109 ad
2350 2054 2549 2127 Apram
2587 2069 2620 2110 e
2648 2054 2821 2110 sancti
2858 2052 3083 2126 Beuigni
3125 2052 3464 2110 Diviouensis
3489 2067 3603 2109 cte-

1998 2148 2163 2203 nobio
2192 2156 2376 2203 erutos
2402 2148 2725 2217 accepisset,
2755 2146 2974 2203 eosdem
3002 2163 3122 2204 cum
3156 2144 3427 2218 praedictis
3453 2144 3603 2203 Hila-

2000 2239 2065 2296 rii
2090 2239 2358 2311 Operibus
2384 2230 2556 2313 przelo
2602 2257 2702 2296 suo
2742 2238 2964 2296 Parisiis
3003 2240 3299 2311 subjecisse
3334 2255 3398 2296 ac
3424 2240 3605 2296 divul-

2003 2349 2185 2406 gassc.
2218 2333 2523 2406 Optandum
2544 2331 2736 2401 fuerat,
2770 2342 2828 2390 ut
2853 2328 3306 2406 quemadmodum
3336 2350 3364 2389 a
3402 2349 3610 2407 suppo-

2003 2426 2186 2484 sititiis
2212 2442 2368 2498 pura,
2390 2436 2461 2482 tta
2494 2435 2549 2483 et
2572 2444 2603 2483 a
2632 2424 2845 2484 mendis
2875 2427 3178 2484 innumeris
3202 2428 3460 2502 castigata
3483 2444 3610 2499 pro-

2004 2510 2194 2575 diisset
2217 2519 2333 2575 haec
2360 2518 2549 2576 editio.

2080 2612 2133 2669 6.
2166 2610 2449 2669 Tredecim
2478 2622 2600 2685 post
2623 2613 2781 2669 anuis
2812 2608 3072 2670 Erasmus
3098 2612 3164 2669 ad
3197 2613 3363 2670 libros
3386 2614 3611 2686 potissi-

2008 2721 2157 2761 mum
2211 2698 2279 2761 de
2334 2702 2600 2761 Triuitate
2649 2704 2992 2778 castigandos
3042 2706 3290 2762 animum
3341 2708 3551 2779 appulit
3598 2726 3614 2763 :

2011 2798 2297 2856 Tractatus
2344 2800 2480 2855 alios
2521 2809 2579 2855 ut
2635 2799 2920 2871 plurimum
2968 2811 3057 2855 aut
3098 2803 3334 2874 neglexit
3371 2819 3614 2875 prorsus,

2012 2905 2107 2951 aut
2148 2906 2371 2966 propter
2426 2903 2668 2952 veterum
2710 2888 2959 2950 codicum
3002 2901 3281 2966 penuriam
3327 2898 3622 2956 emendare

2015 3003 2123 3043 non
2148 2986 2315 3043 valuit
2339 3005 2353 3056 ;
2393 2985 2605 3042 laudem
2631 2997 2807 3042 tamen
2840 3002 2938 3042 suo
2960 3002 3027 3043 ex
3048 2987 3237 3045 labore
3263 2989 3552 3059 relaturus,
3577 2992 3628 3050 Si

2016 3086 2077 3137 8e
2107 3098 2136 3134 a
2183 3078 2568 3137 declamatoria
2622 3078 2940 3151 prmlatioue
2982 3078 3369 3149 abstinuisset,
3412 3098 3533 3154 qua:
3571 3089 3630 3141 et

2019 3192 2187 3232 sacra:
2218 3175 2550 3244 inquisitioni
2580 3174 2835 3230 Romanae
2856 3216 2871 3242 ,
2904 3184 2959 3231 et
3002 3174 3297 3233 Parisiensi
3327 3176 3409 3250 (Ι)
3446 3176 3627 3234 Theo-

2023 3267 2178 3339 logia:
2220 3264 2494 3323 Facultati
2534 3265 2781 3322 censuris
2824 3264 2986 3337 digna
3017 3266 3216 3323 merito
3254 3268 3367 3323 visa
3414 3278 3518 3324 est.
3562 3267 3625 3325 In

2023 3358 2125 3417 hac
2179 3361 2413 3433 quippe,
2460 3368 2515 3414 ut
2553 3358 2759 3417 Gillotii
2811 3359 2992 3415 verbis
3037 3369 3284 3425 utamur,
3332 3360 3624 3415 vanissimis

2024 3454 2506 3524 contumeliosisque
2551 3448 2968 3524 digressionibus.
3023 3468 3149 3521 quas
3197 3451 3435 3523 gratiosis
3465 3467 3626 3507 excu-

2024 3544 2305 3600 sationibus
2323 3545 2549 3611 involvit,
2582 3543 2812 3615 plurima
2843 3540 3033 3598 Hilarii
3059 3545 3200 3599 dicta
3222 3554 3485 3615 gestaque
3501 3544 3627 3600 sini-

2026 3644 2193 3695 'stram
2244 3638 2296 3693 in
2325 3649 2531 3709 partem
2578 3636 2659 3692 sic
2702 3636 3111 3708 interpretatur,
3161 3647 3221 3691 ut
3258 3636 3504 3693 videatur
3556 3651 3627 3693 ex

2027 3728 2266 3787 liberiori
2313 3730 2542 3802 quadam
2583 3726 2835 3800 carpendi
2882 3737 3127 3784 sanctum
3184 3728 3358 3784 virum
3406 3728 3629 3785 licentia

2027 3826 2251 3900 gloriam
2276 3827 2377 3884 sibi
2397 3827 2572 3882 lacere
2588 3825 2843 3882 voluisse.
2860 3823 3020 3881 Modo
3044 3826 3187 3880 enim
3213 3816 3438 3880 Arianos
3460 3840 3632 3882 excu-

2029 3933 2143 3989 sat,
2173 3938 2279 3995 quo
2310 3924 2451 3994 pium
2482 3898 2769 3977 Prmsulem
2794 3919 2973 3977 acrius
3004 3920 3249 3975 mordeat
3279 3938 3291 3972 :
3322 3918 3484 3975 modo
3506 3935 3629 3990 qua:

2030 4016 2278 4071 virtutem
2309 4017 2361 4070 in
2393 4030 2459 4070 eo
2485 4014 2712 4084 spirant,
2740 4013 2867 4069 vitio
2894 4011 3102 4068 tribuit.
3149 4010 3248 4068 Ubi
3270 4012 3372 4067 ille
3399 4027 3629 4068 summa:

2032 4104 2547 4162 tuoderationissua:
2576 4102 2733 4159 (idem
2754 4103 2877 4159 hinc
2898 4103 3076 4158 facere
3090 4111 3338 4168 conatur,
3358 4100 3503 4172 quod
3524 4115 3626 4171 per

2032 4208 2203 4255 totum
2248 4198 2419 4254 exsilii
2452 4209 2664 4267 tempus
2696 4191 2825 4251 nihil
2854 4203 3039 4250 contra
3078 4193 3315 4249 Ariauas
3342 4202 3524 4266 partes
3546 4190 3630 4250 fa-

2032 4307 2241 4347 mosum
2269 4299 2361 4345 aut
2400 4287 2685 4359 scripserit
2713 4295 2805 4342 aut
2843 4285 3075 4352 dixerit;
3126 4301 3247 4341 eain
3275 4284 3439 4341 etiam
3480 4285 3633 4359 tingit

2033 4381 2290 4439 Erasmus
2310 4386 2417 4436 tam
2445 4378 3158 4446 diuturnisileutiicausam,
3198 4380 3335 4447 quod
3378 4379 3433 4433 in
3480 4388 3630 4435 tanta

2033 4475 2213 4530 mundi
2234 4473 2448 4530 dissidio
2496 4470 2734 4527 nonnihil
2770 4469 3057 4542 ambigeret
3103 4471 3245 4526 illius
3287 4474 3490 4527 animus
3515 4488 3634 4543 quat

2034 4584 2152 4624 uera
2201 4567 2328 4638 ﬁdes
2380 4572 2511 4621 esset
2538 4560 2700 4634 (Lib.
2743 4577 2797 4618 γι
2838 4561 2901 4616 de
2948 4560 3136 4632 Trin.,
3181 4580 3237 4617 η.
3294 4561 3410 4632 ει).
3466 4562 3636 4633 Quasi

1956 4624 2013 4708 Ϊ)
2042 4680 2171 4719 vero
2201 4624 2284 4718 'de
2314 4660 2416 4717 [ide
2456 4660 2537 4716 vel
2584 4658 2860 4713 minimum
2901 4656 3178 4713 dubitasse
3207 4654 3511 4714 credendus
3539 4658 3635 4727 sit,

2040 4759 2131 4832 qui
2168 4773 2227 4814 se
2275 4774 2371 4830 pro
2408 4755 2520 4827 ipsa
2579 4752 2776 4808 tuenda
2827 4751 3093 4808 commori
3143 4767 3346 4823 posse,
3414 4769 3515 4810 nec
3566 4754 3636 4810 ab

2042 4870 2104 4910 ea
2157 4868 2315 4924 posse
2358 4850 2463 4906 ulla
2524 4849 2731 4905 ratione
2784 4847 2964 4904 divelli
3017 4858 3071 4904 et
3113 4848 3251 4904 dixit
3299 4859 3356 4906 et
3404 4865 3530 4907 vere
3575 4864 3638 4907 se

2044 4948 2246 5005 dixisse
2292 4953 2398 5001 tam
2429 4943 2590 5014 longo
2628 4953 2843 5014 tamque
2871 4942 3125 4998 diuturno
3174 4941 3366 4999 exsilio
3399 4956 3464 4998 ac
3490 4942 3638 4998 mul-

2044 5043 2112 5097 tis
2159 5040 2278 5096 aliis
2328 5036 2585 5110 praeclare
2635 5038 2803 5109 gestis
2852 5036 3255 5093 evidetttissime
3311 5036 3640 5108 comproba-

2043 5142 2142 5196 vit.
2174 5137 2312 5208 Quid
2360 5135 2517 5204 illud,
2568 5135 2713 5206 quod
2762 5150 2883 5191 cum
2935 5134 3051 5189 sola
3094 5132 3295 5189 Christi
3350 5148 3536 5200 causa,
3582 5140 3646 5189 ut

2047 5234 2318 5290 silentium
2344 5236 2646 5300 rumperet,
2670 5235 2983 5299 permotum
3034 5242 3094 5281 se
3136 5235 3362 5283 testatur
3408 5222 3645 5280 Hilarius

2051 5324 2103 5399 (1
2111 5344 2141 5380 n
2170 5323 2462 5391 Constant.,
2493 5339 2547 5377 η.
2575 5323 2612 5377 2
2637 5333 2694 5378 et
2740 5320 2827 5393 5),
2880 5319 3137 5376 Erasmus
3167 5321 3279 5375 vult
3317 5321 3418 5375 hoc
3446 5320 3648 5373 factum

2050 5433 2173 5475 esse
2198 5414 2373 5472 CXsilii
2403 5412 2777 5486 impatientia?
2800 5411 2894 5467 His
2919 5411 3146 5482 aliisque
3177 5404 3451 5475 iudicavit,
3483 5423 3647 5463 num-

2052 5524 2213 5580 quam
2262 5506 2363 5564 Sibi
2407 5506 2540 5563 satis
2583 5514 2768 5560 nottttn
2803 5502 2971 5559 fuisse
3001 5498 3279 5558 fortissimi
3322 5498 3655 5557 confessoris

2054 5603 2320 5668 animum,
2366 5615 2536 5671 seque
2584 5597 2728 5652 illius
2766 5595 2965 5665 Opera,
2996 5593 3048 5649 in
3091 5594 3284 5665 quibus
3330 5588 3655 5663 intrepidam

2058 5694 2185 5751 ﬁdei
2235 5710 2348 5749 suae
2378 5689 2737 5748 conStantiam
2770 5687 2967 5759 ubique
3002 5685 3261 5759 graphice
3298 5682 3656 5756 consignavit,

2137 5809 2216 5880 (1)
2259 5808 2570 5880 Recensetur
2594 5804 2727 5859 inter
2761 5801 2917 5857 libros
2948 5814 3170 5855 censura
3188 5808 3398 5856 notatos
3422 5800 3498 5857 ab
3524 5816 3662 5858 asino

350 5892 458 5943 act.
479 5892 529 5955 ει,
551 5892 676 5959 pag.
702 5876 839 5952 Sto,
870 5886 927 5942 et
946 5888 1053 5941 act.
1080 5892 1118 5943 ιι
1142 5929 1154 5953 ,
1178 5890 1307 5959 pag.
1332 5876 1441 5944 διο
1465 5928 1480 5953 ,
1508 5888 1651 5942 inter
1677 5901 1769 5942 eos
1801 5883 1954 5940 illum
2066 5871 2209 5939 1514'
2224 5880 2291 5937 ad
2317 5898 2405 5934 an.
2433 5871 2593 5931 1556.
