4044 6350
540 331 611 389 15
1786 309 2127 373 ΡΒᾸΞΕΑΤΙ(

2235 306 2617 369 lENEHALIS.
3769 301 3836 359 π»

537 445 817 503 festinanti
857 443 1038 501 animo
1066 440 1327 514 attigisse.
1374 436 1509 494 Hinc
1540 447 1645 489 non
1687 431 1818 489 satis
1844 438 2128 485 accuratus
2155 427 2211 488 Α
2233 444 2352 499 qum
2378 428 2642 483 adversus
2672 424 2933 480 Hilarium
2982 421 3272 479 diaconum
3313 417 3581 492 baptisma
3610 418 3830 476 ἣξει-ειί-

538 543 833 599 lectiomun
856 540 1122 595 delectus.
1153 551 1296 604 Sa-pe
1323 533 1480 589 etiam
1513 530 1806 601 neglectus.
1836 525 1970 580 Hinc
1997 539 2136 595 pra:-

544 648 780 705 propera
814 632 956 688 illius
983 630 1050 686 de
1076 626 1314 683 doctoris
1358 623 1524 678 nostri
1564 620 1814 690 scriptis,
1853 617 2092 672 doctrina
2117 657 2132 679 ,

537 728 732 799 gestis,
766 725 1030 788 moribus,
1064 733 1118 779 et
1146 723 1456 790 plerumque
1485 717 1615 771 falsa
1639 714 1861 785 judicia.
1896 711 2136 767 llominis

538 822 726 878 multis
779 820 1022 886 occupati
1074 817 1322 873 lubenter
1364 826 1692 870 excusamus
1746 810 1948 881 lapsus,
1994 807 2137 862 ultro

539 919 703 973 etiam
747 915 963 971 silentio
994 925 1398 982 promeremus,
1432 908 1535 963 nisi
1566 918 1704 963 nata:
1738 905 1864 961 inde
1890 903 2136 975 quaedam

540 1010 830 1081 Opiniones
858 1007 1060 1063 Hilario
1104 1001 1512 1061 contumeliosa:
1555 1001 1908 1070 plurimorum
1944 998 2138 1053 animis

537 1105 701 1160 altius
730 1102 1074 1158 insedissent.
1119 1098 1459 1167 Quamqu-m
1504 1110 1666 1150 nemo
1704 1110 1826 1149 eum
1857 1092 2017 1148 facile
2044 1108 2140 1147 ex-

538 1204 781 1254 cusatum
812 1193 1027 1255 habeat,
1063 1191 1208 1258 quod
1238 1190 1290 1246 in
1327 1188 1553 1245 dicenda
1582 1187 1651 1243 de
1690 1186 1855 1243 rebus
1884 1184 2139 1256 gravissi-

538 1290 644 1345 mis
667 1285 934 1344 sententia
959 1294 1065 1341 tam
1096 1284 1272 1340 facilis
1297 1292 1511 1351 tamque
1541 1295 1780 1351 praeceps
1804 1279 1983 1335 fuerit.
2006 1277 2138 1344 Quis

534 1385 679 1441 enim
709 1397 832 1438 eum
868 1396 977 1437 non
1008 1379 1267 1446 damnet,
1299 1375 1441 1448 quod
1483 1374 1739 1446 quidquid
1781 1373 2137 1443 Hieronymus

532 1485 722 1533 contra
768 1472 1029 1529 Hilarium
1058 1470 1342 1526 diaconum
1374 1467 1776 1524 anilerianum
1817 1464 2037 1529 scribit,
2070 1463 2136 1518 ad

534 1568 799 1623 Hilarium
840 1565 1213 1621 Pictavensem
1245 1562 1557 1632 episcopum
1589 1559 1809 1622 referat,
1845 1558 1965 1612 licet
1993 1565 2141 1627 post-

534 1660 760 1717 modum
789 1661 1017 1714 lateatnr
1038 1672 1096 1712 se
1124 1656 1383 1711 incertqu
1412 1668 1555 1717 esse,
1583 1670 1648 1706 an
1681 1650 1939 1706 adversus
1961 1649 2135 1720 ipsum

527 1750 845 1823 Hieronymi
873 1748 1013 1803 dicta
1037 1745 1383 1817 intelligenda
1412 1745 1559 1801 sint?
1587 1744 1655 1800 Ut
1678 1744 1822 1799 enim
1864 1742 2137 1798 mittamus

2237 534 2422 575 corum
2462 535 2568 575 non
2600 518 2950 589 recipientem
2993 516 3356 587 Hieronymus
3394 514 3609 582 dialogo
3646 523 3835 566 contra

2238 612 2475 668 Lucifer.
2504 610 2744 681 scripsit.
2779 609 3172 664 Animadvertit
3200 606 3416 678 quidem
3462 604 3712 661 Grintnus
3744 603 3836 659 ob-

2234 704 2422 774 jectart
2474 703 2575 759 sibi
2626 717 2805 772 posse,
2839 716 2963 757 eum
2998 699 3069 754 ibi
3102 700 3169 754 ab
3200 697 3529 770 Hieronymo
3573 694 3831 751 Hilarium

2240 797 2437 862 notari,
2470 794 2558 866 qui
2588 794 2639 848 in
2668 793 2880 850 diaconi
2912 808 3133 848 munero
3156 790 3441 846 defunctus
3461 788 3529 844 ad
3557 790 3835 859 episcopa-

2239 900 2351 946 tum
2396 904 2684 960 numquam
2728 888 3035 959 pervenerit
3067 904 3081 941 :
3113 885 3205 942 sed
3246 884 3433 946 brevis
3479 884 3529 940 ei
3576 882 3836 939 succurrit

2239 982 2595 1053 espeditaque
2622 982 2925 1052 responsio,
2950 978 3206 1038 mendum
3236 978 3288 1033 in
3322 977 3637 1050 Hieronymi
3672 976 3835 1032 libros

2240 1074 2539 1147 irrepsisse.
2577 1073 2694 1129 Non
2722 1072 2941 1128 levioris
2979 1071 3235 1127 momenti
3266 1082 3369 1139 est,
3393 1070 3537 1142 quod
3568 1070 3621 1124 in
3649 1068 3835 1125 eadem

2239 1171 2345 1226 vita
2376 1170 2587 1234 asserit.
2634 1168 2879 1241 quosdam
2908 1164 3070 1223 ex‘D.
3123 1164 3313 1220 Hilarii
3357 1164 3574 1237 collegio
3614 1163 3834 1233 sodales,

2238 1267 2341 1319 sive
2395 1262 2683 1318 Canonicos
2751 1279 2878 1334 quos
2930 1271 3133 1327 vocant,
3186 1258 3412 1315 extitisse
3451 1260 3540 1329 qui
3581 1258 3835 1322 dicerent,

2240 1357 2392 1413 licere
2434 1357 2559 1426 ipsis
2601 1354 2898 1409 honorabile
2927 1354 3225 1425 confugium
3253 1351 3553 1407 contrahere
3592 1368 3659 1406 ex
3692 1351 3835 1405 insti-

2240 1460 2350 1503 tuto
2394 1446 2607 1513 Hilarii,
2644 1448 2727 1518 qui
2756 1448 2915 1519 legem
2946 1449 3009 1501 de
3035 1446 3269 1501 caelibatu
3292 1446 3401 1500 suis
3438 1446 3651 1499 minime
3678 1445 3839 1515 scrip-

2238 1544 2426 1609 sisset,
2478 1551 2584 1597 tam
2635 1543 2816 1613 gravis
2854 1542 3170 1596 assertionis
3223 1541 3347 1596 audi
3407 1540 3641 1609 lepidam
3718 1555 3837 1611 pro-

2238 1635 2535 1702 bationem,
2570 1647 2623 1690 ut
2654 1637 2780 1690 mihi
2824 1637 3051 1690 narravit
3098 1636 3173 1690 vir
3214 1635 3533 1690 clarissimus
3578 1633 3839 1706 Gasparns

2243 1728 2528 1800 Het‘vagius
2554 1729 2609 1783 J.
2648 1728 2714 1784 ιγ.
2749 1729 3156 1783 consultissimus
3200 1738 3247 1781 et
3295 1728 3487 1782 amicus
3514 1743 3676 1782 mens.
3713 1726 3837 1795 Qui-

528 1843 675 1913 quod
709 1819 816 1896 non
849 1839 1140 1896 admodum
1170 1840 1414 1894 abstrusa
1445 1846 1563 1893 erat
1594 1836 1754 1908 hujus
1783 1836 1860 1891 rei
1905 1850 2104 1906 perccp
2158 1821 2205 1882 B
2237 1822 2335 1877 bus
2363 1823 2582 1893 ineptiis
2607 1820 2971 1887 confutandis,
2992 1822 3226 1893 aliisque
3256 1819 3562 1877 referendis
3589 1836 3840 1892 supersc-

529 1937 629 2000 tio,
656 1946 803 1991 certe
825 1934 894 1990 ab
919 1936 1125 1989 incerto
1152 1932 1205 1988 in
1227 1931 1550 2005 catholicum
1581 1929 1840 1985 Ecclesiae
1856 1930 2131 1985 doctorem

525 2044 594 2085 ac
646 2029 987 2085 delensnrem
1041 2026 1336 2097 prtrfraette
1391 2025 1615 2080 haeresis
1684 2023 1920 2094 suspicio
1975 2023 2132 2077 nullo

529 2131 693 2194 pacto
724 2119 1009 2191 injicienda
1051 2131 1189 2175 erat.
1235 2118 1385 2175 Hanc
1417 2118 1624 2173 Erasmi
1655 2117 1948 2172 editionem
1990 2132 2133 2172 anno

532 2214 677 2269 132.5
731 2212 952 2268 Bastlem
984 2213 1125 2284 typis
1154 2212 1269 2267 suis
1297 2211 1585 2266 adornavit
1614 2208 1917 2265 Frobenius
1950 2226 1963 2262 :
1991 2208 2132 2279 apud

527 2322 724 2376 quem,
768 2306 982 2371 adjecto
1039 2306 1102 2358 de
1161 2303 1336 2359 Patris
1374 2315 1422 2359 et
1476 2300 1599 2356 Filii
1647 2303 1847 2356 unitate
1900 2301 2131 2373 pseudo-

527 2397 806 2462 Tractatu,
835 2413 976 2452 anno
1008 2397 1148 2453 15⁷55
1175 2411 1364 2453 recusa
1391 2404 1495 2451 est.

593 2492 647 2547 7.
692 2491 900 2547 Erasmi
944 2500 1123 2546 tamen
1167 2490 1407 2545 laborem
1441 2487 1733 2559 plurimum
1765 2486 2000 2543 laudavit
2027 2489 2131 2545 Lu-

518 2586 745 2644 dovicus
783 2587 1023 2651 Mirmns,
1070 2584 1185 2655 ipse
1227 2584 1504 2655 diligentia
1549 2582 1695 2638 vicit.
1730 2580 1862 2637 Nam
1914 2580 2132 2651 scriptis

519 2679 925 2749 exemplaribus
945 2687 1197 2733 accurate
1220 2676 1456 2741 collatis,
1479 2673 1741 2746 quidquid
1764 2676 1815 2728 iu
1839 2675 1919 2729 eis
1944 2689 1973 2726 a
2002 2672 2134 2727 Fro-

516 2771 752 2829 beniana
783 2770 1022 2827 editione
1070 2768 1343 2824 diversum
1395 2778 1585 2821 nactus
1630 2776 1736 2831 est,
1769 2782 1876 2819 non
1919 2765 2132 2821 minore

516 2880 649 2921 cura
683 2864 906 2919 notavit.
938 2863 1209 2919 Plurimos
1250 2860 1466 2915 codices
1516 2860 1661 2915 mira:
1706 2860 2027 2928 antiquitatis
2071 2875 2130 2915 sc

518 2956 824 3012 contulisse
880 2962 1129 3020 testatur,
1186 2969 1323 3008 unos
1372 2953 1614 3009 nominat
1655 2952 1984 3020 Victoriuos,
2039 2956 2129 3023 qui

518 3060 670 3106 certe
698 3049 1034 3119 antiquitatis
1065 3048 1219 3102 titulo
1266 3063 1296 3102 a
1349 3047 1533 3101 multis
1574 3047 1731 3119 longe
1770 3058 2124 3117 superantur.

519 3141 603 3199 Es
632 3141 820 3198 eadem
843 3139 901 3197 S.
936 3140 1168 3195 Victoris
1196 3139 1522 3196 bibliotheca
1545 3141 1684 3196 eruit
1715 3141 1909 3196 librum
1938 3142 2006 3199 de
2036 3157 2126 3198 es-

2237 1916 2449 1972 demus.

2311 2009 2396 2065 10.
2440 2007 2511 2066 Ut
2539 2010 2770 2081 primum
2801 2008 3108 2079 huiusmodi
3136 2008 3301 2064 vitam
3327 2051 3342 2072 ,
3374 2009 3535 2081 eique
3561 2007 3837 2065 adhaeren-

2237 2111 2343 2158 tem
2379 2102 2585 2157 Erasmi
2610 2104 2980 2174 praelationem
3007 2103 3236 2175 perlegit
3258 2101 3529 2169 Gillotius,
3557 2114 3837 2173 utrumque

2235 2211 2393 2266 Opus,
2411 2207 2467 2251 ut
2481 2195 2827 2253 sanctissimo
2845 2197 3060 2269 prmsuli
3082 2196 3561 2264 contumeliosmn,
3578 2213 3645 2252 ac
3659 2195 3835 2268 pietati

2235 2292 2510 2347 catholicae
2534 2293 2689 2347 valde
2718 2292 2960 2359 noxium,
2991 2308 3022 2346 a
3048 2291 3357 2348 Christianis
3378 2292 3680 2348 lectoribus
3706 2291 3837 2361 abji-

2234 2387 2484 2443 ciendmn
2535 2386 2815 2458 judicavit.
2849 2387 2967 2459 lpsc
3002 2387 3243 2442 melioris
3282 2387 3390 2442 voti
3440 2402 3671 2458 compos
3700 2402 3836 2442 com—

2235 2484 2619 2537 mentationem
2648 2482 2728 2537 eis
2757 2482 3056 2548 substituit,
3101 2483 3152 2536 in
3198 2497 3302 2553 qua
3334 2483 3565 2552 primum
3615 2481 3830 2537 veniunt

2233 2591 2353 2643 quzc
2382 2574 2449 2629 ad
2481 2573 2663 2629 Hilarii
2698 2573 2978 2629 historiam
3008 2582 3275 2645 spectant,
3308 2589 3373 2629 ex
3407 2573 3551 2628 illius
3576 2573 3830 2629 aliorum-

2232 2684 2339 2739 que
2370 2677 2610 2723 veterum
2640 2669 2855 2739 scriptis
2882 2667 3147 2735 collccta;
3183 2678 3292 2723 tum
3321 2669 3387 2724 de
3415 2668 3587 2740 ipsius
3609 2669 3750 2742 stylo
3783 2679 3831 2725 et

2232 2761 2450 2832 scriptis
2478 2761 2724 2827 disserit;
2758 2777 2823 2818 ac
2853 2772 3128 2833 posucmo
3170 2762 3317 2817 locos
3344 2772 3631 2833 suSpeetos
3668 2773 3826 2828 notat,

2232 2864 2285 2909 et
2313 2864 2571 2925 quantum
2620 2864 2794 2926 potest
2843 2855 3070 2926 benigne
3109 2855 3493 2925 interpretatur
3527 2873 3539 2908 :
3572 2872 3714 2927 Opus
3741 2871 3830 2928 pro

2232 2947 2318 3001 illa
2350 2955 2509 3002 :ctate
2537 2948 2863 3019 exquisitum
2892 2958 2945 3002 ct
2973 2948 3132 3003 laude
3161 2948 3401 3019 dignum,
3433 2950 3684 3020 quamvis
3716 2965 3827 3018 per-

2234 3040 2398 3093 multa
2428 3038 2480 3093 in
2508 3055 2574 3095 eo
2605 3041 2842 3109 reperire
2869 3042 2974 3107 sit,
3006 3057 3126 3111 qua:
3159 3040 3400 3097 historia:
3439 3041 3551 3111 jam
3583 3040 3828 3096 limatiori

2231 3142 2393 3206 atque
2456 3134 2777 3189 accuratiori
2842 3135 3174 3191 assuefactus
3238 3135 3481 3191 nonnihil
3538 3136 3825 3193 oﬂ'etidant.

518 3238 696 3294 sentia
724 3236 902 3291 Patris
938 3246 991 3291 et
1024 3234 1168 3302 Filii,
1201 3234 1335 3289 duas
1363 3235 1428 3289 ad
1464 3235 1819 3306 Augustinum
1847 3235 2125 3303 epistolas,
2157 3213 2202 3275 Ο
2234 3226 2683 3284 Comnwntationi
2718 3228 2841 3284 huic
2866 3228 3055 3284 Hilarii
3101 3229 3307 3299 aliquot
3350 3230 3544 3301 elogia,
3577 3246 3647 3287 ac
3676 3232 3828 3286 vitam

517 3345 586 3386 ac
612 3329 840 3386 Metrnm
884 3329 937 3383 in
981 3326 1235 3384 Gt-nesim
1283 3344 1296 3381 :
1346 3342 1466 3398 qua:
1495 3341 1617 3382 cum
1648 3327 1896 3398 genuinis
1941 3327 2127 3383 Hilarii

517 3424 787 3495 Operibus
814 3437 959 3476 anno
1001 3419 1140 3477 1544
1187 3419 1409 3475 Parisiis
1438 3420 1579 3491 apud
1634 3419 1850 3475 viduam
1879 3418 2125 3477 Carolam

518 3515 729 3573 Guillar
754 3513 942 3570 exettdi
974 3513 1201 3570 curavit.

592 3608 645 3665 8.
692 3607 817 3663 Hmc
841 3606 1009 3662 Minui
1055 3605 1222 3661 editio
1260 3604 1523 3672 omnium,
1566 3622 1685 3676 qum
1737 3616 1862 3663 ante
1909 3616 1965 3664 et
2009 3617 2129 3678 post

518 3701 790 3772 prodiere,
827 3700 954 3757 licet
982 3707 1170 3755 nostro
1209 3699 1413 3770 judicio
1454 3701 1790 3769 castigatior,
1833 3703 1903 3757 ita
1948 3713 2124 3759 tamen

517 3810 643 3850 rara
672 3800 778 3861 est,
823 3803 881 3847 ut
925 3792 1167 3848 insuatis
1190 3792 1435 3862 pluribus
1466 3793 1721 3847 Parisiuis
1758 3793 2123 3864 bibliothecis,

516 3904 639 3945 eam
666 3887 920 3959 detegere
964 3902 1065 3942 nos
1111 3902 1267 3957 posse
1291 3887 1405 3957 jam
1451 3888 1890 3959 desperaremus.
1919 3906 2039 3947 cum
2072 3893 2124 3946 in

518 3996 719 4053 magno
761 3979 1173 4036 Carmelitarum
1219 3980 1501 4036 Conventu
1554 3981 1895 4040 oll'eridimus.
1950 3984 2017 4040 Et
2063 4002 2126 4042 ea

517 4075 734 4149 quidem
771 4073 1039 4143 neglecta,
1074 4074 1242 4129 immo
1279 4088 1378 4129 nec
1406 4084 1727 4143 memorata,
1762 4076 1945 4132 Hilarii
1972 4077 2126 4134 lucu-

515 4170 817 4235 bratiOnes,
850 4168 1040 4238 quales
1064 4166 1133 4222 ab
1162 4165 1390 4220 Erasmo
1422 4166 1758 4235 prodierant,
1790 4172 1950 4224 tertio
1980 4168 2129 4225 Basi-

517 4261 621 4319 lete
660 4261 801 4332 apud
848 4260 1177 4316 Frobenium
1208 4274 1351 4313 anno
1386 4257 1546 4319 1550.
1581 4258 1815 4330 vulgatae
1846 4269 1969 4315 sunt
1998 4261 2129 4332 vigi-

518 4356 803 4411 lantissime
844 4364 892 4408 et
934 4353 1004 4407 ad
1041 4352 1195 4425 plura
1230 4350 1551 4422 exemplaria
1600 4368 1689 4423 per
1733 4350 1805 4406 D.
1839 4351 2125 4407 Martinam

518 4446 773 4520 Lgpsium
813 4447 1002 4501 collata
1041 4454 1089 4499 et
1132 4445 1413 4517 recognita.
1459 4444 1646 4515 Neque
1685 4445 1930 4515 neganda
1961 4447 2123 4502 estin

520 4538 737 4597 mendis
766 4538 962 4611 t'ypicis
983 4537 1348 4592 emaculandis
1376 4536 1559 4609 Lypsii
1586 4538 1860 4608 vigilantia
1896 4555 1909 4591 :
1941 4538 2038 4593 sed
2068 4537 2123 4593 in

2232 3338 2329 3394 per
2355 3321 2741 3395 Hierottymnm
2782 3339 2851 3378 ex
2898 3321 2991 3377 lib.
3021 3323 3088 3378 de
3115 3322 3314 3394 Script.
3344 3325 3478 3380 eccl.
3511 3340 3609 3395 per
3646 3324 3828 3381 Fortu-

2230 3428 2413 3471 natum
2445 3425 2499 3471 ct
2526 3415 2844 3488 Gregorium
2888 3416 3090 3472 Turon.
3139 3432 3349 3473 necnon
3400 3418 3547 3474 Petri
3594 3417 3826 3475 ltamiani

2228 3507 2296 3563 de
2328 3508 2678 3563 translatione
2708 3508 2769 3565 S.
2804 3508 2991 3563 llilarii
3028 3510 3347 3566 Sermonem
3387 3510 3585 3580 adjecit
3626 3530 3641 3566 :
3674 3512 3828 3568 libros

2229 3611 2407 3657 autem
2437 3601 2506 3657 de
2536 3603 2795 3667 essentia,
2824 3618 2887 3657 ac
2915 3601 2983 3656 de
3015 3602 3218 3657 unitate
3243 3603 3416 3659 Patris
3436 3613 3491 3660 et
3517 3604 3641 3661 Filii
3665 3648 3680 3667 .
3711 3620 3829 3662 ceu-

2231 3696 2444 3752 lonibus
2483 3696 2764 3752 dumtaxat
2792 3712 2857 3752 ex
2898 3696 3093 3766 quibus
3139 3704 3391 3753 constant
3432 3699 3656 3766 notatis,
3712 3713 3828 3770 snp-

2230 3790 2447 3860 pressit.
2481 3790 2560 3844 Ac
2589 3788 2804 3844 demum
2838 3789 2891 3844 in
2923 3789 3223 3845 indicandis
3274 3790 3544 3862 plerisque
3592 3790 3830 3862 Scriptu-

2229 3897 2409 3936 rarum
2440 3882 2575 3937 locis
2596 3897 2748 3937 suam
2781 3882 3028 3953 probavit
3056 3883 3391 3955 diligentiam
3426 3900 3439 3937 :
3470 3895 3528 3939 at
3565 3884 3827 3941 illibatum

2230 3989 2454 4046 prorsus
2483 3976 2698 4046 reliquit
2720 3976 2906 4032 Hilarii
2939 3985 3141 4031 textum
3169 3976 3221 4031 in
3249 3991 3410 4048 quem
3437 3975 3601 4033 etiam
3631 3976 3827 4033 incuria

2227 4067 2462 4134 Nivellii,
2480 4069 2567 4140 qui
2590 4067 2729 4125 hanc
2750 4069 3042 4125 editionem
3066 4085 3154 4124 an.
3185 4069 3326 4125 1572
3343 4070 3483 4141 typis
3499 4070 3829 4141 elegantibus

2229 4160 2325 4216 sed
2347 4177 2506 4216 manu
2539 4163 2714 4219 minus
2751 4173 2999 4219 accurata
3044 4162 3348 4232 adornavit,
3380 4166 3573 4222 menda
3598 4166 3829 4239 irrepse-

2229 4266 2356 4311 runt
2383 4272 2489 4313 nou
2522 4273 2715 4329 pauca.

2302 4350 2389 4404 11.
2433 4350 2671 4407 Tandem
2721 4360 2781 4407 ut
2824 4352 3043 4422 puriora
3111 4362 3167 4409 et
3232 4352 3536 4426 limpidiora
3582 4352 3828 4413 Rhodani

2228 4443 2389 4516 hujus
2407 4445 2588 4502 latinae
2603 4446 2925 4518 eloquentia:
2940 4448 3143 4503 ﬂuenta
3162 4447 3496 4517 laberentur,
3511 4447 3824 4512 annoiliOS,

2229 4539 2464 4594 animum
2504 4538 2756 4610 adjecere
2787 4540 3107 4613 typograpbi
3154 4540 3520 4610 Parisienses;
3562 4558 3592 4597 a
3639 4543 3828 4617 quibus

518 4628 906 4704 conquirendis
961 4644 1026 4685 ac
1070 4629 1418 4685 recensendis
1460 4644 1591 4685 mss.
1642 4644 1828 4683 curam
1875 4611 2352 4703 posuissquttid
2399 4647 2466 4688 eo
2515 4634 2567 4687 in
2610 4611 2826 4703 negotio
2866 4634 3164 4704 prtrstitum
3211 4636 3301 4703 sit,
3346 4651 3488 4692 nunc
3524 4611 3821 4692 audiamus.

518 4725 916 4795 videturlonge
949 4722 1234 4788 minorem,
1266 4738 1426 4792 quam
1469 4721 1523 4778 in
1566 4722 1940 4793 eXCOgitandis
1990 4740 2122 4780 con-

516 4818 764 4891 iecturis,
819 4818 873 4873 iu
932 4815 1128 4888 quibus
1178 4832 1288 4870 non
1330 4832 1566 4887 semper,
1617 4817 1784 4873 immo
1832 4832 1958 4874 raro
1996 4818 2125 4876 felix

518 4910 639 4966 fuit.

591 5004 647 5060 9.
688 5003 896 5060 Nemini
925 5004 1187 5059 hactenus
1225 5009 1448 5057 venerat
1486 5002 1538 5056 in
1571 5012 1829 5071 mentem,
1865 5015 1923 5062 ut
1954 5007 2119 5064 vitam

518 5097 712 5156 Hilarii
732 5097 1001 5169 Operibus
1028 5096 1197 5167 ipsius
1221 5095 1594 5165 prmmitteret.
1624 5097 1839 5155 Primus
1860 5099 1961 5157 hoc
1982 5116 2120 5171 opus

516 5194 757 5263 suscepit
793 5192 1069 5249 Johannes
1097 5190 1212 5248 Jac.
1246 5190 1498 5247 Grinarus
1522 5233 1535 5256 ,
1591 5193 1733 5262 quod
1783 5211 1926 5249 anno
1984 5198 2119 5256 l570

514 5285 756 5345 Eusebio
783 5286 1045 5355 Episcopo
1095 5282 1317 5339 Hasilem
1369 5282 1421 5338 in
1467 5281 1645 5339 lroute
1689 5285 2115 5345 lucubrationum

514 5387 689 5445 sancti
740 5385 985 5442 Doctoris
1031 5384 1297 5441 edendum
1341 5386 1579 5442 tradidit.
1619 5388 1688 5442 At
1728 5403 1888 5458 quam
1910 5387 2114 5456 jejuna,

515 5479 665 5534 arida
692 5521 707 5544 ,
755 5475 1068 5548 imperfecta
1099 5492 1163 5531 ac
1194 5477 1321 5532 falsa
1352 5486 1437 5531 est
1466 5477 1611 5532 illius
1642 5479 1910 5535 narratio!
1947 5478 2107 5533 Tem-

513 5585 645 5641 pora
687 5571 774 5625 vix
815 5585 1039 5638 usquam
1071 5578 1216 5624 recte
1241 5569 1500 5636 assignat,
1533 5569 1765 5640 plurima
1794 5572 1989 5626 omittit
2019 5571 2110 5626 Hi-

513 5664 634 5718 larii
660 5675 837 5736 gesta,
864 5662 993 5717 falsa
1024 5661 1242 5716 aliunde
1266 5662 1535 5725 adsciscit,
1558 5671 1614 5715 et
1638 5661 1691 5716 in
1715 5664 1981 5718 nascentis
2005 5664 2110 5719 ha:-

508 5770 698 5811 rczeos
737 5756 964 5827 gratiam
1007 5754 1218 5827 aliquot
1257 5752 1504 5825 adjungit
1542 5752 1767 5811 fabellas
1796 5755 1951 5811 valde
1980 5772 2110 5827 pne-

500 5849 652 5907 rites.
681 5849 805 5909 Haec
832 5866 994 5923 porro
1022 5850 1131 5907 vita
1167 5865 1236 5907 ex
1283 5848 1349 5906 iis
1381 5848 1719 5921 potissimum
1738 5849 1967 5908 conﬂata
1999 5862 2103 5921 est,

2300 4725 2556 4785 Primum.
2599 4726 2869 4797 inquiunt,
2916 4726 2979 4780 ab
3027 4744 3084 4781 eo
3131 4729 3219 4799 qui
3266 4730 3545 4800 prrelegere
3588 4729 3828 4799 preloque

2225 4819 2482 4874 adornare
2509 4819 2666 4874 libros
2707 4819 3031 4874 excudendas
3058 4818 3217 4884 solet,
3251 4818 3445 4875 Hilarii
3479 4818 3652 4890 Opera
3681 4834 3825 4874 cura-

2222 4915 2387 4970 vimus
2414 4932 2528 4971 cum
2554 4913 2761 4985 optimis
2790 4914 3071 4985 quibusque
3107 4930 3229 4969 mss.
3278 4914 3537 4969 codicibus
3562 4912 3825 4985 conferri:

2223 5025 2348 5079 quos
2368 5009 2578 5081 benigne
2603 5007 2748 5063 nobis
2776 5024 2837 5062 ac
2868 5006 3144 5063 liberaliter
3174 5007 3588 5076 locupletissimis
3615 5008 3723 5063 suis
3747 5004 3824 5058 bi-

2223 5102 2481 5157 bliothecis
2534 5103 2630 5158 uiri
2677 5102 2951 5157 clarissimi
3000 5112 3151 5174 atque
3199 5101 3537 5157 eruditissimi
3584 5098 3824 5171 suppedi-

2222 5205 2417 5260 tarunt,
2438 5195 2506 5248 ad
2528 5194 2682 5250 libros
2711 5196 2775 5250 de
2799 5194 3051 5249 Trinitate
3077 5194 3327 5249 Nicolaus
3358 5192 3551 5262 Faber,
3579 5195 3649 5249 ad
3668 5194 3823 5250 Trac—

2224 5296 2360 5342 tatus
2378 5286 2432 5342 in
2465 5286 2704 5342 Psalmos
2723 5287 2949 5342 Iacobus
2969 5286 3312 5359 Bongarsius,
3334 5287 3406 5341 ad
3428 5285 3819 5342 Commentarios

2221 5381 2277 5435 in
2324 5379 2627 5436 Matt/neum
2668 5381 3003 5437 recensendos
3053 5379 3252 5436 Paulus
3305 5379 3558 5436 Petaveus
3603 5382 3820 5437 Senator

2225 5472 2554 5529 Parisiensis.
2589 5475 2786 5530 Deinde
2813 5492 2928 5531 vero
2957 5493 3073 5530 cum
3108 5477 3383 5546 adscriptis
3411 5477 3480 5531 ad
3509 5493 3651 5532 oram
3686 5489 3818 5531 mar-

2219 5568 2353 5639 ginis
2380 5569 2533 5623 variis
2561 5569 2861 5624 lectionibus
2884 5587 3033 5624 suam
3076 5569 3220 5625 nobis
3258 5586 3467 5641 operam
3504 5571 3582 5625 vir
3616 5569 3816 5641 quidam

2218 5660 2546 5718 doctissimus
2584 5680 2686 5717 non
2727 5664 3045 5736 denegasset,
3089 5673 3143 5717 ut
3185 5681 3358 5718 eorum
3398 5663 3596 5719 delectu
3625 5663 3809 5727 habito,

2215 5771 2332 5827 qua:
2390 5758 2507 5828 jam
2576 5758 2790 5829 receptis
2859 5757 3192 5829 praeferenda:
3239 5758 3547 5825 viderentur,
3600 5756 3811 5828 reliquas

2213 5860 2564 5924 expungeret;
2588 5852 2749 5907 uisum
2773 5862 2847 5907 est
2870 5851 3025 5907 etiam
3055 5850 3119 5905 ab
3144 5852 3309 5908 altero
3337 5850 3732 5924 impetrandum.
3758 5855 3809 5901 ut
