4044 6350
299 382 370 439 17
1566 386 1902 446 PREFATlt

2009 389 2386 450 iENERALIS.
3544 400 3615 457 18

295 518 402 571 eas,
436 519 557 574 qua:
603 505 661 559 in
706 505 1051 571 superioribus
1077 506 1383 562 editionibus
1413 506 1642 561 tolerata
1681 507 1907 577 (iterant,
1937 508 1985 568 A
2014 507 2203 565 liores.
2235 510 2610 568 Studiosorum
2638 528 2803 583 opera
2826 515 2997 582 magis
3025 525 3300 588 comparet
3342 518 3393 570 in
3427 530 3616 573 exem-

296 596 392 651 sub
443 595 566 650 libri
607 597 802 652 calcem
849 597 1104 669 colligeret
1141 614 1155 652 :
1186 614 1249 652 ne
1274 602 1407 669 forte
1433 614 1465 651 a
1492 606 1539 652 te
1568 597 1671 652 illm
1710 615 1910 670 quoque

300 691 738 757 desiderarentur,
766 693 870 747 sive
893 693 1030 762 quod
1059 709 1231 747 earum
1255 692 1416 748 verbis
1440 691 1564 747 alibi
1587 692 1741 748 citata
1766 694 1909 748 testi-

301 789 475 843 monia
519 788 758 858 quadam
784 799 987 857 possent
1014 804 1300 852 occurrere,
1332 789 1436 842 sive
1463 787 1599 859 quod
1628 797 1799 842 utrum
1829 789 1907 843 liis

300 881 445 935 novis
472 881 833 950 posthabendat
863 883 1072 954 fuerint,
1096 882 1298 955 judicio
1344 892 1428 935 tuo
1470 882 1624 935 velles
1666 881 1904 951 expendi.

300 973 602 1046 Adjecimus
633 982 881 1043 praeterea
910 972 1220 1045 Fragmenta
1249 990 1310 1027 ea:
1332 989 1483 1043 apere
1506 974 1767 1034 historico.
1792 991 1907 1045 qua:

298 1085 388 1123 an.
424 1067 564 1124 1598
595 1066 777 1137 (apud
825 1066 1171 1122 Ambrosium
1228 1067 1434 1121 Drouar
1484 1065 1687 1121 Nicolai
1745 1066 1905 1122 Fabri

298 1158 490 1229 Opera)
514 1176 562 1215 υ.
597 1177 644 1213 c.
677 1157 742 1214 P.
774 1158 990 1215 Pilheus
1011 1159 1203 1226 publici
1230 1160 1362 1224 iuris
1388 1159 1529 1231 fecit,
1552 1168 1600 1213 ct
1625 1160 1906 1225 exscriptos

297 1268 364 1307 ea:
400 1251 582 1306 iisdem
629 1268 753 1310 mss.
808 1252 953 1306 libris
1001 1250 1275 1306 Tractutus
1319 1251 1371 1305 in
1422 1250 1658 1306 Psalmos
1694 1252 1778 1319 15,
1815 1251 1902 1319 14,

299 1344 407 1401 M9
428 1353 483 1399 et
510 1342 636 1401 150.

375 1435 460 1490 12.
505 1436 636 1492 Post
683 1445 760 1492 tot
810 1446 1027 1507 tamque
1055 1436 1332 1492 variorum
1374 1435 1651 1492 hominum
1701 1435 1753 1490 in
1802 1435 1905 1492 hac

295 1529 538 1586 editione
569 1530 846 1602 impensos
878 1530 1113 1595 labores,
1144 1546 1250 1585 non
1280 1531 1449 1585 multo
1478 1539 1657 1586 tamen
1685 1529 1904 1598 puriora

298 1620 617 1691 prodierunt
671 1622 1014 1678 disertissimi
1061 1622 1303 1677 Doctoris
1350 1622 1570 1692 scripta.
1610 1622 1713 1690 Qui
1756 1620 1901 1678 enim

297 1713 463 1769 variis
489 1714 812 1769 lectionibus
839 1713 1133 1785 seligendis
1155 1729 1378 1784 operam
1407 1729 1558 1769 suam
1589 1713 1903 1770 commoda-

295 1806 411 1870 vit,
443 1807 559 1862 sive
581 1806 768 1877 judicii
801 1806 961 1862 fuerit
992 1821 1098 1861 non
1128 1806 1415 1861 admodum
1447 1806 1729 1878 exquisiti,
1762 1807 1898 1872 sive,

2007 600 2143 670 plari
2169 602 2294 656 olim
2349 605 2837 675 Aquisgraneusis,
2891 614 3011 675 post
3045 605 3419 672 Corbeiensis,
3463 624 3611 665 nunc

2006 696 2393 755 Germanensis
2438 701 2774 758 bibliotheca:
2805 720 2818 756 ;
2850 718 2915 759 ex
2961 718 3066 773 quo
3104 719 3224 758 cum
3266 703 3419 773 plura
3465 714 3615 774 post-

2008 790 2226 847 modum
2251 792 2519 865 descripta
2546 794 2652 850 sint
2677 796 2944 867 exempla,
2978 796 3184 866 priores
3211 796 3469 852 lectiones
3493 796 3616 852 ubi-

2008 903 2111 959 que
2136 886 2455 956 posthahitae
2480 898 2624 948 sunt.
2652 890 2816 943 immo
2837 890 3012 947 locum
3039 902 3316 948 cesserunt
3337 892 3612 949 secundis.

2008 981 2265 1048 Quocirca
2316 996 2422 1034 non
2466 997 2532 1037 ex
2562 996 2669 1036 uno
2705 983 2943 1040 alterove
2985 983 3172 1040 codice
3196 1027 3211 1051 ,
3241 985 3283 1039 si
3313 986 3613 1053 pra-serum

2008 1074 2335 1130 recentiores
2365 1072 2584 1141 fuerint,
2614 1074 2823 1131 sincera
2853 1077 3081 1148 exprimi
3109 1084 3397 1149 potuerunt
3425 1076 3615 1134 Hilarii

2003 1171 2199 1237 scripta

2082 1263 2168 1318 15.
2202 1261 2392 1317 Nullus
2411 1262 2706 1319 desiderari
2730 1278 2888 1334 posse
2906 1263 3120 1320 videtur
3140 1266 3430 1335 antiquior,
3451 1279 3612 1335 quam

2007 1357 2095 1427 qui
2127 1356 2179 1411 in
2208 1356 2429 1411 arcltivo
2457 1353 2731 1411 Vaticana:
2761 1356 3007 1413 ecclesiae
3035 1367 3361 1412 asservatur.
3388 1355 3520 1413 Nam
3552 1367 3615 1413 ut

2008 1447 2302 1504 Mabillonii
2330 1449 2499 1503 nostri
2524 1447 2617 1503 lib.
2650 1447 2718 1503 de
2754 1464 2813 1503 re
2840 1447 3187 1519 Diplomatica
3222 1449 3330 1504 tab.
3364 1448 3417 1514 6,
3449 1450 3616 1505 verba

2008 1540 2096 1595 hic
2121 1540 2491 1595 adscribamus
2521 1557 2535 1594 :
2572 1560 2591 1593 ι
2620 1540 2863 1608 Scriptus
2892 1548 2976 1595 est
3002 1539 3196 1606 codex,
3225 1541 3268 1595 si
3290 1543 3462 1610 priora
3488 1540 3615 1596 folia

2006 1632 2327 1688 recentioris
2379 1633 2659 1702 scriptum
2721 1631 2960 1702 excipias
2991 1673 3005 1698 ,
3061 1632 3161 1686 sub
3212 1632 3369 1687 linem
3425 1632 3615 1688 saeculi

2005 1726 2213 1795 quarti,
2247 1735 2337 1780 aut
2368 1726 2585 1779 ineunte
2611 1725 2819 1795 quinto,
2848 1732 2906 1777 ut
2926 1722 3242 1794 intelligitur
3268 1739 3333 1778 ex
3365 1723 3617 1793 adjuncta

2005 1818 2094 1892 (ad
2109 1820 2311 1874 calcem
2332 1816 2454 1872 libri
2475 1819 2524 1872 in
2548 1814 2949 1888 Constantium)
2974 1814 3318 1885 inscriptione
3331 1814 3611 1884 cujusdam

296 1907 357 1952 ut
388 1912 536 1969 sirpe
567 1898 628 1952 lit
656 1900 707 1952 in
738 1898 802 1952 iis
829 1914 950 1969 qum
980 1898 1157 1953 alieno
1187 1899 1405 1954 n‘omine
1437 1898 1766 1965 laborantur,
1797 1897 1899 1954 hoc

2009 1913 2274 1977 studiosi,
2306 1929 2465 1985 quam
2506 1913 2584 1968 sic
2613 1912 2783 1966 reddo
2814 1930 2827 1967 :
2858 1909 3066 1966 Contuli
3086 1912 3137 1963 in
3166 1909 3369 1962 nomine
3402 1906 3613 1962 Domini

296 1994 668 2065 perfunctorie
701 1995 917 2060 obierit,
947 2011 1094 2066 smpe
1120 2012 1344 2051 numero
1374 1996 1597 2051 mutavit
1623 2011 1743 2066 quze
1772 1996 1901 2050 reti—

294 2087 473 2143 nenda
502 2087 718 2144 fuerant
741 2131 757 2154 ,
790 2098 843 2144 et
870 2098 1058 2143 contra
1087 2104 1209 2159 qua:
1241 2088 1467 2143 fuissent
1516 2088 1771 2143 mutanda
1813 2103 1899 2144 re-

293 2182 474 2237 tinuit.
507 2181 644 2237 Hinc
667 2181 760 2251 qui
810 2182 863 2235 in
894 2181 1133 2236 editione
1161 2181 1290 2236 anni
1322 2181 1453 2236 1651
1496 2180 1763 2236 variantes
1792 2180 1900 2237 lec-

292 2276 492 2341 tiones,
549 2291 670 2345 qua:
726 2276 956 2344 primum
996 2275 1061 2330 ad
1104 2276 1306 2330 calcem
1352 2274 1615 2344 conjecta:
1662 2274 1896 2345 fuerant,

296 2370 530 2440 propriis
556 2369 692 2425 locis
715 2369 917 2439 aptavit
945 2378 1107 2438 atque
1146 2369 1211 2422 ad
1262 2368 1556 2440 marginem
1587 2367 1893 2436 adscripsit,

296 2478 392 2518 eas
421 2462 693 2518 revocavit
724 2478 828 2515 non
867 2461 1053 2527 semel,
1092 2475 1210 2530 qua:
1236 2460 1290 2515 in
1337 2461 1605 2531 prioribus
1642 2460 1896 2515 editioni-

297 2555 403 2611 bus
446 2555 803 2610 obtinuerant.
839 2553 947 2611 Sed
976 2564 1031 2609 et
1060 2554 1389 2609 Parisienses
1434 2555 1773 2626 typographi,
1807 2555 1896 2624 qui

305 2646 450 2717 quod
476 2647 609 2700 artis
633 2662 739 2700 sua?
761 2660 869 2700 non
893 2655 1010 2700 erat
1038 2645 1255 2700 aliunde
1284 2644 1682 2711 mendicarunt,
1709 2645 1778 2699 ita
1806 2661 1897 2701 ne-

303 2741 585 2811 glexerunt
607 2739 742 2810 quod
766 2747 884 2794 erat
906 2740 1182 2795 industria:
1205 2754 1337 2805 suae,
1362 2751 1413 2794 ut
1441 2756 1625 2795 eorum
1648 2738 1894 2807 editioni,

300 2848 416 2904 pra:
447 2831 784 2889 multitudine
815 2833 1156 2897 tuendorum,
1201 2831 1356 2888 facile
1398 2831 1764 2889 anteferendze
1813 2831 1890 2887 vi-

296 2925 530 2981 deantur
547 2925 901 2982 Basileenses.
918 2926 1012 2981 Illa
1029 2924 1269 2981 Colonias
1293 2926 1599 2997 Agrippina:
1616 2942 1705 2982 an.
1731 2926 1893 2995 1617,

295 3035 359 3075 ac
388 3035 601 3075 rursum
622 3019 846 3076 Parisiis
872 3036 962 3076 an.
994 3020 1126 3075 1651
1160 3030 1213 3075 et
1238 3019 1397 3085 1652,
1425 3035 1614 3075 recusa
1645 3030 1749 3076 est.

367 3114 456 3169 15.
501 3112 600 3169 Vel
627 3128 695 3169 ex
735 3112 836 3168 inc
875 3114 1101 3180 simplici
1146 3114 1485 3182 expositione
1530 3113 1730 3183 liquet,
1764 3112 1897 3168 nihil

295 3222 551 3277 umquam
584 3208 637 3262 in
666 3206 890 3263 edendis
921 3207 1106 3263 Hilarii
1137 3208 1349 3278 scriptis
1380 3208 1671 3276 prmstituni
1697 3208 1893 3274 fuisse,

2002 2008 2129 2063 Jesu
2168 2006 2360 2064 Christi
2398 2017 2522 2076 aput
2554 2004 2769 2061 Kasulis
2807 2004 3117 2058 constitutus
3146 2018 3282 2057 anno
3316 2000 3617 2064 quarto-de-

2003 2103 2135 2156 cimo
2184 2099 2526 2155 Trasamundi
2552 2097 2706 2168 regis.
2739 2096 2840 2166 Qui
2872 2096 3176 2166 catalogum
3222 2093 3427 2149 archivi
3469 2108 3614 2164 prae-

2001 2195 2130 2250 diCIi
2155 2193 2442 2259 ordinavit,
2475 2207 2571 2262 pro
2592 2202 2716 2262 aput
2752 2188 2988 2253 Kasulis.
3018 2190 3146 2260 legit
3174 2187 3411 2243 Putzalis
3435 2204 3453 2242 :
3473 2186 3615 2259 quod

2001 2297 2071 2343 est
2100 2290 2153 2341 in
2181 2285 2380 2357 Africa,
2416 2285 2619 2354 inquit,
2663 2287 2718 2338 in
2748 2284 2954 2354 regione
2995 2280 3263 2336 Numidia:
3291 2297 3380 2335 seu
3406 2279 3613 2335 Barba-

2000 2377 2113 2434 τίω.
2156 2376 2321 2449 Vulgo
2348 2376 2645 2444 appellatur
2679 2375 2978 2440 Putrazsio,
3006 2375 3158 2428 situm
3188 2374 3324 2428 inter
3353 2371 3612 2427 Tunetum

2001 2476 2047 2522 et
2073 2484 2239 2523 arcem
2269 2466 2480 2521 Galataz.
2514 2466 2568 2523 Si
2591 2476 2739 2522 recte
2766 2466 2947 2536 apices
2969 2465 3169 2520 codicis
3191 2480 3471 2532 assequor.
3501 2479 3612 2521 non

2000 2561 2188 2616 dubito
2214 2574 2335 2615 esse
2372 2559 2656 2630 legendum
2679 2602 2694 2623 ,
2735 2557 2878 2625 apud
2911 2556 3128 2613 Kasulis
3149 2599 3163 2619 .
3191 2573 3312 2628 quae
3342 2558 3467 2612 urbs
3492 2565 3613 2612 erat

2000 2652 2293 2724 provincia:
2347 2650 2666 2717 Bisacenaa,
2724 2649 2961 2706 Antonio
3014 2646 3203 2703 Casula
3266 2647 3403 2703 dicta
3453 2666 3467 2700 :
3517 2661 3615 2702 cu-

1996 2746 2085 2815 jus
2126 2744 2425 2814 Episcopus
2452 2742 2773 2809 Quintianus
2822 2743 3016 2810 legitur
3058 2741 3110 2795 in
3140 2739 3342 2795 Notitia
3369 2737 3566 2794 Africae
3591 2780 3609 2805 ,

2004 2838 2315 2906 Quintianus
2344 2835 2906 2891 Casulis-cariauensis.
2935 2833 3134 2889 Facilis
3164 2834 3361 2903 quippe
3386 2842 3470 2887 est
3497 2832 3533 2887 d
3556 2833 3613 2888 in

2001 2940 2020 2984 t
2047 2911 2405 3000 permutatio,
2436 2929 2610 2999 qualis
2639 2935 2725 2983 est
2750 2929 2800 2981 in
2823 2928 3045 2982 vocibus
3071 2926 3229 2988 haut,
3251 2934 3353 2988 set,
3384 2924 3613 2995 aliisque

2000 3022 2269 3078 similibus
2290 3065 2303 3084 .
2345 3035 2466 3092 quae
2502 3022 2555 3076 in
2598 3035 2732 3076 mss.
2759 3020 3038 3076 codicibus
3068 3034 3173 3074 non
3201 3034 3326 3074 raro
3350 3021 3609 3074 occurrit.

2002 3114 2316 3173 Holstenius
2353 3114 2419 3170 ad
2451 3128 2601 3169 oram
2637 3113 2862 3184 hujusce
2900 3112 3267 3168 adnotationis
3305 3127 3467 3167 manu
3511 3125 3612 3167 sua

2000 3210 2240 3281 scripsit,
2269 3225 2466 3265 annum
2498 3208 3041 3279 quartum-decimum
3073 3206 3427 3263 Trasamundi
3461 3205 3607 3277 regis

294 3302 438 3373 quod
470 3301 723 3358 omnibus
764 3306 1001 3358 numeris
1045 3303 1161 3358 suis
1209 3302 1509 3357 absolutum
1555 3311 1719 3357 esset.
1752 3301 1903 3358 Badii
1932 3300 1978 3361 C
2009 3303 2765 3360 convenireannoCbristiux.
2796 3322 2814 3356 ι
2834 3302 3102 3359 Hactenus
3120 3302 3482 3358 Mabillonins.
3499 3300 3608 3357 Sed

296 3410 531 3466 namque
573 3395 743 3450 editio
786 3395 995 3451 mendis
1047 3405 1220 3451 scatet
1269 3395 1585 3451 innumeris.
1647 3394 1902 3450 Erasmus

300 3503 497 3564 praeter
530 3493 696 3548 libros
717 3492 783 3547 de
803 3492 1069 3548 Trinitate
1100 3492 1187 3547 vix
1211 3493 1346 3547 alios
1372 3491 1438 3548 ad
1466 3506 1597 3547 mss.
1629 3491 1786 3547 ﬁdem
1810 3508 1899 3549 re-

298 3586 551 3656 cognovit
574 3625 590 3649 ,
623 3593 679 3640 et
711 3600 805 3639 eos
835 3584 1048 3655 quidem
1090 3599 1196 3639 non
1234 3598 1430 3655 magno
1457 3584 1705 3640 examine
1743 3583 1900 3639 adhi-

298 3679 413 3735 bito
431 3681 689 3735 correxit.
717 3678 795 3735 Eo
818 3679 1123 3747 diligentior
1137 3678 1347 3733 Mirzeus
1370 3693 1467 3734 nec
1491 3693 1736 3748 magnam
1766 3693 1897 3733 mss.

298 3772 508 3841 copiam
538 3786 638 3825 nec
661 3772 714 3825 in
734 3785 925 3827 omnes
942 3770 1126 3826 Hilarii
1155 3770 1433 3827 Tractatus
1456 3770 1657 3833 habuit,
1688 3780 1743 3825 et
1762 3771 1903 3841 plus-

300 3863 480 3917 culum
511 3863 737 3919 credidit
770 3865 1108 3934 praecessoris
1135 3865 1214 3918 sui
1244 3864 1455 3935 ingenio
1475 3876 1526 3919 et
1550 3864 1900 3932 conjecturis.

301 3954 479 4011 Novas
533 3956 728 4012 deinde
782 3957 908 4011 dum
957 3973 1022 4011 ex
1072 3958 1289 4027 proprio
1337 3958 1602 4025 excogitat
1646 3956 1902 4012 Martinus

302 4047 561 4119 Lypsius,
594 4048 834 4119 singulos
862 4049 1049 4104 llilarii
1081 4049 1247 4103 libros
1275 4048 1513 4118 pluribus
1535 4048 1587 4102 in
1623 4049 1751 4104 locis
1772 4063 1903 4103 con-

303 4142 530 4195 taminat
553 4184 566 4203 ,
602 4156 760 4211 quam
796 4144 1039 4208 castigat.
1073 4142 1225 4197 Hunc
1256 4152 1431 4196 tamen
1467 4143 1697 4197 maxime
1734 4143 1900 4197 secuti

303 4240 459 4297 sunt,
507 4230 599 4303 qui
650 4232 1035 4287 Parisieusibus
1088 4232 1434 4305 typograpltis
1486 4247 1703 4302 operam
1751 4248 1901 4287 suam

304 4329 649 4385 contulerunt
678 4347 693 4383 :
724 4336 844 4398 post
865 4344 1001 4400 quos
1043 4328 1259 4384 easdem
1303 4326 1704 4383 lucubrationes
1744 4340 1904 4382 nemo

303 4425 533 4496 amplius
560 4423 823 4479 limandos
850 4423 1105 4493 suscepit.

803 4559 868 4615 ll.
910 4558 990 4617 De
1013 4559 1271 4617 codicibus
1290 4576 1412 4614 ntss.

2006 3400 2060 3455 in
2088 3400 2306 3471 antiquo
2342 3399 2528 3455 codice
2554 3411 2659 3454 non
2689 3399 2990 3469 negandum
3024 3407 3107 3452 est
3138 3395 3329 3451 menda
3358 3411 3481 3451 esse
3511 3411 3609 3449 an-

2003 3491 2148 3562 tiqua
2173 3534 2189 3560 ,
2234 3508 2354 3563 quae
2383 3492 2527 3562 quod
2559 3492 2915 3562 Hieronymus
2938 3488 3096 3558 epist.
3128 3488 3199 3543 28
3223 3485 3288 3540 ad
3327 3485 3611 3541 Lucinium

2004 3599 2222 3655 monet,
2268 3591 2319 3644 in
2349 3598 2583 3643 mentem
2629 3594 2924 3642 revocant:
2960 3583 3223 3657 Opuscula
3250 3601 3363 3639 mea
3399 3583 3470 3638 ad
3494 3582 3612 3637 des-

2002 3682 2299 3736 cribeudum
2353 3680 2641 3735 hominibus
2681 3680 2780 3733 tuis
2817 3678 2936 3732 dedi
2959 3720 2975 3745 ,
3024 3687 3071 3733 et
3111 3677 3368 3750 descripta
3409 3677 3515 3732 uidi
3554 3678 3611 3732 in

2004 3775 2289 3831 chartaceis
2315 3772 2575 3829 codicibus
2592 3814 2608 3838 ,
2640 3788 2702 3825 ac
2729 3773 3014 3841 frequenter
3036 3770 3216 3823 monui
3242 3780 3295 3823 ut
3321 3772 3614 3842 conferrent

2005 3867 2303 3937 diligentius
2340 3873 2387 3920 et
2428 3864 2772 3919 emendarem.
2832 3860 2945 3933 Ego
2984 3861 3119 3916 enim
3166 3870 3309 3915 tanta
3349 3860 3613 3915 uolumina

2007 3976 2116 4032 pra:
2162 3959 2449 4030 frequentia
2496 3955 2889 4011 commeantium
2933 3963 2980 4008 et
3026 3954 3406 4025 peregrinorum
3446 3951 3612 4005 turbis

2004 4056 2225 4127 relegere
2254 4070 2355 4108 non
2369 4051 2529 4124 potui.
2555 4049 2702 4107 Unde
2730 4051 2774 4104 si
2799 4058 3211 4121 paragrammata
3234 4048 3481 4116 repereris
3502 4087 3516 4111 ,
3535 4045 3616 4099 uel

2006 4148 2177 4200 minus
2202 4146 2377 4215 aliqua
2402 4143 2658 4213 descripta
2683 4150 2803 4195 sunt
2824 4183 2840 4207 ,
2883 4155 2997 4209 qua:
3023 4155 3229 4193 sensum
3268 4137 3480 4208 legentis
3508 4135 3608 4188 im-

2009 4240 2251 4307 pediant;
2280 4254 2384 4292 non
2422 4236 2548 4290 mihi
2586 4235 2733 4290 debes
2768 4236 3060 4305 imputare,
3083 4231 3173 4287 sed
3208 4232 3308 4286 tuis
3331 4271 3348 4298 ,
3377 4240 3424 4285 et
3448 4232 3611 4299 impe—

2005 4331 2140 4386 ritiw
2165 4332 2502 4395 notariorum,
2526 4329 2947 4397 librariorumque
2970 4325 3185 4379 incuria:
3214 4340 3234 4379 :
3258 4324 3346 4395 qui
3381 4320 3609 4376 scribunt

2007 4439 2110 4479 non
2133 4421 2268 4493 quod
2303 4421 2596 4481 inveniunt.
2621 4420 2711 4475 sed
2737 4419 2875 4487 quod
2908 4417 3237 4488 intelligunt;
3266 4425 3313 4470 et
3335 4418 3457 4470 dum
3484 4415 3615 4470 alie-

2008 4536 2102 4575 nos
2128 4533 2324 4574 errores
2346 4516 2615 4573 emendare
2633 4516 2886 4579 nituntur,
2910 4511 3184 4567 ostendunt
3204 4528 3345 4566 suos.
3373 4510 3508 4566 Eam
3538 4510 3613 4566 ob

2010 4632 2127 4673 rem
2159 4615 2361 4671 codicis
2392 4612 2550 4683 hujus
2585 4610 2887 4680 antiquitati
2924 4608 3057 4664 nihil
3084 4606 3388 4663 iuconsolte
3423 4603 3619 4660 tribui-

379 4699 468 4755 1ι1.
501 4698 616 4754 Non
646 4697 714 4752 ab
736 4712 803 4752 eo
828 4697 999 4751 solum
1017 4706 1276 4765 tempore,
1292 4710 1358 4750 ex
1380 4706 1487 4766 quo
1508 4692 1810 4765 excogitata
1823 4701 1902 4748 est

2013 4726 2165 4778 mus,
2198 4724 2259 4765 ea
2284 4717 2488 4764 tantum
2516 4706 2562 4761 ei
2590 4717 2848 4760 concessa
2874 4700 3239 4768 veneratione,
3271 4708 3331 4754 ιιι
3353 4698 3617 4754 lectiones

307 4807 397 4847 ars
423 4791 804 4863 typograpliica
825 4833 839 4855 ,
870 4791 965 4846 sed
1009 4800 1061 4845 et
1083 4788 1447 4858 superioribus
1473 4788 1689 4844 sa-culis
1717 4787 1910 4841 identi-

310 4885 434 4942 dem
464 4886 788 4951 extiteruut,
817 4885 904 4955 qui
938 4885 990 4939 in
1022 4882 1471 4952 recognoscendis
1500 4881 1681 4937 Hilarii
1714 4882 1907 4953 Operi-

310 4979 410 5035 bus
458 4979 775 5034 indusniam
819 4993 970 5033 suam
1040 4978 1351 5047 probarent.
1389 4976 1471 5031 Ob
1518 4974 1908 5031 reconditiores

308 5084 487 5129 autem
513 5071 655 5127 illius
682 5086 876 5128 sensus
901 5070 1151 5125 eliectum
1180 5078 1282 5135 est,
1316 5078 1373 5124 ut
1404 5068 1672 5123 interdum
1706 5067 1804 5123 viri
1827 5068 1906 5124 illi

307 5166 697 5223 substituerent
727 5166 994 5235 proprios,
1029 5163 1210 5219 verbis
1238 5163 1505 5230 obscuris,
1532 5178 1654 5235 quae
1679 5176 1787 5218 non
1820 5177 1905 5217 sa-

307 5261 375 5316 tis
400 5259 828 5330 assequebantur
848 5299 861 5321 ,
889 5257 994 5312 alia
1022 5254 1442 5326 superaddeutes
1472 5256 1711 5324 planiora
1733 5296 1748 5320 ,
1786 5268 1907 5326 quas

306 5354 504 5410 deinde
532 5354 586 5408 in
624 5352 889 5423 exemplis
931 5350 1323 5407 recentioribus
1356 5350 1468 5405 sola
1506 5350 1751 5406 obtinere
1778 5364 1909 5405 con-

303 5454 620 5504 sueverunt.
670 5443 839 5514 Hujus
894 5443 973 5499 rei
1025 5442 1332 5512 exemplum
1385 5442 1688 5512 suppeditat
1734 5440 1907 5497 codex

303 5543 433 5597 olim
464 5537 864 5604 Floriaceusis,
897 5551 1037 5592 nunc
1065 5528 1392 5591 Colbertinze
1422 5534 1763 5590 bibliotheca:
1790 5544 1903 5590 not.

305 5634 470 5702 1194,
509 5648 578 5688 ex
620 5628 994 5697 antiquissimo
1031 5628 1380 5685 Carnutensis
1418 5626 1665 5683 ecclesiae
1702 5641 1806 5682 ms.
1839 5626 1909 5681 ab

301 5730 460 5786 annis
503 5725 729 5783 circiter
758 5724 862 5783 700
888 5724 1190 5793 descriptus
1212 5765 1229 5789 ,
1261 5722 1313 5776 in
1344 5736 1453 5793 quo
1488 5736 1568 5776 ete
1598 5728 1802 5775 tantum
1832 5720 1912 5774 vi-

301 5833 497 5880 suntur
543 5818 841 5884 lectiones,
872 5833 993 5887 quae
1024 5817 1078 5871 in
1116 5815 1432 5871 Carnuteusi
1479 5814 1729 5870 secundis
1766 5812 1910 5869 curis

299 5917 539 5974 adtexta:
567 5919 726 5977 sunt,
763 5909 1007 5983 quamvis
1038 5909 1225 5981 primae
1256 5916 1312 5965 ut
1339 5907 1630 5979 plurimum
1662 5906 1772 5969 sint
1797 5921 1912 5962 mc-

2014 4819 2184 4875 prope
2212 4817 2433 4867 omnes,
2462 4800 2514 4854 in
2542 4799 2736 4870 quibus
2766 4813 2796 4852 a
2826 4796 3039 4851 caeteris
3064 4795 3368 4865 discrepet,
3392 4792 3620 4865 diligen-

2014 4906 2099 4952 ter
2128 4905 2527 4951 annotaremus.
2572 4890 2682 4946 Has
2725 4905 2754 4943 a
2800 4888 3047 4944 Iohanne
3090 4887 3323 4957 Baptista
3352 4885 3618 4942 Btndinio

2012 4988 2286 5045 Vaticana:
2316 4983 2550 5039 basilicae
2573 4981 2847 5039 Canonico
2867 5024 2883 5050 ,
2912 4997 3035 5036 cum
3064 4995 3257 5036 novatn
3288 4979 3469 5035 Hilarii
3495 4979 3619 5035 edi-

2012 5081 2214 5135 tionem
2251 5085 2501 5149 pararet,
2528 5076 2804 5142 collectas,
2847 5074 3002 5130 nobis
3041 5073 3449 5130 descrioserunt
3476 5070 3612 5127 Fra-

2013 5181 2126 5228 tres
2174 5170 2344 5226 nostri
2380 5170 2469 5239 qui
2511 5167 2699 5224 Romte
2725 5174 3043 5231 versantur,
3068 5174 3125 5221 et
3149 5165 3402 5220 nonnulla
3434 5161 3616 5236 Opera

2011 5278 2111 5335 per
2134 5277 2194 5318 se
2218 5270 2469 5317 accurate
2498 5268 2948 5332 recognoscentes
2974 5256 3174 5313 laudati
3200 5253 3461 5313 Canonici
3487 5252 3615 5311 dili-

2012 5355 2247 5427 gentiam
2277 5352 2659 5424 probaverunt.

2090 5445 2179 5501 16.
2221 5445 2350 5501 Post
2369 5445 2610 5501 codicem
2633 5443 2808 5499 sancti
2835 5442 2979 5499 Petri
3004 5441 3323 5512 antiquitate
3347 5436 3621 5495 secundus

2014 5547 2120 5605 est,
2152 5537 2247 5594 sed
2277 5548 2497 5610 propter
2522 5536 2889 5592 sinceritatem
2917 5533 3075 5589 facile
3107 5532 3340 5604 primus,
3368 5528 3495 5584 olim
3523 5528 3619 5583 ab-

2014 5629 2177 5685 hatire
2198 5630 2369 5685 sancti
2400 5629 2636 5700 Dionysii
2653 5628 2802 5699 juxta
2830 5624 3097 5691 Parisios,
3124 5640 3263 5678 nunc
3292 5619 3618 5677 Colbertiute

2015 5721 2363 5778 bibliotheca:
2396 5737 2497 5776 ms.
2530 5721 2635 5776 825
2666 5735 2825 5789 quem
2852 5733 2973 5774 cum
3000 5716 3117 5771 aliis
3138 5716 3279 5770 bene
3306 5714 3486 5769 multis
3518 5713 3619 5768 hu-

2019 5815 2333 5871 manissime
2357 5814 2512 5869 nobis
2540 5813 2899 5886 suppeditavit
2925 5824 3213 5889 numquam
3240 5808 3372 5863 satis
3394 5823 3491 5879 pro
3517 5822 3617 5864 sua

2017 5909 2273 5965 comitate
2297 5906 2598 5964 laudandus
2626 5905 2931 5976 Stephanus
2950 5901 3199 5960 Balttzius
3221 5901 3396 5959 cidem
3420 5897 3614 5958 biblio-
