  <div class='ocr_page' id='page_1' title='image "/cluster/home/n/w/nwhite01/storage/ocr_20150623/9/hvd.32044015471261/027.png"; bbox 0 0 4056 6348; ppageno 0'>
   <div class='ocr_carea' id='block_1_1' title="bbox 473 346 3786 410">
    <p class='ocr_par' dir='ltr' id='par_1_1' title="bbox 473 346 3786 410">
     <span class='ocr_line' id='line_1_1' title="bbox 473 346 3786 410; baseline -0.003 -1"><span class='ocrx_word' id='word_1_1' title='bbox 473 358 493 410; x_wconf 82' lang='grc' dir='ltr'><strong>·Ι</strong></span> <span class='ocrx_word' id='word_1_2' title='bbox 507 356 538 408; x_wconf 88' lang='lat'><strong>9</strong></span> <span class='ocrx_word' id='word_1_3' title='bbox 1682 347 2050 404; x_wconf 65' lang='lat' dir='ltr'><strong>PHAEFATIU</strong></span> <span class='ocrx_word' id='word_1_4' title='bbox 2087 346 2499 404; x_wconf 67' lang='lat' dir='ltr'><strong>GENEMLIS.</strong></span> <span class='ocrx_word' id='word_1_5' title='bbox 3703 353 3786 409; x_wconf 63' lang='grc' dir='ltr'>ω</span> 
     </span>
    </p>
   </div>
   <div class='ocr_carea' id='block_1_2' title="bbox 467 463 3792 542">
    <p class='ocr_par' dir='ltr' id='par_1_2' title="bbox 467 463 3792 542">
     <span class='ocr_line' id='line_1_2' title="bbox 467 463 3792 542; baseline -0.001 -16"><span class='ocrx_word' id='word_1_6' title='bbox 467 473 643 528; x_wconf 68' lang='lat' dir='ltr'><strong>theca:</strong></span> <span class='ocrx_word' id='word_1_7' title='bbox 677 469 978 542; x_wconf 76' lang='lat' dir='ltr'><strong>pra-fectus.</strong></span> <span class='ocrx_word' id='word_1_8' title='bbox 1013 468 1180 523; x_wconf 77' lang='lat' dir='ltr'><strong>Porro</strong></span> <span class='ocrx_word' id='word_1_9' title='bbox 1207 465 1454 539; x_wconf 82' lang='lat' dir='ltr'><strong>quamvis</strong></span> <span class='ocrx_word' id='word_1_10' title='bbox 1495 480 1600 521; x_wconf 91' lang='lat' dir='ltr'><strong>non</strong></span> <span class='ocrx_word' id='word_1_11' title='bbox 1637 475 1820 522; x_wconf 87' lang='lat' dir='ltr'><strong>careat</strong></span> <span class='ocrx_word' id='word_1_12' title='bbox 1858 463 1946 519; x_wconf 90' lang='lat' dir='ltr'><strong>hic</strong></span> <span class='ocrx_word' id='word_1_13' title='bbox 1975 479 2061 519; x_wconf 83' lang='lat' dir='ltr'><strong>co-</strong></span> <span class='ocrx_word' id='word_1_14' title='bbox 2096 472 2152 534; x_wconf 75' lang='grc' dir='ltr'><strong>Α</strong></span> <span class='ocrx_word' id='word_1_15' title='bbox 2177 465 2336 520; x_wconf 89' lang='lat' dir='ltr'><strong>tianis</strong></span> <span class='ocrx_word' id='word_1_16' title='bbox 2361 474 2622 536; x_wconf 83' lang='lat' dir='ltr'><strong>quantum</strong></span> <span class='ocrx_word' id='word_1_17' title='bbox 2652 467 2704 524; x_wconf 90' lang='lat' dir='ltr'><strong>in</strong></span> <span class='ocrx_word' id='word_1_18' title='bbox 2730 480 2790 524; x_wconf 81' lang='lat' dir='ltr'><strong>se</strong></span> <span class='ocrx_word' id='word_1_19' title='bbox 2810 467 3318 536; x_wconf 79' lang='lat' dir='ltr'><strong>eratdeterruisse,</strong></span> <span class='ocrx_word' id='word_1_20' title='bbox 3343 482 3406 522; x_wconf 88' lang='lat' dir='ltr'><strong>ac</strong></span> <span class='ocrx_word' id='word_1_21' title='bbox 3430 467 3643 523; x_wconf 82' lang='lat' dir='ltr'><strong>tandem</strong></span> <span class='ocrx_word' id='word_1_22' title='bbox 3679 467 3792 522; x_wconf 72' lang='lat' dir='ltr'><strong>inc</strong></span> 
     </span>
    </p>
   </div>
   <div class='ocr_carea' id='block_1_3' title="bbox 472 559 2076 636">
    <p class='ocr_par' dir='ltr' id='par_1_3' title="bbox 472 559 2076 636">
     <span class='ocr_line' id='line_1_3' title="bbox 472 559 2076 636; baseline -0.004 -13"><span class='ocrx_word' id='word_1_23' title='bbox 472 567 577 623; x_wconf 89' lang='lat' dir='ltr'><strong>dex</strong></span> <span class='ocrx_word' id='word_1_24' title='bbox 609 563 818 621; x_wconf 88' lang='lat' dir='ltr'><strong>mendis</strong></span> <span class='ocrx_word' id='word_1_25' title='bbox 839 607 852 632; x_wconf 93' lang='lat'><strong>,</strong></span> <span class='ocrx_word' id='word_1_26' title='bbox 884 579 1008 636; x_wconf 73' lang='lat' dir='ltr'><strong>qua:</strong></span> <span class='ocrx_word' id='word_1_27' title='bbox 1046 559 1312 634; x_wconf 78' lang='lat' dir='ltr'><strong>imperitis</strong></span> <span class='ocrx_word' id='word_1_28' title='bbox 1347 561 1770 632; x_wconf 88' lang='lat' dir='ltr'><strong>exscriptoribus</strong></span> <span class='ocrx_word' id='word_1_29' title='bbox 1807 575 1915 616; x_wconf 89' lang='lat' dir='ltr'><strong>non</strong></span> <span class='ocrx_word' id='word_1_30' title='bbox 1951 575 2076 616; x_wconf 87' lang='lat' dir='ltr'><strong>raro</strong></span> 
     </span>
    </p>
   </div>
   <div class='ocr_carea' id='block_1_4' title="bbox 471 651 2078 724">
    <p class='ocr_par' dir='ltr' id='par_1_4' title="bbox 471 651 2078 724">
     <span class='ocr_line' id='line_1_4' title="bbox 471 651 2078 724; baseline -0.005 -10"><span class='ocrx_word' id='word_1_31' title='bbox 471 657 767 724; x_wconf 82' lang='lat' dir='ltr'><strong>accidunt;</strong></span> <span class='ocrx_word' id='word_1_32' title='bbox 792 655 995 712; x_wconf 91' lang='lat' dir='ltr'><strong>nullum</strong></span> <span class='ocrx_word' id='word_1_33' title='bbox 1025 664 1202 710; x_wconf 86' lang='lat' dir='ltr'><strong>tamen</strong></span> <span class='ocrx_word' id='word_1_34' title='bbox 1227 651 1408 720; x_wconf 90' lang='lat' dir='ltr'><strong>habet,</strong></span> <span class='ocrx_word' id='word_1_35' title='bbox 1439 652 1580 724; x_wconf 89' lang='lat' dir='ltr'><strong>quod</strong></span> <span class='ocrx_word' id='word_1_36' title='bbox 1607 668 1637 708; x_wconf 92' lang='lat' dir='ltr'><strong>a</strong></span> <span class='ocrx_word' id='word_1_37' title='bbox 1659 652 1841 708; x_wconf 90' lang='lat' dir='ltr'><strong>sciolis</strong></span> <span class='ocrx_word' id='word_1_38' title='bbox 1873 651 2078 708; x_wconf 82' lang='lat' dir='ltr'><strong>immis-</strong></span> 
     </span>
    </p>
   </div>
   <div class='ocr_carea' id='block_1_5' title="bbox 471 745 2077 824">
    <p class='ocr_par' dir='ltr' id='par_1_5' title="bbox 471 745 2077 824">
     <span class='ocr_line' id='line_1_5' title="bbox 471 745 2077 824; baseline -0.004 -15"><span class='ocrx_word' id='word_1_39' title='bbox 471 769 592 810; x_wconf 88' lang='lat' dir='ltr'><strong>sum</strong></span> <span class='ocrx_word' id='word_1_40' title='bbox 621 747 931 824; x_wconf 88' lang='lat' dir='ltr'><strong>suspiceris.</strong></span> <span class='ocrx_word' id='word_1_41' title='bbox 968 750 1080 804; x_wconf 87' lang='lat' dir='ltr'><strong>Hoc</strong></span> <span class='ocrx_word' id='word_1_42' title='bbox 1123 749 1175 803; x_wconf 91' lang='lat' dir='ltr'><strong>in</strong></span> <span class='ocrx_word' id='word_1_43' title='bbox 1217 761 1282 803; x_wconf 93' lang='lat' dir='ltr'><strong>eo</strong></span> <span class='ocrx_word' id='word_1_44' title='bbox 1308 761 1406 802; x_wconf 85' lang='lat' dir='ltr'><strong>ins.</strong></span> <span class='ocrx_word' id='word_1_45' title='bbox 1442 755 1628 802; x_wconf 92' lang='lat' dir='ltr'><strong>notatu</strong></span> <span class='ocrx_word' id='word_1_46' title='bbox 1655 746 1873 818; x_wconf 87' lang='lat' dir='ltr'><strong>dignum</strong></span> <span class='ocrx_word' id='word_1_47' title='bbox 1895 788 1912 814; x_wconf 92' lang='lat'><strong>,</strong></span> <span class='ocrx_word' id='word_1_48' title='bbox 1935 745 2077 818; x_wconf 89' lang='lat' dir='ltr'><strong>quod</strong></span> 
     </span>
    </p>
   </div>
   <div class='ocr_carea' id='block_1_6' title="bbox 471 837 2080 914">
    <p class='ocr_par' dir='ltr' id='par_1_6' title="bbox 471 837 2080 914">
     <span class='ocr_line' id='line_1_6' title="bbox 471 837 2080 914; baseline -0.006 -10"><span class='ocrx_word' id='word_1_49' title='bbox 471 864 595 906; x_wconf 89' lang='lat' dir='ltr'><strong>cum</strong></span> <span class='ocrx_word' id='word_1_50' title='bbox 629 845 696 902; x_wconf 83' lang='lat' dir='ltr'><strong>ad</strong></span> <span class='ocrx_word' id='word_1_51' title='bbox 738 845 939 900; x_wconf 84' lang='lat' dir='ltr'><strong>calcem</strong></span> <span class='ocrx_word' id='word_1_52' title='bbox 963 843 1220 914; x_wconf 86' lang='lat' dir='ltr'><strong>cujusque</strong></span> <span class='ocrx_word' id='word_1_53' title='bbox 1249 839 1368 895; x_wconf 87' lang='lat' dir='ltr'><strong>libri</strong></span> <span class='ocrx_word' id='word_1_54' title='bbox 1414 837 1730 912; x_wconf 82' lang='lat' dir='ltr'><strong>subjiciatur</strong></span> <span class='ocrx_word' id='word_1_55' title='bbox 1761 838 1946 894; x_wconf 84' lang='lat' dir='ltr'><strong>Hilarii</strong></span> <span class='ocrx_word' id='word_1_56' title='bbox 1983 853 2080 894; x_wconf 91' lang='lat' dir='ltr'><strong>no-</strong></span> 
     </span>
    </p>
   </div>
   <div class='ocr_carea' id='block_1_7' title="bbox 471 929 2079 1009">
    <p class='ocr_par' dir='ltr' id='par_1_7' title="bbox 471 929 2079 1009">
     <span class='ocr_line' id='line_1_7' title="bbox 471 929 2079 1009; baseline -0.006 -11"><span class='ocrx_word' id='word_1_57' title='bbox 471 957 638 1008; x_wconf 89' lang='lat' dir='ltr'><strong>men,</strong></span> <span class='ocrx_word' id='word_1_58' title='bbox 691 954 953 1009; x_wconf 68' lang='lat' dir='ltr'><strong>nusijuam</strong></span> <span class='ocrx_word' id='word_1_59' title='bbox 1001 932 1388 1004; x_wconf 73' lang='lat' dir='ltr'><strong>occurratnisi</strong></span> <span class='ocrx_word' id='word_1_60' title='bbox 1435 933 1636 988; x_wconf 91' lang='lat' dir='ltr'><strong>nudum</strong></span> <span class='ocrx_word' id='word_1_61' title='bbox 1675 939 1730 988; x_wconf 90' lang='lat' dir='ltr'><strong>et</strong></span> <span class='ocrx_word' id='word_1_62' title='bbox 1779 929 2079 988; x_wconf 80' lang='lat' dir='ltr'><strong>lioiioriﬁco</strong></span> 
     </span>
    </p>
   </div>
   <div class='ocr_carea' id='block_1_8' title="bbox 471 1023 2081 1105">
    <p class='ocr_par' dir='ltr' id='par_1_8' title="bbox 471 1023 2081 1105">
     <span class='ocr_line' id='line_1_8' title="bbox 471 1023 2081 1105; baseline -0.005 -19"><span class='ocrx_word' id='word_1_63' title='bbox 471 1031 716 1105; x_wconf 83' lang='lat' dir='ltr'><strong>quolibet</strong></span> <span class='ocrx_word' id='word_1_64' title='bbox 746 1032 899 1085; x_wconf 91' lang='lat' dir='ltr'><strong>titulo</strong></span> <span class='ocrx_word' id='word_1_65' title='bbox 929 1028 1277 1091; x_wconf 88' lang='lat' dir='ltr'><strong>destitutum,</strong></span> <span class='ocrx_word' id='word_1_66' title='bbox 1309 1043 1360 1080; x_wconf 91' lang='lat' dir='ltr'><strong>v.</strong></span> <span class='ocrx_word' id='word_1_67' title='bbox 1401 1042 1451 1097; x_wconf 82' lang='lat' dir='ltr'><strong>g.</strong></span> <span class='ocrx_word' id='word_1_68' title='bbox 1492 1023 1720 1094; x_wconf 77' lang='lat' dir='ltr'><strong>Explicit</strong></span> <span class='ocrx_word' id='word_1_69' title='bbox 1750 1023 1924 1078; x_wconf 80' lang='lat' dir='ltr'><strong>Hilari</strong></span> <span class='ocrx_word' id='word_1_70' title='bbox 1955 1023 2081 1078; x_wconf 86' lang='lat' dir='ltr'><strong>liber</strong></span> 
     </span>
    </p>
   </div>
   <div class='ocr_carea' id='block_1_9' title="bbox 474 1115 2082 1193">
    <p class='ocr_par' dir='ltr' id='par_1_9' title="bbox 474 1115 2082 1193">
     <span class='ocr_line' id='line_1_9' title="bbox 474 1115 2082 1193; baseline -0.005 -16"><span class='ocrx_word' id='word_1_71' title='bbox 474 1125 701 1193; x_wconf 79' lang='lat' dir='ltr'><strong>primus,</strong></span> <span class='ocrx_word' id='word_1_72' title='bbox 733 1119 962 1191; x_wconf 75' lang='lat' dir='ltr'><strong>Explicit</strong></span> <span class='ocrx_word' id='word_1_73' title='bbox 987 1117 1160 1173; x_wconf 79' lang='lat' dir='ltr'><strong>Hilari</strong></span> <span class='ocrx_word' id='word_1_74' title='bbox 1179 1118 1304 1173; x_wconf 87' lang='lat' dir='ltr'><strong>liber</strong></span> <span class='ocrx_word' id='word_1_75' title='bbox 1329 1115 1615 1184; x_wconf 81' lang='lat' dir='ltr'><strong>secundas,</strong></span> <span class='ocrx_word' id='word_1_76' title='bbox 1650 1133 1909 1186; x_wconf 89' lang='lat' dir='ltr'><strong>nusquam</strong></span> <span class='ocrx_word' id='word_1_77' title='bbox 1934 1133 2082 1170; x_wconf 86' lang='lat' dir='ltr'><strong>sanc-</strong></span> 
     </span>
    </p>
   </div>
   <div class='ocr_carea' id='block_1_10' title="bbox 471 1209 2082 1290">
    <p class='ocr_par' dir='ltr' id='par_1_10' title="bbox 471 1209 2082 1290">
     <span class='ocr_line' id='line_1_10' title="bbox 471 1209 2082 1290; baseline -0.005 -18"><span class='ocrx_word' id='word_1_78' title='bbox 471 1219 511 1272; x_wconf 97' lang='lat' dir='ltr'><strong>ti</strong></span> <span class='ocrx_word' id='word_1_79' title='bbox 535 1236 554 1274; x_wconf 93' lang='lat'><strong><em>:</em></strong></span> <span class='ocrx_word' id='word_1_80' title='bbox 583 1232 690 1290; x_wconf 92' lang='lat' dir='ltr'><strong>quo</strong></span> <span class='ocrx_word' id='word_1_81' title='bbox 718 1228 892 1271; x_wconf 90' lang='lat' dir='ltr'><strong>tamen</strong></span> <span class='ocrx_word' id='word_1_82' title='bbox 933 1214 1089 1268; x_wconf 90' lang='lat' dir='ltr'><strong>titulo</strong></span> <span class='ocrx_word' id='word_1_83' title='bbox 1117 1227 1239 1270; x_wconf 91' lang='lat' dir='ltr'><strong>cum</strong></span> <span class='ocrx_word' id='word_1_84' title='bbox 1284 1211 1350 1266; x_wconf 91' lang='lat' dir='ltr'><strong>ab</strong></span> <span class='ocrx_word' id='word_1_85' title='bbox 1385 1211 1713 1282; x_wconf 90' lang='lat' dir='ltr'><strong>llieronymo</strong></span> <span class='ocrx_word' id='word_1_86' title='bbox 1735 1251 1752 1278; x_wconf 93' lang='lat'><strong>,</strong></span> <span class='ocrx_word' id='word_1_87' title='bbox 1780 1209 2082 1280; x_wconf 80' lang='lat' dir='ltr'><strong>Augustino</strong></span> 
     </span>
    </p>
   </div>
   <div class='ocr_carea' id='block_1_11' title="bbox 473 1299 2076 1374">
    <p class='ocr_par' dir='ltr' id='par_1_11' title="bbox 473 1299 2076 1374">
     <span class='ocr_line' id='line_1_11' title="bbox 473 1299 2076 1374; baseline -0.006 -9"><span class='ocrx_word' id='word_1_88' title='bbox 473 1316 530 1366; x_wconf 92' lang='lat' dir='ltr'><strong>et</strong></span> <span class='ocrx_word' id='word_1_89' title='bbox 555 1309 692 1374; x_wconf 84' lang='lat' dir='ltr'><strong>aliis,</strong></span> <span class='ocrx_word' id='word_1_90' title='bbox 723 1316 835 1362; x_wconf 93' lang='lat' dir='ltr'><strong>tum</strong></span> <span class='ocrx_word' id='word_1_91' title='bbox 865 1305 916 1360; x_wconf 91' lang='lat' dir='ltr'><strong>in</strong></span> <span class='ocrx_word' id='word_1_92' title='bbox 941 1303 1158 1359; x_wconf 89' lang='lat' dir='ltr'><strong>laudato</strong></span> <span class='ocrx_word' id='word_1_93' title='bbox 1187 1299 1457 1360; x_wconf 76' lang='lat' dir='ltr'><strong>Vaticana:</strong></span> <span class='ocrx_word' id='word_1_94' title='bbox 1487 1301 1723 1357; x_wconf 70' lang='lat' dir='ltr'><strong>basilica:</strong></span> <span class='ocrx_word' id='word_1_95' title='bbox 1745 1301 2076 1373; x_wconf 82' lang='lat' dir='ltr'><strong>exemplari,</strong></span> 
     </span>
    </p>
   </div>
   <div class='ocr_carea' id='block_1_12' title="bbox 474 1392 2078 1473">
    <p class='ocr_par' dir='ltr' id='par_1_12' title="bbox 474 1392 2078 1473">
     <span class='ocr_line' id='line_1_12' title="bbox 474 1392 2078 1473; baseline -0.006 -14"><span class='ocrx_word' id='word_1_96' title='bbox 474 1399 776 1473; x_wconf 86' lang='lat' dir='ltr'><strong>insignitur.</strong></span> <span class='ocrx_word' id='word_1_97' title='bbox 809 1395 962 1469; x_wconf 84' lang='lat' dir='ltr'><strong>Quod</strong></span> <span class='ocrx_word' id='word_1_98' title='bbox 995 1403 1314 1469; x_wconf 85' lang='lat' dir='ltr'><strong>argumento</strong></span> <span class='ocrx_word' id='word_1_99' title='bbox 1345 1403 1450 1460; x_wconf 88' lang='lat' dir='ltr'><strong>est,</strong></span> <span class='ocrx_word' id='word_1_100' title='bbox 1475 1411 1598 1450; x_wconf 91' lang='lat' dir='ltr'><strong>eum</strong></span> <span class='ocrx_word' id='word_1_101' title='bbox 1629 1393 1715 1450; x_wconf 85' lang='lat' dir='ltr'><strong>vel</strong></span> <span class='ocrx_word' id='word_1_102' title='bbox 1741 1411 1806 1450; x_wconf 81' lang='lat' dir='ltr'><strong>ex</strong></span> <span class='ocrx_word' id='word_1_103' title='bbox 1833 1393 1952 1468; x_wconf 90' lang='lat' dir='ltr'><strong>ipso</strong></span> <span class='ocrx_word' id='word_1_104' title='bbox 1981 1392 2078 1450; x_wconf 87' lang='lat' dir='ltr'><strong>lli-</strong></span> 
     </span>
    </p>
   </div>
   <div class='ocr_carea' id='block_1_13' title="bbox 472 1483 2084 1566">
    <p class='ocr_par' dir='ltr' id='par_1_13' title="bbox 472 1483 2084 1566">
     <span class='ocr_line' id='line_1_13' title="bbox 472 1483 2084 1566; baseline -0.006 -14"><span class='ocrx_word' id='word_1_105' title='bbox 472 1495 593 1552; x_wconf 88' lang='lat' dir='ltr'><strong>larii</strong></span> <span class='ocrx_word' id='word_1_106' title='bbox 625 1491 988 1566; x_wconf 80' lang='lat' dir='ltr'><strong>autographa,</strong></span> <span class='ocrx_word' id='word_1_107' title='bbox 1016 1491 1099 1546; x_wconf 87' lang='lat' dir='ltr'><strong>vel</strong></span> <span class='ocrx_word' id='word_1_108' title='bbox 1128 1505 1192 1546; x_wconf 80' lang='lat' dir='ltr'><strong>cx</strong></span> <span class='ocrx_word' id='word_1_109' title='bbox 1221 1490 1326 1545; x_wconf 85' lang='lat' dir='ltr'><strong>alio</strong></span> <span class='ocrx_word' id='word_1_110' title='bbox 1352 1485 1670 1560; x_wconf 84' lang='lat' dir='ltr'><strong>exemplari,</strong></span> <span class='ocrx_word' id='word_1_111' title='bbox 1705 1483 1846 1559; x_wconf 86' lang='lat' dir='ltr'><strong>quod</strong></span> <span class='ocrx_word' id='word_1_112' title='bbox 1878 1484 2084 1543; x_wconf 83' lang='lat' dir='ltr'><strong>Hilario</strong></span> 
     </span>
    </p>
   </div>
   <div class='ocr_carea' id='block_1_14' title="bbox 474 1577 2084 1658">
    <p class='ocr_par' dir='ltr' id='par_1_14' title="bbox 474 1577 2084 1658">
     <span class='ocr_line' id='line_1_14' title="bbox 474 1577 2084 1658; baseline -0.004 -16"><span class='ocrx_word' id='word_1_113' title='bbox 474 1586 651 1642; x_wconf 88' lang='lat' dir='ltr'><strong>adhuc</strong></span> <span class='ocrx_word' id='word_1_114' title='bbox 678 1587 972 1658; x_wconf 84' lang='lat' dir='ltr'><strong>superstite</strong></span> <span class='ocrx_word' id='word_1_115' title='bbox 1011 1581 1272 1655; x_wconf 90' lang='lat' dir='ltr'><strong>scriptum</strong></span> <span class='ocrx_word' id='word_1_116' title='bbox 1312 1581 1474 1638; x_wconf 91' lang='lat' dir='ltr'><strong>fuerit</strong></span> <span class='ocrx_word' id='word_1_117' title='bbox 1495 1623 1510 1648; x_wconf 93' lang='lat'><strong>,</strong></span> <span class='ocrx_word' id='word_1_118' title='bbox 1540 1596 1749 1636; x_wconf 90' lang='lat' dir='ltr'><strong>summa</strong></span> <span class='ocrx_word' id='word_1_119' title='bbox 1781 1577 1885 1635; x_wconf 81' lang='lat' dir='ltr'><strong>[ide</strong></span> <span class='ocrx_word' id='word_1_120' title='bbox 1919 1579 2084 1636; x_wconf 86' lang='lat' dir='ltr'><strong>fuisse</strong></span> 
     </span>
    </p>
   </div>
   <div class='ocr_carea' id='block_1_15' title="bbox 471 1677 826 1737">
    <p class='ocr_par' dir='ltr' id='par_1_15' title="bbox 471 1677 826 1737">
     <span class='ocr_line' id='line_1_15' title="bbox 471 1677 826 1737; baseline -0.011 -1"><span class='ocrx_word' id='word_1_121' title='bbox 471 1677 826 1737; x_wconf 83' lang='lat' dir='ltr'><strong>exscriptum.</strong></span> 
     </span>
    </p>
   </div>
   <div class='ocr_carea' id='block_1_16' title="bbox 551 1695 2085 1842">
    <p class='ocr_par' dir='ltr' id='par_1_16' title="bbox 551 1695 2085 1842">
     <span class='ocr_line' id='line_1_16' title="bbox 551 1695 826 1737; baseline -0.011 -2"><span class='ocrx_word' id='word_1_122' title='bbox 551 1696 651 1737; x_wconf 86' lang='lat' dir='ltr'><strong>scrt</strong></span> <span class='ocrx_word' id='word_1_123' title='bbox 693 1695 826 1733; x_wconf 81' lang='lat' dir='ltr'><strong>tum.</strong></span> 
     </span>
     <span class='ocr_line' id='line_1_17' title="bbox 551 1695 2085 1842; baseline -0.004 -14"><span class='ocrx_word' id='word_1_124' title='bbox 551 1695 926 1842; x_wconf 72' lang='lat' dir='ltr'><strong>i7.pLongum</strong></span> <span class='ocrx_word' id='word_1_125' title='bbox 953 1773 1132 1833; x_wconf 82' lang='lat' dir='ltr'><strong>esset,</strong></span> <span class='ocrx_word' id='word_1_126' title='bbox 1165 1765 1388 1822; x_wconf 75' lang='lat' dir='ltr'><strong>forsitan</strong></span> <span class='ocrx_word' id='word_1_127' title='bbox 1414 1773 1470 1822; x_wconf 88' lang='lat' dir='ltr'><strong>et</strong></span> <span class='ocrx_word' id='word_1_128' title='bbox 1492 1779 1984 1837; x_wconf 76' lang='lat' dir='ltr'><strong>supervacaneum,</strong></span> <span class='ocrx_word' id='word_1_129' title='bbox 2017 1762 2085 1822; x_wconf 12' lang='lat' dir='ltr'><strong>die</strong></span> 
     </span>
    </p>
   </div>
   <div class='ocr_carea' id='block_1_17' title="bbox 2177 557 3792 632">
    <p class='ocr_par' dir='ltr' id='par_1_17' title="bbox 2177 557 3792 632">
     <span class='ocr_line' id='line_1_18' title="bbox 2177 557 3792 632; baseline 0.002 -18"><span class='ocrx_word' id='word_1_130' title='bbox 2177 557 2226 614; x_wconf 88' lang='lat' dir='ltr'><strong>ei</strong></span> <span class='ocrx_word' id='word_1_131' title='bbox 2257 566 2372 613; x_wconf 86' lang='lat' dir='ltr'><strong>arte</strong></span> <span class='ocrx_word' id='word_1_132' title='bbox 2407 566 2462 614; x_wconf 89' lang='lat' dir='ltr'><strong>et</strong></span> <span class='ocrx_word' id='word_1_133' title='bbox 2487 558 2748 614; x_wconf 87' lang='lat' dir='ltr'><strong>industria</strong></span> <span class='ocrx_word' id='word_1_134' title='bbox 2784 561 3140 632; x_wconf 87' lang='lat' dir='ltr'><strong>persuasisse,</strong></span> <span class='ocrx_word' id='word_1_135' title='bbox 3164 562 3306 632; x_wconf 85' lang='lat' dir='ltr'><strong>quod</strong></span> <span class='ocrx_word' id='word_1_136' title='bbox 3338 560 3576 632; x_wconf 70' lang='lat' dir='ltr'><strong>primum</strong></span> <span class='ocrx_word' id='word_1_137' title='bbox 3602 559 3792 618; x_wconf 77' lang='lat' dir='ltr'><strong>verbis</strong></span> 
     </span>
    </p>
   </div>
   <div class='ocr_carea' id='block_1_18' title="bbox 2179 651 3796 722">
    <p class='ocr_par' dir='ltr' id='par_1_18' title="bbox 2179 651 3796 722">
     <span class='ocr_line' id='line_1_19' title="bbox 2179 651 3796 722; baseline 0.003 -16"><span class='ocrx_word' id='word_1_138' title='bbox 2179 666 2288 707; x_wconf 80' lang='lat' dir='ltr'><strong>non</strong></span> <span class='ocrx_word' id='word_1_139' title='bbox 2319 651 2597 720; x_wconf 82' lang='lat' dir='ltr'><strong>valuerat;</strong></span> <span class='ocrx_word' id='word_1_140' title='bbox 2629 653 2785 710; x_wconf 81' lang='lat' dir='ltr'><strong>facile</strong></span> <span class='ocrx_word' id='word_1_141' title='bbox 2811 655 3147 722; x_wconf 87' lang='lat' dir='ltr'><strong>assentieris,</strong></span> <span class='ocrx_word' id='word_1_142' title='bbox 3173 655 3316 712; x_wconf 87' lang='lat' dir='ltr'><strong>hunc</strong></span> <span class='ocrx_word' id='word_1_143' title='bbox 3337 657 3534 714; x_wconf 76' lang='lat' dir='ltr'><strong>librum</strong></span> <span class='ocrx_word' id='word_1_144' title='bbox 3560 655 3796 712; x_wconf 78' lang='lat' dir='ltr'><strong>minime</strong></span> 
     </span>
    </p>
   </div>
   <div class='ocr_carea' id='block_1_19' title="bbox 2179 744 3797 819">
    <p class='ocr_par' dir='ltr' id='par_1_19' title="bbox 2179 744 3797 819">
     <span class='ocr_line' id='line_1_20' title="bbox 2179 744 3797 819; baseline 0.002 -17"><span class='ocrx_word' id='word_1_145' title='bbox 2179 744 2582 802; x_wconf 82' lang='lat' dir='ltr'><strong>inscribendum</strong></span> <span class='ocrx_word' id='word_1_146' title='bbox 2611 761 2734 804; x_wconf 87' lang='lat' dir='ltr'><strong>esse</strong></span> <span class='ocrx_word' id='word_1_147' title='bbox 2764 747 3010 804; x_wconf 81' lang='lat' dir='ltr'><strong>adversus</strong></span> <span class='ocrx_word' id='word_1_148' title='bbox 3037 749 3330 806; x_wconf 85' lang='lat' dir='ltr'><strong>Salustium</strong></span> <span class='ocrx_word' id='word_1_149' title='bbox 3346 768 3366 818; x_wconf 88' lang='lat'><strong><em>;</em></strong></span> <span class='ocrx_word' id='word_1_150' title='bbox 3395 759 3456 806; x_wconf 86' lang='lat' dir='ltr'><strong>ut</strong></span> <span class='ocrx_word' id='word_1_151' title='bbox 3476 752 3528 808; x_wconf 75' lang='lat' dir='ltr'><strong>in</strong></span> <span class='ocrx_word' id='word_1_152' title='bbox 3559 749 3797 819; x_wconf 69' lang='lat' dir='ltr'><strong>vulgst&#39;s</strong></span> 
     </span>
    </p>
   </div>
   <div class='ocr_carea' id='block_1_20' title="bbox 2181 836 3795 913">
    <p class='ocr_par' dir='ltr' id='par_1_20' title="bbox 2181 836 3795 913">
     <span class='ocr_line' id='line_1_21' title="bbox 2181 836 3795 913; baseline 0.004 -22"><span class='ocrx_word' id='word_1_153' title='bbox 2181 836 2491 910; x_wconf 87' lang='lat' dir='ltr'><strong>Hieronymi</strong></span> <span class='ocrx_word' id='word_1_154' title='bbox 2519 840 2769 908; x_wconf 87' lang='lat' dir='ltr'><strong>obtinet,</strong></span> <span class='ocrx_word' id='word_1_155' title='bbox 2798 841 2894 897; x_wconf 85' lang='lat' dir='ltr'><strong>sed</strong></span> <span class='ocrx_word' id='word_1_156' title='bbox 2921 883 2936 906; x_wconf 91' lang='lat'><strong>,</strong></span> <span class='ocrx_word' id='word_1_157' title='bbox 2963 851 3022 896; x_wconf 91' lang='lat' dir='ltr'><strong>ut</strong></span> <span class='ocrx_word' id='word_1_158' title='bbox 3047 842 3106 897; x_wconf 82' lang='lat' dir='ltr'><strong>in</strong></span> <span class='ocrx_word' id='word_1_159' title='bbox 3135 843 3432 913; x_wconf 79' lang='lat' dir='ltr'><strong>exemplari</strong></span> <span class='ocrx_word' id='word_1_160' title='bbox 3467 841 3795 899; x_wconf 77' lang='lat' dir='ltr'><strong>Corbeiensi</strong></span> 
     </span>
    </p>
   </div>
   <div class='ocr_carea' id='block_1_21' title="bbox 2181 930 3796 1007">
    <p class='ocr_par' dir='ltr' id='par_1_21' title="bbox 2181 930 3796 1007">
     <span class='ocr_line' id='line_1_22' title="bbox 2181 930 3796 1007; baseline 0.005 -23"><span class='ocrx_word' id='word_1_161' title='bbox 2181 930 2376 986; x_wconf 89' lang='lat' dir='ltr'><strong>litteris</strong></span> <span class='ocrx_word' id='word_1_162' title='bbox 2399 932 2775 1006; x_wconf 79' lang='lat' dir='ltr'><strong>Merovingicis</strong></span> <span class='ocrx_word' id='word_1_163' title='bbox 2807 936 3046 1006; x_wconf 86' lang='lat' dir='ltr'><strong>scripto,</strong></span> <span class='ocrx_word' id='word_1_164' title='bbox 3071 937 3140 990; x_wconf 76' lang='lat' dir='ltr'><strong>ad</strong></span> <span class='ocrx_word' id='word_1_165' title='bbox 3177 936 3504 1000; x_wconf 70' lang='lat' dir='ltr'><strong>Sebastiani;</strong></span> <span class='ocrx_word' id='word_1_166' title='bbox 3534 937 3602 991; x_wconf 87' lang='lat' dir='ltr'><strong>ad</strong></span> <span class='ocrx_word' id='word_1_167' title='bbox 3625 949 3796 1007; x_wconf 76' lang='lat' dir='ltr'><strong>quem</strong></span> 
     </span>
    </p>
   </div>
   <div class='ocr_carea' id='block_1_22' title="bbox 2182 1027 3800 1101">
    <p class='ocr_par' dir='ltr' id='par_1_22' title="bbox 2182 1027 3800 1101">
     <span class='ocr_line' id='line_1_23' title="bbox 2182 1027 3800 1101; baseline 0.002 -21"><span class='ocrx_word' id='word_1_168' title='bbox 2182 1031 2244 1080; x_wconf 85' lang='lat' dir='ltr'><strong>ut</strong></span> <span class='ocrx_word' id='word_1_169' title='bbox 2269 1032 2456 1080; x_wconf 80' lang='lat' dir='ltr'><strong>natura</strong></span> <span class='ocrx_word' id='word_1_170' title='bbox 2483 1028 2668 1083; x_wconf 84' lang='lat' dir='ltr'><strong>mitem</strong></span> <span class='ocrx_word' id='word_1_171' title='bbox 2698 1037 2754 1083; x_wconf 84' lang='lat' dir='ltr'><strong>et</strong></span> <span class='ocrx_word' id='word_1_172' title='bbox 2779 1027 3072 1084; x_wconf 80' lang='lat' dir='ltr'><strong>humanum</strong></span> <span class='ocrx_word' id='word_1_173' title='bbox 3095 1029 3399 1101; x_wconf 79' lang='lat' dir='ltr'><strong>conlugerit</strong></span> <span class='ocrx_word' id='word_1_174' title='bbox 3429 1029 3664 1084; x_wconf 80' lang='lat' dir='ltr'><strong>Hilarius</strong></span> <span class='ocrx_word' id='word_1_175' title='bbox 3695 1029 3800 1084; x_wconf 79' lang='lat' dir='ltr'><strong>ad—</strong></span> 
     </span>
    </p>
   </div>
   <div class='ocr_carea' id='block_1_23' title="bbox 2183 1119 3801 1192">
    <p class='ocr_par' dir='ltr' id='par_1_23' title="bbox 2183 1119 3801 1192">
     <span class='ocr_line' id='line_1_24' title="bbox 2183 1119 3801 1192; baseline 0.002 -22"><span class='ocrx_word' id='word_1_176' title='bbox 2183 1132 2372 1174; x_wconf 87' lang='lat' dir='ltr'><strong>versus</strong></span> <span class='ocrx_word' id='word_1_177' title='bbox 2399 1119 2692 1190; x_wconf 70' lang='lat' dir='ltr'><strong>nequitiam</strong></span> <span class='ocrx_word' id='word_1_178' title='bbox 2725 1119 2991 1186; x_wconf 84' lang='lat' dir='ltr'><strong>Dioscuri,</strong></span> <span class='ocrx_word' id='word_1_179' title='bbox 3020 1122 3112 1192; x_wconf 88' lang='lat' dir='ltr'><strong>qui</strong></span> <span class='ocrx_word' id='word_1_180' title='bbox 3143 1120 3370 1178; x_wconf 63' lang='lat' dir='ltr'><strong>(«sitan</strong></span> <span class='ocrx_word' id='word_1_181' title='bbox 3393 1121 3667 1178; x_wconf 80' lang='lat' dir='ltr'><strong>crudelior</strong></span> <span class='ocrx_word' id='word_1_182' title='bbox 3695 1119 3801 1176; x_wconf 50' lang='lat' dir='ltr'><strong>in-</strong></span> 
     </span>
    </p>
   </div>
   <div class='ocr_carea' id='block_1_24' title="bbox 2183 1207 3803 1284">
    <p class='ocr_par' dir='ltr' id='par_1_24' title="bbox 2183 1207 3803 1284">
     <span class='ocr_line' id='line_1_25' title="bbox 2183 1207 3803 1284; baseline 0.004 -21"><span class='ocrx_word' id='word_1_183' title='bbox 2183 1207 2310 1264; x_wconf 88' lang='lat' dir='ltr'><strong>liani</strong></span> <span class='ocrx_word' id='word_1_184' title='bbox 2352 1211 2504 1280; x_wconf 81' lang='lat' dir='ltr'><strong>jussu</strong></span> <span class='ocrx_word' id='word_1_185' title='bbox 2555 1213 2877 1282; x_wconf 84' lang='lat' dir='ltr'><strong>propensius</strong></span> <span class='ocrx_word' id='word_1_186' title='bbox 2928 1223 3338 1284; x_wconf 77' lang='lat' dir='ltr'><strong>exsequeretur.</strong></span> <span class='ocrx_word' id='word_1_187' title='bbox 3391 1213 3526 1269; x_wconf 85' lang='lat' dir='ltr'><strong>Hinc</strong></span> <span class='ocrx_word' id='word_1_188' title='bbox 3576 1227 3803 1283; x_wconf 73' lang='lat' dir='ltr'><strong>quoque</strong></span> 
     </span>
    </p>
   </div>
   <div class='ocr_carea' id='block_1_25' title="bbox 2183 1300 3802 1376">
    <p class='ocr_par' dir='ltr' id='par_1_25' title="bbox 2183 1300 3802 1376">
     <span class='ocr_line' id='line_1_26' title="bbox 2183 1300 3802 1376; baseline 0.004 -20"><span class='ocrx_word' id='word_1_189' title='bbox 2183 1300 2467 1357; x_wconf 86' lang='lat' dir='ltr'><strong>conﬁcitur</strong></span> <span class='ocrx_word' id='word_1_190' title='bbox 2491 1344 2506 1370; x_wconf 87' lang='lat'><strong>,</strong></span> <span class='ocrx_word' id='word_1_191' title='bbox 2533 1302 2782 1359; x_wconf 83' lang='lat' dir='ltr'><strong>eumdem</strong></span> <span class='ocrx_word' id='word_1_192' title='bbox 2818 1304 3054 1360; x_wconf 90' lang='lat' dir='ltr'><strong>libellum</strong></span> <span class='ocrx_word' id='word_1_193' title='bbox 3081 1305 3294 1362; x_wconf 87' lang='lat' dir='ltr'><strong>Juliano</strong></span> <span class='ocrx_word' id='word_1_194' title='bbox 3325 1321 3510 1366; x_wconf 57' lang='lat' dir='ltr'><strong>rerum</strong></span> <span class='ocrx_word' id='word_1_195' title='bbox 3547 1307 3802 1376; x_wconf 79' lang='lat' dir='ltr'><strong>potiente</strong></span> 
     </span>
    </p>
   </div>
   <div class='ocr_carea' id='block_1_26' title="bbox 2183 1397 2616 1468">
    <p class='ocr_par' dir='ltr' id='par_1_26' title="bbox 2183 1397 2616 1468">
     <span class='ocr_line' id='line_1_27' title="bbox 2183 1397 2616 1468; baseline 0 -16"><span class='ocrx_word' id='word_1_196' title='bbox 2183 1397 2446 1468; x_wconf 82' lang='lat' dir='ltr'><strong>scriptum</strong></span> <span class='ocrx_word' id='word_1_197' title='bbox 2473 1413 2616 1454; x_wconf 82' lang='lat' dir='ltr'><strong>esse.</strong></span> 
     </span>
    </p>
   </div>
   <div class='ocr_carea' id='block_1_27' title="bbox 2257 1486 3804 1562">
    <p class='ocr_par' dir='ltr' id='par_1_27' title="bbox 2257 1486 3804 1562">
     <span class='ocr_line' id='line_1_28' title="bbox 2257 1486 3804 1562; baseline 0.003 -21"><span class='ocrx_word' id='word_1_198' title='bbox 2257 1486 2352 1545; x_wconf 70' lang='grc'><strong>20.</strong></span> <span class='ocrx_word' id='word_1_199' title='bbox 2389 1487 2539 1544; x_wconf 83' lang='lat' dir='ltr'><strong>Illius</strong></span> <span class='ocrx_word' id='word_1_200' title='bbox 2575 1499 2756 1546; x_wconf 85' lang='lat' dir='ltr'><strong>autem</strong></span> <span class='ocrx_word' id='word_1_201' title='bbox 2804 1489 3002 1562; x_wconf 86' lang='lat' dir='ltr'><strong>Hymni</strong></span> <span class='ocrx_word' id='word_1_202' title='bbox 3046 1506 3150 1562; x_wconf 80' lang='lat' dir='ltr'><strong>qua</strong></span> <span class='ocrx_word' id='word_1_203' title='bbox 3195 1491 3262 1548; x_wconf 84' lang='lat' dir='ltr'><strong>de</strong></span> <span class='ocrx_word' id='word_1_204' title='bbox 3307 1507 3368 1550; x_wconf 77' lang='lat' dir='ltr'><strong>re</strong></span> <span class='ocrx_word' id='word_1_205' title='bbox 3406 1492 3804 1560; x_wconf 71' lang='lat' dir='ltr'><strong>tractaverint,</strong></span> 
     </span>
    </p>
   </div>
   <div class='ocr_carea' id='block_1_28' title="bbox 2187 1579 3804 1654">
    <p class='ocr_par' dir='ltr' id='par_1_28' title="bbox 2187 1579 3804 1654">
     <span class='ocr_line' id='line_1_29' title="bbox 2187 1579 3804 1654; baseline 0.001 -17"><span class='ocrx_word' id='word_1_206' title='bbox 2187 1579 2421 1637; x_wconf 81' lang='lat' dir='ltr'><strong>breviter</strong></span> <span class='ocrx_word' id='word_1_207' title='bbox 2448 1583 2756 1654; x_wconf 70' lang='lat' dir='ltr'><strong>perstringit</strong></span> <span class='ocrx_word' id='word_1_208' title='bbox 2779 1583 3080 1640; x_wconf 79' lang='lat' dir='ltr'><strong>Concilium</strong></span> <span class='ocrx_word' id='word_1_209' title='bbox 3103 1583 3421 1644; x_wconf 73' lang='lat' dir='ltr'><strong>Tolosanum</strong></span> <span class='ocrx_word' id='word_1_210' title='bbox 3447 1600 3526 1653; x_wconf 85' lang='lat' dir='ltr'><strong>iv,</strong></span> <span class='ocrx_word' id='word_1_211' title='bbox 3550 1599 3674 1640; x_wconf 77' lang='lat' dir='ltr'><strong>can.</strong></span> <span class='ocrx_word' id='word_1_212' title='bbox 3706 1585 3804 1650; x_wconf 76' lang='lat' dir='ltr'><strong>t3,</strong></span> 
     </span>
    </p>
   </div>
   <div class='ocr_carea' id='block_1_29' title="bbox 2189 1671 3805 1747">
    <p class='ocr_par' dir='ltr' id='par_1_29' title="bbox 2189 1671 3805 1747">
     <span class='ocr_line' id='line_1_30' title="bbox 2189 1671 3805 1747; baseline 0.004 -21"><span class='ocrx_word' id='word_1_213' title='bbox 2189 1671 2279 1728; x_wconf 89' lang='lat' dir='ltr'><strong>ubi</strong></span> <span class='ocrx_word' id='word_1_214' title='bbox 2307 1673 2380 1728; x_wconf 91' lang='lat' dir='ltr'><strong>ait</strong></span> <span class='ocrx_word' id='word_1_215' title='bbox 2399 1671 2690 1730; x_wconf 78' lang='lat' dir='ltr'><strong>:Noanulli</strong></span> <span class='ocrx_word' id='word_1_216' title='bbox 2715 1676 2892 1747; x_wconf 74' lang='lat' dir='ltr'><strong>hymni</strong></span> <span class='ocrx_word' id='word_1_217' title='bbox 2919 1677 3142 1732; x_wconf 76' lang='lat' dir='ltr'><strong>humano</strong></span> <span class='ocrx_word' id='word_1_218' title='bbox 3167 1677 3338 1733; x_wconf 83' lang='lat' dir='ltr'><strong>studio</strong></span> <span class='ocrx_word' id='word_1_219' title='bbox 3363 1685 3420 1732; x_wconf 83' lang='lat' dir='ltr'><strong>tn</strong></span> <span class='ocrx_word' id='word_1_220' title='bbox 3443 1677 3650 1734; x_wconf 72' lang='lat' dir='ltr'><strong>laudent</strong></span> <span class='ocrx_word' id='word_1_221' title='bbox 3677 1677 3805 1746; x_wconf 78' lang='lat' dir='ltr'><strong>Dei,</strong></span> 
     </span>
    </p>
   </div>
   <div class='ocr_carea' id='block_1_30' title="bbox 2188 1767 3808 1842">
    <p class='ocr_par' dir='ltr' id='par_1_30' title="bbox 2188 1767 3808 1842">
     <span class='ocr_line' id='line_1_31' title="bbox 2188 1767 3808 1842; baseline 0.004 -24"><span class='ocrx_word' id='word_1_222' title='bbox 2188 1775 2338 1837; x_wconf 82' lang='lat' dir='ltr'><strong>atque</strong></span> <span class='ocrx_word' id='word_1_223' title='bbox 2374 1767 2739 1837; x_wconf 80' lang='lat' dir='ltr'><strong>Apostolorum</strong></span> <span class='ocrx_word' id='word_1_224' title='bbox 2776 1779 2824 1826; x_wconf 80' lang='lat' dir='ltr'><strong>et</strong></span> <span class='ocrx_word' id='word_1_225' title='bbox 2867 1769 3162 1840; x_wconf 69' lang='lat' dir='ltr'><strong>Martyrum</strong></span> <span class='ocrx_word' id='word_1_226' title='bbox 3202 1770 3489 1842; x_wconf 61' lang='lat' dir='ltr'><strong>triumphos</strong></span> <span class='ocrx_word' id='word_1_227' title='bbox 3525 1771 3808 1841; x_wconf 75' lang='lat' dir='ltr'><strong>compositi</strong></span> 
     </span>
    </p>
   </div>
   <div class='ocr_carea' id='block_1_31' title="bbox 473 1857 3812 1932">
    <p class='ocr_par' dir='ltr' id='par_1_31' title="bbox 473 1857 3812 1932">
     <span class='ocr_line' id='line_1_32' title="bbox 473 1857 3812 1932; baseline -0.001 -10"><span class='ocrx_word' id='word_1_228' title='bbox 473 1864 688 1923; x_wconf 68' lang='lat' dir='ltr'><strong>cmteris</strong></span> <span class='ocrx_word' id='word_1_229' title='bbox 717 1877 846 1919; x_wconf 92' lang='lat' dir='ltr'><strong>mss.</strong></span> <span class='ocrx_word' id='word_1_230' title='bbox 877 1860 1188 1932; x_wconf 82' lang='lat' dir='ltr'><strong>singillatim</strong></span> <span class='ocrx_word' id='word_1_231' title='bbox 1221 1859 1507 1916; x_wconf 89' lang='lat' dir='ltr'><strong>disserere.</strong></span> <span class='ocrx_word' id='word_1_232' title='bbox 1532 1857 1644 1914; x_wconf 90' lang='lat' dir='ltr'><strong>Hoc</strong></span> <span class='ocrx_word' id='word_1_233' title='bbox 1674 1865 1824 1912; x_wconf 90' lang='lat' dir='ltr'><strong>certe</strong></span> <span class='ocrx_word' id='word_1_234' title='bbox 1849 1872 1899 1911; x_wconf 66' lang='lat'><strong>3:</strong></span> <span class='ocrx_word' id='word_1_235' title='bbox 1911 1872 2094 1914; x_wconf 86' lang='lat' dir='ltr'><strong>serere</strong></span> <span class='ocrx_word' id='word_1_236' title='bbox 2121 1863 2170 1924; x_wconf 81' lang='grc' dir='ltr'><strong>Β</strong></span> <span class='ocrx_word' id='word_1_237' title='bbox 2199 1874 2306 1913; x_wconf 80' lang='lat' dir='ltr'><strong>esse</strong></span> <span class='ocrx_word' id='word_1_238' title='bbox 2335 1873 2635 1928; x_wconf 85' lang='lat' dir='ltr'><strong>noscuntur,</strong></span> <span class='ocrx_word' id='word_1_239' title='bbox 2666 1861 2798 1915; x_wconf 85' lang='lat' dir='ltr'><strong>sicut</strong></span> <span class='ocrx_word' id='word_1_240' title='bbox 2829 1862 2880 1915; x_wconf 75' lang='lat' dir='ltr'><strong>Iri</strong></span> <span class='ocrx_word' id='word_1_241' title='bbox 2910 1879 3038 1932; x_wconf 84' lang='lat' dir='ltr'><strong>quos</strong></span> <span class='ocrx_word' id='word_1_242' title='bbox 3066 1862 3344 1918; x_wconf 69' lang='lat' dir='ltr'><strong>beatissimi</strong></span> <span class='ocrx_word' id='word_1_243' title='bbox 3379 1863 3610 1918; x_wconf 76' lang='lat' dir='ltr'><strong>doctores</strong></span> <span class='ocrx_word' id='word_1_244' title='bbox 3647 1861 3812 1918; x_wconf 80' lang='lat' dir='ltr'><strong>Hila—</strong></span> 
     </span>
    </p>
   </div>
   <div class='ocr_carea' id='block_1_32' title="bbox 474 1952 2081 2028">
    <p class='ocr_par' dir='ltr' id='par_1_32' title="bbox 474 1952 2081 2028">
     <span class='ocr_line' id='line_1_33' title="bbox 474 1952 2081 2028; baseline -0.006 -11"><span class='ocrx_word' id='word_1_245' title='bbox 474 1959 672 2027; x_wconf 88' lang='lat' dir='ltr'><strong>liceat,</strong></span> <span class='ocrx_word' id='word_1_246' title='bbox 705 1957 836 2014; x_wconf 89' lang='lat' dir='ltr'><strong>nihil</strong></span> <span class='ocrx_word' id='word_1_247' title='bbox 868 1971 966 2013; x_wconf 90' lang='lat' dir='ltr'><strong>nos</strong></span> <span class='ocrx_word' id='word_1_248' title='bbox 998 1971 1106 2011; x_wconf 91' lang='lat' dir='ltr'><strong>non</strong></span> <span class='ocrx_word' id='word_1_249' title='bbox 1140 1953 1352 2028; x_wconf 79' lang='lat' dir='ltr'><strong>egisse,</strong></span> <span class='ocrx_word' id='word_1_250' title='bbox 1383 1969 1490 2025; x_wconf 89' lang='lat' dir='ltr'><strong>quo</strong></span> <span class='ocrx_word' id='word_1_251' title='bbox 1522 1952 1702 2024; x_wconf 88' lang='lat' dir='ltr'><strong>plures</strong></span> <span class='ocrx_word' id='word_1_252' title='bbox 1726 1966 1790 2008; x_wconf 89' lang='lat' dir='ltr'><strong>ac</strong></span> <span class='ocrx_word' id='word_1_253' title='bbox 1819 1959 2081 2024; x_wconf 65' lang='lat' dir='ltr'><strong>praestan-</strong></span> 
     </span>
    </p>
   </div>
   <div class='ocr_carea' id='block_1_33' title="bbox 475 2039 2084 2125">
    <p class='ocr_par' dir='ltr' id='par_1_33' title="bbox 475 2039 2084 2125">
     <span class='ocr_line' id='line_1_34' title="bbox 475 2039 2084 2125; baseline -0.007 -12"><span class='ocrx_word' id='word_1_254' title='bbox 475 2057 645 2113; x_wconf 89' lang='lat' dir='ltr'><strong>tiores</strong></span> <span class='ocrx_word' id='word_1_255' title='bbox 673 2048 1144 2125; x_wconf 84' lang='lat' dir='ltr'><strong>compararemus&#39;,</strong></span> <span class='ocrx_word' id='word_1_256' title='bbox 1179 2064 1351 2120; x_wconf 90' lang='lat' dir='ltr'><strong>neque</strong></span> <span class='ocrx_word' id='word_1_257' title='bbox 1387 2047 1548 2102; x_wconf 90' lang='lat' dir='ltr'><strong>etiam</strong></span> <span class='ocrx_word' id='word_1_258' title='bbox 1576 2039 1747 2103; x_wconf 87' lang='lat' dir='ltr'><strong>labori</strong></span> <span class='ocrx_word' id='word_1_259' title='bbox 1779 2045 2084 2118; x_wconf 88' lang='lat' dir='ltr'><strong>pepercisse</strong></span> 
     </span>
    </p>
   </div>
   <div class='ocr_carea' id='block_1_34' title="bbox 479 2135 2086 2218">
    <p class='ocr_par' dir='ltr' id='par_1_34' title="bbox 479 2135 2086 2218">
     <span class='ocr_line' id='line_1_35' title="bbox 479 2135 2086 2218; baseline -0.007 -15"><span class='ocrx_word' id='word_1_260' title='bbox 479 2149 569 2206; x_wconf 86' lang='lat' dir='ltr'><strong>vel</strong></span> <span class='ocrx_word' id='word_1_261' title='bbox 598 2143 827 2218; x_wconf 86' lang='lat' dir='ltr'><strong>tempori</strong></span> <span class='ocrx_word' id='word_1_262' title='bbox 846 2189 858 2212; x_wconf 90' lang='lat'><strong>,</strong></span> <span class='ocrx_word' id='word_1_263' title='bbox 887 2153 946 2201; x_wconf 92' lang='lat' dir='ltr'><strong>ut</strong></span> <span class='ocrx_word' id='word_1_264' title='bbox 975 2141 1101 2216; x_wconf 85' lang='lat' dir='ltr'><strong>quid</strong></span> <span class='ocrx_word' id='word_1_265' title='bbox 1140 2143 1191 2198; x_wconf 91' lang='lat' dir='ltr'><strong>in</strong></span> <span class='ocrx_word' id='word_1_266' title='bbox 1221 2142 1286 2198; x_wconf 91' lang='lat' dir='ltr'><strong>iis</strong></span> <span class='ocrx_word' id='word_1_267' title='bbox 1307 2183 1323 2208; x_wconf 92' lang='lat'><strong>,</strong></span> <span class='ocrx_word' id='word_1_268' title='bbox 1344 2139 1472 2213; x_wconf 84' lang='lat' dir='ltr'><strong>quid</strong></span> <span class='ocrx_word' id='word_1_269' title='bbox 1500 2139 1551 2194; x_wconf 91' lang='lat' dir='ltr'><strong>in</strong></span> <span class='ocrx_word' id='word_1_270' title='bbox 1582 2135 1813 2212; x_wconf 82' lang='lat' dir='ltr'><strong>vulgatis</strong></span> <span class='ocrx_word' id='word_1_271' title='bbox 1839 2155 2086 2210; x_wconf 66' lang='lat' dir='ltr'><strong>pracpon-</strong></span> 
     </span>
    </p>
   </div>
   <div class='ocr_carea' id='block_1_35' title="bbox 479 2229 2088 2310">
    <p class='ocr_par' dir='ltr' id='par_1_35' title="bbox 479 2229 2088 2310">
     <span class='ocr_line' id='line_1_36' title="bbox 479 2229 2088 2310; baseline -0.006 -12"><span class='ocrx_word' id='word_1_272' title='bbox 479 2241 729 2308; x_wconf 87' lang='lat' dir='ltr'><strong>deraret,</strong></span> <span class='ocrx_word' id='word_1_273' title='bbox 759 2235 1200 2310; x_wconf 88' lang='lat' dir='ltr'><strong>dijudicaremus.</strong></span> <span class='ocrx_word' id='word_1_274' title='bbox 1229 2231 1300 2290; x_wconf 85' lang='lat' dir='ltr'><strong>Et</strong></span> <span class='ocrx_word' id='word_1_275' title='bbox 1328 2229 1396 2289; x_wconf 90' lang='lat' dir='ltr'><strong>ad</strong></span> <span class='ocrx_word' id='word_1_276' title='bbox 1430 2230 1598 2290; x_wconf 89' lang='lat' dir='ltr'><strong>llbros</strong></span> <span class='ocrx_word' id='word_1_277' title='bbox 1627 2231 1842 2306; x_wconf 89' lang='lat' dir='ltr'><strong>quidem</strong></span> <span class='ocrx_word' id='word_1_278' title='bbox 1874 2232 1940 2288; x_wconf 87' lang='lat' dir='ltr'><strong>de</strong></span> <span class='ocrx_word' id='word_1_279' title='bbox 1971 2232 2088 2288; x_wconf 92' lang='lat' dir='ltr'><strong>Tri-</strong></span> 
     </span>
    </p>
   </div>
   <div class='ocr_carea' id='block_1_36' title="bbox 478 2325 2088 2400">
    <p class='ocr_par' dir='ltr' id='par_1_36' title="bbox 478 2325 2088 2400">
     <span class='ocr_line' id='line_1_37' title="bbox 478 2325 2088 2400; baseline -0.006 -9"><span class='ocrx_word' id='word_1_280' title='bbox 478 2336 648 2392; x_wconf 89' lang='lat' dir='ltr'><strong>nitate</strong></span> <span class='ocrx_word' id='word_1_281' title='bbox 677 2329 809 2388; x_wconf 81' lang='lat' dir='ltr'><strong>nihil</strong></span> <span class='ocrx_word' id='word_1_282' title='bbox 833 2329 985 2387; x_wconf 89' lang='lat' dir='ltr'><strong>nobis</strong></span> <span class='ocrx_word' id='word_1_283' title='bbox 1013 2329 1243 2400; x_wconf 89' lang='lat' dir='ltr'><strong>amplius</strong></span> <span class='ocrx_word' id='word_1_284' title='bbox 1265 2326 1689 2383; x_wconf 82' lang='lat' dir='ltr'><strong>desiderandum</strong></span> <span class='ocrx_word' id='word_1_285' title='bbox 1721 2325 1930 2394; x_wconf 86' lang='lat' dir='ltr'><strong>videri,</strong></span> <span class='ocrx_word' id='word_1_286' title='bbox 1957 2341 2088 2382; x_wconf 91' lang='lat' dir='ltr'><strong>con-</strong></span> 
     </span>
    </p>
   </div>
   <div class='ocr_carea' id='block_1_37' title="bbox 480 2413 2088 2495">
    <p class='ocr_par' dir='ltr' id='par_1_37' title="bbox 480 2413 2088 2495">
     <span class='ocr_line' id='line_1_38' title="bbox 480 2413 2088 2495; baseline -0.007 -10"><span class='ocrx_word' id='word_1_287' title='bbox 480 2429 719 2485; x_wconf 86' lang='lat' dir='ltr'><strong>ﬁrmavit</strong></span> <span class='ocrx_word' id='word_1_288' title='bbox 754 2425 923 2482; x_wconf 89' lang='lat' dir='ltr'><strong>codex</strong></span> <span class='ocrx_word' id='word_1_289' title='bbox 957 2424 1181 2495; x_wconf 75' lang='lat' dir='ltr'><strong>insignis</strong></span> <span class='ocrx_word' id='word_1_290' title='bbox 1206 2421 1451 2479; x_wconf 85' lang='lat' dir='ltr'><strong>ecclesiae</strong></span> <span class='ocrx_word' id='word_1_291' title='bbox 1479 2413 1538 2477; x_wconf 87' lang='lat' dir='ltr'><strong>S.</strong></span> <span class='ocrx_word' id='word_1_292' title='bbox 1564 2417 1780 2476; x_wconf 81' lang='lat' dir='ltr'><strong>Martini</strong></span> <span class='ocrx_word' id='word_1_293' title='bbox 1804 2417 2088 2476; x_wconf 90' lang='lat' dir='ltr'><strong>Turonen-</strong></span> 
     </span>
    </p>
   </div>
   <div class='ocr_carea' id='block_1_38' title="bbox 481 2515 2087 2587">
    <p class='ocr_par' dir='ltr' id='par_1_38' title="bbox 481 2515 2087 2587">
     <span class='ocr_line' id='line_1_39' title="bbox 481 2515 2087 2587; baseline -0.005 -7"><span class='ocrx_word' id='word_1_294' title='bbox 481 2523 558 2580; x_wconf 89' lang='lat' dir='ltr'><strong>sis</strong></span> <span class='ocrx_word' id='word_1_295' title='bbox 601 2523 668 2579; x_wconf 81' lang='lat' dir='ltr'><strong>ab</strong></span> <span class='ocrx_word' id='word_1_296' title='bbox 707 2522 861 2576; x_wconf 89' lang='lat' dir='ltr'><strong>annis</strong></span> <span class='ocrx_word' id='word_1_297' title='bbox 900 2517 1118 2575; x_wconf 89' lang='lat' dir='ltr'><strong>circiter</strong></span> <span class='ocrx_word' id='word_1_298' title='bbox 1144 2515 1293 2572; x_wconf 86' lang='lat' dir='ltr'><strong>mille</strong></span> <span class='ocrx_word' id='word_1_299' title='bbox 1339 2515 1678 2586; x_wconf 89' lang='lat' dir='ltr'><strong>descriptus:</strong></span> <span class='ocrx_word' id='word_1_300' title='bbox 1711 2531 1775 2570; x_wconf 91' lang='lat' dir='ltr'><strong>cx</strong></span> <span class='ocrx_word' id='word_1_301' title='bbox 1821 2530 1928 2587; x_wconf 92' lang='lat' dir='ltr'><strong>quo</strong></span> <span class='ocrx_word' id='word_1_302' title='bbox 1963 2530 2087 2572; x_wconf 85' lang='lat' dir='ltr'><strong>cum</strong></span> 
     </span>
    </p>
   </div>
   <div class='ocr_carea' id='block_1_39' title="bbox 479 2611 2090 2684">
    <p class='ocr_par' dir='ltr' id='par_1_39' title="bbox 479 2611 2090 2684">
     <span class='ocr_line' id='line_1_40' title="bbox 479 2611 2090 2684; baseline -0.002 -12"><span class='ocrx_word' id='word_1_303' title='bbox 479 2617 645 2672; x_wconf 81' lang='lat' dir='ltr'><strong>varia:</strong></span> <span class='ocrx_word' id='word_1_304' title='bbox 677 2615 974 2682; x_wconf 88' lang='lat' dir='ltr'><strong>lectiones,</strong></span> <span class='ocrx_word' id='word_1_305' title='bbox 1015 2612 1165 2668; x_wconf 87' lang='lat' dir='ltr'><strong>libris</strong></span> <span class='ocrx_word' id='word_1_306' title='bbox 1195 2611 1302 2666; x_wconf 91' lang='lat' dir='ltr'><strong>illis</strong></span> <span class='ocrx_word' id='word_1_307' title='bbox 1339 2611 1449 2682; x_wconf 89' lang='lat' dir='ltr'><strong>jam</strong></span> <span class='ocrx_word' id='word_1_308' title='bbox 1495 2615 1695 2682; x_wconf 81' lang='lat' dir='ltr'><strong>paratis</strong></span> <span class='ocrx_word' id='word_1_309' title='bbox 1724 2619 1779 2666; x_wconf 89' lang='lat' dir='ltr'><strong>et</strong></span> <span class='ocrx_word' id='word_1_310' title='bbox 1816 2611 2090 2684; x_wconf 71' lang='lat' dir='ltr'><strong>castigatis</strong></span> 
     </span>
    </p>
   </div>
   <div class='ocr_carea' id='block_1_40' title="bbox 479 2702 2089 2776">
    <p class='ocr_par' dir='ltr' id='par_1_40' title="bbox 479 2702 2089 2776">
     <span class='ocr_line' id='line_1_41' title="bbox 479 2702 2089 2776; baseline -0.003 -11"><span class='ocrx_word' id='word_1_311' title='bbox 479 2709 576 2766; x_wconf 90' lang='lat' dir='ltr'><strong>sed</strong></span> <span class='ocrx_word' id='word_1_312' title='bbox 621 2705 860 2764; x_wconf 91' lang='lat' dir='ltr'><strong>nondum</strong></span> <span class='ocrx_word' id='word_1_313' title='bbox 913 2705 1066 2776; x_wconf 88' lang='lat' dir='ltr'><strong>prelo</strong></span> <span class='ocrx_word' id='word_1_314' title='bbox 1097 2702 1388 2774; x_wconf 82' lang='lat' dir='ltr'><strong>subjectis.</strong></span> <span class='ocrx_word' id='word_1_315' title='bbox 1426 2702 1608 2758; x_wconf 76' lang='lat' dir='ltr'><strong>missa:</strong></span> <span class='ocrx_word' id='word_1_316' title='bbox 1637 2710 1841 2766; x_wconf 89' lang='lat' dir='ltr'><strong>essent,</strong></span> <span class='ocrx_word' id='word_1_317' title='bbox 1873 2719 1942 2757; x_wconf 86' lang='lat' dir='ltr'><strong>ne</strong></span> <span class='ocrx_word' id='word_1_318' title='bbox 1983 2717 2089 2760; x_wconf 88' lang='lat' dir='ltr'><strong>una</strong></span> 
     </span>
    </p>
   </div>
   <div class='ocr_carea' id='block_1_41' title="bbox 481 2793 2090 2874">
    <p class='ocr_par' dir='ltr' id='par_1_41' title="bbox 481 2793 2090 2874">
     <span class='ocr_line' id='line_1_42' title="bbox 481 2793 2090 2874; baseline -0.004 -16"><span class='ocrx_word' id='word_1_319' title='bbox 481 2793 698 2874; x_wconf 84' lang='lat' dir='ltr'><strong>quidem</strong></span> <span class='ocrx_word' id='word_1_320' title='bbox 737 2802 953 2858; x_wconf 84' lang='lat' dir='ltr'><strong>inventa</strong></span> <span class='ocrx_word' id='word_1_321' title='bbox 985 2805 1072 2855; x_wconf 89' lang='lat' dir='ltr'><strong>est</strong></span> <span class='ocrx_word' id='word_1_322' title='bbox 1093 2799 1242 2870; x_wconf 86' lang='lat' dir='ltr'><strong>prius</strong></span> <span class='ocrx_word' id='word_1_323' title='bbox 1273 2796 1499 2868; x_wconf 76' lang='lat' dir='ltr'><strong>vulgatis</strong></span> <span class='ocrx_word' id='word_1_324' title='bbox 1530 2793 1861 2868; x_wconf 71' lang='lat' dir='ltr'><strong>pra-ferenda</strong></span> <span class='ocrx_word' id='word_1_325' title='bbox 1884 2836 1902 2864; x_wconf 93' lang='lat'><strong>,</strong></span> <span class='ocrx_word' id='word_1_326' title='bbox 1930 2809 2090 2866; x_wconf 79' lang='lat' dir='ltr'><strong>quam</strong></span> 
     </span>
    </p>
   </div>
   <div class='ocr_carea' id='block_1_42' title="bbox 477 2894 1982 2965">
    <p class='ocr_par' dir='ltr' id='par_1_42' title="bbox 477 2894 1982 2965">
     <span class='ocr_line' id='line_1_43' title="bbox 477 2894 1982 2965; baseline -0.011 -11"><span class='ocrx_word' id='word_1_327' title='bbox 477 2912 588 2954; x_wconf 77' lang='lat' dir='ltr'><strong>non</strong></span> <span class='ocrx_word' id='word_1_328' title='bbox 615 2897 726 2965; x_wconf 83' lang='lat' dir='ltr'><strong>jam</strong></span> <span class='ocrx_word' id='word_1_329' title='bbox 753 2910 823 2950; x_wconf 84' lang='lat' dir='ltr'><strong>ex</strong></span> <span class='ocrx_word' id='word_1_330' title='bbox 850 2894 972 2950; x_wconf 87' lang='lat' dir='ltr'><strong>aliis</strong></span> <span class='ocrx_word' id='word_1_331' title='bbox 1004 2904 1430 2948; x_wconf 90' lang='lat' dir='ltr'><strong>revocassemus.</strong></span> <span class='ocrx_word' id='word_1_332' title='bbox 1979 2958 1982 2961; x_wconf 86' lang='lat'>_</span> 
     </span>
    </p>
   </div>
   <div class='ocr_carea' id='block_1_43' title="bbox 558 2981 2093 3054">
    <p class='ocr_par' dir='ltr' id='par_1_43' title="bbox 558 2981 2093 3054">
     <span class='ocr_line' id='line_1_44' title="bbox 558 2981 2093 3054; baseline -0.003 -12"><span class='ocrx_word' id='word_1_333' title='bbox 558 2987 646 3042; x_wconf 70' lang='lat'><strong>18.</strong></span> <span class='ocrx_word' id='word_1_334' title='bbox 687 2985 899 3054; x_wconf 82' lang='lat' dir='ltr'><strong>Quanto</strong></span> <span class='ocrx_word' id='word_1_335' title='bbox 925 2993 1107 3039; x_wconf 84' lang='lat' dir='ltr'><strong>autem</strong></span> <span class='ocrx_word' id='word_1_336' title='bbox 1139 2984 1321 3040; x_wconf 84' lang='lat' dir='ltr'><strong>studio</strong></span> <span class='ocrx_word' id='word_1_337' title='bbox 1350 2997 1480 3037; x_wconf 90' lang='lat' dir='ltr'><strong>mss.</strong></span> <span class='ocrx_word' id='word_1_338' title='bbox 1513 2982 1720 3052; x_wconf 85' lang='lat' dir='ltr'><strong>copiam</strong></span> <span class='ocrx_word' id='word_1_339' title='bbox 1750 2981 1946 3051; x_wconf 87' lang='lat' dir='ltr'><strong>ubique</strong></span> <span class='ocrx_word' id='word_1_340' title='bbox 1970 2997 2093 3038; x_wconf 91' lang='lat' dir='ltr'><strong>con-</strong></span> 
     </span>
    </p>
   </div>
   <div class='ocr_carea' id='block_1_44' title="bbox 483 3074 2094 3148">
    <p class='ocr_par' dir='ltr' id='par_1_44' title="bbox 483 3074 2094 3148">
     <span class='ocr_line' id='line_1_45' title="bbox 483 3074 2094 3148; baseline 0 -16"><span class='ocrx_word' id='word_1_341' title='bbox 483 3077 831 3148; x_wconf 90' lang='lat' dir='ltr'><strong>quisierimus</strong></span> <span class='ocrx_word' id='word_1_342' title='bbox 857 3117 874 3144; x_wconf 90' lang='lat'><strong>,</strong></span> <span class='ocrx_word' id='word_1_343' title='bbox 917 3082 1084 3134; x_wconf 87' lang='lat' dir='ltr'><strong>testes</strong></span> <span class='ocrx_word' id='word_1_344' title='bbox 1123 3083 1248 3131; x_wconf 90' lang='lat' dir='ltr'><strong>sunt</strong></span> <span class='ocrx_word' id='word_1_345' title='bbox 1286 3074 1540 3130; x_wconf 88' lang='lat' dir='ltr'><strong>Germani</strong></span> <span class='ocrx_word' id='word_1_346' title='bbox 1565 3116 1582 3142; x_wconf 93' lang='lat'><strong>,</strong></span> <span class='ocrx_word' id='word_1_347' title='bbox 1614 3075 1892 3141; x_wconf 87' lang='lat' dir='ltr'><strong>Britanni,</strong></span> <span class='ocrx_word' id='word_1_348' title='bbox 1929 3083 2094 3146; x_wconf 86' lang='lat' dir='ltr'><strong>atque</strong></span> 
     </span>
    </p>
   </div>
   <div class='ocr_carea' id='block_1_45' title="bbox 483 3168 2090 3242">
    <p class='ocr_par' dir='ltr' id='par_1_45' title="bbox 483 3168 2090 3242">
     <span class='ocr_line' id='line_1_46' title="bbox 483 3168 2090 3242; baseline -0.002 -17"><span class='ocrx_word' id='word_1_349' title='bbox 483 3169 600 3226; x_wconf 87' lang='lat' dir='ltr'><strong>Itali</strong></span> <span class='ocrx_word' id='word_1_350' title='bbox 619 3211 634 3238; x_wconf 90' lang='lat'><strong>,</strong></span> <span class='ocrx_word' id='word_1_351' title='bbox 665 3183 893 3242; x_wconf 86' lang='lat' dir='ltr'><strong>quorum</strong></span> <span class='ocrx_word' id='word_1_352' title='bbox 921 3183 1085 3239; x_wconf 87' lang='lat' dir='ltr'><strong>opera</strong></span> <span class='ocrx_word' id='word_1_353' title='bbox 1116 3175 1424 3224; x_wconf 75' lang='lat' dir='ltr'><strong>exterarum</strong></span> <span class='ocrx_word' id='word_1_354' title='bbox 1465 3169 1675 3224; x_wconf 91' lang='lat' dir='ltr'><strong>illarum</strong></span> <span class='ocrx_word' id='word_1_355' title='bbox 1707 3168 1986 3240; x_wconf 84' lang='lat' dir='ltr'><strong>regionum</strong></span> <span class='ocrx_word' id='word_1_356' title='bbox 2014 3169 2090 3223; x_wconf 85' lang='lat' dir='ltr'><strong>bi-</strong></span> 
     </span>
    </p>
   </div>
   <div class='ocr_carea' id='block_1_46' title="bbox 2190 1952 3806 2029">
    <p class='ocr_par' dir='ltr' id='par_1_46' title="bbox 2190 1952 3806 2029">
     <span class='ocr_line' id='line_1_47' title="bbox 2190 1952 3806 2029; baseline 0.004 -23"><span class='ocrx_word' id='word_1_357' title='bbox 2190 1952 2297 2007; x_wconf 85' lang='lat' dir='ltr'><strong>rius</strong></span> <span class='ocrx_word' id='word_1_358' title='bbox 2324 1960 2476 2023; x_wconf 85' lang='lat' dir='ltr'><strong>atque</strong></span> <span class='ocrx_word' id='word_1_359' title='bbox 2504 1953 2800 2010; x_wconf 81' lang='lat' dir='ltr'><strong>Ambrosius</strong></span> <span class='ocrx_word' id='word_1_360' title='bbox 2841 1957 3132 2012; x_wconf 75' lang='lat' dir='ltr'><strong>ediderunt.</strong></span> <span class='ocrx_word' id='word_1_361' title='bbox 3179 1957 3253 2012; x_wconf 76' lang='lat' dir='ltr'><strong>De</strong></span> <span class='ocrx_word' id='word_1_362' title='bbox 3289 1957 3480 2014; x_wconf 78' lang='lat' dir='ltr'><strong>iisdem</strong></span> <span class='ocrx_word' id='word_1_363' title='bbox 3527 1956 3806 2029; x_wconf 83' lang='lat' dir='ltr'><strong>Hierony-</strong></span> 
     </span>
    </p>
   </div>
   <div class='ocr_carea' id='block_1_47' title="bbox 2191 2044 3805 2116">
    <p class='ocr_par' dir='ltr' id='par_1_47' title="bbox 2191 2044 3805 2116">
     <span class='ocr_line' id='line_1_48' title="bbox 2191 2044 3805 2116; baseline 0.003 -16"><span class='ocrx_word' id='word_1_364' title='bbox 2191 2059 2310 2100; x_wconf 86' lang='lat' dir='ltr'><strong>mus</strong></span> <span class='ocrx_word' id='word_1_365' title='bbox 2336 2044 2548 2116; x_wconf 63' lang='lat' dir='ltr'><strong>prailat.</strong></span> <span class='ocrx_word' id='word_1_366' title='bbox 2584 2047 2637 2101; x_wconf 94' lang='lat' dir='ltr'><strong>in</strong></span> <span class='ocrx_word' id='word_1_367' title='bbox 2669 2047 2764 2104; x_wconf 86' lang='lat' dir='ltr'><strong>lib.</strong></span> <span class='ocrx_word' id='word_1_368' title='bbox 2793 2061 2862 2115; x_wconf 83' lang='grc' dir='ltr'><strong>ιι,</strong></span> <span class='ocrx_word' id='word_1_369' title='bbox 2895 2046 3108 2104; x_wconf 84' lang='lat' dir='ltr'><strong>Comm.</strong></span> <span class='ocrx_word' id='word_1_370' title='bbox 3140 2049 3210 2104; x_wconf 87' lang='lat' dir='ltr'><strong>ad</strong></span> <span class='ocrx_word' id='word_1_371' title='bbox 3236 2047 3354 2106; x_wconf 86' lang='lat' dir='ltr'><strong>Gal.</strong></span> <span class='ocrx_word' id='word_1_372' title='bbox 3387 2050 3488 2106; x_wconf 83' lang='lat' dir='ltr'><strong>hoc</strong></span> <span class='ocrx_word' id='word_1_373' title='bbox 3519 2065 3684 2106; x_wconf 78' lang='lat' dir='ltr'><strong>unum</strong></span> <span class='ocrx_word' id='word_1_374' title='bbox 3715 2051 3805 2105; x_wconf 84' lang='lat' dir='ltr'><strong>in-</strong></span> 
     </span>
    </p>
   </div>
   <div class='ocr_carea' id='block_1_48' title="bbox 2189 2135 3804 2213">
    <p class='ocr_par' dir='ltr' id='par_1_48' title="bbox 2189 2135 3804 2213">
     <span class='ocr_line' id='line_1_49' title="bbox 2189 2135 3804 2213; baseline 0.004 -21"><span class='ocrx_word' id='word_1_375' title='bbox 2189 2135 2364 2204; x_wconf 81' lang='lat' dir='ltr'><strong>dicat,</strong></span> <span class='ocrx_word' id='word_1_376' title='bbox 2421 2138 2565 2209; x_wconf 87' lang='lat' dir='ltr'><strong>quod</strong></span> <span class='ocrx_word' id='word_1_377' title='bbox 2622 2137 2866 2194; x_wconf 80' lang='lat' dir='ltr'><strong>Hilarius</strong></span> <span class='ocrx_word' id='word_1_378' title='bbox 2914 2141 3090 2196; x_wconf 65' lang='lat' dir='ltr'><strong>latinia</strong></span> <span class='ocrx_word' id='word_1_379' title='bbox 3137 2141 3432 2213; x_wconf 76' lang='lat' dir='ltr'><strong>eloquentia:</strong></span> <span class='ocrx_word' id='word_1_380' title='bbox 3481 2140 3804 2208; x_wconf 70' lang='lat' dir='ltr'><strong>Rhodanus,</strong></span> 
     </span>
    </p>
   </div>
   <div class='ocr_carea' id='block_1_49' title="bbox 2194 2228 3804 2306">
    <p class='ocr_par' dir='ltr' id='par_1_49' title="bbox 2194 2228 3804 2306">
     <span class='ocr_line' id='line_1_50' title="bbox 2194 2228 3804 2306; baseline 0.003 -21"><span class='ocrx_word' id='word_1_381' title='bbox 2194 2228 2376 2286; x_wconf 83' lang='lat' dir='ltr'><strong>Gallus</strong></span> <span class='ocrx_word' id='word_1_382' title='bbox 2418 2232 2528 2302; x_wconf 84' lang='lat' dir='ltr'><strong>ipse</strong></span> <span class='ocrx_word' id='word_1_383' title='bbox 2548 2273 2566 2298; x_wconf 88' lang='lat'><strong>,</strong></span> <span class='ocrx_word' id='word_1_384' title='bbox 2603 2241 2650 2288; x_wconf 80' lang='lat' dir='ltr'><strong>et</strong></span> <span class='ocrx_word' id='word_1_385' title='bbox 2690 2231 2915 2288; x_wconf 75' lang='lat' dir='ltr'><strong>Pictoris</strong></span> <span class='ocrx_word' id='word_1_386' title='bbox 2959 2235 3160 2306; x_wconf 85' lang='lat' dir='ltr'><strong>genitus</strong></span> <span class='ocrx_word' id='word_1_387' title='bbox 3181 2276 3198 2302; x_wconf 94' lang='lat'><strong>,</strong></span> <span class='ocrx_word' id='word_1_388' title='bbox 3237 2235 3294 2289; x_wconf 80' lang='lat' dir='ltr'><strong>in</strong></span> <span class='ocrx_word' id='word_1_389' title='bbox 3330 2235 3644 2305; x_wconf 75' lang='lat' dir='ltr'><strong>hymnorum</strong></span> <span class='ocrx_word' id='word_1_390' title='bbox 3683 2251 3804 2290; x_wconf 82' lang='lat' dir='ltr'><strong>car-</strong></span> 
     </span>
    </p>
   </div>
   <div class='ocr_carea' id='block_1_50' title="bbox 2191 2322 3805 2400">
    <p class='ocr_par' dir='ltr' id='par_1_50' title="bbox 2191 2322 3805 2400">
     <span class='ocr_line' id='line_1_51' title="bbox 2191 2322 3805 2400; baseline 0.004 -22"><span class='ocrx_word' id='word_1_391' title='bbox 2191 2324 2328 2380; x_wconf 83' lang='lat' dir='ltr'><strong>mine</strong></span> <span class='ocrx_word' id='word_1_392' title='bbox 2358 2322 2536 2380; x_wconf 86' lang='lat' dir='ltr'><strong>Gallos</strong></span> <span class='ocrx_word' id='word_1_393' title='bbox 2560 2326 2808 2383; x_wconf 77' lang='lat' dir='ltr'><strong>indociles</strong></span> <span class='ocrx_word' id='word_1_394' title='bbox 2836 2338 2998 2386; x_wconf 82' lang='lat' dir='ltr'><strong>vocet.</strong></span> <span class='ocrx_word' id='word_1_395' title='bbox 3029 2328 3140 2386; x_wconf 89' lang='lat' dir='ltr'><strong>Sed</strong></span> <span class='ocrx_word' id='word_1_396' title='bbox 3171 2345 3294 2385; x_wconf 87' lang='lat' dir='ltr'><strong>cum</strong></span> <span class='ocrx_word' id='word_1_397' title='bbox 3325 2327 3563 2385; x_wconf 83' lang='lat' dir='ltr'><strong>Isidorus</strong></span> <span class='ocrx_word' id='word_1_398' title='bbox 3593 2329 3805 2400; x_wconf 82' lang='lat' dir='ltr'><strong>Hispal.</strong></span> 
     </span>
    </p>
   </div>
   <div class='ocr_carea' id='block_1_51' title="bbox 2194 2415 3802 2492">
    <p class='ocr_par' dir='ltr' id='par_1_51' title="bbox 2194 2415 3802 2492">
     <span class='ocr_line' id='line_1_52' title="bbox 2194 2415 3802 2492; baseline 0.004 -20"><span class='ocrx_word' id='word_1_399' title='bbox 2194 2417 2288 2472; x_wconf 88' lang='lat' dir='ltr'><strong>lib.</strong></span> <span class='ocrx_word' id='word_1_400' title='bbox 2347 2433 2368 2474; x_wconf 87' lang='grc' dir='ltr'><strong><em>ι</em></strong></span> <span class='ocrx_word' id='word_1_401' title='bbox 2421 2415 2526 2474; x_wconf 77' lang='lat' dir='ltr'><strong>Oﬂ‘.</strong></span> <span class='ocrx_word' id='word_1_402' title='bbox 2575 2420 2714 2476; x_wconf 88' lang='lat' dir='ltr'><strong>eccl.</strong></span> <span class='ocrx_word' id='word_1_403' title='bbox 2760 2437 2810 2475; x_wconf 89' lang='lat' dir='ltr'><strong>c.</strong></span> <span class='ocrx_word' id='word_1_404' title='bbox 2862 2422 2917 2487; x_wconf 86' lang='lat'><strong>6,</strong></span> <span class='ocrx_word' id='word_1_405' title='bbox 2961 2421 3064 2477; x_wconf 90' lang='lat' dir='ltr'><strong>hoc</strong></span> <span class='ocrx_word' id='word_1_406' title='bbox 3105 2421 3156 2478; x_wconf 90' lang='lat' dir='ltr'><strong>ei</strong></span> <span class='ocrx_word' id='word_1_407' title='bbox 3193 2421 3366 2478; x_wconf 87' lang='lat' dir='ltr'><strong>laudis</strong></span> <span class='ocrx_word' id='word_1_408' title='bbox 3405 2421 3620 2490; x_wconf 87' lang='lat' dir='ltr'><strong>tribuit,</strong></span> <span class='ocrx_word' id='word_1_409' title='bbox 3652 2422 3802 2492; x_wconf 82' lang='lat' dir='ltr'><strong>quod</strong></span> 
     </span>
    </p>
   </div>
   <div class='ocr_carea' id='block_1_52' title="bbox 2193 2515 3806 2588">
    <p class='ocr_par' dir='ltr' id='par_1_52' title="bbox 2193 2515 3806 2588">
     <span class='ocr_line' id='line_1_53' title="bbox 2193 2515 3806 2588; baseline 0.001 -19"><span class='ocrx_word' id='word_1_410' title='bbox 2193 2515 2501 2586; x_wconf 77' lang='lat' dir='ltr'><strong>hymnorum</strong></span> <span class='ocrx_word' id='word_1_411' title='bbox 2539 2516 2766 2571; x_wconf 77' lang='lat' dir='ltr'><strong>carmina</strong></span> <span class='ocrx_word' id='word_1_412' title='bbox 2807 2515 3000 2572; x_wconf 82' lang='lat' dir='ltr'><strong>claruit</strong></span> <span class='ocrx_word' id='word_1_413' title='bbox 3036 2517 3266 2588; x_wconf 78' lang='lat' dir='ltr'><strong>primus,</strong></span> <span class='ocrx_word' id='word_1_414' title='bbox 3307 2516 3362 2572; x_wconf 89' lang='lat' dir='ltr'><strong>in</strong></span> <span class='ocrx_word' id='word_1_415' title='bbox 3401 2531 3537 2575; x_wconf 75' lang='lat' dir='ltr'><strong>unos</strong></span> <span class='ocrx_word' id='word_1_416' title='bbox 3581 2515 3806 2578; x_wconf 66' lang='lat' dir='ltr'><strong>[Atinas</strong></span> 
     </span>
    </p>
   </div>
   <div class='ocr_carea' id='block_1_53' title="bbox 2192 2609 3808 2681">
    <p class='ocr_par' dir='ltr' id='par_1_53' title="bbox 2192 2609 3808 2681">
     <span class='ocr_line' id='line_1_54' title="bbox 2192 2609 3808 2681; baseline 0.002 -17"><span class='ocrx_word' id='word_1_417' title='bbox 2192 2609 2496 2678; x_wconf 74' lang='lat' dir='ltr'><strong>respexisse</strong></span> <span class='ocrx_word' id='word_1_418' title='bbox 2534 2609 2912 2680; x_wconf 83' lang='lat' dir='ltr'><strong>intelligendus</strong></span> <span class='ocrx_word' id='word_1_419' title='bbox 2953 2620 3055 2666; x_wconf 88' lang='lat' dir='ltr'><strong>est.</strong></span> <span class='ocrx_word' id='word_1_420' title='bbox 3097 2609 3234 2666; x_wconf 82' lang='lat' dir='ltr'><strong>Nam</strong></span> <span class='ocrx_word' id='word_1_421' title='bbox 3269 2618 3328 2665; x_wconf 76' lang='lat' dir='ltr'><strong>et</strong></span> <span class='ocrx_word' id='word_1_422' title='bbox 3369 2612 3420 2666; x_wconf 83' lang='lat' dir='ltr'><strong>in</strong></span> <span class='ocrx_word' id='word_1_423' title='bbox 3459 2609 3563 2666; x_wconf 88' lang='lat' dir='ltr'><strong>hoc</strong></span> <span class='ocrx_word' id='word_1_424' title='bbox 3600 2624 3808 2681; x_wconf 72' lang='lat' dir='ltr'><strong>genere</strong></span> 
     </span>
    </p>
   </div>
   <div class='ocr_carea' id='block_1_54' title="bbox 2194 2701 3805 2774">
    <p class='ocr_par' dir='ltr' id='par_1_54' title="bbox 2194 2701 3805 2774">
     <span class='ocr_line' id='line_1_55' title="bbox 2194 2701 3805 2774; baseline 0.002 -18"><span class='ocrx_word' id='word_1_425' title='bbox 2194 2701 2352 2772; x_wconf 85' lang='lat' dir='ltr'><strong>longe</strong></span> <span class='ocrx_word' id='word_1_426' title='bbox 2387 2711 2516 2756; x_wconf 87' lang='lat' dir='ltr'><strong>ante</strong></span> <span class='ocrx_word' id='word_1_427' title='bbox 2555 2701 2814 2758; x_wconf 74' lang='lat' dir='ltr'><strong>Hilarium</strong></span> <span class='ocrx_word' id='word_1_428' title='bbox 2853 2702 3168 2760; x_wconf 80' lang='lat' dir='ltr'><strong>claruerunt</strong></span> <span class='ocrx_word' id='word_1_429' title='bbox 3207 2704 3414 2760; x_wconf 75' lang='lat' dir='ltr'><strong>Ascene</strong></span> <span class='ocrx_word' id='word_1_430' title='bbox 3445 2702 3556 2769; x_wconf 90' lang='lat' dir='ltr'><strong>illi,</strong></span> <span class='ocrx_word' id='word_1_431' title='bbox 3585 2703 3658 2759; x_wconf 84' lang='lat' dir='ltr'><strong>de</strong></span> <span class='ocrx_word' id='word_1_432' title='bbox 3680 2703 3805 2774; x_wconf 81' lang='lat' dir='ltr'><strong>qui-</strong></span> 
     </span>
    </p>
   </div>
   <div class='ocr_carea' id='block_1_55' title="bbox 2197 2793 3806 2866">
    <p class='ocr_par' dir='ltr' id='par_1_55' title="bbox 2197 2793 3806 2866">
     <span class='ocr_line' id='line_1_56' title="bbox 2197 2793 3806 2866; baseline 0.003 -17"><span class='ocrx_word' id='word_1_433' title='bbox 2197 2793 2298 2849; x_wconf 86' lang='lat' dir='ltr'><strong>bus</strong></span> <span class='ocrx_word' id='word_1_434' title='bbox 2329 2793 2594 2850; x_wconf 80' lang='lat' dir='ltr'><strong>Eusebius</strong></span> <span class='ocrx_word' id='word_1_435' title='bbox 2621 2793 2713 2850; x_wconf 86' lang='lat' dir='ltr'><strong>lib.</strong></span> <span class='ocrx_word' id='word_1_436' title='bbox 2749 2810 2789 2850; x_wconf 86' lang='lat' dir='ltr'><strong>u</strong></span> <span class='ocrx_word' id='word_1_437' title='bbox 2827 2795 2964 2850; x_wconf 82' lang='lat' dir='ltr'><strong>Hist.</strong></span> <span class='ocrx_word' id='word_1_438' title='bbox 3015 2810 3136 2866; x_wconf 84' lang='lat' dir='ltr'><strong>cap.</strong></span> <span class='ocrx_word' id='word_1_439' title='bbox 3192 2796 3282 2862; x_wconf 71' lang='lat' dir='ltr'><strong>i7,</strong></span> <span class='ocrx_word' id='word_1_440' title='bbox 3313 2794 3430 2851; x_wconf 62' lang='lat' dir='ltr'><strong>huic</strong></span> <span class='ocrx_word' id='word_1_441' title='bbox 3469 2810 3536 2851; x_wconf 75' lang='lat' dir='ltr'><strong>ex</strong></span> <span class='ocrx_word' id='word_1_442' title='bbox 3574 2794 3806 2854; x_wconf 79' lang='lat' dir='ltr'><strong>Philone</strong></span> 
     </span>
    </p>
   </div>
   <div class='ocr_carea' id='block_1_56' title="bbox 2196 2884 3806 2960">
    <p class='ocr_par' dir='ltr' id='par_1_56' title="bbox 2196 2884 3806 2960">
     <span class='ocr_line' id='line_1_57' title="bbox 2196 2884 3806 2960; baseline 0.002 -20"><span class='ocrx_word' id='word_1_443' title='bbox 2196 2885 2456 2941; x_wconf 77' lang='lat' dir='ltr'><strong>describit</strong></span> <span class='ocrx_word' id='word_1_444' title='bbox 2478 2903 2490 2940; x_wconf 90' lang='lat'>:</span> <span class='ocrx_word' id='word_1_445' title='bbox 2519 2884 2645 2942; x_wconf 88' lang='lat' dir='ltr'><strong>Non</strong></span> <span class='ocrx_word' id='word_1_446' title='bbox 2669 2887 2840 2943; x_wconf 85' lang='lat' dir='ltr'><strong>solum</strong></span> <span class='ocrx_word' id='word_1_447' title='bbox 2859 2889 3276 2960; x_wconf 74' lang='lat' dir='ltr'><strong>contemplationi</strong></span> <span class='ocrx_word' id='word_1_448' title='bbox 3300 2900 3516 2951; x_wconf 68' lang='lat' dir='ltr'><strong>vacant;</strong></span> <span class='ocrx_word' id='word_1_449' title='bbox 3535 2888 3624 2944; x_wconf 73' lang='lat' dir='ltr'><strong>sed</strong></span> <span class='ocrx_word' id='word_1_450' title='bbox 3649 2890 3806 2944; x_wconf 75' lang='lat' dir='ltr'><strong>etiam</strong></span> 
     </span>
    </p>
   </div>
   <div class='ocr_carea' id='block_1_57' title="bbox 2193 2982 3806 3056">
    <p class='ocr_par' dir='ltr' id='par_1_57' title="bbox 2193 2982 3806 3056">
     <span class='ocr_line' id='line_1_58' title="bbox 2193 2982 3806 3056; baseline 0.005 -23"><span class='ocrx_word' id='word_1_451' title='bbox 2193 2982 2394 3036; x_wconf 85' lang='lat' dir='ltr'><strong>cantica</strong></span> <span class='ocrx_word' id='word_1_452' title='bbox 2433 2982 2748 3056; x_wconf 71' lang='lat' dir='ltr'><strong>hymnosque</strong></span> <span class='ocrx_word' id='word_1_453' title='bbox 2783 2983 2854 3038; x_wconf 75' lang='lat' dir='ltr'><strong>ad</strong></span> <span class='ocrx_word' id='word_1_454' title='bbox 2882 2983 3092 3041; x_wconf 71' lang='lat' dir='ltr'><strong>laudem</strong></span> <span class='ocrx_word' id='word_1_455' title='bbox 3139 2983 3236 3039; x_wconf 77' lang='lat' dir='ltr'><strong>Dei</strong></span> <span class='ocrx_word' id='word_1_456' title='bbox 3281 2995 3592 3056; x_wconf 74' lang='lat' dir='ltr'><strong>cmnpoaunt</strong></span> <span class='ocrx_word' id='word_1_457' title='bbox 3660 2986 3806 3041; x_wconf 68' lang='lat' dir='ltr'><strong>enini</strong></span> 
     </span>
    </p>
   </div>
   <div class='ocr_carea' id='block_1_58' title="bbox 2197 3077 3805 3150">
    <p class='ocr_par' dir='ltr' id='par_1_58' title="bbox 2197 3077 3805 3150">
     <span class='ocr_line' id='line_1_59' title="bbox 2197 3077 3805 3150; baseline 0.004 -22"><span class='ocrx_word' id='word_1_458' title='bbox 2197 3085 2472 3130; x_wconf 66' lang='lat' dir='ltr'><strong>metrorum</strong></span> <span class='ocrx_word' id='word_1_459' title='bbox 2496 3091 2558 3130; x_wconf 91' lang='lat' dir='ltr'><strong>ac</strong></span> <span class='ocrx_word' id='word_1_460' title='bbox 2584 3077 2991 3132; x_wconf 78' lang='lat' dir='ltr'><strong>modulationum</strong></span> <span class='ocrx_word' id='word_1_461' title='bbox 3016 3093 3222 3150; x_wconf 75' lang='lat' dir='ltr'><strong>genere.</strong></span> <span class='ocrx_word' id='word_1_462' title='bbox 3252 3077 3468 3136; x_wconf 74' lang='lat' dir='ltr'><strong>Arionis</strong></span> <span class='ocrx_word' id='word_1_463' title='bbox 3495 3091 3714 3149; x_wconf 74' lang='lat' dir='ltr'><strong>quoque</strong></span> <span class='ocrx_word' id='word_1_464' title='bbox 3734 3079 3805 3134; x_wconf 89' lang='lat' dir='ltr'><strong>ab</strong></span> 
     </span>
    </p>
   </div>
   <div class='ocr_carea' id='block_1_59' title="bbox 2197 3167 3806 3242">
    <p class='ocr_par' dir='ltr' id='par_1_59' title="bbox 2197 3167 3806 3242">
     <span class='ocr_line' id='line_1_60' title="bbox 2197 3167 3806 3242; baseline 0.003 -21"><span class='ocrx_word' id='word_1_465' title='bbox 2197 3167 2314 3238; x_wconf 90' lang='lat' dir='ltr'><strong>ipso</strong></span> <span class='ocrx_word' id='word_1_466' title='bbox 2351 3177 2475 3224; x_wconf 88' lang='lat' dir='ltr'><strong>ortu</strong></span> <span class='ocrx_word' id='word_1_467' title='bbox 2513 3185 2613 3226; x_wconf 89' lang='lat' dir='ltr'><strong>suo</strong></span> <span class='ocrx_word' id='word_1_468' title='bbox 2663 3171 2960 3228; x_wconf 76' lang='lat' dir='ltr'><strong>solemnem</strong></span> <span class='ocrx_word' id='word_1_469' title='bbox 3007 3171 3177 3226; x_wconf 84' lang='lat' dir='ltr'><strong>fuisse</strong></span> <span class='ocrx_word' id='word_1_470' title='bbox 3221 3170 3541 3242; x_wconf 83' lang='lat' dir='ltr'><strong>hymnorum</strong></span> <span class='ocrx_word' id='word_1_471' title='bbox 3583 3181 3806 3227; x_wconf 75' lang='lat' dir='ltr'><strong>cantum</strong></span> 
     </span>
    </p>
   </div>
   <div class='ocr_carea' id='block_1_60' title="bbox 484 3259 3808 3335">
    <p class='ocr_par' dir='ltr' id='par_1_60' title="bbox 484 3259 3808 3335">
     <span class='ocr_line' id='line_1_61' title="bbox 484 3259 3808 3335; baseline -0.002 -12"><span class='ocrx_word' id='word_1_472' title='bbox 484 3259 790 3324; x_wconf 85' lang='lat' dir='ltr'><strong>bliotliecas</strong></span> <span class='ocrx_word' id='word_1_473' title='bbox 821 3263 1190 3320; x_wconf 90' lang='lat' dir='ltr'><strong>lustravimus.</strong></span> <span class='ocrx_word' id='word_1_474' title='bbox 1224 3263 1377 3334; x_wconf 80' lang='lat' dir='ltr'><strong>Quod</strong></span> <span class='ocrx_word' id='word_1_475' title='bbox 1412 3263 1564 3318; x_wconf 91' lang='lat' dir='ltr'><strong>nobis</strong></span> <span class='ocrx_word' id='word_1_476' title='bbox 1593 3263 1904 3318; x_wconf 87' lang='lat' dir='ltr'><strong>censuimus</strong></span> <span class='ocrx_word' id='word_1_477' title='bbox 1950 3277 2089 3333; x_wconf 67' lang='lat' dir='ltr'><strong>prae-</strong></span> <span class='ocrx_word' id='word_1_478' title='bbox 2114 3267 2165 3332; x_wconf 70' lang='grc' dir='ltr'>ο</span> <span class='ocrx_word' id='word_1_479' title='bbox 2193 3263 2347 3318; x_wconf 86' lang='lat' dir='ltr'><strong>testis</strong></span> <span class='ocrx_word' id='word_1_480' title='bbox 2386 3271 2468 3318; x_wconf 88' lang='lat' dir='ltr'><strong>est</strong></span> <span class='ocrx_word' id='word_1_481' title='bbox 2497 3263 2822 3335; x_wconf 83' lang='lat' dir='ltr'><strong>percelebris</strong></span> <span class='ocrx_word' id='word_1_482' title='bbox 2862 3265 2956 3320; x_wconf 83' lang='lat' dir='ltr'><strong>illa</strong></span> <span class='ocrx_word' id='word_1_483' title='bbox 2993 3263 3114 3322; x_wconf 78' lang='lat' dir='ltr'><strong>Arii</strong></span> <span class='ocrx_word' id='word_1_484' title='bbox 3145 3263 3368 3331; x_wconf 80' lang='lat' dir='ltr'><strong>Thalia,</strong></span> <span class='ocrx_word' id='word_1_485' title='bbox 3406 3264 3459 3320; x_wconf 89' lang='lat' dir='ltr'><strong>in</strong></span> <span class='ocrx_word' id='word_1_486' title='bbox 3496 3279 3602 3334; x_wconf 81' lang='lat' dir='ltr'><strong>qua</strong></span> <span class='ocrx_word' id='word_1_487' title='bbox 3638 3263 3808 3318; x_wconf 74' lang='lat' dir='ltr'><strong>Atha-</strong></span> 
     </span>
    </p>
   </div>
   <div class='ocr_carea' id='block_1_61' title="bbox 483 3353 2092 3424">
    <p class='ocr_par' dir='ltr' id='par_1_61' title="bbox 483 3353 2092 3424">
     <span class='ocr_line' id='line_1_62' title="bbox 483 3353 2092 3424; baseline -0.004 -10"><span class='ocrx_word' id='word_1_488' title='bbox 483 3356 773 3421; x_wconf 87' lang='lat' dir='ltr'><strong>standuin,</strong></span> <span class='ocrx_word' id='word_1_489' title='bbox 809 3370 914 3412; x_wconf 92' lang='lat' dir='ltr'><strong>non</strong></span> <span class='ocrx_word' id='word_1_490' title='bbox 944 3363 1153 3410; x_wconf 87' lang='lat' dir='ltr'><strong>tantum</strong></span> <span class='ocrx_word' id='word_1_491' title='bbox 1184 3361 1243 3409; x_wconf 88' lang='lat' dir='ltr'><strong>ut</strong></span> <span class='ocrx_word' id='word_1_492' title='bbox 1271 3354 1412 3410; x_wconf 88' lang='lat' dir='ltr'><strong>edita</strong></span> <span class='ocrx_word' id='word_1_493' title='bbox 1433 3353 1829 3424; x_wconf 79' lang='lat' dir='ltr'><strong>Hilariiscripta</strong></span> <span class='ocrx_word' id='word_1_494' title='bbox 1853 3353 2092 3424; x_wconf 75' lang='lat' dir='ltr'><strong>pristinae</strong></span> 
     </span>
    </p>
   </div>
   <div class='ocr_carea' id='block_1_62' title="bbox 483 3446 2094 3521">
    <p class='ocr_par' dir='ltr' id='par_1_62' title="bbox 483 3446 2094 3521">
     <span class='ocr_line' id='line_1_63' title="bbox 483 3446 2094 3521; baseline -0.002 -15"><span class='ocrx_word' id='word_1_495' title='bbox 483 3449 779 3521; x_wconf 85' lang='lat' dir='ltr'><strong>integritati</strong></span> <span class='ocrx_word' id='word_1_496' title='bbox 831 3463 943 3504; x_wconf 77' lang='lat' dir='ltr'><strong>sua:</strong></span> <span class='ocrx_word' id='word_1_497' title='bbox 984 3449 1267 3504; x_wconf 86' lang='lat' dir='ltr'><strong>restituere</strong></span> <span class='ocrx_word' id='word_1_498' title='bbox 1291 3488 1308 3515; x_wconf 90' lang='lat'><strong>,</strong></span> <span class='ocrx_word' id='word_1_499' title='bbox 1359 3447 1452 3503; x_wconf 83' lang='lat' dir='ltr'><strong>sed</strong></span> <span class='ocrx_word' id='word_1_500' title='bbox 1489 3456 1546 3502; x_wconf 91' lang='lat' dir='ltr'><strong>et</strong></span> <span class='ocrx_word' id='word_1_501' title='bbox 1571 3463 1602 3504; x_wconf 88' lang='lat' dir='ltr'><strong>e</strong></span> <span class='ocrx_word' id='word_1_502' title='bbox 1631 3446 1852 3502; x_wconf 78' lang='lat' dir='ltr'><strong>latebris</strong></span> <span class='ocrx_word' id='word_1_503' title='bbox 1897 3461 2094 3502; x_wconf 89' lang='lat' dir='ltr'><strong>eruere</strong></span> 
     </span>
    </p>
   </div>
   <div class='ocr_carea' id='block_1_63' title="bbox 484 3542 2092 3602">
    <p class='ocr_par' dir='ltr' id='par_1_63' title="bbox 484 3542 2092 3602">
     <span class='ocr_line' id='line_1_64' title="bbox 484 3542 2092 3602; baseline -0.004 -1"><span class='ocrx_word' id='word_1_504' title='bbox 484 3545 729 3602; x_wconf 83' lang='lat' dir='ltr'><strong>nondum</strong></span> <span class='ocrx_word' id='word_1_505' title='bbox 759 3544 904 3600; x_wconf 89' lang='lat' dir='ltr'><strong>edita</strong></span> <span class='ocrx_word' id='word_1_506' title='bbox 949 3544 1272 3599; x_wconf 85' lang='lat' dir='ltr'><strong>valeremus.</strong></span> <span class='ocrx_word' id='word_1_507' title='bbox 1305 3543 1499 3599; x_wconf 89' lang='lat' dir='ltr'><strong>Latere</strong></span> <span class='ocrx_word' id='word_1_508' title='bbox 1534 3543 1678 3598; x_wconf 91' lang='lat' dir='ltr'><strong>enim</strong></span> <span class='ocrx_word' id='word_1_509' title='bbox 1707 3542 1868 3597; x_wconf 91' lang='lat' dir='ltr'><strong>multa</strong></span> <span class='ocrx_word' id='word_1_510' title='bbox 1900 3545 2092 3598; x_wconf 71' lang='lat' dir='ltr'><strong>certis-</strong></span> 
     </span>
    </p>
   </div>
   <div class='ocr_carea' id='block_1_64' title="bbox 485 3635 2091 3710">
    <p class='ocr_par' dir='ltr' id='par_1_64' title="bbox 485 3635 2091 3710">
     <span class='ocr_line' id='line_1_65' title="bbox 485 3635 2091 3710; baseline 0 -17"><span class='ocrx_word' id='word_1_511' title='bbox 485 3637 684 3693; x_wconf 85' lang='lat' dir='ltr'><strong>simum</strong></span> <span class='ocrx_word' id='word_1_512' title='bbox 721 3645 825 3693; x_wconf 90' lang='lat' dir='ltr'><strong>est.</strong></span> <span class='ocrx_word' id='word_1_513' title='bbox 872 3635 937 3690; x_wconf 85' lang='lat' dir='ltr'><strong>Et</strong></span> <span class='ocrx_word' id='word_1_514' title='bbox 963 3638 1199 3710; x_wconf 87' lang='lat' dir='ltr'><strong>psalmos</strong></span> <span class='ocrx_word' id='word_1_515' title='bbox 1227 3635 1442 3707; x_wconf 79' lang='lat' dir='ltr'><strong>quidem</strong></span> <span class='ocrx_word' id='word_1_516' title='bbox 1477 3636 1522 3690; x_wconf 88' lang='lat' dir='ltr'><strong>si</strong></span> <span class='ocrx_word' id='word_1_517' title='bbox 1551 3651 1659 3690; x_wconf 91' lang='lat' dir='ltr'><strong>non</strong></span> <span class='ocrx_word' id='word_1_518' title='bbox 1694 3650 1916 3705; x_wconf 86' lang='lat' dir='ltr'><strong>omnes,</strong></span> <span class='ocrx_word' id='word_1_519' title='bbox 1945 3644 2091 3693; x_wconf 83' lang='lat' dir='ltr'><strong>certe</strong></span> 
     </span>
    </p>
   </div>
   <div class='ocr_carea' id='block_1_65' title="bbox 486 3729 2093 3804">
    <p class='ocr_par' dir='ltr' id='par_1_65' title="bbox 486 3729 2093 3804">
     <span class='ocr_line' id='line_1_66' title="bbox 486 3729 2093 3804; baseline -0.003 -15"><span class='ocrx_word' id='word_1_520' title='bbox 486 3732 660 3789; x_wconf 86' lang='lat' dir='ltr'><strong>multo</strong></span> <span class='ocrx_word' id='word_1_521' title='bbox 688 3732 871 3804; x_wconf 90' lang='lat' dir='ltr'><strong>plures</strong></span> <span class='ocrx_word' id='word_1_522' title='bbox 888 3771 905 3798; x_wconf 90' lang='lat'><strong>,</strong></span> <span class='ocrx_word' id='word_1_523' title='bbox 929 3746 1089 3801; x_wconf 88' lang='lat' dir='ltr'><strong>quam</strong></span> <span class='ocrx_word' id='word_1_524' title='bbox 1111 3745 1340 3802; x_wconf 90' lang='lat' dir='ltr'><strong>quorum</strong></span> <span class='ocrx_word' id='word_1_525' title='bbox 1365 3729 1647 3786; x_wconf 82' lang='lat' dir='ltr'><strong>Tractatus</strong></span> <span class='ocrx_word' id='word_1_526' title='bbox 1673 3737 1910 3796; x_wconf 81' lang='lat' dir='ltr'><strong>exstant,</strong></span> <span class='ocrx_word' id='word_1_527' title='bbox 1935 3745 2093 3784; x_wconf 85' lang='lat' dir='ltr'><strong>enar-</strong></span> 
     </span>
    </p>
   </div>
   <div class='ocr_carea' id='block_1_66' title="bbox 485 3817 2087 3892">
    <p class='ocr_par' dir='ltr' id='par_1_66' title="bbox 485 3817 2087 3892">
     <span class='ocr_line' id='line_1_67' title="bbox 485 3817 2087 3892; baseline -0.007 -11"><span class='ocrx_word' id='word_1_528' title='bbox 485 3829 638 3881; x_wconf 87' lang='lat' dir='ltr'><strong>ratos</strong></span> <span class='ocrx_word' id='word_1_529' title='bbox 663 3819 732 3878; x_wconf 91' lang='lat' dir='ltr'><strong>ab</strong></span> <span class='ocrx_word' id='word_1_530' title='bbox 756 3836 824 3878; x_wconf 91' lang='lat' dir='ltr'><strong>eo</strong></span> <span class='ocrx_word' id='word_1_531' title='bbox 853 3819 1018 3877; x_wconf 81' lang='lat' dir='ltr'><strong>fuisse</strong></span> <span class='ocrx_word' id='word_1_532' title='bbox 1047 3819 1269 3892; x_wconf 84' lang='lat' dir='ltr'><strong>speciali</strong></span> <span class='ocrx_word' id='word_1_533' title='bbox 1307 3821 1362 3875; x_wconf 90' lang='lat' dir='ltr'><strong>in</strong></span> <span class='ocrx_word' id='word_1_534' title='bbox 1395 3817 1617 3876; x_wconf 90' lang='lat' dir='ltr'><strong>eosdem</strong></span> <span class='ocrx_word' id='word_1_535' title='bbox 1643 3819 1926 3876; x_wconf 85' lang='lat' dir='ltr'><strong>Tractatus</strong></span> <span class='ocrx_word' id='word_1_536' title='bbox 1955 3835 2087 3892; x_wconf 67' lang='lat' dir='ltr'><strong>prae.-</strong></span> 
     </span>
    </p>
   </div>
   <div class='ocr_carea' id='block_1_67' title="bbox 485 3911 2094 3986">
    <p class='ocr_par' dir='ltr' id='par_1_67' title="bbox 485 3911 2094 3986">
     <span class='ocr_line' id='line_1_68' title="bbox 485 3911 2094 3986; baseline -0.001 -13"><span class='ocrx_word' id='word_1_537' title='bbox 485 3915 694 3974; x_wconf 82' lang='lat' dir='ltr'><strong>fatione</strong></span> <span class='ocrx_word' id='word_1_538' title='bbox 741 3917 1042 3972; x_wconf 89' lang='lat' dir='ltr'><strong>evincetur.</strong></span> <span class='ocrx_word' id='word_1_539' title='bbox 1089 3911 1378 3970; x_wconf 88' lang='lat' dir='ltr'><strong>Cassianus</strong></span> <span class='ocrx_word' id='word_1_540' title='bbox 1429 3923 1691 3986; x_wconf 61' lang='lat' dir='ltr'><strong>praeterea</strong></span> <span class='ocrx_word' id='word_1_541' title='bbox 1736 3923 1792 3971; x_wconf 92' lang='lat' dir='ltr'><strong>et</strong></span> <span class='ocrx_word' id='word_1_542' title='bbox 1833 3915 2094 3971; x_wconf 85' lang='lat' dir='ltr'><strong>Alcuinus</strong></span> 
     </span>
    </p>
   </div>
   <div class='ocr_carea' id='block_1_68' title="bbox 487 4007 2091 4084">
    <p class='ocr_par' dir='ltr' id='par_1_68' title="bbox 487 4007 2091 4084">
     <span class='ocr_line' id='line_1_69' title="bbox 487 4007 2091 4084; baseline -0.002 -16"><span class='ocrx_word' id='word_1_543' title='bbox 487 4011 813 4084; x_wconf 64' lang='lat' dir='ltr'><strong>prooemium</strong></span> <span class='ocrx_word' id='word_1_544' title='bbox 839 4010 1006 4082; x_wconf 90' lang='lat' dir='ltr'><strong>ipsius</strong></span> <span class='ocrx_word' id='word_1_545' title='bbox 1031 4009 1252 4064; x_wconf 87' lang='lat' dir='ltr'><strong>laudant</strong></span> <span class='ocrx_word' id='word_1_546' title='bbox 1271 4009 1324 4062; x_wconf 91' lang='lat' dir='ltr'><strong>in</strong></span> <span class='ocrx_word' id='word_1_547' title='bbox 1347 4007 1582 4064; x_wconf 69' lang='lat' dir='ltr'><strong>Matthaei</strong></span> <span class='ocrx_word' id='word_1_548' title='bbox 1609 4008 2091 4066; x_wconf 82' lang='lat' dir='ltr'><strong>Commentarium.</strong></span> 
     </span>
    </p>
   </div>
   <div class='ocr_carea' id='block_1_69' title="bbox 487 4097 2096 4174">
    <p class='ocr_par' dir='ltr' id='par_1_69' title="bbox 487 4097 2096 4174">
     <span class='ocr_line' id='line_1_70' title="bbox 487 4097 2096 4174; baseline -0.002 -10"><span class='ocrx_word' id='word_1_549' title='bbox 487 4105 560 4164; x_wconf 86' lang='lat' dir='ltr'><strong>Et</strong></span> <span class='ocrx_word' id='word_1_550' title='bbox 583 4103 652 4159; x_wconf 87' lang='lat' dir='ltr'><strong>ab</strong></span> <span class='ocrx_word' id='word_1_551' title='bbox 674 4103 1004 4174; x_wconf 83' lang='lat' dir='ltr'><strong>Hieronymo</strong></span> <span class='ocrx_word' id='word_1_552' title='bbox 1033 4102 1084 4156; x_wconf 89' lang='lat' dir='ltr'><strong>in</strong></span> <span class='ocrx_word' id='word_1_553' title='bbox 1107 4101 1248 4158; x_wconf 86' lang='lat' dir='ltr'><strong>serie</strong></span> <span class='ocrx_word' id='word_1_554' title='bbox 1277 4097 1511 4172; x_wconf 89' lang='lat' dir='ltr'><strong>Operum</strong></span> <span class='ocrx_word' id='word_1_555' title='bbox 1531 4099 1717 4156; x_wconf 83' lang='lat' dir='ltr'><strong>Hilarii</strong></span> <span class='ocrx_word' id='word_1_556' title='bbox 1741 4111 2096 4160; x_wconf 88' lang='lat' dir='ltr'><strong>recensentur</strong></span> 
     </span>
    </p>
   </div>
   <div class='ocr_carea' id='block_1_70' title="bbox 491 4195 2096 4270">
    <p class='ocr_par' dir='ltr' id='par_1_70' title="bbox 491 4195 2096 4270">
     <span class='ocr_line' id='line_1_71' title="bbox 491 4195 2096 4270; baseline 0.002 -18"><span class='ocrx_word' id='word_1_557' title='bbox 491 4199 620 4253; x_wconf 85' lang='lat' dir='ltr'><strong>liber</strong></span> <span class='ocrx_word' id='word_1_558' title='bbox 647 4197 716 4252; x_wconf 79' lang='lat' dir='ltr'><strong>ad</strong></span> <span class='ocrx_word' id='word_1_559' title='bbox 746 4201 1047 4270; x_wconf 62' lang='lat' dir='ltr'><strong>praefatum</strong></span> <span class='ocrx_word' id='word_1_560' title='bbox 1073 4195 1364 4253; x_wconf 85' lang='lat' dir='ltr'><strong>Salustium</strong></span> <span class='ocrx_word' id='word_1_561' title='bbox 1399 4197 1504 4254; x_wconf 81' lang='lat' dir='ltr'><strong>sive</strong></span> <span class='ocrx_word' id='word_1_562' title='bbox 1545 4206 1725 4252; x_wconf 84' lang='lat' dir='ltr'><strong>contra</strong></span> <span class='ocrx_word' id='word_1_563' title='bbox 1755 4196 2096 4267; x_wconf 76' lang='lat' dir='ltr'><strong>Dioscorum,</strong></span> 
     </span>
    </p>
   </div>
   <div class='ocr_carea' id='block_1_71' title="bbox 491 4289 2096 4361">
    <p class='ocr_par' dir='ltr' id='par_1_71' title="bbox 491 4289 2096 4361">
     <span class='ocr_line' id='line_1_72' title="bbox 491 4289 2096 4361; baseline 0.001 -15"><span class='ocrx_word' id='word_1_564' title='bbox 491 4291 618 4346; x_wconf 83' lang='lat' dir='ltr'><strong>liber</strong></span> <span class='ocrx_word' id='word_1_565' title='bbox 648 4296 954 4361; x_wconf 81' lang='lat' dir='ltr'><strong>hymnorum</strong></span> <span class='ocrx_word' id='word_1_566' title='bbox 975 4331 990 4357; x_wconf 91' lang='lat'><strong>,</strong></span> <span class='ocrx_word' id='word_1_567' title='bbox 1022 4298 1072 4346; x_wconf 88' lang='lat' dir='ltr'><strong>et</strong></span> <span class='ocrx_word' id='word_1_568' title='bbox 1097 4289 1456 4361; x_wconf 83' lang='lat' dir='ltr'><strong>mysteriorum</strong></span> <span class='ocrx_word' id='word_1_569' title='bbox 1485 4289 1619 4346; x_wconf 87' lang='lat' dir='ltr'><strong>alius</strong></span> <span class='ocrx_word' id='word_1_570' title='bbox 1641 4332 1656 4358; x_wconf 95' lang='lat'><strong>,</strong></span> <span class='ocrx_word' id='word_1_571' title='bbox 1688 4290 1813 4347; x_wconf 80' lang='lat' dir='ltr'><strong>liber</strong></span> <span class='ocrx_word' id='word_1_572' title='bbox 1851 4291 2096 4348; x_wconf 82' lang='lat' dir='ltr'><strong>adversus</strong></span> 
     </span>
    </p>
   </div>
   <div class='ocr_carea' id='block_1_72' title="bbox 495 4381 2098 4456">
    <p class='ocr_par' dir='ltr' id='par_1_72' title="bbox 495 4381 2098 4456">
     <span class='ocr_line' id='line_1_73' title="bbox 495 4381 2098 4456; baseline 0.004 -18"><span class='ocrx_word' id='word_1_573' title='bbox 495 4381 771 4439; x_wconf 87' lang='lat' dir='ltr'><strong>Ursacium</strong></span> <span class='ocrx_word' id='word_1_574' title='bbox 813 4393 858 4437; x_wconf 88' lang='lat' dir='ltr'><strong>et</strong></span> <span class='ocrx_word' id='word_1_575' title='bbox 897 4383 1199 4450; x_wconf 84' lang='lat' dir='ltr'><strong>Valentem,</strong></span> <span class='ocrx_word' id='word_1_576' title='bbox 1256 4381 1532 4438; x_wconf 86' lang='lat' dir='ltr'><strong>Tractalus</strong></span> <span class='ocrx_word' id='word_1_577' title='bbox 1582 4385 1635 4438; x_wconf 87' lang='lat' dir='ltr'><strong>in</strong></span> <span class='ocrx_word' id='word_1_578' title='bbox 1677 4385 1778 4440; x_wconf 87' lang='lat' dir='ltr'><strong>Job</strong></span> <span class='ocrx_word' id='word_1_579' title='bbox 1804 4427 1820 4452; x_wconf 95' lang='lat'><strong>,</strong></span> <span class='ocrx_word' id='word_1_580' title='bbox 1855 4402 1982 4456; x_wconf 89' lang='lat' dir='ltr'><strong>quos</strong></span> <span class='ocrx_word' id='word_1_581' title='bbox 2034 4387 2098 4444; x_wconf 77' lang='lat' dir='ltr'><strong>de</strong></span> 
     </span>
    </p>
   </div>
   <div class='ocr_carea' id='block_1_73' title="bbox 489 4471 2097 4549">
    <p class='ocr_par' dir='ltr' id='par_1_73' title="bbox 489 4471 2097 4549">
     <span class='ocr_line' id='line_1_74' title="bbox 489 4471 2097 4549; baseline 0.004 -21"><span class='ocrx_word' id='word_1_582' title='bbox 489 4489 662 4549; x_wconf 81' lang='lat' dir='ltr'><strong>grch</strong></span> <span class='ocrx_word' id='word_1_583' title='bbox 693 4471 926 4546; x_wconf 87' lang='lat' dir='ltr'><strong>Origenis</strong></span> <span class='ocrx_word' id='word_1_584' title='bbox 955 4475 1025 4530; x_wconf 84' lang='lat' dir='ltr'><strong>ad</strong></span> <span class='ocrx_word' id='word_1_585' title='bbox 1052 4493 1256 4532; x_wconf 83' lang='lat' dir='ltr'><strong>sensum</strong></span> <span class='ocrx_word' id='word_1_586' title='bbox 1283 4477 1564 4542; x_wconf 87' lang='lat' dir='ltr'><strong>transtulit,</strong></span> <span class='ocrx_word' id='word_1_587' title='bbox 1595 4477 1822 4548; x_wconf 77' lang='lat' dir='ltr'><strong>epistola:</strong></span> <span class='ocrx_word' id='word_1_588' title='bbox 1840 4478 1908 4533; x_wconf 87' lang='lat' dir='ltr'><strong>ad</strong></span> <span class='ocrx_word' id='word_1_589' title='bbox 1933 4475 2097 4534; x_wconf 84' lang='lat' dir='ltr'><strong>diver-</strong></span> 
     </span>
    </p>
   </div>
   <div class='ocr_carea' id='block_1_74' title="bbox 488 4559 2091 4635">
    <p class='ocr_par' dir='ltr' id='par_1_74' title="bbox 488 4559 2091 4635">
     <span class='ocr_line' id='line_1_75' title="bbox 488 4559 2091 4635; baseline 0.002 -15"><span class='ocrx_word' id='word_1_590' title='bbox 488 4583 596 4633; x_wconf 87' lang='lat' dir='ltr'><strong>sos,</strong></span> <span class='ocrx_word' id='word_1_591' title='bbox 622 4574 696 4633; x_wconf 90' lang='lat' dir='ltr'><strong>et,</strong></span> <span class='ocrx_word' id='word_1_592' title='bbox 717 4572 776 4620; x_wconf 90' lang='lat' dir='ltr'><strong>ut</strong></span> <span class='ocrx_word' id='word_1_593' title='bbox 800 4581 830 4620; x_wconf 87' lang='lat' dir='ltr'><strong>a</strong></span> <span class='ocrx_word' id='word_1_594' title='bbox 860 4559 1132 4622; x_wconf 85' lang='lat' dir='ltr'><strong>nonnullis</strong></span> <span class='ocrx_word' id='word_1_595' title='bbox 1152 4568 1418 4635; x_wconf 84' lang='lat' dir='ltr'><strong>audierat,</strong></span> <span class='ocrx_word' id='word_1_596' title='bbox 1443 4569 1495 4622; x_wconf 88' lang='lat' dir='ltr'><strong>in</strong></span> <span class='ocrx_word' id='word_1_597' title='bbox 1517 4566 1728 4623; x_wconf 87' lang='lat' dir='ltr'><strong>Cantica</strong></span> <span class='ocrx_word' id='word_1_598' title='bbox 1741 4567 2091 4625; x_wconf 85' lang='lat' dir='ltr'><strong>Canticorum.</strong></span> 
     </span>
    </p>
   </div>
   <div class='ocr_carea' id='block_1_75' title="bbox 2199 3357 3804 3430">
    <p class='ocr_par' dir='ltr' id='par_1_75' title="bbox 2199 3357 3804 3430">
     <span class='ocr_line' id='line_1_76' title="bbox 2199 3357 3804 3430; baseline 0.001 -19"><span class='ocrx_word' id='word_1_599' title='bbox 2199 3358 2386 3414; x_wconf 83' lang='lat' dir='ltr'><strong>nasius</strong></span> <span class='ocrx_word' id='word_1_600' title='bbox 2410 3357 2504 3414; x_wconf 89' lang='lat' dir='ltr'><strong>Or.</strong></span> <span class='ocrx_word' id='word_1_601' title='bbox 2555 3373 2576 3414; x_wconf 89' lang='grc' dir='ltr'>ι</span> <span class='ocrx_word' id='word_1_602' title='bbox 2615 3369 2766 3414; x_wconf 87' lang='lat' dir='ltr'><strong>cont.</strong></span> <span class='ocrx_word' id='word_1_603' title='bbox 2792 3359 3004 3425; x_wconf 80' lang='lat' dir='ltr'><strong>Arian.,</strong></span> <span class='ocrx_word' id='word_1_604' title='bbox 3035 3374 3154 3430; x_wconf 81' lang='lat' dir='ltr'><strong>pag.</strong></span> <span class='ocrx_word' id='word_1_605' title='bbox 3180 3357 3310 3424; x_wconf 62' lang='lat'><strong>510,</strong></span> <span class='ocrx_word' id='word_1_606' title='bbox 3333 3358 3524 3414; x_wconf 80' lang='lat' dir='ltr'><strong>Arium.</strong></span> <span class='ocrx_word' id='word_1_607' title='bbox 3550 3372 3804 3428; x_wconf 81' lang='lat' dir='ltr'><strong>perversa</strong></span> 
     </span>
    </p>
   </div>
   <div class='ocr_carea' id='block_1_76' title="bbox 2195 3451 3805 3522">
    <p class='ocr_par' dir='ltr' id='par_1_76' title="bbox 2195 3451 3805 3522">
     <span class='ocr_line' id='line_1_77' title="bbox 2195 3451 3805 3522; baseline 0.002 -19"><span class='ocrx_word' id='word_1_608' title='bbox 2195 3463 2292 3505; x_wconf 89' lang='lat' dir='ltr'><strong>sua</strong></span> <span class='ocrx_word' id='word_1_609' title='bbox 2313 3459 2618 3506; x_wconf 84' lang='lat' dir='ltr'><strong>commenta</strong></span> <span class='ocrx_word' id='word_1_610' title='bbox 2645 3451 2934 3507; x_wconf 81' lang='lat' dir='ltr'><strong>inseruisse</strong></span> <span class='ocrx_word' id='word_1_611' title='bbox 2962 3460 3242 3508; x_wconf 76' lang='lat' dir='ltr'><strong>meruerat.</strong></span> <span class='ocrx_word' id='word_1_612' title='bbox 3266 3451 3578 3522; x_wconf 70' lang='lat' dir='ltr'><strong>Magistrum</strong></span> <span class='ocrx_word' id='word_1_613' title='bbox 3607 3451 3805 3506; x_wconf 75' lang='lat' dir='ltr'><strong>imitati</strong></span> 
     </span>
    </p>
   </div>
   <div class='ocr_carea' id='block_1_77' title="bbox 2195 3540 3806 3616">
    <p class='ocr_par' dir='ltr' id='par_1_77' title="bbox 2195 3540 3806 3616">
     <span class='ocr_line' id='line_1_78' title="bbox 2195 3540 3806 3616; baseline 0.002 -20"><span class='ocrx_word' id='word_1_614' title='bbox 2195 3540 2446 3614; x_wconf 80' lang='lat' dir='ltr'><strong>discipuli</strong></span> <span class='ocrx_word' id='word_1_615' title='bbox 2476 3543 2707 3616; x_wconf 89' lang='lat' dir='ltr'><strong>hymnos</strong></span> <span class='ocrx_word' id='word_1_616' title='bbox 2733 3552 2858 3613; x_wconf 84' lang='lat' dir='ltr'><strong>apte</strong></span> <span class='ocrx_word' id='word_1_617' title='bbox 2885 3542 2955 3598; x_wconf 90' lang='lat' dir='ltr'><strong>ad</strong></span> <span class='ocrx_word' id='word_1_618' title='bbox 2993 3559 3146 3600; x_wconf 84' lang='lat' dir='ltr'><strong>suam</strong></span> <span class='ocrx_word' id='word_1_619' title='bbox 3179 3545 3426 3600; x_wconf 80' lang='lat' dir='ltr'><strong>haeresim</strong></span> <span class='ocrx_word' id='word_1_620' title='bbox 3470 3544 3806 3614; x_wconf 79' lang='lat' dir='ltr'><strong>compositos</strong></span> 
     </span>
    </p>
   </div>
   <div class='ocr_carea' id='block_1_78' title="bbox 2195 3633 3806 3704">
    <p class='ocr_par' dir='ltr' id='par_1_78' title="bbox 2195 3633 3806 3704">
     <span class='ocr_line' id='line_1_79' title="bbox 2195 3633 3806 3704; baseline 0.002 -16"><span class='ocrx_word' id='word_1_621' title='bbox 2195 3633 2502 3689; x_wconf 85' lang='lat' dir='ltr'><strong>alternatim</strong></span> <span class='ocrx_word' id='word_1_622' title='bbox 2521 3636 2854 3692; x_wconf 81' lang='lat' dir='ltr'><strong>cecinerunt.</strong></span> <span class='ocrx_word' id='word_1_623' title='bbox 2877 3635 3030 3703; x_wconf 83' lang='lat' dir='ltr'><strong>Quod</strong></span> <span class='ocrx_word' id='word_1_624' title='bbox 3051 3650 3176 3692; x_wconf 90' lang='lat' dir='ltr'><strong>cum</strong></span> <span class='ocrx_word' id='word_1_625' title='bbox 3198 3635 3428 3692; x_wconf 82' lang='lat' dir='ltr'><strong>Arcadio</strong></span> <span class='ocrx_word' id='word_1_626' title='bbox 3452 3637 3806 3704; x_wconf 76' lang='lat' dir='ltr'><strong>imperatore,</strong></span> 
     </span>
    </p>
   </div>
   <div class='ocr_carea' id='block_1_79' title="bbox 2197 3725 3810 3800">
    <p class='ocr_par' dir='ltr' id='par_1_79' title="bbox 2197 3725 3810 3800">
     <span class='ocr_line' id='line_1_80' title="bbox 2197 3725 3810 3800; baseline 0.001 -16"><span class='ocrx_word' id='word_1_627' title='bbox 2197 3725 2383 3784; x_wconf 69' lang='lat' dir='ltr'><strong>Gainae</strong></span> <span class='ocrx_word' id='word_1_628' title='bbox 2413 3732 2650 3798; x_wconf 85' lang='lat' dir='ltr'><strong>potentia</strong></span> <span class='ocrx_word' id='word_1_629' title='bbox 2676 3727 2832 3796; x_wconf 81' lang='lat' dir='ltr'><strong>freti,</strong></span> <span class='ocrx_word' id='word_1_630' title='bbox 2865 3729 3076 3800; x_wconf 85' lang='lat' dir='ltr'><strong>publice</strong></span> <span class='ocrx_word' id='word_1_631' title='bbox 3100 3744 3164 3786; x_wconf 83' lang='lat' dir='ltr'><strong>ac</strong></span> <span class='ocrx_word' id='word_1_632' title='bbox 3193 3744 3404 3786; x_wconf 81' lang='lat' dir='ltr'><strong>summa</strong></span> <span class='ocrx_word' id='word_1_633' title='bbox 3431 3745 3558 3786; x_wconf 87' lang='lat' dir='ltr'><strong>cum</strong></span> <span class='ocrx_word' id='word_1_634' title='bbox 3591 3730 3810 3786; x_wconf 75' lang='lat' dir='ltr'><strong>licentia</strong></span> 
     </span>
    </p>
   </div>
   <div class='ocr_carea' id='block_1_80' title="bbox 2197 3823 3810 3896">
    <p class='ocr_par' dir='ltr' id='par_1_80' title="bbox 2197 3823 3810 3896">
     <span class='ocr_line' id='line_1_81' title="bbox 2197 3823 3810 3896; baseline 0.001 -20"><span class='ocrx_word' id='word_1_635' title='bbox 2197 3831 2553 3891; x_wconf 69' lang='lat' dir='ltr'><strong>praestarent;</strong></span> <span class='ocrx_word' id='word_1_636' title='bbox 2577 3824 2778 3879; x_wconf 88' lang='lat' dir='ltr'><strong>veritus</strong></span> <span class='ocrx_word' id='word_1_637' title='bbox 2797 3823 3246 3896; x_wconf 86' lang='lat' dir='ltr'><strong>Chrysostomus,</strong></span> <span class='ocrx_word' id='word_1_638' title='bbox 3273 3839 3340 3880; x_wconf 86' lang='lat' dir='ltr'><strong>ne</strong></span> <span class='ocrx_word' id='word_1_639' title='bbox 3365 3823 3485 3895; x_wconf 81' lang='lat' dir='ltr'><strong>quis</strong></span> <span class='ocrx_word' id='word_1_640' title='bbox 3505 3840 3568 3880; x_wconf 86' lang='lat' dir='ltr'><strong>ex</strong></span> <span class='ocrx_word' id='word_1_641' title='bbox 3595 3824 3810 3894; x_wconf 82' lang='lat' dir='ltr'><strong>simpli-</strong></span> 
     </span>
    </p>
   </div>
   <div class='ocr_carea' id='block_1_81' title="bbox 2199 3914 3811 3988">
    <p class='ocr_par' dir='ltr' id='par_1_81' title="bbox 2199 3914 3811 3988">
     <span class='ocr_line' id='line_1_82' title="bbox 2199 3914 3811 3988; baseline 0.002 -18"><span class='ocrx_word' id='word_1_642' title='bbox 2199 3914 2471 3982; x_wconf 87' lang='lat' dir='ltr'><strong>cioribus,</strong></span> <span class='ocrx_word' id='word_1_643' title='bbox 2517 3915 2824 3988; x_wconf 84' lang='lat' dir='ltr'><strong>hujusmodi</strong></span> <span class='ocrx_word' id='word_1_644' title='bbox 2865 3918 3122 3984; x_wconf 84' lang='lat' dir='ltr'><strong>canticis,</strong></span> <span class='ocrx_word' id='word_1_645' title='bbox 3159 3917 3232 3974; x_wconf 87' lang='lat' dir='ltr'><strong>ab</strong></span> <span class='ocrx_word' id='word_1_646' title='bbox 3258 3917 3500 3974; x_wconf 76' lang='lat' dir='ltr'><strong>Ecclesia</strong></span> <span class='ocrx_word' id='word_1_647' title='bbox 3527 3916 3811 3973; x_wconf 76' lang='lat' dir='ltr'><strong>abstrahe-</strong></span> 
     </span>
    </p>
   </div>
   <div class='ocr_carea' id='block_1_82' title="bbox 2199 4007 3810 4082">
    <p class='ocr_par' dir='ltr' id='par_1_82' title="bbox 2199 4007 3810 4082">
     <span class='ocr_line' id='line_1_83' title="bbox 2199 4007 3810 4082; baseline 0.005 -21"><span class='ocrx_word' id='word_1_648' title='bbox 2199 4016 2372 4074; x_wconf 90' lang='lat' dir='ltr'><strong>retur,</strong></span> <span class='ocrx_word' id='word_1_649' title='bbox 2417 4007 2676 4078; x_wconf 83' lang='lat' dir='ltr'><strong>quosdani</strong></span> <span class='ocrx_word' id='word_1_650' title='bbox 2706 4023 2772 4065; x_wconf 87' lang='lat' dir='ltr'><strong>ex</strong></span> <span class='ocrx_word' id='word_1_651' title='bbox 2801 4009 3068 4064; x_wconf 84' lang='lat' dir='ltr'><strong>catholica</strong></span> <span class='ocrx_word' id='word_1_652' title='bbox 3097 4009 3254 4080; x_wconf 81' lang='lat' dir='ltr'><strong>plebe</strong></span> <span class='ocrx_word' id='word_1_653' title='bbox 3282 4011 3364 4068; x_wconf 85' lang='lat' dir='ltr'><strong>eis</strong></span> <span class='ocrx_word' id='word_1_654' title='bbox 3391 4010 3672 4082; x_wconf 74' lang='lat' dir='ltr'><strong>apposuit,</strong></span> <span class='ocrx_word' id='word_1_655' title='bbox 3716 4011 3810 4080; x_wconf 81' lang='lat' dir='ltr'><strong>qui</strong></span> 
     </span>
    </p>
   </div>
   <div class='ocr_carea' id='block_1_83' title="bbox 2199 4101 3812 4176">
    <p class='ocr_par' dir='ltr' id='par_1_83' title="bbox 2199 4101 3812 4176">
     <span class='ocr_line' id='line_1_84' title="bbox 2199 4101 3812 4176; baseline 0.003 -21"><span class='ocrx_word' id='word_1_656' title='bbox 2199 4101 2406 4171; x_wconf 85' lang='lat' dir='ltr'><strong>majore</strong></span> <span class='ocrx_word' id='word_1_657' title='bbox 2446 4117 2568 4157; x_wconf 85' lang='lat' dir='ltr'><strong>cuin</strong></span> <span class='ocrx_word' id='word_1_658' title='bbox 2609 4117 2804 4174; x_wconf 89' lang='lat' dir='ltr'><strong>pompa</strong></span> <span class='ocrx_word' id='word_1_659' title='bbox 2833 4114 2886 4158; x_wconf 90' lang='lat' dir='ltr'><strong>et</strong></span> <span class='ocrx_word' id='word_1_660' title='bbox 2914 4112 3170 4174; x_wconf 83' lang='lat' dir='ltr'><strong>apparatu</strong></span> <span class='ocrx_word' id='word_1_661' title='bbox 3200 4104 3432 4176; x_wconf 79' lang='lat' dir='ltr'><strong>hymnos</strong></span> <span class='ocrx_word' id='word_1_662' title='bbox 3470 4103 3812 4161; x_wconf 77' lang='lat' dir='ltr'><strong>decantando</strong></span> 
     </span>
    </p>
   </div>
   <div class='ocr_carea' id='block_1_84' title="bbox 2200 4191 3812 4266">
    <p class='ocr_par' dir='ltr' id='par_1_84' title="bbox 2200 4191 3812 4266">
     <span class='ocr_line' id='line_1_85' title="bbox 2200 4191 3812 4266; baseline 0.003 -19"><span class='ocrx_word' id='word_1_663' title='bbox 2200 4191 2522 4250; x_wconf 85' lang='lat' dir='ltr'><strong>Arianorum</strong></span> <span class='ocrx_word' id='word_1_664' title='bbox 2571 4195 2806 4250; x_wconf 88' lang='lat' dir='ltr'><strong>studium</strong></span> <span class='ocrx_word' id='word_1_665' title='bbox 2853 4205 3192 4266; x_wconf 85' lang='lat' dir='ltr'><strong>superarent.</strong></span> <span class='ocrx_word' id='word_1_666' title='bbox 3247 4197 3484 4252; x_wconf 84' lang='lat' dir='ltr'><strong>Socratis</strong></span> <span class='ocrx_word' id='word_1_667' title='bbox 3531 4212 3595 4252; x_wconf 86' lang='lat' dir='ltr'><strong>ac</strong></span> <span class='ocrx_word' id='word_1_668' title='bbox 3639 4198 3812 4254; x_wconf 75' lang='lat' dir='ltr'><strong>Sosu-</strong></span> 
     </span>
    </p>
   </div>
   <div class='ocr_carea' id='block_1_85' title="bbox 2199 4289 3810 4363">
    <p class='ocr_par' dir='ltr' id='par_1_85' title="bbox 2199 4289 3810 4363">
     <span class='ocr_line' id='line_1_86' title="bbox 2199 4289 3810 4363; baseline 0.002 -19"><span class='ocrx_word' id='word_1_669' title='bbox 2199 4289 2374 4358; x_wconf 88' lang='lat' dir='ltr'><strong>meni,</strong></span> <span class='ocrx_word' id='word_1_670' title='bbox 2402 4303 2434 4344; x_wconf 89' lang='lat' dir='ltr'><strong>a</strong></span> <span class='ocrx_word' id='word_1_671' title='bbox 2459 4290 2654 4361; x_wconf 88' lang='lat' dir='ltr'><strong>quibus</strong></span> <span class='ocrx_word' id='word_1_672' title='bbox 2677 4289 2793 4346; x_wconf 67' lang='lat' dir='ltr'><strong>hac</strong></span> <span class='ocrx_word' id='word_1_673' title='bbox 2815 4289 3120 4360; x_wconf 87' lang='lat' dir='ltr'><strong>accepimus</strong></span> <span class='ocrx_word' id='word_1_674' title='bbox 3149 4289 3396 4363; x_wconf 84' lang='lat' dir='ltr'><strong>(Socrat.</strong></span> <span class='ocrx_word' id='word_1_675' title='bbox 3423 4291 3512 4348; x_wconf 81' lang='lat' dir='ltr'><strong>lib.</strong></span> <span class='ocrx_word' id='word_1_676' title='bbox 3544 4306 3598 4346; x_wconf 85' lang='lat' dir='ltr'><strong>vi</strong></span> <span class='ocrx_word' id='word_1_677' title='bbox 3618 4331 3634 4358; x_wconf 94' lang='lat'><strong>,</strong></span> <span class='ocrx_word' id='word_1_678' title='bbox 3663 4307 3713 4346; x_wconf 89' lang='lat' dir='ltr'><strong>c.</strong></span> <span class='ocrx_word' id='word_1_679' title='bbox 3745 4295 3810 4358; x_wconf 83' lang='lat'><strong>8,</strong></span> 
     </span>
    </p>
   </div>
   <div class='ocr_carea' id='block_1_86' title="bbox 2201 4380 3810 4454">
    <p class='ocr_par' dir='ltr' id='par_1_86' title="bbox 2201 4380 3810 4454">
     <span class='ocr_line' id='line_1_87' title="bbox 2201 4380 3810 4454; baseline 0.002 -18"><span class='ocrx_word' id='word_1_680' title='bbox 2201 4389 2248 4436; x_wconf 85' lang='lat' dir='ltr'><strong>et</strong></span> <span class='ocrx_word' id='word_1_681' title='bbox 2289 4380 2497 4436; x_wconf 76' lang='lat' dir='ltr'><strong>Sozam.</strong></span> <span class='ocrx_word' id='word_1_682' title='bbox 2546 4382 2636 4438; x_wconf 86' lang='lat' dir='ltr'><strong>tib.</strong></span> <span class='ocrx_word' id='word_1_683' title='bbox 2683 4398 2808 4449; x_wconf 81' lang='lat' dir='ltr'><strong>vin,</strong></span> <span class='ocrx_word' id='word_1_684' title='bbox 2850 4398 2967 4453; x_wconf 87' lang='lat' dir='ltr'><strong>cap.</strong></span> <span class='ocrx_word' id='word_1_685' title='bbox 2996 4381 3088 4451; x_wconf 84' lang='lat'><strong>8),</strong></span> <span class='ocrx_word' id='word_1_686' title='bbox 3118 4382 3166 4438; x_wconf 89' lang='lat' dir='ltr'><strong>si</strong></span> <span class='ocrx_word' id='word_1_687' title='bbox 3194 4383 3571 4454; x_wconf 83' lang='lat' dir='ltr'><strong>expeiidantur</strong></span> <span class='ocrx_word' id='word_1_688' title='bbox 3600 4386 3764 4440; x_wconf 86' lang='lat' dir='ltr'><strong>verba</strong></span> <span class='ocrx_word' id='word_1_689' title='bbox 3788 4427 3810 4453; x_wconf 90' lang='lat'><strong>,</strong></span> 
     </span>
    </p>
   </div>
   <div class='ocr_carea' id='block_1_87' title="bbox 2199 4475 3804 4546">
    <p class='ocr_par' dir='ltr' id='par_1_87' title="bbox 2199 4475 3804 4546">
     <span class='ocr_line' id='line_1_88' title="bbox 2199 4475 3804 4546; baseline 0.002 -17"><span class='ocrx_word' id='word_1_690' title='bbox 2199 4475 2533 4546; x_wconf 88' lang='lat' dir='ltr'><strong>publicarum</strong></span> <span class='ocrx_word' id='word_1_691' title='bbox 2585 4476 3034 4546; x_wconf 87' lang='lat' dir='ltr'><strong>supplicationum</strong></span> <span class='ocrx_word' id='word_1_692' title='bbox 3083 4491 3180 4532; x_wconf 90' lang='lat' dir='ltr'><strong>seu</strong></span> <span class='ocrx_word' id='word_1_693' title='bbox 3231 4478 3631 4546; x_wconf 88' lang='lat' dir='ltr'><strong>processionum</strong></span> <span class='ocrx_word' id='word_1_694' title='bbox 3673 4493 3804 4532; x_wconf 90' lang='lat' dir='ltr'><strong>con-</strong></span> 
     </span>
    </p>
   </div>
   <div class='ocr_carea' id='block_1_88' title="bbox 2201 4567 3808 4638">
    <p class='ocr_par' dir='ltr' id='par_1_88' title="bbox 2201 4567 3808 4638">
     <span class='ocr_line' id='line_1_89' title="bbox 2201 4567 3808 4638; baseline 0.004 -16"><span class='ocrx_word' id='word_1_695' title='bbox 2201 4568 2462 4636; x_wconf 88' lang='lat' dir='ltr'><strong>suetudo,</strong></span> <span class='ocrx_word' id='word_1_696' title='bbox 2505 4569 2556 4624; x_wconf 92' lang='lat' dir='ltr'><strong>in</strong></span> <span class='ocrx_word' id='word_1_697' title='bbox 2598 4569 2748 4626; x_wconf 74' lang='lat' dir='ltr'><strong>{esus</strong></span> <span class='ocrx_word' id='word_1_698' title='bbox 2774 4583 2836 4625; x_wconf 88' lang='lat' dir='ltr'><strong>ac</strong></span> <span class='ocrx_word' id='word_1_699' title='bbox 2866 4567 3156 4625; x_wconf 88' lang='lat' dir='ltr'><strong>Dominicis</strong></span> <span class='ocrx_word' id='word_1_700' title='bbox 3183 4570 3375 4625; x_wconf 88' lang='lat' dir='ltr'><strong>diebus</strong></span> <span class='ocrx_word' id='word_1_701' title='bbox 3408 4570 3631 4638; x_wconf 89' lang='lat' dir='ltr'><strong>usitata,</strong></span> <span class='ocrx_word' id='word_1_702' title='bbox 3675 4572 3808 4628; x_wconf 85' lang='lat' dir='ltr'><strong>hinc</strong></span> 
     </span>
    </p>
   </div>
   <div class='ocr_carea' id='block_1_89' title="bbox 488 4655 3807 4734">
    <p class='ocr_par' dir='ltr' id='par_1_89' title="bbox 488 4655 3807 4734">
     <span class='ocr_line' id='line_1_90' title="bbox 488 4655 3807 4734; baseline 0.002 -20"><span class='ocrx_word' id='word_1_703' title='bbox 488 4657 637 4715; x_wconf 91' lang='lat' dir='ltr'><strong>Libri</strong></span> <span class='ocrx_word' id='word_1_704' title='bbox 671 4657 928 4714; x_wconf 84' lang='lat' dir='ltr'><strong>adversus</strong></span> <span class='ocrx_word' id='word_1_705' title='bbox 959 4655 1240 4715; x_wconf 88' lang='lat' dir='ltr'><strong>Ursacium</strong></span> <span class='ocrx_word' id='word_1_706' title='bbox 1262 4668 1318 4716; x_wconf 89' lang='lat' dir='ltr'><strong>et</strong></span> <span class='ocrx_word' id='word_1_707' title='bbox 1346 4657 1627 4716; x_wconf 81' lang='lat' dir='ltr'><strong>Valentem</strong></span> <span class='ocrx_word' id='word_1_708' title='bbox 1657 4670 1947 4734; x_wconf 86' lang='lat' dir='ltr'><strong>supersunt</strong></span> <span class='ocrx_word' id='word_1_709' title='bbox 1978 4671 2094 4718; x_wconf 86' lang='lat' dir='ltr'><strong>tan-</strong></span> <span class='ocrx_word' id='word_1_710' title='bbox 2120 4669 2178 4732; x_wconf 80' lang='grc' dir='ltr'><strong>Ι)</strong></span> <span class='ocrx_word' id='word_1_711' title='bbox 2199 4669 2326 4716; x_wconf 83' lang='lat' dir='ltr'><strong>nata</strong></span> <span class='ocrx_word' id='word_1_712' title='bbox 2351 4673 2474 4717; x_wconf 83' lang='lat' dir='ltr'><strong>esse</strong></span> <span class='ocrx_word' id='word_1_713' title='bbox 2498 4659 2656 4717; x_wconf 81' lang='lat' dir='ltr'><strong>facile</strong></span> <span class='ocrx_word' id='word_1_714' title='bbox 2682 4661 3094 4718; x_wconf 65' lang='lat' dir='ltr'><strong>eximimabitur.</strong></span> <span class='ocrx_word' id='word_1_715' title='bbox 3127 4661 3461 4732; x_wconf 83' lang='lat' dir='ltr'><strong>Quamquam</strong></span> <span class='ocrx_word' id='word_1_716' title='bbox 3495 4661 3807 4733; x_wconf 81' lang='lat' dir='ltr'><strong>hujusmodi</strong></span> 
     </span>
    </p>
   </div>
   <div class='ocr_carea' id='block_1_90' title="bbox 489 4751 2088 4828">
    <p class='ocr_par' dir='ltr' id='par_1_90' title="bbox 489 4751 2088 4828">
     <span class='ocr_line' id='line_1_91' title="bbox 489 4751 2088 4828; baseline 0.003 -20"><span class='ocrx_word' id='word_1_717' title='bbox 489 4763 605 4808; x_wconf 87' lang='lat' dir='ltr'><strong>tum</strong></span> <span class='ocrx_word' id='word_1_718' title='bbox 637 4751 979 4825; x_wconf 82' lang='lat' dir='ltr'><strong>fragmento:</strong></span> <span class='ocrx_word' id='word_1_719' title='bbox 1014 4764 1330 4811; x_wconf 75' lang='lat' dir='ltr'><strong>czeterorum</strong></span> <span class='ocrx_word' id='word_1_720' title='bbox 1379 4757 1552 4826; x_wconf 90' lang='lat' dir='ltr'><strong>nihil,</strong></span> <span class='ocrx_word' id='word_1_721' title='bbox 1602 4765 1693 4812; x_wconf 87' lang='lat' dir='ltr'><strong>aut</strong></span> <span class='ocrx_word' id='word_1_722' title='bbox 1732 4773 1898 4828; x_wconf 88' lang='lat' dir='ltr'><strong>prope</strong></span> <span class='ocrx_word' id='word_1_723' title='bbox 1938 4757 2088 4812; x_wconf 87' lang='lat' dir='ltr'><strong>nihil.</strong></span> 
     </span>
    </p>
   </div>
   <div class='ocr_carea' id='block_1_91' title="bbox 491 4845 2092 4922">
    <p class='ocr_par' dir='ltr' id='par_1_91' title="bbox 491 4845 2092 4922">
     <span class='ocr_line' id='line_1_92' title="bbox 491 4845 2092 4922; baseline 0.001 -18"><span class='ocrx_word' id='word_1_724' title='bbox 491 4845 604 4904; x_wconf 86' lang='lat' dir='ltr'><strong>Sed</strong></span> <span class='ocrx_word' id='word_1_725' title='bbox 633 4845 700 4903; x_wconf 90' lang='lat' dir='ltr'><strong>de</strong></span> <span class='ocrx_word' id='word_1_726' title='bbox 727 4846 954 4918; x_wconf 85' lang='lat' dir='ltr'><strong>singulis</strong></span> <span class='ocrx_word' id='word_1_727' title='bbox 995 4847 1251 4902; x_wconf 88' lang='lat' dir='ltr'><strong>nonnulla</strong></span> <span class='ocrx_word' id='word_1_728' title='bbox 1281 4848 1796 4922; x_wconf 84' lang='lat' dir='ltr'><strong>observarejuverit</strong></span> <span class='ocrx_word' id='word_1_729' title='bbox 1818 4891 1832 4916; x_wconf 91' lang='lat'><strong>,</strong></span> <span class='ocrx_word' id='word_1_730' title='bbox 1861 4865 1968 4921; x_wconf 93' lang='lat' dir='ltr'><strong>quo</strong></span> <span class='ocrx_word' id='word_1_731' title='bbox 1999 4867 2092 4906; x_wconf 85' lang='lat' dir='ltr'><strong>va-</strong></span> 
     </span>
    </p>
   </div>
   <div class='ocr_carea' id='block_1_92' title="bbox 489 4939 2098 5020">
    <p class='ocr_par' dir='ltr' id='par_1_92' title="bbox 489 4939 2098 5020">
     <span class='ocr_line' id='line_1_93' title="bbox 489 4939 2098 5020; baseline 0.006 -23"><span class='ocrx_word' id='word_1_732' title='bbox 489 4942 601 4997; x_wconf 90' lang='lat' dir='ltr'><strong>leat</strong></span> <span class='ocrx_word' id='word_1_733' title='bbox 619 4943 846 5015; x_wconf 89' lang='lat' dir='ltr'><strong>quisque</strong></span> <span class='ocrx_word' id='word_1_734' title='bbox 877 4941 959 4998; x_wconf 89' lang='lat' dir='ltr'><strong>vel</strong></span> <span class='ocrx_word' id='word_1_735' title='bbox 985 4939 1166 4999; x_wconf 91' lang='lat' dir='ltr'><strong>oblata</strong></span> <span class='ocrx_word' id='word_1_736' title='bbox 1194 4943 1540 5016; x_wconf 81' lang='lat' dir='ltr'><strong>dignoscere,</strong></span> <span class='ocrx_word' id='word_1_737' title='bbox 1563 4946 1650 5003; x_wconf 86' lang='lat' dir='ltr'><strong>vel</strong></span> <span class='ocrx_word' id='word_1_738' title='bbox 1676 4961 1932 5020; x_wconf 87' lang='lat' dir='ltr'><strong>respuere</strong></span> <span class='ocrx_word' id='word_1_739' title='bbox 1955 4947 2098 5006; x_wconf 76' lang='lat' dir='ltr'><strong>(also</strong></span> 
     </span>
    </p>
   </div>
   <div class='ocr_carea' id='block_1_93' title="bbox 490 5032 1252 5106">
    <p class='ocr_par' dir='ltr' id='par_1_93' title="bbox 490 5032 1252 5106">
     <span class='ocr_line' id='line_1_94' title="bbox 490 5032 1252 5106; baseline 0.001 -16"><span class='ocrx_word' id='word_1_740' title='bbox 490 5032 680 5090; x_wconf 82' lang='lat' dir='ltr'><strong>Hilarii</strong></span> <span class='ocrx_word' id='word_1_741' title='bbox 704 5035 922 5091; x_wconf 89' lang='lat' dir='ltr'><strong>nomine</strong></span> <span class='ocrx_word' id='word_1_742' title='bbox 942 5043 1252 5106; x_wconf 85' lang='lat' dir='ltr'><strong>personata.</strong></span> 
     </span>
    </p>
   </div>
   <div class='ocr_carea' id='block_1_94' title="bbox 698 5168 1888 5243">
    <p class='ocr_par' dir='ltr' id='par_1_94' title="bbox 698 5168 1888 5243">
     <span class='ocr_line' id='line_1_95' title="bbox 698 5168 1888 5243; baseline 0.004 -19"><span class='ocrx_word' id='word_1_743' title='bbox 698 5168 788 5225; x_wconf 81' lang='lat' dir='ltr'><strong>HI.</strong></span> <span class='ocrx_word' id='word_1_744' title='bbox 829 5168 914 5224; x_wconf 75' lang='lat' dir='ltr'><strong>De</strong></span> <span class='ocrx_word' id='word_1_745' title='bbox 939 5169 1138 5226; x_wconf 70' lang='lat' dir='ltr'><strong>Hilarii</strong></span> <span class='ocrx_word' id='word_1_746' title='bbox 1158 5171 1412 5243; x_wconf 69' lang='lat' dir='ltr'><strong>Oper-ibus</strong></span> <span class='ocrx_word' id='word_1_747' title='bbox 1435 5183 1551 5243; x_wconf 68' lang='lat' dir='ltr'><strong>qua!</strong></span> <span class='ocrx_word' id='word_1_748' title='bbox 1573 5172 1888 5230; x_wconf 66' lang='lat' dir='ltr'><strong>exciderunt.</strong></span> 
     </span>
    </p>
   </div>
   <div class='ocr_carea' id='block_1_95' title="bbox 567 5301 2095 5386">
    <p class='ocr_par' dir='ltr' id='par_1_95' title="bbox 567 5301 2095 5386">
     <span class='ocr_line' id='line_1_96' title="bbox 567 5301 2095 5386; baseline 0.009 -24"><span class='ocrx_word' id='word_1_749' title='bbox 567 5305 657 5362; x_wconf 76' lang='lat' dir='ltr'><strong>l9.</strong></span> <span class='ocrx_word' id='word_1_750' title='bbox 698 5303 882 5376; x_wconf 85' lang='lat' dir='ltr'><strong>Qualis</strong></span> <span class='ocrx_word' id='word_1_751' title='bbox 902 5301 1092 5366; x_wconf 83' lang='lat' dir='ltr'><strong>Hilarii</strong></span> <span class='ocrx_word' id='word_1_752' title='bbox 1111 5310 1177 5366; x_wconf 92' lang='lat' dir='ltr'><strong>ad</strong></span> <span class='ocrx_word' id='word_1_753' title='bbox 1209 5309 1506 5368; x_wconf 86' lang='lat' dir='ltr'><strong>Salustium</strong></span> <span class='ocrx_word' id='word_1_754' title='bbox 1529 5312 1688 5381; x_wconf 90' lang='lat' dir='ltr'><strong>liber,</strong></span> <span class='ocrx_word' id='word_1_755' title='bbox 1719 5316 1939 5386; x_wconf 88' lang='lat' dir='ltr'><strong>cujusve</strong></span> <span class='ocrx_word' id='word_1_756' title='bbox 1958 5331 2095 5374; x_wconf 79' lang='lat' dir='ltr'><strong>con-</strong></span> 
     </span>
    </p>
   </div>
   <div class='ocr_carea' id='block_1_96' title="bbox 2203 4753 3812 4826">
    <p class='ocr_par' dir='ltr' id='par_1_96' title="bbox 2203 4753 3812 4826">
     <span class='ocr_line' id='line_1_97' title="bbox 2203 4753 3812 4826; baseline 0.002 -15"><span class='ocrx_word' id='word_1_757' title='bbox 2203 4754 2366 4811; x_wconf 89' lang='lat' dir='ltr'><strong>ritum</strong></span> <span class='ocrx_word' id='word_1_758' title='bbox 2402 4753 2514 4825; x_wconf 83' lang='lat' dir='ltr'><strong>jam</strong></span> <span class='ocrx_word' id='word_1_759' title='bbox 2554 4763 2792 4812; x_wconf 87' lang='lat' dir='ltr'><strong>veterem</strong></span> <span class='ocrx_word' id='word_1_760' title='bbox 2829 4755 3065 4826; x_wconf 83' lang='lat' dir='ltr'><strong>appellat</strong></span> <span class='ocrx_word' id='word_1_761' title='bbox 3104 4755 3421 4812; x_wconf 86' lang='lat' dir='ltr'><strong>Ambrosius</strong></span> <span class='ocrx_word' id='word_1_762' title='bbox 3455 4757 3617 4826; x_wconf 86' lang='lat' dir='ltr'><strong>epist.</strong></span> <span class='ocrx_word' id='word_1_763' title='bbox 3658 4773 3812 4814; x_wconf 84' lang='lat' dir='ltr'><strong>nunc</strong></span> 
     </span>
    </p>
   </div>
   <div class='ocr_carea' id='block_1_97' title="bbox 2199 4845 3811 4916">
    <p class='ocr_par' dir='ltr' id='par_1_97' title="bbox 2199 4845 3811 4916">
     <span class='ocr_line' id='line_1_98' title="bbox 2199 4845 3811 4916; baseline 0.002 -12"><span class='ocrx_word' id='word_1_764' title='bbox 2199 4847 2295 4915; x_wconf 73' lang='lat'><strong>40,</strong></span> <span class='ocrx_word' id='word_1_765' title='bbox 2324 4847 2394 4904; x_wconf 83' lang='lat' dir='ltr'><strong>ad</strong></span> <span class='ocrx_word' id='word_1_766' title='bbox 2417 4845 2714 4916; x_wconf 86' lang='lat' dir='ltr'><strong>Theodos.,</strong></span> <span class='ocrx_word' id='word_1_767' title='bbox 2743 4847 2803 4904; x_wconf 89' lang='lat' dir='ltr'><strong>n°</strong></span> <span class='ocrx_word' id='word_1_768' title='bbox 2833 4848 2922 4913; x_wconf 83' lang='grc'><strong>16,</strong></span> <span class='ocrx_word' id='word_1_769' title='bbox 2955 4847 3044 4904; x_wconf 90' lang='lat' dir='ltr'><strong>ubi</strong></span> <span class='ocrx_word' id='word_1_770' title='bbox 3074 4847 3346 4904; x_wconf 82' lang='lat' dir='ltr'><strong>Honachis</strong></span> <span class='ocrx_word' id='word_1_771' title='bbox 3371 4848 3811 4907; x_wconf 82' lang='lat' dir='ltr'><strong>aValentinianis</strong></span> 
     </span>
    </p>
   </div>
   <div class='ocr_carea' id='block_1_98' title="bbox 2200 4941 3810 5014">
    <p class='ocr_par' dir='ltr' id='par_1_98' title="bbox 2200 4941 3810 5014">
     <span class='ocr_line' id='line_1_99' title="bbox 2200 4941 3810 5014; baseline 0 -16"><span class='ocrx_word' id='word_1_772' title='bbox 2200 4941 2528 5014; x_wconf 78' lang='lat' dir='ltr'><strong>prohibitum</strong></span> <span class='ocrx_word' id='word_1_773' title='bbox 2557 4956 2682 4998; x_wconf 78' lang='lat' dir='ltr'><strong>esse</strong></span> <span class='ocrx_word' id='word_1_774' title='bbox 2707 4951 2971 4996; x_wconf 84' lang='lat' dir='ltr'><strong>memorat</strong></span> <span class='ocrx_word' id='word_1_775' title='bbox 3005 4942 3122 5008; x_wconf 79' lang='lat' dir='ltr'><strong>iter,</strong></span> <span class='ocrx_word' id='word_1_776' title='bbox 3162 4959 3265 5010; x_wconf 87' lang='lat' dir='ltr'><strong>quo</strong></span> <span class='ocrx_word' id='word_1_777' title='bbox 3302 4942 3530 5012; x_wconf 82' lang='lat' dir='ltr'><strong>psalmos;</strong></span> <span class='ocrx_word' id='word_1_778' title='bbox 3567 4953 3810 4998; x_wconf 71' lang='lat' dir='ltr'><strong>canentes</strong></span> 
     </span>
    </p>
   </div>
   <div class='ocr_carea' id='block_1_99' title="bbox 2198 5034 3810 5108">
    <p class='ocr_par' dir='ltr' id='par_1_99' title="bbox 2198 5034 3810 5108">
     <span class='ocr_line' id='line_1_100' title="bbox 2198 5034 3810 5108; baseline 0.001 -19"><span class='ocrx_word' id='word_1_779' title='bbox 2198 5049 2262 5089; x_wconf 78' lang='lat' dir='ltr'><strong>ea:</strong></span> <span class='ocrx_word' id='word_1_780' title='bbox 2287 5034 2655 5090; x_wconf 81' lang='lat' dir='ltr'><strong>comuetudine</strong></span> <span class='ocrx_word' id='word_1_781' title='bbox 2679 5050 2832 5105; x_wconf 83' lang='lat' dir='ltr'><strong>usque</strong></span> <span class='ocrx_word' id='word_1_782' title='bbox 2857 5035 3008 5089; x_wconf 71' lang='lat' dir='ltr'><strong>reteri</strong></span> <span class='ocrx_word' id='word_1_783' title='bbox 3049 5035 3322 5108; x_wconf 77' lang='lat' dir='ltr'><strong>pergebant</strong></span> <span class='ocrx_word' id='word_1_784' title='bbox 3360 5035 3428 5089; x_wconf 79' lang='lat' dir='ltr'><strong>ad</strong></span> <span class='ocrx_word' id='word_1_785' title='bbox 3465 5036 3810 5091; x_wconf 75' lang='lat' dir='ltr'><strong>celebritatem</strong></span> 
     </span>
    </p>
   </div>
   <div class='ocr_carea' id='block_1_100' title="bbox 2198 5125 3806 5198">
    <p class='ocr_par' dir='ltr' id='par_1_100' title="bbox 2198 5125 3806 5198">
     <span class='ocr_line' id='line_1_101' title="bbox 2198 5125 3806 5198; baseline 0.001 -16"><span class='ocrx_word' id='word_1_786' title='bbox 2198 5126 2622 5184; x_wconf 78' lang='lat' dir='ltr'><strong>Machabteorum</strong></span> <span class='ocrx_word' id='word_1_787' title='bbox 2647 5125 2957 5198; x_wconf 68' lang='lat' dir='ltr'><strong>Martyrum.</strong></span> <span class='ocrx_word' id='word_1_788' title='bbox 2983 5128 3078 5184; x_wconf 88' lang='lat' dir='ltr'><strong>llis</strong></span> <span class='ocrx_word' id='word_1_789' title='bbox 3103 5127 3279 5184; x_wconf 89' lang='lat' dir='ltr'><strong>obiter</strong></span> <span class='ocrx_word' id='word_1_790' title='bbox 3307 5127 3626 5195; x_wconf 81' lang='lat' dir='ltr'><strong>observatis,</strong></span> <span class='ocrx_word' id='word_1_791' title='bbox 3657 5139 3713 5182; x_wconf 91' lang='lat' dir='ltr'><strong>ut</strong></span> <span class='ocrx_word' id='word_1_792' title='bbox 3733 5128 3806 5183; x_wconf 85' lang='lat' dir='ltr'><strong>ad</strong></span> 
     </span>
    </p>
   </div>
   <div class='ocr_carea' id='block_1_101' title="bbox 2197 5219 3807 5293">
    <p class='ocr_par' dir='ltr' id='par_1_101' title="bbox 2197 5219 3807 5293">
     <span class='ocr_line' id='line_1_102' title="bbox 2197 5219 3807 5293; baseline -0.002 -11"><span class='ocrx_word' id='word_1_793' title='bbox 2197 5220 2458 5282; x_wconf 79' lang='lat' dir='ltr'><strong>Hilarium</strong></span> <span class='ocrx_word' id='word_1_794' title='bbox 2488 5230 2842 5289; x_wconf 85' lang='lat' dir='ltr'><strong>revertamur,</strong></span> <span class='ocrx_word' id='word_1_795' title='bbox 2877 5221 3016 5278; x_wconf 85' lang='lat' dir='ltr'><strong>forte</strong></span> <span class='ocrx_word' id='word_1_796' title='bbox 3041 5223 3201 5278; x_wconf 88' lang='lat' dir='ltr'><strong>etiam</strong></span> <span class='ocrx_word' id='word_1_797' title='bbox 3242 5222 3358 5293; x_wconf 83' lang='lat' dir='ltr'><strong>ipse</strong></span> <span class='ocrx_word' id='word_1_798' title='bbox 3396 5219 3537 5278; x_wconf 87' lang='lat' dir='ltr'><strong>inter</strong></span> <span class='ocrx_word' id='word_1_799' title='bbox 3575 5222 3807 5279; x_wconf 78' lang='lat' dir='ltr'><strong>Arisnos</strong></span> 
     </span>
    </p>
   </div>
   <div class='ocr_carea' id='block_1_102' title="bbox 2197 5316 3804 5391">
    <p class='ocr_par' dir='ltr' id='par_1_102' title="bbox 2197 5316 3804 5391">
     <span class='ocr_line' id='line_1_103' title="bbox 2197 5316 3804 5391; baseline -0.001 -17"><span class='ocrx_word' id='word_1_800' title='bbox 2197 5319 2466 5391; x_wconf 78' lang='lat' dir='ltr'><strong>relegatus</strong></span> <span class='ocrx_word' id='word_1_801' title='bbox 2486 5359 2502 5386; x_wconf 92' lang='lat'><strong>,</strong></span> <span class='ocrx_word' id='word_1_802' title='bbox 2529 5333 2651 5374; x_wconf 88' lang='lat' dir='ltr'><strong>cum</strong></span> <span class='ocrx_word' id='word_1_803' title='bbox 2682 5316 3004 5389; x_wconf 83' lang='lat' dir='ltr'><strong>hymnorum</strong></span> <span class='ocrx_word' id='word_1_804' title='bbox 3032 5331 3207 5384; x_wconf 84' lang='lat' dir='ltr'><strong>usum,</strong></span> <span class='ocrx_word' id='word_1_805' title='bbox 3231 5332 3339 5388; x_wconf 88' lang='lat' dir='ltr'><strong>quo</strong></span> <span class='ocrx_word' id='word_1_806' title='bbox 3369 5317 3444 5372; x_wconf 92' lang='lat' dir='ltr'><strong>illi</strong></span> <span class='ocrx_word' id='word_1_807' title='bbox 3466 5317 3532 5372; x_wconf 91' lang='lat' dir='ltr'><strong>ad</strong></span> <span class='ocrx_word' id='word_1_808' title='bbox 3554 5316 3804 5373; x_wconf 67' lang='lat' dir='ltr'><strong>haeresim</strong></span> 
     </span>
    </p>
   </div>
   <div class='ocr_carea' id='block_1_103' title="bbox 493 5397 3806 5478">
    <p class='ocr_par' dir='ltr' id='par_1_103' title="bbox 493 5397 3806 5478">
     <span class='ocr_line' id='line_1_104' title="bbox 493 5397 3806 5478; baseline 0.004 -24"><span class='ocrx_word' id='word_1_809' title='bbox 493 5397 714 5454; x_wconf 89' lang='lat' dir='ltr'><strong>ditionis</strong></span> <span class='ocrx_word' id='word_1_810' title='bbox 747 5399 1034 5458; x_wconf 84' lang='lat' dir='ltr'><strong>Dioscorus</strong></span> <span class='ocrx_word' id='word_1_811' title='bbox 1072 5402 1270 5472; x_wconf 88' lang='lat' dir='ltr'><strong>fuerit,</strong></span> <span class='ocrx_word' id='word_1_812' title='bbox 1307 5403 1672 5478; x_wconf 85' lang='lat' dir='ltr'><strong>Hieronymus</strong></span> <span class='ocrx_word' id='word_1_813' title='bbox 1695 5407 1852 5478; x_wconf 88' lang='lat' dir='ltr'><strong>epist.</strong></span> <span class='ocrx_word' id='word_1_814' title='bbox 1889 5407 1998 5478; x_wconf 75' lang='lat'><strong>84,</strong></span> <span class='ocrx_word' id='word_1_815' title='bbox 2026 5409 2094 5466; x_wconf 89' lang='lat' dir='ltr'><strong>ad</strong></span> <span class='ocrx_word' id='word_1_816' title='bbox 2201 5429 2356 5472; x_wconf 83' lang='lat' dir='ltr'><strong>suam</strong></span> <span class='ocrx_word' id='word_1_817' title='bbox 2385 5412 2756 5470; x_wconf 83' lang='lat' dir='ltr'><strong>insinuandam</strong></span> <span class='ocrx_word' id='word_1_818' title='bbox 2788 5411 3168 5478; x_wconf 88' lang='lat' dir='ltr'><strong>abutebantur,</strong></span> <span class='ocrx_word' id='word_1_819' title='bbox 3199 5410 3270 5466; x_wconf 87' lang='lat' dir='ltr'><strong>ad</strong></span> <span class='ocrx_word' id='word_1_820' title='bbox 3311 5425 3493 5467; x_wconf 89' lang='lat' dir='ltr'><strong>veram</strong></span> <span class='ocrx_word' id='word_1_821' title='bbox 3537 5410 3696 5467; x_wconf 85' lang='lat' dir='ltr'><strong>ﬁdem</strong></span> <span class='ocrx_word' id='word_1_822' title='bbox 3739 5426 3806 5467; x_wconf 86' lang='lat' dir='ltr'><strong>ac</strong></span> 
     </span>
    </p>
   </div>
   <div class='ocr_carea' id='block_1_104' title="bbox 491 5485 3802 5579">
    <p class='ocr_par' dir='ltr' id='par_1_104' title="bbox 491 5485 3802 5579">
     <span class='ocr_line' id='line_1_105' title="bbox 491 5485 3802 5579; baseline 0.002 -30"><span class='ocrx_word' id='word_1_823' title='bbox 491 5485 741 5564; x_wconf 77' lang='lat' dir='ltr'><strong>Magnum</strong></span> <span class='ocrx_word' id='word_1_824' title='bbox 766 5537 780 5562; x_wconf 91' lang='lat'><strong>,</strong></span> <span class='ocrx_word' id='word_1_825' title='bbox 829 5491 1061 5566; x_wconf 81' lang='lat' dir='ltr'><strong>explicat</strong></span> <span class='ocrx_word' id='word_1_826' title='bbox 1111 5493 1199 5552; x_wconf 88' lang='lat' dir='ltr'><strong>his</strong></span> <span class='ocrx_word' id='word_1_827' title='bbox 1239 5497 1424 5554; x_wconf 88' lang='lat' dir='ltr'><strong>verbis</strong></span> <span class='ocrx_word' id='word_1_828' title='bbox 1458 5516 1473 5554; x_wconf 89' lang='lat'><strong>:</strong></span> <span class='ocrx_word' id='word_1_829' title='bbox 1510 5497 1660 5554; x_wconf 83' lang='lat' dir='ltr'><strong>Brevi</strong></span> <span class='ocrx_word' id='word_1_830' title='bbox 1694 5499 1864 5557; x_wconf 85' lang='lat' dir='ltr'><strong>libello</strong></span> <span class='ocrx_word' id='word_1_831' title='bbox 1889 5544 1908 5572; x_wconf 91' lang='lat'><strong>,</strong></span> <span class='ocrx_word' id='word_1_832' title='bbox 1948 5519 2100 5575; x_wconf 71' lang='lat' dir='ltr'><strong>quem</strong></span> <span class='ocrx_word' id='word_1_833' title='bbox 2202 5509 2458 5579; x_wconf 88' lang='lat' dir='ltr'><strong>pietatem</strong></span> <span class='ocrx_word' id='word_1_834' title='bbox 2496 5505 2692 5562; x_wconf 78' lang='lat' dir='ltr'><strong>animis</strong></span> <span class='ocrx_word' id='word_1_835' title='bbox 2730 5502 2966 5560; x_wconf 83' lang='lat' dir='ltr'><strong>tidelium</strong></span> <span class='ocrx_word' id='word_1_836' title='bbox 3022 5503 3366 5574; x_wconf 73' lang='lat' dir='ltr'><strong>injiciendum</strong></span> <span class='ocrx_word' id='word_1_837' title='bbox 3415 5514 3468 5560; x_wconf 86' lang='lat' dir='ltr'><strong>et</strong></span> <span class='ocrx_word' id='word_1_838' title='bbox 3517 5503 3802 5559; x_wconf 85' lang='lat' dir='ltr'><strong>fovendam</strong></span> 
     </span>
    </p>
   </div>
   <div class='ocr_carea' id='block_1_105' title="bbox 491 5579 3808 5669">
    <p class='ocr_par' dir='ltr' id='par_1_105' title="bbox 491 5579 3808 5669">
     <span class='ocr_line' id='line_1_106' title="bbox 491 5579 3808 5669; baseline 0.004 -31"><span class='ocrx_word' id='word_1_839' title='bbox 491 5584 696 5655; x_wconf 86' lang='lat' dir='ltr'><strong>scripsit</strong></span> <span class='ocrx_word' id='word_1_840' title='bbox 737 5595 914 5642; x_wconf 88' lang='lat' dir='ltr'><strong>contra</strong></span> <span class='ocrx_word' id='word_1_841' title='bbox 960 5579 1270 5644; x_wconf 85' lang='lat' dir='ltr'><strong>Dioscorum</strong></span> <span class='ocrx_word' id='word_1_842' title='bbox 1319 5591 1604 5658; x_wconf 83' lang='lat' dir='ltr'><strong>medicum,</strong></span> <span class='ocrx_word' id='word_1_843' title='bbox 1651 5593 1776 5665; x_wconf 84' lang='lat' dir='ltr'><strong>quid</strong></span> <span class='ocrx_word' id='word_1_844' title='bbox 1820 5596 1874 5651; x_wconf 86' lang='lat' dir='ltr'><strong>in</strong></span> <span class='ocrx_word' id='word_1_845' title='bbox 1918 5597 2102 5654; x_wconf 81' lang='lat' dir='ltr'><strong>litteris</strong></span> <span class='ocrx_word' id='word_1_846' title='bbox 2205 5601 2702 5658; x_wconf 85' lang='lat' dir='ltr'><strong>commodissimum</strong></span> <span class='ocrx_word' id='word_1_847' title='bbox 2748 5597 3050 5669; x_wconf 78' lang='lat' dir='ltr'><strong>judicaret,</strong></span> <span class='ocrx_word' id='word_1_848' title='bbox 3098 5597 3168 5652; x_wconf 81' lang='lat' dir='ltr'><strong>ad</strong></span> <span class='ocrx_word' id='word_1_849' title='bbox 3217 5595 3446 5667; x_wconf 86' lang='lat' dir='ltr'><strong>hymnos</strong></span> <span class='ocrx_word' id='word_1_850' title='bbox 3489 5595 3808 5652; x_wconf 81' lang='lat' dir='ltr'><strong>scribendos</strong></span> 
     </span>
    </p>
   </div>
   <div class='ocr_carea' id='block_1_106' title="bbox 493 5677 2690 5761">
    <p class='ocr_par' dir='ltr' id='par_1_106' title="bbox 493 5677 2690 5761">
     <span class='ocr_line' id='line_1_107' title="bbox 493 5677 2690 5761; baseline 0.007 -32"><span class='ocrx_word' id='word_1_851' title='bbox 493 5685 664 5748; x_wconf 78' lang='lat' dir='ltr'><strong>posset</strong></span> <span class='ocrx_word' id='word_1_852' title='bbox 694 5677 934 5733; x_wconf 87' lang='lat' dir='ltr'><strong>ostendit.</strong></span> <span class='ocrx_word' id='word_1_853' title='bbox 965 5677 1170 5748; x_wconf 86' lang='lat' dir='ltr'><strong>Quibus</strong></span> <span class='ocrx_word' id='word_1_854' title='bbox 1207 5681 1254 5737; x_wconf 89' lang='lat' dir='ltr'><strong>si</strong></span> <span class='ocrx_word' id='word_1_855' title='bbox 1291 5682 1567 5739; x_wconf 84' lang='lat' dir='ltr'><strong>addideris</strong></span> <span class='ocrx_word' id='word_1_856' title='bbox 1583 5686 1726 5756; x_wconf 92' lang='lat' dir='ltr'><strong>quod</strong></span> <span class='ocrx_word' id='word_1_857' title='bbox 1761 5686 1830 5743; x_wconf 90' lang='lat' dir='ltr'><strong>de</strong></span> <span class='ocrx_word' id='word_1_858' title='bbox 1859 5688 2106 5747; x_wconf 83' lang='lat' dir='ltr'><strong>Salustio</strong></span> <span class='ocrx_word' id='word_1_859' title='bbox 2206 5693 2443 5748; x_wconf 86' lang='lat' dir='ltr'><strong>animum</strong></span> <span class='ocrx_word' id='word_1_860' title='bbox 2473 5689 2690 5761; x_wconf 87' lang='lat' dir='ltr'><strong>adjecit.</strong></span> 
     </span>
    </p>
   </div>
   <div class='ocr_carea' id='block_1_107' title="bbox 494 5761 3802 5851">
    <p class='ocr_par' dir='ltr' id='par_1_107' title="bbox 494 5761 3802 5851">
     <span class='ocr_line' id='line_1_108' title="bbox 494 5761 3802 5851; baseline 0.007 -27"><span class='ocrx_word' id='word_1_861' title='bbox 494 5775 684 5824; x_wconf 89' lang='lat' dir='ltr'><strong>narrat</strong></span> <span class='ocrx_word' id='word_1_862' title='bbox 721 5761 1095 5829; x_wconf 78' lang='lat' dir='ltr'><strong>Theodoretus</strong></span> <span class='ocrx_word' id='word_1_863' title='bbox 1134 5761 1230 5830; x_wconf 87' lang='lat' dir='ltr'><strong>lib.</strong></span> <span class='ocrx_word' id='word_1_864' title='bbox 1274 5790 1334 5831; x_wconf 82' lang='lat' dir='ltr'><strong>in</strong></span> <span class='ocrx_word' id='word_1_865' title='bbox 1369 5773 1506 5832; x_wconf 87' lang='lat' dir='ltr'><strong>Hist.</strong></span> <span class='ocrx_word' id='word_1_866' title='bbox 1550 5777 1698 5834; x_wconf 88' lang='lat' dir='ltr'><strong>Eccl.</strong></span> <span class='ocrx_word' id='word_1_867' title='bbox 1739 5793 1790 5836; x_wconf 95' lang='lat' dir='ltr'><strong>c.</strong></span> <span class='ocrx_word' id='word_1_868' title='bbox 1824 5779 1912 5849; x_wconf 75' lang='grc'><strong>11,</strong></span> <span class='ocrx_word' id='word_1_869' title='bbox 1947 5795 2094 5851; x_wconf 89' lang='lat' dir='ltr'><strong>eum,</strong></span> <span class='ocrx_word' id='word_1_870' title='bbox 2278 5787 2368 5844; x_wconf 76' lang='lat' dir='ltr'><strong>2t.</strong></span> <span class='ocrx_word' id='word_1_871' title='bbox 2399 5786 2600 5842; x_wconf 86' lang='lat' dir='ltr'><strong>Eorum</strong></span> <span class='ocrx_word' id='word_1_872' title='bbox 2626 5784 2816 5840; x_wconf 78' lang='lat' dir='ltr'><strong>saltem</strong></span> <span class='ocrx_word' id='word_1_873' title='bbox 2840 5782 3126 5840; x_wconf 82' lang='lat' dir='ltr'><strong>nonnullos</strong></span> <span class='ocrx_word' id='word_1_874' title='bbox 3159 5782 3212 5840; x_wconf 85' lang='lat' dir='ltr'><strong>in</strong></span> <span class='ocrx_word' id='word_1_875' title='bbox 3240 5781 3602 5841; x_wconf 69' lang='lat' dir='ltr'><strong>eccleSiaSlicl</strong></span> <span class='ocrx_word' id='word_1_876' title='bbox 3629 5779 3802 5838; x_wconf 69' lang='grc' dir='ltr'><strong>οΐθοῖι</strong></span> 
     </span>
    </p>
   </div>
   <div class='ocr_carea' id='block_1_108' title="bbox 502 5864 3808 5956">
    <p class='ocr_par' dir='ltr' id='par_1_108' title="bbox 502 5864 3808 5956">
     <span class='ocr_line' id='line_1_109' title="bbox 502 5864 3808 5956; baseline 0.002 -31"><span class='ocrx_word' id='word_1_877' title='bbox 502 5864 775 5926; x_wconf 81' lang='lat' dir='ltr'><strong>ethnicum</strong></span> <span class='ocrx_word' id='word_1_878' title='bbox 818 5872 974 5948; x_wconf 64' lang='lat' dir='ltr'><strong>licet,</strong></span> <span class='ocrx_word' id='word_1_879' title='bbox 997 5871 1268 5937; x_wconf 69' lang='lat' dir='ltr'><strong>lulianum</strong></span> <span class='ocrx_word' id='word_1_880' title='bbox 1301 5883 1482 5940; x_wconf 82' lang='lat' dir='ltr'><strong>tamen</strong></span> <span class='ocrx_word' id='word_1_881' title='bbox 1517 5892 1547 5938; x_wconf 90' lang='lat' dir='ltr'><strong>a</strong></span> <span class='ocrx_word' id='word_1_882' title='bbox 1576 5879 1883 5942; x_wconf 86' lang='lat' dir='ltr'><strong>cruciandis</strong></span> <span class='ocrx_word' id='word_1_883' title='bbox 1910 5877 2096 5942; x_wconf 81' lang='lat' dir='ltr'><strong>Chris-</strong></span> <span class='ocrx_word' id='word_1_884' title='bbox 2204 5891 2484 5956; x_wconf 79' lang='lat' dir='ltr'><strong>susceptos</strong></span> <span class='ocrx_word' id='word_1_885' title='bbox 2516 5894 2640 5942; x_wconf 81' lang='lat' dir='ltr'><strong>esse</strong></span> <span class='ocrx_word' id='word_1_886' title='bbox 2663 5879 2818 5940; x_wconf 81' lang='lat' dir='ltr'><strong>valde</strong></span> <span class='ocrx_word' id='word_1_887' title='bbox 2844 5877 3125 5955; x_wconf 82' lang='lat' dir='ltr'><strong>probabile</strong></span> <span class='ocrx_word' id='word_1_888' title='bbox 3152 5886 3256 5944; x_wconf 83' lang='lat' dir='ltr'><strong>est.</strong></span> <span class='ocrx_word' id='word_1_889' title='bbox 3286 5878 3546 5949; x_wconf 81' lang='lat' dir='ltr'><strong>Erasmus</strong></span> <span class='ocrx_word' id='word_1_890' title='bbox 3575 5875 3808 5954; x_wconf 84' lang='lat' dir='ltr'><strong>hymnos</strong></span> 
     </span>
    </p>
   </div>
  </div>
