4056 6348
270 304 338 359 si
1534 303 1908 362 i’lUEFA'l‘lO
1945 305 2360 366 assumus.
3510 321 3580 375 2.;

266 429 338 486 de
363 426 422 486 S.
451 427 702 484 Johanne
728 427 964 499 Baptista
989 437 1046 484 et
1075 427 1144 483 de
1169 426 1343 482 Cruce
1375 426 1564 484 Hilarii
1592 440 1714 483 esse
1742 439 1874 482 conr-
1898 427 1955 488 Δ
1981 440 2077 497 pro
2117 426 2453 498 temporibus
2495 441 2557 482 ac
2603 428 2732 484 locis
2777 443 2875 506 per
2915 445 3039 488 suos
3069 431 3282 508 singula
3307 434 3584 512 disponit,

261 522 465 592 jeetat:
495 521 594 578 sed
622 520 785 593 hujus
814 520 1141 592 conjectum
1169 535 1282 576 suae
1313 519 1514 575 nullam
1553 517 1710 574 ail‘ert
1750 533 1886 590 pro-~
1979 527 2286 590 temperat,
2316 520 2528 592 perficit
2549 563 2566 589 ,
2595 522 2810 594 propria
2838 523 3093 582 evadant.
3127 526 3300 598 Hujus
3332 529 3412 584 rei
3441 530 3581 590 cclc-

262 615 574 684 bationem,
614 624 672 676 et
709 615 940 689 hymnos
978 615 1046 671 de
1083 613 1254 676 Cruce
1295 612 1614 672 nominatim
1661 621 1875 670 constat
1976 611 2075 668 bre
2127 615 2433 685 exemplum
2486 623 2708 686 prtt'slat
2753 615 2999 688 Gregorii
3048 616 3582 694 Sacramentarinui,

261 721 384 764 esse
433 706 733 764 Fortunati.
790 707 1060 779 Hymuum
1101 705 1278 761 Gloria
1315 707 1370 759 in
1405 705 1618 760 excelsis
1673 703 1742 760 ab
1779 702 1872 758 illo
1973 704 2120 776 quod
2149 705 2201 760 in
2231 721 2364 762 usus
2388 722 2515 762 suos
2544 707 2616 764 ita
2644 709 3126 770 accomtnodarnnt
3148 711 3372 788 singulae
3402 717 3580 772 eccle-

259 809 478 856 auctum
521 807 578 856 et
605 808 1033 856 consummatum
1065 813 1190 856 esse
1219 797 1437 854 tradunt
1465 796 1726 852 Alcuinns
1755 796 1873 853 vul-
1973 798 2069 854 sia:
2088 839 2105 866 ,
2137 805 2196 853 ut
2225 799 2310 854 vix
2341 814 2503 854 unum
2536 800 2777 872 reperias
2805 801 3106 874 exemplar,
3137 805 3278 876 quod
3318 804 3582 878 Gregorio

257 903 414 965 gatns
442 894 534 950 lib.
569 894 637 950 de
664 894 776 950 div.
807 893 910 951 Off.
942 909 993 951 c.
1025 893 1119 960 40,
1154 893 1428 965 Remigius
1456 893 1655 950 Autiss.
1692 892 1783 949 lib.
1819 910 1870 968 ι,
1975 890 2285 947 adscribere
2317 907 2386 948 ex
2411 891 2588 948 solido
2617 893 2817 949 valeas.

256 985 327 1044 de
365 987 569 1046 celebr.
603 987 814 1056 Missa,
849 988 1002 1059 l‘lugo
1032 988 1169 1044 Vict.
1204 988 1300 1044 lib.
1351 1003 1392 1044 tt
1431 987 1500 1046 de
1536 986 1780 1044 Sacram.
1814 1004 1868 1060 p.
2041 984 2132 1040 24.
2177 984 2446 1056 Epistolas
2484 984 2674 1042 Hilarii
2721 986 2774 1042 in
2823 1003 2988 1044 unum
3028 988 3298 1060 quoddam
3331 991 3582 1050 volumen

256 1080 314 1149 9,
346 1097 396 1138 c.
427 1081 484 1148 9,
512 1092 568 1140 et
595 1082 864 1140 Honorius
901 1082 1275 1155 Augustodun.
1321 1083 1417 1142 lib.
1458 1100 1507 1152 ι,
1547 1083 1617 1142 de
1654 1098 1871 1156 gemma
1969 1076 2224 1134 collecuts
2262 1076 2426 1134 fuisse
2465 1088 2658 1134 sonant
2698 1080 2860 1134 verba
2903 1080 3124 1152 Sulpicii
3170 1081 3394 1150 Severi,
3440 1084 3574 1142 dum

255 1179 476 1246 animai,
509 1195 558 1236 c.
594 1180 687 1245 87,
719 1181 878 1251 idque
903 1195 934 1234 a
961 1180 1202 1250 pluribus
1229 1181 1304 1238 ita
1339 1179 1632 1238 existimari
1674 1179 1868 1238 fatetur
1970 1174 2064 1230 lib.
2117 1191 2161 1230 ιι
2195 1174 2379 1230 Osiutu
2409 1175 2722 1230 centenario
2751 1177 3010 1248 majorem
3053 1179 3261 1250 lapsum
3303 1193 3426 1236 esse
3467 1191 3580 1235 tes-

253 1270 619 1338 Innocentius,
649 1271 718 1330 ltl
755 1272 850 1332 lib.
884 1288 922 1332 tt
963 1282 1128 1344 myst.
1158 1273 1334 1332 Missae
1382 1289 1431 1332 c.
1487 1273 1582 1340 20,
1621 1273 1865 1346 quamvis
1969 1277 2109 1324 tatus
2131 1310 2146 1335 ,
2187 1267 2438 1338 subjicit,
2471 1277 2523 1322 ut
2553 1279 2760 1324 sanctus
2791 1267 3026 1325 Hilarius
3057 1271 3108 1324 in
3138 1271 3364 1342 epistolis
3391 1277 3572 1344 refert.

254 1365 374 1436 ipse
403 1364 738 1435 Telesphuro
767 1365 907 1424 hanc
934 1366 1160 1436 gloriam
1191 1365 1406 1424 tribuat.
1453 1367 1524 1422 Et
1560 1367 1778 1438 quidem
1809 1376 1867 1424 ut
1966 1361 2233 1417 Nonnulla
2261 1361 2436 1417 adhuc
2465 1361 2516 1415 in
2543 1362 2812 1438 Operihus
2838 1363 2986 1420 illius
3011 1377 3294 1422 remanent
3320 1369 3572 1440 vestigia,

249 1457 488 1531 hymnus
514 1457 788 1528 angelicus
827 1457 884 1514 in
922 1459 1086 1514 missa
1125 1467 1440 1527 caneretur,
1463 1474 1494 1518 a
1528 1458 1866 1530 Telesphore
1963 1470 2032 1514 ex
2061 1455 2254 1527 quibus
2285 1453 2696 1524 deprehendere
2721 1463 2805 1511 est
2834 1456 3074 1526 quando,
3103 1458 3169 1513 ad
3193 1474 3350 1530 quos,
3381 1461 3578 1532 quibus

251 1551 400 1622 Papa
425 1550 726 1608 institutum
751 1564 873 1608 esse
899 1550 1233 1621 scripserunt
1259 1552 1573 1608 Anastasius
1598 1552 1862 1608 Blblioth.
1965 1548 2032 1605 de
2063 1548 2226 1604 rebus
2251 1549 2546 1620 scripserit.
2578 1548 2679 1618 Qui
2710 1549 2858 1604 illum
2887 1549 3090 1608 decreti
3115 1567 3257 1609 anno
3312 1555 3418 1611 555
3444 1556 3562 1611 edit.

244 1643 303 1701 in
335 1643 452 1714 ejus
486 1644 592 1698 vita
611 1683 629 1716 ,
661 1642 964 1700 Valafridus
995 1643 1191 1700 Strabo
1217 1642 1287 1700 de
1313 1644 1496 1702 Rebus
1522 1645 1659 1700 eccl.
1687 1660 1740 1702 c.
1767 1643 1864 1715 22,

245 1741 554 1800 Amalarius
583 1741 945 1808 Fortunatus,
977 1740 1072 1800 lib.
1118 1757 1177 1796 ιιι
1217 1741 1288 1797 de
1337 1739 1440 1802 ΟΠ.
1486 1741 1648 1805 eccl.,
1693 1756 1748 1800 c.
1795 1743 1850 1810 8,

1963 1653 2242 1700 auctorem
2285 1657 2408 1698 esse
2452 1643 2820 1710 concesserit,
2865 1658 2974 1714 quo
3012 1660 3071 1700 se
3113 1659 3235 1700 eum
3282 1646 3574 1702 Gallicanis

1963 1736 2238 1808 episcopis
2280 1752 2312 1792 a
2357 1737 2665 1805 Saturnini,
2710 1735 2920 1795 Ursacii
2961 1748 3018 1796 et
3058 1738 3296 1796 Valentis
3333 1756 3578 1797 commu-

244 1843 302 1891 et
349 1835 596 1906 vulgatus
633 1834 898 1894 Alcuinus
932 1832 1002 1890 de
1044 1832 1156 1888 div.
1198 1831 1300 1888 Oli.
1351 1848 1401 1889 c.
1453 1831 1541 1890 39.
1585 1833 1690 1888 Sed
1733 1849 1856 1888 cum
1887 1827 1934 1890 B
1965 1829 2126 1885 niene
2150 1831 2457 1900 separavit,
2488 1831 2566 1886 uti
2596 1831 2689 1888 lib.
2725 1832 2778 1885 in
2807 1832 3186 1890 Constantium
3221 1834 3279 1890 n°
3312 1835 3346 1890 2
3401 1836 3580 1892 decla-

252 1929 684 1998 jirmcedentibus
728 1929 934 2001 absque
973 1927 1189 1998 negotio
1220 1941 1287 1982 ea
1340 1928 1554 1983 ratione
1581 1926 1858 1982 conciliari

245 2030 474 2094 queunt,
517 2031 576 2078 ut
605 2020 970 2092 Telesphorus
998 2020 1215 2092 quidem
1246 2021 1408 2076 verba
1439 2019 1772 2092 Angelorum
1806 2020 1858 2074 in

239 2117 410 2172 missa
448 2115 567 2172 cani
607 2115 934 2181 instituerit;
972 2113 1244 2186 quomodo
1283 2129 1342 2170 re
1381 2131 1504 2170 vera
1540 2114 1592 2169 in
1620 2113 1860 2186 Liturgia

240 2207 308 2264 S.
342 2207 526 2264 Jacobi
559 2218 640 2262 ter
669 2207 953 2274 dicuntur;
986 2207 1079 2263 sed
1111 2207 1318 2278 reliqua
1343 2218 1620 2264 auctorem
1650 2205 1853 2264 habue-

237 2302 360 2360 rint
386 2303 668 2364 Hilarium.
693 2303 884 2374 Neque
900 2312 1086 2360 eontra
1112 2303 1344 2373 priorem
1368 2302 1676 2372 opinionem
1704 2301 1858 2374 quid-

235 2411 408 2468 quam
435 2395 742 2459 coniicitur,
774 2404 832 2450 ut
852 2411 916 2450 ex
947 2394 1088 2452 libro
1113 2393 1396 2452 Athanasii
1422 2395 1492 2448 de
1517 2394 1857 2464 Vii'ginitate,

233 2488 302 2544 in
328 2504 436 2560 quo
462 2487 698 2560 hymnus
722 2486 810 2544 hic
831 2487 1040 2557 integer
1065 2493 1420 2546 memoratur,
1440 2495 1531 2540 aut
1555 2500 1620 2540 ex
1649 2485 1739 2538 lib.
1787 2499 1858 2540 vn

232 2577 479 2640 Constit.
511 2578 700 2650 Apost.
732 2595 784 2636 c.
811 2579 904 2646 47,
928 2578 1020 2634 ubi
1041 2587 1301 2634 exstatex
1327 2576 1508 2634 solido
1532 2576 1858 2646 descriptus.

233 2672 408 2730 Hunc
437 2673 582 2728 enim
607 2681 817 2728 constat
866 2672 1108 2742 pluribus
1135 2669 1480 2742 postmodum
1527 2678 1742 2724 auctum
1772 2683 1858 2724 εει

231 2780 344 2829 se,
377 2765 528 2822 illum
557 2776 740 2822 autem
771 2763 1052 2821 Athanasii
1097 2777 1220 2818 esse
1256 2761 1482 2818 minime
1520 2762 1703 2834 liquet.
1747 2760 1858 2818 Sed

237 2874 428 2929 neque
450 2857 606 2914 adest
630 2859 928 2914 auctoritas
951 2856 1082 2912 satis
1108 2855 1347 2926 antiqua,
1374 2869 1477 2926 qna
1505 2853 1705 2910 Hilario
1729 2869 1854 2908 eum

235 2953 506 3024 hymnum
548 2951 958 3017 adscribamus,
985 2966 1145 3020 quem
1188 2948 1474 3004 concilium
1529 2946 1852 3004 ’l‘oletanum

238 3064 296 3104 tv
319 3085 336 3114 ,
377 3061 500 3103 con.
536 3047 627 3114 15,
661 3043 940 3102 indeﬁnite
969 3044 1132 3102 tradit
1157 3043 1228 3102 ab
1254 3042 1638 3100 ecclesiasticis
1666 3052 1852 3098 aucto-

244 3141 400 3202 ribus
427 3155 550 3198 esse
578 3140 957 3211 compositum.
992 3139 1244 3210 Ejusdem
1271 3137 1492 3210 hymni,
1524 3153 1632 3192 non
1669 3145 1849 3192 autem

1965 1933 2092 1991 rat,
2151 1939 2262 1980 non
2311 1923 2520 1980 inficias
2559 1925 2680 1986 ierit
2723 1925 2970 1980 eumdem
3013 1927 3196 1984 statim
3234 1927 3404 1984 sancti
3447 1943 3576 1982 cou-

1965 2011 2260 2076 fessoribus
2292 2020 2390 2074 hoc
2422 2034 2578 2076 suum
2609 2019 2886 2078 decretum
2914 2020 3250 2092 significasse
3269 2063 3286 2090 ι
3315 2022 3462 2094 quod
3489 2039 3579 2076 cu-

1963 2127 2086 2172 rum
2108 2111 2428 2170 auctoritate
2455 2113 2880 2170 conﬁrmandum
2908 2113 3290 2186 dereliquerat.
3318 2116 3575 2186 Apertius

1963 2206 2062 2262 lib.
2090 2206 2158 2264 dc
2184 2206 2414 2278 Synodis
2473 2207 2528 2267 n°
2562 2209 2588 2264 1
2637 2218 2940 2276 memorat,
2980 2224 3040 2264 sc
3079 2223 3142 2266 ex
3186 2223 3254 2266 eo
3295 2219 3574 2279 tempore,

1963 2314 2072 2370 quo
2101 2301 2154 2356 in
2184 2301 2408 2360 exilium
2436 2301 2624 2370 pulsus
2664 2309 2784 2367 est,
2825 2301 2896 2358 de
2931 2301 3168 2358 diversis
3207 2301 3574 2360 Romanorum

1966 2392 2376 2461 provinciarum
2407 2394 2636 2452 urbibus
2661 2395 2845 2464 plures
2873 2396 3088 2454 misisse
3119 2395 3350 2464 litteras,
3382 2396 3578 2470 quibus

1963 2483 2337 2542 Occidentales
2367 2486 2436 2540 de
2462 2485 2818 2544 Orientalium
2844 2489 3202 2544 ecclesiarum
3224 2497 3396 2556 statu,
3422 2497 3476 2546 ct
3503 2492 3570 2546 dc

1963 2594 2261 2649 progressu
2301 2580 2514 2636 Arianae
2555 2581 2832 2638 haereseos
2871 2582 3134 2638 certitucs
3169 2581 3420 2639 faciebat.
3453 2584 3572 2638 Eis-

1961 2671 2086 2726 dem
2107 2712 2124 2736 ,
2154 2671 2228 2726 uti
2269 2670 2559 2728 concilium
2601 2670 2904 2726 Parisiense
2926 2671 3144 2744 Fragm.
3175 2689 3209 2728 ιι
3229 2715 3248 2740 ,
3277 2674 3335 2728 u°
3364 2676 3396 2730 4
3415 2714 3432 2740 ,
3465 2683 3570 2732 tcs-

1961 2770 2106 2818 tatur
2132 2803 2148 2826 ,
2193 2778 2338 2820 anno
2383 2764 2490 2819 560
2533 2763 2753 2820 ineunte
2795 2765 3092 2830 nuntiavit,
3137 2766 3228 2836 qtti
3268 2765 3571 2823 Orientales

1958 2873 2082 2915 cum
2129 2857 2322 2928 legatis
2370 2858 2616 2914 Arimino
2659 2859 3186 2928 Constantinopolim
3231 2863 3464 2916 reversis
3507 2877 3566 2918 se

1961 2949 2278 3019 gessissent.
2314 2950 2390 3004 Ex
2418 2965 2518 3022 qua
2549 2949 2928 3020 qualicumque
2959 2953 3146 3005 notitia
3174 2950 3419 3006 concludi
3451 2969 3568 3010 nte.-

1956 3041 2062 3098 rito
2091 3049 2304 3112 potest,
2333 3058 2456 3097 eum
2490 3041 2651 3098 toties
2675 3043 2958 3098 catholicis
2991 3045 3306 3116 scripsisse,
3350 3047 3565 3116 quoties

1955 3133 2154 3205 aliquid
2185 3134 2401 3201 accidit,
2430 3133 2574 3206 quod
2605 3143 2662 3190 ut
2693 3136 2949 3190 Ecclesiae
2981 3144 3168 3190 uotum
3199 3119 3364 3205 esset,
3398 3140 3566 3194 inter-

246 3233 519 3298 auctoris,
553 3231 754 3288 mentio
793 3231 1020 3288 habetur
1049 3232 1105 3286 in
1134 3229 1340 3302 Regula
1369 3231 1426 3288 S.
1461 3229 1682 3286 Ctesarii
1709 3229 1845 3286 Are—
1870 3225 1920 3287 C.
1949 3243 2069 3283 esse
2107 3228 2384 3296 jndicarit.
2434 3229 2727 3284 Catholica:
2761 3238 2887 3284 sunt
2915 3230 3059 3284 enim
3093 3239 3147 3286 ct
3177 3231 3461 3286 catholicis
3501 3249 3566 3288 ac

257 3326 350 3384 lat.
386 3342 438 3384 c.
469 3327 564 3382 21.

328 3419 412 3476 22.
440 3420 516 3476 De
543 3430 765 3478 auctore
788 3419 972 3492 hymni
1002 3417 1073 3474 Te
1097 3417 1261 3474 Deum
1287 3433 1393 3476 non
1421 3418 1600 3476 minus
1623 3418 1851 3475 diversae

253 3524 372 3571 sunt
413 3504 716 3572 sententiae.
759 3514 860 3582 Qui
903 3514 1052 3570 illum
1092 3513 1161 3570 ab
1185 3514 1365 3582 aliquo
1396 3512 1454 3570 S.
1487 3511 1549 3568 Ρ.
1578 3511 1644 3568 Ν.
1682 3512 1852 3568 Bene-

249 3605 380 3664 dicti
407 3605 676 3677 discipulo
698 3607 1054 3676 compositura
1083 3605 1444 3672 existimavit,
1477 3606 1598 3676 quia
1629 3607 1680 3660 in
1712 3605 1853 3662 illius

249 3697 448 3770 Regula
475 3715 525 3756 c.
555 3701 610 3767 9,
636 3709 961 3772 princeptum
976 3709 1059 3754 est
1085 3708 1143 3753 ut
1171 3699 1392 3768 singulis
1421 3698 1714 3754 Dominicis
1728 3713 1854 3754 cau-

247 3800 412 3859 tetur,
445 3790 711 3848 refutatur
737 3808 804 3848 ex
833 3791 1053 3848 Caesarii
1086 3791 1376 3848 Benedicto
1405 3791 1649 3862 aequalis,
1691 3791 1854 3846 immo

249 3886 418 3941 etiam
447 3886 606 3956 paulo
634 3885 966 3956 superioris,
998 3883 1235 3956 Regula,
1279 3884 1331 3940 in
1371 3900 1476 3956 qua
1517 3883 1658 3940 idem
1701 3882 1854 3954 hym-

247 3993 354 4034 nns
379 3993 501 4049 cap.
534 3979 629 4047 21,
659 3987 1008 4035 memoratur.
1057 3978 1187 4047 Qua:
1217 3987 1396 4032 autem
1427 3977 1770 4034 Ambros-ium
1800 3990 1857 4037 et

247 4075 896 4145 Augustinum‘auctorcs
935 4073 1079 4128 illius
1124 4071 1254 4127 facit
1292 4073 1432 4144 vulgi
1475 4073 1690 4142 opinio,
1736 4072 1854 4128 solo

248 4170 442 4224 nititur
471 4166 854 4240 pseudo-Dacii
881 4163 1151 4222 Chronico
1178 4165 1272 4220 lib.
1303 4180 1354 4230 t,
1385 4179 1435 4220 c.
1471 4165 1556 4220 10.
1590 4163 1853 4220 Eumdem

246 4266 304 4321 in
335 4279 441 4320 ms.
473 4272 600 4320 ante
627 4276 800 4318 annos
828 4261 956 4328 400,
987 4267 1209 4318 exarato
1238 4258 1470 4314 vidimus
1501 4258 1589 4313 uni
1620 4257 1856 4313 Ambro-

246 4358 329 4415 sio
357 4356 728 4426 adscriptnm,
758 4352 1053 4425 Smaragdo
1080 4351 1136 4406 in
1163 4351 1419 4423 Regulam
1447 4349 1652 4406 Bcned.
1707 4363 1758 4405 c.
1792 4349 1850 4406 11

246 4451 582 4523 suifragante
601 4491 616 4517 ,
651 4449 741 4506 ubi
771 4448 1030 4520 hymnum
1059 4463 1183 4503 eum
1225 4453 1382 4502 vocat
1412 4443 1852 4502 Ambrosianum.

247 4547 319 4600 At
348 4543 506 4602 Abba
547 4541 910 4599 Floriacensis
951 4539 1180 4612 epistola
1222 4538 1276 4594 in
1319 4553 1423 4595 ms.
1457 4538 1734 4594 Pithaeano
1765 4554 1854 4596 re-

1958 3325 2086 3376 totis
2120 3321 2420 3389 Ecclesiis,
2462 3337 2566 3376 non
2608 3324 2828 3392 privatis
2869 3324 3116 3394 personis
3146 3325 3416 3394 inscriptae
3449 3325 3562 3395 ple~

1956 3430 2142 3484 neque
2174 3414 2360 3470 Hilarii
2385 3415 2652 3486 epistol-.12.
2681 3415 2873 3472 Libros
2897 3416 3114 3490 quidem
3141 3418 3409 3490 appellare
3440 3418 3552 3487 plac

1955 3509 2069 3564 cuit
2098 3509 2240 3563 illius
2269 3525 2390 3564 cum
2421 3509 2490 3566 de
2524 3509 2755 3580 Synodis
2786 3523 2850 3564 ac
2882 3509 2985 3564 tide
3019 3509 3406 3572 Orientalium,
3443 3517 3556 3564 tum

1955 3610 2145 3658 contra
2173 3603 2564 3670 Constantium,
2591 3618 2691 3658 nec
2719 3619 2824 3656 non
2853 3610 3038 3660 contra
3063 3603 3389 3659 Auxentium
3420 3604 3559 3674 Ope-

1959 3706 2057 3760 ra;
2100 3693 2196 3750 sed
2247 3697 2461 3766 proprie
2501 3702 2680 3752 tamen
2723 3696 2966 3766 cpistola:
3008 3703 3138 3752 sunt
3179 3695 3244 3752 ad
3287 3695 3563 3752 Ecclesias

1957 3788 2161 3844 missae.
2191 3787 2266 3844 ita
2295 3796 2350 3843 et
2378 3803 2502 3844 cum
2532 3788 2775 3844 diversas
2803 3788 2874 3844 de
2901 3789 3130 3846 diversis
3163 3789 3558 3860 provinciarum

1957 3881 2326 3938 Romanarum
2360 3883 2604 3956 partibus
2630 3899 2692 3940 se
2717 3881 3001 3956 scripsisse
3030 3883 3210 3949 dicat;
3243 3885 3443 3940 nullius
3483 3893 3563 3940 ta-

1962 3993 2084 4032 men
2114 3977 2270 4032 audis
2302 3994 2498 4033 nomen
2529 3978 2771 4050 episcopi
2790 4019 2808 4044 ,
2837 3977 2904 4033 ad
2935 3994 3100 4052 quem
3133 3977 3382 4048 privatim
3412 3978 3558 4036 litte-

1958 4084 2046 4124 ras
2067 4084 2198 4125 suas
2218 4069 2445 4126 miserit.
2473 4071 2670 4126 Totum
2697 4086 2912 4144 queque
2929 4072 3218 4127 concilium
3233 4070 3560 4136 Parisiense,

1958 4161 2066 4216 noii
2095 4161 2381 4232 singularis
2409 4164 2726 4234 episcopus,
2759 4163 2864 4218 sibi
2891 4163 2960 4216 ab
2986 4163 3081 4218 illo
3109 4163 3411 4216 nuntiatum
3440 4177 3472 4220 e
3503 4177 3563 4220 sc

1959 4253 2250 4321 rescribit,
2279 4255 2405 4326 quid
2446 4271 2567 4312 cum
2606 4255 2967 4313 Orientalibus
3005 4262 3274 4325 ageretur.
3323 4254 3439 4312 Non
3479 4264 3563 4314 cst

1959 4353 2139 4399 tamen
2163 4345 2466 4416 negandum
2494 4348 2636 4419 quod
2659 4348 2905 4419 superius
2932 4347 3001 4402 ab
3033 4347 3359 4422 Hieronymo
3389 4347 3560 4406 audii-

1959 4452 2117 4504 mus,
2157 4455 2280 4494 eum
2325 4439 2487 4494 etiam
2539 4439 2603 4496 ad
2647 4440 2893 4496 diversos
2939 4440 3242 4512 scripsisse.
3296 4436 3363 4497 Et
3409 4451 3562 4502 certe

1958 4531 2084 4587 libri
2126 4531 2192 4588 de
2238 4531 2471 4606 Synodis
2513 4534 2864 4606 Apologiam,
2909 4551 2940 4591 c
2979 4550 3112 4592 mss.
3157 4551 3298 4592 nunc
3327 4537 3556 4610 primum

247 4637 376 4694 licta
395 4677 414 4706 ,
443 4638 496 4694 in
521 4652 627 4709 qua
657 4634 944 4693 nonnullas
969 4634 1206 4706 explicat
1229 4633 1592 4704 grammatica:
1619 4632 1854 4704 regulas,
1881 4619 1936 4681 D
1960 4634 2168 4682 erutam
2188 4669 2203 4690 ,
2235 4641 2340 4682 non
2367 4627 2488 4683 sine
2512 4627 2740 4698 epistola
2767 4626 2835 4682 ad
2863 4626 3166 4684 Luciferum
3197 4627 3559 4688 Calai-itanum

247 4750 368 4791 rem
391 4732 559 4789 veluti
587 4739 767 4787 notam
793 4741 848 4786 et
870 4735 1206 4785 constantem
1231 4727 1386 4800 ponit
1409 4725 1550 4783 illius
1577 4735 1851 4797 parentem

247 4844 372 4886 esse
417 4803 677 4886 Hilarium
727 4831 996 4880 nostrum.
1044 4821 1114 4877 In
1161 4821 1257 4876 Dei
1301 4820 1602 4892 palinodia,
1646 4821 1852 4894 inquit,

246 4936 408 4992 autem
441 4918 728 4989 composuit
769 4916 1006 4972 Hilarius
1057 4913 1372 4970 Pictavensis
1394 4915 1695 4986 episcOpus,
1751 4931 1854 4970 non

249 5018 400 5084 iusta
417 5014 758 5088 quorumdam
779 5013 1132 5082 imperitorum
1157 5026 1382 5066 errorem
1407 5024 1706 5066 suscsrts'rt
1727 5051 1740 5074 ,
1764 5011 1853 5066 sed

248 5111 422 5183 potius
452 5121 820 5166 suscensens
836 5105 1141 5175 legendum;
1164 5103 1241 5160 Tu
1276 5119 1346 5164 sn
1373 5119 1710 5162 unctitabant
1737 5118 1856 5162 sus-

247 5216 530 5262 CIP'I'URUS
555 5215 796 5258 ΠΟΙΙΒΕΙ
815 5241 832 5269 ,
863 5207 970 5255 etc.

323 5296 420 5352 25.
455 5296 532 5354 Ex
568 5293 706 5352 libro
728 5289 1108 5366 Mysteriorum
1130 5288 1266 5362 nihil
1296 5288 1453 5344 nobis
1477 5297 1728 5359 superest
1753 5289 1856 5345 nisi

249 5390 444 5448 titulus
473 5389 541 5444 ab
568 5387 900 5458 Hieronymo
927 5383 1216 5440 indicatus.
1249 5383 1581 5452 Quamquam
1614 5383 1758 5454 quod
1789 5382 1858 5438 de

249 5484 472 5558 hymnis
500 5481 764 5547 diximus,
795 5478 850 5535 id
878 5477 949 5534 de
978 5478 1082 5532 hoc
1111 5477 1251 5533 libro
1279 5492 1434 5548 aeque
1462 5476 1769 5547 conjectare
1795 5477 1861 5532 li-

249 5586 372 5644 cet,
402 5591 526 5632 eum
567 5572 772 5630 Officiis
809 5569 1194 5628 ecclesiasticis
1233 5569 1536 5625 immixtum
1573 5583 1716 5626 esse.
1748 5567 1862 5626 Usu

252 5669 404 5727 enim
431 5667 610 5733 venit,
646 5673 706 5722 ut
731 5680 852 5721 cum
896 5665 950 5719 in
979 5662 1097 5720 dies
1134 5673 1430 5734 augeantur
1467 5662 1864 5718 ecclesiastico-

255 5777 378 5822 I'um
426 5763 729 5836 officiorum
769 5759 1030 5818 solemnia
1053 5799 1069 5827 ,
1099 5759 1244 5814 illius
1272 5774 1467 5814 nomen
1497 5757 1587 5813 diu
1628 5758 1867 5814 retinere

1960 4721 2180 4776 missam
2211 4735 2333 4777 esse
2364 4721 2642 4792 probabile
2675 4729 2778 4778 cst.
2810 4719 2921 4776 Nisi
2953 4720 3093 4778 forte
3121 4722 3174 4776 in
3205 4735 3268 4777 ea
3301 4721 3559 4793 figuratus

1957 4817 2030 4872 sit
2072 4831 2253 4873 sermo
2299 4816 2470 4874 semel
2513 4824 2677 4888 atque
2721 4817 2912 4872 iterum
2949 4816 3032 4881 {ad
3079 4815 3385 4874 Luciferum
3433 4833 3564 4874 cou-

1957 4925 2168 4966 VCI‘SUS.

2027 5001 2118 5056 25.
2157 5001 2249 5056 His
2275 5000 2528 5056 omnibus
2565 5001 2821 5072 operibus
2849 5001 3179 5058 celebriores
3209 5009 3336 5058 sunt
3362 5011 3564 5060 tracta~

1965 5105 2052 5152 tus
2079 5096 2134 5150 in
2160 5093 2284 5156 Joh,
2316 5095 2604 5166 Augustini
2629 5105 2682 5150 et
2711 5095 3022 5168 Hieronymi
3053 5096 3376 5152 testimoniis
3405 5098 3565 5154 toties

1964 5188 2352 5246 commendati.
2401 5189 2529 5244 lllos
2569 5188 2839 5244 desiderio
2879 5188 3308 5258 conquisivinius
3350 5205 3416 5248 eo
3457 5205 3571 5248 ma-

1962 5284 2094 5356 jori.
2119 5299 2226 5356 quo
2259 5282 2465 5340 facilius
2503 5294 2584 5340 est
2615 5298 2800 5339 eorum
2831 5283 3115 5340 veritatem
3142 5283 3229 5340 vel
3264 5301 3328 5340 ex
3359 5288 3568 5356 Augus-

1967 5379 2063 5434 tini
2084 5379 2202 5434 loco
2226 5377 2319 5434 lib.
2350 5395 2384 5434 ιι
2423 5389 2610 5434 contra
2639 5377 2840 5436 Julian.
2872 5393 2922 5434 c.
2954 5379 3318 5452 8dijndicare.
3355 5380 3436 5436 Ex
3467 5379 3570 5436 hac

1968 5491 2072 5532 una
2101 5484 2226 5532 nota
2252 5475 2574 5548 rcprobatnr
2602 5489 2790 5532 eorum
2822 5475 3010 5548 opinio
3033 5517 3048 5540 ,
3075 5491 3210 5548 quos
3241 5474 3568 5532 Possevimts

1968 5569 2024 5625 in
2048 5569 2327 5640 Apparatu
2348 5583 2508 5623 sacro
2539 5567 2604 5622 ad
2637 5567 2857 5624 verbum
2903 5567 3142 5624 Hilarius
3181 5569 3435 5623 observat
3471 5568 3571 5626 du-

1973 5663 2196 5728 bitasse,
2233 5679 2360 5718 num
2389 5661 2534 5718 illius
2563 5663 2671 5717 sint
2701 5675 2808 5718 tres
2837 5663 2960 5737 libri
2997 5666 3047 5718 in
3076 5662 3178 5719 Job
3204 5663 3342 5736 apud
3381 5662 3570 5737 Orige-

1973 5772 2098 5814 nem
2126 5755 2323 5827 vulgati
2352 5771 2474 5811 cum
2501 5755 2816 5827 praefatione
2839 5756 2996 5826 cujus
3037 5757 3249 5814 initium
3276 5757 3573 5816 Peritorum

264 5864 578 5934 nequeant,
605 5871 636 5914 a
665 5870 774 5930 quo
801 5851 1050 5918 ordinata
1090 5851 1236 5924 sint;
1281 5850 1380 5910 sed
1416 5849 1708 5922 Ecclesiae,
1747 5864 1869 5926 qua}
1975 5866 2085 5907 mos
2111 5859 2185 5907 est
2214 5848 2547 5906 medicorum.
2574 5850 2832 5918 Quamvis
2860 5851 3003 5907 enim
3040 5848 3096 5908 in
3125 5867 3228 5910 ins.
3255 5852 3568 5912 monasterii
