3896 6336
26 312 123 368 757

1011 383 1017 394 η
1094 314 1508 374 TRACTATUS
1536 315 1604 372 IN
1642 314 1858 378 CXXXI
1897 321 2246 382 PSALMUM.

3205 326 3312 387 738

25 441 137 481 mus
167 425 367 482 dictum
394 442 408 482 :
437 427 595 482 Multi
620 428 881 502 prapheta:
915 437 963 485 et
995 429 1124 499 iusti
1144 434 1413 502 cupierunt
1441 433 1612 488 videre
1638 437 1688 498 Α
1715 436 1792 490 vit
1823 437 1980 493 Pater
2006 439 2185 511 (Joan.
2221 455 2291 504 vt,
2321 437 2414 509 27)
2442 438 2460 512 ]
2489 437 2541 494 in
2571 438 2812 511 requiem
2842 449 3140 513 exsurgat,
3173 441 3312 499 Pro-

23 535 131 589 qua:
159 535 243 573 vos
263 519 463 586 videtis,
485 531 535 576 et
561 523 741 577 audire
765 539 880 592 qua:
901 524 1318 595 auditis(Matth.
1341 543 1459 594 χιιι,
1487 526 1608 598 17);

24 622 233 668 sanctus
256 612 524 683 Propheta
556 614 809 671 desiderii
831 616 990 687 hujus
1019 618 1304 688 impatiens
1331 629 1436 676 est.
1484 618 1615 674 Post

25 721 174 776 quam
198 705 340 760 enim
365 707 604 778 requiem
638 707 732 763 Dei
759 709 960 764 audivit
987 719 1042 766 et
1062 712 1286 781 reperit,
1312 721 1433 782 post
1453 726 1612 782 quam

27 798 363 854 introiturum
407 814 466 855 se
509 799 964 874 adoraturumque
990 803 1248 870 credidit;
1293 805 1407 874 spei
1453 811 1614 859 tantae

28 891 135 944 ﬁeri
166 889 277 961 jam
321 891 588 962 particeps
641 892 963 964 deprecatur
988 935 1004 960 ,
1061 894 1276 961 dicens,
1331 895 1496 951 Vens.
1529 893 1564 950 8
1597 912 1610 948 :

28 981 279 1054 Exsurge,
305 980 540 1050 Domine,
574 985 626 1038 in
658 987 879 1056 requiem
904 995 1060 1055 tuam,
1087 1003 1244 1059 quam
1274 998 1614 1058 reperturum

31 1089 86 1130 se
114 1073 277 1129 David
305 1083 426 1129 tuus
453 1077 618 1144 vovit,
645 1093 806 1148 quam
830 1093 928 1134 nos
954 1079 1006 1132 in
1030 1079 1264 1148 Ephrata
1288 1079 1612 1149 audivimus,

30 1182 179 1237 quam
211 1167 261 1222 in
289 1170 497 1238 campis
523 1169 690 1242 sylva:
718 1170 1020 1226 invenimus
1043 1214 1058 1236 ,
1106 1171 1159 1226 in
1191 1172 1344 1243 cujus
1369 1172 1616 1228 taberna—

31 1262 140 1317 cula
166 1261 511 1318 introibimus
534 1304 551 1331 ,
583 1263 858 1320 adoraturi
886 1265 996 1321 illic
1031 1267 1117 1322 ubi
1149 1267 1314 1338 pedes
1342 1267 1418 1322 tui
1447 1277 1616 1324 stete-

31 1364 167 1412 runt.
219 1356 466 1428 Exsurge
494 1357 656 1428 igitur
681 1359 732 1414 in
766 1375 884 1415 eam
921 1364 1162 1432 requiem
1187 1404 1202 1429 ,
1232 1378 1352 1432 qua:
1381 1364 1492 1419 voti
1534 1379 1620 1419 sa-

32 1460 297 1505 cramento
339 1453 564 1521 quaesita
611 1461 735 1518 est,
781 1469 903 1524 qua:
954 1455 1253 1525 prophetia:
1301 1456 1523 1512 scientia
1565 1457 1617 1511 in

32 1543 142 1599 loco
169 1542 346 1598 audita
373 1555 488 1611 est,
527 1561 646 1616 qua:
676 1545 752 1616 (a)
785 1548 1020 1617 gentium
1049 1549 1195 1603 cultu
1229 1548 1486 1619 frugifero
1527 1564 1618 1605 re-

31 1647 172 1710 perta
198 1646 282 1695 est
304 1681 318 1706 ,
351 1639 516 1712 510
535 1656 653 1711 qua:
681 1641 760 1711 (1)
797 1641 1193 1699 introeuntibus
1214 1642 1622 1713 frcqucntabilis

32 1741 128 1796 est,
157 1747 275 1803 qua:
299 1731 421 1787 loco
449 1733 849 1789 iudemulabilis
871 1744 973 1804 est,
996 1751 1114 1806 quae
1134 1735 1472 1791 adorantium
1496 1737 1622 1792 reli-

33 1825 180 1895 gione
212 1826 541 1882 venerabilis
570 1836 671 1882 cst.

101 1917 186 1972 16.
220 1918 360 1972 Area
391 1920 813 1987 sanctiﬁcationis
829 1963 848 1992 _,
882 1921 1137 1979 Christus.
1166 1955 1237 1966 -—-
1267 1922 1373 1979 Sed
1401 1938 1506 1979 non
1537 1938 1626 1980 so-

35 2010 134 2065 lum
163 2020 234 2077 tu,
268 2011 516 2079 Domine,
549 2029 777 2086 exsurge
806 2016 857 2070 in
886 2017 1129 2086 requiem
1167 2027 1338 2084 tuam,
1371 2021 1464 2074 sed
1497 2029 1543 2074 et
1570 2031 1626 2075 tu

37 2113 79 2159 et
105 2121 220 2159 arca
248 2107 670 2175 sanctiﬁcationis
697 2117 813 2164 tute.
844 2109 958 2165 Non
988 2126 1112 2166 arca
1155 2114 1489 2179 testamenti,
1519 2129 1624 2169 non

41 2212 155 2253 arca
177 2198 329 2270 legis,
351 2200 448 2256 sed
461 2217 583 2255 arca
603 2203 1018 2272 sanctiﬁcationis
1041 2214 1160 2260 tute.
1178 2205 1248 2260 Et
1271 2205 1486 2276 quidem
1507 2223 1627 2264 esse

40 2301 208 2344 arcam
247 2293 554 2355 testamenti
588 2295 955 2362 meminimus,
982 2296 1128 2352 intus
1152 2313 1215 2354 ac
1234 2298 1362 2353 foris
1382 2314 1625 2368 auream,

44 2383 123 2438 ubi
152 2385 347 2441 tabqu
376 2386 609 2458 lapidum
641 2430 656 2451 ,
709 2389 797 2443 ubi
824 2399 1024 2444 sancta:
1066 2390 1258 2446 littera:
1282 2433 1298 2458 ,
1353 2391 1443 2447 ubi
1491 2393 1630 2450 liber

40 2478 386 2548 Testamenti,
419 2483 512 2537 ubi
535 2498 724 2554 gomor
743 2499 974 2539 mannze.
1002 2485 1108 2540 Sed
1141 2486 1257 2541 haec
1281 2487 1459 2541 omnia
1488 2489 1627 2558 ejus,

39 2575 172 2645 quod
209 2577 469 2632 Dominus
491 2577 801 2646 assumpsit,
834 2580 1077 2649 corporis
1105 2579 1316 2649 species
1339 2589 1438 2647 est,
1470 2597 1632 2638 omne

41 2667 90 2722 in
118 2682 173 2724 se
198 2677 598 2724 sacramentum
630 2670 911 2724 etmtinens
937 2671 1089 2741 legis.
1141 2672 1220 2742 (ὁ)
1249 2671 1399 2728 Nunc
1437 2682 1490 2728 et
1520 2673 1634 2728 dei-

44 2763 156 2816 latis
185 2762 376 2835 spiritu
406 2772 460 2818 et
485 2764 690 2834 origine
712 2766 892 2818 carnis
914 2763 992 2837 (ε)
1013 2765 1242 2833 υιιὶιιιιιι,
1262 2765 1406 2822 intus
1422 2767 1632 2822 scilicet

44 2867 100 2908 ac
130 2853 252 2909 foris
281 2869 509 2911 aureum
534 2865 618 2910 est
642 2872 654 2919 ;
689 2864 772 2909 est
799 2858 942 2911 enim
978 2857 1236 2913 Dominus
1265 2867 1450 2915 noster
1475 2859 1634 2916 Jcsus

41 2949 278 3004 Christus
309 2949 363 3004 in
395 2949 564 3018 gloria
597 2949 691 3005 Dei
722 2951 909 3019 patris.
961 2949 1041 3021 (ά)
1085 2950 1276 3006 Manna
1312 2952 1360 3006 in
1401 2967 1462 3008 se
1503 2968 1632 3008 eon-

44 3042 215 3098 tincns
237 3052 540 3107 teternum;
587 3041 705 3112 ipse
731 3045 874 3098 enim
921 3044 1080 3114 panis
1108 3054 1192 3100 est
1216 3044 1389 3100 vivus.
1441 3046 1632 3102 Testa-

46 3139 205 3194 menti
236 3139 377 3193 intra
420 3152 480 3194 se
529 3137 738 3192 tabulas
783 3146 837 3191 et
877 3137 1013 3208 legis
1041 3138 1235 3193 librum
1267 3155 1630 3207 conservans;

1717 527 1880 599 pheta
1921 539 2055 585 orat.
2085 529 2357 588 Cteterum
2387 547 2514 587 arca
2546 531 2637 587 illa
2672 542 2883 588 terrena
2912 541 2968 588 et
3000 533 3314 605 frequenter

1715 630 1770 676 et
1793 622 1863 677 ab
1891 622 2182 695 allophylis
2211 634 2366 696 capta
2395 633 2479 681 est
2505 666 2518 690 ,
2564 633 2621 680 et
2645 625 2850 696 polluta
2881 637 2908 678 a
2937 625 3159 696 regibus
3190 645 3203 682 :
3256 635 3314 683 et

1715 713 1879 770 hodie
1901 716 2102 786 templo
2128 728 2291 789 atque
2320 719 2455 775 urbe
2485 717 2744 775 subversa
2768 719 2882 790 jam
2911 719 3058 776 nulla
3089 729 3191 776 est.
3242 719 3313 776 Et

1715 805 1996 863 videamus
2023 807 2150 879 quid
2173 811 2434 881 sequitur.

1789 899 1878 954 17.
1929 897 2032 954 Cur
2072 899 2260 957 sanctis
2299 903 2478 958 latitia
2501 945 2515 969 ,
2567 915 2615 960 et
2657 905 3006 961 sacerdotibus
3053 907 3319 964 induenda

1708 992 1940 1064 justitia.
1969 1023 2038 1034 --
2064 993 2232 1049 Vens.
2261 995 2294 1050 9
2325 1004 2381 1052 et
2411 996 2499 1053 10.
2535 999 2628 1054 Ait
2666 999 2811 1055 enim
2845 1017 2859 1054 :
2893 1000 3198 1056 Sacerdotes
3245 1001 3320 1057 tui

1720 1085 2003 1140 induantur
2019 1087 2280 1159 justitiam
2308 1132 2324 1156 ,
2363 1099 2411 1144 et
2440 1092 2605 1146 sancti
2634 1094 2705 1146 tui
2734 1094 2990 1148 laetentur.
3021 1093 3322 1150 Induuntur

1718 1178 1854 1245 Deo,
1884 1188 1960 1244 et,
1989 1195 2114 1236 arca
2144 1183 2587 1241 sanctilicationis
2617 1186 2732 1253 ejus
2765 1187 2818 1240 in
2853 1186 3096 1258 requiem
3138 1202 3323 1243 resur-

1719 1281 1878 1343 gente
1901 1313 1917 1340 ,
1960 1272 2168 1344 justitia
2204 1276 2536 1343 sacerdotes,
2569 1277 2901 1333 validissimo
2939 1289 2996 1334 ut
3032 1279 3323 1348 Apostolus

1721 1369 1796 1423 ait
1827 1369 2088 1434 thorace;
2122 1369 2410 1424 induentes
2437 1370 2711 1427 thoracem
2739 1372 2965 1440 justitire
2998 1372 3214 1446 (Ep/tes.
3242 1388 3321 1440 vt,

1722 1459 1790 1516 14
1811 1464 1832 1532 )
1857 1502 1871 1524 .
1908 1475 2015 1532 quo
2044 1461 2247 1516 inimici
2268 1461 2444 1532 jacula
2474 1465 2776 1534 excipiant,
2806 1479 2912 1535 quo
2940 1462 3008 1537 (Ῑ)
3049 1473 3324 1522 terrenum

1725 1555 1996 1610 hominem
2039 1557 2448 1612 communiant:
2498 1557 2670 1612 sancti
2709 1567 2890 1613 autem
2938 1558 3205 1615 lzetentur.
3256 1560 3326 1615 Et

1723 1646 2002 1704 videamus
2046 1663 2265 1704 causam
2301 1689 2316 1715 ,
2360 1664 2456 1705 cur
2496 1659 2552 1703 et
2589 1649 2897 1706 sacerdotes
2937 1650 3197 1722 justitiam
3241 1651 3326 1706 in-

1724 1742 1932 1808 duant,
1993 1753 2047 1798 et
2125 1744 2296 1798 sancti
2380 1743 2648 1799 laetentur.
2695 1744 2784 1799 Ait
2837 1744 2978 1800 enim
3032 1763 3045 1799 :
3100 1745 3326 1814 Propter

1648 1836 1697 1895 B
1727 1832 1901 1889 David
1951 1851 2149 1890 servum
2204 1845 2350 1889 tuum
2415 1852 2478 1890 ne
2537 1846 2736 1890 avertas
2799 1837 2983 1908 faciem
3015 1837 3204 1894 Christi
3232 1841 3325 1893 tui.

1728 1929 2002 1985 Christum
2029 1929 2094 1985 ad
2139 1929 2358 1985 deitatis
2399 1930 2644 2001 spiritum
2697 1930 2901 1999 retulit,
2951 1931 3116 1986 David
3156 1930 3234 2004 (g)
3259 1931 3329 1986 ad

1731 2025 1975 2095 corporis
1997 2024 2157 2098 5n
2175 2041 2415 2082 carnem.
2436 2024 2686 2082 Formam
2712 2026 2856 2080 enim
2884 2026 3024 2081 servi
3041 2025 3130 2096 qui
3154 2025 3206 2079 in
3237 2024 3331 2080 Dei

1731 2117 1907 2172 forma
1948 2119 2210 2187 manebat.
2230 2119 2458 2188 accepit.
2489 2117 2569 2173 Ne
2592 2118 2753 2189 igitur
2777 2126 2986 2173 avertat
3024 2133 3054 2172 a
3079 2116 3332 2173 sacerdo-

1732 2211 1876 2267 tibus
1901 2221 2064 2281 atque
2093 2212 2295 2266 sanctis
2317 2211 2516 2266 Christi
2544 2212 2755 2277 faciem,
2786 2220 2977 2283 rogat:
3035 2221 3091 2266 ιιι
3116 2225 3211 2266 eos
3252 2209 3334 2265 di-

1732 2301 1973 2357 vinitatis
2000 2317 2114 2358 sum
2141 2303 2329 2372 gloria,
2365 2304 2453 2373 qui
2485 2312 2707 2374 propter
2733 2303 2919 2368 David,
2952 2302 3003 2358 id
3028 2314 3131 2370 est,
3165 2319 3332 2374 prop-

1733 2405 1817 2451 ter
1857 2395 2119 2466 assumpti
2144 2395 2211 2451 ab
2240 2411 2306 2452 eo
2333 2395 2576 2466 corporis
2599 2406 2994 2452 sacramentum
3037 2395 3290 2451 ltetautur
3312 2435 3330 2464 ,

1733 2489 2021 2544 illuminet.

1807 2584 1896 2640 18.
1950 2584 2078 2639 Haec
2114 2583 2184 2639 ad
2230 2584 2450 2639 litteram
2484 2583 2703 2655 intelligi
2747 2591 3020 2655 nequeunt.
3062 2613 3135 2626 --
3165 2581 3335 2642 Vens.

1737 2675 1928 2732 11ο14.
1961 2677 2025 2732 Et
2051 2692 2148 2732 cur
2176 2688 2394 2749 propter
2448 2677 2615 2732 David
2661 2692 2875 2732 servum
2924 2691 3081 2733 suum
3130 2677 3211 2747 (It)
3268 2690 3338 2732 ne

1735 2769 1924 2826 faciem
1957 2767 2155 2824 Christi
2195 2769 2277 2824 sui
2326 2777 2570 2837 avertat,
2616 2768 2852 2824 ostendit
2881 2767 3340 2824 dicens:Juravit

1739 2861 1990 2917 Dominus
2037 2859 2206 2915 David
2249 2862 2508 2916 veritatem
2532 2902 2546 2926 ,
2592 2873 2638 2915 et
2679 2877 2780 2914 non
2825 2859 3157 2932 frustrabitur
3199 2875 3336 2917 eum.

1739 2953 1998 3009 Dominus
2020 2953 2165 3023 jurat
2185 2963 2283 3018 νει
2305 2952 2450 3023 jurat
2478 2951 2788 3016 veritatem,
2833 2960 2888 3007 et
2911 2950 3038 3007 dicti
3069 2951 3150 3006 sui
3180 2951 3340 3006 ﬁdem

1739 3049 1901 3104 etiam
1932 3055 2271 3103 sacramento
2295 3063 2364 3104 ne
2394 3046 2730 3117 ambigamus
2759 3045 3012 3101 afﬁrmat.
3053 3045 3168 3101 Non
3197 3044 3342 3100 frau-

1740 3141 1888 3196 dabit
1943 3141 2102 3210 igitur
2161 3140 2326 3194 David
2374 3157 2528 3196 suum
2571 3141 2800 3196 veritate
2830 3141 3030 3211 jurata.
3089 3138 3159 3194 Et
3213 3138 3342 3212 quid

47 3241 170 3285 sunt
201 3231 345 3287 enim
375 3231 426 3285 in
455 3244 523 3286 eo
549 3229 712 3286 verba
745 3231 889 3284 vitm.
947 3229 1015 3286 Ut
1055 3230 1216 3300 igitur
1244 3248 1365 3288 cum
1412 3235 1640 3290 Domino
1670 3235 1716 3299 C
1747 3233 1797 3288 ei
1848 3232 2142 3303 juraverit,
2184 3234 2402 3304 dignum
2432 3243 2513 3288 cst
2538 3233 2803 3290 contueri.
2858 3232 2938 3288 De
2962 3238 3133 3306 fructu
3155 3233 3346 3290 ventris

49 3323 208 3378 etiam
256 3323 371 3378 haec
414 3320 854 3378 sanctiﬁcationis
892 3337 1013 3377 arca
1041 3321 1152 3395 [(e)
1186 3323 1327 3380 hunc
1355 3327 1497 3380 enim
1532 3327 1636 3382 Do-

52 3418 252 3474 minum
280 3417 578 3474 secundum
611 3416 899 3488 Evangelia
926 3425 980 3472 et
1007 3419 1364 3475 sanctiﬁcavit
1388 3422 1637 3492 etsigna-

119 3581 199 3653 (1)
226 3579 556 3674 Ineunlibus.

112 3725 184 3797 (a)
224 3724 368 3781 Editi
395 3766 408 3790 ,
437 3725 492 3778 in
529 3724 751 3798 gentium
780 3728 949 3798 fructu
975 3725 1267 3797 frugifero:
1311 3724 1644 3798 castigantur

47 3796 265 3872 cx'mss.
310 3812 425 3867 reg.
454 3805 505 3851 et
537 3796 741 3872 Turon.
791 3797 960 3867 llujus
991 3801 1224 3868 scriptor
1265 3796 1523 3872 frugifera
1565 3801 1643 3855 lc-

45 3869 269 3939 gendum
298 3883 424 3924 esse
447 3869 804 3938 coniectabat.

117 3941 192 4013 (b)
220 3941 514 4013 Pronunc,
543 3939 705 3994 habet
735 3939 1057 3996 ms.Turon.
1092 3956 1210 3995 nam
1237 3941 1356 3997 hoc.

115 4011 188 4081 (ἐ)
218 4011 421 4080 Regius
441 4013 610 4066 codex
630 4027 751 4067 cum
775 4013 979 4067 Turon.
1012 4022 1067 4067 et
1087 4015 1339 4082 vulgatis,
1363 4013 1637 4067 munitum.

47 4083 264 4139 Rectius
293 4083 626 4138 illic-incensis
671 4099 735 4138 ac
764 4083 1052 4137 Vaticanus
1077 4125 1092 4149 ,
1121 4087 1354 4138 unitum:
1386 4084 1486 4140 hoc
1516 4095 1596 4140 est
1625 4125 1640 4150 ,

18 4156 315 4210 Christum
343 4155 454 4224 jam
478 4170 641 4210 carne
667 4165 728 4208 ut
754 4153 1034 4210 divinitate
1057 4154 1375 4220 gloriosum,
1411 4157 1554 4209 intus
1579 4171 1643 4211 ac

48 4228 171 4282 foris
196 4241 420 4281 aureum
450 4241 592 4289 esse,
616 4227 737 4280 dum
760 4226 912 4280 homo
939 4236 987 4279 et
1017 4225 1154 4279 Deus
1178 4227 1292 4296 jam
1327 4225 1462 4280 Deus
1484 4235 1643 4280 totum

47 4308 157 4364 est,
188 4308 249 4353 ut
278 4297 515 4367 loquitur
558 4296 788 4352 Hilarius
813 4338 828 4361 ,
888 4297 980 4352 lib.
1016 4312 1068 4350 ιιι
1117 4297 1184 4352 de
1208 4296 1359 4350 Trin.
1392 4338 1408 4362 ,
1463 4314 1515 4350 n.
1551 4298 1640 4352 41.

53 4369 199 4423 Hauc
231 4371 403 4435 ipsius
443 4368 695 4436 loquendi
735 4369 999 4438 rationem
1030 4367 1198 4422 fusius
1222 4367 1349 4423 alibi
1377 4369 1641 4438 explicui-

46 4456 185 4496 mus.
215 4440 521 4496 Observare
547 4439 633 4495 hic
655 4439 907 4506 sufﬁciat,
940 4437 1138 4494 Christi
1166 4455 1384 4508 corpus,
1413 4437 1508 4494 seu
1542 4456 1640 4509 po-

49 4512 150 4567 tius
175 4512 450 4566 Christum
480 4515 654 4580 ipsum
680 4553 696 4578 ,
726 4512 959 4566 humana
989 4510 1278 4581 divinaque
1304 4523 1494 4565 natura
1533 4509 1653 4565 uni-

49 4592 159 4638 tum
190 4593 320 4638 tunc
346 4591 550 4637 tantum
573 4582 642 4637 ab
661 4598 727 4638 εο
753 4582 882 4649 dici,
913 4598 1034 4637 cum
1060 4596 1180 4652 post
1196 4585 1649 4639 resurrectionem

48 4657 277 4726 gloriam
307 4669 466 4724 quam
516 4663 641 4708 ante
688 4656 886 4709 saecula
934 4653 1197 4709 habuerat
1241 4656 1482 4723 recepit:
1530 4655 1654 4726 quia

53 4727 308 4782 nimirum
332 4735 457 4781 ante
480 4726 706 4796 gloriam
735 4726 934 4791 carnis,
965 4725 1182 4780 humilis
1215 4735 1269 4780 et
1293 4726 1517 4797 ingloria
1544 4725 1654 4781 for-

53 4814 139 4854 ma
187 4797 332 4853 servi
364 4801 594 4866 quodam
639 4797 798 4852 modo
837 4797 1129 4852 dissidebat
1158 4811 1187 4850 a
1219 4797 1450 4868 gloriosa
1485 4797 1656 4853 forma

54 4870 184 4927 Dei:
227 4880 391 4940 atque
420 4878 641 4923 eatenus
676 4868 924 4924 Christus
951 4869 1195 4922 amiserat
1224 4879 1422 4924 natura:
1462 4870 1555 4923 Dei
1583 4887 1657 4922 sc-

58 4941 289 4996 cundum
323 4950 642 5009 assumptum
673 4940 928 4994 hominem
952 4941 1199 4994 unitatem
1225 4956 1244 4994 :
1283 4955 1380 4995 nec
1409 4940 1568 4996 rediit
1608 4943 1661 4994 in

62 5023 267 5068 naturce
311 5022 537 5083 paterna:
585 5013 733 5066 etiam
779 5011 1060 5066 secundum
1109 5011 1364 5083 hominem
1420 5013 1663 5066 unitatent

75 5081 456 5139 Verbum—caro
488 5088 700 5153 factum,
733 5084 832 5136 nisi
862 5100 975 5136 cum
1000 5083 1220 5154 gloriam
1258 5081 1408 5154 verbi
1433 5100 1553 5137 caro
1573 5100 1662 5136 as-

63 5155 471 5228 sumptatenuit,
505 5164 554 5208 ul
588 5157 701 5228 ipse
730 5154 1080 5228 explicatlib.
1105 5169 1180 5216 ιιι,
1212 5154 1280 5207 de
1305 5153 1456 5228 Trin.
1489 5171 1543 5208 n.
1569 5154 1659 5209 58.

55 5224 248 5297 Neque
277 5224 640 5282 binc'censeri
666 5225 828 5282 debet
869 5225 1216 5297 abolitionem
1245 5227 1489 5294 corporis
1523 5241 1663 5296 pra:-

57 5295 274 5352 dicasse
299 5339 315 5362 ,
355 5299 508 5368 quasi
531 5297 642 5366 jam
677 5299 730 5351 in
756 5295 1134 5368 Christonihil
1165 5297 1276 5362 sit,
1325 5297 1425 5351 nisi
1471 5311 1660 5351 aurum

58 5366 388 5424 divinitatis.
436 5367 575 5423 Nihil
605 5366 991 5438 quidemaliud
1020 5366 1232 5438 videtur
1259 5381 1381 5423 esse
1401 5410 1414 5432 ,
1462 5369 1554 5422 sed
1587 5377 1663 5421 ta-

59 5456 187 5496 men
231 5440 375 5494 aliud
404 5450 506 5494 est.
540 5437 694 5495 Unde
715 5437 945 5510 Cyrillus
988 5437 1126 5503 apud
1154 5437 1479 5510 Facundum
1531 5439 1667 5510 Her-7

59 5513 260 5577 mian.,
292 5511 387 5566 lib.
417 5527 472 5564 ιιι
497 5552 511 5576 ,
554 5525 602 5564 c.
635 5509 699 5562 7:
749 5509 1041 5564 Ornabatur
1075 5509 1276 5579 quidem
1316 5511 1510 5580 lignum
1552 5509 1668 5563 auri

60 5584 297 5638 decore:
321 5583 410 5637 sed
441 5591 608 5635 tamen
635 5580 829 5650 lignum
863 5596 968 5634 esse
1004 5594 1104 5632 non
1136 5580 1452 5650 desiitalloc
1481 5580 1569 5634 ille
1598 5581 1667 5634 de

61 5669 218 5718 arca,
249 5653 318 5708 de
345 5669 450 5723 qua
480 5649 722 5720 subjicit:
747 5653 896 5719 Quod
929 5665 1048 5723 pero
1074 5666 1194 5723 arca
1218 5649 1499 5723 inAChristi
1526 5651 1664 5723 acci-

61 5720 514 5797 piatqrjmdgine,
544 5722 781 5797 pluribus.
798 5721 961 5791 possit
983 5720 1362 5797 probationibus
1387 5722 1663 5797 declarari.

138 5793 224 5868 (Δ)
252 5795 308 5850 In
340 5790 474 5868 ιιῖεε.
502 5790 739 5868 ιιιαηηαηι
764 5793 818 5846 in
843 5807 895 5868 se
923 5790 1201 5868 continens
1215 5801 1478 5860 teternam,
1508 5791 1668 5868 lectio

64 5860 299 5926 forsitan
327 5864 625 5922 sincerior:
653 5878 754 5935 qua
781 5862 988 5919 ratione
1013 5860 1065 5916 in
1083 5861 1225 5919 Psal.
1247 5878 1468 5935 cxxxtx,
1498 5879 1553 5920 η.
1575 5862 1666 5930 12,

1751 3327 1825 3380 tui
1853 3342 2041 3396 ponant
2077 3342 2230 3396 super
2283 3325 2347 3397 (i)
2392 3326 2560 3381 sedem
2607 3343 2768 3379 meam
2825 3343 2843 3380 :
2897 3327 2958 3382 Si
3011 3326 3347 3381 custodierint

1745 3418 1842 3490 ﬁlii
1867 3419 1942 3474 tui
1981 3427 2332 3474 testamentum
2386 3435 2588 3488 meum,
2634 3429 2681 3474 et
2736 3419 3024 3474 testimonia
3067 3433 3189 3474 ‘mea
3237 3420 3348 3475 hcce

1751 3724 1979 3796 legimus
2004 3723 2244 3796 pascham
2277 3722 2553 3791 pra’veniat
2573 3738 2703 3796 qum.
2749 3722 3083 3792 Quamquam
3117 3722 3169 3779 in
3202 3721 3346 3782 Psal.

1749 3794 1968 3864 cx'xxw,
1999 3794 2054 3850 ιι.
2083 3794 2174 3858 24,
2209 3803 2385 3849 exstat
2415 3811 2604 3848 manna
2630 3795 2682 3849 in
2712 3806 2903 3864 quarto
2931 3810 3079 3851 casu.

1825 3869 1897 3942 (e)
1927 3869 2003 3942 ita
2041 3882 2142 3942 ms.
2176 3866 2379 3942 Turon.
2413 3867 2484 3922 At.
2516 3865 2644 3921 Bad.
2675 3883 2797 3921 cntu
2827 3883 2930 3942 ms.
2983 3867 3146 3942 Reg,
3195 3867 3352 3925 Hunc

1748 3939 1886 3995 enim
1915 3939 2188 3992 Dominus.
2221 3940 2477 3992 Erasmus
2510 3947 2686 3993 autem
2714 3954 2810 4008 pro
2836 3941 2974 3993 hunc
2993 3940 3146 4003 enim,
3174 3943 3356 4008 posuit

1750 4013 1882 4065 hanc
1944 4011 2078 4063 enim
2141 4009 2348 4080 sublata
2395 4023 2540 4080 voce
2581 4011 2825 4080 sequenti
2875 4009 3127 4064 Dominus
3173 4027 3192 4064 .°
3232 4028 3355 4080 qua:

1749 4081 1948 4137 deinde
1999 4080 2158 4134 lectio
2199 4079 2451 4134 obtinuit.
2505 4079 2560 4133 lu
2604 4093 2705 4132 ms.
2761 4079 3090 4135 Mic.:Hunc
3117 4083 3252 4134 enim
3298 4091 3356 4136 ut

1749 4152 1915 4216 Deus,
1947 4161 2054 4206 elc.

1823 4223 1900 4295 (f)
1932 4221 2076 4276 Edit.
2109 4221 2162 4295 in
2203 4230 2450 4276 meritum
2490 4220 2780 4286 hominem;
2821 4221 2963 4291 quod
3007 4221 3358 4282 immutamus

1755 4293 1888 4350 mss.
1923 4293 2263 4347 auctoritate.

1821 4367 1896 4436 (g)
1929 4363 2143 4436 Nomen,
2156 4365 2274 4419 scil.
2310 4366 2357 4419 ei
2388 4381 2450 4420 ex
2483 4375 2693 4436 parente
2735 4365 2907 4420 carnis
2949 4382 3213 4422 assumens
3237 4411 3252 4434 ,
3300 4377 3361 4424 ut

1758 4435 1985 4492 habetur
2028 4435 2080 4490 in
2125 4435 2211 4491 Ps.
2242 4452 2374 4492 cxxr
2400 4478 2416 4500 ,
2459 4435 2511 4490 ιι.
2546 4436 2598 4493 9.
2651 4436 2950 4492 Retinenda
2982 4438 3098 4494 ha-c
3125 4441 3360 4497 nominis

1758 4509 1947 4564 Christi
1979 4509 2186 4563 notitia.
2241 4509 2409 4574 Hujus
2435 4523 2538 4579 0pc
2563 4517 2888 4579 agnoscetur
2914 4509 3146 4565 Hilarius
3191 4511 3361 4578 pluri-

1759 4581 1859 4636 bus
1883 4581 1936 4636 in
1971 4579 2125 4643 locis,
2155 4579 2208 4634 in
2241 4580 2438 4651 quibus
2467 4578 2742 4635 ChriStum
2771 4581 3019 4637 absolute
3048 4582 3359 4651 impassibi-

1760 4654 1864 4708 lem
1894 4652 2223 4722 prmdicasse
2270 4651 2590 4721 putabatur,
2641 4667 2762 4706 cum
2811 4661 3015 4707 tantum
3063 4653 3361 4710 secundum

1684 4764 1735 4823 D
1760 4724 1996 4823 ‘1‘2’3‘3‘2
2030 4722 3177 4823 Ἐ’ὶῗὲῗέηηῗ.ςὲῗῖἓτίῖηἱῗξὶῗὲηἶξηΨῨΫῨ.
3204 4726 3363 4823 .Ψὲῗὲ

1767 4796 1999 4850 nominis
2045 4792 2238 4849 Christi
2281 4793 2523 4850 notitiam
2577 4797 2896 4850 continuare
2938 4807 3022 4852 est
3057 4813 3122 4852 ex
3151 4796 3364 4853 Justino

1768 4867 1869 4921 sub
1897 4865 2104 4921 initium
2135 4866 2360 4937 Apolog.
2389 4866 2440 4930 1,
2474 4866 2563 4920 ubi
2593 4866 2702 4920 ait:
2733 4865 2966 4922 Christus
2986 4869 3188 4936 quidem
3214 4885 3278 4923 ex
3303 4885 3366 4924 eo

1770 4939 1955 4992 dicitur
1979 4937 2116 5007 quod
2139 4933 2278 4990 Deus
2299 4933 2389 5008 per
2415 4953 2527 4990 eum
2547 4947 2597 4993 et
2619 4939 2822 4993 inunxit
2851 4949 2898 4993 et
2924 4933 3124 4994 ornauit
3153 4941 3364 5007 omnia;

1770 5010 1906 5074 quod
1933 5010 2086 5063 etiam
2102 5025 2288 5082 nomen
2316 5011 2539 5082 ignotam
2557 5010 2702 5063 habet
2728 5011 3172 5081 signiﬁcationem,
3191 5028 3368 5082 quem-

1771 5081 2049 5134 admodum
2090 5079 2184 5133 Dei
2215 5120 2228 5132 .
2265 5120 2280 5133 .
2315 5120 2328 5132 .
2364 5121 2377 5135 .
2408 5079 2563 5134 Jesus
2617 5079 2783 5150 porro
2807 5079 3027 5138 hominis
3055 5125 3068 5148 ,
3120 5079 3367 5138 Servato-

1769 5153 1938 5217 risque
1967 5167 2145 5205 nomen
2185 5162 2231 5204 et
2255 5151 2682 5222 signiﬁcationem
2707 5155 3080 5222 complectitur.

1846 5225 1898 5293 (h
1909 5223 1958 5294 )il
1967 5239 1998 5276 ιι
2023 5223 2192 5292 prima
2213 5223 2341 5276 edit.
2363 5223 2486 5278 Par.
2520 5239 2582 5277 ne
2595 5224 2778 5294 facient
2798 5225 2992 5280 Christi
3009 5227 3090 5280 sui
3109 5241 3211 5281 non
3227 5243 3371 5280 aver-

1773 5304 1864 5367 tat.
1907 5293 2039 5347 Cum
2074 5294 2172 5367 hac
2199 5303 2413 5349 ctetera)
2434 5293 2797 5360 consentiunt,
2834 5298 2934 5351 nisi
2967 5298 3108 5367 quod
3137 5298 3371 5367 particu-

1773 5366 1877 5420 lam
1909 5382 1972 5420 ne
2001 5379 2104 5419 non
2137 5364 2360 5421 habent.
2393 5367 2526 5422 Eam
2557 5367 2750 5422 habent
2781 5383 2908 5421 mss.
2945 5364 3062 5423 sine
3093 5364 3232 5424 non:
3268 5369 3372 5424 hoc

1771 5446 1886 5503 est,
1931 5445 1986 5491 et
2015 5452 2111 5492 cur
2135 5445 2254 5491 orat
2281 5453 2347 5493 ne
2377 5447 2598 5509 propter
2633 5438 2795 5509 David
2828 5438 3022 5494 faciem
3055 5438 3254 5495 Christi
3286 5439 3371 5494 sui

1773 5516 1999 5563 avertat.
2031 5509 2151 5581 Mox
2182 5509 2233 5561 in
2260 5508 2394 5566 mss;
2425 5524 2541 5580 reg.
2575 5517 2630 5564 et
2655 5508 2787 5563 Tur.
2815 5525 2918 5562 non
2956 5510 3226 5580 frustrabit
3272 5524 3372 5581 pro

1775 5596 1877 5650 non
1906 5578 2254 5650 frustrabitur.
2496 5578 2509 5580 “
2736 5648 2746 5650 _
2958 5578 2966 5580 ὴ
3084 5582 3086 5584 ’

1850 5648 1913 5721 (i)
1947 5649 2086 5723 Editi
2105 5651 2322 5723 ,‘sedem
2352 5662 2532 5707 tuam:
2559 5648 2913 5706 emendantur
2938 5666 3041 5723 Ope
3071 5668 3202 5708 mss.
3249 5667 3374 5708 cum

1777 5720 1994 5776 illarum
2019 5720 2303 5777 lectionem
2331 5725 2616 5779 manifeste
2646 5723 2841 5776 refutet
2861 5720 3010 5778 nuni.
3041 5724 3137 5777 22.
3170 5723 3373 5780 Horum

1779 5806 1811 5847 e
1837 5791 2056 5861 regione
2079 5795 2356 5850 annotavit
2370 5795 2629 5851 Erasmus
2651 5810 2663 5846 :
2683 5791 2751 5847 Ut
2777 5792 2966 5860 ubique
2987 5811 3188 5850 sensum
3215 5795 3378 5849 histo-

1779 5863 1940 5918 ricum
1964 5862 2259 5921 demolitur.
2301 5866 2379 5923 lta
2421 5863 2640 5938 quidem
2664 5862 2960 5936 spiritalem
2990 5867 3330 5940 persequitur
3355 5904 3377 5944 τ
