  <div class='ocr_page' id='page_1' title='image "/cluster/home/n/w/nwhite01/storage/ocr_20150623/9/hvd.32044015471261/389.png"; bbox 0 0 3896 6336; ppageno 0'>
   <div class='ocr_carea' id='block_1_1' title="bbox 605 269 718 326">
    <p class='ocr_par' dir='ltr' id='par_1_1' title="bbox 605 269 718 326">
     <span class='ocr_line' id='line_1_1' title="bbox 605 269 718 326; baseline 0.035 -3"><span class='ocrx_word' id='word_1_1' title='bbox 605 269 718 326; x_wconf 75' lang='grc'><strong>745</strong></span> 
     </span>
    </p>
   </div>
   <div class='ocr_carea' id='block_1_2' title="bbox 1815 227 3812 314">
    <p class='ocr_par' dir='ltr' id='par_1_2' title="bbox 1815 227 3812 314">
     <span class='ocr_line' id='line_1_2' title="bbox 1815 227 3812 314; baseline 0 -3"><span class='ocrx_word' id='word_1_2' title='bbox 1815 253 2057 311; x_wconf 71' lang='lat' dir='ltr'><strong>sanan</strong></span> <span class='ocrx_word' id='word_1_3' title='bbox 2097 251 2351 310; x_wconf 77' lang='lat' dir='ltr'><strong>HILARII</strong></span> <span class='ocrx_word' id='word_1_4' title='bbox 2394 250 2703 310; x_wconf 85' lang='lat' dir='ltr'><strong>EPISCOPI</strong></span> <span class='ocrx_word' id='word_1_5' title='bbox 3737 227 3812 314; x_wconf 56' lang='lat' dir='ltr'><strong>in</strong></span> 
     </span>
    </p>
   </div>
   <div class='ocr_carea' id='block_1_3' title="bbox 599 365 3818 452">
    <p class='ocr_par' dir='ltr' id='par_1_3' title="bbox 599 365 3818 452">
     <span class='ocr_line' id='line_1_3' title="bbox 599 365 3818 452; baseline -0.002 -19"><span class='ocrx_word' id='word_1_6' title='bbox 599 379 714 452; x_wconf 86' lang='lat' dir='ltr'><strong>jam</strong></span> <span class='ocrx_word' id='word_1_7' title='bbox 747 380 865 452; x_wconf 86' lang='lat' dir='ltr'><strong>lege</strong></span> <span class='ocrx_word' id='word_1_8' title='bbox 904 378 1114 434; x_wconf 79' lang='lat' dir='ltr'><strong>viduam</strong></span> <span class='ocrx_word' id='word_1_9' title='bbox 1153 375 1287 446; x_wconf 90' lang='lat' dir='ltr'><strong>legis</strong></span> <span class='ocrx_word' id='word_1_10' title='bbox 1330 371 1626 430; x_wconf 84' lang='lat' dir='ltr'><strong>Ecclesium</strong></span> <span class='ocrx_word' id='word_1_11' title='bbox 1671 386 1790 427; x_wconf 91' lang='lat' dir='ltr'><strong>esse</strong></span> <span class='ocrx_word' id='word_1_12' title='bbox 1839 370 2195 436; x_wconf 80' lang='lat' dir='ltr'><strong>demonstrat,</strong></span> <span class='ocrx_word' id='word_1_13' title='bbox 2227 372 2273 430; x_wconf 80' lang='grc' dir='ltr'>Α</span> <span class='ocrx_word' id='word_1_14' title='bbox 2303 368 2611 433; x_wconf 86' lang='lat' dir='ltr'><strong>exsultatio,</strong></span> <span class='ocrx_word' id='word_1_15' title='bbox 2638 382 2756 440; x_wconf 71' lang='lat' dir='ltr'><strong>qua:</strong></span> <span class='ocrx_word' id='word_1_16' title='bbox 2783 365 3048 424; x_wconf 81' lang='lat' dir='ltr'><strong>demutari</strong></span> <span class='ocrx_word' id='word_1_17' title='bbox 3079 365 3226 423; x_wconf 91' lang='lat' dir='ltr'><strong>solet</strong></span> <span class='ocrx_word' id='word_1_18' title='bbox 3254 365 3337 421; x_wconf 88' lang='lat' dir='ltr'><strong>vel</strong></span> <span class='ocrx_word' id='word_1_19' title='bbox 3355 365 3596 432; x_wconf 81' lang='lat' dir='ltr'><strong>casu,vel</strong></span> <span class='ocrx_word' id='word_1_20' title='bbox 3622 366 3818 425; x_wconf 74' lang='lat' dir='ltr'><strong>infirmiu-</strong></span> 
     </span>
    </p>
   </div>
   <div class='ocr_carea' id='block_1_4' title="bbox 605 462 2201 541">
    <p class='ocr_par' dir='ltr' id='par_1_4' title="bbox 605 462 2201 541">
     <span class='ocr_line' id='line_1_4' title="bbox 605 462 2201 541; baseline -0.006 -14"><span class='ocrx_word' id='word_1_21' title='bbox 605 472 830 528; x_wconf 88' lang='lat' dir='ltr'><strong>Christo</strong></span> <span class='ocrx_word' id='word_1_22' title='bbox 852 471 1082 541; x_wconf 89' lang='lat' dir='ltr'><strong>legitime</strong></span> <span class='ocrx_word' id='word_1_23' title='bbox 1103 465 1474 538; x_wconf 87' lang='lat' dir='ltr'><strong>copulandam.</strong></span> <span class='ocrx_word' id='word_1_24' title='bbox 1502 464 1649 520; x_wconf 84' lang='lat' dir='ltr'><strong>Hanc</strong></span> <span class='ocrx_word' id='word_1_25' title='bbox 1671 478 1800 534; x_wconf 89' lang='lat' dir='ltr'><strong>ergo</strong></span> <span class='ocrx_word' id='word_1_26' title='bbox 1823 464 1955 535; x_wconf 85' lang='lat' dir='ltr'><strong>legis</strong></span> <span class='ocrx_word' id='word_1_27' title='bbox 1983 462 2201 518; x_wconf 77' lang='lat' dir='ltr'><strong>viduam</strong></span> 
     </span>
    </p>
   </div>
   <div class='ocr_carea' id='block_1_5' title="bbox 607 561 1302 620">
    <p class='ocr_par' dir='ltr' id='par_1_5' title="bbox 607 561 1302 620">
     <span class='ocr_line' id='line_1_5' title="bbox 607 561 1302 620; baseline -0.009 -1"><span class='ocrx_word' id='word_1_28' title='bbox 607 563 983 620; x_wconf 83' lang='lat' dir='ltr'><strong>benedicendo</strong></span> <span class='ocrx_word' id='word_1_29' title='bbox 1006 561 1302 618; x_wconf 88' lang='lat' dir='ltr'><strong>benedicet.</strong></span> 
     </span>
    </p>
   </div>
   <div class='ocr_carea' id='block_1_6' title="bbox 605 652 2206 727">
    <p class='ocr_par' dir='ltr' id='par_1_6' title="bbox 605 652 2206 727">
     <span class='ocr_line' id='line_1_6' title="bbox 605 652 2206 727; baseline -0.002 -20"><span class='ocrx_word' id='word_1_30' title='bbox 605 685 626 712; x_wconf 38' lang='grc' dir='ltr'><strong>ετ</strong></span> <span class='ocrx_word' id='word_1_31' title='bbox 679 656 772 712; x_wconf 80' lang='lat'><strong>25.</strong></span> <span class='ocrx_word' id='word_1_32' title='bbox 815 655 1078 727; x_wconf 86' lang='lat' dir='ltr'><strong>Pauperes</strong></span> <span class='ocrx_word' id='word_1_33' title='bbox 1124 663 1319 709; x_wconf 76' lang='lat' dir='ltr'><strong>saturat</strong></span> <span class='ocrx_word' id='word_1_34' title='bbox 1374 652 1631 720; x_wconf 85' lang='lat' dir='ltr'><strong>Christus,</strong></span> <span class='ocrx_word' id='word_1_35' title='bbox 1684 653 1808 707; x_wconf 91' lang='lat' dir='ltr'><strong>dum</strong></span> <span class='ocrx_word' id='word_1_36' title='bbox 1831 652 1901 706; x_wconf 91' lang='lat' dir='ltr'><strong>ad</strong></span> <span class='ocrx_word' id='word_1_37' title='bbox 1925 667 2012 706; x_wconf 88' lang='lat' dir='ltr'><strong>eos</strong></span> <span class='ocrx_word' id='word_1_38' title='bbox 2063 662 2206 705; x_wconf 89' lang='lat' dir='ltr'><strong>satu-</strong></span> 
     </span>
    </p>
   </div>
   <div class='ocr_carea' id='block_1_7' title="bbox 639 744 2206 814">
    <p class='ocr_par' dir='ltr' id='par_1_7' title="bbox 639 744 2206 814">
     <span class='ocr_line' id='line_1_7' title="bbox 639 744 2206 814; baseline -0.004 -11"><span class='ocrx_word' id='word_1_39' title='bbox 639 749 805 804; x_wconf 87' lang='lat' dir='ltr'><strong>andos</strong></span> <span class='ocrx_word' id='word_1_40' title='bbox 830 749 1025 803; x_wconf 80' lang='lat' dir='ltr'><strong>invitat.</strong></span> <span class='ocrx_word' id='word_1_41' title='bbox 1055 777 1127 790; x_wconf 90' lang='lat'><strong>—</strong></span> <span class='ocrx_word' id='word_1_42' title='bbox 1157 746 1356 802; x_wconf 85' lang='lat' dir='ltr'><strong>Deinde</strong></span> <span class='ocrx_word' id='word_1_43' title='bbox 1385 748 1480 809; x_wconf 86' lang='lat' dir='ltr'><strong>ait,</strong></span> <span class='ocrx_word' id='word_1_44' title='bbox 1517 745 1783 814; x_wconf 89' lang='lat' dir='ltr'><strong>Pauperes</strong></span> <span class='ocrx_word' id='word_1_45' title='bbox 1825 745 1936 808; x_wconf 83' lang='lat' dir='ltr'><strong>eius</strong></span> <span class='ocrx_word' id='word_1_46' title='bbox 1962 744 2206 797; x_wconf 88' lang='lat' dir='ltr'><strong>saturabo</strong></span> 
     </span>
    </p>
   </div>
   <div class='ocr_carea' id='block_1_8' title="bbox 608 837 2206 915">
    <p class='ocr_par' dir='ltr' id='par_1_8' title="bbox 608 837 2206 915">
     <span class='ocr_line' id='line_1_8' title="bbox 608 837 2206 915; baseline -0.006 -17"><span class='ocrx_word' id='word_1_47' title='bbox 608 843 848 915; x_wconf 84' lang='lat' dir='ltr'><strong>panibus.</strong></span> <span class='ocrx_word' id='word_1_48' title='bbox 871 842 1078 898; x_wconf 90' lang='lat' dir='ltr'><strong>Bonum</strong></span> <span class='ocrx_word' id='word_1_49' title='bbox 1098 849 1183 897; x_wconf 92' lang='lat' dir='ltr'><strong>est</strong></span> <span class='ocrx_word' id='word_1_50' title='bbox 1211 841 1263 896; x_wconf 93' lang='lat' dir='ltr'><strong>in</strong></span> <span class='ocrx_word' id='word_1_51' title='bbox 1287 839 1524 895; x_wconf 89' lang='lat' dir='ltr'><strong>Ecclesia</strong></span> <span class='ocrx_word' id='word_1_52' title='bbox 1551 853 1816 909; x_wconf 86' lang='lat' dir='ltr'><strong>pauperes</strong></span> <span class='ocrx_word' id='word_1_53' title='bbox 1839 853 1944 892; x_wconf 89' lang='lat' dir='ltr'><strong>non</strong></span> <span class='ocrx_word' id='word_1_54' title='bbox 1967 837 2206 892; x_wconf 89' lang='lat' dir='ltr'><strong>esurire:</strong></span> 
     </span>
    </p>
   </div>
   <div class='ocr_carea' id='block_1_9' title="bbox 607 929 2212 1005">
    <p class='ocr_par' dir='ltr' id='par_1_9' title="bbox 607 929 2212 1005">
     <span class='ocr_line' id='line_1_9' title="bbox 607 929 2212 1005; baseline -0.004 -16"><span class='ocrx_word' id='word_1_55' title='bbox 607 935 734 1005; x_wconf 88' lang='lat' dir='ltr'><strong>quia</strong></span> <span class='ocrx_word' id='word_1_56' title='bbox 763 949 884 989; x_wconf 91' lang='lat' dir='ltr'><strong>cum</strong></span> <span class='ocrx_word' id='word_1_57' title='bbox 931 934 1090 1003; x_wconf 89' lang='lat' dir='ltr'><strong>inops</strong></span> <span class='ocrx_word' id='word_1_58' title='bbox 1137 932 1395 1004; x_wconf 85' lang='lat' dir='ltr'><strong>pascitur,</strong></span> <span class='ocrx_word' id='word_1_59' title='bbox 1433 939 1521 986; x_wconf 88' lang='lat' dir='ltr'><strong>aut</strong></span> <span class='ocrx_word' id='word_1_60' title='bbox 1571 929 1764 986; x_wconf 90' lang='lat' dir='ltr'><strong>sitiens</strong></span> <span class='ocrx_word' id='word_1_61' title='bbox 1815 938 2064 1000; x_wconf 81' lang='lat' dir='ltr'><strong>potatur;</strong></span> <span class='ocrx_word' id='word_1_62' title='bbox 2119 935 2212 982; x_wconf 89' lang='lat' dir='ltr'><strong>aut</strong></span> 
     </span>
    </p>
   </div>
   <div class='ocr_carea' id='block_1_10' title="bbox 608 1023 2210 1092">
    <p class='ocr_par' dir='ltr' id='par_1_10' title="bbox 608 1023 2210 1092">
     <span class='ocr_line' id='line_1_10' title="bbox 608 1023 2210 1092; baseline -0.002 -10"><span class='ocrx_word' id='word_1_63' title='bbox 608 1027 790 1083; x_wconf 89' lang='lat' dir='ltr'><strong>nudus</strong></span> <span class='ocrx_word' id='word_1_64' title='bbox 832 1027 1080 1092; x_wconf 87' lang='lat' dir='ltr'><strong>vestitur,</strong></span> <span class='ocrx_word' id='word_1_65' title='bbox 1123 1035 1218 1081; x_wconf 89' lang='lat' dir='ltr'><strong>aut</strong></span> <span class='ocrx_word' id='word_1_66' title='bbox 1249 1026 1494 1080; x_wconf 90' lang='lat' dir='ltr'><strong>inﬁrmus</strong></span> <span class='ocrx_word' id='word_1_67' title='bbox 1521 1023 1805 1092; x_wconf 75' lang='lat' dir='ltr'><strong>visitatur,</strong></span> <span class='ocrx_word' id='word_1_68' title='bbox 1856 1033 1948 1078; x_wconf 86' lang='lat' dir='ltr'><strong>aut</strong></span> <span class='ocrx_word' id='word_1_69' title='bbox 1989 1038 2210 1079; x_wconf 84' lang='lat' dir='ltr'><strong>carcere</strong></span> 
     </span>
    </p>
   </div>
   <div class='ocr_carea' id='block_1_11' title="bbox 608 1115 2213 1190">
    <p class='ocr_par' dir='ltr' id='par_1_11' title="bbox 608 1115 2213 1190">
     <span class='ocr_line' id='line_1_11' title="bbox 608 1115 2213 1190; baseline -0.003 -13"><span class='ocrx_word' id='word_1_70' title='bbox 608 1118 826 1177; x_wconf 75' lang='lat' dir='ltr'><strong>clausus</strong></span> <span class='ocrx_word' id='word_1_71' title='bbox 855 1118 1182 1190; x_wconf 84' lang='lat' dir='ltr'><strong>requiritur;</strong></span> <span class='ocrx_word' id='word_1_72' title='bbox 1230 1120 1279 1174; x_wconf 92' lang='lat' dir='ltr'><strong>ei</strong></span> <span class='ocrx_word' id='word_1_73' title='bbox 1307 1118 1424 1174; x_wconf 77' lang='lat' dir='ltr'><strong>hzec</strong></span> <span class='ocrx_word' id='word_1_74' title='bbox 1449 1117 1752 1173; x_wconf 91' lang='lat' dir='ltr'><strong>ofﬁciorum</strong></span> <span class='ocrx_word' id='word_1_75' title='bbox 1779 1117 2036 1188; x_wconf 90' lang='lat' dir='ltr'><strong>obsequia</strong></span> <span class='ocrx_word' id='word_1_76' title='bbox 2065 1115 2213 1172; x_wconf 88' lang='lat' dir='ltr'><strong>defe-</strong></span> 
     </span>
    </p>
   </div>
   <div class='ocr_carea' id='block_1_12' title="bbox 609 1208 2207 1286">
    <p class='ocr_par' dir='ltr' id='par_1_12' title="bbox 609 1208 2207 1286">
     <span class='ocr_line' id='line_1_12' title="bbox 609 1208 2207 1286; baseline -0.005 -17"><span class='ocrx_word' id='word_1_77' title='bbox 609 1221 825 1280; x_wconf 87' lang='lat' dir='ltr'><strong>runtur,</strong></span> <span class='ocrx_word' id='word_1_78' title='bbox 853 1213 944 1286; x_wconf 88' lang='lat' dir='ltr'><strong>qui</strong></span> <span class='ocrx_word' id='word_1_79' title='bbox 974 1212 1027 1268; x_wconf 92' lang='lat' dir='ltr'><strong>in</strong></span> <span class='ocrx_word' id='word_1_80' title='bbox 1059 1210 1283 1285; x_wconf 79' lang='lat' dir='ltr'><strong>singulis</strong></span> <span class='ocrx_word' id='word_1_81' title='bbox 1311 1211 1466 1268; x_wconf 88' lang='lat' dir='ltr'><strong>nobis</strong></span> <span class='ocrx_word' id='word_1_82' title='bbox 1493 1211 1684 1277; x_wconf 86' lang='lat' dir='ltr'><strong>esurit,</strong></span> <span class='ocrx_word' id='word_1_83' title='bbox 1717 1219 1772 1266; x_wconf 91' lang='lat' dir='ltr'><strong>et</strong></span> <span class='ocrx_word' id='word_1_84' title='bbox 1797 1208 1930 1274; x_wconf 89' lang='lat' dir='ltr'><strong>sitit,</strong></span> <span class='ocrx_word' id='word_1_85' title='bbox 1963 1218 2018 1265; x_wconf 91' lang='lat' dir='ltr'><strong>et</strong></span> <span class='ocrx_word' id='word_1_86' title='bbox 2045 1209 2207 1279; x_wconf 84' lang='lat' dir='ltr'><strong>alget,</strong></span> 
     </span>
    </p>
   </div>
   <div class='ocr_carea' id='block_1_13' title="bbox 609 1301 2211 1376">
    <p class='ocr_par' dir='ltr' id='par_1_13' title="bbox 609 1301 2211 1376">
     <span class='ocr_line' id='line_1_13' title="bbox 609 1301 2211 1376; baseline -0.006 -13"><span class='ocrx_word' id='word_1_87' title='bbox 609 1316 668 1364; x_wconf 92' lang='lat' dir='ltr'><strong>et</strong></span> <span class='ocrx_word' id='word_1_88' title='bbox 701 1308 1034 1372; x_wconf 87' lang='lat' dir='ltr'><strong>inﬁrmatur,</strong></span> <span class='ocrx_word' id='word_1_89' title='bbox 1080 1315 1138 1362; x_wconf 91' lang='lat' dir='ltr'><strong>et</strong></span> <span class='ocrx_word' id='word_1_90' title='bbox 1185 1305 1452 1362; x_wconf 87' lang='lat' dir='ltr'><strong>clauditur</strong></span> <span class='ocrx_word' id='word_1_91' title='bbox 1493 1322 1506 1359; x_wconf 90' lang='lat'><strong>:</strong></span> <span class='ocrx_word' id='word_1_92' title='bbox 1545 1305 1743 1376; x_wconf 90' lang='lat' dir='ltr'><strong>quique</strong></span> <span class='ocrx_word' id='word_1_93' title='bbox 1780 1303 1855 1357; x_wconf 89' lang='lat' dir='ltr'><strong>ait</strong></span> <span class='ocrx_word' id='word_1_94' title='bbox 1884 1320 1898 1358; x_wconf 91' lang='lat'><strong>:</strong></span> <span class='ocrx_word' id='word_1_95' title='bbox 1927 1301 2005 1372; x_wconf 88' lang='lat'><strong>(1)</strong></span> <span class='ocrx_word' id='word_1_96' title='bbox 2030 1303 2211 1368; x_wconf 79' lang='lat' dir='ltr'><strong>Anien,</strong></span> 
     </span>
    </p>
   </div>
   <div class='ocr_carea' id='block_1_14' title="bbox 609 1380 2212 1470">
    <p class='ocr_par' dir='ltr' id='par_1_14' title="bbox 609 1380 2212 1470">
     <span class='ocr_line' id='line_1_14' title="bbox 609 1380 2212 1470; baseline -0.005 -14"><span class='ocrx_word' id='word_1_97' title='bbox 609 1418 762 1456; x_wconf 80' lang='lat' dir='ltr'><strong>nmen</strong></span> <span class='ocrx_word' id='word_1_98' title='bbox 790 1380 906 1456; x_wconf 71' lang='lat' dir='ltr'><strong>dico</strong></span> <span class='ocrx_word' id='word_1_99' title='bbox 933 1401 1094 1464; x_wconf 79' lang='lat' dir='ltr'><strong>vobis,</strong></span> <span class='ocrx_word' id='word_1_100' title='bbox 1121 1401 1245 1470; x_wconf 82' lang='lat' dir='ltr'><strong>quia</strong></span> <span class='ocrx_word' id='word_1_101' title='bbox 1267 1415 1382 1470; x_wconf 73' lang='lat' dir='ltr'><strong>qua:</strong></span> <span class='ocrx_word' id='word_1_102' title='bbox 1410 1398 1602 1468; x_wconf 77' lang='lat' dir='ltr'><strong>fecistis</strong></span> <span class='ocrx_word' id='word_1_103' title='bbox 1629 1398 1718 1452; x_wconf 88' lang='lat' dir='ltr'><strong>uni</strong></span> <span class='ocrx_word' id='word_1_104' title='bbox 1742 1412 1808 1451; x_wconf 76' lang='lat' dir='ltr'><strong>ex</strong></span> <span class='ocrx_word' id='word_1_105' title='bbox 1831 1396 2055 1450; x_wconf 88' lang='lat' dir='ltr'><strong>minimis</strong></span> <span class='ocrx_word' id='word_1_106' title='bbox 2080 1395 2212 1461; x_wconf 86' lang='lat' dir='ltr'><strong>istis,</strong></span> 
     </span>
    </p>
   </div>
   <div class='ocr_carea' id='block_1_15' title="bbox 613 1488 2218 1566">
    <p class='ocr_par' dir='ltr' id='par_1_15' title="bbox 613 1488 2218 1566">
     <span class='ocr_line' id='line_1_15' title="bbox 613 1488 2218 1566; baseline -0.004 -17"><span class='ocrx_word' id='word_1_107' title='bbox 613 1495 744 1550; x_wconf 87' lang='lat' dir='ltr'><strong>mihi</strong></span> <span class='ocrx_word' id='word_1_108' title='bbox 767 1493 960 1565; x_wconf 75' lang='lat' dir='ltr'><strong>fecistis</strong></span> <span class='ocrx_word' id='word_1_109' title='bbox 985 1493 1208 1566; x_wconf 79' lang='lat' dir='ltr'><strong>(Matth.</strong></span> <span class='ocrx_word' id='word_1_110' title='bbox 1254 1507 1382 1559; x_wconf 91' lang='lat' dir='ltr'><strong>xxv,</strong></span> <span class='ocrx_word' id='word_1_111' title='bbox 1409 1489 1538 1560; x_wconf 75' lang='grc'><strong>40).</strong></span> <span class='ocrx_word' id='word_1_112' title='bbox 1574 1490 1674 1546; x_wconf 92' lang='lat' dir='ltr'><strong>Per</strong></span> <span class='ocrx_word' id='word_1_113' title='bbox 1720 1488 1859 1544; x_wconf 87' lang='lat' dir='ltr'><strong>hanc</strong></span> <span class='ocrx_word' id='word_1_114' title='bbox 1889 1504 2018 1561; x_wconf 87' lang='lat' dir='ltr'><strong>ergo</strong></span> <span class='ocrx_word' id='word_1_115' title='bbox 2044 1488 2218 1544; x_wconf 74' lang='lat' dir='ltr'><strong>dicm-</strong></span> 
     </span>
    </p>
   </div>
   <div class='ocr_carea' id='block_1_16' title="bbox 615 1585 2216 1661">
    <p class='ocr_par' dir='ltr' id='par_1_16' title="bbox 615 1585 2216 1661">
     <span class='ocr_line' id='line_1_16' title="bbox 615 1585 2216 1661; baseline -0.006 -14"><span class='ocrx_word' id='word_1_116' title='bbox 615 1605 739 1647; x_wconf 86' lang='lat' dir='ltr'><strong>rum</strong></span> <span class='ocrx_word' id='word_1_117' title='bbox 799 1589 917 1661; x_wconf 89' lang='lat' dir='ltr'><strong>ejus</strong></span> <span class='ocrx_word' id='word_1_118' title='bbox 957 1588 1173 1644; x_wconf 88' lang='lat' dir='ltr'><strong>fidelem</strong></span> <span class='ocrx_word' id='word_1_119' title='bbox 1216 1585 1293 1659; x_wconf 92' lang='lat' dir='ltr'><strong>(a)</strong></span> <span class='ocrx_word' id='word_1_120' title='bbox 1339 1586 1728 1658; x_wconf 89' lang='lat' dir='ltr'><strong>professionem</strong></span> <span class='ocrx_word' id='word_1_121' title='bbox 1781 1599 2047 1655; x_wconf 89' lang='lat' dir='ltr'><strong>pauperes</strong></span> <span class='ocrx_word' id='word_1_122' title='bbox 2098 1585 2216 1654; x_wconf 84' lang='lat' dir='ltr'><strong>ejus</strong></span> 
     </span>
    </p>
   </div>
   <div class='ocr_carea' id='block_1_17' title="bbox 614 1677 2214 1754">
    <p class='ocr_par' dir='ltr' id='par_1_17' title="bbox 614 1677 2214 1754">
     <span class='ocr_line' id='line_1_17' title="bbox 614 1677 2214 1754; baseline -0.004 -16"><span class='ocrx_word' id='word_1_123' title='bbox 614 1682 848 1754; x_wconf 88' lang='lat' dir='ltr'><strong>panibus</strong></span> <span class='ocrx_word' id='word_1_124' title='bbox 875 1689 1100 1737; x_wconf 86' lang='lat' dir='ltr'><strong>saturat.</strong></span> <span class='ocrx_word' id='word_1_125' title='bbox 1145 1681 1365 1736; x_wconf 89' lang='lat' dir='ltr'><strong>Saturat</strong></span> <span class='ocrx_word' id='word_1_126' title='bbox 1408 1688 1588 1734; x_wconf 90' lang='lat' dir='ltr'><strong>autem</strong></span> <span class='ocrx_word' id='word_1_127' title='bbox 1617 1687 1672 1733; x_wconf 91' lang='lat' dir='ltr'><strong>et</strong></span> <span class='ocrx_word' id='word_1_128' title='bbox 1697 1693 1792 1732; x_wconf 90' lang='lat' dir='ltr'><strong>eos</strong></span> <span class='ocrx_word' id='word_1_129' title='bbox 1821 1677 2074 1748; x_wconf 84' lang='lat' dir='ltr'><strong>panibus,</strong></span> <span class='ocrx_word' id='word_1_130' title='bbox 2122 1677 2214 1748; x_wconf 93' lang='lat' dir='ltr'><strong>qui</strong></span> 
     </span>
    </p>
   </div>
   <div class='ocr_carea' id='block_1_18' title="bbox 2313 460 3817 533">
    <p class='ocr_par' dir='ltr' id='par_1_18' title="bbox 2313 460 3817 533">
     <span class='ocr_line' id='line_1_18' title="bbox 2313 460 3817 533; baseline 0.003 -17"><span class='ocrx_word' id='word_1_131' title='bbox 2313 471 2384 528; x_wconf 90' lang='lat' dir='ltr'><strong>te,</strong></span> <span class='ocrx_word' id='word_1_132' title='bbox 2406 463 2490 518; x_wconf 85' lang='lat' dir='ltr'><strong>vel</strong></span> <span class='ocrx_word' id='word_1_133' title='bbox 2520 472 2763 533; x_wconf 90' lang='lat' dir='ltr'><strong>temporc</strong></span> <span class='ocrx_word' id='word_1_134' title='bbox 2789 478 2803 516; x_wconf 91' lang='lat'><strong>:</strong></span> <span class='ocrx_word' id='word_1_135' title='bbox 2836 462 2906 533; x_wconf 81' lang='grc' dir='ltr'><strong>(ε)</strong></span> <span class='ocrx_word' id='word_1_136' title='bbox 2933 469 2990 515; x_wconf 88' lang='lat' dir='ltr'><strong>at</strong></span> <span class='ocrx_word' id='word_1_137' title='bbox 3009 476 3143 517; x_wconf 88' lang='lat' dir='ltr'><strong>vero</strong></span> <span class='ocrx_word' id='word_1_138' title='bbox 3159 460 3279 516; x_wconf 60' lang='lat' dir='ltr'><strong>haec</strong></span> <span class='ocrx_word' id='word_1_139' title='bbox 3304 470 3602 516; x_wconf 87' lang='lat' dir='ltr'><strong>sanctorum</strong></span> <span class='ocrx_word' id='word_1_140' title='bbox 3619 466 3817 520; x_wconf 62' lang='lat' dir='ltr'><strong>exsultas</strong></span> 
     </span>
    </p>
   </div>
   <div class='ocr_carea' id='block_1_19' title="bbox 2309 553 3810 620">
    <p class='ocr_par' dir='ltr' id='par_1_19' title="bbox 2309 553 3810 620">
     <span class='ocr_line' id='line_1_19' title="bbox 2309 553 3810 620; baseline 0.001 -10"><span class='ocrx_word' id='word_1_141' title='bbox 2309 566 2412 620; x_wconf 90' lang='lat' dir='ltr'><strong>est,</strong></span> <span class='ocrx_word' id='word_1_142' title='bbox 2448 565 2505 610; x_wconf 89' lang='lat' dir='ltr'><strong>ut.</strong></span> <span class='ocrx_word' id='word_1_143' title='bbox 2532 554 2893 612; x_wconf 80' lang='lat' dir='ltr'><strong>exsultatione</strong></span> <span class='ocrx_word' id='word_1_144' title='bbox 2935 562 3331 612; x_wconf 76' lang='lat' dir='ltr'><strong>consummata:</strong></span> <span class='ocrx_word' id='word_1_145' title='bbox 3357 553 3412 609; x_wconf 91' lang='lat' dir='ltr'><strong>in</strong></span> <span class='ocrx_word' id='word_1_146' title='bbox 3441 569 3499 610; x_wconf 86' lang='lat' dir='ltr'><strong>se</strong></span> <span class='ocrx_word' id='word_1_147' title='bbox 3525 555 3810 613; x_wconf 60' lang='lat' dir='ltr'><strong>exsultatione</strong></span> 
     </span>
    </p>
   </div>
   <div class='ocr_carea' id='block_1_20' title="bbox 2309 649 2606 704">
    <p class='ocr_par' dir='ltr' id='par_1_20' title="bbox 2309 649 2606 704">
     <span class='ocr_line' id='line_1_20' title="bbox 2309 649 2606 704; baseline -0.003 0"><span class='ocrx_word' id='word_1_148' title='bbox 2309 649 2606 704; x_wconf 90' lang='lat' dir='ltr'><strong>exsultent.</strong></span> 
     </span>
    </p>
   </div>
   <div class='ocr_carea' id='block_1_21' title="bbox 2381 743 3815 816">
    <p class='ocr_par' dir='ltr' id='par_1_21' title="bbox 2381 743 3815 816">
     <span class='ocr_line' id='line_1_21' title="bbox 2381 743 3815 816; baseline 0.003 -19"><span class='ocrx_word' id='word_1_149' title='bbox 2381 744 2474 799; x_wconf 84' lang='lat'><strong>27.</strong></span> <span class='ocrx_word' id='word_1_150' title='bbox 2515 743 2752 816; x_wconf 83' lang='lat' dir='ltr'><strong>Regnum</strong></span> <span class='ocrx_word' id='word_1_151' title='bbox 2789 743 2999 800; x_wconf 88' lang='lat' dir='ltr'><strong>Christi.</strong></span> <span class='ocrx_word' id='word_1_152' title='bbox 3031 774 3106 786; x_wconf 97' lang='lat'><strong>—</strong></span> <span class='ocrx_word' id='word_1_153' title='bbox 3133 743 3309 800; x_wconf 82' lang='lat' dir='ltr'><strong>Causa</strong></span> <span class='ocrx_word' id='word_1_154' title='bbox 3331 753 3509 800; x_wconf 86' lang='lat' dir='ltr'><strong>autem</strong></span> <span class='ocrx_word' id='word_1_155' title='bbox 3537 744 3815 801; x_wconf 62' lang='lat' dir='ltr'><strong>exsultantes</strong></span> 
     </span>
    </p>
   </div>
   <div class='ocr_carea' id='block_1_22' title="bbox 2312 835 3814 908">
    <p class='ocr_par' dir='ltr' id='par_1_22' title="bbox 2312 835 3814 908">
     <span class='ocr_line' id='line_1_22' title="bbox 2312 835 3814 908; baseline 0.003 -21"><span class='ocrx_word' id='word_1_156' title='bbox 2312 835 2636 902; x_wconf 89' lang='lat' dir='ltr'><strong>ostenditur,</strong></span> <span class='ocrx_word' id='word_1_157' title='bbox 2677 835 2842 892; x_wconf 70' lang='lat' dir='ltr'><strong>Vens.</strong></span> <span class='ocrx_word' id='word_1_158' title='bbox 2878 837 2944 892; x_wconf 85' lang='lat'><strong>17</strong></span> <span class='ocrx_word' id='word_1_159' title='bbox 2973 854 2988 891; x_wconf 90' lang='lat'><strong>:</strong></span> <span class='ocrx_word' id='word_1_160' title='bbox 3014 835 3136 891; x_wconf 81' lang='lat' dir='ltr'><strong>Illic</strong></span> <span class='ocrx_word' id='word_1_161' title='bbox 3185 838 3468 908; x_wconf 82' lang='lat' dir='ltr'><strong>producam</strong></span> <span class='ocrx_word' id='word_1_162' title='bbox 3513 852 3656 890; x_wconf 85' lang='lat' dir='ltr'><strong>cornu</strong></span> <span class='ocrx_word' id='word_1_163' title='bbox 3696 837 3814 891; x_wconf 65' lang='lat' dir='ltr'><strong>nam,</strong></span> 
     </span>
    </p>
   </div>
   <div class='ocr_carea' id='block_1_23' title="bbox 2311 928 3814 1003">
    <p class='ocr_par' dir='ltr' id='par_1_23' title="bbox 2311 928 3814 1003">
     <span class='ocr_line' id='line_1_23' title="bbox 2311 928 3814 1003; baseline 0.002 -18"><span class='ocrx_word' id='word_1_164' title='bbox 2311 928 2492 985; x_wconf 90' lang='lat' dir='ltr'><strong>Cornu</strong></span> <span class='ocrx_word' id='word_1_165' title='bbox 2507 931 2654 1002; x_wconf 91' lang='lat' dir='ltr'><strong>regni</strong></span> <span class='ocrx_word' id='word_1_166' title='bbox 2679 929 2750 1003; x_wconf 74' lang='grc' dir='ltr'><strong>(Γ)</strong></span> <span class='ocrx_word' id='word_1_167' title='bbox 2770 931 2978 1001; x_wconf 83' lang='lat' dir='ltr'><strong>insigne</strong></span> <span class='ocrx_word' id='word_1_168' title='bbox 3006 941 3091 986; x_wconf 87' lang='lat' dir='ltr'><strong>est</strong></span> <span class='ocrx_word' id='word_1_169' title='bbox 3115 949 3127 984; x_wconf 93' lang='lat'><strong>:</strong></span> <span class='ocrx_word' id='word_1_170' title='bbox 3158 947 3254 1002; x_wconf 89' lang='lat' dir='ltr'><strong>per</strong></span> <span class='ocrx_word' id='word_1_171' title='bbox 3284 931 3386 986; x_wconf 91' lang='lat' dir='ltr'><strong>hoc</strong></span> <span class='ocrx_word' id='word_1_172' title='bbox 3414 931 3553 986; x_wconf 89' lang='lat' dir='ltr'><strong>enim</strong></span> <span class='ocrx_word' id='word_1_173' title='bbox 3580 944 3814 1001; x_wconf 72' lang='lat' dir='ltr'><strong>unguentum</strong></span> 
     </span>
    </p>
   </div>
   <div class='ocr_carea' id='block_1_24' title="bbox 2315 1023 3812 1097">
    <p class='ocr_par' dir='ltr' id='par_1_24' title="bbox 2315 1023 3812 1097">
     <span class='ocr_line' id='line_1_24' title="bbox 2315 1023 3812 1097; baseline 0.003 -18"><span class='ocrx_word' id='word_1_174' title='bbox 2315 1026 2520 1096; x_wconf 91' lang='lat' dir='ltr'><strong>regium</strong></span> <span class='ocrx_word' id='word_1_175' title='bbox 2566 1024 2868 1097; x_wconf 85' lang='lat' dir='ltr'><strong>regnaturis</strong></span> <span class='ocrx_word' id='word_1_176' title='bbox 2926 1023 3329 1080; x_wconf 88' lang='lat' dir='ltr'><strong>infundebatur.</strong></span> <span class='ocrx_word' id='word_1_177' title='bbox 3361 1024 3484 1079; x_wconf 88' lang='lat' dir='ltr'><strong>Illic</strong></span> <span class='ocrx_word' id='word_1_178' title='bbox 3511 1040 3623 1079; x_wconf 93' lang='lat' dir='ltr'><strong>cum</strong></span> <span class='ocrx_word' id='word_1_179' title='bbox 3657 1024 3812 1084; x_wconf 66' lang='lat' dir='ltr'><strong>didier.</strong></span> 
     </span>
    </p>
   </div>
   <div class='ocr_carea' id='block_1_25' title="bbox 2315 1117 3816 1191">
    <p class='ocr_par' dir='ltr' id='par_1_25' title="bbox 2315 1117 3816 1191">
     <span class='ocr_line' id='line_1_25' title="bbox 2315 1117 3816 1191; baseline 0 -17"><span class='ocrx_word' id='word_1_180' title='bbox 2315 1120 2530 1190; x_wconf 88' lang='lat' dir='ltr'><strong>requies</strong></span> <span class='ocrx_word' id='word_1_181' title='bbox 2557 1120 2888 1191; x_wconf 89' lang='lat' dir='ltr'><strong>signiﬁcatur</strong></span> <span class='ocrx_word' id='word_1_182' title='bbox 2912 1162 2927 1186; x_wconf 92' lang='lat'><strong>,</strong></span> <span class='ocrx_word' id='word_1_183' title='bbox 2957 1119 3025 1175; x_wconf 91' lang='lat' dir='ltr'><strong>de</strong></span> <span class='ocrx_word' id='word_1_184' title='bbox 3050 1135 3153 1189; x_wconf 90' lang='lat' dir='ltr'><strong>qua</strong></span> <span class='ocrx_word' id='word_1_185' title='bbox 3181 1120 3385 1174; x_wconf 90' lang='lat' dir='ltr'><strong>dictum</strong></span> <span class='ocrx_word' id='word_1_186' title='bbox 3412 1128 3530 1183; x_wconf 89' lang='lat' dir='ltr'><strong>est,</strong></span> <span class='ocrx_word' id='word_1_187' title='bbox 3555 1117 3669 1172; x_wconf 80' lang='lat' dir='ltr'><strong>IIa-c</strong></span> <span class='ocrx_word' id='word_1_188' title='bbox 3692 1122 3816 1188; x_wconf 56' lang='lat' dir='ltr'><strong>iam</strong></span> 
     </span>
    </p>
   </div>
   <div class='ocr_carea' id='block_1_26' title="bbox 2315 1213 3814 1284">
    <p class='ocr_par' dir='ltr' id='par_1_26' title="bbox 2315 1213 3814 1284">
     <span class='ocr_line' id='line_1_26' title="bbox 2315 1213 3814 1284; baseline -0.001 -17"><span class='ocrx_word' id='word_1_189' title='bbox 2315 1230 2429 1269; x_wconf 90' lang='lat' dir='ltr'><strong>mea</strong></span> <span class='ocrx_word' id='word_1_190' title='bbox 2454 1215 2505 1268; x_wconf 91' lang='lat' dir='ltr'><strong>in</strong></span> <span class='ocrx_word' id='word_1_191' title='bbox 2526 1214 2769 1269; x_wconf 68' lang='lat' dir='ltr'><strong>sarculum</strong></span> <span class='ocrx_word' id='word_1_192' title='bbox 2796 1214 2990 1268; x_wconf 65' lang='lat' dir='ltr'><strong>saeculi.</strong></span> <span class='ocrx_word' id='word_1_193' title='bbox 3024 1213 3078 1267; x_wconf 93' lang='lat' dir='ltr'><strong>In</strong></span> <span class='ocrx_word' id='word_1_194' title='bbox 3098 1213 3203 1269; x_wconf 84' lang='lat' dir='ltr'><strong>hac</strong></span> <span class='ocrx_word' id='word_1_195' title='bbox 3221 1213 3381 1284; x_wconf 83' lang='lat' dir='ltr'><strong>igitur</strong></span> <span class='ocrx_word' id='word_1_196' title='bbox 3399 1213 3603 1283; x_wconf 77' lang='lat' dir='ltr'><strong>requies</strong></span> <span class='ocrx_word' id='word_1_197' title='bbox 3615 1227 3744 1267; x_wconf 83' lang='lat' dir='ltr'><strong>cornu</strong></span> <span class='ocrx_word' id='word_1_198' title='bbox 3757 1213 3814 1266; x_wconf 74' lang='lat' dir='ltr'><strong>Da-</strong></span> 
     </span>
    </p>
   </div>
   <div class='ocr_carea' id='block_1_27' title="bbox 2315 1307 3812 1381">
    <p class='ocr_par' dir='ltr' id='par_1_27' title="bbox 2315 1307 3812 1381">
     <span class='ocr_line' id='line_1_27' title="bbox 2315 1307 3812 1381; baseline 0 -21"><span class='ocrx_word' id='word_1_199' title='bbox 2315 1308 2426 1375; x_wconf 84' lang='lat' dir='ltr'><strong>vid,</strong></span> <span class='ocrx_word' id='word_1_200' title='bbox 2448 1307 2500 1364; x_wconf 92' lang='lat' dir='ltr'><strong>id</strong></span> <span class='ocrx_word' id='word_1_201' title='bbox 2514 1317 2616 1374; x_wconf 90' lang='lat' dir='ltr'><strong>est,</strong></span> <span class='ocrx_word' id='word_1_202' title='bbox 2632 1323 2856 1378; x_wconf 84' lang='lat' dir='ltr'><strong>regnum</strong></span> <span class='ocrx_word' id='word_1_203' title='bbox 2875 1309 3018 1364; x_wconf 89' lang='lat' dir='ltr'><strong>illius</strong></span> <span class='ocrx_word' id='word_1_204' title='bbox 3039 1307 3107 1364; x_wconf 92' lang='lat' dir='ltr'><strong>de</strong></span> <span class='ocrx_word' id='word_1_205' title='bbox 3130 1324 3238 1379; x_wconf 93' lang='lat' dir='ltr'><strong>quo</strong></span> <span class='ocrx_word' id='word_1_206' title='bbox 3261 1307 3338 1381; x_wconf 88' lang='lat' dir='ltr'><strong>(g)</strong></span> <span class='ocrx_word' id='word_1_207' title='bbox 3355 1312 3680 1378; x_wconf 81' lang='lat' dir='ltr'><strong>proptietatur</strong></span> <span class='ocrx_word' id='word_1_208' title='bbox 3697 1308 3812 1370; x_wconf 65' lang='lat' dir='ltr'><strong>Darii</strong></span> 
     </span>
    </p>
   </div>
   <div class='ocr_carea' id='block_1_28' title="bbox 2317 1399 3810 1472">
    <p class='ocr_par' dir='ltr' id='par_1_28' title="bbox 2317 1399 3810 1472">
     <span class='ocr_line' id='line_1_28' title="bbox 2317 1399 3810 1472; baseline -0.001 -16"><span class='ocrx_word' id='word_1_209' title='bbox 2317 1401 2459 1456; x_wconf 87' lang='lat' dir='ltr'><strong>Deus</strong></span> <span class='ocrx_word' id='word_1_210' title='bbox 2484 1400 2565 1472; x_wconf 71' lang='grc'><strong>(4)</strong></span> <span class='ocrx_word' id='word_1_211' title='bbox 2590 1400 2836 1472; x_wconf 81' lang='lat' dir='ltr'><strong>producit</strong></span> <span class='ocrx_word' id='word_1_212' title='bbox 2867 1420 2880 1456; x_wconf 93' lang='lat'><strong>:</strong></span> <span class='ocrx_word' id='word_1_213' title='bbox 2913 1416 3020 1455; x_wconf 87' lang='lat' dir='ltr'><strong>non</strong></span> <span class='ocrx_word' id='word_1_214' title='bbox 3045 1399 3176 1455; x_wconf 91' lang='lat' dir='ltr'><strong>illud</strong></span> <span class='ocrx_word' id='word_1_215' title='bbox 3206 1399 3524 1463; x_wconf 89' lang='lat' dir='ltr'><strong>humanum,</strong></span> <span class='ocrx_word' id='word_1_216' title='bbox 3552 1414 3644 1455; x_wconf 87' lang='lat' dir='ltr'><strong>nec</strong></span> <span class='ocrx_word' id='word_1_217' title='bbox 3665 1415 3810 1469; x_wconf 58' lang='lat' dir='ltr'><strong>comp</strong></span> 
     </span>
    </p>
   </div>
   <div class='ocr_carea' id='block_1_29' title="bbox 2317 1492 3810 1565">
    <p class='ocr_par' dir='ltr' id='par_1_29' title="bbox 2317 1492 3810 1565">
     <span class='ocr_line' id='line_1_29' title="bbox 2317 1492 3810 1565; baseline -0.003 -13"><span class='ocrx_word' id='word_1_218' title='bbox 2317 1495 2498 1561; x_wconf 90' lang='lat' dir='ltr'><strong>tibile,</strong></span> <span class='ocrx_word' id='word_1_219' title='bbox 2549 1511 2650 1551; x_wconf 90' lang='lat' dir='ltr'><strong>nec</strong></span> <span class='ocrx_word' id='word_1_220' title='bbox 2689 1494 2978 1559; x_wconf 84' lang='lat' dir='ltr'><strong>caducum,</strong></span> <span class='ocrx_word' id='word_1_221' title='bbox 3028 1493 3123 1550; x_wconf 89' lang='lat' dir='ltr'><strong>sed</strong></span> <span class='ocrx_word' id='word_1_222' title='bbox 3160 1494 3292 1549; x_wconf 92' lang='lat' dir='ltr'><strong>illud</strong></span> <span class='ocrx_word' id='word_1_223' title='bbox 3338 1493 3481 1565; x_wconf 90' lang='lat' dir='ltr'><strong>quod</strong></span> <span class='ocrx_word' id='word_1_224' title='bbox 3509 1492 3810 1565; x_wconf 72' lang='lat' dir='ltr'><strong>(h)secande-:</strong></span> 
     </span>
    </p>
   </div>
   <div class='ocr_carea' id='block_1_30' title="bbox 2319 1587 3813 1660">
    <p class='ocr_par' dir='ltr' id='par_1_30' title="bbox 2319 1587 3813 1660">
     <span class='ocr_line' id='line_1_30' title="bbox 2319 1587 3813 1660; baseline -0.003 -16"><span class='ocrx_word' id='word_1_225' title='bbox 2319 1588 2560 1660; x_wconf 88' lang='lat' dir='ltr'><strong>requiem</strong></span> <span class='ocrx_word' id='word_1_226' title='bbox 2606 1587 2701 1644; x_wconf 90' lang='lat' dir='ltr'><strong>Dei</strong></span> <span class='ocrx_word' id='word_1_227' title='bbox 2728 1589 2779 1644; x_wconf 90' lang='lat' dir='ltr'><strong>in</strong></span> <span class='ocrx_word' id='word_1_228' title='bbox 2807 1589 3060 1643; x_wconf 67' lang='lat' dir='ltr'><strong>saeculum</strong></span> <span class='ocrx_word' id='word_1_229' title='bbox 3103 1587 3415 1644; x_wconf 70' lang='lat' dir='ltr'><strong>smculiest.</strong></span> <span class='ocrx_word' id='word_1_230' title='bbox 3447 1587 3515 1642; x_wconf 85' lang='lat' dir='ltr'><strong>Et</strong></span> <span class='ocrx_word' id='word_1_231' title='bbox 3555 1603 3738 1658; x_wconf 82' lang='lat' dir='ltr'><strong>quorum</strong></span> <span class='ocrx_word' id='word_1_232' title='bbox 3757 1599 3813 1641; x_wconf 67' lang='lat' dir='ltr'><strong>eis</strong></span> 
     </span>
    </p>
   </div>
   <div class='ocr_carea' id='block_1_31' title="bbox 2319 1681 3812 1753">
    <p class='ocr_par' dir='ltr' id='par_1_31' title="bbox 2319 1681 3812 1753">
     <span class='ocr_line' id='line_1_31' title="bbox 2319 1681 3812 1753; baseline -0.001 -16"><span class='ocrx_word' id='word_1_233' title='bbox 2319 1696 2542 1752; x_wconf 88' lang='lat' dir='ltr'><strong>regnum</strong></span> <span class='ocrx_word' id='word_1_234' title='bbox 2565 1683 2864 1739; x_wconf 64' lang='lat' dir='ltr'><strong>caelorum?</strong></span> <span class='ocrx_word' id='word_1_235' title='bbox 2886 1681 3088 1753; x_wconf 84' lang='lat' dir='ltr'><strong>Nempe</strong></span> <span class='ocrx_word' id='word_1_236' title='bbox 3105 1682 3170 1737; x_wconf 93' lang='lat' dir='ltr'><strong>de</strong></span> <span class='ocrx_word' id='word_1_237' title='bbox 3190 1682 3385 1753; x_wconf 91' lang='lat' dir='ltr'><strong>quibus</strong></span> <span class='ocrx_word' id='word_1_238' title='bbox 3405 1681 3599 1737; x_wconf 89' lang='lat' dir='ltr'><strong>dictum</strong></span> <span class='ocrx_word' id='word_1_239' title='bbox 3616 1693 3685 1738; x_wconf 89' lang='lat' dir='ltr'><strong>est</strong></span> <span class='ocrx_word' id='word_1_240' title='bbox 3703 1701 3713 1735; x_wconf 91' lang='lat'><strong>:</strong></span> <span class='ocrx_word' id='word_1_241' title='bbox 3730 1681 3812 1735; x_wconf 69' lang='lat' dir='ltr'><strong>Bai</strong></span> 
     </span>
    </p>
   </div>
   <div class='ocr_carea' id='block_1_32' title="bbox 616 1768 3812 1847">
    <p class='ocr_par' dir='ltr' id='par_1_32' title="bbox 616 1768 3812 1847">
     <span class='ocr_line' id='line_1_32' title="bbox 616 1768 3812 1847; baseline -0.002 -15"><span class='ocrx_word' id='word_1_242' title='bbox 616 1791 715 1847; x_wconf 89' lang='lat' dir='ltr'><strong>per</strong></span> <span class='ocrx_word' id='word_1_243' title='bbox 744 1773 1099 1830; x_wconf 85' lang='lat' dir='ltr'><strong>humilitatem</strong></span> <span class='ocrx_word' id='word_1_244' title='bbox 1123 1772 1305 1828; x_wconf 89' lang='lat' dir='ltr'><strong>cordis</strong></span> <span class='ocrx_word' id='word_1_245' title='bbox 1335 1779 1817 1841; x_wconf 86' lang='lat' dir='ltr'><strong>contemptumque</strong></span> <span class='ocrx_word' id='word_1_246' title='bbox 1842 1768 2026 1825; x_wconf 62' lang='lat' dir='ltr'><strong>saeculi</strong></span> <span class='ocrx_word' id='word_1_247' title='bbox 2057 1783 2118 1824; x_wconf 89' lang='lat' dir='ltr'><strong>se</strong></span> <span class='ocrx_word' id='word_1_248' title='bbox 2139 1769 2216 1838; x_wconf 89' lang='lat' dir='ltr'><strong>ip-</strong></span> <span class='ocrx_word' id='word_1_249' title='bbox 2247 1776 2295 1838; x_wconf 87' lang='lat' dir='ltr'><strong>B</strong></span> <span class='ocrx_word' id='word_1_250' title='bbox 2322 1789 2569 1846; x_wconf 78' lang='lat' dir='ltr'><strong>pauperes</strong></span> <span class='ocrx_word' id='word_1_251' title='bbox 2589 1774 2793 1843; x_wconf 78' lang='lat' dir='ltr'><strong>spiritu,</strong></span> <span class='ocrx_word' id='word_1_252' title='bbox 2817 1775 3057 1845; x_wconf 85' lang='lat' dir='ltr'><strong>quoniam</strong></span> <span class='ocrx_word' id='word_1_253' title='bbox 3078 1773 3309 1845; x_wconf 86' lang='lat' dir='ltr'><strong>ipsorum</strong></span> <span class='ocrx_word' id='word_1_254' title='bbox 3335 1783 3409 1828; x_wconf 88' lang='lat' dir='ltr'><strong>est</strong></span> <span class='ocrx_word' id='word_1_255' title='bbox 3429 1791 3631 1844; x_wconf 82' lang='lat' dir='ltr'><strong>regnum</strong></span> <span class='ocrx_word' id='word_1_256' title='bbox 3661 1775 3812 1828; x_wconf 70' lang='lat' dir='ltr'><strong>celeris</strong></span> 
     </span>
    </p>
   </div>
   <div class='ocr_carea' id='block_1_33' title="bbox 615 1863 2217 1938">
    <p class='ocr_par' dir='ltr' id='par_1_33' title="bbox 615 1863 2217 1938">
     <span class='ocr_line' id='line_1_33' title="bbox 615 1863 2217 1938; baseline -0.007 -11"><span class='ocrx_word' id='word_1_257' title='bbox 615 1884 709 1927; x_wconf 87' lang='lat' dir='ltr'><strong>sos</strong></span> <span class='ocrx_word' id='word_1_258' title='bbox 739 1869 791 1924; x_wconf 92' lang='lat' dir='ltr'><strong>in</strong></span> <span class='ocrx_word' id='word_1_259' title='bbox 820 1876 1135 1938; x_wconf 87' lang='lat' dir='ltr'><strong>paupertate</strong></span> <span class='ocrx_word' id='word_1_260' title='bbox 1157 1863 1515 1930; x_wconf 89' lang='lat' dir='ltr'><strong>constituunt,</strong></span> <span class='ocrx_word' id='word_1_261' title='bbox 1547 1878 1684 1936; x_wconf 91' lang='lat' dir='ltr'><strong>quos</strong></span> <span class='ocrx_word' id='word_1_262' title='bbox 1713 1863 1836 1919; x_wconf 89' lang='lat' dir='ltr'><strong>cibo</strong></span> <span class='ocrx_word' id='word_1_263' title='bbox 1864 1863 1988 1916; x_wconf 75' lang='lat' dir='ltr'><strong>vita:</strong></span> <span class='ocrx_word' id='word_1_264' title='bbox 2017 1876 2217 1932; x_wconf 90' lang='lat' dir='ltr'><strong>peren-</strong></span> 
     </span>
    </p>
   </div>
   <div class='ocr_carea' id='block_1_34' title="bbox 617 1954 2218 2032">
    <p class='ocr_par' dir='ltr' id='par_1_34' title="bbox 617 1954 2218 2032">
     <span class='ocr_line' id='line_1_34' title="bbox 617 1954 2218 2032; baseline -0.006 -14"><span class='ocrx_word' id='word_1_265' title='bbox 617 1962 704 2018; x_wconf 92' lang='lat' dir='ltr'><strong>nis</strong></span> <span class='ocrx_word' id='word_1_266' title='bbox 724 1960 981 2032; x_wconf 88' lang='lat' dir='ltr'><strong>explebit,</strong></span> <span class='ocrx_word' id='word_1_267' title='bbox 1013 1959 1153 2015; x_wconf 90' lang='lat' dir='ltr'><strong>sicut</strong></span> <span class='ocrx_word' id='word_1_268' title='bbox 1177 1959 1299 2014; x_wconf 91' lang='lat' dir='ltr'><strong>loco</strong></span> <span class='ocrx_word' id='word_1_269' title='bbox 1328 1957 1433 2013; x_wconf 88' lang='lat' dir='ltr'><strong>alio</strong></span> <span class='ocrx_word' id='word_1_270' title='bbox 1458 1957 1662 2012; x_wconf 91' lang='lat' dir='ltr'><strong>dictum</strong></span> <span class='ocrx_word' id='word_1_271' title='bbox 1690 1964 1774 2012; x_wconf 89' lang='lat' dir='ltr'><strong>est</strong></span> <span class='ocrx_word' id='word_1_272' title='bbox 1800 1972 1814 2008; x_wconf 88' lang='lat'><strong>:</strong></span> <span class='ocrx_word' id='word_1_273' title='bbox 1847 1954 2041 2009; x_wconf 82' lang='lat' dir='ltr'><strong>Disites</strong></span> <span class='ocrx_word' id='word_1_274' title='bbox 2068 1970 2218 2024; x_wconf 86' lang='lat' dir='ltr'><strong>egue-</strong></span> 
     </span>
    </p>
   </div>
   <div class='ocr_carea' id='block_1_35' title="bbox 617 2048 2220 2123">
    <p class='ocr_par' dir='ltr' id='par_1_35' title="bbox 617 2048 2220 2123">
     <span class='ocr_line' id='line_1_35' title="bbox 617 2048 2220 2123; baseline -0.006 -11"><span class='ocrx_word' id='word_1_275' title='bbox 617 2065 741 2112; x_wconf 84' lang='lat' dir='ltr'><strong>runt</strong></span> <span class='ocrx_word' id='word_1_276' title='bbox 779 2063 825 2110; x_wconf 88' lang='lat' dir='ltr'><strong>et</strong></span> <span class='ocrx_word' id='word_1_277' title='bbox 861 2055 1182 2120; x_wconf 86' lang='lat' dir='ltr'><strong>esurierunt;</strong></span> <span class='ocrx_word' id='word_1_278' title='bbox 1227 2053 1542 2123; x_wconf 79' lang='lat' dir='ltr'><strong>inquirentes</strong></span> <span class='ocrx_word' id='word_1_279' title='bbox 1585 2059 1760 2105; x_wconf 90' lang='lat' dir='ltr'><strong>autem</strong></span> <span class='ocrx_word' id='word_1_280' title='bbox 1811 2048 2088 2104; x_wconf 82' lang='lat' dir='ltr'><strong>Dominum</strong></span> <span class='ocrx_word' id='word_1_281' title='bbox 2115 2065 2220 2103; x_wconf 88' lang='lat' dir='ltr'><strong>non</strong></span> 
     </span>
    </p>
   </div>
   <div class='ocr_carea' id='block_1_36' title="bbox 619 2147 1265 2202">
    <p class='ocr_par' dir='ltr' id='par_1_36' title="bbox 619 2147 1265 2202">
     <span class='ocr_line' id='line_1_36' title="bbox 619 2147 1265 2202; baseline -0.006 0"><span class='ocrx_word' id='word_1_282' title='bbox 619 2149 919 2202; x_wconf 87' lang='lat' dir='ltr'><strong>minuentur</strong></span> <span class='ocrx_word' id='word_1_283' title='bbox 949 2147 1090 2201; x_wconf 91' lang='lat' dir='ltr'><strong>omni</strong></span> <span class='ocrx_word' id='word_1_284' title='bbox 1113 2148 1265 2201; x_wconf 88' lang='lat' dir='ltr'><strong>bono.</strong></span> 
     </span>
    </p>
   </div>
   <div class='ocr_carea' id='block_1_37' title="bbox 691 2236 2216 2310">
    <p class='ocr_par' dir='ltr' id='par_1_37' title="bbox 691 2236 2216 2310">
     <span class='ocr_line' id='line_1_37' title="bbox 691 2236 2216 2310; baseline -0.003 -14"><span class='ocrx_word' id='word_1_285' title='bbox 691 2241 786 2296; x_wconf 89' lang='lat'><strong>26.</strong></span> <span class='ocrx_word' id='word_1_286' title='bbox 819 2236 1156 2297; x_wconf 86' lang='lat' dir='ltr'><strong>Sacerdotum</strong></span> <span class='ocrx_word' id='word_1_287' title='bbox 1176 2239 1360 2310; x_wconf 82' lang='lat' dir='ltr'><strong>gloria,</strong></span> <span class='ocrx_word' id='word_1_288' title='bbox 1384 2247 1434 2294; x_wconf 89' lang='lat' dir='ltr'><strong>et</strong></span> <span class='ocrx_word' id='word_1_289' title='bbox 1456 2246 1752 2293; x_wconf 88' lang='lat' dir='ltr'><strong>sanctorum</strong></span> <span class='ocrx_word' id='word_1_290' title='bbox 1777 2237 1955 2291; x_wconf 74' lang='lat' dir='ltr'><strong>laztitia</strong></span> <span class='ocrx_word' id='word_1_291' title='bbox 1971 2239 2216 2309; x_wconf 79' lang='lat' dir='ltr'><strong>perfecta.</strong></span> 
     </span>
    </p>
   </div>
   <div class='ocr_carea' id='block_1_38' title="bbox 620 2330 2222 2405">
    <p class='ocr_par' dir='ltr' id='par_1_38' title="bbox 620 2330 2222 2405">
     <span class='ocr_line' id='line_1_38' title="bbox 620 2330 2222 2405; baseline -0.006 -12"><span class='ocrx_word' id='word_1_292' title='bbox 620 2367 692 2379; x_wconf 94' lang='lat'>—</span> <span class='ocrx_word' id='word_1_293' title='bbox 714 2335 918 2392; x_wconf 90' lang='lat' dir='ltr'><strong>Dehinc</strong></span> <span class='ocrx_word' id='word_1_294' title='bbox 933 2336 1199 2405; x_wconf 89' lang='lat' dir='ltr'><strong>sequitur,</strong></span> <span class='ocrx_word' id='word_1_295' title='bbox 1228 2334 1390 2390; x_wconf 72' lang='lat' dir='ltr'><strong>Vens.</strong></span> <span class='ocrx_word' id='word_1_296' title='bbox 1421 2333 1518 2389; x_wconf 91' lang='lat'><strong>16:</strong></span> <span class='ocrx_word' id='word_1_297' title='bbox 1547 2334 1854 2388; x_wconf 80' lang='lat' dir='ltr'><strong>Sacerdotes</strong></span> <span class='ocrx_word' id='word_1_298' title='bbox 1875 2333 1988 2403; x_wconf 82' lang='lat' dir='ltr'><strong>ejus</strong></span> <span class='ocrx_word' id='word_1_299' title='bbox 2009 2330 2222 2386; x_wconf 86' lang='lat' dir='ltr'><strong>induam</strong></span> 
     </span>
    </p>
   </div>
   <div class='ocr_carea' id='block_1_39' title="bbox 621 2425 2223 2504">
    <p class='ocr_par' dir='ltr' id='par_1_39' title="bbox 621 2425 2223 2504">
     <span class='ocr_line' id='line_1_39' title="bbox 621 2425 2223 2504; baseline -0.002 -19"><span class='ocrx_word' id='word_1_300' title='bbox 621 2430 702 2504; x_wconf 87' lang='lat'><strong>(2)</strong></span> <span class='ocrx_word' id='word_1_301' title='bbox 726 2429 964 2496; x_wconf 91' lang='lat' dir='ltr'><strong>salutari,</strong></span> <span class='ocrx_word' id='word_1_302' title='bbox 985 2437 1036 2484; x_wconf 92' lang='lat' dir='ltr'><strong>et</strong></span> <span class='ocrx_word' id='word_1_303' title='bbox 1058 2429 1222 2484; x_wconf 91' lang='lat' dir='ltr'><strong>sancti</strong></span> <span class='ocrx_word' id='word_1_304' title='bbox 1250 2431 1362 2499; x_wconf 87' lang='lat' dir='ltr'><strong>ejus</strong></span> <span class='ocrx_word' id='word_1_305' title='bbox 1381 2427 1724 2482; x_wconf 76' lang='lat' dir='ltr'><strong>exsultatione</strong></span> <span class='ocrx_word' id='word_1_306' title='bbox 1751 2427 2100 2482; x_wconf 71' lang='lat' dir='ltr'><strong>exsultabunt.</strong></span> <span class='ocrx_word' id='word_1_307' title='bbox 2124 2425 2223 2482; x_wconf 86' lang='lat' dir='ltr'><strong>Sa-</strong></span> 
     </span>
    </p>
   </div>
   <div class='ocr_carea' id='block_1_40' title="bbox 617 2520 2220 2595">
    <p class='ocr_par' dir='ltr' id='par_1_40' title="bbox 617 2520 2220 2595">
     <span class='ocr_line' id='line_1_40' title="bbox 617 2520 2220 2595; baseline -0.005 -13"><span class='ocrx_word' id='word_1_308' title='bbox 617 2525 870 2582; x_wconf 87' lang='lat' dir='ltr'><strong>cerdotes</strong></span> <span class='ocrx_word' id='word_1_309' title='bbox 905 2524 1154 2595; x_wconf 89' lang='lat' dir='ltr'><strong>superius</strong></span> <span class='ocrx_word' id='word_1_310' title='bbox 1196 2523 1401 2593; x_wconf 90' lang='lat' dir='ltr'><strong>justitia</strong></span> <span class='ocrx_word' id='word_1_311' title='bbox 1429 2522 1744 2589; x_wconf 90' lang='lat' dir='ltr'><strong>induuntur,</strong></span> <span class='ocrx_word' id='word_1_312' title='bbox 1793 2521 1889 2577; x_wconf 91' lang='lat' dir='ltr'><strong>sed</strong></span> <span class='ocrx_word' id='word_1_313' title='bbox 1918 2520 2220 2592; x_wconf 82' lang='lat' dir='ltr'><strong>proiectum</strong></span> 
     </span>
    </p>
   </div>
   <div class='ocr_carea' id='block_1_41' title="bbox 620 2615 2224 2681">
    <p class='ocr_par' dir='ltr' id='par_1_41' title="bbox 620 2615 2224 2681">
     <span class='ocr_line' id='line_1_41' title="bbox 620 2615 2224 2681; baseline -0.004 -6"><span class='ocrx_word' id='word_1_314' title='bbox 620 2618 843 2676; x_wconf 89' lang='lat' dir='ltr'><strong>honoris</strong></span> <span class='ocrx_word' id='word_1_315' title='bbox 869 2618 951 2674; x_wconf 91' lang='lat' dir='ltr'><strong>sui</strong></span> <span class='ocrx_word' id='word_1_316' title='bbox 975 2625 1192 2674; x_wconf 90' lang='lat' dir='ltr'><strong>sumunt</strong></span> <span class='ocrx_word' id='word_1_317' title='bbox 1217 2637 1230 2673; x_wconf 88' lang='lat'><strong>:</strong></span> <span class='ocrx_word' id='word_1_318' title='bbox 1263 2616 1485 2672; x_wconf 89' lang='lat' dir='ltr'><strong>salutari</strong></span> <span class='ocrx_word' id='word_1_319' title='bbox 1516 2616 1723 2671; x_wconf 90' lang='lat' dir='ltr'><strong>scilicet</strong></span> <span class='ocrx_word' id='word_1_320' title='bbox 1749 2615 2067 2681; x_wconf 91' lang='lat' dir='ltr'><strong>induuntur,</strong></span> <span class='ocrx_word' id='word_1_321' title='bbox 2091 2628 2224 2670; x_wconf 88' lang='lat' dir='ltr'><strong>con-</strong></span> 
     </span>
    </p>
   </div>
   <div class='ocr_carea' id='block_1_42' title="bbox 617 2706 2220 2781">
    <p class='ocr_par' dir='ltr' id='par_1_42' title="bbox 617 2706 2220 2781">
     <span class='ocr_line' id='line_1_42' title="bbox 617 2706 2220 2781; baseline -0.005 -14"><span class='ocrx_word' id='word_1_322' title='bbox 617 2711 822 2768; x_wconf 84' lang='lat' dir='ltr'><strong>formes</strong></span> <span class='ocrx_word' id='word_1_323' title='bbox 847 2709 1023 2767; x_wconf 75' lang='lat' dir='ltr'><strong>eﬁ&#39;ecti</strong></span> <span class='ocrx_word' id='word_1_324' title='bbox 1065 2708 1251 2781; x_wconf 68' lang='lat' dir='ltr'><strong>gloria:</strong></span> <span class='ocrx_word' id='word_1_325' title='bbox 1281 2708 1360 2781; x_wconf 87' lang='lat' dir='ltr'><strong>(b)</strong></span> <span class='ocrx_word' id='word_1_326' title='bbox 1389 2706 1642 2763; x_wconf 90' lang='lat' dir='ltr'><strong>salutaris</strong></span> <span class='ocrx_word' id='word_1_327' title='bbox 1669 2725 1683 2762; x_wconf 94' lang='lat'><strong>:</strong></span> <span class='ocrx_word' id='word_1_328' title='bbox 1716 2707 1838 2778; x_wconf 89' lang='lat' dir='ltr'><strong>quia</strong></span> <span class='ocrx_word' id='word_1_329' title='bbox 1861 2749 1876 2774; x_wconf 94' lang='lat'><strong>,</strong></span> <span class='ocrx_word' id='word_1_330' title='bbox 1925 2706 2220 2762; x_wconf 87' lang='lat' dir='ltr'><strong>secundum</strong></span> 
     </span>
    </p>
   </div>
   <div class='ocr_carea' id='block_1_43' title="bbox 619 2801 2220 2877">
    <p class='ocr_par' dir='ltr' id='par_1_43' title="bbox 619 2801 2220 2877">
     <span class='ocr_line' id='line_1_43' title="bbox 619 2801 2220 2877; baseline -0.004 -14"><span class='ocrx_word' id='word_1_331' title='bbox 619 2805 964 2877; x_wconf 81' lang='lat' dir='ltr'><strong>Apostolum,</strong></span> <span class='ocrx_word' id='word_1_332' title='bbox 994 2803 1064 2858; x_wconf 91' lang='lat' dir='ltr'><strong>de</strong></span> <span class='ocrx_word' id='word_1_333' title='bbox 1083 2803 1238 2860; x_wconf 65' lang='lat' dir='ltr'><strong>cretis</strong></span> <span class='ocrx_word' id='word_1_334' title='bbox 1268 2801 1685 2858; x_wconf 85' lang='lat' dir='ltr'><strong>salviﬁcatorem</strong></span> <span class='ocrx_word' id='word_1_335' title='bbox 1713 2810 1958 2857; x_wconf 89' lang='lat' dir='ltr'><strong>nostrum</strong></span> <span class='ocrx_word' id='word_1_336' title='bbox 1989 2816 2220 2871; x_wconf 87' lang='lat' dir='ltr'><strong>exspec-</strong></span> 
     </span>
    </p>
   </div>
   <div class='ocr_carea' id='block_1_44' title="bbox 621 2894 2216 2969">
    <p class='ocr_par' dir='ltr' id='par_1_44' title="bbox 621 2894 2216 2969">
     <span class='ocr_line' id='line_1_44' title="bbox 621 2894 2216 2969; baseline -0.003 -15"><span class='ocrx_word' id='word_1_337' title='bbox 621 2906 817 2965; x_wconf 86' lang='lat' dir='ltr'><strong>tamus,</strong></span> <span class='ocrx_word' id='word_1_338' title='bbox 848 2897 937 2967; x_wconf 89' lang='lat' dir='ltr'><strong>qui</strong></span> <span class='ocrx_word' id='word_1_339' title='bbox 968 2896 1131 2969; x_wconf 76' lang='lat'><strong>516</strong></span> <span class='ocrx_word' id='word_1_340' title='bbox 1158 2903 1351 2967; x_wconf 90' lang='lat' dir='ltr'><strong>potens</strong></span> <span class='ocrx_word' id='word_1_341' title='bbox 1375 2906 1480 2962; x_wconf 88' lang='lat' dir='ltr'><strong>est,</strong></span> <span class='ocrx_word' id='word_1_342' title='bbox 1512 2894 1811 2951; x_wconf 90' lang='lat' dir='ltr'><strong>secundum</strong></span> <span class='ocrx_word' id='word_1_343' title='bbox 1840 2895 2216 2965; x_wconf 86' lang='lat' dir='ltr'><strong>operationem</strong></span> 
     </span>
    </p>
   </div>
   <div class='ocr_carea' id='block_1_45' title="bbox 549 2984 2225 3057">
    <p class='ocr_par' dir='ltr' id='par_1_45' title="bbox 549 2984 2225 3057">
     <span class='ocr_line' id='line_1_45' title="bbox 549 2984 2225 3057; baseline -0.001 -14"><span class='ocrx_word' id='word_1_344' title='bbox 549 3039 554 3043; x_wconf 87' lang='lat'><strong>.</strong></span> <span class='ocrx_word' id='word_1_345' title='bbox 621 2989 927 3047; x_wconf 53' lang='lat' dir='ltr'><strong>efﬁcientia</strong></span> <span class='ocrx_word' id='word_1_346' title='bbox 964 3004 1100 3054; x_wconf 67' lang='lat' dir='ltr'><strong>sum,</strong></span> <span class='ocrx_word' id='word_1_347' title='bbox 1145 3002 1343 3057; x_wconf 91' lang='lat' dir='ltr'><strong>corpus</strong></span> <span class='ocrx_word' id='word_1_348' title='bbox 1393 2986 1712 3042; x_wconf 85' lang='lat' dir='ltr'><strong>humilitatis</strong></span> <span class='ocrx_word' id='word_1_349' title='bbox 1765 2995 1964 3041; x_wconf 74' lang='lat' dir='ltr'><strong>nostra:</strong></span> <span class='ocrx_word' id='word_1_350' title='bbox 2005 2984 2225 3042; x_wconf 87' lang='lat' dir='ltr'><strong>confor-</strong></span> 
     </span>
    </p>
   </div>
   <div class='ocr_carea' id='block_1_46' title="bbox 623 3077 2223 3152">
    <p class='ocr_par' dir='ltr' id='par_1_46' title="bbox 623 3077 2223 3152">
     <span class='ocr_line' id='line_1_46' title="bbox 623 3077 2223 3152; baseline -0.003 -13"><span class='ocrx_word' id='word_1_351' title='bbox 623 3098 776 3139; x_wconf 89' lang='lat' dir='ltr'><strong>mare</strong></span> <span class='ocrx_word' id='word_1_352' title='bbox 825 3080 1038 3152; x_wconf 88' lang='lat' dir='ltr'><strong>corpori</strong></span> <span class='ocrx_word' id='word_1_353' title='bbox 1078 3079 1266 3152; x_wconf 78' lang='lat' dir='ltr'><strong>gloriae</strong></span> <span class='ocrx_word' id='word_1_354' title='bbox 1306 3093 1419 3135; x_wconf 81' lang='lat' dir='ltr'><strong>suae</strong></span> <span class='ocrx_word' id='word_1_355' title='bbox 1468 3077 1638 3151; x_wconf 83' lang='lat' dir='ltr'><strong>(Phil.</strong></span> <span class='ocrx_word' id='word_1_356' title='bbox 1669 3094 1753 3145; x_wconf 86' lang='grc' dir='ltr'>ιιι,</span> <span class='ocrx_word' id='word_1_357' title='bbox 1800 3079 1894 3143; x_wconf 78' lang='lat'><strong>20,</strong></span> <span class='ocrx_word' id='word_1_358' title='bbox 1935 3077 2052 3150; x_wconf 80' lang='lat'><strong>21).</strong></span> <span class='ocrx_word' id='word_1_359' title='bbox 2109 3078 2223 3134; x_wconf 90' lang='lat' dir='ltr'><strong>Hoc</strong></span> 
     </span>
    </p>
   </div>
   <div class='ocr_carea' id='block_1_47' title="bbox 2323 1865 3814 1939">
    <p class='ocr_par' dir='ltr' id='par_1_47' title="bbox 2323 1865 3814 1939">
     <span class='ocr_line' id='line_1_47' title="bbox 2323 1865 3814 1939; baseline 0 -19"><span class='ocrx_word' id='word_1_360' title='bbox 2323 1865 2534 1939; x_wconf 74' lang='lat' dir='ltr'><strong>(Matth.</strong></span> <span class='ocrx_word' id='word_1_361' title='bbox 2564 1883 2617 1932; x_wconf 91' lang='lat' dir='ltr'><strong>v,</strong></span> <span class='ocrx_word' id='word_1_362' title='bbox 2647 1867 2727 1934; x_wconf 80' lang='lat'><strong>5),</strong></span> <span class='ocrx_word' id='word_1_363' title='bbox 2759 1867 2809 1922; x_wconf 90' lang='lat' dir='ltr'><strong>id</strong></span> <span class='ocrx_word' id='word_1_364' title='bbox 2839 1875 2943 1931; x_wconf 88' lang='lat' dir='ltr'><strong>est,</strong></span> <span class='ocrx_word' id='word_1_365' title='bbox 2973 1867 3036 1938; x_wconf 85' lang='lat' dir='ltr'><strong>(i)</strong></span> <span class='ocrx_word' id='word_1_366' title='bbox 3066 1867 3118 1921; x_wconf 93' lang='lat' dir='ltr'><strong>in</strong></span> <span class='ocrx_word' id='word_1_367' title='bbox 3141 1881 3279 1937; x_wconf 90' lang='lat' dir='ltr'><strong>quos</strong></span> <span class='ocrx_word' id='word_1_368' title='bbox 3301 1877 3535 1922; x_wconf 79' lang='lat' dir='ltr'><strong>:eternus</strong></span> <span class='ocrx_word' id='word_1_369' title='bbox 3556 1882 3657 1933; x_wconf 88' lang='lat' dir='ltr'><strong>rex,</strong></span> <span class='ocrx_word' id='word_1_370' title='bbox 3675 1867 3814 1934; x_wconf 53' lang='lat' dir='ltr'><strong>etenim</strong></span> 
     </span>
    </p>
   </div>
   <div class='ocr_carea' id='block_1_48' title="bbox 2321 1959 3816 2031">
    <p class='ocr_par' dir='ltr' id='par_1_48' title="bbox 2321 1959 3816 2031">
     <span class='ocr_line' id='line_1_48' title="bbox 2321 1959 3816 2031; baseline -0.001 -16"><span class='ocrx_word' id='word_1_371' title='bbox 2321 1959 2617 2015; x_wconf 86' lang='lat' dir='ltr'><strong>secundum</strong></span> <span class='ocrx_word' id='word_1_372' title='bbox 2648 1960 2923 2016; x_wconf 90' lang='lat' dir='ltr'><strong>Danielem</strong></span> <span class='ocrx_word' id='word_1_373' title='bbox 2954 1959 3104 2030; x_wconf 89' lang='lat' dir='ltr'><strong>regni</strong></span> <span class='ocrx_word' id='word_1_374' title='bbox 3147 1959 3270 2014; x_wconf 90' lang='lat' dir='ltr'><strong>ﬁnis</strong></span> <span class='ocrx_word' id='word_1_375' title='bbox 3309 1959 3488 2014; x_wconf 87' lang='lat' dir='ltr'><strong>nullus</strong></span> <span class='ocrx_word' id='word_1_376' title='bbox 3527 1970 3622 2026; x_wconf 82' lang='lat' dir='ltr'><strong>est,</strong></span> <span class='ocrx_word' id='word_1_377' title='bbox 3661 1961 3816 2031; x_wconf 61' lang='lat' dir='ltr'><strong>remisi:</strong></span> 
     </span>
    </p>
   </div>
   <div class='ocr_carea' id='block_1_49' title="bbox 2321 2051 2756 2124">
    <p class='ocr_par' dir='ltr' id='par_1_49' title="bbox 2321 2051 2756 2124">
     <span class='ocr_line' id='line_1_49' title="bbox 2321 2051 2756 2124; baseline 0.009 -19"><span class='ocrx_word' id='word_1_378' title='bbox 2321 2051 2483 2124; x_wconf 89' lang='lat' dir='ltr'><strong>(Dan.</strong></span> <span class='ocrx_word' id='word_1_379' title='bbox 2515 2069 2605 2121; x_wconf 86' lang='lat' dir='ltr'><strong>vn,</strong></span> <span class='ocrx_word' id='word_1_380' title='bbox 2635 2052 2756 2124; x_wconf 86' lang='lat'><strong>27).</strong></span> 
     </span>
    </p>
   </div>
   <div class='ocr_carea' id='block_1_50' title="bbox 2392 2146 3813 2219">
    <p class='ocr_par' dir='ltr' id='par_1_50' title="bbox 2392 2146 3813 2219">
     <span class='ocr_line' id='line_1_50' title="bbox 2392 2146 3813 2219; baseline -0.003 -16"><span class='ocrx_word' id='word_1_381' title='bbox 2392 2146 2485 2203; x_wconf 90' lang='lat'><strong>28.</strong></span> <span class='ocrx_word' id='word_1_382' title='bbox 2530 2146 2650 2202; x_wconf 83' lang='lat' dir='ltr'><strong>Non</strong></span> <span class='ocrx_word' id='word_1_383' title='bbox 2679 2149 2820 2204; x_wconf 89' lang='lat' dir='ltr'><strong>latet.</strong></span> <span class='ocrx_word' id='word_1_384' title='bbox 2853 2147 3135 2219; x_wconf 85' lang='lat' dir='ltr'><strong>Prophetia</strong></span> <span class='ocrx_word' id='word_1_385' title='bbox 3162 2150 3349 2215; x_wconf 84' lang='lat' dir='ltr'><strong>omnis,</strong></span> <span class='ocrx_word' id='word_1_386' title='bbox 3381 2149 3585 2202; x_wconf 80' lang='lat' dir='ltr'><strong>lucerna</strong></span> <span class='ocrx_word' id='word_1_387' title='bbox 3607 2148 3813 2201; x_wconf 66' lang='lat' dir='ltr'><strong>Christi.-</strong></span> 
     </span>
    </p>
   </div>
   <div class='ocr_carea' id='block_1_51' title="bbox 2321 2241 3814 2314">
    <p class='ocr_par' dir='ltr' id='par_1_51' title="bbox 2321 2241 3814 2314">
     <span class='ocr_line' id='line_1_51' title="bbox 2321 2241 3814 2314; baseline -0.005 -16"><span class='ocrx_word' id='word_1_388' title='bbox 2321 2241 2442 2299; x_wconf 84' lang='lat' dir='ltr'><strong>Non</strong></span> <span class='ocrx_word' id='word_1_389' title='bbox 2468 2243 2710 2298; x_wconf 90' lang='lat' dir='ltr'><strong>occultus</strong></span> <span class='ocrx_word' id='word_1_390' title='bbox 2733 2244 2892 2314; x_wconf 89' lang='lat' dir='ltr'><strong>igitur</strong></span> <span class='ocrx_word' id='word_1_391' title='bbox 2919 2243 3006 2299; x_wconf 90' lang='lat' dir='ltr'><strong>hic</strong></span> <span class='ocrx_word' id='word_1_392' title='bbox 3043 2259 3135 2298; x_wconf 86' lang='lat' dir='ltr'><strong>rex</strong></span> <span class='ocrx_word' id='word_1_393' title='bbox 3166 2253 3247 2299; x_wconf 88' lang='lat' dir='ltr'><strong>est</strong></span> <span class='ocrx_word' id='word_1_394' title='bbox 3274 2261 3287 2296; x_wconf 93' lang='lat'><strong>:</strong></span> <span class='ocrx_word' id='word_1_395' title='bbox 3321 2244 3463 2296; x_wconf 91' lang='lat' dir='ltr'><strong>hunc</strong></span> <span class='ocrx_word' id='word_1_396' title='bbox 3494 2243 3596 2297; x_wconf 85' lang='lat' dir='ltr'><strong>Lex</strong></span> <span class='ocrx_word' id='word_1_397' title='bbox 3627 2243 3814 2312; x_wconf 68' lang='lat' dir='ltr'><strong>militat.</strong></span> 
     </span>
    </p>
   </div>
   <div class='ocr_carea' id='block_1_52' title="bbox 2325 2335 3816 2408">
    <p class='ocr_par' dir='ltr' id='par_1_52' title="bbox 2325 2335 3816 2408">
     <span class='ocr_line' id='line_1_52' title="bbox 2325 2335 3816 2408; baseline -0.003 -18"><span class='ocrx_word' id='word_1_398' title='bbox 2325 2335 2467 2391; x_wconf 90' lang='lat' dir='ltr'><strong>hunc</strong></span> <span class='ocrx_word' id='word_1_399' title='bbox 2489 2335 2774 2407; x_wconf 77' lang='lat' dir='ltr'><strong>Propheta:</strong></span> <span class='ocrx_word' id='word_1_400' title='bbox 2806 2337 3148 2408; x_wconf 83' lang='lat' dir='ltr'><strong>pollicentur,</strong></span> <span class='ocrx_word' id='word_1_401' title='bbox 3194 2337 3337 2392; x_wconf 87' lang='lat' dir='ltr'><strong>hunc</strong></span> <span class='ocrx_word' id='word_1_402' title='bbox 3390 2335 3622 2391; x_wconf 85' lang='lat' dir='ltr'><strong>Joannes</strong></span> <span class='ocrx_word' id='word_1_403' title='bbox 3646 2337 3816 2405; x_wconf 60' lang='lat' dir='ltr'><strong>penite-</strong></span> 
     </span>
    </p>
   </div>
   <div class='ocr_carea' id='block_1_53' title="bbox 2326 2427 3818 2498">
    <p class='ocr_par' dir='ltr' id='par_1_53' title="bbox 2326 2427 3818 2498">
     <span class='ocr_line' id='line_1_53' title="bbox 2326 2427 3818 2498; baseline -0.001 -17"><span class='ocrx_word' id='word_1_404' title='bbox 2326 2427 2413 2482; x_wconf 77' lang='lat' dir='ltr'><strong>tiae</strong></span> <span class='ocrx_word' id='word_1_405' title='bbox 2461 2427 2782 2498; x_wconf 69' lang='lat' dir='ltr'><strong>praedicator</strong></span> <span class='ocrx_word' id='word_1_406' title='bbox 2827 2428 3087 2484; x_wconf 86' lang='lat' dir='ltr'><strong>ostendit.</strong></span> <span class='ocrx_word' id='word_1_407' title='bbox 3136 2428 3230 2484; x_wconf 89' lang='lat' dir='ltr'><strong>Ille</strong></span> <span class='ocrx_word' id='word_1_408' title='bbox 3277 2437 3364 2485; x_wconf 88' lang='lat' dir='ltr'><strong>est</strong></span> <span class='ocrx_word' id='word_1_409' title='bbox 3401 2433 3576 2494; x_wconf 88' lang='lat' dir='ltr'><strong>enim,</strong></span> <span class='ocrx_word' id='word_1_410' title='bbox 3623 2427 3818 2482; x_wconf 56' lang='lat' dir='ltr'><strong>serenis</strong></span> 
     </span>
    </p>
   </div>
   <div class='ocr_carea' id='block_1_54' title="bbox 2327 2520 3820 2594">
    <p class='ocr_par' dir='ltr' id='par_1_54' title="bbox 2327 2520 3820 2594">
     <span class='ocr_line' id='line_1_54' title="bbox 2327 2520 3820 2594; baseline -0.003 -18"><span class='ocrx_word' id='word_1_411' title='bbox 2327 2522 2536 2576; x_wconf 87' lang='lat' dir='ltr'><strong>Domini</strong></span> <span class='ocrx_word' id='word_1_412' title='bbox 2569 2522 2621 2576; x_wconf 92' lang='lat' dir='ltr'><strong>in</strong></span> <span class='ocrx_word' id='word_1_413' title='bbox 2663 2521 2959 2594; x_wconf 87' lang='lat' dir='ltr'><strong>Evangelio</strong></span> <span class='ocrx_word' id='word_1_414' title='bbox 3001 2521 3224 2589; x_wconf 85' lang='lat' dir='ltr'><strong>dictum,</strong></span> <span class='ocrx_word' id='word_1_415' title='bbox 3276 2523 3499 2579; x_wconf 85' lang='lat' dir='ltr'><strong>lucerna</strong></span> <span class='ocrx_word' id='word_1_416' title='bbox 3525 2520 3820 2582; x_wconf 61' lang='lat' dir='ltr'><strong>ardens,Chri-</strong></span> 
     </span>
    </p>
   </div>
   <div class='ocr_carea' id='block_1_55' title="bbox 2325 2614 3820 2688">
    <p class='ocr_par' dir='ltr' id='par_1_55' title="bbox 2325 2614 3820 2688">
     <span class='ocr_line' id='line_1_55' title="bbox 2325 2614 3820 2688; baseline -0.004 -18"><span class='ocrx_word' id='word_1_417' title='bbox 2325 2623 2466 2670; x_wconf 89' lang='lat' dir='ltr'><strong>stum</strong></span> <span class='ocrx_word' id='word_1_418' title='bbox 2499 2615 2736 2671; x_wconf 90' lang='lat' dir='ltr'><strong>tenebris</strong></span> <span class='ocrx_word' id='word_1_419' title='bbox 2764 2616 2946 2671; x_wconf 90' lang='lat' dir='ltr'><strong>mundi</strong></span> <span class='ocrx_word' id='word_1_420' title='bbox 3001 2615 3161 2686; x_wconf 87' lang='lat' dir='ltr'><strong>hujus</strong></span> <span class='ocrx_word' id='word_1_421' title='bbox 3197 2616 3494 2672; x_wconf 88' lang='lat' dir='ltr'><strong>ostendens</strong></span> <span class='ocrx_word' id='word_1_422' title='bbox 3521 2614 3820 2688; x_wconf 67' lang='lat' dir='ltr'><strong>(Joaa.v,3?i.</strong></span> 
     </span>
    </p>
   </div>
   <div class='ocr_carea' id='block_1_56' title="bbox 2326 2706 3823 2780">
    <p class='ocr_par' dir='ltr' id='par_1_56' title="bbox 2326 2706 3823 2780">
     <span class='ocr_line' id='line_1_56' title="bbox 2326 2706 3823 2780; baseline -0.002 -18"><span class='ocrx_word' id='word_1_423' title='bbox 2326 2706 2517 2763; x_wconf 92' lang='lat' dir='ltr'><strong>Omnis</strong></span> <span class='ocrx_word' id='word_1_424' title='bbox 2546 2708 2704 2779; x_wconf 87' lang='lat' dir='ltr'><strong>igitur</strong></span> <span class='ocrx_word' id='word_1_425' title='bbox 2729 2708 2798 2764; x_wconf 89' lang='lat' dir='ltr'><strong>de</strong></span> <span class='ocrx_word' id='word_1_426' title='bbox 2824 2723 2891 2764; x_wconf 90' lang='lat' dir='ltr'><strong>eo</strong></span> <span class='ocrx_word' id='word_1_427' title='bbox 2920 2709 3225 2780; x_wconf 88' lang='lat' dir='ltr'><strong>prophetia,</strong></span> <span class='ocrx_word' id='word_1_428' title='bbox 3258 2710 3479 2765; x_wconf 89' lang='lat' dir='ltr'><strong>lucerna</strong></span> <span class='ocrx_word' id='word_1_429' title='bbox 3506 2718 3587 2765; x_wconf 87' lang='lat' dir='ltr'><strong>est</strong></span> <span class='ocrx_word' id='word_1_430' title='bbox 3607 2709 3720 2779; x_wconf 77' lang='lat' dir='ltr'><strong>ejus,</strong></span> <span class='ocrx_word' id='word_1_431' title='bbox 3739 2708 3823 2777; x_wconf 58' lang='lat' dir='ltr'><strong>iga-3-</strong></span> 
     </span>
    </p>
   </div>
   <div class='ocr_carea' id='block_1_57' title="bbox 2326 2801 3823 2862">
    <p class='ocr_par' dir='ltr' id='par_1_57' title="bbox 2326 2801 3823 2862">
     <span class='ocr_line' id='line_1_57' title="bbox 2326 2801 3823 2862; baseline 0.002 -7"><span class='ocrx_word' id='word_1_432' title='bbox 2326 2801 2514 2856; x_wconf 81' lang='lat' dir='ltr'><strong>rantia:</strong></span> <span class='ocrx_word' id='word_1_433' title='bbox 2545 2812 2743 2858; x_wconf 69' lang='lat' dir='ltr'><strong>nostra:</strong></span> <span class='ocrx_word' id='word_1_434' title='bbox 2773 2804 2916 2859; x_wconf 90' lang='lat' dir='ltr'><strong>nocti</strong></span> <span class='ocrx_word' id='word_1_435' title='bbox 2945 2805 3187 2859; x_wconf 71' lang='lat' dir='ltr'><strong>scientize</strong></span> <span class='ocrx_word' id='word_1_436' title='bbox 3232 2804 3412 2860; x_wconf 90' lang='lat' dir='ltr'><strong>lumen</strong></span> <span class='ocrx_word' id='word_1_437' title='bbox 3438 2803 3731 2862; x_wconf 71' lang='lat' dir='ltr'><strong>“ostendens,</strong></span> <span class='ocrx_word' id='word_1_438' title='bbox 3759 2801 3823 2853; x_wconf 55' lang='lat' dir='ltr'><strong>iii</strong></span> 
     </span>
    </p>
   </div>
   <div class='ocr_carea' id='block_1_58' title="bbox 2325 2895 3822 2967">
    <p class='ocr_par' dir='ltr' id='par_1_58' title="bbox 2325 2895 3822 2967">
     <span class='ocr_line' id='line_1_58' title="bbox 2325 2895 3822 2967; baseline -0.003 -17"><span class='ocrx_word' id='word_1_439' title='bbox 2325 2895 2475 2952; x_wconf 88' lang='lat' dir='ltr'><strong>deles</strong></span> <span class='ocrx_word' id='word_1_440' title='bbox 2503 2904 2662 2966; x_wconf 88' lang='lat' dir='ltr'><strong>atque</strong></span> <span class='ocrx_word' id='word_1_441' title='bbox 2691 2896 2884 2967; x_wconf 91' lang='lat' dir='ltr'><strong>impios</strong></span> <span class='ocrx_word' id='word_1_442' title='bbox 2930 2897 3174 2952; x_wconf 82' lang='lat' dir='ltr'><strong>veritatis</strong></span> <span class='ocrx_word' id='word_1_443' title='bbox 3218 2897 3339 2953; x_wconf 89' lang='lat' dir='ltr'><strong>luce</strong></span> <span class='ocrx_word' id='word_1_444' title='bbox 3378 2896 3724 2959; x_wconf 83' lang='lat' dir='ltr'><strong>confundens,</strong></span> <span class='ocrx_word' id='word_1_445' title='bbox 3745 2895 3822 2948; x_wconf 76' lang='lat' dir='ltr'><strong>etii</strong></span> 
     </span>
    </p>
   </div>
   <div class='ocr_carea' id='block_1_59' title="bbox 2327 2986 3826 3062">
    <p class='ocr_par' dir='ltr' id='par_1_59' title="bbox 2327 2986 3826 3062">
     <span class='ocr_line' id='line_1_59' title="bbox 2327 2986 3826 3062; baseline -0.006 -16"><span class='ocrx_word' id='word_1_446' title='bbox 2327 2987 2614 3059; x_wconf 88' lang='lat' dir='ltr'><strong>Unigenito</strong></span> <span class='ocrx_word' id='word_1_447' title='bbox 2642 2998 2880 3060; x_wconf 73' lang='lat' dir='ltr'><strong>paterna:</strong></span> <span class='ocrx_word' id='word_1_448' title='bbox 2907 2991 3204 3060; x_wconf 87' lang='lat' dir='ltr'><strong>majestatis</strong></span> <span class='ocrx_word' id='word_1_449' title='bbox 3227 2991 3456 3062; x_wconf 87' lang='lat' dir='ltr'><strong>gloriam</strong></span> <span class='ocrx_word' id='word_1_450' title='bbox 3478 2990 3682 3045; x_wconf 84' lang='lat' dir='ltr'><strong>docens.</strong></span> <span class='ocrx_word' id='word_1_451' title='bbox 3705 2989 3751 3042; x_wconf 83' lang='lat' dir='ltr'><strong>Et</strong></span> <span class='ocrx_word' id='word_1_452' title='bbox 3770 2986 3826 3039; x_wconf 76' lang='lat' dir='ltr'><strong>he.-</strong></span> 
     </span>
    </p>
   </div>
   <div class='ocr_carea' id='block_1_60' title="bbox 2328 3080 3824 3155">
    <p class='ocr_par' dir='ltr' id='par_1_60' title="bbox 2328 3080 3824 3155">
     <span class='ocr_line' id='line_1_60' title="bbox 2328 3080 3824 3155; baseline -0.001 -20"><span class='ocrx_word' id='word_1_453' title='bbox 2328 3080 2457 3137; x_wconf 91' lang='lat' dir='ltr'><strong>illud</strong></span> <span class='ocrx_word' id='word_1_454' title='bbox 2479 3092 2564 3138; x_wconf 89' lang='lat' dir='ltr'><strong>est</strong></span> <span class='ocrx_word' id='word_1_455' title='bbox 2583 3083 2722 3152; x_wconf 89' lang='lat' dir='ltr'><strong>quod</strong></span> <span class='ocrx_word' id='word_1_456' title='bbox 2751 3085 2993 3155; x_wconf 86' lang='lat' dir='ltr'><strong>sequitur</strong></span> <span class='ocrx_word' id='word_1_457' title='bbox 3018 3101 3030 3137; x_wconf 87' lang='lat'><strong>:</strong></span> <span class='ocrx_word' id='word_1_458' title='bbox 3062 3083 3251 3139; x_wconf 83' lang='lat' dir='ltr'><strong>Paravi</strong></span> <span class='ocrx_word' id='word_1_459' title='bbox 3283 3085 3542 3139; x_wconf 82' lang='lat' dir='ltr'><strong>lucernam</strong></span> <span class='ocrx_word' id='word_1_460' title='bbox 3560 3083 3734 3138; x_wconf 85' lang='lat' dir='ltr'><strong>Christo</strong></span> <span class='ocrx_word' id='word_1_461' title='bbox 3753 3099 3824 3134; x_wconf 55' lang='lat' dir='ltr'><strong>se.</strong></span> 
     </span>
    </p>
   </div>
   <div class='ocr_carea' id='block_1_61' title="bbox 623 3170 3826 3248">
    <p class='ocr_par' dir='ltr' id='par_1_61' title="bbox 623 3170 3826 3248">
     <span class='ocr_line' id='line_1_61' title="bbox 623 3170 3826 3248; baseline -0.001 -16"><span class='ocrx_word' id='word_1_462' title='bbox 623 3189 754 3246; x_wconf 88' lang='lat' dir='ltr'><strong>ergo</strong></span> <span class='ocrx_word' id='word_1_463' title='bbox 777 3173 997 3230; x_wconf 82' lang='lat' dir='ltr'><strong>salutari</strong></span> <span class='ocrx_word' id='word_1_464' title='bbox 1027 3172 1338 3230; x_wconf 85' lang='lat' dir='ltr'><strong>sacerdotes</strong></span> <span class='ocrx_word' id='word_1_465' title='bbox 1362 3171 1441 3243; x_wconf 83' lang='lat'><strong>(5)</strong></span> <span class='ocrx_word' id='word_1_466' title='bbox 1473 3171 1799 3237; x_wconf 88' lang='lat' dir='ltr'><strong>induuntur;</strong></span> <span class='ocrx_word' id='word_1_467' title='bbox 1829 3170 1924 3226; x_wconf 88' lang='lat' dir='ltr'><strong>sed</strong></span> <span class='ocrx_word' id='word_1_468' title='bbox 1965 3179 2021 3227; x_wconf 88' lang='lat' dir='ltr'><strong>et</strong></span> <span class='ocrx_word' id='word_1_469' title='bbox 2045 3170 2214 3226; x_wconf 86' lang='lat' dir='ltr'><strong>sancti</strong></span> <span class='ocrx_word' id='word_1_470' title='bbox 2245 3181 2291 3245; x_wconf 72' lang='grc' dir='ltr'><strong>ρ</strong></span> <span class='ocrx_word' id='word_1_471' title='bbox 2323 3173 2488 3231; x_wconf 71' lang='lat' dir='ltr'><strong>Vnus.</strong></span> <span class='ocrx_word' id='word_1_472' title='bbox 2510 3175 2594 3231; x_wconf 89' lang='grc'><strong>18.</strong></span> <span class='ocrx_word' id='word_1_473' title='bbox 2615 3174 2857 3231; x_wconf 79' lang='lat' dir='ltr'><strong>Inimicos</strong></span> <span class='ocrx_word' id='word_1_474' title='bbox 2880 3177 2992 3248; x_wconf 85' lang='lat' dir='ltr'><strong>ejus</strong></span> <span class='ocrx_word' id='word_1_475' title='bbox 3011 3177 3221 3231; x_wconf 88' lang='lat' dir='ltr'><strong>induam</strong></span> <span class='ocrx_word' id='word_1_476' title='bbox 3249 3178 3826 3248; x_wconf 64' lang='lat' dir='ltr'><strong>canfusionensperipsl</strong></span> 
     </span>
    </p>
   </div>
   <div class='ocr_carea' id='block_1_62' title="bbox 621 3265 2220 3334">
    <p class='ocr_par' dir='ltr' id='par_1_62' title="bbox 621 3265 2220 3334">
     <span class='ocr_line' id='line_1_62' title="bbox 621 3265 2220 3334; baseline -0.006 -7"><span class='ocrx_word' id='word_1_477' title='bbox 621 3269 980 3328; x_wconf 81' lang='lat' dir='ltr'><strong>exsultatione</strong></span> <span class='ocrx_word' id='word_1_478' title='bbox 1007 3266 1373 3324; x_wconf 86' lang='lat' dir='ltr'><strong>exsultahunt.</strong></span> <span class='ocrx_word' id='word_1_479' title='bbox 1407 3265 1668 3334; x_wconf 86' lang='lat' dir='ltr'><strong>Superius</strong></span> <span class='ocrx_word' id='word_1_480' title='bbox 1708 3265 2060 3320; x_wconf 87' lang='lat' dir='ltr'><strong>exsultahunt</strong></span> <span class='ocrx_word' id='word_1_481' title='bbox 2101 3274 2220 3319; x_wconf 88' lang='lat' dir='ltr'><strong>tan-</strong></span> 
     </span>
    </p>
   </div>
   <div class='ocr_carea' id='block_1_63' title="bbox 621 3358 2219 3432">
    <p class='ocr_par' dir='ltr' id='par_1_63' title="bbox 621 3358 2219 3432">
     <span class='ocr_line' id='line_1_63' title="bbox 621 3358 2219 3432; baseline -0.004 -13"><span class='ocrx_word' id='word_1_482' title='bbox 621 3373 757 3430; x_wconf 91' lang='lat' dir='ltr'><strong>tum,</strong></span> <span class='ocrx_word' id='word_1_483' title='bbox 788 3361 964 3417; x_wconf 87' lang='lat' dir='ltr'><strong>adhuc</strong></span> <span class='ocrx_word' id='word_1_484' title='bbox 986 3361 1058 3432; x_wconf 90' lang='lat' dir='ltr'><strong>(c)</strong></span> <span class='ocrx_word' id='word_1_485' title='bbox 1086 3359 1140 3415; x_wconf 92' lang='lat' dir='ltr'><strong>in</strong></span> <span class='ocrx_word' id='word_1_486' title='bbox 1170 3359 1489 3415; x_wconf 89' lang='lat' dir='ltr'><strong>humilitatis</strong></span> <span class='ocrx_word' id='word_1_487' title='bbox 1527 3373 1757 3428; x_wconf 91' lang='lat' dir='ltr'><strong>corpore</strong></span> <span class='ocrx_word' id='word_1_488' title='bbox 1795 3358 1990 3430; x_wconf 91' lang='lat' dir='ltr'><strong>positi,</strong></span> <span class='ocrx_word' id='word_1_489' title='bbox 2031 3366 2090 3413; x_wconf 91' lang='lat' dir='ltr'><strong>et</strong></span> <span class='ocrx_word' id='word_1_490' title='bbox 2121 3373 2219 3426; x_wconf 85' lang='lat' dir='ltr'><strong>Spe</strong></span> 
     </span>
    </p>
   </div>
   <div class='ocr_carea' id='block_1_64' title="bbox 621 3451 2219 3522">
    <p class='ocr_par' dir='ltr' id='par_1_64' title="bbox 621 3451 2219 3522">
     <span class='ocr_line' id='line_1_64' title="bbox 621 3451 2219 3522; baseline -0.003 -11"><span class='ocrx_word' id='word_1_491' title='bbox 621 3453 994 3512; x_wconf 87' lang='lat' dir='ltr'><strong>tantummodo</strong></span> <span class='ocrx_word' id='word_1_492' title='bbox 1018 3451 1456 3509; x_wconf 66' lang='lat' dir='ltr'><strong>:eternitatislaeti</strong></span> <span class='ocrx_word' id='word_1_493' title='bbox 1488 3469 1501 3507; x_wconf 91' lang='lat'><strong>:</strong></span> <span class='ocrx_word' id='word_1_494' title='bbox 1528 3459 1788 3507; x_wconf 59' lang='lat' dir='ltr'><strong>caeterum</strong></span> <span class='ocrx_word' id='word_1_495' title='bbox 1818 3451 1898 3522; x_wconf 94' lang='lat' dir='ltr'><strong>(d)</strong></span> <span class='ocrx_word' id='word_1_496' title='bbox 1927 3466 2070 3507; x_wconf 91' lang='lat' dir='ltr'><strong>nunc</strong></span> <span class='ocrx_word' id='word_1_497' title='bbox 2094 3465 2219 3522; x_wconf 88' lang='lat' dir='ltr'><strong>per-</strong></span> 
     </span>
    </p>
   </div>
   <div class='ocr_carea' id='block_1_65' title="bbox 622 3542 2216 3614">
    <p class='ocr_par' dir='ltr' id='par_1_65' title="bbox 622 3542 2216 3614">
     <span class='ocr_line' id='line_1_65' title="bbox 622 3542 2216 3614; baseline -0.003 -10"><span class='ocrx_word' id='word_1_498' title='bbox 622 3547 762 3604; x_wconf 88' lang='lat' dir='ltr'><strong>fecta</strong></span> <span class='ocrx_word' id='word_1_499' title='bbox 789 3546 1149 3604; x_wconf 80' lang='lat' dir='ltr'><strong>exsultatione</strong></span> <span class='ocrx_word' id='word_1_500' title='bbox 1178 3544 1534 3610; x_wconf 85' lang='lat' dir='ltr'><strong>exsultantes,</strong></span> <span class='ocrx_word' id='word_1_501' title='bbox 1564 3558 1670 3598; x_wconf 91' lang='lat' dir='ltr'><strong>non</strong></span> <span class='ocrx_word' id='word_1_502' title='bbox 1697 3557 1816 3614; x_wconf 90' lang='lat' dir='ltr'><strong>spe,</strong></span> <span class='ocrx_word' id='word_1_503' title='bbox 1846 3542 1942 3598; x_wconf 88' lang='lat' dir='ltr'><strong>sed</strong></span> <span class='ocrx_word' id='word_1_504' title='bbox 1965 3544 2216 3611; x_wconf 86' lang='lat' dir='ltr'><strong>veritate,</strong></span> 
     </span>
    </p>
   </div>
   <div class='ocr_carea' id='block_1_66' title="bbox 622 3635 2220 3709">
    <p class='ocr_par' dir='ltr' id='par_1_66' title="bbox 622 3635 2220 3709">
     <span class='ocr_line' id='line_1_66' title="bbox 622 3635 2220 3709; baseline -0.002 -12"><span class='ocrx_word' id='word_1_505' title='bbox 622 3655 730 3697; x_wconf 91' lang='lat' dir='ltr'><strong>non</strong></span> <span class='ocrx_word' id='word_1_506' title='bbox 763 3643 816 3695; x_wconf 90' lang='lat' dir='ltr'><strong>in</strong></span> <span class='ocrx_word' id='word_1_507' title='bbox 862 3637 1118 3708; x_wconf 88' lang='lat' dir='ltr'><strong>imagine,</strong></span> <span class='ocrx_word' id='word_1_508' title='bbox 1165 3635 1263 3692; x_wconf 89' lang='lat' dir='ltr'><strong>sed</strong></span> <span class='ocrx_word' id='word_1_509' title='bbox 1290 3649 1540 3706; x_wconf 89' lang='lat' dir='ltr'><strong>corpore.</strong></span> <span class='ocrx_word' id='word_1_510' title='bbox 1589 3635 1683 3691; x_wconf 79' lang='lat' dir='ltr'><strong>Est</strong></span> <span class='ocrx_word' id='word_1_511' title='bbox 1706 3635 1850 3690; x_wconf 90' lang='lat' dir='ltr'><strong>enim</strong></span> <span class='ocrx_word' id='word_1_512' title='bbox 1902 3636 2220 3709; x_wconf 90' lang='lat' dir='ltr'><strong>plerumque</strong></span> 
     </span>
    </p>
   </div>
   <div class='ocr_carea' id='block_1_67' title="bbox 724 3779 1431 3841">
    <p class='ocr_par' dir='ltr' id='par_1_67' title="bbox 724 3779 1431 3841">
     <span class='ocr_line' id='line_1_67' title="bbox 724 3779 1431 3841; baseline -0.01 -1"><span class='ocrx_word' id='word_1_513' title='bbox 724 3784 775 3841; x_wconf 81' lang='grc'><strong>1)</strong></span> <span class='ocrx_word' id='word_1_514' title='bbox 817 3783 978 3838; x_wconf 81' lang='lat' dir='ltr'><strong>Amen</strong></span> <span class='ocrx_word' id='word_1_515' title='bbox 1002 3779 1172 3838; x_wconf 90' lang='lat' dir='ltr'><strong>semel</strong></span> <span class='ocrx_word' id='word_1_516' title='bbox 1204 3788 1431 3836; x_wconf 92' lang='lat' dir='ltr'><strong>tantum.</strong></span> 
     </span>
    </p>
   </div>
   <div class='ocr_carea' id='block_1_68' title="bbox 692 3784 2080 3929">
    <p class='ocr_par' dir='ltr' id='par_1_68' title="bbox 692 3784 2080 3929">
     <span class='ocr_line' id='line_1_68' title="bbox 724 3784 1431 3841; baseline -0.01 -1"><span class='ocrx_word' id='word_1_517' title='bbox 724 3785 747 3841; x_wconf 89' lang='lat'><strong>1</strong></span> <span class='ocrx_word' id='word_1_518' title='bbox 817 3784 978 3838; x_wconf 82' lang='lat' dir='ltr'><strong>Amen</strong></span> <span class='ocrx_word' id='word_1_519' title='bbox 1002 3784 1172 3838; x_wconf 90' lang='lat' dir='ltr'><strong>semel</strong></span> <span class='ocrx_word' id='word_1_520' title='bbox 1204 3788 1431 3836; x_wconf 90' lang='lat' dir='ltr'><strong>tantum.</strong></span> 
     </span>
     <span class='ocr_line' id='line_1_69' title="bbox 692 3784 2080 3929; baseline -0.001 -19"><span class='ocrx_word' id='word_1_521' title='bbox 692 3784 778 3929; x_wconf 48' lang='lat' dir='ltr'><strong>l2}</strong></span> <span class='ocrx_word' id='word_1_522' title='bbox 815 3855 1078 3912; x_wconf 88' lang='lat' dir='ltr'><strong>Salutare.</strong></span> <span class='ocrx_word' id='word_1_523' title='bbox 1109 3852 1252 3918; x_wconf 83' lang='lat' dir='ltr'><strong>Mox,</strong></span> <span class='ocrx_word' id='word_1_524' title='bbox 1285 3851 1597 3908; x_wconf 81' lang='lat' dir='ltr'><strong>exultatione</strong></span> <span class='ocrx_word' id='word_1_525' title='bbox 1621 3855 1737 3927; x_wconf 83' lang='lat' dir='ltr'><strong>ejus</strong></span> <span class='ocrx_word' id='word_1_526' title='bbox 1762 3852 2080 3909; x_wconf 72' lang='lat' dir='ltr'><strong>exultabunt.</strong></span> 
     </span>
    </p>
   </div>
   <div class='ocr_carea' id='block_1_69' title="bbox 619 3995 2217 4074">
    <p class='ocr_par' dir='ltr' id='par_1_69' title="bbox 619 3995 2217 4074">
     <span class='ocr_line' id='line_1_70' title="bbox 619 3995 2217 4074; baseline -0.004 -16"><span class='ocrx_word' id='word_1_527' title='bbox 619 4001 649 4074; x_wconf 26' lang='grc' dir='ltr'><strong>Ἀ</strong></span> <span class='ocrx_word' id='word_1_528' title='bbox 689 4000 771 4074; x_wconf 87' lang='lat' dir='ltr'><strong>(a)</strong></span> <span class='ocrx_word' id='word_1_529' title='bbox 811 3998 971 4074; x_wconf 70' lang='lat' dir='ltr'><strong>Apud</strong></span> <span class='ocrx_word' id='word_1_530' title='bbox 988 3997 1120 4054; x_wconf 88' lang='lat' dir='ltr'><strong>Bad.</strong></span> <span class='ocrx_word' id='word_1_531' title='bbox 1147 3997 1240 4054; x_wconf 88' lang='lat' dir='ltr'><strong>Er.</strong></span> <span class='ocrx_word' id='word_1_532' title='bbox 1265 4004 1321 4052; x_wconf 88' lang='lat' dir='ltr'><strong>et</strong></span> <span class='ocrx_word' id='word_1_533' title='bbox 1343 3995 1489 4074; x_wconf 72' lang='lat' dir='ltr'><strong>Lips.</strong></span> <span class='ocrx_word' id='word_1_534' title='bbox 1519 3995 1926 4074; x_wconf 70' lang='lat' dir='ltr'><strong>promissionem.</strong></span> <span class='ocrx_word' id='word_1_535' title='bbox 1957 3995 2217 4074; x_wconf 74' lang='lat' dir='ltr'><strong>Retinen-</strong></span> 
     </span>
    </p>
   </div>
   <div class='ocr_carea' id='block_1_70' title="bbox 617 4068 2215 4140">
    <p class='ocr_par' dir='ltr' id='par_1_70' title="bbox 617 4068 2215 4140">
     <span class='ocr_line' id='line_1_71' title="bbox 617 4068 2215 4140; baseline -0.003 -11"><span class='ocrx_word' id='word_1_536' title='bbox 617 4068 760 4129; x_wconf 49' lang='lat' dir='ltr'><strong>duin&#39;</strong></span> <span class='ocrx_word' id='word_1_537' title='bbox 788 4068 911 4128; x_wconf 83' lang='lat' dir='ltr'><strong>cum</strong></span> <span class='ocrx_word' id='word_1_538' title='bbox 942 4071 1064 4126; x_wconf 90' lang='lat' dir='ltr'><strong>Par.</strong></span> <span class='ocrx_word' id='word_1_539' title='bbox 1097 4079 1154 4126; x_wconf 90' lang='lat' dir='ltr'><strong>et</strong></span> <span class='ocrx_word' id='word_1_540' title='bbox 1182 4085 1311 4124; x_wconf 90' lang='lat' dir='ltr'><strong>mss.</strong></span> <span class='ocrx_word' id='word_1_541' title='bbox 1358 4068 1756 4140; x_wconf 79' lang='lat' dir='ltr'><strong>professionem,</strong></span> <span class='ocrx_word' id='word_1_542' title='bbox 1805 4083 1912 4138; x_wconf 89' lang='lat' dir='ltr'><strong>qua</strong></span> <span class='ocrx_word' id='word_1_543' title='bbox 1952 4068 2215 4140; x_wconf 5' lang='lat' dir='ltr'><strong>(nimirum</strong></span> 
     </span>
    </p>
   </div>
   <div class='ocr_carea' id='block_1_71' title="bbox 616 4139 2212 4214">
    <p class='ocr_par' dir='ltr' id='par_1_71' title="bbox 616 4139 2212 4214">
     <span class='ocr_line' id='line_1_72' title="bbox 616 4139 2212 4214; baseline -0.003 -14"><span class='ocrx_word' id='word_1_544' title='bbox 616 4143 866 4200; x_wconf 89' lang='lat' dir='ltr'><strong>Christus</strong></span> <span class='ocrx_word' id='word_1_545' title='bbox 908 4141 1053 4214; x_wconf 90' lang='lat' dir='ltr'><strong>quod</strong></span> <span class='ocrx_word' id='word_1_546' title='bbox 1102 4139 1462 4213; x_wconf 85' lang='lat' dir='ltr'><strong>pauperibus,</strong></span> <span class='ocrx_word' id='word_1_547' title='bbox 1501 4141 1605 4196; x_wconf 88' lang='lat' dir='ltr'><strong>hoc</strong></span> <span class='ocrx_word' id='word_1_548' title='bbox 1631 4141 1734 4196; x_wconf 88' lang='lat' dir='ltr'><strong>sibi</strong></span> <span class='ocrx_word' id='word_1_549' title='bbox 1784 4139 2081 4211; x_wconf 78' lang='lat' dir='ltr'><strong>prziestitum</strong></span> <span class='ocrx_word' id='word_1_550' title='bbox 2113 4140 2212 4196; x_wconf 89' lang='lat' dir='ltr'><strong>de-</strong></span> 
     </span>
    </p>
   </div>
   <div class='ocr_carea' id='block_1_72' title="bbox 614 4219 846 4272">
    <p class='ocr_par' dir='ltr' id='par_1_72' title="bbox 614 4219 846 4272">
     <span class='ocr_line' id='line_1_73' title="bbox 614 4219 846 4272; baseline -0.013 0"><span class='ocrx_word' id='word_1_551' title='bbox 614 4219 846 4272; x_wconf 75' lang='lat' dir='ltr'><strong>nunﬁaL</strong></span> 
     </span>
    </p>
   </div>
   <div class='ocr_carea' id='block_1_73' title="bbox 689 4281 2214 4357">
    <p class='ocr_par' dir='ltr' id='par_1_73' title="bbox 689 4281 2214 4357">
     <span class='ocr_line' id='line_1_74' title="bbox 689 4281 2214 4357; baseline -0.001 -16"><span class='ocrx_word' id='word_1_552' title='bbox 689 4287 766 4357; x_wconf 88' lang='lat' dir='ltr'><strong>(b)</strong></span> <span class='ocrx_word' id='word_1_553' title='bbox 806 4287 862 4342; x_wconf 85' lang='lat' dir='ltr'><strong>Id</strong></span> <span class='ocrx_word' id='word_1_554' title='bbox 890 4295 994 4352; x_wconf 86' lang='lat' dir='ltr'><strong>est,</strong></span> <span class='ocrx_word' id='word_1_555' title='bbox 1021 4285 1332 4351; x_wconf 78' lang='lat' dir='ltr'><strong>Saluatoris,</strong></span> <span class='ocrx_word' id='word_1_556' title='bbox 1365 4299 1464 4357; x_wconf 87' lang='lat' dir='ltr'><strong>nec</strong></span> <span class='ocrx_word' id='word_1_557' title='bbox 1509 4281 2050 4357; x_wconf 12' lang='lat' dir='ltr'><strong>debuitiapud__Par.</strong></span> <span class='ocrx_word' id='word_1_558' title='bbox 2083 4282 2214 4339; x_wconf 87' lang='lat' dir='ltr'><strong>sub-</strong></span> 
     </span>
    </p>
   </div>
   <div class='ocr_carea' id='block_1_74' title="bbox 622 4355 2206 4428">
    <p class='ocr_par' dir='ltr' id='par_1_74' title="bbox 622 4355 2206 4428">
     <span class='ocr_line' id='line_1_75' title="bbox 622 4355 2206 4428; baseline -0.002 -15"><span class='ocrx_word' id='word_1_559' title='bbox 622 4355 774 4413; x_wconf 86' lang='lat' dir='ltr'><strong>stitui</strong></span> <span class='ocrx_word' id='word_1_560' title='bbox 814 4359 1052 4425; x_wconf 86' lang='lat' dir='ltr'><strong>salutari,</strong></span> <span class='ocrx_word' id='word_1_561' title='bbox 1083 4356 1480 4428; x_wconf 89' lang='lat' dir='ltr'><strong>refragantibus</strong></span> <span class='ocrx_word' id='word_1_562' title='bbox 1517 4356 1638 4411; x_wconf 87' lang='lat' dir='ltr'><strong>aliis</strong></span> <span class='ocrx_word' id='word_1_563' title='bbox 1675 4356 1846 4411; x_wconf 88' lang='lat' dir='ltr'><strong>libris.</strong></span> <span class='ocrx_word' id='word_1_564' title='bbox 1872 4355 1997 4410; x_wconf 85' lang='lat' dir='ltr'><strong>Mox</strong></span> <span class='ocrx_word' id='word_1_565' title='bbox 2022 4370 2053 4410; x_wconf 90' lang='lat' dir='ltr'><strong>a</strong></span> <span class='ocrx_word' id='word_1_566' title='bbox 2076 4370 2206 4411; x_wconf 91' lang='lat' dir='ltr'><strong>mss.</strong></span> 
     </span>
    </p>
   </div>
   <div class='ocr_carea' id='block_1_75' title="bbox 618 4428 1509 4499">
    <p class='ocr_par' dir='ltr' id='par_1_75' title="bbox 618 4428 1509 4499">
     <span class='ocr_line' id='line_1_76' title="bbox 618 4428 1509 4499; baseline -0.006 -13"><span class='ocrx_word' id='word_1_567' title='bbox 618 4437 818 4499; x_wconf 37' lang='lat' dir='ltr'><strong>regret</strong></span> <span class='ocrx_word' id='word_1_568' title='bbox 845 4429 1048 4485; x_wconf 86' lang='lat' dir='ltr'><strong>Turon.</strong></span> <span class='ocrx_word' id='word_1_569' title='bbox 1082 4430 1235 4484; x_wconf 88' lang='lat' dir='ltr'><strong>abest</strong></span> <span class='ocrx_word' id='word_1_570' title='bbox 1263 4428 1326 4482; x_wconf 89' lang='lat' dir='ltr'><strong>de</strong></span> <span class='ocrx_word' id='word_1_571' title='bbox 1350 4428 1509 4482; x_wconf 69' lang='lat' dir='ltr'><strong>caelis.</strong></span> 
     </span>
    </p>
   </div>
   <div class='ocr_carea' id='block_1_76' title="bbox 691 4496 2208 4572">
    <p class='ocr_par' dir='ltr' id='par_1_76' title="bbox 691 4496 2208 4572">
     <span class='ocr_line' id='line_1_77' title="bbox 691 4496 2208 4572; baseline -0.001 -18"><span class='ocrx_word' id='word_1_572' title='bbox 691 4496 770 4572; x_wconf 79' lang='lat' dir='ltr'><strong>(c)</strong></span> <span class='ocrx_word' id='word_1_573' title='bbox 805 4501 1092 4572; x_wconf 81' lang='lat' dir='ltr'><strong>Perperam</strong></span> <span class='ocrx_word' id='word_1_574' title='bbox 1142 4499 1308 4572; x_wconf 72' lang='lat' dir='ltr'><strong>apud_</strong></span> <span class='ocrx_word' id='word_1_575' title='bbox 1335 4499 1456 4572; x_wconf 80' lang='lat' dir='ltr'><strong>Par.</strong></span> <span class='ocrx_word' id='word_1_576' title='bbox 1505 4499 1557 4552; x_wconf 89' lang='lat' dir='ltr'><strong>in</strong></span> <span class='ocrx_word' id='word_1_577' title='bbox 1612 4497 1899 4572; x_wconf 82' lang='lat' dir='ltr'><strong>humilitate</strong></span> <span class='ocrx_word' id='word_1_578' title='bbox 1939 4500 2208 4572; x_wconf 85' lang='lat' dir='ltr'><strong>corporis,</strong></span> 
     </span>
    </p>
   </div>
   <div class='ocr_carea' id='block_1_77' title="bbox 619 4570 2211 4698">
    <p class='ocr_par' dir='ltr' id='par_1_77' title="bbox 619 4570 2211 4698">
     <span class='ocr_line' id='line_1_78' title="bbox 619 4570 2211 4642; baseline -0.003 -14"><span class='ocrx_word' id='word_1_579' title='bbox 619 4570 755 4628; x_wconf 88' lang='lat' dir='ltr'><strong>cum</strong></span> <span class='ocrx_word' id='word_1_580' title='bbox 773 4570 1088 4642; x_wconf 85' lang='lat' dir='ltr'><strong>respiciatur</strong></span> <span class='ocrx_word' id='word_1_581' title='bbox 1120 4571 1252 4627; x_wconf 92' lang='lat' dir='ltr'><strong>illud</strong></span> <span class='ocrx_word' id='word_1_582' title='bbox 1281 4570 1454 4635; x_wconf 87' lang='lat' dir='ltr'><strong>Pauli,</strong></span> <span class='ocrx_word' id='word_1_583' title='bbox 1483 4571 1779 4642; x_wconf 79' lang='lat' dir='ltr'><strong>reformabit</strong></span> <span class='ocrx_word' id='word_1_584' title='bbox 1825 4587 2010 4642; x_wconf 89' lang='lat' dir='ltr'><strong>corpus</strong></span> <span class='ocrx_word' id='word_1_585' title='bbox 2037 4571 2211 4625; x_wconf 85' lang='lat' dir='ltr'><strong>humi-</strong></span> 
     </span>
     <span class='ocr_line' id='line_1_79' title="bbox 619 4643 1006 4698; baseline 0 0"><span class='ocrx_word' id='word_1_586' title='bbox 619 4643 780 4698; x_wconf 87' lang='lat' dir='ltr'><strong>litatis</strong></span> <span class='ocrx_word' id='word_1_587' title='bbox 801 4653 1006 4698; x_wconf 66' lang='lat' dir='ltr'><strong>nostra.</strong></span> 
     </span>
    </p>
   </div>
   <div class='ocr_carea' id='block_1_78' title="bbox 641 4643 1006 4698">
    <p class='ocr_par' dir='ltr' id='par_1_78' title="bbox 641 4643 1006 4698">
     <span class='ocr_line' id='line_1_80' title="bbox 641 4643 1006 4698; baseline 0.003 -1"><span class='ocrx_word' id='word_1_588' title='bbox 641 4643 780 4698; x_wconf 87' lang='lat' dir='ltr'><strong>itatis</strong></span> <span class='ocrx_word' id='word_1_589' title='bbox 801 4653 1006 4698; x_wconf 66' lang='lat' dir='ltr'><strong>nostra.</strong></span> 
     </span>
    </p>
   </div>
   <div class='ocr_carea' id='block_1_79' title="bbox 697 4711 2291 4795">
    <p class='ocr_par' dir='ltr' id='par_1_79' title="bbox 697 4711 2291 4795">
     <span class='ocr_line' id='line_1_81' title="bbox 697 4711 2291 4795; baseline 0.001 -27"><span class='ocrx_word' id='word_1_590' title='bbox 697 4713 776 4787; x_wconf 77' lang='grc' dir='ltr'><strong>(ά)</strong></span> <span class='ocrx_word' id='word_1_591' title='bbox 816 4715 872 4769; x_wconf 92' lang='lat' dir='ltr'><strong>ln</strong></span> <span class='ocrx_word' id='word_1_592' title='bbox 900 4714 1126 4795; x_wconf 77' lang='lat' dir='ltr'><strong>vulgatis</strong></span> <span class='ocrx_word' id='word_1_593' title='bbox 1167 4724 1318 4795; x_wconf 83' lang='lat' dir='ltr'><strong>tunc._</strong></span> <span class='ocrx_word' id='word_1_594' title='bbox 1349 4711 1668 4795; x_wconf 79' lang='lat' dir='ltr'><strong>Legendum_</strong></span> <span class='ocrx_word' id='word_1_595' title='bbox 1695 4727 1817 4795; x_wconf 76' lang='lat' dir='ltr'><strong>cum</strong></span> <span class='ocrx_word' id='word_1_596' title='bbox 1848 4727 1981 4769; x_wconf 89' lang='lat' dir='ltr'><strong>mss.</strong></span> <span class='ocrx_word' id='word_1_597' title='bbox 2011 4729 2125 4784; x_wconf 89' lang='lat' dir='ltr'><strong>reg.</strong></span> <span class='ocrx_word' id='word_1_598' title='bbox 2158 4722 2214 4770; x_wconf 92' lang='lat' dir='ltr'><strong>et</strong></span> <span class='ocrx_word' id='word_1_599' title='bbox 2236 4733 2291 4795; x_wconf 82' lang='lat' dir='ltr'><strong>D</strong></span> 
     </span>
    </p>
   </div>
   <div class='ocr_carea' id='block_1_80' title="bbox 617 4784 2207 4856">
    <p class='ocr_par' dir='ltr' id='par_1_80' title="bbox 617 4784 2207 4856">
     <span class='ocr_line' id='line_1_82' title="bbox 617 4784 2207 4856; baseline -0.001 -15"><span class='ocrx_word' id='word_1_600' title='bbox 617 4784 820 4842; x_wconf 86' lang='lat' dir='ltr'><strong>Turon.</strong></span> <span class='ocrx_word' id='word_1_601' title='bbox 852 4784 1009 4851; x_wconf 77' lang='lat' dir='ltr'><strong>nunc,</strong></span> <span class='ocrx_word' id='word_1_602' title='bbox 1040 4785 1143 4842; x_wconf 91' lang='lat' dir='ltr'><strong>hoc</strong></span> <span class='ocrx_word' id='word_1_603' title='bbox 1170 4795 1275 4851; x_wconf 87' lang='lat' dir='ltr'><strong>est,</strong></span> <span class='ocrx_word' id='word_1_604' title='bbox 1306 4785 1358 4840; x_wconf 93' lang='lat' dir='ltr'><strong>in</strong></span> <span class='ocrx_word' id='word_1_605' title='bbox 1387 4800 1547 4841; x_wconf 80' lang='lat' dir='ltr'><strong>versu</strong></span> <span class='ocrx_word' id='word_1_606' title='bbox 1576 4784 1670 4856; x_wconf 91' lang='lat' dir='ltr'><strong>qui</strong></span> <span class='ocrx_word' id='word_1_607' title='bbox 1694 4784 1855 4840; x_wconf 91' lang='lat' dir='ltr'><strong>modo</strong></span> <span class='ocrx_word' id='word_1_608' title='bbox 1894 4794 2207 4842; x_wconf 86' lang='lat' dir='ltr'><strong>enarratur:</strong></span> 
     </span>
    </p>
   </div>
   <div class='ocr_carea' id='block_1_81' title="bbox 617 4856 2209 4928">
    <p class='ocr_par' dir='ltr' id='par_1_81' title="bbox 617 4856 2209 4928">
     <span class='ocr_line' id='line_1_83' title="bbox 617 4856 2209 4928; baseline -0.001 -15"><span class='ocrx_word' id='word_1_609' title='bbox 617 4873 740 4928; x_wconf 68' lang='lat' dir='ltr'><strong>quae</strong></span> <span class='ocrx_word' id='word_1_610' title='bbox 760 4857 1015 4928; x_wconf 80' lang='lat' dir='ltr'><strong>particula</strong></span> <span class='ocrx_word' id='word_1_611' title='bbox 1039 4858 1327 4928; x_wconf 82' lang='lat' dir='ltr'><strong>Opponitur</strong></span> <span class='ocrx_word' id='word_1_612' title='bbox 1347 4856 1465 4913; x_wconf 86' lang='lat' dir='ltr'><strong>voci</strong></span> <span class='ocrx_word' id='word_1_613' title='bbox 1483 4859 1742 4928; x_wconf 88' lang='lat' dir='ltr'><strong>superius,</strong></span> <span class='ocrx_word' id='word_1_614' title='bbox 1764 4871 1980 4913; x_wconf 85' lang='lat' dir='ltr'><strong>versum</strong></span> <span class='ocrx_word' id='word_1_615' title='bbox 2007 4873 2209 4912; x_wconf 81' lang='lat' dir='ltr'><strong>nonum</strong></span> 
     </span>
    </p>
   </div>
   <div class='ocr_carea' id='block_1_82' title="bbox 617 4927 2212 4993">
    <p class='ocr_par' dir='ltr' id='par_1_82' title="bbox 617 4927 2212 4993">
     <span class='ocr_line' id='line_1_84' title="bbox 617 4927 2212 4993; baseline -0.002 -8"><span class='ocrx_word' id='word_1_616' title='bbox 617 4927 898 4986; x_wconf 78' lang='lat' dir='ltr'><strong>iudicanti.</strong></span> <span class='ocrx_word' id='word_1_617' title='bbox 931 4927 1044 4983; x_wconf 88' lang='lat' dir='ltr'><strong>Hoc</strong></span> <span class='ocrx_word' id='word_1_618' title='bbox 1066 4927 1167 4983; x_wconf 88' lang='lat' dir='ltr'><strong>sibi</strong></span> <span class='ocrx_word' id='word_1_619' title='bbox 1195 4929 1309 4982; x_wconf 83' lang='lat' dir='ltr'><strong>vult</strong></span> <span class='ocrx_word' id='word_1_620' title='bbox 1336 4946 1348 4982; x_wconf 94' lang='lat'><strong>:</strong></span> <span class='ocrx_word' id='word_1_621' title='bbox 1383 4927 1555 4984; x_wconf 81' lang='lat' dir='ltr'><strong>Versu</strong></span> <span class='ocrx_word' id='word_1_622' title='bbox 1575 4929 1609 4985; x_wconf 90' lang='lat'><strong>9</strong></span> <span class='ocrx_word' id='word_1_623' title='bbox 1637 4929 1920 4993; x_wconf 85' lang='lat' dir='ltr'><strong>habemus,</strong></span> <span class='ocrx_word' id='word_1_624' title='bbox 1949 4930 2114 4983; x_wconf 88' lang='lat' dir='ltr'><strong>sancti</strong></span> <span class='ocrx_word' id='word_1_625' title='bbox 2135 4929 2212 4983; x_wconf 87' lang='lat' dir='ltr'><strong>tui</strong></span> 
     </span>
    </p>
   </div>
   <div class='ocr_carea' id='block_1_83' title="bbox 619 4999 2212 5072">
    <p class='ocr_par' dir='ltr' id='par_1_83' title="bbox 619 4999 2212 5072">
     <span class='ocr_line' id='line_1_85' title="bbox 619 4999 2212 5072; baseline -0.001 -16"><span class='ocrx_word' id='word_1_626' title='bbox 619 5001 877 5066; x_wconf 71' lang='lat' dir='ltr'><strong>lattentur,</strong></span> <span class='ocrx_word' id='word_1_627' title='bbox 901 5000 998 5056; x_wconf 89' lang='lat' dir='ltr'><strong>sed</strong></span> <span class='ocrx_word' id='word_1_628' title='bbox 1022 5015 1127 5056; x_wconf 91' lang='lat' dir='ltr'><strong>non</strong></span> <span class='ocrx_word' id='word_1_629' title='bbox 1144 4999 1392 5069; x_wconf 89' lang='lat' dir='ltr'><strong>adjicitur</strong></span> <span class='ocrx_word' id='word_1_630' title='bbox 1407 5001 1602 5066; x_wconf 66' lang='lat' dir='ltr'><strong>latitia,</strong></span> <span class='ocrx_word' id='word_1_631' title='bbox 1627 5001 1872 5070; x_wconf 92' lang='lat' dir='ltr'><strong>adeoque</strong></span> <span class='ocrx_word' id='word_1_632' title='bbox 1892 5001 2212 5072; x_wconf 83' lang='lat' dir='ltr'><strong>exprimitur</strong></span> 
     </span>
    </p>
   </div>
   <div class='ocr_carea' id='block_1_84' title="bbox 616 5071 2209 5140">
    <p class='ocr_par' dir='ltr' id='par_1_84' title="bbox 616 5071 2209 5140">
     <span class='ocr_line' id='line_1_86' title="bbox 616 5071 2209 5140; baseline -0.003 -10"><span class='ocrx_word' id='word_1_633' title='bbox 616 5073 798 5130; x_wconf 65' lang='lat' dir='ltr'><strong>laetitia</strong></span> <span class='ocrx_word' id='word_1_634' title='bbox 826 5071 1076 5128; x_wconf 88' lang='lat' dir='ltr'><strong>inchoata</strong></span> <span class='ocrx_word' id='word_1_635' title='bbox 1103 5079 1411 5127; x_wconf 89' lang='lat' dir='ltr'><strong>sanctorum</strong></span> <span class='ocrx_word' id='word_1_636' title='bbox 1441 5073 1492 5126; x_wconf 93' lang='lat' dir='ltr'><strong>in</strong></span> <span class='ocrx_word' id='word_1_637' title='bbox 1520 5075 1622 5126; x_wconf 86' lang='lat' dir='ltr'><strong>hoc</strong></span> <span class='ocrx_word' id='word_1_638' title='bbox 1645 5073 1848 5128; x_wconf 78' lang='lat' dir='ltr'><strong>szeculo</strong></span> <span class='ocrx_word' id='word_1_639' title='bbox 1875 5071 1973 5140; x_wconf 83' lang='lat' dir='ltr'><strong>spe</strong></span> <span class='ocrx_word' id='word_1_640' title='bbox 1999 5080 2209 5126; x_wconf 83' lang='lat' dir='ltr'><strong>tantum</strong></span> 
     </span>
    </p>
   </div>
   <div class='ocr_carea' id='block_1_85' title="bbox 614 5144 2208 5217">
    <p class='ocr_par' dir='ltr' id='par_1_85' title="bbox 614 5144 2208 5217">
     <span class='ocr_line' id='line_1_87' title="bbox 614 5144 2208 5217; baseline -0.003 -17"><span class='ocrx_word' id='word_1_641' title='bbox 614 5144 962 5217; x_wconf 88' lang='lat' dir='ltr'><strong>gaudentium</strong></span> <span class='ocrx_word' id='word_1_642' title='bbox 997 5163 1009 5197; x_wconf 93' lang='lat'><strong>:</strong></span> <span class='ocrx_word' id='word_1_643' title='bbox 1041 5157 1192 5217; x_wconf 75' lang='lat' dir='ltr'><strong>nunc</strong></span> <span class='ocrx_word' id='word_1_644' title='bbox 1213 5151 1392 5197; x_wconf 90' lang='lat' dir='ltr'><strong>autem</strong></span> <span class='ocrx_word' id='word_1_645' title='bbox 1416 5158 1522 5217; x_wconf 86' lang='lat' dir='ltr'><strong>non</strong></span> <span class='ocrx_word' id='word_1_646' title='bbox 1549 5145 1777 5217; x_wconf 84' lang='lat' dir='ltr'><strong>legimus</strong></span> <span class='ocrx_word' id='word_1_647' title='bbox 1807 5150 2013 5217; x_wconf 89' lang='lat' dir='ltr'><strong>tantum</strong></span> <span class='ocrx_word' id='word_1_648' title='bbox 2037 5144 2208 5217; x_wconf 71' lang='lat' dir='ltr'><strong>eazsul-</strong></span> 
     </span>
    </p>
   </div>
   <div class='ocr_carea' id='block_1_86' title="bbox 615 5213 2209 5284">
    <p class='ocr_par' dir='ltr' id='par_1_86' title="bbox 615 5213 2209 5284">
     <span class='ocr_line' id='line_1_88' title="bbox 615 5213 2209 5284; baseline -0.002 -13"><span class='ocrx_word' id='word_1_649' title='bbox 615 5213 816 5284; x_wconf 72' lang='lat' dir='ltr'><strong>tabunt,</strong></span> <span class='ocrx_word' id='word_1_650' title='bbox 866 5216 961 5273; x_wconf 89' lang='lat' dir='ltr'><strong>sed</strong></span> <span class='ocrx_word' id='word_1_651' title='bbox 1004 5230 1128 5271; x_wconf 87' lang='lat' dir='ltr'><strong>cum</strong></span> <span class='ocrx_word' id='word_1_652' title='bbox 1177 5213 1281 5269; x_wconf 82' lang='lat' dir='ltr'><strong>hac</strong></span> <span class='ocrx_word' id='word_1_653' title='bbox 1317 5213 1626 5269; x_wconf 82' lang='lat' dir='ltr'><strong>accessione</strong></span> <span class='ocrx_word' id='word_1_654' title='bbox 1675 5215 1794 5270; x_wconf 89' lang='lat' dir='ltr'><strong>scil.</strong></span> <span class='ocrx_word' id='word_1_655' title='bbox 1845 5213 2209 5280; x_wconf 76' lang='lat' dir='ltr'><strong>exsultatione,</strong></span> 
     </span>
    </p>
   </div>
   <div class='ocr_carea' id='block_1_87' title="bbox 612 5285 2050 5358">
    <p class='ocr_par' dir='ltr' id='par_1_87' title="bbox 612 5285 2050 5358">
     <span class='ocr_line' id='line_1_89' title="bbox 612 5285 2050 5358; baseline -0.003 -14"><span class='ocrx_word' id='word_1_656' title='bbox 612 5297 922 5344; x_wconf 85' lang='lat' dir='ltr'><strong>sanctorum</strong></span> <span class='ocrx_word' id='word_1_657' title='bbox 950 5303 1052 5358; x_wconf 89' lang='lat' dir='ltr'><strong>qua</strong></span> <span class='ocrx_word' id='word_1_658' title='bbox 1084 5295 1454 5358; x_wconf 87' lang='lat' dir='ltr'><strong>consummata</strong></span> <span class='ocrx_word' id='word_1_659' title='bbox 1483 5287 1667 5342; x_wconf 63' lang='lat' dir='ltr'><strong>laetitia</strong></span> <span class='ocrx_word' id='word_1_660' title='bbox 1694 5285 2050 5356; x_wconf 91' lang='lat' dir='ltr'><strong>signiﬁcatur.</strong></span> 
     </span>
    </p>
   </div>
   <div class='ocr_carea' id='block_1_88' title="bbox 686 5357 2210 5434">
    <p class='ocr_par' dir='ltr' id='par_1_88' title="bbox 686 5357 2210 5434">
     <span class='ocr_line' id='line_1_90' title="bbox 686 5357 2210 5434; baseline -0.002 -19"><span class='ocrx_word' id='word_1_661' title='bbox 686 5357 760 5434; x_wconf 74' lang='grc' dir='ltr'><strong>(ε)</strong></span> <span class='ocrx_word' id='word_1_662' title='bbox 799 5357 1023 5434; x_wconf 77' lang='lat' dir='ltr'><strong>Excusi,</strong></span> <span class='ocrx_word' id='word_1_663' title='bbox 1047 5358 1116 5413; x_wconf 90' lang='lat' dir='ltr'><strong>ad</strong></span> <span class='ocrx_word' id='word_1_664' title='bbox 1137 5357 1232 5411; x_wconf 87' lang='lat' dir='ltr'><strong>hoc</strong></span> <span class='ocrx_word' id='word_1_665' title='bbox 1259 5373 1375 5411; x_wconf 87' lang='lat' dir='ltr'><strong>vero</strong></span> <span class='ocrx_word' id='word_1_666' title='bbox 1406 5357 1515 5412; x_wconf 71' lang='lat' dir='ltr'><strong>hinc</strong></span> <span class='ocrx_word' id='word_1_667' title='bbox 1535 5368 1828 5412; x_wconf 87' lang='lat' dir='ltr'><strong>sanctorum</strong></span> <span class='ocrx_word' id='word_1_668' title='bbox 1850 5357 2125 5413; x_wconf 74' lang='lat' dir='ltr'><strong>exsultatio</strong></span> <span class='ocrx_word' id='word_1_669' title='bbox 2150 5374 2210 5412; x_wconf 88' lang='lat' dir='ltr'><strong>ea</strong></span> 
     </span>
    </p>
   </div>
   <div class='ocr_carea' id='block_1_89' title="bbox 612 5431 1322 5502">
    <p class='ocr_par' dir='ltr' id='par_1_89' title="bbox 612 5431 1322 5502">
     <span class='ocr_line' id='line_1_91' title="bbox 612 5431 1322 5502; baseline -0.01 -15"><span class='ocrx_word' id='word_1_670' title='bbox 612 5443 686 5488; x_wconf 89' lang='lat' dir='ltr'><strong>est</strong></span> <span class='ocrx_word' id='word_1_671' title='bbox 699 5431 730 5487; x_wconf 67' lang='grc' dir='ltr'><strong><em>ἐ</em></strong></span> <span class='ocrx_word' id='word_1_672' title='bbox 742 5431 1084 5502; x_wconf 68' lang='grc' dir='ltr'><strong>ωειίεεηιυι·</strong></span> <span class='ocrx_word' id='word_1_673' title='bbox 1103 5445 1169 5486; x_wconf 90' lang='lat' dir='ltr'><strong>ex</strong></span> <span class='ocrx_word' id='word_1_674' title='bbox 1193 5442 1322 5502; x_wconf 86' lang='lat' dir='ltr'><strong>mss.</strong></span> 
     </span>
    </p>
   </div>
   <div class='ocr_carea' id='block_1_90' title="bbox 711 5500 1451 5576">
    <p class='ocr_par' dir='ltr' id='par_1_90' title="bbox 711 5500 1451 5576">
     <span class='ocr_line' id='line_1_92' title="bbox 711 5500 1451 5576; baseline -0.008 -17"><span class='ocrx_word' id='word_1_675' title='bbox 711 5503 757 5576; x_wconf 68' lang='grc' dir='ltr'><strong>Γ)</strong></span> <span class='ocrx_word' id='word_1_676' title='bbox 799 5502 856 5576; x_wconf 70' lang='grc' dir='ltr'><strong>[η</strong></span> <span class='ocrx_word' id='word_1_677' title='bbox 891 5500 1022 5576; x_wconf 86' lang='lat' dir='ltr'><strong>mss.</strong></span> <span class='ocrx_word' id='word_1_678' title='bbox 1052 5500 1331 5576; x_wconf 82' lang='lat' dir='ltr'><strong>insignium</strong></span> <span class='ocrx_word' id='word_1_679' title='bbox 1344 5508 1451 5576; x_wconf 73' lang='lat' dir='ltr'><strong>est.</strong></span> 
     </span>
    </p>
   </div>
   <div class='ocr_carea' id='block_1_91' title="bbox 709 5571 2199 5649">
    <p class='ocr_par' dir='ltr' id='par_1_91' title="bbox 709 5571 2199 5649">
     <span class='ocr_line' id='line_1_93' title="bbox 709 5571 2199 5649; baseline -0.009 -18"><span class='ocrx_word' id='word_1_680' title='bbox 709 5571 768 5649; x_wconf 57' lang='grc' dir='ltr'><strong>ᾗ)</strong></span> <span class='ocrx_word' id='word_1_681' title='bbox 807 5573 864 5630; x_wconf 83' lang='lat' dir='ltr'><strong>In</strong></span> <span class='ocrx_word' id='word_1_682' title='bbox 891 5571 1168 5645; x_wconf 75' lang='lat' dir='ltr'><strong>vulgatis,</strong></span> <span class='ocrx_word' id='word_1_683' title='bbox 1201 5571 1490 5649; x_wconf 78' lang='lat' dir='ltr'><strong>prophetat.</strong></span> <span class='ocrx_word' id='word_1_684' title='bbox 1522 5571 1688 5645; x_wconf 82' lang='lat' dir='ltr'><strong>Magis</strong></span> <span class='ocrx_word' id='word_1_685' title='bbox 1718 5572 1894 5649; x_wconf 57' lang='lat' dir='ltr'><strong>placet</strong></span> <span class='ocrx_word' id='word_1_686' title='bbox 1919 5587 2199 5649; x_wconf 75' lang='lat' dir='ltr'><strong>cum_mss,</strong></span> 
     </span>
    </p>
   </div>
   <div class='ocr_carea' id='block_1_92' title="bbox 610 5643 2208 5719">
    <p class='ocr_par' dir='ltr' id='par_1_92' title="bbox 610 5643 2208 5719">
     <span class='ocr_line' id='line_1_94' title="bbox 610 5643 2208 5719; baseline -0.001 -17"><span class='ocrx_word' id='word_1_687' title='bbox 610 5643 948 5719; x_wconf 72' lang='lat' dir='ltr'><strong>prophetatur</strong></span> <span class='ocrx_word' id='word_1_688' title='bbox 969 5643 1004 5700; x_wconf 67' lang='grc' dir='ltr'><strong>τ’</strong></span> <span class='ocrx_word' id='word_1_689' title='bbox 1027 5661 1150 5701; x_wconf 87' lang='lat' dir='ltr'><strong>nam</strong></span> <span class='ocrx_word' id='word_1_690' title='bbox 1197 5643 1698 5719; x_wconf 84' lang='lat' dir='ltr'><strong>subsequens__vox_</strong></span> <span class='ocrx_word' id='word_1_691' title='bbox 1725 5644 1894 5719; x_wconf 74' lang='lat' dir='ltr'><strong>Dauid</strong></span> <span class='ocrx_word' id='word_1_692' title='bbox 1920 5655 2006 5702; x_wconf 91' lang='lat' dir='ltr'><strong>est</strong></span> <span class='ocrx_word' id='word_1_693' title='bbox 2035 5645 2090 5701; x_wconf 90' lang='lat' dir='ltr'><strong>in</strong></span> <span class='ocrx_word' id='word_1_694' title='bbox 2121 5660 2208 5700; x_wconf 91' lang='lat' dir='ltr'><strong>sc-</strong></span> 
     </span>
    </p>
   </div>
   <div class='ocr_carea' id='block_1_93' title="bbox 611 5715 2202 5843">
    <p class='ocr_par' dir='ltr' id='par_1_93' title="bbox 611 5715 2202 5843">
     <span class='ocr_line' id='line_1_95' title="bbox 611 5715 2202 5843; baseline 0.001 -71"><span class='ocrx_word' id='word_1_695' title='bbox 611 5715 792 5843; x_wconf 51' lang='lat' dir='ltr'><strong>cvnldat‘)</strong></span> <span class='ocrx_word' id='word_1_696' title='bbox 819 5731 950 5774; x_wconf 88' lang='lat' dir='ltr'><strong>casu</strong></span> <span class='ocrx_word' id='word_1_697' title='bbox 976 5757 992 5786; x_wconf 93' lang='lat'><strong>,</strong></span> <span class='ocrx_word' id='word_1_698' title='bbox 1025 5726 1151 5790; x_wconf 88' lang='lat' dir='ltr'><strong>puta</strong></span> <span class='ocrx_word' id='word_1_699' title='bbox 1177 5755 1192 5786; x_wconf 95' lang='lat'><strong>,</strong></span> <span class='ocrx_word' id='word_1_700' title='bbox 1244 5731 1458 5788; x_wconf 87' lang='lat' dir='ltr'><strong>regnum</strong></span> <span class='ocrx_word' id='word_1_701' title='bbox 1491 5715 1630 5772; x_wconf 81' lang='lat' dir='ltr'><strong>illius</strong></span> <span class='ocrx_word' id='word_1_702' title='bbox 1660 5715 1828 5772; x_wconf 82' lang='lat' dir='ltr'><strong>David</strong></span> <span class='ocrx_word' id='word_1_703' title='bbox 1857 5717 1922 5772; x_wconf 90' lang='lat' dir='ltr'><strong>de</strong></span> <span class='ocrx_word' id='word_1_704' title='bbox 1947 5734 2048 5790; x_wconf 91' lang='lat' dir='ltr'><strong>quo</strong></span> <span class='ocrx_word' id='word_1_705' title='bbox 2081 5733 2202 5787; x_wconf 87' lang='lat' dir='ltr'><strong>pro—</strong></span> 
     </span>
     <span class='ocr_line' id='line_1_96' title="bbox 615 5806 870 5843; baseline 0 0"><span class='ocrx_word' id='word_1_706' title='bbox 615 5806 648 5843; x_wconf 81' lang='grc' dir='ltr'><em>υ</em></span> <span class='ocrx_word' id='word_1_707' title='bbox 667 5807 712 5843; x_wconf 78' lang='grc' dir='ltr'>ιε</span> <span class='ocrx_word' id='word_1_708' title='bbox 790 5806 870 5843; x_wconf 91' lang='lat' dir='ltr'><strong>ur.</strong></span> 
     </span>
    </p>
   </div>
   <div class='ocr_carea' id='block_1_94' title="bbox 613 5799 870 5863">
    <p class='ocr_par' dir='ltr' id='par_1_94' title="bbox 613 5799 870 5863">
     <span class='ocr_line' id='line_1_97' title="bbox 613 5799 870 5863; baseline 0.012 -20"><span class='ocrx_word' id='word_1_709' title='bbox 613 5799 870 5863; x_wconf 80' lang='lat' dir='ltr'><strong>ptietatur.</strong></span> 
     </span>
    </p>
   </div>
   <div class='ocr_carea' id='block_1_95' title="bbox 2323 3269 3822 3343">
    <p class='ocr_par' dir='ltr' id='par_1_95' title="bbox 2323 3269 3822 3343">
     <span class='ocr_line' id='line_1_98' title="bbox 2323 3269 3822 3343; baseline -0.001 -20"><span class='ocrx_word' id='word_1_710' title='bbox 2323 3278 2492 3324; x_wconf 87' lang='lat' dir='ltr'><strong>autem</strong></span> <span class='ocrx_word' id='word_1_711' title='bbox 2515 3269 2592 3343; x_wconf 88' lang='lat' dir='ltr'><strong>(j)</strong></span> <span class='ocrx_word' id='word_1_712' title='bbox 2621 3270 2792 3340; x_wconf 78' lang='lat' dir='ltr'><strong>ﬂoriet</strong></span> <span class='ocrx_word' id='word_1_713' title='bbox 2820 3272 3160 3342; x_wconf 73' lang='lat' dir='ltr'><strong>sanctiﬁcatio</strong></span> <span class='ocrx_word' id='word_1_714' title='bbox 3186 3288 3317 3326; x_wconf 86' lang='lat' dir='ltr'><strong>mea.</strong></span> <span class='ocrx_word' id='word_1_715' title='bbox 3349 3271 3536 3326; x_wconf 80' lang='lat' dir='ltr'><strong>Parata</strong></span> <span class='ocrx_word' id='word_1_716' title='bbox 3575 3271 3822 3325; x_wconf 44' lang='lat' dir='ltr'><strong>litemus;</strong></span> 
     </span>
    </p>
   </div>
   <div class='ocr_carea' id='block_1_96' title="bbox 2322 3363 3826 3438">
    <p class='ocr_par' dir='ltr' id='par_1_96' title="bbox 2322 3363 3826 3438">
     <span class='ocr_line' id='line_1_99' title="bbox 2322 3363 3826 3438; baseline 0 -20"><span class='ocrx_word' id='word_1_717' title='bbox 2322 3378 2392 3418; x_wconf 91' lang='lat' dir='ltr'><strong>ne</strong></span> <span class='ocrx_word' id='word_1_718' title='bbox 2413 3363 2479 3418; x_wconf 92' lang='lat' dir='ltr'><strong>ad</strong></span> <span class='ocrx_word' id='word_1_719' title='bbox 2502 3365 2934 3436; x_wconf 88' lang='lat' dir='ltr'><strong>cognoscendum</strong></span> <span class='ocrx_word' id='word_1_720' title='bbox 2948 3383 3067 3423; x_wconf 92' lang='lat' dir='ltr'><strong>eum</strong></span> <span class='ocrx_word' id='word_1_721' title='bbox 3083 3383 3186 3422; x_wconf 88' lang='lat' dir='ltr'><strong>nox</strong></span> <span class='ocrx_word' id='word_1_722' title='bbox 3202 3367 3547 3436; x_wconf 89' lang='lat' dir='ltr'><strong>ignorationis</strong></span> <span class='ocrx_word' id='word_1_723' title='bbox 3575 3366 3645 3438; x_wconf 62' lang='grc' dir='ltr'><strong>(ἑ)</strong></span> <span class='ocrx_word' id='word_1_724' title='bbox 3667 3365 3826 3421; x_wconf 63' lang='lat' dir='ltr'><strong>obsiste-</strong></span> 
     </span>
    </p>
   </div>
   <div class='ocr_carea' id='block_1_97' title="bbox 2323 3456 3827 3531">
    <p class='ocr_par' dir='ltr' id='par_1_97' title="bbox 2323 3456 3827 3531">
     <span class='ocr_line' id='line_1_100' title="bbox 2323 3456 3827 3531; baseline 0.001 -21"><span class='ocrx_word' id='word_1_725' title='bbox 2323 3465 2425 3512; x_wconf 91' lang='lat' dir='ltr'><strong>ret.</strong></span> <span class='ocrx_word' id='word_1_726' title='bbox 2451 3456 2657 3514; x_wconf 92' lang='lat' dir='ltr'><strong>Inimici</strong></span> <span class='ocrx_word' id='word_1_727' title='bbox 2673 3457 2835 3531; x_wconf 79' lang='lat'><strong>517</strong></span> <span class='ocrx_word' id='word_1_728' title='bbox 2848 3459 2965 3530; x_wconf 90' lang='lat' dir='ltr'><strong>ejus</strong></span> <span class='ocrx_word' id='word_1_729' title='bbox 2981 3459 3301 3517; x_wconf 88' lang='lat' dir='ltr'><strong>confusione</strong></span> <span class='ocrx_word' id='word_1_730' title='bbox 3325 3461 3632 3526; x_wconf 90' lang='lat' dir='ltr'><strong>induentur;</strong></span> <span class='ocrx_word' id='word_1_731' title='bbox 3655 3459 3827 3513; x_wconf 60' lang='lat' dir='ltr'><strong>ridebis</strong></span> 
     </span>
    </p>
   </div>
   <div class='ocr_carea' id='block_1_98' title="bbox 2323 3548 3825 3626">
    <p class='ocr_par' dir='ltr' id='par_1_98' title="bbox 2323 3548 3825 3626">
     <span class='ocr_line' id='line_1_101' title="bbox 2323 3548 3825 3626; baseline -0.002 -22"><span class='ocrx_word' id='word_1_732' title='bbox 2323 3548 2467 3604; x_wconf 92' lang='lat' dir='ltr'><strong>enim</strong></span> <span class='ocrx_word' id='word_1_733' title='bbox 2493 3549 2660 3606; x_wconf 90' lang='lat' dir='ltr'><strong>ﬁlium</strong></span> <span class='ocrx_word' id='word_1_734' title='bbox 2707 3554 2938 3609; x_wconf 89' lang='lat' dir='ltr'><strong>hominis</strong></span> <span class='ocrx_word' id='word_1_735' title='bbox 2963 3554 3015 3609; x_wconf 93' lang='lat' dir='ltr'><strong>in</strong></span> <span class='ocrx_word' id='word_1_736' title='bbox 3060 3555 3343 3626; x_wconf 86' lang='lat' dir='ltr'><strong>majestate</strong></span> <span class='ocrx_word' id='word_1_737' title='bbox 3385 3556 3555 3612; x_wconf 89' lang='lat' dir='ltr'><strong>Patris</strong></span> <span class='ocrx_word' id='word_1_738' title='bbox 3580 3555 3825 3610; x_wconf 63' lang='lat' dir='ltr'><strong>suizetrsi</strong></span> 
     </span>
    </p>
   </div>
   <div class='ocr_carea' id='block_1_99' title="bbox 2321 3643 3827 3724">
    <p class='ocr_par' dir='ltr' id='par_1_99' title="bbox 2321 3643 3827 3724">
     <span class='ocr_line' id='line_1_102' title="bbox 2321 3643 3827 3724; baseline 0 -24"><span class='ocrx_word' id='word_1_739' title='bbox 2321 3643 2515 3712; x_wconf 88' lang='lat' dir='ltr'><strong>salute,</strong></span> <span class='ocrx_word' id='word_1_740' title='bbox 2546 3645 2641 3702; x_wconf 91' lang='lat' dir='ltr'><strong>sed</strong></span> <span class='ocrx_word' id='word_1_741' title='bbox 2667 3647 2987 3706; x_wconf 91' lang='lat' dir='ltr'><strong>confusione</strong></span> <span class='ocrx_word' id='word_1_742' title='bbox 3027 3649 3355 3717; x_wconf 90' lang='lat' dir='ltr'><strong>induentur,</strong></span> <span class='ocrx_word' id='word_1_743' title='bbox 3390 3650 3452 3724; x_wconf 92' lang='lat' dir='ltr'><strong>(l)</strong></span> <span class='ocrx_word' id='word_1_744' title='bbox 3486 3650 3670 3707; x_wconf 88' lang='lat' dir='ltr'><strong>terreni</strong></span> <span class='ocrx_word' id='word_1_745' title='bbox 3697 3648 3827 3704; x_wconf 65' lang='lat' dir='ltr'><strong>scitus</strong></span> 
     </span>
    </p>
   </div>
   <div class='ocr_carea' id='block_1_100' title="bbox 2397 3785 2824 3854">
    <p class='ocr_par' dir='ltr' id='par_1_100' title="bbox 2397 3785 2824 3854">
     <span class='ocr_line' id='line_1_103' title="bbox 2397 3785 2824 3854; baseline 0.002 -12"><span class='ocrx_word' id='word_1_746' title='bbox 2397 3787 2474 3854; x_wconf 77' lang='grc'><strong>(5)</strong></span> <span class='ocrx_word' id='word_1_747' title='bbox 2514 3785 2824 3843; x_wconf 84' lang='lat' dir='ltr'><strong>Induentur.</strong></span> 
     </span>
    </p>
   </div>
   <div class='ocr_carea' id='block_1_101' title="bbox 2393 3829 2793 3930">
    <p class='ocr_par' dir='ltr' id='par_1_101' title="bbox 2393 3829 2793 3930">
     <span class='ocr_line' id='line_1_104' title="bbox 2393 3829 2793 3930; baseline 0.013 -20"><span class='ocrx_word' id='word_1_748' title='bbox 2393 3829 2476 3930; x_wconf 65' lang='lat' dir='ltr'><strong>lii</strong></span> <span class='ocrx_word' id='word_1_749' title='bbox 2514 3829 2793 3916; x_wconf 63' lang='grc' dir='ltr'><strong>ὶίὲῐῖιῐὲἓὶξ</strong></span> 
     </span>
    </p>
   </div>
   <div class='ocr_carea' id='block_1_102' title="bbox 2319 3997 3826 4126">
    <p class='ocr_par' dir='ltr' id='par_1_102' title="bbox 2319 3997 3826 4126">
     <span class='ocr_line' id='line_1_105' title="bbox 2319 3997 3826 4126; baseline -0.015 -53"><span class='ocrx_word' id='word_1_750' title='bbox 2319 3997 2474 4126; x_wconf 50' lang='lat' dir='ltr'><strong>veg&quot;)</strong></span> <span class='ocrx_word' id='word_1_751' title='bbox 2516 3997 2605 4056; x_wconf 75' lang='lat' dir='ltr'><strong>Sic</strong></span> <span class='ocrx_word' id='word_1_752' title='bbox 2632 4014 2764 4056; x_wconf 72' lang='lat' dir='ltr'><strong>mss.</strong></span> <span class='ocrx_word' id='word_1_753' title='bbox 2811 4000 2904 4058; x_wconf 87' lang='lat' dir='ltr'><strong>ubi</strong></span> <span class='ocrx_word' id='word_1_754' title='bbox 2951 4002 3005 4058; x_wconf 92' lang='lat' dir='ltr'><strong>in</strong></span> <span class='ocrx_word' id='word_1_755' title='bbox 3058 4001 3288 4076; x_wconf 82' lang='lat' dir='ltr'><strong>vulgatis</strong></span> <span class='ocrx_word' id='word_1_756' title='bbox 3315 4047 3329 4072; x_wconf 98' lang='lat'><strong>,</strong></span> <span class='ocrx_word' id='word_1_757' title='bbox 3379 4004 3647 4060; x_wconf 77' lang='lat' dir='ltr'><strong>secundum</strong></span> <span class='ocrx_word' id='word_1_758' title='bbox 3690 4017 3826 4074; x_wconf 52' lang='lat' dir='ltr'><strong>rem</strong></span> 
     </span>
    </p>
   </div>
   <div class='ocr_carea' id='block_1_103' title="bbox 2390 4164 3824 4242">
    <p class='ocr_par' dir='ltr' id='par_1_103' title="bbox 2390 4164 3824 4242">
     <span class='ocr_line' id='line_1_106' title="bbox 2390 4164 3824 4242; baseline -0.022 9"><span class='ocrx_word' id='word_1_759' title='bbox 2390 4164 2466 4242; x_wconf 60' lang='grc' dir='ltr'><strong>(ί).</strong></span> <span class='ocrx_word' id='word_1_760' title='bbox 2495 4165 2592 4242; x_wconf 67' lang='grc' dir='ltr'><strong>Μδο</strong></span> <span class='ocrx_word' id='word_1_761' title='bbox 2615 4169 2900 4240; x_wconf 70' lang='grc' dir='ltr'><strong>τθεοέιιῐη</strong></span> <span class='ocrx_word' id='word_1_762' title='bbox 2943 4169 3149 4226; x_wconf 88' lang='lat' dir='ltr'><strong>Turon.</strong></span> <span class='ocrx_word' id='word_1_763' title='bbox 3191 4173 3246 4226; x_wconf 89' lang='lat' dir='ltr'><strong>in</strong></span> <span class='ocrx_word' id='word_1_764' title='bbox 3284 4189 3403 4242; x_wconf 85' lang='lat' dir='ltr'><strong>quo.</strong></span> <span class='ocrx_word' id='word_1_765' title='bbox 3451 4173 3504 4228; x_wconf 90' lang='lat' dir='ltr'><strong>In</strong></span> <span class='ocrx_word' id='word_1_766' title='bbox 3537 4171 3632 4226; x_wconf 86' lang='lat' dir='ltr'><strong>hoc</strong></span> 
     </span>
    </p>
   </div>
   <div class='ocr_carea' id='block_1_104' title="bbox 2315 4238 3820 4366">
    <p class='ocr_par' dir='ltr' id='par_1_104' title="bbox 2315 4238 3820 4366">
     <span class='ocr_line' id='line_1_107' title="bbox 2315 4238 3820 4364; baseline 0.001 -72"><span class='ocrx_word' id='word_1_767' title='bbox 2315 4238 2636 4364; x_wconf 62' lang='lat' dir='ltr'><strong>votcabulum</strong></span> <span class='ocrx_word' id='word_1_768' title='bbox 2657 4238 2970 4298; x_wconf 87' lang='lat' dir='ltr'><strong>constanter</strong></span> <span class='ocrx_word' id='word_1_769' title='bbox 3010 4238 3333 4314; x_wconf 85' lang='lat' dir='ltr'><strong>exprimitur</strong></span> <span class='ocrx_word' id='word_1_770' title='bbox 3375 4254 3433 4300; x_wconf 89' lang='lat' dir='ltr'><strong>ut</strong></span> <span class='ocrx_word' id='word_1_771' title='bbox 3459 4258 3614 4314; x_wconf 86' lang='lat' dir='ltr'><strong>supra</strong></span> <span class='ocrx_word' id='word_1_772' title='bbox 3658 4252 3820 4296; x_wconf 57' lang='lat' dir='ltr'><strong>nautea</strong></span> 
     </span>
     <span class='ocr_line' id='line_1_108' title="bbox 2315 4324 2418 4366; baseline -0.019 0"><span class='ocrx_word' id='word_1_773' title='bbox 2315 4324 2374 4366; x_wconf 90' lang='lat' dir='ltr'><strong>es</strong></span> <span class='ocrx_word' id='word_1_774' title='bbox 2404 4349 2418 4364; x_wconf 97' lang='lat'><strong>.</strong></span> 
     </span>
    </p>
   </div>
   <div class='ocr_carea' id='block_1_105' title="bbox 2387 4406 3822 4482">
    <p class='ocr_par' dir='ltr' id='par_1_105' title="bbox 2387 4406 3822 4482">
     <span class='ocr_line' id='line_1_109' title="bbox 2387 4406 3822 4482; baseline -0.002 -19"><span class='ocrx_word' id='word_1_775' title='bbox 2387 4406 2458 4481; x_wconf 89' lang='lat' dir='ltr'><strong>(j)</strong></span> <span class='ocrx_word' id='word_1_776' title='bbox 2487 4406 2739 4482; x_wconf 14' lang='lat' dir='ltr'><strong>Bad.AEr.</strong></span> <span class='ocrx_word' id='word_1_777' title='bbox 2769 4417 2825 4464; x_wconf 87' lang='lat' dir='ltr'><strong>et</strong></span> <span class='ocrx_word' id='word_1_778' title='bbox 2859 4408 3006 4478; x_wconf 90' lang='lat' dir='ltr'><strong>Lips.</strong></span> <span class='ocrx_word' id='word_1_779' title='bbox 3031 4411 3246 4480; x_wconf 80' lang='lat' dir='ltr'><strong>ﬂorebit.</strong></span> <span class='ocrx_word' id='word_1_780' title='bbox 3271 4410 3427 4482; x_wconf 81' lang='lat' dir='ltr'><strong>Apud</strong></span> <span class='ocrx_word' id='word_1_781' title='bbox 3458 4409 3578 4465; x_wconf 84' lang='lat' dir='ltr'><strong>Par.</strong></span> <span class='ocrx_word' id='word_1_782' title='bbox 3602 4410 3730 4481; x_wconf 84' lang='lat' dir='ltr'><strong>juxta</strong></span> <span class='ocrx_word' id='word_1_783' title='bbox 3746 4422 3822 4459; x_wconf 64' lang='lat' dir='ltr'><strong>es.</strong></span> 
     </span>
    </p>
   </div>
   <div class='ocr_carea' id='block_1_106' title="bbox 2319 4477 3824 4552">
    <p class='ocr_par' dir='ltr' id='par_1_106' title="bbox 2319 4477 3824 4552">
     <span class='ocr_line' id='line_1_110' title="bbox 2319 4477 3824 4552; baseline -0.003 -18"><span class='ocrx_word' id='word_1_784' title='bbox 2319 4477 2817 4552; x_wconf 80' lang='lat' dir='ltr'><strong>ﬁdemrestitutum</strong></span> <span class='ocrx_word' id='word_1_785' title='bbox 2846 4477 2937 4535; x_wconf 81' lang='lat' dir='ltr'><strong>est</strong></span> <span class='ocrx_word' id='word_1_786' title='bbox 2957 4477 3147 4552; x_wconf 79' lang='lat' dir='ltr'><strong>ﬂoriet,</strong></span> <span class='ocrx_word' id='word_1_787' title='bbox 3178 4498 3285 4552; x_wconf 88' lang='lat' dir='ltr'><strong>quo</strong></span> <span class='ocrx_word' id='word_1_788' title='bbox 3316 4477 3383 4536; x_wconf 82' lang='lat' dir='ltr'><strong>de</strong></span> <span class='ocrx_word' id='word_1_789' title='bbox 3411 4483 3576 4538; x_wconf 84' lang='lat' dir='ltr'><strong>verbo</strong></span> <span class='ocrx_word' id='word_1_790' title='bbox 3604 4477 3764 4552; x_wconf 72' lang='lat' dir='ltr'><strong>notius</strong></span> <span class='ocrx_word' id='word_1_791' title='bbox 3782 4489 3824 4530; x_wconf 68' lang='lat' dir='ltr'><strong>et</strong></span> 
     </span>
    </p>
   </div>
   <div class='ocr_carea' id='block_1_107' title="bbox 2318 4550 3822 4620">
    <p class='ocr_par' dir='ltr' id='par_1_107' title="bbox 2318 4550 3822 4620">
     <span class='ocr_line' id='line_1_111' title="bbox 2318 4550 3822 4620; baseline 0 -16"><span class='ocrx_word' id='word_1_792' title='bbox 2318 4550 2451 4606; x_wconf 91' lang='lat' dir='ltr'><strong>illud</strong></span> <span class='ocrx_word' id='word_1_793' title='bbox 2475 4550 2762 4620; x_wconf 83' lang='lat' dir='ltr'><strong>Augustini</strong></span> <span class='ocrx_word' id='word_1_794' title='bbox 2785 4551 2879 4607; x_wconf 90' lang='lat' dir='ltr'><strong>lib.</strong></span> <span class='ocrx_word' id='word_1_795' title='bbox 2899 4569 2936 4607; x_wconf 87' lang='grc' dir='ltr'>ιι</span> <span class='ocrx_word' id='word_1_796' title='bbox 2958 4550 3026 4608; x_wconf 84' lang='lat' dir='ltr'><strong>de</strong></span> <span class='ocrx_word' id='word_1_797' title='bbox 3046 4550 3289 4608; x_wconf 85' lang='lat' dir='ltr'><strong>doctrina</strong></span> <span class='ocrx_word' id='word_1_798' title='bbox 3322 4553 3525 4610; x_wconf 84' lang='lat' dir='ltr'><strong>Chri5t.</strong></span> <span class='ocrx_word' id='word_1_799' title='bbox 3550 4569 3598 4607; x_wconf 92' lang='lat' dir='ltr'><strong>c.</strong></span> <span class='ocrx_word' id='word_1_800' title='bbox 3623 4551 3822 4615; x_wconf 54' lang='lat'><strong>15:0”:</strong></span> 
     </span>
    </p>
   </div>
   <div class='ocr_carea' id='block_1_108' title="bbox 2309 4624 3817 4694">
    <p class='ocr_par' dir='ltr' id='par_1_108' title="bbox 2309 4624 3817 4694">
     <span class='ocr_line' id='line_1_112' title="bbox 2309 4624 3817 4694; baseline 0.002 -20"><span class='ocrx_word' id='word_1_801' title='bbox 2309 4625 2427 4694; x_wconf 86' lang='lat' dir='ltr'><strong>jam</strong></span> <span class='ocrx_word' id='word_1_802' title='bbox 2452 4625 2658 4691; x_wconf 78' lang='lat' dir='ltr'><strong>auferre</strong></span> <span class='ocrx_word' id='word_1_803' title='bbox 2678 4639 2780 4677; x_wconf 91' lang='lat' dir='ltr'><strong>non</strong></span> <span class='ocrx_word' id='word_1_804' title='bbox 2809 4640 3079 4692; x_wconf 86' lang='lat' dir='ltr'><strong>possumus</strong></span> <span class='ocrx_word' id='word_1_805' title='bbox 3107 4625 3170 4678; x_wconf 89' lang='lat' dir='ltr'><strong>de</strong></span> <span class='ocrx_word' id='word_1_806' title='bbox 3207 4641 3295 4678; x_wconf 91' lang='lat' dir='ltr'><strong>ore</strong></span> <span class='ocrx_word' id='word_1_807' title='bbox 3333 4627 3641 4680; x_wconf 82' lang='lat' dir='ltr'><strong>cantantium</strong></span> <span class='ocrx_word' id='word_1_808' title='bbox 3673 4624 3817 4692; x_wconf 52' lang='lat' dir='ltr'><strong>papula</strong></span> 
     </span>
    </p>
   </div>
   <div class='ocr_carea' id='block_1_109' title="bbox 2319 4695 3821 4765">
    <p class='ocr_par' dir='ltr' id='par_1_109' title="bbox 2319 4695 3821 4765">
     <span class='ocr_line' id='line_1_113' title="bbox 2319 4695 3821 4765; baseline 0.001 -20"><span class='ocrx_word' id='word_1_809' title='bbox 2319 4709 2452 4747; x_wconf 86' lang='lat' dir='ltr'><strong>rum.</strong></span> <span class='ocrx_word' id='word_1_810' title='bbox 2494 4695 2669 4762; x_wconf 87' lang='lat' dir='ltr'><strong>Super</strong></span> <span class='ocrx_word' id='word_1_811' title='bbox 2713 4696 2887 4765; x_wconf 91' lang='lat' dir='ltr'><strong>ipsum</strong></span> <span class='ocrx_word' id='word_1_812' title='bbox 2927 4704 3106 4750; x_wconf 91' lang='lat' dir='ltr'><strong>autem</strong></span> <span class='ocrx_word' id='word_1_813' title='bbox 3149 4695 3326 4752; x_wconf 86' lang='lat' dir='ltr'><strong>ﬁoriet</strong></span> <span class='ocrx_word' id='word_1_814' title='bbox 3361 4697 3700 4752; x_wconf 83' lang='lat' dir='ltr'><strong>sanctiﬁcatio</strong></span> <span class='ocrx_word' id='word_1_815' title='bbox 3727 4708 3821 4747; x_wconf 57' lang='lat' dir='ltr'><strong>mea.</strong></span> 
     </span>
    </p>
   </div>
   <div class='ocr_carea' id='block_1_110' title="bbox 2315 4765 3821 4838">
    <p class='ocr_par' dir='ltr' id='par_1_110' title="bbox 2315 4765 3821 4838">
     <span class='ocr_line' id='line_1_114' title="bbox 2315 4765 3821 4838; baseline 0 -20"><span class='ocrx_word' id='word_1_816' title='bbox 2315 4766 2445 4819; x_wconf 85' lang='lat' dir='ltr'><strong>nihil</strong></span> <span class='ocrx_word' id='word_1_817' title='bbox 2469 4769 2696 4838; x_wconf 77' lang='lat' dir='ltr'><strong>profecto</strong></span> <span class='ocrx_word' id='word_1_818' title='bbox 2733 4768 2994 4821; x_wconf 74' lang='lat' dir='ltr'><strong>sententia:</strong></span> <span class='ocrx_word' id='word_1_819' title='bbox 3029 4767 3294 4822; x_wconf 87' lang='lat' dir='ltr'><strong>detrahit:</strong></span> <span class='ocrx_word' id='word_1_820' title='bbox 3323 4770 3527 4823; x_wconf 84' lang='lat' dir='ltr'><strong>auditor</strong></span> <span class='ocrx_word' id='word_1_821' title='bbox 3567 4779 3714 4820; x_wconf 72' lang='lat' dir='ltr'><strong>tam</strong></span> 
     </span>
    </p>
   </div>
   <div class='ocr_carea' id='block_1_111' title="bbox 2315 4837 3823 4908">
    <p class='ocr_par' dir='ltr' id='par_1_111' title="bbox 2315 4837 3823 4908">
     <span class='ocr_line' id='line_1_115' title="bbox 2315 4837 3823 4908; baseline -0.001 -19"><span class='ocrx_word' id='word_1_822' title='bbox 2315 4841 2414 4891; x_wconf 89' lang='lat' dir='ltr'><strong>tior</strong></span> <span class='ocrx_word' id='word_1_823' title='bbox 2440 4837 2614 4892; x_wconf 85' lang='lat' dir='ltr'><strong>mallet</strong></span> <span class='ocrx_word' id='word_1_824' title='bbox 2636 4839 2732 4892; x_wconf 88' lang='lat' dir='ltr'><strong>hoc</strong></span> <span class='ocrx_word' id='word_1_825' title='bbox 2761 4839 2970 4908; x_wconf 83' lang='lat' dir='ltr'><strong>corrigi,</strong></span> <span class='ocrx_word' id='word_1_826' title='bbox 3000 4846 3055 4892; x_wconf 91' lang='lat' dir='ltr'><strong>ut</strong></span> <span class='ocrx_word' id='word_1_827' title='bbox 3084 4855 3184 4893; x_wconf 84' lang='lat' dir='ltr'><strong>non</strong></span> <span class='ocrx_word' id='word_1_828' title='bbox 3216 4839 3416 4904; x_wconf 84' lang='lat' dir='ltr'><strong>ﬂoriet,</strong></span> <span class='ocrx_word' id='word_1_829' title='bbox 3447 4840 3539 4894; x_wconf 84' lang='lat' dir='ltr'><strong>sed</strong></span> <span class='ocrx_word' id='word_1_830' title='bbox 3573 4838 3756 4908; x_wconf 80' lang='lat' dir='ltr'><strong>ﬂorebit</strong></span> <span class='ocrx_word' id='word_1_831' title='bbox 3782 4837 3823 4883; x_wconf 54' lang='lat' dir='ltr'><strong>sti</strong></span> 
     </span>
    </p>
   </div>
   <div class='ocr_carea' id='block_1_112' title="bbox 2315 4907 3820 4980">
    <p class='ocr_par' dir='ltr' id='par_1_112' title="bbox 2315 4907 3820 4980">
     <span class='ocr_line' id='line_1_116' title="bbox 2315 4907 3820 4980; baseline 0.001 -20"><span class='ocrx_word' id='word_1_832' title='bbox 2315 4919 2530 4963; x_wconf 84' lang='lat' dir='ltr'><strong>ceretur.</strong></span> <span class='ocrx_word' id='word_1_833' title='bbox 2567 4908 2623 4963; x_wconf 92' lang='lat' dir='ltr'><strong>In</strong></span> <span class='ocrx_word' id='word_1_834' title='bbox 2657 4921 2840 4964; x_wconf 89' lang='lat' dir='ltr'><strong>vetere</strong></span> <span class='ocrx_word' id='word_1_835' title='bbox 2869 4907 3083 4980; x_wconf 77' lang='lat' dir='ltr'><strong>quoque</strong></span> <span class='ocrx_word' id='word_1_836' title='bbox 3111 4911 3385 4980; x_wconf 87' lang='lat' dir='ltr'><strong>psalterio,</strong></span> <span class='ocrx_word' id='word_1_837' title='bbox 3435 4927 3542 4980; x_wconf 93' lang='lat' dir='ltr'><strong>quo</strong></span> <span class='ocrx_word' id='word_1_838' title='bbox 3571 4911 3625 4966; x_wconf 86' lang='lat' dir='ltr'><strong>S.</strong></span> <span class='ocrx_word' id='word_1_839' title='bbox 3669 4907 3820 4964; x_wconf 63' lang='lat' dir='ltr'><strong>Gerel-</strong></span> 
     </span>
    </p>
   </div>
   <div class='ocr_carea' id='block_1_113' title="bbox 2314 4980 3764 5053">
    <p class='ocr_par' dir='ltr' id='par_1_113' title="bbox 2314 4980 3764 5053">
     <span class='ocr_line' id='line_1_117' title="bbox 2314 4980 3764 5053; baseline 0.001 -20"><span class='ocrx_word' id='word_1_840' title='bbox 2314 4995 2451 5053; x_wconf 61' lang='grc' dir='ltr'><strong>ιιιιιιιΔ</strong></span> <span class='ocrx_word' id='word_1_841' title='bbox 2473 4980 2644 5053; x_wconf 73' lang='lat' dir='ltr'><strong>Paris.</strong></span> <span class='ocrx_word' id='word_1_842' title='bbox 2679 4995 2835 5036; x_wconf 90' lang='lat' dir='ltr'><strong>usum</strong></span> <span class='ocrx_word' id='word_1_843' title='bbox 2862 4980 3026 5053; x_wconf 87' lang='lat' dir='ltr'><strong>fuisse</strong></span> <span class='ocrx_word' id='word_1_844' title='bbox 3051 4984 3248 5046; x_wconf 91' lang='lat' dir='ltr'><strong>ferunt,</strong></span> <span class='ocrx_word' id='word_1_845' title='bbox 3289 4983 3459 5050; x_wconf 81' lang='lat' dir='ltr'><strong>ﬂoriet</strong></span> <span class='ocrx_word' id='word_1_846' title='bbox 3488 4984 3660 5053; x_wconf 84' lang='lat' dir='ltr'><strong>legere</strong></span> <span class='ocrx_word' id='word_1_847' title='bbox 3685 4987 3764 5034; x_wconf 78' lang='lat' dir='ltr'><strong>est.</strong></span> 
     </span>
    </p>
   </div>
   <div class='ocr_carea' id='block_1_114' title="bbox 2385 5049 3294 5124">
    <p class='ocr_par' dir='ltr' id='par_1_114' title="bbox 2385 5049 3294 5124">
     <span class='ocr_line' id='line_1_118' title="bbox 2385 5049 3294 5124; baseline 0.003 -20"><span class='ocrx_word' id='word_1_848' title='bbox 2385 5049 2461 5124; x_wconf 74' lang='lat' dir='ltr'><strong>(lt)</strong></span> <span class='ocrx_word' id='word_1_849' title='bbox 2502 5051 2576 5105; x_wconf 82' lang='lat' dir='ltr'><strong>[ta</strong></span> <span class='ocrx_word' id='word_1_850' title='bbox 2602 5065 2733 5106; x_wconf 88' lang='lat' dir='ltr'><strong>mss.</strong></span> <span class='ocrx_word' id='word_1_851' title='bbox 2765 5054 2832 5106; x_wconf 84' lang='lat' dir='ltr'><strong>At</strong></span> <span class='ocrx_word' id='word_1_852' title='bbox 2862 5052 3014 5118; x_wconf 89' lang='lat' dir='ltr'><strong>editi,</strong></span> <span class='ocrx_word' id='word_1_853' title='bbox 3040 5055 3294 5107; x_wconf 72' lang='lat' dir='ltr'><strong>existeret.</strong></span> 
     </span>
    </p>
   </div>
   <div class='ocr_carea' id='block_1_115' title="bbox 2389 5142 3821 5216">
    <p class='ocr_par' dir='ltr' id='par_1_115' title="bbox 2389 5142 3821 5216">
     <span class='ocr_line' id='line_1_119' title="bbox 2389 5142 3821 5216; baseline -0.001 -19"><span class='ocrx_word' id='word_1_854' title='bbox 2389 5142 2453 5216; x_wconf 91' lang='lat' dir='ltr'><strong>(l)</strong></span> <span class='ocrx_word' id='word_1_855' title='bbox 2484 5143 2617 5201; x_wconf 87' lang='lat' dir='ltr'><strong>Bad.</strong></span> <span class='ocrx_word' id='word_1_856' title='bbox 2644 5144 2739 5200; x_wconf 86' lang='lat' dir='ltr'><strong>Er.</strong></span> <span class='ocrx_word' id='word_1_857' title='bbox 2767 5152 2822 5199; x_wconf 87' lang='lat' dir='ltr'><strong>et</strong></span> <span class='ocrx_word' id='word_1_858' title='bbox 2852 5142 3001 5212; x_wconf 88' lang='lat' dir='ltr'><strong>Lips.</strong></span> <span class='ocrx_word' id='word_1_859' title='bbox 3027 5154 3228 5200; x_wconf 81' lang='lat' dir='ltr'><strong>terreno</strong></span> <span class='ocrx_word' id='word_1_860' title='bbox 3251 5147 3446 5202; x_wconf 86' lang='lat' dir='ltr'><strong>scilicet</strong></span> <span class='ocrx_word' id='word_1_861' title='bbox 3468 5158 3517 5201; x_wconf 85' lang='lat' dir='ltr'><strong>et</strong></span> <span class='ocrx_word' id='word_1_862' title='bbox 3536 5147 3747 5202; x_wconf 76' lang='lat' dir='ltr'><strong>indecora</strong></span> <span class='ocrx_word' id='word_1_863' title='bbox 3761 5158 3821 5195; x_wconf 70' lang='lat' dir='ltr'><strong>nr-</strong></span> 
     </span>
    </p>
   </div>
   <div class='ocr_carea' id='block_1_116' title="bbox 2317 5216 3820 5285">
    <p class='ocr_par' dir='ltr' id='par_1_116' title="bbox 2317 5216 3820 5285">
     <span class='ocr_line' id='line_1_120' title="bbox 2317 5216 3820 5285; baseline -0.003 -16"><span class='ocrx_word' id='word_1_864' title='bbox 2317 5231 2458 5285; x_wconf 90' lang='lat' dir='ltr'><strong>pore.</strong></span> <span class='ocrx_word' id='word_1_865' title='bbox 2491 5216 2612 5271; x_wconf 89' lang='lat' dir='ltr'><strong>Par.</strong></span> <span class='ocrx_word' id='word_1_866' title='bbox 2641 5230 2708 5271; x_wconf 90' lang='lat' dir='ltr'><strong>ex</strong></span> <span class='ocrx_word' id='word_1_867' title='bbox 2736 5231 2839 5272; x_wconf 91' lang='lat' dir='ltr'><strong>ms.</strong></span> <span class='ocrx_word' id='word_1_868' title='bbox 2885 5216 3005 5272; x_wconf 87' lang='lat' dir='ltr'><strong>Mic.</strong></span> <span class='ocrx_word' id='word_1_869' title='bbox 3051 5218 3237 5272; x_wconf 86' lang='lat' dir='ltr'><strong>terreni</strong></span> <span class='ocrx_word' id='word_1_870' title='bbox 3278 5220 3476 5273; x_wconf 84' lang='lat' dir='ltr'><strong>scilicet</strong></span> <span class='ocrx_word' id='word_1_871' title='bbox 3521 5231 3572 5275; x_wconf 87' lang='lat' dir='ltr'><strong>et</strong></span> <span class='ocrx_word' id='word_1_872' title='bbox 3612 5219 3820 5271; x_wconf 63' lang='grc' dir='ltr'><strong>ἰηάεέεείπ</strong></span> 
     </span>
    </p>
   </div>
   <div class='ocr_carea' id='block_1_117' title="bbox 2315 5286 3824 5358">
    <p class='ocr_par' dir='ltr' id='par_1_117' title="bbox 2315 5286 3824 5358">
     <span class='ocr_line' id='line_1_121' title="bbox 2315 5286 3824 5358; baseline -0.002 -18"><span class='ocrx_word' id='word_1_873' title='bbox 2315 5303 2549 5358; x_wconf 78' lang='lat' dir='ltr'><strong>corpore.</strong></span> <span class='ocrx_word' id='word_1_874' title='bbox 2582 5287 2714 5358; x_wconf 78' lang='lat' dir='ltr'><strong>Reg.</strong></span> <span class='ocrx_word' id='word_1_875' title='bbox 2742 5302 2806 5343; x_wconf 85' lang='lat' dir='ltr'><strong>ac</strong></span> <span class='ocrx_word' id='word_1_876' title='bbox 2834 5286 3038 5343; x_wconf 87' lang='lat' dir='ltr'><strong>Turon.</strong></span> <span class='ocrx_word' id='word_1_877' title='bbox 3069 5291 3254 5343; x_wconf 89' lang='lat' dir='ltr'><strong>terreni</strong></span> <span class='ocrx_word' id='word_1_878' title='bbox 3282 5291 3475 5344; x_wconf 83' lang='lat' dir='ltr'><strong>scilicet</strong></span> <span class='ocrx_word' id='word_1_879' title='bbox 3504 5291 3739 5344; x_wconf 79' lang='lat' dir='ltr'><strong>dedecoris</strong></span> <span class='ocrx_word' id='word_1_880' title='bbox 3761 5301 3824 5339; x_wconf 65' lang='lat' dir='ltr'><strong>nr</strong></span> 
     </span>
    </p>
   </div>
   <div class='ocr_carea' id='block_1_118' title="bbox 2314 5357 3823 5430">
    <p class='ocr_par' dir='ltr' id='par_1_118' title="bbox 2314 5357 3823 5430">
     <span class='ocr_line' id='line_1_122' title="bbox 2314 5357 3823 5430; baseline 0.001 -18"><span class='ocrx_word' id='word_1_881' title='bbox 2314 5375 2458 5428; x_wconf 88' lang='lat' dir='ltr'><strong>pore.</strong></span> <span class='ocrx_word' id='word_1_882' title='bbox 2482 5357 2562 5412; x_wconf 88' lang='lat' dir='ltr'><strong>Ex</strong></span> <span class='ocrx_word' id='word_1_883' title='bbox 2589 5357 2677 5413; x_wconf 87' lang='lat' dir='ltr'><strong>his</strong></span> <span class='ocrx_word' id='word_1_884' title='bbox 2695 5359 2904 5416; x_wconf 88' lang='lat' dir='ltr'><strong>duabus</strong></span> <span class='ocrx_word' id='word_1_885' title='bbox 2928 5361 3246 5417; x_wconf 89' lang='lat' dir='ltr'><strong>lectionibus</strong></span> <span class='ocrx_word' id='word_1_886' title='bbox 3267 5377 3393 5416; x_wconf 83' lang='lat' dir='ltr'><strong>vera</strong></span> <span class='ocrx_word' id='word_1_887' title='bbox 3416 5363 3703 5418; x_wconf 89' lang='lat' dir='ltr'><strong>conﬁcitur.</strong></span> <span class='ocrx_word' id='word_1_888' title='bbox 3721 5360 3823 5430; x_wconf 65' lang='grc' dir='ltr'><strong>Ρῖιπτε</strong></span> 
     </span>
    </p>
   </div>
   <div class='ocr_carea' id='block_1_119' title="bbox 2313 5430 3823 5501">
    <p class='ocr_par' dir='ltr' id='par_1_119' title="bbox 2313 5430 3823 5501">
     <span class='ocr_line' id='line_1_123' title="bbox 2313 5430 3823 5501; baseline -0.001 -17"><span class='ocrx_word' id='word_1_889' title='bbox 2313 5430 2461 5501; x_wconf 87' lang='lat' dir='ltr'><strong>impii</strong></span> <span class='ocrx_word' id='word_1_890' title='bbox 2485 5441 2606 5499; x_wconf 89' lang='lat' dir='ltr'><strong>post</strong></span> <span class='ocrx_word' id='word_1_891' title='bbox 2631 5431 3084 5487; x_wconf 87' lang='lat' dir='ltr'><strong>resurrectionem</strong></span> <span class='ocrx_word' id='word_1_892' title='bbox 3113 5445 3492 5501; x_wconf 85' lang='lat' dir='ltr'><strong>nuncupantur</strong></span> <span class='ocrx_word' id='word_1_893' title='bbox 3518 5433 3692 5487; x_wconf 82' lang='lat' dir='ltr'><strong>terreni</strong></span> <span class='ocrx_word' id='word_1_894' title='bbox 3716 5474 3728 5490; x_wconf 86' lang='grc'>,</span> <span class='ocrx_word' id='word_1_895' title='bbox 3753 5441 3823 5495; x_wconf 57' lang='lat' dir='ltr'><strong>nisi</strong></span> 
     </span>
    </p>
   </div>
   <div class='ocr_carea' id='block_1_120' title="bbox 2313 5501 3824 5576">
    <p class='ocr_par' dir='ltr' id='par_1_120' title="bbox 2313 5501 3824 5576">
     <span class='ocr_line' id='line_1_124' title="bbox 2313 5501 3824 5576; baseline -0.001 -21"><span class='ocrx_word' id='word_1_896' title='bbox 2313 5501 2566 5576; x_wconf 78' lang='lat' dir='ltr'><strong>nimirum</strong></span> <span class='ocrx_word' id='word_1_897' title='bbox 2598 5517 2704 5576; x_wconf 83' lang='lat' dir='ltr'><strong>non</strong></span> <span class='ocrx_word' id='word_1_898' title='bbox 2736 5503 3159 5576; x_wconf 79' lang='lat' dir='ltr'><strong>immutabuntur</strong></span> <span class='ocrx_word' id='word_1_899' title='bbox 3182 5545 3196 5566; x_wconf 86' lang='lat'><strong>,</strong></span> <span class='ocrx_word' id='word_1_900' title='bbox 3225 5505 3471 5576; x_wconf 86' lang='lat' dir='ltr'><strong>adeoque</strong></span> <span class='ocrx_word' id='word_1_901' title='bbox 3515 5518 3570 5558; x_wconf 89' lang='lat' dir='ltr'><strong>ut</strong></span> <span class='ocrx_word' id='word_1_902' title='bbox 3596 5515 3730 5557; x_wconf 77' lang='lat' dir='ltr'><strong>antea</strong></span> <span class='ocrx_word' id='word_1_903' title='bbox 3753 5513 3824 5576; x_wconf 63' lang='grc' dir='ltr'><strong>[ιντ-</strong></span> 
     </span>
    </p>
   </div>
   <div class='ocr_carea' id='block_1_121' title="bbox 2314 5571 3824 5646">
    <p class='ocr_par' dir='ltr' id='par_1_121' title="bbox 2314 5571 3824 5646">
     <span class='ocr_line' id='line_1_125' title="bbox 2314 5571 3824 5646; baseline -0.005 -18"><span class='ocrx_word' id='word_1_904' title='bbox 2314 5571 2563 5630; x_wconf 90' lang='lat' dir='ltr'><strong>tinebunt</strong></span> <span class='ocrx_word' id='word_1_905' title='bbox 2590 5573 2666 5646; x_wconf 11' lang='lat' dir='ltr'><strong>ad,</strong></span> <span class='ocrx_word' id='word_1_906' title='bbox 2687 5575 2913 5642; x_wconf 82' lang='lat' dir='ltr'><strong>primum</strong></span> <span class='ocrx_word' id='word_1_907' title='bbox 2942 5575 3212 5630; x_wconf 89' lang='lat' dir='ltr'><strong>hominem</strong></span> <span class='ocrx_word' id='word_1_908' title='bbox 3235 5575 3305 5631; x_wconf 93' lang='lat' dir='ltr'><strong>de</strong></span> <span class='ocrx_word' id='word_1_909' title='bbox 3329 5571 3440 5646; x_wconf 79' lang='lat' dir='ltr'><strong>quo</strong></span> <span class='ocrx_word' id='word_1_910' title='bbox 3460 5571 3824 5646; x_wconf 51' lang='lat' dir='ltr'><strong>ApOSlOlllmPF‘</strong></span> 
     </span>
    </p>
   </div>
   <div class='ocr_carea' id='block_1_122' title="bbox 2309 5645 3822 5704">
    <p class='ocr_par' dir='ltr' id='par_1_122' title="bbox 2309 5645 3822 5704">
     <span class='ocr_line' id='line_1_126' title="bbox 2309 5645 3822 5704; baseline -0.007 -5"><span class='ocrx_word' id='word_1_911' title='bbox 2309 5663 2428 5702; x_wconf 90' lang='lat' dir='ltr'><strong>mus</strong></span> <span class='ocrx_word' id='word_1_912' title='bbox 2455 5646 2607 5699; x_wconf 90' lang='lat' dir='ltr'><strong>homo</strong></span> <span class='ocrx_word' id='word_1_913' title='bbox 2633 5645 2695 5699; x_wconf 88' lang='lat' dir='ltr'><strong>de</strong></span> <span class='ocrx_word' id='word_1_914' title='bbox 2726 5655 2862 5700; x_wconf 89' lang='lat' dir='ltr'><strong>terra</strong></span> <span class='ocrx_word' id='word_1_915' title='bbox 2887 5655 3134 5700; x_wconf 86' lang='lat' dir='ltr'><strong>terrenus.</strong></span> <span class='ocrx_word' id='word_1_916' title='bbox 3168 5645 3432 5703; x_wconf 84' lang='lat' dir='ltr'><strong>Dicuntur</strong></span> <span class='ocrx_word' id='word_1_917' title='bbox 3464 5649 3618 5704; x_wconf 87' lang='lat' dir='ltr'><strong>etiam</strong></span> <span class='ocrx_word' id='word_1_918' title='bbox 3656 5650 3700 5698; x_wconf 78' lang='lat' dir='ltr'><strong>in</strong></span> <span class='ocrx_word' id='word_1_919' title='bbox 3725 5647 3822 5695; x_wconf 55' lang='lat' dir='ltr'><strong>des;-</strong></span> 
     </span>
    </p>
   </div>
   <div class='ocr_carea' id='block_1_123' title="bbox 2307 5717 3822 5788">
    <p class='ocr_par' dir='ltr' id='par_1_123' title="bbox 2307 5717 3822 5788">
     <span class='ocr_line' id='line_1_127' title="bbox 2307 5717 3822 5788; baseline -0.008 -16"><span class='ocrx_word' id='word_1_920' title='bbox 2307 5719 2440 5772; x_wconf 88' lang='lat' dir='ltr'><strong>coris</strong></span> <span class='ocrx_word' id='word_1_921' title='bbox 2465 5732 2719 5788; x_wconf 87' lang='lat' dir='ltr'><strong>corpore;</strong></span> <span class='ocrx_word' id='word_1_922' title='bbox 2744 5717 2868 5788; x_wconf 89' lang='lat' dir='ltr'><strong>quia</strong></span> <span class='ocrx_word' id='word_1_923' title='bbox 2904 5717 3114 5788; x_wconf 87' lang='lat' dir='ltr'><strong>corpori</strong></span> <span class='ocrx_word' id='word_1_924' title='bbox 3140 5717 3329 5788; x_wconf 62' lang='lat' dir='ltr'><strong>gloriae</strong></span> <span class='ocrx_word' id='word_1_925' title='bbox 3353 5718 3554 5776; x_wconf 86' lang='lat' dir='ltr'><strong>Christi</strong></span> <span class='ocrx_word' id='word_1_926' title='bbox 3592 5734 3689 5774; x_wconf 83' lang='lat' dir='ltr'><strong>non</strong></span> <span class='ocrx_word' id='word_1_927' title='bbox 3711 5725 3822 5769; x_wconf 62' lang='lat' dir='ltr'><strong>me-</strong></span> 
     </span>
    </p>
   </div>
   <div class='ocr_carea' id='block_1_124' title="bbox 2305 5789 2500 5861">
    <p class='ocr_par' dir='ltr' id='par_1_124' title="bbox 2305 5789 2500 5861">
     <span class='ocr_line' id='line_1_128' title="bbox 2305 5789 2500 5861; baseline -0.021 -17"><span class='ocrx_word' id='word_1_928' title='bbox 2305 5789 2500 5861; x_wconf 87' lang='lat' dir='ltr'><strong>gurati.</strong></span> 
     </span>
    </p>
   </div>
  </div>
