3896 6336
114 377 219 432 ’145

1176 372 1584 438 TIlACTATUS
1625 372 1688 428 IN
1726 372 1968 429 CXXXII
2005 371 2355 430 PSALSIUM.

3292 370 3396 426 746

112 503 162 548 et
186 494 235 547 in
259 489 539 546 dedecoris
565 503 791 559 corpore
813 497 1155 559 resurgentes
1181 507 1193 542 ε
1224 505 1377 562 super
1402 491 1572 559 ipsum
1602 505 1692 542 au.
1721 491 1775 548 Α
1799 487 2176 554 ﬁrmamentum
2206 487 2433 543 veritatis
2461 486 2480 558 (
2495 485 2512 541 Ι
2540 485 2675 540 Tim.
2711 501 2798 551 ιιι,
2823 483 2955 554 15).
2982 483 3165 556 Itaque
3195 485 3396 542 bonum

111 595 208 639 tem
237 585 405 654 ﬂoriet
448 582 782 652 sanctificatio
827 599 957 636 mea.
1014 580 1294 645 Exaltanit,
1343 581 1535 652 inquit,
1584 597 1699 634 eum

111 679 270 745 Deus,
299 687 346 732 et
374 678 578 732 donavit
605 675 684 730 illi
726 692 932 742 nomen,
961 675 1098 743 quod
1123 684 1194 730 est
1233 690 1390 742 super
1417 689 1563 727 omne
1606 689 1698 728 no-

109 790 220 828 men
246 789 264 827 :
290 781 343 826 ut
370 773 421 826 in
450 771 652 826 nomine
676 768 710 823 ,1
716 787 806 825 esu
827 785 976 824 omne
997 785 1128 841 genu
1149 769 1381 839 flectatur
1400 766 1696 835 caelestium,

109 877 157 923 et
182 866 515 931 terrestrium,
545 875 594 920 et
620 865 960 936 infernarum,
989 875 1038 919 et
1065 864 1230 918 omnis
1257 862 1432 932 lingua
1457 861 1698 931 conﬁtea-

108 969 222 1024 tur,
269 964 390 1029 quia
435 956 684 1012 Dominus
750 956 904 1012 Iesus
953 957 1006 1011 in
1051 957 1218 1027 gloria
1261 965 1336 1010 est
1383 953 1480 1008 Dei
1529 951 1700 1007 Patris

108 1051 330 1122 (Philip.
363 1067 418 1117 ιι,
453 1049 487 1106 9
508 1061 556 1105 et
584 1049 696 1119 10),
725 1050 918 1120 quiest
950 1049 1263 1106 benedictus
1290 1047 1342 1103 in
1367 1045 1566 1103 swcula
1597 1059 1700 1100 sa:-

108 1145 366 1201 culorum.
399 1144 592 1200 Amen.
627 1142 704 1214 (1)

512 1279 918 1338 PSALMUS
975 1277 1293 1336 CXXXII.

610 1395 879 1452 Canticum
901 1397 1180 1469 graduum.

175 1517 308 1573 Ecce
326 1532 476 1583 quam
496 1514 684 1569 bonum
708 1523 757 1569 et
781 1529 933 1582 quam
952 1511 1243 1582 jucundum
1265 1511 1492 1565 habitare
1514 1513 1702 1581 fratres

105 1613 156 1666 in
185 1627 360 1665 unum.
391 1607 537 1664 Sicut
567 1615 882 1678 unguentum
905 1606 961 1658 in
991 1607 1174 1676 capite,
1199 1604 1335 1674 quod
1365 1603 1622 1658 descendit
1648 1604 1701 1656 in

106 1705 311 1760 barbam
332 1703 524 1767 Aaron,
548 1701 682 1771 quod
707 1699 966 1754 descendit
997 1702 1049 1751 in
1075 1714 1217 1752 oram
1241 1697 1522 1752 vestimenti
1548 1697 1701 1768 ejus;

104 1799 228 1853 sicut
267 1814 352 1852 ros
396 1794 649 1857 Hannon,
699 1794 784 1861 qui
823 1791 1085 1847 descendit
1141 1791 1195 1844 in
1235 1800 1455 1844 montem
1510 1789 1639 1845 Sion
1684 1803 1702 1843 :

1800 589 1851 634 et
1877 579 2171 650 jucundum
2217 591 2302 636 est
2331 581 2384 634 in
2427 595 2590 634 unum
2640 578 2883 635 habitare
2933 579 3144 636 fratres.
3175 577 3310 634 Cum
3342 579 3398 635 in

1802 689 1966 729 unum
1991 673 2250 740 habitant,
2287 671 2360 747 (c)
2382 683 2650 730 conventu
2672 673 2934 730 Ecclesiae
2954 684 3354 746 congregantur
3379 692 3394 729 :

1800 782 1922 822 cum
1953 767 2146 825 fratres
2173 781 2583 841 nuncupantur,
2614 769 2788 826 unica:
2814 769 3106 826 voluntatis
3133 769 3401 826 cbaritate

1800 859 2095 916 concordes
2124 869 2268 916 sunt.
2575 855 2577 857 ’

1871 951 1926 1006 5.
1959 949 2320 1007 Unanimitatis
2348 953 2568 1009 indoles.
2601 983 2670 994 —
2694 952 2774 1007 Ad
2807 953 3035 1024 primam
3077 955 3222 1010 enim
3265 969 3402 1026 apo-
3457 934 3460 935 ν

1801 1046 2063 1101 stolorum
2097 1046 2532 1116 praedicationem
2577 1048 2678 1102 hoc
2706 1049 3035 1119 praecipuum
3074 1048 3240 1105 fuisse
3281 1064 3403 1105 cre-

1800 1137 2040 1195 dentium
2095 1141 2423 1208 praeconium
2480 1141 2744 1212 lcgimus,
2794 1143 2937 1214 quod
2986 1143 3184 1200 dicitur
3225 1162 3238 1198 :
3273 1143 3402 1198 Erat

1801 1238 1933 1289 enim
1965 1234 2192 1288 omnium
2218 1236 2528 1288 credentium
2555 1253 2642 1289 cor
2667 1248 2713 1291 et
2735 1238 2907 1291 anima
2935 1254 3056 1304 una,
3085 1254 3297 1293 assensu
3319 1255 3404 1292 ea-

1802 1326 1938 1392 dem,
1961 1328 2221 1382 voluntate
2240 1345 2344 1382 non
2375 1327 2454 1401 (d)
2485 1330 2755 1384 dissonans
2773 1373 2788 1396 ,
2811 1331 2912 1399 fide
2939 1333 3100 1398 socia,
3128 1334 3318 1387 amoris
3343 1349 3404 1388 ac

1802 1421 2064 1476 sententia:
2116 1422 2454 1478 unanimitate
2497 1423 2721 1493 perfecta
2757 1425 2905 1496 (Act.
2938 1442 3012 1491 tv,
3041 1426 3156 1497 52).
3190 1429 3256 1483 Et
3301 1428 3405 1484 hoc

1804 1522 2029 1568 testatur
2077 1513 2165 1570 ille
2204 1515 2442 1584 gentium
2487 1516 2683 1572 Doctor
2730 1519 2912 1573 dicens
2951 1518 3065 1574 :Ut
3093 1521 3203 1574 sitis
3232 1537 3406 1575 omnes

1803 1609 2046 1679 perfecti,
2069 1608 2244 1663 eodem
2271 1627 2423 1665 sensu
2440 1653 2454 1674 ,
2477 1610 2652 1665 eadem
2692 1614 2940 1668 sententia
2967 1612 3026 1683 (l
3055 1613 3176 1669 Cor.
3211 1631 3251 1680 ι,
3276 1614 3401 1685 10).

1806 1700 1872 1755 Ει
1896 1715 2105 1756 rursum
2134 1722 2147 1757 :
2173 1701 2395 1769 lmplete
2413 1702 2660 1773 gaudium
2684 1721 2871 1768 meum,
2901 1715 2956 1759 ut
2977 1706 3202 1772 idipsum
3230 1707 3408 1776 sapia-

1805 1794 1890 1858 tis,
1915 1799 2142 1849 eamdem
2176 1797 2477 1851 charitatem
2501 1797 2762 1861 habentes,
2793 1801 3080 1866 unanimes,
3103 1817 3264 1856 unum
3290 1818 3408 1857 sen-

105 1891 341 1962 quoniam
363 1888 474 1943 illic
489 1886 747 1942 mandavit
771 1885 1021 1940 Dominus
1043 1882 1459 1948 benedictionem,
1477 1891 1525 1937 et
1547 1882 1703 1936 vitam
1733 1877 1781 1938 B
1807 1887 2004 1950 tientcs,
2027 1888 2158 1942 nihil
2192 1905 2282 1958 per
2313 1890 2689 1945 aemulationem
2718 1892 2824 1946 sive
2848 1910 2938 1964 per
2956 1893 3160 1948 inanem
3187 1895 3409 1965 gloriam

104 2000 256 2056 usque
285 1984 340 2038 in
367 1981 577 2038 stecula.

544 2072 959 2131 TRACTATUS
998 2070 1272 2127 PSALMI.

174 2173 223 2226 1.
256 2170 404 2227 Βοηα
430 2168 594 2224 multa
621 2185 721 2222 non
742 2165 994 2237 jucunda,
1027 2174 1074 2218 et
1094 2163 1329 2237 jucunda
1358 2180 1458 2218 non
1479 2163 1704 2218 bona.—

105 2266 204 2322 Per
215 2279 432 2322 omnem
449 2261 706 2318 doctrinae
717 2258 961 2314 ordinem
977 2256 1234 2329 gradibus
1247 2257 1555 2322 scanditur;
1578 2273 1702 2312 nam

105 2378 196 2432 per
221 2359 423 2432 gradus
445 2359 511 2414 ad
540 2356 818 2426 superiora
846 2354 1212 2424 provehimur.
1239 2353 1294 2408 ln
1313 2368 1379 2408 eo
1399 2353 1539 2409 enim
1559 2351 1703 2423 quod

106 2457 172 2512 ita
188 2456 353 2525 erepit
369 2449 830 2524 Propheta,V:as.
853 2450 877 2504 1
908 2467 921 2502 :
947 2447 1081 2503 Ecce
1105 2462 1258 2518 quam
1281 2446 1465 2500 bonum
1488 2455 1536 2500 et
1552 2461 1705 2515 quam

93 2547 387 2619 jucundum
408 2588 421 2611 ,
445 2545 703 2600 docemur
729 2541 855 2612 quid
874 2540 1073 2596 bonum
1097 2547 1259 2610 atque
1275 2536 1567 2606 jucundum
1592 2537 1700 2590 sit:

104 2650 159 2697 ut
178 2657 273 2712 per
298 2639 664 2711 cognitionem
693 2651 902 2698 eorum,
934 2633 987 2686 in
1021 2630 1177 2687 bonis
1201 2629 1563 2700 jucundisque
1591 2643 1705 2683 ma-

104 2747 350 2790 neamus.
377 2733 603 2789 Servata
630 2737 807 2784 autem
837 2727 1072 2782 scienter
1105 2740 1167 2780 ea
1209 2723 1345 2779 ratio
1375 2738 1404 2776 a
1432 2721 1702 2794 Propheta

105 2838 205 2896 est,
233 2838 290 2884 ut
312 2828 511 2883 bonum
535 2823 940 2895 jucundumque
970 2821 1235 2876 sociaret:
1264 2819 1389 2891 quia
1413 2833 1519 2874 non
1541 2831 1703 2873 omne

104 2922 240 2993 quod
266 2922 467 2977 bonum
495 2928 600 2982 cst,
623 2916 920 2989 jucundum
947 2924 1050 2980 εει,
1074 2929 1245 2983 neque
1267 2927 1427 2969 omne
1449 2910 1588 2982 quod
1615 2910 1706 2981 ju-

106 3015 339 3071 cundum
371 3023 475 3080 est,
512 3011 710 3067 bonum
737 3020 841 3066 est.
869 3006 1146 3064 Jucundus
1174 3015 1257 3062 est
1284 3005 1463 3070 luxus,
1487 3003 1580 3059 sed
1610 3002 1706 3058 bo-

106 3126 204 3166 nus
229 3124 340 3164 non
373 3117 488 3172 est;
521 3115 605 3163 est
633 3106 777 3162 enim
807 3106 860 3159 in
886 3104 1003 3174 ipsa
1031 3101 1118 3156 illa
1146 3099 1444 3170 corporalis
1469 3097 1704 3154 lasciviae

106 3203 416 3259 ammnitate
442 3199 825 3255 detrimentum
850 3205 906 3251 et
942 3194 1132 3250 salutis
1160 3203 1216 3249 et
1243 3192 1420 3247 famae.
1450 3191 1596 3246 Bona
1619 3197 1705 3245 εει

1807 1990 2011 2052 agentes
2030 2023 2046 2048 ,
2077 1969 2180 2037 sed
2200 1983 2254 2036 in
2292 1983 2578 2039 humilitate
2605 1985 2820 2040 inuicem
2856 1987 3159 2041 arbitrantes
3190 1988 3408 2056 praecel-

1808 2073 1911 2128 lere
1939 2091 2092 2146 super
2121 2075 2333 2129 invicem
2354 2118 2367 2140 ,
2401 2092 2502 2131 non
2531 2094 2627 2132 sua
2646 2120 2660 2142 ,
2692 2078 2782 2132 sed
2814 2079 3034 2133 aliorum
3061 2082 3412 2151 unusquisque

1806 2177 2027 2222 oestrum
2068 2169 2467 2240 contemplantes
2508 2170 2691 2240 (Phil.
2756 2187 2822 2239 ιι,
2873 2171 2910 2226 2
2961 2182 3012 2227 et
3060 2173 3248 2244 seqq.).
3295 2173 3412 2229 Hoc

1808 2263 2054 2332 Apostoli
2083 2263 2338 2333 gaudium
2365 2273 2484 2331 est,
2529 2263 2759 2334 idipsum
2807 2281 2906 2320 nos
2949 2281 3177 2336 sapere,
3222 2281 3412 2323 amore

1808 2354 1999 2411 eodem
2028 2356 2316 2422 contineri,
2345 2373 2439 2426 per
2463 2359 2618 2412 unius
2646 2374 2839 2415 sensus
2868 2362 3190 2416 sententiam
3222 2362 3415 2416 unani—

1807 2465 1922 2506 mes
1954 2465 2292 2520 permanere,
2322 2467 2429 2507 non
2462 2467 2556 2522 per
2586 2453 2984 2508 aemulationem
3017 2456 3282 2526 separari,
3311 2471 3409 2512 nc-

1807 2558 1912 2614 que
1933 2557 2031 2612 per
2057 2544 2234 2598 inanis
2253 2543 2440 2614 gloriae
2460 2543 2696 2600 studium
2718 2546 3006 2611 dissidere,
3031 2563 3138 2602 non
3171 2563 3289 2612 sua,
3313 2549 3409 2604 sed

1807 2636 2035 2692 aliorum
2069 2653 2504 2708 unumquemque
2535 2639 2772 2707 c0gitare
2798 2649 3082 2710 oportere;
3113 2651 3173 2696 ut
3201 2657 3263 2696 ea
3293 2642 3418 2711 qui-

1808 2729 1909 2786 bus
1954 2729 2146 2786 aliente
2190 2731 2497 2787 voluntates
2544 2732 2596 2786 in
2645 2732 2934 2789 concordia
2965 2734 3274 2791 detinendac
3303 2735 3417 2790 sint

1807 2823 2128 2893 cogitemus.
2157 2823 2311 2891 Quod
2356 2823 2462 2878 alio
2504 2824 2556 2878 in
2599 2825 2721 2880 loco
2759 2825 3048 2893 admonet,
3087 2826 3271 2882 dicens
3305 2844 3319 2880 :
3351 2826 3416 2883 Si

1806 2918 2046 2990 possibile
2082 2928 2157 2974 est
2183 2934 2248 2972 ex
2272 2917 2410 2972 vobis
2437 2918 2504 2972 ad
2534 2935 2707 2973 onmes
2750 2936 2926 2992 pacem
2955 2921 3196 2976 habentes
3218 2921 3408 2994 (Rom.

1808 3025 1913 3078 ιιι,
1943 3013 2057 3082 18).
2092 3013 2171 3068 Ex
2202 3012 2356 3068 nobis
2385 3013 2502 3067 vult
2530 3027 2671 3076 esse,
2702 3021 2777 3080 ut,
2815 3015 2860 3070 si
2893 3015 3147 3084 possibile
3171 3024 3274 3078 est,
3309 3031 3417 3084 pax

1806 3106 1872 3161 ad
1903 3122 2096 3162 omnes
2133 3106 2222 3161 sit.
2254 3105 2519 3161 Voluntas
2545 3116 2731 3163 nostra
2774 3108 3012 3163 omnium
3043 3108 3294 3164 amicitiis
3318 3109 3416 3165 de-

1807 3198 1916 3254 dita
1941 3199 2032 3264 sit,
2055 3199 2129 3272 (e)
2150 3201 2195 3254 si
2217 3209 2269 3256 et
2291 3207 2612 3255 cmtcrorum
2638 3209 2828 3255 natura
2852 3199 3045 3256 habeat
3077 3201 3222 3269 pacis
3252 3199 3417 3257 affec-

109 3294 388 3351 loleranlia
421 3291 665 3363 injuriae.
696 3289 930 3345 maxime
967 3303 1088 3342 cum
1136 3285 1202 3339 ad
1250 3283 1703 3354 irreligiosilalem
1731 3283 1777 3345 C
1813 3301 1965 3356 tum;
2006 3291 2302 3346 dummodo
2341 3308 2448 3346 non
2475 3308 2539 3346 ex
2586 3291 2742 3346 nobis
2779 3306 2942 3347 causa
2973 3301 3066 3347 aut
3101 3293 3416 3364 interrupta:

107 3387 480 3459 compellimur
507 3385 682 3456 poenis
707 3382 866 3438 famis
884 3423 896 3445 ,
923 3381 1069 3442 sitis,
1105 3375 1343 3448 frigoris,
1374 3374 1699 3443 vigiliarum,

104 3461 577 3546 contumeliarum,
601 3477 848 3533 dolorum
874 3492 889 3540 ;
917 3472 1011 3529 sed
1035 3470 1272 3542 jucunda
1304 3484 1409 3525 non
1440 3477 1522 3523 est
1553 3483 1567 3522 :
1593 3467 1703 3520 illic

104 3575 246 3631 enim
289 3572 613 3643 iniuriosum
662 3567 915 3639 perfectae
955 3563 1165 3620 virtutis
1212 3561 1450 3617 cilicium
1496 3568 1597 3615 est.
1636 3557 1706 3612 Et

105 3666 176 3722 ita
227 3681 327 3736 per
368 3665 484 3720 haec
515 3675 916 3731 nonnumquam
966 3669 1020 3714 et
1075 3658 1274 3713 bonum
1326 3652 1700 3725 jucunditate,

103 3759 273 3834 518
306 3768 365 3815 et
383 3756 694 3828 jucunditas
719 3755 858 3810 solet
903 3768 1159 3810 eocarere
1187 3751 1328 3822 quod
1375 3752 1571 3805 bonum
1599 3757 1701 3803 est.

169 3855 224 3910 2.
255 3853 466 3909 Bonum
492 3849 805 3920 iucundum,
838 3848 1067 3918 fraterna
1107 3847 1311 3911 unitas;
1349 3844 1433 3898 ubi
1475 3860 1611 3899 cera.
1635 3870 1707 3882 —-

101 3949 401 4007 Videamus
423 3945 551 4019 quid
573 3945 642 4000 sit
665 3942 794 3998 illud
813 3941 954 4014 quod
977 3941 1173 3996 bonum
1199 3948 1252 3994 et
1269 3937 1562 4008 jucundum
1585 3950 1707 3991 esse
1737 3979 1750 3990 .

100 4043 376 4115 Propheta
393 4040 748 4104 demonstrat,
767 4036 974 4092 scilicet
995 4032 1222 4087 habitare
1243 4035 1427 4102 fratres
1453 4029 1504 4082 in
1527 4043 1704 4082 unum.

99 4137 212 4192 Non
245 4137 520 4192 humanas
544 4130 993 4192 cohabitatioues,
1027 4139 1128 4180 nec
1159 4135 1491 4179 terrenarum
1520 4121 1709 4175 domo-

96 4249 215 4290 rum
268 4229 714 4288 communionem
767 4223 1027 4296 propheta
1062 4218 1229 4275 David
1261 4218 1409 4272 dicit.
1443 4215 1574 4271 Nam
1606 4214 1712 4269 fra-

101 4337 212 4384 tres
233 4325 319 4398 (a)
346 4321 449 4379 sub
479 4321 595 4376 haec
630 4320 745 4390 ipsa
786 4327 1050 4373 tectorum
1083 4311 1356 4368 consortia
1386 4307 1712 4364 dissidentes

14 4473 16 4478 .
103 4419 376 4484 videmus,
403 4426 458 4472 et
486 4415 734 4471 inimicos
762 4427 906 4482 saepe
945 4407 1188 4479 ejusdem
1217 4403 1477 4462 domicilii
1504 4401 1714 4457 habita-

104 4512 178 4565 tio
233 4509 481 4566 continet
527 4525 541 4561 :
583 4516 637 4561 et
679 4519 1077 4573 nonnumquam
1134 4501 1522 4556 incrementum
1573 4494 1714 4550 odiis

102 4605 218 4676 ipsa
249 4604 342 4660 illa
373 4600 719 4657 cohabitandi
747 4599 1042 4669 indignatio
1069 4594 1463 4650 subministrat.
1486 4590 1590 4646 Sed
1615 4605 1713 4644 uo-

1809 3396 1903 3440 aut
1933 3401 2036 3442 non
2069 3395 2402 3441 conservatae
2436 3385 2580 3455 pacis
2611 3387 2824 3441 existat.
2849 3385 2960 3440 Hoc
3006 3385 3187 3456 itaque
3215 3387 3415 3455 populo

1812 3478 1906 3532 Dei
1935 3478 2206 3549 congruit,
2231 3478 2330 3533 sub
2354 3494 2460 3534 uno
2485 3478 2648 3551 519
2672 3487 2824 3548 patre
2853 3479 3066 3542 fratres,
3095 3487 3148 3533 et
3175 3479 3275 3532 sub
3305 3493 3414 3533 uno

1809 3570 2001 3642 spiritu
2033 3585 2196 3625 unum
2227 3584 2370 3635 esse,
2393 3571 2494 3626 sub
2517 3587 2622 3625 una
2647 3571 2810 3625 domo
2829 3570 3116 3624 unanimes
3138 3568 3410 3637 incedere,

1808 3668 1908 3723 sub
1954 3683 2063 3723 uno
2110 3666 2286 3738 capite
2331 3667 2493 3722 unius
2540 3666 2787 3736 corporis
2833 3665 3074 3720 membra
3112 3679 3254 3721 esse.
3294 3663 3416 3719 Non

1809 3760 1951 3815 enim
1983 3760 2171 3816 oculus
2201 3775 2387 3816 aurem
2419 3759 2551 3825 odit,
2584 3773 2684 3814 nec
2729 3773 2886 3814 nares
2928 3773 2991 3812 os
3039 3765 3415 3828 exsecrantur,

1810 3868 1909 3909 nec
1934 3868 2123 3908 manus
2151 3852 2340 3923 pedem
2373 3851 2600 3922 spernit.
2639 3849 2765 3905 Haec
2793 3851 2937 3904 enim
2971 3859 3026 3904 ut
3077 3848 3268 3905 officiis
3298 3864 3418 3903 mu-

1813 3947 1915 4001 tuis
1941 3946 2080 4012 sibi,
2111 3946 2182 4000 ita
2213 3955 2268 4001 et
2299 3960 2482 4001 amore
2511 3946 2583 4015 (f)
2615 3944 2873 3998 destricta
2899 3951 3044 3998 sunt.
3079 3942 3190 3996 Iloc
3214 3941 3416 4009 jucun-

1810 4039 1938 4093 dum
1965 4047 2019 4094 et
2045 4038 2244 4092 bonum
2271 4045 2351 4091 est
2374 4079 2387 4100 ,
2420 4035 2666 4090 habitare
2694 4035 2890 4090 fratres
2929 4033 2982 4086 in
3009 4048 3170 4086 unum
3198 4073 3212 4094 ,
3242 4031 3295 4085 in
3321 4047 3417 4086 eo—

1812 4130 1936 4187 dem
1985 4143 2127 4194 esse,
2161 4127 2304 4184 idem
2347 4143 2491 4195 esse,
2521 4142 2623 4182 nec
2672 4125 3091 4198 congregatione
3145 4123 3266 4178 fieri
3315 4138 3416 4180 nec

1812 4238 1999 4277 amore
2025 4221 2296 4276 diversos.

1885 4317 1940 4370 Α.
1980 4313 2167 4370 Unctio
2189 4300 2362 4368 Aaron
2381 4329 2532 4385 quam
2554 4312 2818 4367 adumbret
2845 4311 3156 4366 unctionem.
3174 4305 3418 4364 —C0tu-

1816 4409 2149 4482 parationem
2196 4424 2328 4465 vero
2384 4407 2543 4479 hujus
2598 4406 2724 4462 boni
2770 4404 3099 4477 jucundique
3139 4402 3414 4475 Propheta

1815 4502 2130 4568 constituit,
2186 4501 2405 4568 dicens,
2451 4501 2617 4555 Vens.
2670 4500 2705 4552 2
2751 4516 2764 4552 :
2815 4497 2963 4551 Sicut
3003 4505 3319 4566 unguentum
3360 4496 3417 4550 in

1817 4597 1981 4669 capite
2003 4638 2016 4659 ,
2047 4594 2182 4664 quod
2212 4593 2468 4649 descendit
2499 4593 2552 4645 in
2581 4591 2812 4656 barbam,
2845 4588 2918 4660 (g)
2952 4587 3159 4642 barbam
3196 4587 3371 4640 Aaron
3394 4603 3416 4653 ;

104 4699 181 4752 vit
205 4711 334 4754 esse
363 4695 652 4765 Apostolus
673 4707 1017 4750 communem
1048 4704 1101 4746 et
1128 4686 1435 4758 religiosam
1465 4685 1709 4750 domum,
1738 4686 1793 4747 D
1818 4689 1954 4760 quod
1981 4687 2237 4743 descendit
2261 4687 2312 4739 in
2332 4701 2474 4740 oram
2502 4684 2783 4738 vestimenti
2811 4682 2942 4752 ejus.
2969 4681 3146 4734 Aaron
3176 4694 3419 4748 unguen-

104 4790 299 4847 dicens
334 4807 347 4844 :
387 4787 454 4843 Ut
481 4788 612 4842 scias
641 4784 1070 4857 quemadmodum
1117 4790 1164 4834 te
1207 4788 1437 4850 oporteat
1469 4779 1525 4832 in
1563 4779 1714 4831 domo

106 4882 208 4939 Dei
238 4883 316 4955 (b)
344 4881 614 4948 diversari,
641 4897 755 4952 qua:
776 4891 851 4935 est
881 4877 1113 4934 Ecclesia
1137 4873 1233 4929 Dei
1256 4874 1376 4941 vivi,
1405 4873 1641 4928 columna
1668 4881 1714 4925 et

182 5025 264 5100 (1)
301 5023 501 5100 _lluj_us
549 5022 747 5100 P_salr_ni
803 5019 1156 5100 enarrationin
1191 5017 1272 5100 sic
1321 5017 1483 5100 fipem
1531 5015 1709 5100 impo:

108 5084 202 5153 nit‘
234 5084 257 5152 ε’
294 5084 524 5164 Explicit
567 5094 811 5150 Psalmus
882 5107 1071 5164 cum.
1119 5089 1182 5144 Et
1221 5087 1317 5164 hic
1359 5087 1463 5142 loci
1511 5084 1715 5164 deserit

107 5183 212 5226 nos
267 5155 394 5224 suh'
422 5176 501 5223 tot
559 5167 880 5222 saeculorum
932 5162 1170 5234 pondere
1227 5160 1483 5215 fatiscens
1544 5155 1716 5217 codex

184 5283 263 5356 (a)
298 5283 466 5356 Editi,
490 5283 550 5338 ob
582 5283 689 5337 haec
716 5299 730 5336 :
757 5280 1202 5356 emcndantucex
1231 5275 1437 5356 Tereu.
1466 5289 1565 5330 ms.

185 5285 240 5356 (a
298 5285 466 5350 Editi,
490 5285 550 5338 ob
582 5285 689 5337 haec
716 5299 730 5336 :
757 5285 1112 5338 emcndantur
1137 5293 1202 5333 ex
1231 5285 1437 5332 'l'uron.
1466 5289 1565 5330 ms.

185 5285 426 5428 (biAPar.
458 5355 747 5420 mendose,
775 5353 1080 5428 conservari.
1107 5351 1172 5428 _|n
1203 5349 1324 5428 aliis
1351 5346 1478 5428 edit.
1512 5361 1718 5400 conver-

108 5419 608 5494 sar'iIReponimus
629 5442 690 5480 cx
717 5419 849 5480 mss.
873 5423 1116 5479 diversari
1137 5438 1154 5476 :
1173 5422 1357 5492 sicque
1380 5419 1431 5474 in
1458 5433 1539 5490 ps.
1565 5430 1714 5484 thv,

111 5515 170 5554 ιι.
197 5498 256 5558 6.
285 5507 346 5552 ει
369 5497 493 5553 alibi
526 5497 651 5566 legit
677 5496 930 5552 Hilarius.

188 5569 264 5643 (c)
291 5568 386 5624 Sic
397 5583 536 5632 mss.
564 5562 702 5623 Editi
724 5584 877 5635 vero,
909 5575 1207 5622 conventum
1239 5562 1484 5618 Ecclesia:
1508 5574 1719 5631 congre-

110 5650 261 5713 gant.

191 5713 275 5784 (ά)
302 5709 428 5766 Sola
459 5710 622 5766 editio
653 5711 772 5766 Par.
807 5711 1146 5765 dissonantes.
1182 5708 1240 5763 In
1281 5707 1382 5762 hac
1424 5714 1482 5759 ut
1517 5704 1569 5758 iu
1607 5700 1726 5756 aliis

113 5783 207 5838 hic
237 5785 436 5836 vitiosa
462 5791 544 5837 est
567 5784 946 5850 interpunctio.

191 5855 268 5924 (c)
305 5852 467 5924 Editi,
513 5854 607 5908 etsi
632 5847 930 5908 ceterorum
975 5863 1160 5907 natura
1209 5867 1308 5906 non
1356 5847 1721 5924 habeat,_etc.,

117 5917 274 5999 quod
308 5917 474 5982 etiam
515 5925 672 5983 habet
701 5941 801 5980 ms.
832 5925 1031 5980 Turon.
1073 5924 1238 5994 Magis
1283 5920 1437 5979 nobis
1465 5917 1722 5991 probatur

661 6020 934 6080 Panos.
968 6017 1082 6078 IX.

1826 4793 1900 4847 to,
1925 4782 2079 4852 cujus
2105 4778 2427 4850 compositio
2455 4787 2510 4834 et
2533 4775 2610 4848 (h)
2635 4775 2878 4832 confusio
2905 4789 2975 4830 ex
3006 4772 3266 4830 odoribus
3285 4786 3418 4826 cou-

1822 4875 2040 4939 tinetur,
2074 4885 2266 4930 unctus
2309 4881 2394 4929 est
2445 4873 2495 4926 in
2541 4869 2878 4934 sacerdotem
2911 4866 3104 4942 (Leuit.
3137 4882 3258 4933 vtu,
3286 4863 3412 4936 12).

1820 5012 2150 5142 1ἵειιειιιειιείε
2193 5009 2478 5081 Ecclesiae}
2525 5005 2812 5078 postremis
2855 5003 3216 5078 detruncatus.
3250 5014 3418 5055 mem-

1857 5101 2020 5142 ranis.
2213 5116 2219 5123 -

1857 5101 2020 5142 ranis.

1823 5283 1944 5325 cum
1975 5282 2090 5338 reg.
2116 5267 2161 5320 si
2184 5256 2579 5338 etrcteterorttm,
2595 5269 2727 5327 ctc.,
2745 5273 2854 5330 quo
2881 5258 3055 5328 aptius
3083 5256 3418 5327 explicantur

1823 5339 1984 5396 verba
2008 5331 2274 5408 A'postoli,
2303 5335 2345 5388 si
2370 5331 2610 5403 possibile
2638 5340 2728 5387 est.

1894 5410 1962 5483 (f)
1996 5401 2147 5483 Apud
2190 5407 2312 5461 Par.
2345 5401 2609 5483 distracta,
2635 5401 2921 5483 mendose:
2939 5401 3188 5483 destricta
3210 5409 3414 5483 autem,

1821 5483 1874 5537 id
1901 5471 1986 5537 est
2008 5524 2022 5546 ,
2047 5471 2237 5534 stricte
2263 5476 2498 5545 sociata,
2524 5490 2630 5547 quo
2659 5488 2820 5529 sensu
2849 5472 3042 5542 legitur
3072 5472 3331 5542 distringit
3362 5471 3419 5526 in

1828 5554 2013 5609 Matth.
2041 5568 2090 5607 c.
2126 5567 2178 5614 x,
2214 5566 2266 5603 ιι.
2297 5550 2387 5604 ‘23.

1900 5622 1976 5696 (g)
2011 5621 2337 5696 vocabulum
2372 5619 2572 5696 barbam
2601 5617 2652 5671 iu
2679 5615 2826 5696 prius
2863 5614 3089 5695 vulgatis
3121 5627 3226 5696 non
3260 5629 3420 5682 repe-

1831 5685 1984 5752 nulli.
2012 5695 2257 5764 adjicitur
2282 5691 2601 5764 auctoritate
2627 5685 2728 5764 ms.
2755 5685 2959 5739 Turon.
2985 5685 3075 5756 qui
3108 5686 3266 5754 paulo
3295 5697 3422 5742 ante

1830 5768 1990 5822 habet
2015 5760 2284 5837 de'capite,
2316 5763 2494 5837 nonin
2523 5760 2705 5837 capite.

1897 5837 1979 5909 (It)
2024 5826 2188 5903 Edili,
2217 5833 2490 5905 confectio,
2520 5826 2762 5893 ct'inl't'a,
2791 5828 2976 5910 conﬁci
3016 5845 3034 5884 :
3063 5826 3424 5886 renitentibus

1830 5926 1959 5968 IDSS.

2953 5992 3028 6052 ἐὴ
