3896 6336
157 363 259 428 ⁸149

158 501 300 548 num,
332 493 450 537 cum
493 479 561 535 de
590 479 729 536 coelo
778 475 1194 542 descenderent,
1227 477 1277 531 in
1313 476 1457 530 hunc
1504 482 1742 552 montem
1771 483 1822 545 Α

156 577 226 652 (τι)
243 579 468 631 maxime
485 574 755 630 excelsum
779 587 879 627 con
892 572 1158 626 venerint.
1179 569 1284 626 Sed
1303 569 1416 624 base
1432 566 1744 640 praetermit-

157 681 343 727 tamus.
369 669 496 736 Qua:
524 667 667 722 enim
693 663 830 720 libro
858 664 992 735 legis
1018 677 1124 718 non
1150 663 1518 727 continentur,
1549 675 1611 716 ea
1643 673 1744 715 nec

157 777 310 818 nosse
347 759 604 814 debemus
633 775 646 812 :
681 765 1104 812 commemorata
1141 765 1317 810 autem
1349 753 1422 809 ob
1453 752 1503 808 id
1538 762 1741 807 tantum

157 864 294 917 sunt,
329 852 445 921 quia
479 861 578 905 nos
601 845 672 905 de
699 849 800 905 hoc
828 858 1010 904 monte
1035 847 1126 903 Dei
1155 863 1248 918 per
1273 846 1596 917 Prophetam
1621 861 1744 916 pro-

157 945 309 1001 fessio
341 942 417 1016 (lt)
446 942 838 998 commovebat.
863 943 1023 996 Certe
1069 941 1228 996 hodie
1271 949 1461 1012 gentes
1502 950 1741 995 montem

158 1039 293 1093 hunc
324 1038 540 1107 profana
565 1037 827 1107 religione
857 1043 1184 1090 venerantur
1211 1051 1224 1088 :
1254 1044 1311 1090 et
1337 1035 1744 1106 interpretatio-

157 1147 272 1188 nem
305 1131 535 1186 nominis
556 1133 658 1195 sui,
685 1131 826 1203 quod
856 1139 940 1186 est
961 1131 1271 1199 anathema,
1305 1132 1420 1202 ipsa
1447 1130 1537 1186 illa
1565 1129 1744 1201 impia}

158 1227 549 1298 superstitionis
579 1227 709 1281 sede
738 1235 1021 1280 testantur.

225 1321 276 1375 7.
313 1319 416 1374 llos
439 1320 499 1373 ab
531 1311 762 1375 Hei-mon
793 1320 843 1373 in
877 1320 1006 1375 Sion
1028 1362 1041 1386 ,
1075 1337 1107 1373 a
1133 1319 1489 1373 ntaletlictione
1515 1320 1568 1372 in
1596 1316 1747 1372 bone-

157 1415 422 1468 dictionem
480 1415 743 1469 trattsittts.
773 1412 973 1467 -—ltos
1026 1425 1153 1468 vero
1200 1413 1268 1468 de
1317 1412 1470 1468 caelis
1523 1424 1638 1477 est,
1693 1421 1747 1467 et

153 1509 289 1565 Inter
340 1505 786 1564 benedictionum
831 1521 1053 1563 munera
1106 1510 1278 1580 optari
1336 1523 1458 1563 eum
1499 1508 1747 1563 memini-

154 1607 289 1669 ‘mus,
319 1617 440 1659 cum
471 1603 618 1659 Isaae
648 1603 716 1658 ad
747 1602 914 1659 Jacob
942 1603 1018 1658 ait
1047 1617 1060 1656 :
1090 1599 1157 1656 Et
1184 1605 1267 1658 det
1293 1603 1384 1658 tibi
1414 1601 1552 1658 Deus
1579 1617 1610 1657 η
1635 1617 1748 1657 rore

153 1701 260 1754 (teli
275 1710 322 1754 et
345 1699 406 1753 ab
430 1701 656 1755 ubertate
676 1709 826 1754 ten-te
845 1700 1221 1754 multitudinem
1255 1699 1405 1769 (Gen.
1437 1715 1601 1763 xxv",
1627 1699 1743 1769 28).

156 1789 293 1863 Ergo
315 1791 441 1862 quia
468 1802 692 1848 munera
725 1803 781 1850 et
812 1791 1216 1848 benedictioucs
1243 1792 1374 1860 Dei,
1405 1793 1602 1863 quibus
1635 1794 1744 1862 pri-

1175 352 1592 416 TRAC'I‘ATUS
1632 355 1696 414 IN
1742 355 2012 414 CXXXIII
2052 357 2392 416 ISALSIUM.

3338 359 3442 420 750

2315 470 2633 531 PSALMUS
2669 470 2961 529 CXXXIII.

2347 586 2617 643 Canticum
2645 589 2922 660 graduum.

1917 698 2052 754 Ecce
2097 718 2230 757 nunc
2263 701 2540 757 benedicile
2581 701 2859 757 Dominum
2902 715 3074 756 omnes
3114 703 3245 757 servi
3283 703 3396 774 ejus
3425 719 3444 758 :

1844 793 1931 860 qui
1953 795 2098 848 statis
2129 796 2180 849 in
2209 796 2360 850 domo
2387 793 2635 861 Domini,
2668 797 2721 850 in
2749 797 2894 850 atriis
2922 798 3102 850 domus
3131 793 3232 851 Dei
3261 800 3441 854 nostri.

1845 885 1914 941 In
1946 886 2175 942 noctibus
2200 887 2430 944 extollite
2458 907 2640 944 manus
2669 899 2860 945 vestras
2897 890 2949 943 in
2977 898 3153 944 sancta
3173 933 3186 955 ,
3222 899 3268 944 et
3296 889 3446 945 bene-

1847 980 2000 1035 dicite
2029 979 2326 1036 Dominum.
2373 981 2648 1038 Benedicat
2685 993 2730 1038 te
2761 981 3014 1038 Dominus
3052 997 3117 1038 ea:
3156 981 3318 1049 Sion,
3359 985 3447 1054 qui

1847 1072 1966 1146 fecit
1995 1075 2176 1129 caelum
2203 1083 2250 1130 et
2279 1084 2485 1131 terram.

2280 1215 2368 1271 ΤΒ
2379 1216 2590 1272 ACTA'I
2611 1217 2696 1275 US
2741 1217 3010 1274 PSALMI.

1921 1307 1972 1362 I.
2003 1306 2309 1364 Benrdicere
2338 1313 2488 1383 cujus
2516 1312 2603 1365 sit.
2635 1340 2706 1352 -—
2743 1311 2933 1367 Finem
2977 1322 3196 1368 sumunt
3223 1313 3448 1371 Cantica

1848 1397 2134 1468 graduum.
2167 1401 2262 1457 sed
2293 1402 2702 1458 ascensionibus
2725 1402 2839 1459 suis
2865 1405 3105 1474 dignum.
3136 1405 3271 1462 Cum
3300 1406 3446 1461 enim

1850 1504 1946 1559 per
1965 1505 2028 1546 ea
2050 1491 2116 1545 ad
2143 1493 2503 1563 cognitionem
2525 1497 2850 1552 sacramenti
2870 1498 3103 1554 ccclesiis
3121 1499 3412 1555 scandatur
3432 1515 3446 1563 ;

1851 1597 2076 1638 necesse
2107 1594 2188 1639 est
2215 1627 2230 1653 ,
2272 1596 2328 1640 ut
2360 1598 2545 1656 postea
2579 1587 2881 1645 benedictio
2909 1591 2960 1646 ei
3003 1591 3069 1646 ad
3100 1608 3261 1662 quem
3291 1607 3447 1648 cens-

1853 1690 2072 1731 censum
2099 1677 2171 1732 sit
2190 1677 2470 1734 debeatur.
2500 1679 2673 1736 Vocat
2693 1681 2851 1753 igitur
2875 1698 3063 1740 oruncs
3089 1683 3358 1754 Propheta
3381 1685 3451 1739 ad

1854 1770 2285 1833 benedicendum
2316 1773 2602 1829 Dominum
2629 1791 2644 1830 :
2675 1784 2731 1830 et
2764 1787 3030 1848 tamquam
3063 1779 3451 1833 consummatis

151 1893 288 1939 mum
313 1887 497 1940 omnia
521 1899 643 1940 cum
671 1894 852 1940 creata
877 1895 932 1940 οι
981 1884 1116 1940 facta
1154 1894 1280 1939 sum
1305 1885 1602 1951 benedixit,
1627 1899 1750 1954 pos-
1778 1881 1826 1940 Β
1854 1865 2128 1934 omnibus,
2159 1867 2442 1923 universos
2467 1867 2534 1924 ad
2561 1871 3011 1926 oontestatiouem
3035 1871 3260 1926 honoris
3279 1871 3450 1927 debiti

149 1985 229 2034 tea
259 1994 386 2034 vero
413 1991 482 2034 ex
507 1989 725 2049 peccato
744 1979 873 2034 Adze
899 1980 949 2033 in
969 1978 1310 2034 anathemate
1338 1979 1740 2044 consulecum;

145 2081 348 2144 gratum
380 2074 500 2129 Deo
529 2086 611 2128 est
630 2115 644 2139 ,
677 2089 739 2129 ea
769 2087 982 2127 rursum
1012 2073 1066 2127 in
1094 2074 1534 2128 sanctiﬁcationis
1561 2073 1744 2128 sedem

145 2165 315 2222 redire
370 2178 540 2237 atque
594 2161 946 2223 descendere.
1009 2166 1332 2222 Benedictus
1386 2167 1530 2222 enim
1582 2171 1747 2222 homo

145 2261 237 2318 fuit
267 2282 278 2317 :
312 2265 404 2320 sed
445 2277 565 2336 post
596 2264 1028 2321 benedictionem
1061 2265 1328 2335 peccavit,
1357 2275 1412 2321 et
1441 2264 1619 2320 statim
1647 2265 1750 2319 im-

142 2357 254 2428 pias
293 2358 410 2414 fuit.
473 2358 579 2415 Sed
620 2361 708 2429 qni
781 2349 984 2414 mavitlt
1031 2359 1330 2429 peccatoris
1377 2357 1744 2429 paenitentiam

143 2463 291 2520 quam
319 2463 586 2521 mortem,
621 2453 732 2507 vult
759 2453 1151 2508 benedictionis
1175 2468 1284 2507 suae
1309 2467 1487 2506 rorem
1513 2451 1581 2505 ab
1605 2449 1745 2505 Her-

138 2560 256 2600 mon
290 2546 340 2599 in
371 2547 514 2601 Sion
557 2545 919 2610 descendere,
953 2545 1004 2600 id
1044 2553 1158 2612 est,
1197 2559 1263 2600 ex
1296 2542 1586 2614 impietatis
1617 2541 1747 2597 sede

137 2639 186 2694 in
226 2639 647 2695 santiﬁueationis
680 2639 858 2694 locum
893 2639 1146 2694 transire.
1193 2638 1337 2692 Rere
1379 2636 1523 2692 enim
1563 2635 1743 2689 omnia

137 2733 408 2787 virescunt
438 2774 452 2798 ,
486 2732 728 2800 aluntur,
761 2742 1026 2802 augentur
1067 2748 1080 2783 :
1115 2730 1184 2786 ita
1218 2729 1499 2800 principali
1533 2728 1617 2783 illa
1652 2723 1748 2780 Dci

149 2823 526 2882 benedictione
565 2825 728 2880 homo
761 2826 1002 2895 gignitur
1027 2866 1042 2888 ,
1077 2824 1280 2894 spirat,
1312 2824 1600 2879 excrescit.
1650 2819 1750 2875 Est

142 2933 264 2990 ergo
281 2919 485 2973 bonum
509 2917 998 2988 atquejueundum,
1023 2928 1124 2970 uta
1138 2914 1323 2987 gentili
1346 2930 1550 2980 errore,
1573 2913 1624 2968 id
1641 2921 1744 2981 est,

143 3011 409 3083 aprolana
435 3013 676 3068 Hennon
695 3011 1041 3066 veneratione
1055 3009 1408 3075 descendens,
1427 3009 1492 3063 ad
1521 3008 1671 3076 Sion,
1697 3007 1746 3062 id

142 3116 220 3160 est
257 3104 320 3159 ad
349 3115 574 3160 :eterna:
617 3103 963 3158 beatitudinis
993 3101 1216 3157 domum
1247 3109 1512 3167 transeat,
1545 3109 1599 3156 et
1623 3116 1746 3157 eum

145 3197 230 3267 qni
260 3197 428 3253 salute
455 3199 704 3252 omnium
735 3196 946 3250 laetatur
972 3195 1225 3260 oblectet,
1259 3196 1327 3251 ob
1353 3195 1406 3249 id
1441 3213 1452 3248 :
1488 3194 1748 3262 Quoniam

1853 1967 2186 2028 congregat,
2245 1957 2450 2026 dicens,
2504 1959 2668 2016 Vrsas.
2729 1962 2753 2015 l
2812 1977 2828 2015 :
2881 1961 3012 2016 Ecce
3063 1980 3200 2017 nam:
3249 1962 3453 2018 benedi-

1852 2054 1949 2109 cite
1977 2052 2259 2108 Dominum
2288 2071 2463 2111 omnes
2486 2057 2620 2111 servi
2645 2060 2782 2129 ejus.
2811 2057 2871 2112 In
2901 2073 2966 2112 eo
2987 2065 3167 2113 autem
3189 2058 3333 2126 quod
3354 2060 3451 2124 ait,

1853 2147 1989 2202 Ecce
2029 2163 2202 2214 nunc,
2247 2149 2538 2204 elaborata:
2574 2150 2910 2206 ascensionis
2966 2149 3266 2220 perlectum
3302 2150 3454 2223 (con-

1851 2247 2204 2316 summatum)
2234 2261 2370 2317 opus
2393 2262 2520 2302 esse
2549 2247 2820 2318 signiﬁcat
2849 2258 2943 2302 :ut
2961 2247 3074 2317 jam
3106 2263 3252 2302 nunc
3279 2248 3452 2303 bene.

1851 2337 2054 2405 (licam,
2075 2338 2202 2409 quia
2231 2339 2576 2411 proﬁcientes
2611 2340 2977 2395 ascenderiut.
3035 2339 3450 2396 Benedicendus

1851 2442 1932 2489 est
1960 2473 1975 2499 ,
2017 2434 2143 2504 quia
2174 2449 2274 2488 nos
2319 2435 2375 2489 in
2403 2434 2686 2490 excelsum
2720 2433 2886 2506 533
2929 2435 3276 2503 provexerit,
3327 2436 3451 2504 quia

1852 2525 1976 2581 ﬁdei
1999 2527 2257 2598 gradibus
2287 2527 2341 2582 in
2371 2527 2604 2583 sublime
2646 2527 2839 2582 donius
2877 2543 2987 2582 suae
3015 2526 3329 2582 elevaverit.
3354 2528 3457 2583 Be-

1793 2624 1797 2628 ‘
1851 2616 2159 2674 nedictione
2199 2626 2383 2674 autem
2428 2619 2519 2674 Dei
2547 2633 2612 2674 os
2651 2621 2951 2688 peccatoris
2991 2618 3274 2690 indignum
3321 2628 3451 2676 est:

1851 2717 1908 2764 et
1937 2709 2140 2767 idcirco
2163 2710 2276 2766 ait:
2309 2728 2482 2766 omnes
2506 2712 2637 2767 serui
2659 2713 2793 2779 eius.
2822 2711 2938 2766 Non
2959 2712 3207 2768 omnium
3234 2723 3317 2769 est
3345 2713 3458 2769 Deo

1851 2811 2072 2874 accepta
2102 2804 2408 2860 benedictio
2442 2822 2456 2858 :
2487 2820 2667 2876 neque
2695 2819 2755 2861 se
2785 2805 3126 2875 promiscuus
3151 2814 3306 2876 putet
3341 2805 3459 2876 pla-

1850 2911 1976 2952 cere
2002 2912 2182 2966 posse.
2213 2898 2324 2952 Soli
2356 2897 2498 2953 istud
2537 2897 2798 2968 competit
2835 2898 2930 2953 Dei
2959 2911 3122 2954 servo
3143 2939 3160 2965 ,
3187 2914 3296 2952 non
3326 2912 3454 2968 pec-

1851 2992 1955 3047 cati
1992 3007 2182 3058 servo,
2215 3007 2315 3048 nec
2343 2991 2532 3047 steculi
2578 3006 2757 3048 servo.
2803 2992 2996 3047 Omnis
3017 2991 3165 3047 enim
3188 3031 3205 3058 ,
3236 2990 3454 3062 inquit,

1850 3083 1942 3153 qui
1965 3083 2094 3138 facit
2117 3095 2417 3153 peccatum,
2444 3098 2632 3138 servus
2653 3093 2737 3137 est
2760 3081 2966 3153 peccati
2984 3081 3166 3153 (locu.
3191 3096 3310 3149 vui,
3335 3083 3454 3154 56).

1847 3174 2024 3231 Servo
2047 3176 2212 3247 igitur
2251 3175 2344 3230 Dei
2379 3176 2680 3247 competit,
2711 3183 2770 3230 ut
2810 3176 3094 3232 Dominam
3117 3189 3283 3231 suum
3319 3175 3456 3232 reli-

149 3288 250 3343 illi'c
283 3291 544 3345 mandavit
587 3289 672 3363 (ε)
724 3288 976 3343 Dominus
1019 3289 1415 3342 benedictionem
1442 3331 1455 3355 ,
1494 3297 1541 3342 et
1582 3289 1742 3360 522

1859 3268 2002 3339 gioso
2029 3284 2124 3324 ore
2148 3268 2456 3324 benedicat.

145 3381 291 3435 vitam
321 3399 480 3455 usque
507 3383 560 3436 in
592 3385 781 3438 swcula
813 3400 823 3433 :
861 3382 912 3436 in
939 3381 1070 3435 Sion
1109 3379 1316 3436 scilicet
1341 3423 1355 3444 ,
1389 3380 1473 3434 vel
1501 3381 1662 3435 etiam
1692 3381 1744 3434 in

142 3475 497 3529 unanimitate
541 3473 969 3528 cohabitantium
1029 3472 1274 3528 fratrum.
1328 3473 1746 3528 Benedictiones

141 3565 280 3620 enim
311 3565 560 3621 Ecclesia
607 3565 722 3620 sola
761 3566 985 3634 largitur
1010 3608 1023 3631 ,
1055 3567 1219 3619 vitam
1253 3574 1509 3620 aeternam
1557 3565 1747 3620 unanio

136 3662 293 3716 mitns
322 3671 688 3732 promeretur.
719 3661 819 3728 Qui
851 3659 988 3715 dixit
1031 3660 1173 3714 enim
1207 3671 1424 3716 aeterna:
1455 3659 1578 3714 vitte
1601 3659 1740 3714 viam

140 3754 408 3824 pandens,
442 3754 652 3824 diligite
690 3752 917 3807 invicem
975 3753 1113 3808 sicut
1144 3769 1242 3824 ego
1276 3753 1435 3809 dilexi
1463 3769 1558 3809 vos
1581 3796 1596 3820 ,
1631 3769 1736 3808 non

136 3848 363 3904 mendax
391 3857 482 3905 est
520 3846 700 3918 (Joan.
733 3863 828 3901 χιιι
853 3889 867 3913 ,
900 3845 1017 3917 54).
1044 3845 1142 3902 Est
1180 3849 1323 3902 enim
1356 3848 1470 3916 ipse
1497 3847 1695 3904 veritas
1717 3889 1732 3914 ,

136 3943 240 4009 via,
274 3943 407 4009 vita,
443 3941 704 3996 Dominus
722 3949 916 3995 noster
942 3940 1098 3994 Jesus
1123 3940 1388 4010 Christus,
1418 3941 1507 4012 qui
1539 3951 1619 3996 est
1644 3941 1740 3996 be-

135 4033 383 4092 nedictns
411 4035 471 4090 in
504 4033 701 4090 saecula
740 4031 1084 4088 saeculorum.
1119 4033 1308 4088 Amen.

132 4279 216 4351 jus
242 4288 430 4336 tamen
464 4276 840 4351 auctoritatem
884 4274 998 4342 ipse
1026 4279 1282 4351 quantum
1317 4277 1504 4351 potest.
1538 4265 1736 4351 ibidem

137 4340 472 4422 propugnat,
503 4363 569 4403 ex
593 4361 765 4415 eoque
789 4340 923 4399 libro
944 4343 1166 4422 angelos
1191 4345 1226 4397 I.
1251 4343 1320 4422 de
1340 4340 1734 4422 Idololpt.nc._9,

135 4410 293 4480 i'o‘ca‘t
314 4410 653 4494 Teminarttnt
680 4410 955 4494 amatores,
984 4410 1094 4494 qui,
1117 4415 1310 4494 inquit,
1340 4411 1430 4467 lib.
1455 4410 1741 4494 tdcﬁultu

135 4497 263 4554 lein.
295 4483 358 4549 '6.
390 4494 459 4555 ‘2,
495 4492 562 4543 ad
581 4491 712 4559 ﬁlias
732 4483 1240 4559 hominum—decdite
1271 4493 1504 4559 ruerunt.
1542 4483 1615 4535 Ex
1647 4498 1738 4537 eo-

139 4567 262 4648 dem
294 4555 607 4648 Qypriantis
638 4563 732 4642 lib.
761 4562 828 4613 de
855 4558 1232 4648 singul.hCler;
1263 4560 1338 4612 ait
1367 4555 1666 4648 :__Novtmt:s
1681 4563 1742 4648 Aet

1859 4555 2086 4648 iit-tetram
2097 4555 2186 4648 tur
2202 4555 2388 4648 verbo
2429 4573 2758 4648 convenerint
2801 4586 2813 4620 :

134 4626 365 4706 Angelos
387 4626 510 4690 cum
556 4632 757 4703 feminis
777 4626 1036 4706 cecidisse.
1061 4629 1323 4706 Eatndem
1345 4626 1650 4706 opinionem
1677 4641 1742 4679 ex

136 4697 333 4766 eodem
397 4697 825 4762 libro'mutuati
883 4714 1006 4756 sunt
1064 4702 1307 4757 Justinus
1372 4697 1472 4754 sub
1531 4697 1740 4751 initium

135 4783 302 4852 Apol.
337 4799 375 4843 ι,
413 4789 465 4834 et
498 4776 802 4852 Lactantius
843 4774 934 4852 lib.
971 4789 1007 4829 ιι
1037 4815 1049 4839 ,
1077 4791 1126 4829 e.
1161 4773 1244 4829 15.
1277 4775 1611 4852 Quamquam
1645 4769 1740 4850 illa

136 4841 392 4909 veterum
419 4851 602 4918 Opinio
626 4848 694 4900 de
711 4847 1022 4921 angelorum
1045 4862 1334 4921 congressu
1358 4861 1478 4921 cum
1534 4841 1744 4921 feminis

137 4941 263 4982 nata
295 4933 384 4978 est
416 4912 576 4976 etiam
621 4933 687 4972 ex
725 4912 901 4972 verbis
935 4918 1070 4972 Gen.
1120 4912 1212 4983 vit,
1239 4919 1273 4971 2
1309 4936 1321 4971 :
1384 4915 1619 4969 l’itlentcs
1648 4912 1744 4979 [illi

137 4997 241 5052 Dei
273 4997 417 5067 ﬁlias
449 4993 747 5067 hominum,
790 4998 894 5043 etc.
922 4990 1104 5067 ,Aqnod
1145 4991 1206 5067 i_n_
1244 4989 1442 5067 multis
1469 4985 1743 5067 codicibus

138 5059 424 5137 legeretur
449 5107 462 5127 ,
505 5063 740 5137 I’identcs
785 5061 952 5131 angeli
1005 5060 1098 5113 Dei
1130 5062 1264 5137 ﬁlias
1306 5059 1566 5137 hominum
1594 5098 1606 5122 ,
1637 5063 1741 5137 e'tc.

137 5125 304 5198 Ui‘ide
350 5125 673 5192 Ambrosius
715 5133 766 5184 in
815 5125 894 5199 ps.
929 5147 1089 5186 cxvm
1117 5125 1137 5197 ,v
1166 5133 1283 5188 Ser.
1322 5136 1376 5195 8,
1409 5148 1462 5184 n.
1497 5130 1564 5184 58
1597 5145 1608 5179 :
1641 5125 1747 5199 De-

137 5216 298 5284 nique
344 5210 598 5279 scriptum
635 5212 705 5257 est
733 5244 763 5284 ,.
791 5198 914 5284 quia
953 5203 1122 5284 angeli
1151 5212 1447 5284 amauerttnt
1490 5201 1624 5268 ﬁlias
1650 5198 1746 5284 Ito-

139 5269 370 5350 rni'nunt,
397 5269 528 5345 etc.,
553 5269 880 5350 quamvisca
904 5273 957 5328 in
980 5269 1230 5350 opinione
1258 5275 1519 5350 ﬂuctuans
1557 5287 1664 5350 ser:
1687 5269 1744 5335 4,

141 5373 200 5412 n.
255 5358 288 5410 8
313 5397 329 5421 ,
358 5341 905 5422 innuat'angclorum
937 5341 1154 5422 nomine
1186 5345 1432 5422 intelligi
1460 5357 1617 5422 posse
1649 5341 1746 5422 lio-

141 5414 327 5484 ηιίηεέ
359 5425 453 5492 qui
484 5423 602 5475 vita:
650 5416 914 5492 probitate
958 5421 1269 5492 angelorum
1303 5414 1529 5488 gratiam
1571 5414 1746 5492 imita-

142 5485 492 5556 ren’turfSic
519 5503 573 5547 et
607 5485 934 5552 Augustinus
967 5485 1181 5544 in'Gen.
1214 5485 1360 5545 libft
1382 5530 1396 5553 ,
1438 5495 1630 5556 qmest.
1667 5485 1700 5556 ξ’)
1731 5500 1743 5534 :

147 5553 425 5639 ﬁrmantur
452 5558 875 5639 quemadmodum
915 5563 1167 5639 potuerint
1199 5553 1748 5639 angelicunuﬁlittbus

138 5628 425 5698 Ῐῖοηιίηιιηι
463 5628 836 5693 concumbere,
878 5628 1105 5697 quantvis
1153 5628 1387 5685 nonnulli
1425 5641 1469 5683 et
1513 5628 1659 5681 latini
1703 5634 1752 5678 et

131 5714 298 5784 θνατὶ
319 5708 531 5763 codices
558 5717 655 5757 non
680 5703 885 5769 angelos
913 5703 1146 5781 habeant,
1170 5705 1260 5756 sed
1282 5700 1561 5784 [illos-Dei.
1592 5698 1748 5784 Eam—

293 5798 419 5852 qlttl'
438 5781 686 5852 stionem
713 5766 1016 5852 accuratius
1043 5766 1352 5852 pertractat
1401 5774 1508 5852 lib.-
1537 5784 1610 5824 xv
1686 5766 1754 5852 dle

132 5839 259 5912 Civ.
298 5839 399 5907 Dei
439 5867 486 5906 c.
514 5845 604 5904 23.
635 5844 723 5901 Sic
755 5843 842 5896 Ubi
878 5839 1145 5912 Joseplius
1185 5845 1276 5900 lib.
1312 5860 1341 5901 ιι
1390 5843 1570 5911 Antiq.
1619 5853 1667 5892 c.
1698 5839 1750 5904 Il,

145 5926 383 6000 angelos
415 5935 539 5977 cum
571 5913 883 5975 mulieribus
913 5918 1232 5972 commixtos
1260 5917 1442 5972 scribit
1468 5958 1480 5982 ,
1514 5926 1636 5969 eum
1659 5924 1753 5963 an-

1923 3361 1978 3414 2.
2007 3361 2084 3416 Ac
2117 3377 2183 3416 ne
2211 3363 2309 3432 ipsi
2341 3361 2554 3426 quidem
2582 3376 2742 3418 servo
2773 3361 2876 3418 hoc
2901 3361 3007 3419 erit
3034 3363 3334 3434 proprium,
3365 3364 3461 3434 qui

1848 3466 1908 3507 se
1937 3467 2155 3509 servum
2181 3454 2408 3509 nomine
2446 3452 2566 3508 solo
2596 3455 2912 3524 proﬁteatur
2933 3494 2948 3520 ,
2983 3455 3076 3524 qui
3111 3454 3276 3510 etiam
3311 3470 3456 3536 nutu:

1849 3545 2259 3601 cunctabundus
2289 3555 2344 3602 et
2359 3545 2636 3602 ﬂuctuans
2661 3547 2873 3602 incerto
2895 3545 3020 3602 ﬁdei
3050 3546 3129 3620 (Δ)
3160 3554 3321 3603 vento
3347 3548 3458 3604 eir-

1849 3640 2181 3696 cutnl‘eratur
2204 3681 2220 3708 ,
2260 3639 2414 3712 cujus
2447 3641 2703 3712 cogitatio
2740 3649 2794 3696 et
2830 3641 3078 3696 voluntas
3112 3643 3165 3696 in
3198 3644 3454 3698 recorda-

1849 3733 1994 3789 tione
2021 3735 2422 3803 peccaminutn,
2454 3743 2509 3790 et
2529 3735 2583 3788 in
2612 3748 2772 3789 curas
2805 3733 3145 3805 voluptatum
3169 3743 3448 3805 evagetur.

1844 3827 1913 3883 Et
1942 3829 2144 3886 idcirco
2171 3845 2292 3884 cum
2325 3827 2548 3884 dixisset
2580 3845 2593 3882 :
2627 3828 2757 3882 Ecce
2783 3845 2924 3882 nunc
2957 3827 3239 3884 benedicitc
3265 3828 3454 3884 Domi-

1845 3939 1967 3978 num
2014 3940 2188 3979 omnes
2242 3924 2374 3979 servi
2411 3924 2526 3994 ejus
2549 3964 2564 3991 ,
2608 3923 2845 3992 adjecit:
2879 3922 2982 3990 Qui
3017 3924 3167 3977 statis
3194 3922 3251 3975 in
3293 3921 3448 3978 domo

1845 4013 2059 4070 Domini
2084 4015 2175 4084 ,in
2198 4017 2346 4070 atriis
2378 4013 2448 4087 (ε)
2475 4015 2657 4068 domus
2686 4013 2785 4070 Dei
2812 4014 2992 4068 nostri.
3026 4013 3130 4079 Qui
3160 4021 3285 4079 stat,
3321 4014 3444 4068 loco

1847 4125 1954 4165 non
1990 4119 2264 4165 movetur.
2299 4104 2372 4180 (f)
2401 4107 2521 4162 Jam
2548 4107 2791 4162 cucurrit
2817 4147 2831 4172 ,
2856 4106 2970 4176 jam
3017 4104 3303 4170 ascendit;
3326 4104 3441 4175 jam

1839 4267 2080 4339 gelorum
2110 4264 2329 4339 nomine
2362 4261 2501 4316 ﬁlios
2541 4259 2675 4316 Seth
2705 4257 3042 4316 intellexisse
3067 4265 3312 4314 autumat
3341 4257 3450 4318 Ζο-

1843 4332 2003 4396 naras
2025 4337 2118 4392 lib.
2154 4352 2194 4402 ι,
2218 4350 2266 4390 c.
2291 4332 2344 4388 4.

1921 4433 1999 4505 (τι)
2030 4430 2188 4505 Apud
2220 4430 2486 4505 Lips._et_‘
2509 4425 2630 4505 Par.
2671 4425 2894 4505 maxime
2916 4427 3247 4505 conuenirent
3285 4431 3428 4505 exeat

1849 4497 1990 4560 sunt."
2035 4497 2210 4558 Etiam
2258 4497 2400 4567 apud
2449 4498 2583 4552 Bad.
2630 4505 2686 4553 et
2724 4498 2815 4550 Er.
2862 4497 3177 4552 adverbium
3227 4502 3454 4556 niaxime

2874 4568 3273 4637 refragantibus
3321 4587 3452 4628 mss.

1852 4640 1988 4717 Quid
2016 4650 2128 4701 luce
2150 4646 2249 4700 sibi
2271 4645 2454 4717 velint,
2477 4641 2715 4717 declarat
2734 4640 3092 4710 fragmentum
3109 4640 3233 4717 libri
3260 4640 3448 4717 Enoeh

1852 4711 2142 4788 a'Georgio
2172 4716 2499 4782 exscriptum
2522 4754 2536 4779 ,
2574 4713 2623 4764 in
2657 4727 2762 4788 quo
2793 4717 3084 4788 narrantur
3107 4711 3365 4788 Egregori
3397 4715 3450 4769 in

1854 4791 1991 4845 ﬁlias
2015 4781 2288 4843 hominum
2318 4781 2498 4840 amore
2527 4781 2832 4849 exaruisse,
2861 4791 2916 4837 et
2945 4783 3085 4850 quod
3115 4798 3206 4836 eas
3233 4784 3334 4835 sibi
3362 4800 3452 4839 so-

1852 4862 2046 4917 Clal'iltt
2074 4903 2088 4929 ,
2130 4865 2466 4929 sacramento
2495 4869 2555 4929 se
2584 4854 2892 4929 devinxisse
2935 4871 2946 4906 :
2981 4852 3146 4929 Erant
3191 4857 3453 4929 autem__lti

1851 4925 2084 4988 numero
2109 4931 2314 4985 ducenti
2342 4971 2353 4993 ,
2382 4928 2470 4997 qui
2508 4928 2561 4978 in
2604 4925 2781 4980 diebus
2824 4926 2988 4979 Jared
3018 4925 3068 4978 in
3098 4933 3323 4978 montem
3351 4925 3452 4979 Er-

1851 5008 2042 5060 monint
2082 5003 2296 5074 profecti
2339 5009 2478 5054 sunt.
2515 4997 2710 5074 Ermon
2751 5009 2916 5052 autem
2943 5009 3177 5074 montem
3211 4999 3451 5074 dixerunt

1855 5094 1918 5150 ea:
1936 5069 2282 5150 jurejurando
2311 5088 2412 5143 quo
2437 5087 2489 5124 se
2520 5070 2735 5150 inuicem
2763 5069 3265 5150 cottstrinferunt,.c_t
3292 5069 3452 5150 ntale-

1853 5139 2006 5203 dictis
2045 5139 2227 5219 quibus
2269 5139 2333 5198 σε’
2354 5151 2534 5214 sponte
2570 5141 2913 5211 subjeccrunt.
2961 5139 3119 5195 Plura
3157 5139 3355 5196 videsis
3392 5141 3450 5197 in

1853 5221 1997 5276 dicto
2028 5220 2348 5289 fragmento.

1875 5386 1906 5398 η
1927 5312 2003 5396 (lt)
2046 5280 2195 5385 Lips.
2228 5319 2283 5367 et
2311 5310 2433 5366 Par.
2459 5305 2807 5363 commonebat
2847 5323 2866 5360 :
2892 5280 3297 5363 reluctantibus
3325 5303 3451 5361 aliis

1851 5385 2191 5531 Ιὼῖἑῗλξδβει
2213 5453 2469 5531 Dominus
2499 5465 2686 5505 a-mss.
2702 5457 2906 5531 reget
2931 5447 3132 5502 Turon.

1931 5527 2009 5598 (tl)
2042 5528 2205 5592 Editi,
2237 5527 2497 5598 ﬁdeiuato
2528 5538 2545 5576 :
2572 5527 2912 5598 corriguntur
2936 5535 3000 5573 ex
3032 5534 3164 5598 mss.

1901 5589 2003 5682 ’,(ςὶ
2046 5589 2250 5680 βθείἑιέ
2275 5597 2447 5680 codex
2479 5608 2599 5648 eum
2627 5592 2834 5647 Turon.
2866 5591 2918 5645 in
2947 5591 3304 5647 atriissz
3338 5589 3422 5647 De
3448 5619 3455 5622 -

1859 5680 1985 5725 mini
2016 5687 2131 5724 sure
2162 5680 2345 5724 nostri.

1935 5764 2005 5841 (Ι)
2048 5763 2218 5841 Edi_t_i__
2230 5767 2345 5841 jam
2384 5764 2542 5817 currit
2581 5771 2599 5810 .'
2643 5757 2936 5841 pugnantia
2979 5756 3309 5825 exprimunt.
3331 5755 3469 5841 illuc

1864 5833 1964 5894 sibi
1990 5833 2109 5892 vult
2139 5833 2369 5890 l’lilarius
2397 5849 2564 5901 ,.eum
2597 5833 2686 5898 Qui
2715 5838 2876 5887 antea
2920 5841 3272 5884 concurrerat
3295 5869 3310 5897 ,
3347 5833 3459 5902 iam

1864 5911 2104 5981 quietum
2133 5917 2299 5965 stare.
2529 5917 2531 5920 ‘
3267 5936 3272 5941 .
