3896 6336
479 330 582 385 ’151
1682 321 1926 381 SANCTI
1967 319 2224 377 IllLARll
2266 317 2573 379 EPISCOPI
3642 317 3730 377 75?.

475 445 773 501 immobilis
803 449 1005 509 manet,
1033 439 1108 514 (α)
1157 439 1266 511 jam
1297 437 1454 495 avide
1492 437 1629 494 bibit
1669 437 1881 493 beatam
1923 435 2068 490 illam
2098 437 2148 497 Α
2177 447 2354 490 autem
2394 450 2559 506 opera
2600 442 2783 492 nostra
2822 442 2946 489 sunt
2980 433 3034 488 in
3075 432 3170 490 Dei
3196 438 3384 488 sancta
3408 473 3424 498 ,
3457 431 3508 486 id
3541 439 3646 496 est,
3682 433 3728 487 in

475 538 765 608 Propheta:
815 550 1000 591 vocem
1035 552 1050 590 :
1093 533 1282 590 Statuit
1321 549 1472 604 super
1517 542 1714 602 petram
1746 530 1897 598 pedes
1936 546 2074 586 meos
2177 530 2334 586 nudis
2364 529 2692 594 vestiendis,
2725 529 2776 583 in
2804 528 3171 584 esurientibus
3208 525 3474 589 cibandis,
3503 527 3548 578 in
3574 525 3730 579 siticu-

472 630 648 704 (Psal.
680 644 844 686 χχχιχ
865 671 880 696 ,
925 629 1014 697 3);
1061 635 1115 682 et
1150 641 1360 682 rursum
1396 643 1410 680 :
1440 624 1507 679 In
1547 635 1691 697 petra
1717 622 1954 678 exaltasti
1994 637 2077 679 me
2178 623 2318 680 tibus
2346 622 2626 694 putandis,
2664 622 2718 677 in
2758 621 2972 677 afﬂictis
2999 620 3348 676 consolandis
3369 661 3384 685 ,
3413 619 3466 674 in
3496 621 3733 690 oppressis

473 723 648 794 (Psal.
683 739 811 779 xxvi
835 763 848 788 ,
880 720 936 793 6)
963 737 979 788 ;
1004 730 1058 777 et
1083 719 1267 776 audiet
1297 729 1568 792 tamquam
1601 718 1766 791 Moysi
1795 718 1894 774 sibi
1918 717 2024 773 dici
2055 733 2069 771 :
2173 717 2528 788 adjuvandis,
2563 718 2616 772 in
2644 715 2897 774 omnibus
2926 715 3234 788 diligendis.
3263 715 3391 771 Haec
3419 714 3556 770 enim
3581 729 3667 770 nos
3689 717 3732 769 in

471 816 551 871 Tu
576 827 746 872 autem
778 825 857 870 sta
885 816 967 869 hic
994 830 1190 870 mecunt
1222 813 1420 888 (Exod.
1455 828 1640 880 xxxiv,
1671 810 1754 882 2).
1787 812 1860 867 De
1883 825 2072 884 pecca-
2175 813 2278 870 hac
2304 813 2547 884 corporis
2583 813 2753 868 nostri
2785 811 3097 868 inﬁrmitate
3129 809 3489 878 sanctiﬁcant,
3516 810 3622 865 lucc
3645 810 3735 866 Deo

473 910 682 966 toribus
718 919 896 964 autem
942 908 1012 963 ita
1055 909 1281 978 legimus
1313 906 1650 962 :Dilexerunt
1681 921 1877 959 movere
1919 903 2071 974 pedes
2172 905 2368 976 placita
2392 914 2446 961 et
2472 913 2657 960 sancta
2689 915 2835 960 sunt.
2868 904 2934 959 Et
2960 903 3062 960 hoc
3093 919 3200 959 non
3232 903 3445 975 ignorat
3477 901 3734 973 Propheta,

463 1017 583 1056 suos
614 1001 828 1072 (larem.
854 1016 968 1064 xiv,
1000 998 1114 1071 10).
1144 998 1405 1057 Standum
1432 1015 1562 1071 ergo
1587 1008 1670 1054 est
1692 999 1746 1053 in
1777 997 1937 1053 domo
1963 997 2070 1052 Do-
2171 999 2358 1054 dicens
2387 1015 2399 1051 :
2432 996 2661 1053 Elevatio
2690 1013 2934 1052 manuum
2963 1013 3192 1052 mearum
3225 996 3536 1064 sacriﬁcium
3570 1011 3737 1067 resper-

467 1096 637 1162 mini;
667 1095 790 1166 quia
822 1095 1131 1152 benedictio
1156 1095 1412 1150 stantium
1445 1093 1689 1165 placeat,
1722 1103 1777 1148 et
1808 1092 2065 1148 stantium
2169 1091 2332 1144 tinum
2363 1088 2481 1162 (Ps.
2514 1105 2643 1156 cn,
2684 1088 2761 1162 Ξ).
2796 1088 2948 1145 Nunc
2976 1089 3119 1143 enim
3148 1087 3203 1143 in
3247 1087 3733 1144 consummationem

463 1187 518 1242 in
547 1187 712 1244 domo
742 1187 830 1244 illa
860 1196 1132 1244 sancta-et
1159 1187 1368 1245 cmlesti
1397 1186 1699 1243 Jerusalem
1724 1228 1739 1250 ,
1772 1196 1825 1242 et
1852 1183 1926 1257 (b)
1959 1186 2068 1241 An-
2168 1185 2386 1252 saeculi,
2415 1184 2556 1256 quod
2595 1193 2679 1240 est
2722 1184 3086 1253 vespertinum
3112 1223 3128 1246 ,
3178 1196 3284 1238 non
3315 1181 3370 1236 in
3418 1181 3585 1236 tauris
3621 1192 3670 1236 et
3692 1181 3733 1235 is

459 1281 704 1352 gelorum
734 1281 1119 1352 frequentium,
1146 1281 1214 1336 ad
1238 1296 1398 1352 quam
1434 1295 1530 1350 per
1561 1279 1700 1335 hanc
1726 1278 1983 1335 Ecclesia:
2010 1287 2066 1335 et
2169 1278 2336 1335 hircis
2359 1319 2375 1346 ,
2405 1277 2501 1335 sed
2534 1279 2586 1333 in
2611 1278 2868 1349 operibus
2893 1279 3048 1334 bonis
3077 1277 3190 1333 Deo
3218 1276 3391 1332 hostia
3422 1287 3525 1331 est.
3555 1275 3735 1348 Moyses

457 1383 761 1430 conventus
791 1377 960 1430 nostri
988 1375 1209 1430 domum
1241 1374 1543 1430 scanditur.
2166 1387 2269 1428 nos
2311 1371 2494 1428 docuit
2535 1371 2827 1442 exemplo,
2868 1371 2958 1442 qui
2999 1386 3123 1427 cum
3166 1369 3397 1426 elevatis
3441 1370 3739 1425 constitisset

525 1467 582 1522 3.
611 1468 744 1522 Αιγίὶ
771 1477 819 1523 et
849 1467 1034 1522 domus
1066 1467 1165 1522 Dei
1194 1468 1492 1523 discrimen.
1523 1499 1593 1509 —
1621 1468 1686 1523 Et
1724 1469 1846 1538 quia
1882 1466 2064 1536 plures
2166 1465 2435 1532 manibus,
2471 1465 2752 1531 vincebat;
2816 1464 3123 1519 summissis
3148 1478 3279 1519 vero
3310 1464 3364 1519 in
3396 1474 3620 1529 terram,
3647 1465 3739 1520 vin-

456 1559 601 1629 apud
630 1559 844 1615 Patrem
876 1561 1186 1616 mansiones
1215 1571 1340 1616 sunt
1367 1559 1552 1634 (Joan.
1583 1577 1694 1626 xiv,
1724 1561 1807 1630 2),
1841 1559 2061 1615 henedi-
2163 1559 2393 1615 cendum
2417 1559 2671 1631 populum
2691 1557 2759 1613 ab
2781 1558 2935 1612 hoste
2958 1557 3229 1627 praebebat
3252 1555 3451 1628 (Exodi
3477 1573 3614 1624 xvn,
3638 1559 3734 1627 ll):

457 1662 589 1708 cunt
608 1653 896 1709 Dominum
921 1669 1027 1709 non
1057 1655 1232 1709 solum
1259 1655 1310 1708 in
1333 1653 1497 1708 domo
1526 1663 1752 1719 stantes,
1777 1653 1870 1709 sed
1895 1653 2056 1707 etiam
2162 1654 2456 1710 ostendens
2498 1669 2593 1725 per
2627 1655 2767 1709 hanc
2808 1652 3037 1708 formam
3067 1692 3082 1716 ,
3139 1651 3350 1707 hostem
3403 1661 3642 1707 nostrum
3666 1693 3679 1718 ,
3701 1652 3735 1706 si

453 1745 510 1802 in
541 1747 694 1803 atriis
733 1747 872 1818 ejus.
904 1747 1022 1803 Non
1062 1747 1242 1802 omnis
1267 1747 1461 1803 domus
1500 1748 1695 1802 atrium
1724 1756 1826 1802 est.
1861 1747 2058 1800 Domus
2162 1756 2377 1803 terrena
2407 1762 2571 1817 opera
2609 1757 2793 1802 nostra
2820 1747 2929 1802 sint
2951 1787 2966 1811 ,
3009 1746 3264 1811 vincere;
3295 1746 3340 1801 si
3389 1745 3603 1800 excelsa
3630 1760 3734 1800 vero

451 1848 540 1895 est
567 1840 730 1896 etiam
752 1839 1012 1912 quidquid
1043 1849 1196 1894 extra
1228 1838 1423 1895 atrium
1453 1849 1539 1894 est
1569 1857 1580 1892 :
1617 1840 1842 1894 interior
1876 1846 2055 1894 autem
2088 1846 2136 1906 B
2163 1843 2290 1908 sint,
2319 1856 2442 1898 esse
2460 1841 2802 1897 vincendum.
2828 1839 3119 1898 Elevandae
3151 1841 3316 1912 igitur
3345 1855 3544 1896 manus
3567 1850 3736 1896 nostra

453 1944 512 1990 et
548 1934 868 1991 lamiliarior
897 1935 1018 1990 atrii
1049 1934 1208 1991 sedes
1237 1943 1341 1991 est.
1373 1933 1606 1989 Interius
1643 1949 1773 2004 ergo
1803 1933 2054 2001 stabunt,
2161 1943 2288 1988 sunt
2323 1933 2376 1989 in
2433 1934 2704 2002 noctibus,
2737 1944 2794 1988 nt
2824 1934 3131 2005 plantemur
3154 1934 3207 1988 in
3235 1932 3425 1999 domo,
3456 1944 3516 1989 ut
3541 1935 3594 1988 in
3613 1935 3737 1988 atriis

454 2028 548 2099 qui
597 2027 652 2082 in
697 2027 837 2082 atrio
881 2037 1050 2083 sunt:
1093 2029 1217 2099 quia
1248 2027 1322 2082 sit
1360 2027 1486 2084 licet
1531 2027 1765 2096 dignitas
1814 2027 1864 2080 in
1895 2025 2058 2082 domo
2159 2025 2470 2081 ﬂoreamus.
2499 2027 2564 2080 Et
2591 2025 2992 2083 benedicendus
3014 2035 3099 2082 est
3127 2027 3410 2091 Dominus,
3439 2027 3491 2082 id
3515 2037 3614 2091 εει,
3639 2041 3735 2081 cum

449 2131 600 2178 stare
624 2137 640 2187 ;
697 2122 966 2192 praevenit
1010 2132 1187 2179 tamen
1220 2122 1310 2178 ille
1339 2124 1426 2193 qui
1455 2123 1507 2177 in
1536 2122 1673 2178 atrio
1702 2123 1931 2177 Steterit.
1964 2121 2056 2176 Di-
2160 2119 2253 2174 Dei
2281 2119 2657 2176 benedictione
2685 2135 2898 2190 semper
2922 2120 3000 2193 (g)
3025 2119 3360 2190 operandum
3393 2130 3520 2186 est,
3548 2135 3613 2175 ne
3638 2135 3735 2175 cun

452 2228 648 2269 versos
679 2228 808 2268 vero
833 2228 955 2269 esse
981 2229 1076 2269 eos
1105 2215 1194 2285 qui
1226 2214 1276 2268 in
1300 2213 1484 2282 domo,
1510 2223 1564 2270 et
1593 2229 1688 2270 eos
1719 2216 1806 2285 qui
1839 2214 1889 2268 in
1919 2214 2057 2269 atrio
2162 2227 2352 2283 panem
2388 2212 2530 2282 inopi
2563 2212 2825 2282 praebeas,
2857 2221 3007 2269 metu
3037 2213 3194 2268 lamis
3222 2213 3397 2269 tristis
3418 2214 3530 2279 sis;
3557 2229 3620 2269 ne
3638 2229 3733 2269 cum

448 2308 582 2374 sint,
611 2308 741 2363 alibi
771 2307 1040 2378 Propheta
1074 2308 1431 2376 demonstrat,
1470 2307 1662 2364 dicens
1693 2325 1707 2362 :
1747 2307 1979 2363 Plantati
2002 2308 2054 2362 in
2159 2316 2409 2377 sumptus
2441 2307 2697 2378 indigenti
2738 2307 2936 2364 oll‘eras
2960 2348 2976 2375 ,
3025 2308 3280 2363 damnum
3313 2318 3509 2378 putes;
3547 2325 3609 2363 ne
3638 2324 3732 2365 cum

446 2401 600 2456 domo
649 2399 894 2469 Domini,
945 2402 999 2454 in
1042 2402 1190 2456 atriis
1236 2400 1331 2455 Dei
1379 2401 1540 2455 nostri
1571 2399 1647 2474 (ε)
1695 2401 1902 2471 ﬂorient
1932 2399 2051 2472 (Ps.
2159 2400 2362 2456 nudum
2386 2411 2538 2457 veste
2565 2401 2778 2467 induas,
2802 2402 2926 2457 exui
2951 2413 3002 2457 te
3023 2402 3324 2458 existimes.
3350 2401 3592 2458 [lilarem
3618 2404 3731 2458 enim

443 2510 558 2560 xei,
589 2495 704 2565 Μ),
739 2493 906 2565 Major
928 2494 1136 2550 lrnctus
1176 2503 1262 2550 est
1298 2493 1621 2549 efﬂoruisse.
1649 2493 1717 2548 Et
1747 2479 1872 2549 licet
1905 2493 2055 2564 plan-
2160 2491 2408 2548 datorem
2439 2502 2586 2547 amat
2618 2492 2761 2550 Deus
2789 2493 2854 2566 (ll
2877 2492 2997 2547 Cor.
3033 2509 3109 2560 ts,
3139 2495 3218 2566 7).

444 2587 579 2642 talio
610 2586 808 2643 habeat
834 2586 1176 2658 dignitatem,
1207 2587 1468 2657 praecellit
1497 2597 1677 2641 tamen
1705 2585 2055 2642 efﬂorescen-
2231 2586 2284 2641 6.
2323 2585 2524 2641 [lorum
2572 2603 2781 2642 merces.
2820 2616 2890 2626 —
2919 2585 3059 2656 Quid
3099 2595 3279 2644 autem
3312 2587 3436 2643 lazta
3466 2599 3524 2644 et
3549 2586 3730 2643 benedi-

442 2680 578 2734 tium
614 2678 790 2734 honor
820 2679 986 2749 :quia
1024 2687 1081 2734 ut
1110 2680 1321 2734 initium
1366 2679 1418 2733 in
1449 2679 1784 2750 plantationc
1816 2687 1900 2734 est
1925 2719 1940 2745 ,
1980 2678 2052 2733 ita
2156 2680 2330 2735 centia
2365 2679 2693 2734 clevatarnm
2727 2695 2982 2734 manuum
3010 2695 3174 2750 opera
3205 2693 3550 2747 mereantur,
3580 2690 3729 2737 osten-

458 2772 713 2844 gaudium
744 2773 869 2828 boni
900 2773 1083 2843 operis
1111 2775 1165 2829 in
1196 2773 1332 2830 ﬂore
1363 2781 1466 2828 est.
2155 2773 2235 2830 dit
2275 2774 2482 2838 dicens,
2531 2773 2696 2830 Vnus.
2729 2775 2764 2830 3
2794 2792 2807 2827 :
2841 2773 3115 2829 Benedicat
3140 2784 3188 2828 te
3213 2773 3476 2830 Dominus
3503 2793 3566 2830 ea:
3592 2775 3725 2842 Sion,

510 2867 567 2921 4.
593 2869 673 2920 An
698 2867 779 2920 hic
798 2867 995 2921 hebmo
1013 2868 1171 2921 textui
1188 2866 1385 2920 additio
1400 2866 1840 2938 facta.—Reperi
1872 2875 2050 2921 autem
2156 2867 2414 2922 Dominus
2442 2867 2645 2923 scilicet
2677 2867 2934 2923 Ecclesia:
2958 2910 2971 2930 .
3011 2879 3066 2923 et
3095 2877 3302 2924 sancta:
3331 2867 3632 2925 Jerusalem
3653 2911 3666 2935 ,
3688 2877 3727 2924 et

445 2958 710 3029 quosdam
738 2959 1020 3030 ambiguos
1041 2959 1183 3014 circa
1214 2959 1336 3025 hoc,
1365 2961 1417 3013 in
1439 2961 1586 3014 atriis
1607 2961 1788 3014 domus
1816 2958 2048 3023 Domini,
2153 2959 2386 3014 civitatis
2415 2961 2555 3015 vivis
2592 2975 2929 3032 gemmarum
2970 2960 3238 3032 lapidibus
3278 2970 3569 3017 extructae.
3600 2959 3727 3034 525

438 3051 608 3107 fuisse
640 3069 652 3104 :
682 3051 926 3107 dicentes
965 3051 1168 3107 idcirco
1204 3052 1307 3107 hoc
1346 3069 1374 3106 a
1417 3053 1829 3108 translatoribus
1857 3052 2047 3123 primis
2154 3054 2220 3108 Et
2244 3063 2302 3107 ut
2342 3056 2392 3108 in
2425 3053 2536 3108 Deo
2579 3069 2706 3107 vero
2735 3061 2789 3107 et
2830 3061 3037 3108 aeterno
3079 3067 3229 3123 spem
3263 3068 3489 3108 omnem
3524 3063 3728 3108 nostram

438 3144 708 3214 adjectum
753 3142 916 3218 526.
954 3160 1078 3202 esse
1101 3186 1115 3207 ,
1149 3144 1273 3216 quia
1306 3143 1388 3218 (ιι)
1430 3145 1530 3200 sub
1561 3145 1749 3200 iisdem
1797 3144 2049 3202 versibus
2151 3147 2381 3217 positam
2411 3160 2890 3216 cngnoscercmus;
2922 3145 3117 3215 adjecit
3151 3161 3164 3198 :
3199 3145 3302 3212 Qui
3334 3145 3462 3216 fecit
3502 3145 3726 3199 calumct

437 3237 688 3309 sequenti
714 3239 922 3310 psalmo
957 3236 1294 3304 continetur,
1331 3237 1679 3306 apinantibns
1711 3238 1840 3308 ipsis
1867 3235 2041 3305 scrip-
2069 3240 2113 3304 ρ
2147 3249 2371 3305 terram;
2419 3254 2543 3298 eum
2598 3237 2804 3294 scilicet
2847 3237 3212 3294 Ecclesiarum
3260 3238 3435 3293 Deum
3486 3253 3607 3294 esse
3649 3235 3726 3292 ἀε-

439 3339 618 3386 torum
642 3331 771 3386 vitio
793 3329 848 3385 in
872 3329 1023 3385 libris
1056 3329 1326 3384 hebraicis
1355 3327 1522 3385 fuisse
1545 3328 1899 3400 pr;cteritum.
1929 3327 2038 3384 Sed
2149 3342 2476 3399 monstrans,
2501 3332 2589 3403 qui
2619 3331 2816 3388 caelum
2847 3331 3065 3388 iecisset
3083 3342 3140 3388 et
3166 3340 3372 3386 terram
3408 3350 3421 3386 :
3452 3348 3551 3404 per
3578 3329 3726 3387 Domi-

431 3422 560 3495 novi
599 3423 926 3494 interpretes
971 3438 1094 3494 qua:
1142 3421 1328 3477 volunt
1381 3431 1611 3478 tractent
1651 3439 1664 3473 :
1711 3421 1868 3478 nobis
1909 3434 2039 3478 vero
2147 3444 2275 3484 num
2308 3437 2552 3482 nostrum
2576 3425 2764 3482 Jesum
2793 3425 3092 3494 Christum,
3118 3425 3209 3497 qui
3234 3435 3319 3482 est
3352 3426 3666 3483 benedictus
3685 3426 3726 3479 in

430 3518 844 3590 obsequendum
867 3525 952 3574 est
981 3527 1037 3573 et
1067 3515 1377 3573 auctoritati
1401 3517 1835 3583 translationum,
1865 3526 1919 3574 et
1947 3531 2039 3572 ve-
2145 3521 2340 3577 saicula
2369 3521 2712 3577 szeculorum.
2746 3519 2941 3576 Amen.

433 3613 644 3668 tustati.

2608 3655 2922 3715 PSALMUS
2982 3656 3247 3715 CXXXIV
3259 3698 3272 3712 .

2821 3774 3066 3829 Alleluia.

2211 3887 2448 3945 Laudate
2477 3905 2661 3946 nomen
2690 3887 2934 3954 Domini,
2979 3889 3190 3944 laudate
3228 3891 3367 3945 servi
3419 3890 3720 3946 Dominum:

2136 3983 2225 4055 qui
2253 3985 2400 4038 statis
2427 3985 2480 4038 in
2503 3984 2654 4038 domo
2687 3982 2928 4050 Domini,
2953 3983 3008 4038 in
3031 3985 3180 4038 atriis
3210 3985 3398 4041 domus
3429 3985 3531 4042 Dei
3559 3986 3718 4041 nostri.

504 3706 559 3761 5.
595 3703 776 3759 Preces
805 3703 1042 3776 operibus
1071 3703 1243 3770 nudaz,
1277 3701 1455 3758 nullae.
1493 3703 1664 3773 Opera
1691 3704 1795 3758 sint
1837 3703 1956 3759 laeta
1984 3714 2031 3758 et

433 3812 552 3852 cum
578 3794 678 3852 Dei
705 3796 876 3852 laude.
898 3826 959 3836 —
985 3795 1042 3850 in
1067 3795 1207 3851 hanc
1233 3802 1410 3851 autem
1425 3810 1576 3866 spem
1595 3796 1768 3852 standi
1789 3797 1840 3852 in
1871 3796 2035 3852 domo

434 3898 492 3946 et
520 3890 574 3946 in
620 3888 772 3945 atriis
805 3887 1018 3944 Domini
1049 3887 1312 3959 Propheta
1344 3903 1442 3943 nos
1483 3887 1728 3943 hortatur
1751 3929 1766 3955 ,
1807 3888 1992 3945 dicens
2015 3931 2031 3958 ,

430 3983 601 4042 Vens.
627 3984 696 4040 2:
720 3983 786 4039 In
817 3973 1046 4039 noctibus
1074 3982 1305 4039 extollite
1332 3999 1511 4038 manus
1538 3992 1728 4038 vestras
1753 3983 1809 4038 in
1834 3992 2031 4053 sancta,

429 4086 480 4133 et
527 4076 809 4133 benedicite
861 4075 1159 4130 Dominum.
1214 4073 1437 4145 Agimus
1488 4073 1632 4130 enim
1659 4116 1674 4141 ,
1731 4075 2029 4131 secundum
2138 4075 2371 4132 Laudate
2399 4076 2717 4144 Dominum,
2751 4077 3134 4148 quiabenignus
3161 4088 3239 4132 est
3263 4077 3567 4135 Dominus:
3599 4077 3720 4149 pstil-

431 4171 770 4240 Apostolum,
791 4169 893 4224 sub
909 4167 1242 4240 principibus
1269 4166 1456 4222 barum
1488 4167 1829 4223 tenebrarum
1860 4167 2027 4239 (Eph.
2138 4169 2226 4224 lite
2257 4171 2452 4225 nomini
2478 4174 2590 4245 ejus
2613 4213 2628 4235 ,
2659 4169 2906 4241 quoniam
2943 4187 3099 4226 suave
3124 4181 3200 4226 est
3229 4188 3249 4226 :
3277 4175 3527 4244 quoniam
3571 4171 3713 4227 laesi

428 4278 507 4328 vt,
537 4263 663 4334 12);
698 4272 754 4319 et
784 4279 888 4317 nox
920 4279 1018 4318 nos
1048 4260 1234 4316 saeculi
1263 4260 1498 4326 detinet,
1531 4274 1652 4331 quae
1679 4275 1772 4330 per
1801 4276 2033 4332 cvange—
2133 4264 2287 4336 elegit
2314 4264 2408 4320 sibi
2445 4263 2733 4331 Dominus,
2767 4263 2942 4319 Israel
2967 4265 3018 4319 in
3050 4267 3430 4334 possessionem
3455 4266 3570 4322 sibi.
3603 4266 3720 4334 Quis

430 4355 590 4411 licam
635 4355 1074 4426 prmdicationem
1097 4356 1209 4425 jam
1255 4355 1329 4426 (e)
1359 4355 1558 4424 prodiit
1589 4353 1640 4409 in
1670 4355 1865 4410 lucem.
1912 4354 2030 4412 Nox
2133 4374 2229 4431 ego
2249 4361 2365 4414 novi
2384 4375 2537 4430 quam
2589 4375 2804 4432 magnus
2833 4367 2910 4414 est
2939 4356 3225 4424 Dominus,
3275 4371 3326 4415 et
3379 4358 3522 4415 Deus
3571 4371 3719 4415 noster

427 4449 572 4506 enim
612 4449 722 4517 jam
754 4448 1111 4521 proﬁciscitur
1137 4490 1152 4512 ,
1191 4450 1330 4504 sicut
1361 4449 1415 4502 in
1441 4447 1530 4502 die
1561 4446 1818 4503 decenter
1846 4449 2030 4504 ambu-
2134 4467 2244 4522 pra:
2272 4453 2506 4508 omnibus
2544 4453 2666 4510 diis.
2725 4451 2914 4508 Omnia
2962 4469 3293 4524 quacumque
3333 4455 3497 4508 uoluit
3541 4454 3718 4524 (intra,

428 4539 539 4596 late
568 4538 748 4613 (Rom.
790 4555 913 4604 χιιι,
950 4541 1017 4594 12
1040 4550 1086 4594 et
1115 4542 1228 4611 i5).
1258 4539 1315 4594 In
1347 4538 1448 4594 hac
1491 4539 1650 4611 igitur
1682 4548 1840 4596 nocte
1871 4541 2027 4612 igno-
2055 4601 2108 4620 ﬁ
2133 4563 2247 4620 qua:
2279 4547 2466 4618 voluit)
2510 4548 2627 4620 fecit
2677 4549 2732 4603 in
2782 4549 2908 4604 cmlo
2952 4557 3001 4602 et
3049 4547 3103 4602 in
3134 4558 3304 4616 terra,
3336 4549 3390 4603 in
3437 4549 3570 4602 mari
3605 4548 3717 4604 etis

426 4632 638 4695 rantite,
665 4629 1001 4699 insidiarum,
1026 4633 1416 4695 inlirmilatnm,
1442 4633 2024 4703 concupiscentiarum,
2057 4629 2110 4664 υ
2133 4642 2351 4714 abyssi},
2385 4641 2625 4698 Educet“
2652 4643 2807 4698 nube;
2837 4643 2901 4698 ab
2929 4652 3160 4699 extremo
3185 4652 3372 4710 terrm,
3420 4645 3634 4717 fulgura
3673 4643 3719 4698 in

429 4724 724 4788 vitiorum,
763 4723 1036 4779 elevanda:
1073 4739 1261 4779 manus
1301 4736 1428 4780 sunt
1467 4726 1518 4779 in
1548 4734 1765 4790 saneta;
1821 4744 1926 4782 non
1959 4726 2018 4782 ad

2145 4737 2514 4808 oluviamfecit.
2548 4737 2650 4805 Qui
2678 4737 2917 4810 producit
2945 4747 3120 4794 ventos
3167 4740 3230 4795 de
3276 4737 3536 4795 thesauris
3586 4739 3714 4804 suis,

428 4819 504 4888 (Ῑ)
533 4813 860 4888 precandum
889 4824 942 4870 et
981 4814 1243 4870 orandum
1287 4825 1489 4872 tantum
1515 4859 1529 4882 ,
1572 4817 1669 4873 sed
1695 4827 1750 4872 et
1793 4819 1858 4872 ad
1901 4834 2018 4890 oper

2145 4831 2220 4900 yui
2250 4831 2496 4900 percussit
2520 4832 2858 4902 primogenita
2889 4829 3112 4902 zEgypti
3129 4831 3189 4885 ab
3220 4832 3428 4887 homine
3459 4849 3616 4904 usque
3659 4829 3718 4884 ad

431 4910 683 4967 randum.
718 4909 914 4964 Preces
938 4908 1080 4964 enim
1113 4908 1268 4965 nuda:
1293 4926 1398 4967 non
1428 4913 1732 4983 proliciunt.
1755 4913 2026 4971 Elevanda
2132 4938 2304 4992 pecus.
2343 4919 2526 4976 Emisit
2553 4922 2683 4994 (Hil.
2711 4932 2759 4978 et
2787 4923 2944 4992 misit)
2977 4923 3125 4994 signa
3150 4933 3200 4978 et
3219 4925 3458 4996 prodigia
3483 4927 3538 4978 in
3565 4923 3719 4979 media

499 5053 576 5128 (α)
605 5053 662 5108 In
696 5069 796 5108 ms.
820 5052 1034 5130 _'l'uron.
1060 5055 1188 5130 jam_
1214 5053 1417 5130 audebit
1444 5054 1589 5130 beata
1617 5055 1710 5111 illa
1742 5056 2017 5130 Propheta:

423 5123 587 5182 uoc'e':
611 5135 666 5180 et
695 5126 869 5194 spatio
903 5123 1230 5178 unius’verbi
1259 5125 1375 5179 sine
1398 5126 1657 5194 scriptura
1692 5123 1879 5184 relicto
1905 5171 1918 5194 ,
1949 5131 2014 5184 ad

429 5197 725 5269 marginem
755 5197 1055 5272 repositum
1076 5204 1160 5272 est
1202 5197 1420 5272 verbum
1451 5199 1635 5272 dicere,
1665 5217 1773 5271 quo
1802 5201 2017 5272 perlici-

426 5280 514 5325 tur
538 5265 833 5324 s'etitentia:
859 5266 972 5322 Non
1005 5265 1312 5336 displiceret
1347 5265 1549 5338 integra
1577 5265 1872 5327 illa-lectio.
1905 5273 2012 5328 Sed

423 5341 568 5412 quod
594 5340 645 5394 in
689 5347 901 5415 textum
928 5339 1126 5393 inferre
1154 5351 1258 5415 non
1288 5353 1454 5392 ausus
1482 5349 1566 5394 est
1592 5343 1806 5413 Sapiens
1836 5346 2012 5415 scrip-

425 5409 531 5477 tor,
563 5427 661 5466 nec
689 5412 845 5466 nobis
871 5411 1034 5466 licere
1067 5409 1386 5478 putavimus.

519 5481 570 5556 ὁ)
606 5482 810 5556 Turon.
846 5497 948 5556 nis.
978 5479 1621 5556 Angelorumfrequentia.

519 5487 570 5556 b)
608 5487 810 5538 Turon.
846 5497 948 5536 IIIS.
978 5487 1292 5551 Angelorum
1320 5487 1621 5551 frequentia.

494 5487 841 5682 gmsfgengt,
865 5554 1047 5622 ﬂorent
1073 5568 1090 5606 :
1123 5553 1441 5608 emendatur
1465 5568 1531 5608 ex
1558 5570 1657 5611 ms.
1691 5555 1826 5613 Vide
1853 5573 2013 5629 supra

420 5640 539 5695 pag.
570 5634 697 5690 5w,
727 5634 841 5680 not.

488 5641 1028 5773 ῗᾷρῧῖιῗῖῃῐέῗῐῗυτο-η.
1068 5695 1382 5773 εαῤ-,ἱίδάεηι
1409 5695 1570 5773 verbis
1594 5738 1609 5765 ,
1656 5707 1712 5773 e_t
1741 5700 1793 5756 in
1835 5717 2006 5773 marg.

423 5769 663 5837 uersibus.
705 5768 869 5822 Porro
897 5767 1100 5837 primos
1147 5767 1267 5823 illos
1299 5770 1646 5827 translaturos
1678 5770 1820 5828 haud
1848 5767 2010 5832 dubie

423 5833 686 5896 intellexit
727 5833 961 5896 Hilarius
1005 5838 1372 5911 Septuaginta.
1438 5840 1691 5900 Attamen
1733 5844 1824 5915 qui
1865 5845 2010 5916 apud

2127 5061 2537 5135 llieronymum
2562 5064 2800 5134 psalmos
2825 5064 3141 5129 enarravit,
3178 5065 3518 5121 contendens
3565 5065 3716 5122 verba

2127 5132 2242 5188 hate
2268 5132 2448 5189 addita
2474 5175 2489 5199 ,
2529 5132 2666 5191 hanc
2695 5136 3024 5190 additionem
3060 5149 3165 5190 non
3196 5135 3364 5201 LXX,
3394 5137 3490 5192 sed
3519 5137 3715 5192 incerto

2124 5204 2334 5259 cuidam
2369 5207 2485 5260 viro
2515 5207 2777 5270 attribuit,
2805 5207 2893 5276 qui
2925 5207 3068 5276 quod
3099 5222 3163 5278 ea
3210 5207 3260 5262 in
3294 5209 3506 5278 psalmo
3534 5209 3713 5264 subse-

2123 5278 2308 5345 quenti
2339 5285 2612 5348 exstarent
2630 5320 2644 5340 ,
2672 5277 2758 5332 hic
2783 5293 2994 5348 quoque
3024 5277 3269 5334 addenda
3295 5277 3420 5335 esse
3443 5282 3710 5337 existima-

2122 5349 2210 5420 rit.
2240 5347 2445 5403 Absuni
2475 5347 2690 5418 quidem
2712 5364 2744 5403 a
2773 5347 3028 5420 psalterio
3049 5349 3190 5420 quod
3224 5365 3292 5406 ex
3348 5351 3569 5407 hebraeo
3599 5367 3710 5408 ver-

2124 5419 2187 5472 tit
2210 5419 2565 5490 llierunymus
2597 5437 2609 5473 :
2634 5421 2729 5476 sed
2753 5419 2991 5475 Nobilius
3015 5419 3167 5478 testis
3187 5430 3358 5480 estea
3391 5425 3444 5478 in
3470 5423 3709 5479 omnibus

2123 5499 2237 5615 Lm]!
2269 5493 2459 5562 graccis
2511 5498 2622 5546 tum
2663 5493 2844 5547 latinis
2885 5491 3161 5548 codicibus
3205 5509 3238 5547 a
3281 5509 3344 5552 se
3370 5495 3588 5552 collatis
3622 5495 3710 5550 ba-

2161 5579 2258 5615 Cl‘l.

2161 5579 2258 5617 Cl‘l.

2195 5634 2266 5708 (e)
2311 5633 2512 5708 Regius
2542 5633 2713 5708 codex
2743 5650 2864 5690 cum
2910 5633 3114 5691 Turon.
3163 5637 3384 5707 profecit
3433 5642 3488 5693 in
3523 5641 3701 5694 lucem.

2123 5703 2175 5759 Ν
2179 5703 2256 5779 (ἠέρ’
2273 5703 2550 5779 eninijam
2569 5707 2803 5779 profecit.

2192 5775 2260 5850 (f)
2288 5775 2453 5850 Editﬁi’,
2483 5778 2552 5832 ad
2570 5775 2964 5850 praedicandum
2993 5794 3012 5832 :
3037 5777 3388 5850 corriguntur
3413 5795 3478 5836 ex
3507 5796 3632 5836 mss.
3701 5839 3704 5841 λ

2193 5848 2272 5921 (g)
2303 5852 2377 5907 Ita
2405 5848 2738 5908 Turonensis
2765 5850 2954 5909 codex.
2982 5848 3083 5906 Alii
3114 5848 3267 5919 vero,
3292 5852 3567 5907 orandum.

178 6065 443 6156 ...κ’
