3896 6336
213 272 324 330 753

1277 267 1690 327 TRACTATUS
1727 269 1798 325 IN
1829 268 2090 326 CXXXIV
2133 271 2483 328 PSALMUM.

3413 281 3519 338 754

205 387 307 450 tui,
327 383 583 458 ﬁgi/pte,
602 386 653 441 in
671 386 997 445 Pharaonem
1011 399 1060 446 et
1087 391 1140 445 in
1167 405 1340 445 omnes
1360 404 1529 444 servos
1549 392 1684 462 ejus.
1707 387 1810 455 Qui
1837 393 1884 449 A
1917 390 2350 458 prmsumendum
2374 392 2466 458 sit,
2489 403 2545 448 et
2574 393 2626 450 in
2645 410 2807 466 quam
2823 398 3160 455 curationem
3177 401 3508 471 eligendum;

205 479 461 550 percussit
482 491 653 550 gentes
681 482 869 536 multas
896 524 911 548 ,
954 492 1002 537 et
1045 482 1228 537 occidit
1266 499 1409 553 reges
1449 484 1624 554 fortes.
1667 482 1809 537 Seon

203 586 381 642 regem
407 570 826 628 Aman/raeorum
846 614 858 637 ,
889 583 939 630 et
973 573 1051 646 Og
1088 592 1260 647 regem
1308 575 1483 630 Busan
1507 615 1522 641 ,
1555 586 1603 630 et
1634 575 1808 630 omnia

198 681 366 736 regna
391 662 642 721 Chanaan
669 669 857 722 occidit
884 685 902 724 :
932 679 980 722 et
1006 668 1148 724 dedit
1173 679 1362 723 terram
1391 685 1566 724 eorum
1581 668 1800 722 ha'redt-

200 767 364 814 tatem
415 759 715 832 (repetitur
777 762 1165 835 hmeditatem)
1216 763 1384 818 Israel
1428 763 1618 835 pOpulo
1686 778 1799 816 suo.

198 852 452 921 Domine,
485 871 669 911 nomen
702 866 846 910 tuum
867 857 920 910 in
946 857 1211 924 saxulum,
1235 867 1284 911 et
1315 856 1610 910 ntentoriale
1659 864 1800 910 tuum

193 947 251 1002 in
293 950 677 1019 generationem
708 949 892 1022 (Infra,
928 951 1280 1023 generatione)
1309 959 1355 1005 et
1390 952 1793 1022 generationem.

196 1040 336 1110 Quia
349 1043 608 1116 judicabit
627 1043 881 1098 Dominus
903 1045 1154 1116 populum
1174 1062 1344 1109 suum,
1371 1056 1416 1098 et
1437 1047 1492 1099 in
1514 1047 1670 1100 servis
1687 1045 1797 1098 suis

189 1136 566 1191 consolabitur.
623 1136 918 1193 Simulacra
946 1139 1174 1209 gentium
1204 1150 1470 1210 argentum
1496 1148 1545 1192 et
1573 1155 1757 1192 aurum
1776 1180 1792 1205 ,

189 1244 351 1300 Opera
376 1245 623 1284 manuum
644 1230 928 1285 hominum.
966 1231 1039 1286 οε
1067 1230 1284 1296 habent,
1304 1242 1354 1287 et
1377 1249 1478 1287 non
1496 1233 1788 1302 loquentur;

185 1322 368 1376 oculos
398 1322 583 1376 habent
609 1334 659 1377 et
684 1339 786 1378 non
835 1323 1110 1390 uidebunt;
1149 1339 1300 1378 aures
1347 1325 1565 1391 habent,
1609 1333 1659 1378 et
1685 1340 1790 1378 non

183 1417 440 1481 audient;
465 1432 617 1472 nares
639 1416 824 1472 habent
851 1459 864 1484 ,
891 1428 940 1472 et
965 1434 1069 1472 non
1099 1419 1419 1482 odorabunt;
1468 1435 1650 1473 manus
1695 1419 1789 1473 ha-

184 1507 335 1575 bent,
357 1517 537 1562 etnon
559 1509 874 1581 palpabunt;
903 1510 1056 1580 pedes
1081 1511 1302 1579 habent,
1355 1522 1405 1566 et
1457 1529 1560 1567 non
1603 1511 1784 1567 ambu-

184 1600 398 1667 labunt,
426 1616 586 1672 neque
611 1611 688 1657 est
716 1602 928 1671 spiritus
948 1603 1001 1656 in
1031 1620 1120 1658 ore
1161 1621 1341 1658 eorum
1366 1645 1382 1670 ,
1431 1621 1534 1659 non
1591 1605 1786 1660 clama-

181 1691 309 1746 bunt
335 1693 390 1747 in
415 1703 620 1765 gutture
643 1711 756 1749 suo.
783 1694 994 1751 Similes
1017 1697 1122 1750 illis
1145 1698 1272 1765 fiant
1313 1697 1402 1769 qui
1444 1699 1642 1768 faciunt
1687 1714 1780 1764 ea,

1911 482 2127 551 quando
2158 499 2225 538 ex
2256 497 2324 538 eo
2352 486 2567 557 corpori
2591 489 2822 555 sanatio,
2854 491 3072 560 quando
3097 492 3294 548 animae
3324 493 3510 549 mede-

1912 574 1960 629 la
1987 575 2266 632 tribuenda
2294 578 2395 642 sit;
2427 593 2494 633 ne
2521 579 2648 648 quid
2680 596 3088 653 praeproperam
3110 627 3125 650 ,
3157 600 3224 640 ne
3245 585 3373 656 quid
3397 587 3501 641 im-

1907 673 2200 738 portunum
2235 684 2298 723 ac
2325 668 2535 724 tardum
2568 673 2650 726 sit-
2681 691 2694 726 :
2729 673 2823 730 sed
2851 675 3066 731 collatis
3092 687 3142 732 et
3176 677 3464 734 virtutibus
3487 721 3503 745 ,

1906 767 1962 812 et
1994 761 2324 829 temporibus
2345 805 2360 828 ,
2385 770 2439 816 ct
2471 762 2631 818 rebus
2651 807 2664 830 ,
2699 781 2803 820 non
2835 766 3088 837 imperite
3139 768 3222 824 his
3251 785 3371 839 qua:
3399 770 3507 826 sibi

1904 865 2180 924 comperta
2212 856 2410 910 fuerint
2435 865 2617 912 utatur
2648 876 2660 912 :
2697 859 2843 931 quod
2900 861 3118 931 quidem
3173 864 3406 918 maxime
3445 865 3504 920 in

1903 945 2006 1002 hoc
2029 947 2236 1016 psnlmo
2266 950 2335 1002 ita
2367 963 2490 1007 esse
2529 951 2869 1022 intelligitur.
2921 953 3301 1012 Incredibilem
3357 956 3504 1012 enim

1901 1040 1952 1094 in
1981 1041 2199 1094 modum
2229 1056 2291 1096 ea
2323 1043 2487 1099 rebus
2514 1047 2686 1115 gestis
2716 1048 2880 1104 verba
2928 1049 3170 1119 subjecta
3224 1061 3355 1106 sunt
3375 1094 3390 1115 ,
3441 1060 3500 1107 ut

1896 1149 2018 1190 cum
2045 1135 2278 1191 ﬁdeliter
2300 1137 2388 1192 illa
2421 1155 2540 1210 qum
2569 1151 2720 1211 gesta
2751 1151 2881 1198 sunt
2911 1145 3294 1214 enuntiarent,
3330 1147 3502 1218 majo-

1865 1243 2010 1294 ,rem
2043 1239 2218 1284 tamen
2249 1231 2476 1286 internae
2507 1244 2558 1291 et
2583 1236 2848 1306 spiritalis
2871 1239 3246 1310 intelligentiae
3275 1241 3497 1311 profec-

1893 1329 2008 1376 tum
2031 1336 2096 1376 ex
2128 1337 2188 1377 se
2229 1323 2300 1376 ita
2330 1324 2596 1379 collocata
2649 1338 2993 1397 praestarent.
3043 1330 3230 1404 Neque
3287 1342 3496 1388 tantum

1893 1412 2010 1469 hare
2040 1415 2179 1469 ratio
2208 1415 2494 1472 observata
2522 1426 2636 1485 est,
2665 1429 2724 1474 ut
2749 1437 2840 1476 res
2869 1425 3030 1493 ipsa),
3073 1439 3195 1496 qum
3234 1441 3495 1498 corpora-

1891 1507 2015 1563 liter
2035 1518 2203 1581 gestae
2237 1519 2362 1565 sunt
2378 1551 2394 1578 ,
2418 1511 2485 1565 ad
2502 1512 2893 1570 ostendendam
2921 1515 3014 1570 Dei
3033 1519 3491 1587 magnificentiam

1889 1615 2454 1659 commemorarentur
2487 1627 2500 1660 :
2533 1621 2721 1661 verum
2753 1609 2914 1664 etiam
2940 1617 2998 1664 ut
3028 1625 3123 1681 per
3151 1611 3492 1682 cognitiones

1886 1706 2202 1768 gestorum,
2235 1706 2292 1753 et
2313 1699 2540 1753 virtutes
2563 1700 2843 1754 nominum
2875 1703 3182 1771 exemplum
3206 1703 3273 1759 de
3304 1719 3363 1759 se
3387 1719 3488 1775 ge-

180 1803 231 1849 et
257 1810 431 1849 omnes
451 1796 540 1866 qui
570 1796 833 1864 con/idum
863 1796 915 1849 in
931 1796 1026 1850 eis.
1052 1794 1250 1850 Domus
1280 1793 1469 1861 Israel,
1501 1795 1785 1851 benedicite
1813 1782 1860 1842 Β
1888 1789 2100 1856 τειιάὶς,
2155 1790 2208 1843 in
2240 1789 2322 1844 his
2373 1806 2494 1861 qua:
2538 1801 2663 1846 sunt
2707 1799 2881 1861 gesta,
2920 1794 3246 1863 praeberent.
3302 1795 3489 1867 itaque

177 1888 497 1955 Dominum;
517 1888 698 1944 domus
723 1889 918 1956 Aaron,
951 1887 1232 1944 benedicite
1261 1886 1543 1942 Dominum
1561 1906 1580 1954 ;
1598 1887 1781 1943 domus

177 1979 340 2048 Levi,
365 1980 646 2037 benedicite
664 1981 984 2048 Dominum;
1035 1981 1198 2054 526
1239 1982 1323 2052 qui
1355 1984 1542 2038 timetis
1591 1981 1776 2039 Domi-

179 2088 306 2127 num
327 2113 344 2139 ,
375 2073 655 2129 benedicite
673 2090 811 2128 eum.

611 2208 1027 2268 TRACTATUS
1067 2212 1340 2271 PSALMI.

255 2345 305 2399 1.
338 2343 610 2415 Scriptura
632 2349 889 2418 mysteriis
909 2349 1013 2418 feta
1039 2353 1258 2423 peritum
1281 2353 1523 2409 lectorem
1551 2355 1776 2426 postulat

177 2454 240 2492 ac
261 2438 422 2508 pium.
451 2437 800 2509 Comparatio.
821 2442 1062 2500 Psalmus
1087 2447 1170 2500 hic
1198 2465 1290 2518 per
1317 2450 1610 2519 corporalia
1633 2460 1776 2523 gesta

175 2547 382 2587 sensum
408 2534 580 2604 prodit
608 2533 863 2590 altiorem.
923 2538 1026 2603 Qui
1080 2542 1401 2595 tractandus.
1434 2570 1498 2584 ο-
1525 2543 1772 2599 Psalmus

177 2624 476 2681 secundum
505 2627 910 2698 simplicitatem
943 2631 1278 2689 audientium
1309 2634 1588 2690 absolutus
1617 2633 1772 2691 vide-

178 2726 284 2772 tur.
318 2720 389 2774 Ea
416 2720 561 2776 enim
584 2737 650 2777 ex
678 2723 884 2794 majore
917 2737 1068 2796 parte
1091 2727 1142 2782 in
1170 2741 1236 2782 eo
1262 2727 1628 2795 continentur,
1653 2745 1772 2799 qua)

177 2808 319 2866 libro
350 2811 520 2868 Exodi
552 2814 810 2887 inscripta
834 2826 990 2882 sunt,
1017 2818 1238 2891 ngypti
1273 2821 1473 2892 plagae,
1527 2821 1769 2876 Pharao-

177 2905 262 2960 nis
291 2919 480 2975 pcena,
511 2923 697 2979 regum
725 2919 962 2980 mortes,
995 2923 1049 2969 et
1081 2913 1294 2969 hostilis
1340 2924 1502 2969 terra:
1550 2915 1771 2971 obtenta

176 2994 473 3054 hereditas.
503 2998 609 3055 Sed
633 3003 930 3058 secundum
985 3005 1336 3075 Apostolum,
1385 3022 1505 3076 qua:
1549 3007 1602 3062 in
1654 3008 1772 3078 lege

174 3097 332 3156 sunt,
365 3090 553 3146 umbra
575 3102 659 3148 est
687 3092 986 3151 futurorum
1010 3115 1025 3161 ;
1051 3115 1171 3169 qua:
1203 3099 1252 3153 in
1285 3114 1346 3154 ea
1376 3099 1452 3171 (a)
1481 3109 1631 3170 gesta
1656 3100 1770 3156 lue-

1887 1883 2252 1937 necessarium
2278 1893 2361 1938 est
2385 1926 2399 1946 ,
2432 1883 2548 1938 haec
2575 1884 2787 1955 singula
2823 1886 3066 1956 personis
3085 1930 3100 1953 ,
3127 1889 3482 1959 temporibus,

1885 1974 2167 2030 virtutibus
2187 1975 2531 2038 discernere;
2559 1977 2720 2051 527
2745 1987 2803 2033 ιιι
2824 1993 2886 2033 ea
2921 1995 3041 2047 qua:
3068 1980 3358 2037 incurioste
3383 1998 3484 2038 au-

1883 2082 1971 2125 res
2001 2076 2272 2138 tamquam
2305 2083 2414 2124 non
2443 2072 2748 2125 necessaria
2783 2068 2924 2127 forte
2953 2071 3329 2143 perdiderint,
3365 2075 3484 2145 ipsa

1879 2161 1971 2217 illa
2003 2162 2068 2216 ad
2099 2161 2353 2218 humanae
2379 2162 2713 2219 inﬁdelitatis
2733 2163 3002 2220 medelam
3035 2169 3488 2238 sanationemque

1880 2259 2204 2314 referantur.
2241 2257 2310 2313 Et
2340 2257 2444 2314 hoc
2473 2258 2604 2330 ipsis
2634 2258 2799 2314 rebus
2832 2259 2886 2314 in
2916 2261 3125 2330 psalmo
3138 2259 3484 2328 docebimus,

1879 2351 1969 2422 qui
2000 2352 2073 2406 ita
2099 2361 2311 2419 cceptus
2345 2361 2451 2406 est.

1949 2446 2006 2501 9..
2033 2445 2175 2501 Laus
2206 2454 2414 2516 praestat
2447 2445 2807 2502 benedictioni.
2838 2444 3069 2502 Nomina
3096 2445 3198 2501 .Dei
3220 2446 3374 2501 laude
3396 2447 3478 2502 di-

1874 2557 1996 2614 gna.
2028 2569 2100 2581 —
2127 2539 2292 2595 Vsus.
2350 2539 2375 2593 1
2413 2540 2468 2595 5.
2501 2536 2736 2592 Laudate
2766 2555 2950 2593 nomen
2987 2537 3224 2598 Domini.
3272 2537 3484 2592 laudate

1875 2636 2007 2691 servi
2033 2634 2344 2699 Dominum;
2373 2633 2461 2703 qui
2483 2633 2632 2688 statis
2653 2634 2707 2686 in
2731 2632 2884 2686 doma
2925 2629 3174 2698 Domini,
3221 2631 3276 2684 in
3329 2632 3480 2686 atriis

1876 2730 2061 2784 domus
2086 2728 2179 2784 Dei
2206 2729 2388 2782 nostri.
2413 2727 2648 2781 Laudato
2693 2725 3014 2794 Dominum,
3061 2726 3185 2796 quia
3227 2725 3478 2794 benignus

1873 2833 1949 2878 est
1979 2822 2270 2877 Dominus:
2302 2821 2504 2892 psallite
2533 2820 2729 2874 nomini
2756 2821 2869 2890 ejus
2890 2861 2904 2885 ,
2927 2819 3172 2890 quoniam
3203 2832 3356 2872 suave
3377 2826 3474 2872 est.

1876 2917 1943 2972 Et
1973 2916 2340 2973 contuendum
2375 2917 2426 2972 in
2455 2915 2683 2971 exordio
2717 2913 2908 2986 psalmi
2937 2923 3052 2982 est,
3085 2913 3229 2984 quod
3261 2912 3327 2966 ad
3355 2911 3475 2966 lau-

1874 3011 1995 3068 dem
2025 3027 2122 3067 nos
2153 3012 2245 3067 Dei
2276 3009 2526 3078 advocat,
2556 3025 2678 3065 cum
2725 3010 2777 3064 in
2823 3009 3126 3088 superiore_
3159 3006 3370 3078 psalmo
3406 3006 3475 3059 ad

1875 3104 2046 3160 solam
2076 3102 2511 3160 benedictionem
2545 3101 2793 3157 hortatus
2847 3102 2940 3156 sit.
2989 3101 3257 3156 Przestare
3290 3107 3472 3153 autem

177 3191 339 3249 runt,
363 3182 767 3254 allegorumena
793 3197 920 3243 sunt
942 3231 956 3255 ,
982 3205 1086 3244 non
1121 3191 1458 3262 negligenter
1501 3191 1768 3248 audienda
1799 3171 1844 3237 Ο
1876 3195 1953 3270 (b)
1981 3196 2194 3253 laudem
2221 3195 2584 3253 benedictioni
2617 3210 2724 3250 non
2774 3192 3083 3265 ambiguum
3123 3203 3228 3248 est.
3259 3191 3476 3246 Primus

179 3284 307 3328 sunt
337 3292 353 3331 :
383 3277 502 3346 quia
529 3279 630 3334 sub
655 3282 1016 3350 corporalium
1047 3292 1320 3355 gestorum
1351 3284 1456 3340 ﬁde
1486 3286 1538 3340 in
1581 3301 1768 3342 exem-

177 3365 327 3437 plum
353 3368 459 3424 sint
485 3371 805 3442 spiritalium
830 3390 1056 3445 operum
1077 3378 1392 3432 constituta.
1417 3379 1625 3449 Magna:
1675 3394 1772 3433 au-

177 3469 286 3516 tem
315 3461 608 3534 diligentia:
646 3481 736 3522 res
765 3476 878 3535 est,
909 3468 1161 3525 virtutem
1211 3471 1504 3526 verborum
1536 3470 1772 3527 colloca-

177 3565 356 3612 torum
387 3559 702 3630 expendere
725 3603 740 3627 ,
772 3571 828 3618 et
853 3563 994 3618 scire
1017 3564 1142 3631 quid
1171 3565 1368 3636 cuique
1421 3564 1497 3620 rei
1552 3566 1654 3621 sub
1677 3579 1770 3621 eo-

173 3667 297 3707 rum
325 3667 447 3722 quae
472 3653 614 3710 dicta
646 3665 771 3710 sunt
801 3656 1196 3726 significatione
1253 3659 1322 3714 sit
1367 3659 1666 3729 proprium.
1701 3657 1772 3715 Ut

175 3744 322 3800 enim
346 3760 454 3801 non
477 3747 718 3802 omnium
742 3759 825 3804 est
842 3791 859 3816 ,
884 3749 1172 3806 herbarum
1212 3766 1412 3821 genera
1437 3753 1772 3823 virtutesque

175 3853 341 3896 nosse
361 3879 377 3904 ,
404 3851 460 3897 et
485 3841 532 3897 si
561 3843 683 3911 quis
711 3844 995 3916 imperitus
1021 3855 1113 3900 aut
1141 3847 1358 3904 nescius
1389 3847 1440 3903 in
1466 3864 1652 3920 agrum
1686 3848 1770 3904 his

176 3935 486 3991 salubribus
514 3935 699 3993 herbis
726 3939 949 3996 divitem
980 3944 1224 4008 venerit,
1257 3944 1439 3997 omnia
1465 3943 1668 3998 inutilia
1715 3952 1771 3997 et

178 4030 486 4100 promiscue
512 4033 690 4103 genita
725 4034 1043 4092 existimans
1098 4037 1428 4106 praeteribit;
1458 4047 1511 4090 at
1540 4052 1670 4091 vero
1725 4037 1770 4091 si

176 4121 388 4194 peritus
405 4123 671 4182 etdoctus
716 4125 858 4181 hunc
900 4129 1193 4198 pretiosum
1238 4133 1288 4181 in
1321 4128 1403 4183 his
1431 4127 1771 4198 graminibus

177 4215 277 4286 (al.
305 4217 665 4290 germinibus)
691 4234 879 4290 agrum
906 4219 1068 4274 fuerit
1112 4219 1386 4290 ingressus
1407 4261 1422 4283 ,
1453 4220 1632 4274 omnia
1650 4237 1772 4291 qua:

175 4309 247 4363 ab
275 4309 396 4363 aliis
418 4311 692 4380 praeterita
724 4323 882 4367 erunt
906 4313 1171 4380 demetet,
1205 4322 1260 4368 et
1289 4327 1351 4368 ea
1375 4329 1495 4384 quae
1522 4314 1590 4368 ab
1616 4315 1771 4385 igna-

177 4401 259 4456 ris
287 4411 447 4456 erunt
477 4405 718 4478 neglecta
770 4403 1090 4471 mirabitur;
1147 4405 1325 4460 sciens
1372 4405 1589 4478 quando
1637 4406 1774 4465 utile

176 4496 554 4552 metendorum
584 4513 772 4554 eorum
801 4509 1012 4570 tempus
1039 4501 1140 4567 sit,
1172 4508 1226 4557 et
1252 4501 1305 4555 in
1331 4517 1449 4572 qua:
1474 4516 1671 4572 genera
1688 4516 1774 4557 sa.

1875 3290 2019 3346 enim
2045 3289 2114 3361 (ε)
2142 3288 2277 3345 ordo
2302 3290 2354 3345 iu
2384 3288 2762 3346 benedictione
2790 3287 3000 3357 positus
3041 3296 3144 3350 est,
3195 3285 3290 3341 sed
3339 3301 3475 3340 con-

1874 3390 2175 3437 summatur
2204 3383 2256 3436 in
2290 3380 2469 3436 laude.
2503 3381 2567 3436 Et
2594 3381 2709 3436 laus
2743 3395 2850 3434 non
2887 3377 3195 3449 incipienda
3246 3377 3474 3432 confuse

1874 3486 1958 3531 est
1977 3517 1994 3542 ,
2019 3477 2113 3532 sed
2138 3476 2328 3531 ordine
2359 3492 2423 3531 ac
2449 3476 2610 3532 modo
2635 3473 2945 3531 conﬁtenda
3012 3482 3114 3529 est.
3171 3473 3282 3527 Iloc
3325 3473 3470 3528 enim

1876 3570 2102 3642 primum
2129 3581 2213 3624 est
2249 3568 2525 3625 :Laudate
2568 3586 2752 3625 nomen
2799 3567 3029 3623 Domini.
3087 3565 3293 3622 Nomen
3339 3580 3474 3636 ergo

1876 3661 2084 3718 Domini
2112 3663 2342 3732 primum
2371 3662 2588 3719 laudare
2614 3663 2992 3728 admonemur,
3016 3660 3138 3734 quia
3173 3661 3315 3717 Deus
3345 3660 3474 3715 coeli

1869 3755 1962 3823 sit,
1985 3755 2109 3827 quia
2125 3756 2268 3812 Deus
2290 3765 2450 3812 terrae
2464 3756 2687 3827 sit,quia
2704 3757 2845 3812 Deus
2867 3753 3049 3810 mundi
3065 3753 3283 3824 sit,quia
3303 3753 3468 3818 Deus,

1872 3847 2016 3918 quod
2049 3847 2172 3902 ﬁdei
2228 3857 2430 3904 nostra:
2459 3858 2514 3902 et
2544 3847 2659 3918 Spei
2689 3849 2966 3917 propriqu
2990 3855 3104 3910 est,
3156 3843 3391 3900 Abraha:
3417 3853 3476 3900 et

1873 3939 2024 3996 Isaac
2051 3952 2104 3996 et
2130 3941 2298 3998 Jacob
2326 3943 2415 3997 sit.
2439 3941 2494 3996 In
2520 3941 2602 3994 Itis
2633 3941 2775 3995 enim
2807 3941 3039 4010 primum
3075 3940 3185 3994 Deo
3215 3938 3333 3992 laus
3361 3945 3469 3992 est.

1944 4036 2001 4090 3.
2057 4025 2171 4103 Quo
2226 4038 2405 4091 ordine
2443 4035 2510 4088 ad
2541 4035 2746 4089 laudent
2777 4033 2872 4088 Dei
2915 4035 3254 4106 perveniatur.
3281 4061 3350 4073 —
3375 4030 3477 4087 Se-

1874 4143 2048 4201 quens
2074 4143 2202 4184 vero
2235 4137 2562 4198 prteceptum
2592 4135 2705 4191 est,
2739 4126 2973 4180 Laudare
2999 4126 3130 4179 servi
3161 4125 3468 4178 Dominum.

1874 4221 1977 4276 Per
2004 4219 2368 4289 cognitionem
2398 4216 2632 4274 nominis
2663 4217 2756 4272 Dei
2786 4216 2850 4269 ad
2875 4215 3155 4270 scientiam
3191 4214 3307 4284 ejus
3339 4228 3469 4282 pro-

1877 4311 2106 4367 ﬁcimus.
2139 4309 2256 4366 .lam
2279 4310 2422 4365 enim
2445 4325 2551 4363 non
2577 4323 2772 4364 nomen
2790 4307 3024 4372 Domini,
3055 4305 3152 4361 sed
3186 4305 3476 4361 Dominum

1856 4404 2179 4470 .laudamus,
2233 4413 2629 4474 cognoscentes
2675 4416 2774 4456 cur
2831 4401 2972 4455 Deus
3029 4399 3151 4454 εαξη
3206 4400 3323 4465 sit,
3376 4414 3476 4454 cur

1879 4501 2021 4555 Deus
2073 4509 2234 4554 terra:
2277 4498 2382 4564 sit,
2459 4512 2556 4552 cur
2607 4497 2746 4551 Deus
2825 4494 3010 4550 mundi
3057 4495 3145 4557 sit,
3194 4509 3292 4550 cur
3335 4494 3478 4550 Deus

177 4593 410 4646 uitatum
441 4593 524 4647 his
556 4594 812 4650 utendum
841 4563 946 4661 sit,
979 4605 1036 4651 et
1082 4563 1363 4668 quantum.
1390 4613 1456 4652 ex
1511 4597 1626 4664 his,
1680 4607 1774 4653 aut
1799 4563 1853 4624 Β
1879 4595 2113 4654 Abraha:
2151 4602 2208 4650 et
2237 4594 2386 4649 Isaac
2434 4601 2489 4646 et
2529 4591 2696 4647 Jacub
2737 4590 2828 4644 sit.
2879 4588 3004 4644 Htec
3043 4589 3186 4643 enim
3243 4587 3477 4657 primum

174 4698 288 4756 quo
321 4699 489 4756 usque
517 4687 904 4743 moderandum
930 4687 1000 4742 sit
1025 4706 1038 4743 :
1073 4689 1150 4744 sic
1173 4698 1228 4744 et
1258 4691 1310 4744 in
1333 4689 1531 4745 divinis
1577 4690 1768 4761 Serip-

177 4777 318 4833 turis
349 4793 471 4834 esse
500 4779 911 4849 intelligendum
929 4789 1046 4848 est,
1075 4791 1136 4838 ut
1163 4785 1206 4838 si
1235 4799 1328 4839 eas
1361 4783 1527 4856 impia
1556 4783 1702 4842 auris
1720 4791 1777 4838 et

176 4886 337 4928 mens
367 4874 569 4929 rustica
597 4873 818 4937 audiat,
853 4884 1127 4946 tamquam
1145 4877 1350 4933 otiosas
1371 4889 1425 4935 et
1449 4895 1557 4934 non
1586 4895 1776 4938 neces-

176 4970 354 5022 sarias
383 4968 650 5038 negligat;
685 4977 739 5022 at
767 4984 894 5024 vero
946 4971 991 5024 si
1043 4973 1243 5025 cadens
1287 4971 1353 5025 ad
1407 4973 1775 5043 cognitionem

179 5063 277 5119 Dei
326 5063 543 5118 auditor
567 5073 657 5118 aut
692 5063 862 5119 lector
907 5063 1213 5132 adstiterit,
1263 5075 1321 5122 et
1375 5068 1461 5122 cui
1522 5067 1782 5140 frequens

176 5157 378 5222 lectio,
406 5166 461 5212 et
488 5156 749 5226 spiritalis
770 5156 960 5226 gratia;
986 5156 1187 5213 donum
1217 5159 1501 5215 scientiam
1529 5161 1780 5232 dijucan-

177 5249 234 5304 di
279 5248 518 5319 singula,
585 5247 1029 5320 intelligendique
1081 5253 1433 5321 praestiterit;
1493 5254 1782 5313 mirabitur

177 5341 359 5395 omnia
385 5382 400 5406 ,
429 5348 592 5410 atque
626 5341 708 5395 his
739 5343 1039 5397 secundum
1064 5343 1339 5399 naturales
1368 5361 1557 5401 eorum
1605 5347 1777 5402 virtu-

180 5444 262 5488 tes
286 5443 340 5487 et
368 5431 692 5490 eiﬁcientias
721 5442 898 5488 utetur
928 5449 943 5498 ;
974 5448 1079 5488 non
1114 5434 1336 5504 ignarus
1384 5438 1602 5507 quando
1647 5439 1779 5509 quid

254 5599 328 5671 (a)
357 5599 522 5663 Editi,
556 5606 700 5669 gesta
725 5606 843 5652 sunt
868 5596 1273 5670 allegorumena,
1328 5599 1533 5654 omisso
1579 5597 1778 5656 deinde

177 5673 349 5729 verbo
387 5679 524 5725 sunt.

254 5743 332 5812 (b)
365 5741 499 5812 Reg.
524 5755 628 5796 ms.
656 5753 720 5795 ac
741 5740 942 5795 Turon.
976 5740 1146 5796 Landi
1176 5741 1597 5798 benedictionem.

279 5743 308 5797 b
365 5743 499 5812 Reg.
524 5755 628 5796 ms.
656 5753 720 5795 ac
741 5743 942 5795 Turon.
976 5743 1146 5796 Landi
1176 5743 1597 5798 benedictionem.

249 5743 525 5888 ΣεζδΕάιιί,
559 5825 682 5868 cum
721 5827 834 5881 reg.
857 5826 958 5867 ms.
991 5814 1187 5883 primus
1206 5815 1344 5868 enim
1368 5815 1495 5870 odor
1544 5831 1561 5869 :
1601 5827 1788 5870 ainan-

1882 4689 2104 4761 puerilis
2176 4685 2440 4743 doctrinae
2516 4683 2824 4739 rudimenta
2899 4682 3266 4752 transgressi,
3309 4683 3482 4738 Deum

1881 4796 1988 4835 non
2032 4780 2144 4850 jam
2201 4795 2296 4850 per
2339 4775 2703 4832 obedientiam
2783 4774 3162 4837 subditorum,
3213 4774 3310 4829 sed
3381 4789 3482 4845 per

1882 4874 2163 4929 immensae
2190 4869 2407 4926 virtutis
2435 4885 2548 4924 sua:
2576 4867 3032 4941 magniﬁcentiam
3079 4866 3384 4934 laudamus,
3427 4879 3484 4926 et

1886 4967 2170 5024 laudamus
2185 4965 2328 5022 servi
2356 4965 2478 5034 ejus
2511 4982 2524 5017 :
2559 4980 2731 5033 neque
2762 4964 2935 5020 solum
2963 4962 3108 5018 servi
3135 4962 3273 5033 ejus,
3336 4961 3485 5018 nudo

1885 5068 2093 5115 tantum
2115 5055 2468 5129 professionis
2497 5065 2697 5112 nostra:
2722 5055 2984 5113 vocabulo
3005 5057 3320 5128 nuncupati,
3365 5056 3468 5113 sed

1887 5163 2096 5210 stantes
2123 5155 2175 5208 in
2199 5153 2362 5208 domo
2385 5153 2541 5222 ejus:
2569 5153 2678 5224 jam
2711 5167 2818 5208 non
2842 5150 2984 5223 vagi,
3009 5165 3184 5222 neque
3235 5149 3482 5220 erratici,

1884 5247 1980 5304 sed
2011 5245 2268 5303 stantium
2317 5244 2572 5301 ﬁrmitate
2616 5244 2838 5300 stabiliti
2870 5259 3083 5315 :neqne
3130 5244 3215 5314 (ά)
3245 5252 3488 5300 tantum-

1886 5341 2049 5399 modo
2076 5349 2307 5409 stautes,
2330 5339 2427 5397 sed
2453 5337 2701 5397 etiamin
2737 5341 2880 5394 atrio
2901 5337 3110 5394 Domini
3142 5338 3236 5394 Dei
3257 5339 3430 5395 nostri
3460 5357 3478 5408 ;

1884 5437 2115 5493 internae
2140 5434 2324 5507 potius
2351 5445 2407 5491 et
2432 5435 2625 5491 mediae
2654 5433 2848 5488 domus
2873 5430 3006 5487 sede
3055 5433 3316 5503 suscepti.
3376 5431 3483 5490 Per

1883 5599 2081 5654 dantur
2109 5613 2177 5653 ex
2205 5596 2393 5653 codice
2421 5596 2621 5652 Turou.

1961 5669 2042 5744 (ά)
2066 5669 2229 5744 Editi,
2262 5679 2459 5744 tantum
2481 5669 2533 5721 in
2555 5667 2721 5744 domo.
2741 5662 3085 5744 Yeriusjmss.
3113 5665 3484 5744 tantummodo.

1894 5735 1992 5799 Hic
2015 5735 2245 5797 sumitur
2267 5741 2546 5796 dumtaxat
2565 5737 2704 5808 quod
2726 5737 2929 5793 dictum
2960 5744 3099 5802 erat,
3142 5743 3199 5791 ut
3219 5735 3288 5790 ad
3316 5735 3487 5793 subli-

1897 5814 2038 5869 mins
2058 5811 2184 5885 quid
2229 5811 2424 5884 gradus
2446 5809 2555 5864 ﬁat.
