  <div class='ocr_page' id='page_1' title='image "/cluster/home/n/w/nwhite01/storage/ocr_20150623/9/hvd.32044015471261/395.png"; bbox 0 0 3896 6336; ppageno 0'>
   <div class='ocr_carea' id='block_1_1' title="bbox 456 279 562 334">
    <p class='ocr_par' dir='ltr' id='par_1_1' title="bbox 456 279 562 334">
     <span class='ocr_line' id='line_1_1' title="bbox 456 279 562 334; baseline -0.028 0"><span class='ocrx_word' id='word_1_1' title='bbox 456 279 562 334; x_wconf 73' lang='lat'><strong>755</strong></span> 
     </span>
    </p>
   </div>
   <div class='ocr_carea' id='block_1_2' title="bbox 1683 265 3712 348">
    <p class='ocr_par' dir='ltr' id='par_1_2' title="bbox 1683 265 3712 348">
     <span class='ocr_line' id='line_1_2' title="bbox 1683 265 3712 348; baseline 0.01 -22"><span class='ocrx_word' id='word_1_2' title='bbox 1683 265 1924 336; x_wconf 69' lang='lat' dir='ltr'><strong>SANLJTI</strong></span> <span class='ocrx_word' id='word_1_3' title='bbox 1966 267 2219 328; x_wconf 76' lang='lat' dir='ltr'><strong>HlLAllll</strong></span> <span class='ocrx_word' id='word_1_4' title='bbox 2252 271 2555 331; x_wconf 80' lang='lat' dir='ltr'><strong>EPISCOPI</strong></span> <span class='ocrx_word' id='word_1_5' title='bbox 3633 291 3712 348; x_wconf 67' lang='grc' dir='ltr'><strong>τες</strong></span> 
     </span>
    </p>
   </div>
   <div class='ocr_carea' id='block_1_3' title="bbox 456 387 3710 477">
    <p class='ocr_par' dir='ltr' id='par_1_3' title="bbox 456 387 3710 477">
     <span class='ocr_line' id='line_1_3' title="bbox 456 387 3710 477; baseline 0.002 -24"><span class='ocrx_word' id='word_1_6' title='bbox 456 399 602 453; x_wconf 86' lang='lat' dir='ltr'><strong>hunc</strong></span> <span class='ocrx_word' id='word_1_7' title='bbox 629 391 794 464; x_wconf 81' lang='lat' dir='ltr'><strong>igitur</strong></span> <span class='ocrx_word' id='word_1_8' title='bbox 811 390 1054 446; x_wconf 87' lang='lat' dir='ltr'><strong>ordinem</strong></span> <span class='ocrx_word' id='word_1_9' title='bbox 1078 403 1108 443; x_wconf 92' lang='lat' dir='ltr'><strong>a</strong></span> <span class='ocrx_word' id='word_1_10' title='bbox 1131 388 1309 443; x_wconf 79' lang='lat' dir='ltr'><strong>servis</strong></span> <span class='ocrx_word' id='word_1_11' title='bbox 1327 394 1381 444; x_wconf 89' lang='lat' dir='ltr'><strong>et</strong></span> <span class='ocrx_word' id='word_1_12' title='bbox 1407 401 1437 442; x_wconf 88' lang='lat' dir='ltr'><strong>a</strong></span> <span class='ocrx_word' id='word_1_13' title='bbox 1466 387 1732 443; x_wconf 75' lang='lat' dir='ltr'><strong>stantibus</strong></span> <span class='ocrx_word' id='word_1_14' title='bbox 1781 388 1834 443; x_wconf 89' lang='lat' dir='ltr'><strong>in</strong></span> <span class='ocrx_word' id='word_1_15' title='bbox 1885 387 2050 444; x_wconf 88' lang='lat' dir='ltr'><strong>dumo</strong></span> <span class='ocrx_word' id='word_1_16' title='bbox 2076 393 2129 452; x_wconf 79' lang='grc' dir='ltr'><strong>Α</strong></span> <span class='ocrx_word' id='word_1_17' title='bbox 2154 389 2530 461; x_wconf 80' lang='lat' dir='ltr'><strong>deSperatione</strong></span> <span class='ocrx_word' id='word_1_18' title='bbox 2557 393 2629 464; x_wconf 85' lang='lat' dir='ltr'><strong>(c)</strong></span> <span class='ocrx_word' id='word_1_19' title='bbox 2659 394 2885 462; x_wconf 76' lang='lat' dir='ltr'><strong>venalis,</strong></span> <span class='ocrx_word' id='word_1_20' title='bbox 2916 395 3275 468; x_wconf 89' lang='lat' dir='ltr'><strong>abripientem</strong></span> <span class='ocrx_word' id='word_1_21' title='bbox 3304 398 3710 477; x_wconf 72' lang='lat' dir='ltr'><strong>benedictionem,</strong></span> 
     </span>
    </p>
   </div>
   <div class='ocr_carea' id='block_1_4' title="bbox 453 487 1332 564">
    <p class='ocr_par' dir='ltr' id='par_1_4' title="bbox 453 487 1332 564">
     <span class='ocr_line' id='line_1_4' title="bbox 453 487 1332 564; baseline -0.009 -16"><span class='ocrx_word' id='word_1_22' title='bbox 453 502 619 564; x_wconf 87' lang='lat' dir='ltr'><strong>atque</strong></span> <span class='ocrx_word' id='word_1_23' title='bbox 647 493 699 547; x_wconf 91' lang='lat' dir='ltr'><strong>in</strong></span> <span class='ocrx_word' id='word_1_24' title='bbox 725 490 864 546; x_wconf 90' lang='lat' dir='ltr'><strong>atrio</strong></span> <span class='ocrx_word' id='word_1_25' title='bbox 887 490 1000 544; x_wconf 88' lang='lat' dir='ltr'><strong>laus</strong></span> <span class='ocrx_word' id='word_1_26' title='bbox 1031 487 1332 542; x_wconf 79' lang='lat' dir='ltr'><strong>inchoatur.</strong></span> 
     </span>
    </p>
   </div>
   <div class='ocr_carea' id='block_1_5' title="bbox 530 575 2051 656">
    <p class='ocr_par' dir='ltr' id='par_1_5' title="bbox 530 575 2051 656">
     <span class='ocr_line' id='line_1_5' title="bbox 530 575 2051 656; baseline -0.004 -15"><span class='ocrx_word' id='word_1_27' title='bbox 530 594 584 641; x_wconf 75' lang='lat'><strong>4.</strong></span> <span class='ocrx_word' id='word_1_28' title='bbox 605 584 929 656; x_wconf 85' lang='lat' dir='ltr'><strong>Benignitate</strong></span> <span class='ocrx_word' id='word_1_29' title='bbox 944 580 1041 635; x_wconf 86' lang='lat' dir='ltr'><strong>Dei</strong></span> <span class='ocrx_word' id='word_1_30' title='bbox 1059 597 1280 651; x_wconf 81' lang='lat' dir='ltr'><strong>egemus.</strong></span> <span class='ocrx_word' id='word_1_31' title='bbox 1307 575 1542 635; x_wconf 84' lang='lat' dir='ltr'><strong>Psallere</strong></span> <span class='ocrx_word' id='word_1_32' title='bbox 1559 579 1772 652; x_wconf 82' lang='lat' dir='ltr'><strong>quid.-</strong></span> <span class='ocrx_word' id='word_1_33' title='bbox 1801 578 2051 636; x_wconf 85' lang='lat' dir='ltr'><strong>Laudan-</strong></span> 
     </span>
    </p>
   </div>
   <div class='ocr_carea' id='block_1_6' title="bbox 452 674 2052 748">
    <p class='ocr_par' dir='ltr' id='par_1_6' title="bbox 452 674 2052 748">
     <span class='ocr_line' id='line_1_6' title="bbox 452 674 2052 748; baseline -0.003 -12"><span class='ocrx_word' id='word_1_34' title='bbox 452 680 556 736; x_wconf 87' lang='lat' dir='ltr'><strong>dus</strong></span> <span class='ocrx_word' id='word_1_35' title='bbox 571 679 712 735; x_wconf 89' lang='lat' dir='ltr'><strong>Deus</strong></span> <span class='ocrx_word' id='word_1_36' title='bbox 735 676 805 732; x_wconf 88' lang='lat' dir='ltr'><strong>ob</strong></span> <span class='ocrx_word' id='word_1_37' title='bbox 827 676 878 732; x_wconf 89' lang='lat' dir='ltr'><strong>id</strong></span> <span class='ocrx_word' id='word_1_38' title='bbox 896 685 998 744; x_wconf 89' lang='lat' dir='ltr'><strong>est,</strong></span> <span class='ocrx_word' id='word_1_39' title='bbox 1025 677 1144 746; x_wconf 83' lang='lat' dir='ltr'><strong>quia</strong></span> <span class='ocrx_word' id='word_1_40' title='bbox 1164 674 1422 746; x_wconf 88' lang='lat' dir='ltr'><strong>benignus</strong></span> <span class='ocrx_word' id='word_1_41' title='bbox 1441 686 1544 730; x_wconf 91' lang='lat' dir='ltr'><strong>est.</strong></span> <span class='ocrx_word' id='word_1_42' title='bbox 1567 674 1702 730; x_wconf 85' lang='lat' dir='ltr'><strong>Nam</strong></span> <span class='ocrx_word' id='word_1_43' title='bbox 1727 685 1782 730; x_wconf 90' lang='lat' dir='ltr'><strong>ut</strong></span> <span class='ocrx_word' id='word_1_44' title='bbox 1802 677 2052 748; x_wconf 83' lang='lat' dir='ltr'><strong>omnipo-</strong></span> 
     </span>
    </p>
   </div>
   <div class='ocr_carea' id='block_1_7' title="bbox 454 758 2046 842">
    <p class='ocr_par' dir='ltr' id='par_1_7' title="bbox 454 758 2046 842">
     <span class='ocr_line' id='line_1_7' title="bbox 454 758 2046 842; baseline -0.002 -12"><span class='ocrx_word' id='word_1_45' title='bbox 454 786 573 830; x_wconf 84' lang='lat' dir='ltr'><strong>lens</strong></span> <span class='ocrx_word' id='word_1_46' title='bbox 606 775 697 840; x_wconf 89' lang='lat' dir='ltr'><strong>sit,</strong></span> <span class='ocrx_word' id='word_1_47' title='bbox 729 758 931 827; x_wconf 70' lang='lat' dir='ltr'><strong>natnrm</strong></span> <span class='ocrx_word' id='word_1_48' title='bbox 949 786 1060 826; x_wconf 71' lang='lat' dir='ltr'><strong>suae</strong></span> <span class='ocrx_word' id='word_1_49' title='bbox 1095 770 1260 826; x_wconf 88' lang='lat' dir='ltr'><strong>virtus</strong></span> <span class='ocrx_word' id='word_1_50' title='bbox 1279 779 1363 826; x_wconf 89' lang='lat' dir='ltr'><strong>est</strong></span> <span class='ocrx_word' id='word_1_51' title='bbox 1389 789 1400 824; x_wconf 89' lang='lat'><strong>:</strong></span> <span class='ocrx_word' id='word_1_52' title='bbox 1429 780 1485 826; x_wconf 92' lang='lat' dir='ltr'><strong>ut</strong></span> <span class='ocrx_word' id='word_1_53' title='bbox 1514 786 1641 826; x_wconf 87' lang='lat' dir='ltr'><strong>vero</strong></span> <span class='ocrx_word' id='word_1_54' title='bbox 1665 770 1928 842; x_wconf 86' lang='lat' dir='ltr'><strong>benignus</strong></span> <span class='ocrx_word' id='word_1_55' title='bbox 1955 773 2046 841; x_wconf 88' lang='lat' dir='ltr'><strong>sit,</strong></span> 
     </span>
    </p>
   </div>
   <div class='ocr_carea' id='block_1_8' title="bbox 353 862 2052 934">
    <p class='ocr_par' dir='ltr' id='par_1_8' title="bbox 353 862 2052 934">
     <span class='ocr_line' id='line_1_8' title="bbox 353 862 2052 934; baseline -0.001 -12"><span class='ocrx_word' id='word_1_56' title='bbox 353 866 356 869; x_wconf 85' lang='grc'><em>’</em></span> <span class='ocrx_word' id='word_1_57' title='bbox 450 864 611 922; x_wconf 88' lang='lat' dir='ltr'><strong>nobis</strong></span> <span class='ocrx_word' id='word_1_58' title='bbox 641 865 1005 920; x_wconf 85' lang='lat' dir='ltr'><strong>necessarium</strong></span> <span class='ocrx_word' id='word_1_59' title='bbox 1050 874 1168 928; x_wconf 92' lang='lat' dir='ltr'><strong>est,</strong></span> <span class='ocrx_word' id='word_1_60' title='bbox 1219 878 1357 934; x_wconf 91' lang='lat' dir='ltr'><strong>quos</strong></span> <span class='ocrx_word' id='word_1_61' title='bbox 1397 862 1646 934; x_wconf 84' lang='lat' dir='ltr'><strong>corporis</strong></span> <span class='ocrx_word' id='word_1_62' title='bbox 1686 863 1973 919; x_wconf 87' lang='lat' dir='ltr'><strong>infirmitas</strong></span> <span class='ocrx_word' id='word_1_63' title='bbox 1997 874 2052 920; x_wconf 88' lang='lat' dir='ltr'><strong>et</strong></span> 
     </span>
    </p>
   </div>
   <div class='ocr_carea' id='block_1_9' title="bbox 449 955 2050 1028">
    <p class='ocr_par' dir='ltr' id='par_1_9' title="bbox 449 955 2050 1028">
     <span class='ocr_line' id='line_1_9' title="bbox 449 955 2050 1028; baseline -0.001 -14"><span class='ocrx_word' id='word_1_64' title='bbox 449 959 688 1014; x_wconf 88' lang='lat' dir='ltr'><strong>conditio</strong></span> <span class='ocrx_word' id='word_1_65' title='bbox 710 956 934 1028; x_wconf 84' lang='lat' dir='ltr'><strong>originis</strong></span> <span class='ocrx_word' id='word_1_66' title='bbox 966 955 1017 1011; x_wconf 91' lang='lat' dir='ltr'><strong>in</strong></span> <span class='ocrx_word' id='word_1_67' title='bbox 1055 956 1290 1027; x_wconf 81' lang='lat' dir='ltr'><strong>peccatis</strong></span> <span class='ocrx_word' id='word_1_68' title='bbox 1311 955 1537 1012; x_wconf 87' lang='lat' dir='ltr'><strong>detittet.</strong></span> <span class='ocrx_word' id='word_1_69' title='bbox 1565 957 1628 1011; x_wconf 83' lang='lat' dir='ltr'><strong>Et</strong></span> <span class='ocrx_word' id='word_1_70' title='bbox 1659 957 1788 1025; x_wconf 90' lang='lat' dir='ltr'><strong>quid</strong></span> <span class='ocrx_word' id='word_1_71' title='bbox 1821 957 1936 1028; x_wconf 85' lang='lat' dir='ltr'><strong>spei</strong></span> <span class='ocrx_word' id='word_1_72' title='bbox 1965 967 2050 1013; x_wconf 91' lang='lat' dir='ltr'><strong>est</strong></span> 
     </span>
    </p>
   </div>
   <div class='ocr_carea' id='block_1_10' title="bbox 446 1048 2046 1130">
    <p class='ocr_par' dir='ltr' id='par_1_10' title="bbox 446 1048 2046 1130">
     <span class='ocr_line' id='line_1_10' title="bbox 446 1048 2046 1130; baseline -0.003 -22"><span class='ocrx_word' id='word_1_73' title='bbox 446 1049 698 1108; x_wconf 70' lang='lat' dir='ltr'><strong>humanis</strong></span> <span class='ocrx_word' id='word_1_74' title='bbox 721 1050 961 1113; x_wconf 88' lang='lat' dir='ltr'><strong>delictis,</strong></span> <span class='ocrx_word' id='word_1_75' title='bbox 1007 1050 1050 1104; x_wconf 87' lang='lat' dir='ltr'><strong>si</strong></span> <span class='ocrx_word' id='word_1_76' title='bbox 1091 1048 1395 1120; x_wconf 79' lang='lat' dir='ltr'><strong>benignitas</strong></span> <span class='ocrx_word' id='word_1_77' title='bbox 1456 1049 1534 1120; x_wconf 90' lang='lat' dir='ltr'><strong>(a)</strong></span> <span class='ocrx_word' id='word_1_78' title='bbox 1570 1050 1678 1104; x_wconf 90' lang='lat' dir='ltr'><strong>Deo</strong></span> <span class='ocrx_word' id='word_1_79' title='bbox 1707 1049 1844 1104; x_wconf 91' lang='lat' dir='ltr'><strong>absit</strong></span> <span class='ocrx_word' id='word_1_80' title='bbox 1865 1051 1898 1130; x_wconf 25' lang='lat'><strong>?‘</strong></span> <span class='ocrx_word' id='word_1_81' title='bbox 1938 1049 2046 1106; x_wconf 88' lang='lat' dir='ltr'><strong>Sed</strong></span> 
     </span>
    </p>
   </div>
   <div class='ocr_carea' id='block_1_11' title="bbox 446 1142 2045 1211">
    <p class='ocr_par' dir='ltr' id='par_1_11' title="bbox 446 1142 2045 1211">
     <span class='ocr_line' id='line_1_11' title="bbox 446 1142 2045 1211; baseline -0.004 -10"><span class='ocrx_word' id='word_1_82' title='bbox 446 1144 713 1201; x_wconf 85' lang='lat' dir='ltr'><strong>dictorum</strong></span> <span class='ocrx_word' id='word_1_83' title='bbox 738 1143 876 1198; x_wconf 82' lang='lat' dir='ltr'><strong>ratio</strong></span> <span class='ocrx_word' id='word_1_84' title='bbox 890 1142 1282 1198; x_wconf 86' lang='lat' dir='ltr'><strong>consideranda</strong></span> <span class='ocrx_word' id='word_1_85' title='bbox 1306 1148 1391 1196; x_wconf 86' lang='lat' dir='ltr'><strong>est</strong></span> <span class='ocrx_word' id='word_1_86' title='bbox 1415 1159 1427 1194; x_wconf 90' lang='lat'><strong>:</strong></span> <span class='ocrx_word' id='word_1_87' title='bbox 1450 1156 1681 1211; x_wconf 90' lang='lat' dir='ltr'><strong>namque</strong></span> <span class='ocrx_word' id='word_1_88' title='bbox 1704 1142 1792 1211; x_wconf 88' lang='lat' dir='ltr'><strong>qui</strong></span> <span class='ocrx_word' id='word_1_89' title='bbox 1820 1143 2045 1196; x_wconf 91' lang='lat' dir='ltr'><strong>laudan-</strong></span> 
     </span>
    </p>
   </div>
   <div class='ocr_carea' id='block_1_12' title="bbox 444 1235 2046 1309">
    <p class='ocr_par' dir='ltr' id='par_1_12' title="bbox 444 1235 2046 1309">
     <span class='ocr_line' id='line_1_12' title="bbox 444 1235 2046 1309; baseline -0.002 -13"><span class='ocrx_word' id='word_1_90' title='bbox 444 1240 550 1296; x_wconf 89' lang='lat' dir='ltr'><strong>dus</strong></span> <span class='ocrx_word' id='word_1_91' title='bbox 572 1247 674 1305; x_wconf 90' lang='lat' dir='ltr'><strong>est,</strong></span> <span class='ocrx_word' id='word_1_92' title='bbox 704 1239 828 1309; x_wconf 91' lang='lat' dir='ltr'><strong>quia</strong></span> <span class='ocrx_word' id='word_1_93' title='bbox 858 1237 1121 1308; x_wconf 87' lang='lat' dir='ltr'><strong>benignus</strong></span> <span class='ocrx_word' id='word_1_94' title='bbox 1149 1245 1233 1293; x_wconf 87' lang='lat' dir='ltr'><strong>est</strong></span> <span class='ocrx_word' id='word_1_95' title='bbox 1258 1255 1269 1290; x_wconf 89' lang='lat'><strong>:</strong></span> <span class='ocrx_word' id='word_1_96' title='bbox 1301 1235 1639 1308; x_wconf 89' lang='lat' dir='ltr'><strong>psallendum</strong></span> <span class='ocrx_word' id='word_1_97' title='bbox 1674 1237 1880 1291; x_wconf 87' lang='lat' dir='ltr'><strong>nomini</strong></span> <span class='ocrx_word' id='word_1_98' title='bbox 1927 1237 2046 1306; x_wconf 87' lang='lat' dir='ltr'><strong>ejus</strong></span> 
     </span>
    </p>
   </div>
   <div class='ocr_carea' id='block_1_13' title="bbox 444 1330 2048 1404">
    <p class='ocr_par' dir='ltr' id='par_1_13' title="bbox 444 1330 2048 1404">
     <span class='ocr_line' id='line_1_13' title="bbox 444 1330 2048 1404; baseline -0.004 -12"><span class='ocrx_word' id='word_1_99' title='bbox 444 1343 548 1402; x_wconf 91' lang='lat' dir='ltr'><strong>est,</strong></span> <span class='ocrx_word' id='word_1_100' title='bbox 575 1338 698 1404; x_wconf 85' lang='lat' dir='ltr'><strong>quia</strong></span> <span class='ocrx_word' id='word_1_101' title='bbox 724 1349 889 1388; x_wconf 87' lang='lat' dir='ltr'><strong>suave</strong></span> <span class='ocrx_word' id='word_1_102' title='bbox 917 1342 1018 1388; x_wconf 88' lang='lat' dir='ltr'><strong>est.</strong></span> <span class='ocrx_word' id='word_1_103' title='bbox 1055 1330 1277 1387; x_wconf 85' lang='lat' dir='ltr'><strong>Psallite</strong></span> <span class='ocrx_word' id='word_1_104' title='bbox 1325 1331 1488 1404; x_wconf 74' lang='lat'><strong>528</strong></span> <span class='ocrx_word' id='word_1_105' title='bbox 1530 1330 1725 1385; x_wconf 78' lang='lat' dir='ltr'><strong>nomini</strong></span> <span class='ocrx_word' id='word_1_106' title='bbox 1751 1335 1885 1401; x_wconf 86' lang='lat' dir='ltr'><strong>ejus,</strong></span> <span class='ocrx_word' id='word_1_107' title='bbox 1920 1347 2048 1401; x_wconf 87' lang='lat' dir='ltr'><strong>quo-</strong></span> 
     </span>
    </p>
   </div>
   <div class='ocr_carea' id='block_1_14' title="bbox 441 1421 2044 1501">
    <p class='ocr_par' dir='ltr' id='par_1_14' title="bbox 441 1421 2044 1501">
     <span class='ocr_line' id='line_1_14' title="bbox 441 1421 2044 1501; baseline -0.001 -20"><span class='ocrx_word' id='word_1_108' title='bbox 441 1427 586 1482; x_wconf 84' lang='lat' dir='ltr'><strong>niam</strong></span> <span class='ocrx_word' id='word_1_109' title='bbox 611 1442 760 1481; x_wconf 83' lang='lat' dir='ltr'><strong>svave</strong></span> <span class='ocrx_word' id='word_1_110' title='bbox 784 1434 883 1482; x_wconf 85' lang='lat' dir='ltr'><strong>est.</strong></span> <span class='ocrx_word' id='word_1_111' title='bbox 913 1423 1134 1480; x_wconf 77' lang='lat' dir='ltr'><strong>Psallite</strong></span> <span class='ocrx_word' id='word_1_112' title='bbox 1167 1423 1256 1478; x_wconf 91' lang='lat' dir='ltr'><strong>ubi</strong></span> <span class='ocrx_word' id='word_1_113' title='bbox 1285 1423 1505 1489; x_wconf 89' lang='lat' dir='ltr'><strong>dicitur,</strong></span> <span class='ocrx_word' id='word_1_114' title='bbox 1539 1421 1603 1477; x_wconf 91' lang='lat' dir='ltr'><strong>ad</strong></span> <span class='ocrx_word' id='word_1_115' title='bbox 1631 1423 1878 1493; x_wconf 90' lang='lat' dir='ltr'><strong>corporis</strong></span> <span class='ocrx_word' id='word_1_116' title='bbox 1908 1439 2044 1501; x_wconf 79' lang='lat' dir='ltr'><strong>ope-</strong></span> 
     </span>
    </p>
   </div>
   <div class='ocr_carea' id='block_1_15' title="bbox 441 1518 2044 1592">
    <p class='ocr_par' dir='ltr' id='par_1_15' title="bbox 441 1518 2044 1592">
     <span class='ocr_line' id='line_1_15' title="bbox 441 1518 2044 1592; baseline -0.004 -12"><span class='ocrx_word' id='word_1_117' title='bbox 441 1540 502 1580; x_wconf 84' lang='lat' dir='ltr'><strong>ra</strong></span> <span class='ocrx_word' id='word_1_118' title='bbox 532 1522 769 1580; x_wconf 76' lang='lat' dir='ltr'><strong>refertur</strong></span> <span class='ocrx_word' id='word_1_119' title='bbox 802 1543 814 1579; x_wconf 92' lang='lat'>:</span> <span class='ocrx_word' id='word_1_120' title='bbox 846 1529 905 1577; x_wconf 89' lang='lat' dir='ltr'><strong>ut</strong></span> <span class='ocrx_word' id='word_1_121' title='bbox 932 1537 1026 1592; x_wconf 87' lang='lat' dir='ltr'><strong>per</strong></span> <span class='ocrx_word' id='word_1_122' title='bbox 1046 1519 1236 1591; x_wconf 81' lang='lat' dir='ltr'><strong>organi</strong></span> <span class='ocrx_word' id='word_1_123' title='bbox 1277 1519 1444 1574; x_wconf 88' lang='lat' dir='ltr'><strong>nostri</strong></span> <span class='ocrx_word' id='word_1_124' title='bbox 1471 1559 1485 1584; x_wconf 92' lang='lat'><strong>,</strong></span> <span class='ocrx_word' id='word_1_125' title='bbox 1531 1518 1584 1573; x_wconf 89' lang='lat' dir='ltr'><strong>id</strong></span> <span class='ocrx_word' id='word_1_126' title='bbox 1635 1526 1749 1585; x_wconf 86' lang='lat' dir='ltr'><strong>est,</strong></span> <span class='ocrx_word' id='word_1_127' title='bbox 1799 1519 2044 1590; x_wconf 90' lang='lat' dir='ltr'><strong>corporis</strong></span> 
     </span>
    </p>
   </div>
   <div class='ocr_carea' id='block_1_16' title="bbox 439 1610 2044 1686">
    <p class='ocr_par' dir='ltr' id='par_1_16' title="bbox 439 1610 2044 1686">
     <span class='ocr_line' id='line_1_16' title="bbox 439 1610 2044 1686; baseline -0.003 -13"><span class='ocrx_word' id='word_1_128' title='bbox 439 1614 760 1673; x_wconf 90' lang='lat' dir='ltr'><strong>multimoda</strong></span> <span class='ocrx_word' id='word_1_129' title='bbox 783 1629 974 1686; x_wconf 83' lang='lat' dir='ltr'><strong>Opera,</strong></span> <span class='ocrx_word' id='word_1_130' title='bbox 1007 1627 1314 1668; x_wconf 83' lang='lat' dir='ltr'><strong>consonans</strong></span> <span class='ocrx_word' id='word_1_131' title='bbox 1342 1611 1454 1666; x_wconf 89' lang='lat' dir='ltr'><strong>Deo</strong></span> <span class='ocrx_word' id='word_1_132' title='bbox 1478 1611 1568 1665; x_wconf 91' lang='lat' dir='ltr'><strong>ﬁat</strong></span> <span class='ocrx_word' id='word_1_133' title='bbox 1589 1620 1642 1666; x_wconf 92' lang='lat' dir='ltr'><strong>et</strong></span> <span class='ocrx_word' id='word_1_134' title='bbox 1664 1622 1784 1681; x_wconf 90' lang='lat' dir='ltr'><strong>apta</strong></span> <span class='ocrx_word' id='word_1_135' title='bbox 1806 1610 2044 1668; x_wconf 86' lang='lat' dir='ltr'><strong>laudatio</strong></span> 
     </span>
    </p>
   </div>
   <div class='ocr_carea' id='block_1_17' title="bbox 2157 483 3713 566">
    <p class='ocr_par' dir='ltr' id='par_1_17' title="bbox 2157 483 3713 566">
     <span class='ocr_line' id='line_1_17' title="bbox 2157 483 3713 566; baseline 0.007 -28"><span class='ocrx_word' id='word_1_136' title='bbox 2157 483 2587 554; x_wconf 73' lang='lat' dir='ltr'><strong>impmnitentem</strong></span> <span class='ocrx_word' id='word_1_137' title='bbox 2612 484 2693 558; x_wconf 79' lang='grc' dir='ltr'><strong>(ά)</strong></span> <span class='ocrx_word' id='word_1_138' title='bbox 2725 496 2849 558; x_wconf 86' lang='lat' dir='ltr'><strong>post</strong></span> <span class='ocrx_word' id='word_1_139' title='bbox 2869 491 3210 558; x_wconf 82' lang='lat' dir='ltr'><strong>servitutem,</strong></span> <span class='ocrx_word' id='word_1_140' title='bbox 3247 492 3450 551; x_wconf 88' lang='lat' dir='ltr'><strong>deinde</strong></span> <span class='ocrx_word' id='word_1_141' title='bbox 3486 510 3592 566; x_wconf 84' lang='lat' dir='ltr'><strong>post</strong></span> <span class='ocrx_word' id='word_1_142' title='bbox 3623 503 3713 560; x_wconf 74' lang='lat' dir='ltr'><strong>lue.</strong></span> 
     </span>
    </p>
   </div>
   <div class='ocr_carea' id='block_1_18' title="bbox 2159 579 3715 655">
    <p class='ocr_par' dir='ltr' id='par_1_18' title="bbox 2159 579 3715 655">
     <span class='ocr_line' id='line_1_18' title="bbox 2159 579 3715 655; baseline 0.014 -25"><span class='ocrx_word' id='word_1_143' title='bbox 2159 587 2266 632; x_wconf 89' lang='lat' dir='ltr'><strong>tam</strong></span> <span class='ocrx_word' id='word_1_144' title='bbox 2317 579 2484 633; x_wconf 91' lang='lat' dir='ltr'><strong>Deum</strong></span> <span class='ocrx_word' id='word_1_145' title='bbox 2534 579 2806 635; x_wconf 82' lang='lat' dir='ltr'><strong>videntem</strong></span> <span class='ocrx_word' id='word_1_146' title='bbox 2849 591 2903 636; x_wconf 91' lang='lat' dir='ltr'><strong>et</strong></span> <span class='ocrx_word' id='word_1_147' title='bbox 2950 581 3119 639; x_wconf 70' lang='lat' dir='ltr'><strong>l~rael</strong></span> <span class='ocrx_word' id='word_1_148' title='bbox 3168 599 3555 655; x_wconf 90' lang='lat' dir='ltr'><strong>nuncupatum.</strong></span> <span class='ocrx_word' id='word_1_149' title='bbox 3603 595 3715 655; x_wconf 72' lang='lat' dir='ltr'><strong>Ante</strong></span> 
     </span>
    </p>
   </div>
   <div class='ocr_carea' id='block_1_19' title="bbox 2155 671 3714 750">
    <p class='ocr_par' dir='ltr' id='par_1_19' title="bbox 2155 671 3714 750">
     <span class='ocr_line' id='line_1_19' title="bbox 2155 671 3714 750; baseline 0.006 -24"><span class='ocrx_word' id='word_1_150' title='bbox 2155 672 2298 726; x_wconf 91' lang='lat' dir='ltr'><strong>enim</strong></span> <span class='ocrx_word' id='word_1_151' title='bbox 2319 671 2486 726; x_wconf 86' lang='lat' dir='ltr'><strong>Jacob</strong></span> <span class='ocrx_word' id='word_1_152' title='bbox 2515 682 2619 738; x_wconf 89' lang='lat' dir='ltr'><strong>est,</strong></span> <span class='ocrx_word' id='word_1_153' title='bbox 2644 684 2696 727; x_wconf 90' lang='lat' dir='ltr'><strong>et</strong></span> <span class='ocrx_word' id='word_1_154' title='bbox 2725 675 2801 729; x_wconf 91' lang='lat' dir='ltr'><strong>sic</strong></span> <span class='ocrx_word' id='word_1_155' title='bbox 2824 675 3010 732; x_wconf 84' lang='lat' dir='ltr'><strong>Israel.</strong></span> <span class='ocrx_word' id='word_1_156' title='bbox 3035 677 3548 750; x_wconf 80' lang='lat' dir='ltr'><strong>Circumspiciamus</strong></span> <span class='ocrx_word' id='word_1_157' title='bbox 3561 685 3714 747; x_wconf 77' lang='lat' dir='ltr'><strong>Eccle.</strong></span> 
     </span>
    </p>
   </div>
   <div class='ocr_carea' id='block_1_20' title="bbox 2155 765 3717 839">
    <p class='ocr_par' dir='ltr' id='par_1_20' title="bbox 2155 765 3717 839">
     <span class='ocr_line' id='line_1_20' title="bbox 2155 765 3717 839; baseline 0.008 -20"><span class='ocrx_word' id='word_1_158' title='bbox 2155 765 2251 819; x_wconf 75' lang='lat' dir='ltr'><strong>size</strong></span> <span class='ocrx_word' id='word_1_159' title='bbox 2283 781 2502 835; x_wconf 89' lang='lat' dir='ltr'><strong>corpus,</strong></span> <span class='ocrx_word' id='word_1_160' title='bbox 2528 781 2649 835; x_wconf 68' lang='lat' dir='ltr'><strong>qum</strong></span> <span class='ocrx_word' id='word_1_161' title='bbox 2674 765 2746 838; x_wconf 80' lang='grc' dir='ltr'><strong>(ε)</strong></span> <span class='ocrx_word' id='word_1_162' title='bbox 2775 782 2832 823; x_wconf 91' lang='lat' dir='ltr'><strong>se</strong></span> <span class='ocrx_word' id='word_1_163' title='bbox 2859 783 2953 838; x_wconf 90' lang='lat' dir='ltr'><strong>per</strong></span> <span class='ocrx_word' id='word_1_164' title='bbox 2975 768 3343 826; x_wconf 82' lang='lat' dir='ltr'><strong>dill‘erentiam</strong></span> <span class='ocrx_word' id='word_1_165' title='bbox 3369 775 3491 830; x_wconf 88' lang='lat' dir='ltr'><strong>ﬁdei</strong></span> <span class='ocrx_word' id='word_1_166' title='bbox 3512 785 3562 832; x_wconf 85' lang='lat' dir='ltr'><strong>et</strong></span> <span class='ocrx_word' id='word_1_167' title='bbox 3582 779 3717 839; x_wconf 69' lang='lat' dir='ltr'><strong>Iacob</strong></span> 
     </span>
    </p>
   </div>
   <div class='ocr_carea' id='block_1_21' title="bbox 2154 857 3718 945">
    <p class='ocr_par' dir='ltr' id='par_1_21' title="bbox 2154 857 3718 945">
     <span class='ocr_line' id='line_1_21' title="bbox 2154 857 3718 945; baseline 0.011 -34"><span class='ocrx_word' id='word_1_168' title='bbox 2154 869 2207 912; x_wconf 90' lang='lat' dir='ltr'><strong>et</strong></span> <span class='ocrx_word' id='word_1_169' title='bbox 2233 857 2394 912; x_wconf 86' lang='lat' dir='ltr'><strong>Israel</strong></span> <span class='ocrx_word' id='word_1_170' title='bbox 2429 857 2610 913; x_wconf 88' lang='lat' dir='ltr'><strong>habet.</strong></span> <span class='ocrx_word' id='word_1_171' title='bbox 2643 859 2710 913; x_wconf 85' lang='lat' dir='ltr'><strong>Et</strong></span> <span class='ocrx_word' id='word_1_172' title='bbox 2740 858 2828 914; x_wconf 90' lang='lat' dir='ltr'><strong>hic</strong></span> <span class='ocrx_word' id='word_1_173' title='bbox 2853 871 3025 917; x_wconf 72' lang='lat' dir='ltr'><strong>cmtus</strong></span> <span class='ocrx_word' id='word_1_174' title='bbox 3055 863 3314 934; x_wconf 84' lang='lat' dir='ltr'><strong>populum</strong></span> <span class='ocrx_word' id='word_1_175' title='bbox 3347 865 3485 937; x_wconf 82' lang='lat' dir='ltr'><strong>legis</strong></span> <span class='ocrx_word' id='word_1_176' title='bbox 3510 869 3606 926; x_wconf 79' lang='lat' dir='ltr'><strong>[ide</strong></span> <span class='ocrx_word' id='word_1_177' title='bbox 3623 887 3718 945; x_wconf 79' lang='lat' dir='ltr'><strong>sup-</strong></span> 
     </span>
    </p>
   </div>
   <div class='ocr_carea' id='block_1_22' title="bbox 2155 951 3716 1037">
    <p class='ocr_par' dir='ltr' id='par_1_22' title="bbox 2155 951 3716 1037">
     <span class='ocr_line' id='line_1_22' title="bbox 2155 951 3716 1037; baseline 0.013 -34"><span class='ocrx_word' id='word_1_178' title='bbox 2155 951 2378 1021; x_wconf 87' lang='lat' dir='ltr'><strong>plantat,</strong></span> <span class='ocrx_word' id='word_1_179' title='bbox 2415 951 2679 1020; x_wconf 89' lang='lat' dir='ltr'><strong>primitias</strong></span> <span class='ocrx_word' id='word_1_180' title='bbox 2724 954 2844 1023; x_wconf 87' lang='lat' dir='ltr'><strong>ejus</strong></span> <span class='ocrx_word' id='word_1_181' title='bbox 2894 957 3126 1026; x_wconf 88' lang='lat' dir='ltr'><strong>accipit,</strong></span> <span class='ocrx_word' id='word_1_182' title='bbox 3175 959 3605 1020; x_wconf 86' lang='lat' dir='ltr'><strong>benedictionem</strong></span> <span class='ocrx_word' id='word_1_183' title='bbox 3624 968 3716 1037; x_wconf 82' lang='lat' dir='ltr'><strong>ejus</strong></span> 
     </span>
    </p>
   </div>
   <div class='ocr_carea' id='block_1_23' title="bbox 2157 1041 3717 1115">
    <p class='ocr_par' dir='ltr' id='par_1_23' title="bbox 2157 1041 3717 1115">
     <span class='ocr_line' id='line_1_23' title="bbox 2157 1041 3717 1115; baseline 0.012 -20"><span class='ocrx_word' id='word_1_184' title='bbox 2157 1041 2374 1112; x_wconf 88' lang='lat' dir='ltr'><strong>diripit,</strong></span> <span class='ocrx_word' id='word_1_185' title='bbox 2408 1045 2705 1098; x_wconf 90' lang='lat' dir='ltr'><strong>secundum</strong></span> <span class='ocrx_word' id='word_1_186' title='bbox 2728 1045 2942 1102; x_wconf 85' lang='lat' dir='ltr'><strong>Domini</strong></span> <span class='ocrx_word' id='word_1_187' title='bbox 2958 1047 3184 1115; x_wconf 90' lang='lat' dir='ltr'><strong>dictum,</strong></span> <span class='ocrx_word' id='word_1_188' title='bbox 3208 1050 3446 1108; x_wconf 84' lang='lat' dir='ltr'><strong>dicentis</strong></span> <span class='ocrx_word' id='word_1_189' title='bbox 3469 1072 3484 1106; x_wconf 91' lang='lat'><strong>:</strong></span> <span class='ocrx_word' id='word_1_190' title='bbox 3511 1057 3551 1109; x_wconf 85' lang='grc' dir='ltr'><em>Α</em></span> <span class='ocrx_word' id='word_1_191' title='bbox 3574 1057 3717 1114; x_wconf 74' lang='lat' dir='ltr'><strong>dicina</strong></span> 
     </span>
    </p>
   </div>
   <div class='ocr_carea' id='block_1_24' title="bbox 2151 1137 3715 1214">
    <p class='ocr_par' dir='ltr' id='par_1_24' title="bbox 2151 1137 3715 1214">
     <span class='ocr_line' id='line_1_24' title="bbox 2151 1137 3715 1214; baseline 0.009 -23"><span class='ocrx_word' id='word_1_192' title='bbox 2151 1147 2322 1191; x_wconf 88' lang='lat' dir='ltr'><strong>autem</strong></span> <span class='ocrx_word' id='word_1_193' title='bbox 2368 1137 2592 1192; x_wconf 77' lang='lat' dir='ltr'><strong>Joannis</strong></span> <span class='ocrx_word' id='word_1_194' title='bbox 2624 1155 2837 1210; x_wconf 86' lang='lat' dir='ltr'><strong>regnum</strong></span> <span class='ocrx_word' id='word_1_195' title='bbox 2856 1140 3101 1194; x_wconf 65' lang='lat' dir='ltr'><strong>calorum</strong></span> <span class='ocrx_word' id='word_1_196' title='bbox 3147 1142 3250 1196; x_wconf 84' lang='lat' dir='ltr'><strong>vim</strong></span> <span class='ocrx_word' id='word_1_197' title='bbox 3300 1146 3516 1214; x_wconf 79' lang='lat' dir='ltr'><strong>patitur,</strong></span> <span class='ocrx_word' id='word_1_198' title='bbox 3557 1156 3599 1203; x_wconf 80' lang='lat' dir='ltr'><strong>et</strong></span> <span class='ocrx_word' id='word_1_199' title='bbox 3638 1153 3715 1205; x_wconf 70' lang='lat' dir='ltr'><strong>sint</strong></span> 
     </span>
    </p>
   </div>
   <div class='ocr_carea' id='block_1_25' title="bbox 2153 1230 3717 1309">
    <p class='ocr_par' dir='ltr' id='par_1_25' title="bbox 2153 1230 3717 1309">
     <span class='ocr_line' id='line_1_25' title="bbox 2153 1230 3717 1309; baseline 0.01 -26"><span class='ocrx_word' id='word_1_200' title='bbox 2153 1230 2397 1301; x_wconf 81' lang='lat' dir='ltr'><strong>facientes</strong></span> <span class='ocrx_word' id='word_1_201' title='bbox 2425 1231 2678 1299; x_wconf 84' lang='lat' dir='ltr'><strong>diripiunt</strong></span> <span class='ocrx_word' id='word_1_202' title='bbox 2705 1231 2840 1285; x_wconf 81' lang='lat' dir='ltr'><strong>illud</strong></span> <span class='ocrx_word' id='word_1_203' title='bbox 2869 1231 3082 1305; x_wconf 82' lang='lat' dir='ltr'><strong>(Matth.</strong></span> <span class='ocrx_word' id='word_1_204' title='bbox 3120 1250 3194 1299; x_wconf 86' lang='lat' dir='ltr'><strong>xi,</strong></span> <span class='ocrx_word' id='word_1_205' title='bbox 3233 1236 3347 1309; x_wconf 70' lang='lat' dir='ltr'><strong>l2).</strong></span> <span class='ocrx_word' id='word_1_206' title='bbox 3370 1237 3538 1294; x_wconf 79' lang='lat' dir='ltr'><strong>Jacob</strong></span> <span class='ocrx_word' id='word_1_207' title='bbox 3555 1251 3717 1298; x_wconf 55' lang='lat' dir='ltr'><strong>mter.</strong></span> 
     </span>
    </p>
   </div>
   <div class='ocr_carea' id='block_1_26' title="bbox 2150 1325 3717 1406">
    <p class='ocr_par' dir='ltr' id='par_1_26' title="bbox 2150 1325 3717 1406">
     <span class='ocr_line' id='line_1_26' title="bbox 2150 1325 3717 1406; baseline 0.008 -27"><span class='ocrx_word' id='word_1_208' title='bbox 2150 1339 2218 1395; x_wconf 94' lang='lat' dir='ltr'><strong>go</strong></span> <span class='ocrx_word' id='word_1_209' title='bbox 2244 1326 2332 1395; x_wconf 89' lang='lat' dir='ltr'><strong>qui</strong></span> <span class='ocrx_word' id='word_1_210' title='bbox 2370 1325 2609 1396; x_wconf 88' lang='lat' dir='ltr'><strong>eligitur,</strong></span> <span class='ocrx_word' id='word_1_211' title='bbox 2641 1325 2868 1382; x_wconf 92' lang='lat' dir='ltr'><strong>Domino</strong></span> <span class='ocrx_word' id='word_1_212' title='bbox 2895 1327 3113 1384; x_wconf 80' lang='lat' dir='ltr'><strong>dicente</strong></span> <span class='ocrx_word' id='word_1_213' title='bbox 3145 1346 3161 1382; x_wconf 89' lang='lat'><strong>:</strong></span> <span class='ocrx_word' id='word_1_214' title='bbox 3191 1329 3305 1401; x_wconf 82' lang='lat' dir='ltr'><strong>Ego</strong></span> <span class='ocrx_word' id='word_1_215' title='bbox 3334 1347 3423 1387; x_wconf 82' lang='lat' dir='ltr'><strong>sos</strong></span> <span class='ocrx_word' id='word_1_216' title='bbox 3453 1333 3599 1406; x_wconf 67' lang='lat' dir='ltr'><strong>elegi,</strong></span> <span class='ocrx_word' id='word_1_217' title='bbox 3639 1353 3717 1392; x_wconf 72' lang='lat' dir='ltr'><strong>nos</strong></span> 
     </span>
    </p>
   </div>
   <div class='ocr_carea' id='block_1_27' title="bbox 2149 1416 3719 1494">
    <p class='ocr_par' dir='ltr' id='par_1_27' title="bbox 2149 1416 3719 1494">
     <span class='ocr_line' id='line_1_27' title="bbox 2149 1416 3719 1494; baseline 0.011 -24"><span class='ocrx_word' id='word_1_218' title='bbox 2149 1432 2239 1471; x_wconf 85' lang='lat' dir='ltr'><strong>vos</strong></span> <span class='ocrx_word' id='word_1_219' title='bbox 2269 1433 2346 1471; x_wconf 82' lang='lat' dir='ltr'><strong>me</strong></span> <span class='ocrx_word' id='word_1_220' title='bbox 2376 1418 2393 1488; x_wconf 92' lang='lat'><strong>(</strong></span> <span class='ocrx_word' id='word_1_221' title='bbox 2421 1416 2580 1472; x_wconf 82' lang='lat' dir='ltr'><strong>Joan.</strong></span> <span class='ocrx_word' id='word_1_222' title='bbox 2605 1433 2695 1483; x_wconf 87' lang='lat' dir='ltr'><strong>xv,</strong></span> <span class='ocrx_word' id='word_1_223' title='bbox 2737 1419 2853 1488; x_wconf 79' lang='grc'><strong>16).</strong></span> <span class='ocrx_word' id='word_1_224' title='bbox 2885 1419 3052 1475; x_wconf 83' lang='lat' dir='ltr'><strong>Israel</strong></span> <span class='ocrx_word' id='word_1_225' title='bbox 3103 1432 3188 1478; x_wconf 88' lang='lat' dir='ltr'><strong>cst</strong></span> <span class='ocrx_word' id='word_1_226' title='bbox 3228 1424 3320 1493; x_wconf 85' lang='lat' dir='ltr'><strong>qui</strong></span> <span class='ocrx_word' id='word_1_227' title='bbox 3346 1427 3657 1494; x_wconf 73' lang='lat' dir='ltr'><strong>possidetur,</strong></span> <span class='ocrx_word' id='word_1_228' title='bbox 3678 1432 3719 1487; x_wconf 84' lang='lat' dir='ltr'><strong>in</strong></span> 
     </span>
    </p>
   </div>
   <div class='ocr_carea' id='block_1_28' title="bbox 2149 1510 3719 1594">
    <p class='ocr_par' dir='ltr' id='par_1_28' title="bbox 2149 1510 3719 1594">
     <span class='ocr_line' id='line_1_28' title="bbox 2149 1510 3719 1594; baseline 0.009 -30"><span class='ocrx_word' id='word_1_229' title='bbox 2149 1510 2440 1580; x_wconf 69' lang='lat' dir='ltr'><strong>praeteritis</strong></span> <span class='ocrx_word' id='word_1_230' title='bbox 2471 1510 2540 1583; x_wconf 74' lang='lat' dir='ltr'><strong>(f)</strong></span> <span class='ocrx_word' id='word_1_231' title='bbox 2571 1511 2946 1582; x_wconf 87' lang='lat' dir='ltr'><strong>primogenitis</strong></span> <span class='ocrx_word' id='word_1_232' title='bbox 2966 1522 3024 1568; x_wconf 85' lang='lat' dir='ltr'><strong>et</strong></span> <span class='ocrx_word' id='word_1_233' title='bbox 3050 1514 3525 1574; x_wconf 83' lang='lat' dir='ltr'><strong>benedictionibus</strong></span> <span class='ocrx_word' id='word_1_234' title='bbox 3567 1526 3719 1594; x_wconf 84' lang='lat' dir='ltr'><strong>cogni-</strong></span> 
     </span>
    </p>
   </div>
   <div class='ocr_carea' id='block_1_29' title="bbox 2148 1603 3719 1684">
    <p class='ocr_par' dir='ltr' id='par_1_29' title="bbox 2148 1603 3719 1684">
     <span class='ocr_line' id='line_1_29' title="bbox 2148 1603 3719 1684; baseline 0.01 -28"><span class='ocrx_word' id='word_1_235' title='bbox 2148 1608 2258 1667; x_wconf 87' lang='lat' dir='ltr'><strong>tus,</strong></span> <span class='ocrx_word' id='word_1_236' title='bbox 2286 1603 2338 1656; x_wconf 91' lang='lat' dir='ltr'><strong>in</strong></span> <span class='ocrx_word' id='word_1_237' title='bbox 2368 1603 2630 1659; x_wconf 87' lang='lat' dir='ltr'><strong>servitute</strong></span> <span class='ocrx_word' id='word_1_238' title='bbox 2642 1605 2793 1658; x_wconf 90' lang='lat' dir='ltr'><strong>multi</strong></span> <span class='ocrx_word' id='word_1_239' title='bbox 2813 1607 3071 1676; x_wconf 88' lang='lat' dir='ltr'><strong>temporis</strong></span> <span class='ocrx_word' id='word_1_240' title='bbox 3087 1607 3283 1676; x_wconf 80' lang='lat' dir='ltr'><strong>fidelis,</strong></span> <span class='ocrx_word' id='word_1_241' title='bbox 3303 1612 3471 1684; x_wconf 72' lang='lat'><strong>529</strong></span> <span class='ocrx_word' id='word_1_242' title='bbox 3505 1614 3554 1667; x_wconf 88' lang='lat' dir='ltr'><strong>in</strong></span> <span class='ocrx_word' id='word_1_243' title='bbox 3574 1629 3719 1671; x_wconf 66' lang='lat' dir='ltr'><strong>sacra-</strong></span> 
     </span>
    </p>
   </div>
   <div class='ocr_carea' id='block_1_30' title="bbox 442 1696 3719 1782">
    <p class='ocr_par' dir='ltr' id='par_1_30' title="bbox 442 1696 3719 1782">
     <span class='ocr_line' id='line_1_30' title="bbox 442 1696 3719 1782; baseline 0.009 -45"><span class='ocrx_word' id='word_1_244' title='bbox 442 1707 538 1782; x_wconf 74' lang='grc' dir='ltr'><strong>(γ⁸</strong></span> <span class='ocrx_word' id='word_1_245' title='bbox 566 1711 771 1780; x_wconf 43' lang='lat' dir='ltr'><strong>praet-ah</strong></span> <span class='ocrx_word' id='word_1_246' title='bbox 807 1724 858 1761; x_wconf 46' lang='grc' dir='ltr'><em>η,</em></span> <span class='ocrx_word' id='word_1_247' title='bbox 888 1705 1003 1778; x_wconf 51' lang='grc'><strong>19),</strong></span> <span class='ocrx_word' id='word_1_248' title='bbox 1030 1704 1270 1760; x_wconf 57' lang='lat' dir='ltr'><strong>psallere</strong></span> <span class='ocrx_word' id='word_1_249' title='bbox 1299 1717 1429 1774; x_wconf 66' lang='lat' dir='ltr'><strong>ergo</strong></span> <span class='ocrx_word' id='word_1_250' title='bbox 1461 1703 1666 1757; x_wconf 76' lang='lat' dir='ltr'><strong>nomini</strong></span> <span class='ocrx_word' id='word_1_251' title='bbox 1715 1703 1836 1772; x_wconf 71' lang='lat' dir='ltr'><strong>ejus</strong></span> <span class='ocrx_word' id='word_1_252' title='bbox 1884 1704 2042 1772; x_wconf 62' lang='lat' dir='ltr'><strong>iube-</strong></span> <span class='ocrx_word' id='word_1_253' title='bbox 2145 1696 2504 1752; x_wconf 82' lang='lat' dir='ltr'><strong>mentoluctae</strong></span> <span class='ocrx_word' id='word_1_254' title='bbox 2519 1699 2797 1766; x_wconf 88' lang='lat' dir='ltr'><strong>potens,in</strong></span> <span class='ocrx_word' id='word_1_255' title='bbox 2813 1701 3182 1770; x_wconf 88' lang='lat' dir='ltr'><strong>promerendis</strong></span> <span class='ocrx_word' id='word_1_256' title='bbox 3199 1719 3414 1759; x_wconf 85' lang='lat' dir='ltr'><strong>rursum</strong></span> <span class='ocrx_word' id='word_1_257' title='bbox 3430 1708 3719 1766; x_wconf 86' lang='lat' dir='ltr'><strong>benedictio-</strong></span> 
     </span>
    </p>
   </div>
   <div class='ocr_carea' id='block_1_31' title="bbox 439 1787 2032 1870">
    <p class='ocr_par' dir='ltr' id='par_1_31' title="bbox 439 1795 2032 1870">
     <span class='ocr_line' id='line_1_31' title="bbox 439 1795 2032 1870; baseline -0.003 -12"><span class='ocrx_word' id='word_1_258' title='bbox 439 1817 586 1868; x_wconf 89' lang='lat' dir='ltr'><strong>mur,</strong></span> <span class='ocrx_word' id='word_1_259' title='bbox 610 1803 730 1870; x_wconf 87' lang='lat' dir='ltr'><strong>quia</strong></span> <span class='ocrx_word' id='word_1_260' title='bbox 755 1815 911 1855; x_wconf 90' lang='lat' dir='ltr'><strong>suave</strong></span> <span class='ocrx_word' id='word_1_261' title='bbox 964 1807 1057 1855; x_wconf 86' lang='lat' dir='ltr'><strong>est.</strong></span> <span class='ocrx_word' id='word_1_262' title='bbox 1091 1797 1268 1853; x_wconf 89' lang='lat' dir='ltr'><strong>Suave</strong></span> <span class='ocrx_word' id='word_1_263' title='bbox 1316 1796 1461 1852; x_wconf 91' lang='lat' dir='ltr'><strong>enim</strong></span> <span class='ocrx_word' id='word_1_264' title='bbox 1503 1803 1586 1851; x_wconf 90' lang='lat' dir='ltr'><strong>est</strong></span> <span class='ocrx_word' id='word_1_265' title='bbox 1647 1795 1762 1851; x_wconf 93' lang='lat' dir='ltr'><strong>Deo</strong></span> <span class='ocrx_word' id='word_1_266' title='bbox 1813 1812 2032 1868; x_wconf 81' lang='lat' dir='ltr'><strong>corpora</strong></span> 
     </span>
    </p>
   </div>
   <div class='ocr_carea' id='block_1_32' title="bbox 2145 1787 3717 1870">
    <p class='ocr_par' dir='ltr' id='par_1_32' title="bbox 2149 1787 3717 1866">
     <span class='ocr_line' id='line_1_32' title="bbox 2149 1787 3717 1866; baseline 0.009 -23"><span class='ocrx_word' id='word_1_267' title='bbox 2149 1787 2307 1844; x_wconf 88' lang='lat' dir='ltr'><strong>nibus</strong></span> <span class='ocrx_word' id='word_1_268' title='bbox 2326 1792 2595 1859; x_wconf 82' lang='lat' dir='ltr'><strong>pertinax,</strong></span> <span class='ocrx_word' id='word_1_269' title='bbox 2619 1789 2673 1845; x_wconf 90' lang='lat' dir='ltr'><strong>in</strong></span> <span class='ocrx_word' id='word_1_270' title='bbox 2695 1791 2788 1846; x_wconf 90' lang='lat' dir='ltr'><strong>Dei</strong></span> <span class='ocrx_word' id='word_1_271' title='bbox 2809 1790 3117 1862; x_wconf 74' lang='lat' dir='ltr'><strong>cognitione</strong></span> <span class='ocrx_word' id='word_1_272' title='bbox 3138 1803 3194 1848; x_wconf 88' lang='lat' dir='ltr'><strong>et</strong></span> <span class='ocrx_word' id='word_1_273' title='bbox 3213 1808 3509 1866; x_wconf 86' lang='lat' dir='ltr'><strong>conspectu</strong></span> <span class='ocrx_word' id='word_1_274' title='bbox 3568 1801 3717 1856; x_wconf 79' lang='lat' dir='ltr'><strong>Israel.</strong></span> 
     </span>
    </p>
   </div>
   <div class='ocr_carea' id='block_1_33' title="bbox 439 1887 2036 1962">
    <p class='ocr_par' dir='ltr' id='par_1_33' title="bbox 439 1887 2036 1962">
     <span class='ocr_line' id='line_1_33' title="bbox 439 1887 2036 1962; baseline -0.004 -10"><span class='ocrx_word' id='word_1_275' title='bbox 439 1905 629 1952; x_wconf 86' lang='lat' dir='ltr'><strong>nostra</strong></span> <span class='ocrx_word' id='word_1_276' title='bbox 654 1891 977 1962; x_wconf 87' lang='lat' dir='ltr'><strong>complacito</strong></span> <span class='ocrx_word' id='word_1_277' title='bbox 1007 1891 1306 1946; x_wconf 88' lang='lat' dir='ltr'><strong>ministerio</strong></span> <span class='ocrx_word' id='word_1_278' title='bbox 1336 1887 1712 1961; x_wconf 88' lang='lat' dir='ltr'><strong>probabilique</strong></span> <span class='ocrx_word' id='word_1_279' title='bbox 1743 1888 1996 1946; x_wconf 83' lang='lat' dir='ltr'><strong>famulari</strong></span> <span class='ocrx_word' id='word_1_280' title='bbox 2023 1909 2036 1946; x_wconf 90' lang='lat'><strong>:</strong></span> 
     </span>
    </p>
   </div>
   <div class='ocr_carea' id='block_1_34' title="bbox 441 1982 1891 2058">
    <p class='ocr_par' dir='ltr' id='par_1_34' title="bbox 441 1982 1891 2058">
     <span class='ocr_line' id='line_1_34' title="bbox 441 1982 1891 2058; baseline -0.003 -16"><span class='ocrx_word' id='word_1_281' title='bbox 441 1987 534 2045; x_wconf 82' lang='lat' dir='ltr'><strong>vel</strong></span> <span class='ocrx_word' id='word_1_282' title='bbox 565 1989 739 2058; x_wconf 88' lang='lat' dir='ltr'><strong>ipsum</strong></span> <span class='ocrx_word' id='word_1_283' title='bbox 765 1984 898 2041; x_wconf 87' lang='lat' dir='ltr'><strong>illud</strong></span> <span class='ocrx_word' id='word_1_284' title='bbox 923 1983 1102 2055; x_wconf 90' lang='lat' dir='ltr'><strong>potius</strong></span> <span class='ocrx_word' id='word_1_285' title='bbox 1131 1995 1328 2039; x_wconf 83' lang='lat' dir='ltr'><strong>numen</strong></span> <span class='ocrx_word' id='word_1_286' title='bbox 1361 1982 1573 2038; x_wconf 89' lang='lat' dir='ltr'><strong>Domini</strong></span> <span class='ocrx_word' id='word_1_287' title='bbox 1601 1997 1765 2038; x_wconf 88' lang='lat' dir='ltr'><strong>suave</strong></span> <span class='ocrx_word' id='word_1_288' title='bbox 1788 1993 1891 2040; x_wconf 87' lang='lat' dir='ltr'><strong>est.</strong></span> 
     </span>
    </p>
   </div>
   <div class='ocr_carea' id='block_1_35' title="bbox 514 2075 2042 2144">
    <p class='ocr_par' dir='ltr' id='par_1_35' title="bbox 514 2075 2042 2144">
     <span class='ocr_line' id='line_1_35' title="bbox 514 2075 2042 2144; baseline -0.002 -9"><span class='ocrx_word' id='word_1_289' title='bbox 514 2082 570 2137; x_wconf 84' lang='lat'><strong>5.</strong></span> <span class='ocrx_word' id='word_1_290' title='bbox 601 2078 704 2134; x_wconf 89' lang='lat' dir='ltr'><strong>Cur</strong></span> <span class='ocrx_word' id='word_1_291' title='bbox 725 2079 890 2133; x_wconf 83' lang='lat' dir='ltr'><strong>Jacob</strong></span> <span class='ocrx_word' id='word_1_292' title='bbox 920 2087 967 2132; x_wconf 89' lang='lat' dir='ltr'><strong>et</strong></span> <span class='ocrx_word' id='word_1_293' title='bbox 989 2077 1176 2144; x_wconf 79' lang='lat' dir='ltr'><strong>Israel,</strong></span> <span class='ocrx_word' id='word_1_294' title='bbox 1209 2094 1312 2131; x_wconf 87' lang='lat' dir='ltr'><strong>non</strong></span> <span class='ocrx_word' id='word_1_295' title='bbox 1333 2075 1593 2132; x_wconf 84' lang='lat' dir='ltr'><strong>Abraham</strong></span> <span class='ocrx_word' id='word_1_296' title='bbox 1619 2089 1948 2134; x_wconf 85' lang='lat' dir='ltr'><strong>memoretur.</strong></span> <span class='ocrx_word' id='word_1_297' title='bbox 1970 2109 2042 2121; x_wconf 92' lang='lat'>—</span> 
     </span>
    </p>
   </div>
   <div class='ocr_carea' id='block_1_36' title="bbox 439 2167 2039 2246">
    <p class='ocr_par' dir='ltr' id='par_1_36' title="bbox 439 2167 2039 2246">
     <span class='ocr_line' id='line_1_36' title="bbox 439 2167 2039 2246; baseline -0.003 -15"><span class='ocrx_word' id='word_1_298' title='bbox 439 2174 513 2231; x_wconf 86' lang='lat' dir='ltr'><strong>Et</strong></span> <span class='ocrx_word' id='word_1_299' title='bbox 537 2172 664 2246; x_wconf 90' lang='lat' dir='ltr'><strong>quid</strong></span> <span class='ocrx_word' id='word_1_300' title='bbox 697 2171 974 2228; x_wconf 84' lang='lat' dir='ltr'><strong>suavitatis</strong></span> <span class='ocrx_word' id='word_1_301' title='bbox 997 2172 1050 2226; x_wconf 91' lang='lat' dir='ltr'><strong>in</strong></span> <span class='ocrx_word' id='word_1_302' title='bbox 1079 2185 1137 2226; x_wconf 90' lang='lat' dir='ltr'><strong>se</strong></span> <span class='ocrx_word' id='word_1_303' title='bbox 1169 2167 1390 2237; x_wconf 89' lang='lat' dir='ltr'><strong>habeat,</strong></span> <span class='ocrx_word' id='word_1_304' title='bbox 1423 2169 1508 2224; x_wconf 85' lang='lat' dir='ltr'><strong>vel</strong></span> <span class='ocrx_word' id='word_1_305' title='bbox 1533 2183 1726 2224; x_wconf 87' lang='lat' dir='ltr'><strong>nomen</strong></span> <span class='ocrx_word' id='word_1_306' title='bbox 1758 2169 1896 2242; x_wconf 83' lang='lat' dir='ltr'><strong>ejus,</strong></span> <span class='ocrx_word' id='word_1_307' title='bbox 1953 2170 2039 2227; x_wconf 86' lang='lat' dir='ltr'><strong>vel</strong></span> 
     </span>
    </p>
   </div>
   <div class='ocr_carea' id='block_1_37' title="bbox 439 2261 2040 2338">
    <p class='ocr_par' dir='ltr' id='par_1_37' title="bbox 439 2261 2040 2338">
     <span class='ocr_line' id='line_1_37' title="bbox 439 2261 2040 2338; baseline -0.004 -13"><span class='ocrx_word' id='word_1_308' title='bbox 439 2270 492 2325; x_wconf 92' lang='lat' dir='ltr'><strong>ei</strong></span> <span class='ocrx_word' id='word_1_309' title='bbox 518 2264 779 2338; x_wconf 88' lang='lat' dir='ltr'><strong>psallere;</strong></span> <span class='ocrx_word' id='word_1_310' title='bbox 805 2265 1066 2321; x_wconf 89' lang='lat' dir='ltr'><strong>continuo</strong></span> <span class='ocrx_word' id='word_1_311' title='bbox 1087 2263 1316 2335; x_wconf 89' lang='lat' dir='ltr'><strong>subjecit</strong></span> <span class='ocrx_word' id='word_1_312' title='bbox 1339 2263 1543 2331; x_wconf 88' lang='lat' dir='ltr'><strong>dicens,</strong></span> <span class='ocrx_word' id='word_1_313' title='bbox 1570 2261 1737 2320; x_wconf 74' lang='lat' dir='ltr'><strong>Vens.</strong></span> <span class='ocrx_word' id='word_1_314' title='bbox 1783 2264 1817 2318; x_wconf 71' lang='grc'><strong>4</strong></span> <span class='ocrx_word' id='word_1_315' title='bbox 1847 2280 1861 2317; x_wconf 93' lang='lat'><strong>:</strong></span> <span class='ocrx_word' id='word_1_316' title='bbox 1897 2265 2040 2332; x_wconf 82' lang='lat' dir='ltr'><strong>Quo-</strong></span> 
     </span>
    </p>
   </div>
   <div class='ocr_carea' id='block_1_38' title="bbox 437 2354 2042 2428">
    <p class='ocr_par' dir='ltr' id='par_1_38' title="bbox 437 2354 2042 2428">
     <span class='ocr_line' id='line_1_38' title="bbox 437 2354 2042 2428; baseline -0.001 -14"><span class='ocrx_word' id='word_1_317' title='bbox 437 2363 581 2415; x_wconf 84' lang='lat' dir='ltr'><strong>niam</strong></span> <span class='ocrx_word' id='word_1_318' title='bbox 601 2358 763 2413; x_wconf 75' lang='lat' dir='ltr'><strong>Iacob</strong></span> <span class='ocrx_word' id='word_1_319' title='bbox 785 2358 936 2428; x_wconf 81' lang='lat' dir='ltr'><strong>elegit</strong></span> <span class='ocrx_word' id='word_1_320' title='bbox 961 2357 1058 2411; x_wconf 88' lang='lat' dir='ltr'><strong>sibi</strong></span> <span class='ocrx_word' id='word_1_321' title='bbox 1086 2355 1338 2410; x_wconf 85' lang='lat' dir='ltr'><strong>Dominus</strong></span> <span class='ocrx_word' id='word_1_322' title='bbox 1358 2399 1372 2424; x_wconf 92' lang='lat'><strong>,</strong></span> <span class='ocrx_word' id='word_1_323' title='bbox 1402 2354 1570 2410; x_wconf 84' lang='lat' dir='ltr'><strong>Israel</strong></span> <span class='ocrx_word' id='word_1_324' title='bbox 1589 2356 1640 2409; x_wconf 89' lang='lat' dir='ltr'><strong>in</strong></span> <span class='ocrx_word' id='word_1_325' title='bbox 1663 2357 2042 2426; x_wconf 85' lang='lat' dir='ltr'><strong>possessionem</strong></span> 
     </span>
    </p>
   </div>
   <div class='ocr_carea' id='block_1_39' title="bbox 438 2447 2038 2520">
    <p class='ocr_par' dir='ltr' id='par_1_39' title="bbox 438 2447 2038 2520">
     <span class='ocr_line' id='line_1_39' title="bbox 438 2447 2038 2520; baseline -0.001 -13"><span class='ocrx_word' id='word_1_326' title='bbox 438 2451 556 2508; x_wconf 80' lang='lat' dir='ltr'><strong>sibi.</strong></span> <span class='ocrx_word' id='word_1_327' title='bbox 586 2449 798 2505; x_wconf 83' lang='lat' dir='ltr'><strong>Initium</strong></span> <span class='ocrx_word' id='word_1_328' title='bbox 827 2448 1376 2520; x_wconf 64' lang='lat' dir='ltr'><strong>originisludtcorum</strong></span> <span class='ocrx_word' id='word_1_329' title='bbox 1405 2447 1703 2504; x_wconf 86' lang='lat' dir='ltr'><strong>secundum</strong></span> <span class='ocrx_word' id='word_1_330' title='bbox 1727 2451 2038 2506; x_wconf 84' lang='lat' dir='ltr'><strong>sanctiﬁca-</strong></span> 
     </span>
    </p>
   </div>
   <div class='ocr_carea' id='block_1_40' title="bbox 439 2539 2038 2615">
    <p class='ocr_par' dir='ltr' id='par_1_40' title="bbox 439 2539 2038 2615">
     <span class='ocr_line' id='line_1_40' title="bbox 439 2539 2038 2615; baseline -0.003 -16"><span class='ocrx_word' id='word_1_331' title='bbox 439 2545 639 2600; x_wconf 87' lang='lat' dir='ltr'><strong>tionem</strong></span> <span class='ocrx_word' id='word_1_332' title='bbox 655 2542 870 2615; x_wconf 79' lang='lat' dir='ltr'><strong>generis</strong></span> <span class='ocrx_word' id='word_1_333' title='bbox 889 2539 1159 2597; x_wconf 86' lang='lat' dir='ltr'><strong>Abraham</strong></span> <span class='ocrx_word' id='word_1_334' title='bbox 1180 2549 1281 2607; x_wconf 90' lang='lat' dir='ltr'><strong>est,</strong></span> <span class='ocrx_word' id='word_1_335' title='bbox 1307 2540 1374 2596; x_wconf 90' lang='lat' dir='ltr'><strong>ad</strong></span> <span class='ocrx_word' id='word_1_336' title='bbox 1395 2540 1538 2596; x_wconf 82' lang='lat' dir='ltr'><strong>hunc</strong></span> <span class='ocrx_word' id='word_1_337' title='bbox 1551 2540 1694 2596; x_wconf 91' lang='lat' dir='ltr'><strong>enim</strong></span> <span class='ocrx_word' id='word_1_338' title='bbox 1713 2540 1944 2612; x_wconf 91' lang='lat' dir='ltr'><strong>primum</strong></span> <span class='ocrx_word' id='word_1_339' title='bbox 1964 2541 2038 2614; x_wconf 90' lang='lat' dir='ltr'><strong>(b)</strong></span> 
     </span>
    </p>
   </div>
   <div class='ocr_carea' id='block_1_41' title="bbox 437 2629 2039 2704">
    <p class='ocr_par' dir='ltr' id='par_1_41' title="bbox 437 2629 2039 2704">
     <span class='ocr_line' id='line_1_41' title="bbox 437 2629 2039 2704; baseline -0.001 -12"><span class='ocrx_word' id='word_1_340' title='bbox 437 2635 538 2692; x_wconf 90' lang='lat' dir='ltr'><strong>Dei</strong></span> <span class='ocrx_word' id='word_1_341' title='bbox 568 2635 663 2690; x_wconf 89' lang='lat' dir='ltr'><strong>fuit</strong></span> <span class='ocrx_word' id='word_1_342' title='bbox 690 2650 872 2690; x_wconf 88' lang='lat' dir='ltr'><strong>sermo</strong></span> <span class='ocrx_word' id='word_1_343' title='bbox 903 2651 914 2688; x_wconf 92' lang='lat'><strong>:</strong></span> <span class='ocrx_word' id='word_1_344' title='bbox 943 2645 996 2690; x_wconf 91' lang='lat' dir='ltr'><strong>et</strong></span> <span class='ocrx_word' id='word_1_345' title='bbox 1019 2649 1116 2689; x_wconf 89' lang='lat' dir='ltr'><strong>cur</strong></span> <span class='ocrx_word' id='word_1_346' title='bbox 1143 2633 1318 2704; x_wconf 88' lang='lat' dir='ltr'><strong>potius</strong></span> <span class='ocrx_word' id='word_1_347' title='bbox 1345 2629 1513 2688; x_wconf 86' lang='lat' dir='ltr'><strong>Jacob</strong></span> <span class='ocrx_word' id='word_1_348' title='bbox 1557 2647 1717 2702; x_wconf 88' lang='lat' dir='ltr'><strong>quam</strong></span> <span class='ocrx_word' id='word_1_349' title='bbox 1765 2634 2039 2690; x_wconf 83' lang='lat' dir='ltr'><strong>Abraham</strong></span> 
     </span>
    </p>
   </div>
   <div class='ocr_carea' id='block_1_42' title="bbox 441 2725 2043 2799">
    <p class='ocr_par' dir='ltr' id='par_1_42' title="bbox 441 2725 2043 2799">
     <span class='ocr_line' id='line_1_42' title="bbox 441 2725 2043 2799; baseline -0.002 -14"><span class='ocrx_word' id='word_1_350' title='bbox 441 2729 709 2785; x_wconf 90' lang='lat' dir='ltr'><strong>Dominus</strong></span> <span class='ocrx_word' id='word_1_351' title='bbox 731 2727 925 2799; x_wconf 83' lang='lat' dir='ltr'><strong>elegit?</strong></span> <span class='ocrx_word' id='word_1_352' title='bbox 945 2726 1150 2783; x_wconf 87' lang='lat' dir='ltr'><strong>Dehinc</strong></span> <span class='ocrx_word' id='word_1_353' title='bbox 1181 2741 1304 2782; x_wconf 92' lang='lat' dir='ltr'><strong>cum</strong></span> <span class='ocrx_word' id='word_1_354' title='bbox 1331 2725 1474 2781; x_wconf 88' lang='lat' dir='ltr'><strong>idem</strong></span> <span class='ocrx_word' id='word_1_355' title='bbox 1505 2726 1801 2781; x_wconf 88' lang='lat' dir='ltr'><strong>secundum</strong></span> <span class='ocrx_word' id='word_1_356' title='bbox 1835 2743 2043 2783; x_wconf 81' lang='lat' dir='ltr'><strong>nuncu-</strong></span> 
     </span>
    </p>
   </div>
   <div class='ocr_carea' id='block_1_43' title="bbox 438 2816 2042 2890">
    <p class='ocr_par' dir='ltr' id='par_1_43' title="bbox 438 2816 2042 2890">
     <span class='ocr_line' id='line_1_43' title="bbox 438 2816 2042 2890; baseline 0.001 -17"><span class='ocrx_word' id='word_1_357' title='bbox 438 2819 674 2890; x_wconf 89' lang='lat' dir='ltr'><strong>pationis</strong></span> <span class='ocrx_word' id='word_1_358' title='bbox 698 2819 1080 2874; x_wconf 87' lang='lat' dir='ltr'><strong>allocutionem</strong></span> <span class='ocrx_word' id='word_1_359' title='bbox 1119 2816 1188 2871; x_wconf 86' lang='lat' dir='ltr'><strong>sit</strong></span> <span class='ocrx_word' id='word_1_360' title='bbox 1241 2816 1407 2871; x_wconf 87' lang='lat' dir='ltr'><strong>Israel</strong></span> <span class='ocrx_word' id='word_1_361' title='bbox 1452 2816 1543 2886; x_wconf 92' lang='lat' dir='ltr'><strong>qui</strong></span> <span class='ocrx_word' id='word_1_362' title='bbox 1593 2827 1648 2872; x_wconf 90' lang='lat' dir='ltr'><strong>et</strong></span> <span class='ocrx_word' id='word_1_363' title='bbox 1691 2817 1892 2884; x_wconf 82' lang='lat' dir='ltr'><strong>Jacob;</strong></span> <span class='ocrx_word' id='word_1_364' title='bbox 1942 2834 2042 2874; x_wconf 92' lang='lat' dir='ltr'><strong>cur</strong></span> 
     </span>
    </p>
   </div>
   <div class='ocr_carea' id='block_1_44' title="bbox 437 2910 2042 2984">
    <p class='ocr_par' dir='ltr' id='par_1_44' title="bbox 437 2910 2042 2984">
     <span class='ocr_line' id='line_1_44' title="bbox 437 2910 2042 2984; baseline 0 -15"><span class='ocrx_word' id='word_1_365' title='bbox 437 2913 630 2970; x_wconf 82' lang='lat' dir='ltr'><strong>iterum</strong></span> <span class='ocrx_word' id='word_1_366' title='bbox 652 2911 867 2966; x_wconf 86' lang='lat' dir='ltr'><strong>additur</strong></span> <span class='ocrx_word' id='word_1_367' title='bbox 889 2929 902 2965; x_wconf 86' lang='lat'><strong>:</strong></span> <span class='ocrx_word' id='word_1_368' title='bbox 933 2910 1100 2966; x_wconf 83' lang='lat' dir='ltr'><strong>Israel</strong></span> <span class='ocrx_word' id='word_1_369' title='bbox 1111 2913 1163 2965; x_wconf 88' lang='lat' dir='ltr'><strong>in</strong></span> <span class='ocrx_word' id='word_1_370' title='bbox 1178 2912 1546 2981; x_wconf 82' lang='lat' dir='ltr'><strong>possessionem</strong></span> <span class='ocrx_word' id='word_1_371' title='bbox 1561 2912 1652 2965; x_wconf 86' lang='lat' dir='ltr'><strong>sibi</strong></span> <span class='ocrx_word' id='word_1_372' title='bbox 1667 2912 2042 2984; x_wconf 68' lang='lat' dir='ltr'><strong>i0rdocxige-</strong></span> 
     </span>
    </p>
   </div>
   <div class='ocr_carea' id='block_1_45' title="bbox 437 3004 2038 3078">
    <p class='ocr_par' dir='ltr' id='par_1_45' title="bbox 437 3004 2038 3078">
     <span class='ocr_line' id='line_1_45' title="bbox 437 3004 2038 3078; baseline 0.001 -17"><span class='ocrx_word' id='word_1_373' title='bbox 437 3005 533 3061; x_wconf 84' lang='lat' dir='ltr'><strong>bat</strong></span> <span class='ocrx_word' id='word_1_374' title='bbox 563 3005 856 3075; x_wconf 78' lang='lat' dir='ltr'><strong>principem</strong></span> <span class='ocrx_word' id='word_1_375' title='bbox 888 3004 1172 3059; x_wconf 86' lang='lat' dir='ltr'><strong>electiOnis</strong></span> <span class='ocrx_word' id='word_1_376' title='bbox 1207 3004 1504 3070; x_wconf 82' lang='lat' dir='ltr'><strong>Abraham,</strong></span> <span class='ocrx_word' id='word_1_377' title='bbox 1533 3020 1638 3060; x_wconf 92' lang='lat' dir='ltr'><strong>non</strong></span> <span class='ocrx_word' id='word_1_378' title='bbox 1667 3021 1788 3060; x_wconf 92' lang='lat' dir='ltr'><strong>eum</strong></span> <span class='ocrx_word' id='word_1_379' title='bbox 1813 3009 1900 3078; x_wconf 92' lang='lat' dir='ltr'><strong>qui</strong></span> <span class='ocrx_word' id='word_1_380' title='bbox 1928 3008 2038 3078; x_wconf 92' lang='lat' dir='ltr'><strong>jam</strong></span> 
     </span>
    </p>
   </div>
   <div class='ocr_carea' id='block_1_46' title="bbox 437 3097 2041 3157">
    <p class='ocr_par' dir='ltr' id='par_1_46' title="bbox 437 3097 2041 3157">
     <span class='ocr_line' id='line_1_46' title="bbox 437 3097 2041 3157; baseline 0.002 -3"><span class='ocrx_word' id='word_1_381' title='bbox 437 3099 629 3155; x_wconf 89' lang='lat' dir='ltr'><strong>tertius</strong></span> <span class='ocrx_word' id='word_1_382' title='bbox 683 3097 734 3152; x_wconf 91' lang='lat' dir='ltr'><strong>in</strong></span> <span class='ocrx_word' id='word_1_383' title='bbox 789 3097 1054 3154; x_wconf 86' lang='lat' dir='ltr'><strong>electione</strong></span> <span class='ocrx_word' id='word_1_384' title='bbox 1076 3098 1355 3154; x_wconf 84' lang='lat' dir='ltr'><strong>cstJacob</strong></span> <span class='ocrx_word' id='word_1_385' title='bbox 1401 3102 1839 3156; x_wconf 89' lang='lat' dir='ltr'><strong>commemorari.</strong></span> <span class='ocrx_word' id='word_1_386' title='bbox 1880 3101 2041 3157; x_wconf 81' lang='lat' dir='ltr'><strong>Ratio</strong></span> 
     </span>
    </p>
   </div>
   <div class='ocr_carea' id='block_1_47' title="bbox 2220 1885 3718 1956">
    <p class='ocr_par' dir='ltr' id='par_1_47' title="bbox 2220 1885 3718 1956">
     <span class='ocr_line' id='line_1_47' title="bbox 2220 1885 3718 1956; baseline 0.008 -16"><span class='ocrx_word' id='word_1_387' title='bbox 2220 1887 2273 1940; x_wconf 93' lang='lat'><strong>7.</strong></span> <span class='ocrx_word' id='word_1_388' title='bbox 2317 1885 2459 1941; x_wconf 83' lang='lat' dir='ltr'><strong>Filio</strong></span> <span class='ocrx_word' id='word_1_389' title='bbox 2480 1886 2748 1956; x_wconf 80' lang='lat' dir='ltr'><strong>praprium</strong></span> <span class='ocrx_word' id='word_1_390' title='bbox 2778 1895 2851 1941; x_wconf 86' lang='lat' dir='ltr'><strong>est</strong></span> <span class='ocrx_word' id='word_1_391' title='bbox 2872 1903 3020 1943; x_wconf 89' lang='lat' dir='ltr'><strong>nosse</strong></span> <span class='ocrx_word' id='word_1_392' title='bbox 3043 1886 3276 1944; x_wconf 86' lang='lat' dir='ltr'><strong>Patrem.</strong></span> <span class='ocrx_word' id='word_1_393' title='bbox 3303 1921 3375 1932; x_wconf 90' lang='lat'><strong>—</strong></span> <span class='ocrx_word' id='word_1_394' title='bbox 3393 1891 3557 1950; x_wconf 80' lang='lat' dir='ltr'><strong>Novit</strong></span> <span class='ocrx_word' id='word_1_395' title='bbox 3575 1906 3718 1952; x_wconf 79' lang='lat' dir='ltr'><strong>autem</strong></span> 
     </span>
    </p>
   </div>
   <div class='ocr_carea' id='block_1_48' title="bbox 2147 1977 3718 2052">
    <p class='ocr_par' dir='ltr' id='par_1_48' title="bbox 2147 1977 3718 2052">
     <span class='ocr_line' id='line_1_48' title="bbox 2147 1977 3718 2052; baseline 0.01 -21"><span class='ocrx_word' id='word_1_396' title='bbox 2147 1979 2384 2051; x_wconf 87' lang='lat' dir='ltr'><strong>Spiritus</strong></span> <span class='ocrx_word' id='word_1_397' title='bbox 2421 1977 2717 2049; x_wconf 68' lang='lat' dir='ltr'><strong>prophetia:</strong></span> <span class='ocrx_word' id='word_1_398' title='bbox 2767 1989 3152 2052; x_wconf 63' lang='lat' dir='ltr'><strong>prapotentem</strong></span> <span class='ocrx_word' id='word_1_399' title='bbox 3196 1983 3338 2039; x_wconf 83' lang='lat' dir='ltr'><strong>hanc</strong></span> <span class='ocrx_word' id='word_1_400' title='bbox 3380 1988 3611 2044; x_wconf 87' lang='lat' dir='ltr'><strong>nominis</strong></span> <span class='ocrx_word' id='word_1_401' title='bbox 3649 1990 3718 2046; x_wconf 88' lang='lat' dir='ltr'><strong>Dei</strong></span> 
     </span>
    </p>
   </div>
   <div class='ocr_carea' id='block_1_49' title="bbox 2144 2070 3719 2146">
    <p class='ocr_par' dir='ltr' id='par_1_49' title="bbox 2144 2070 3719 2146">
     <span class='ocr_line' id='line_1_49' title="bbox 2144 2070 3719 2146; baseline 0.007 -18"><span class='ocrx_word' id='word_1_402' title='bbox 2144 2071 2200 2128; x_wconf 89' lang='lat' dir='ltr'><strong>in</strong></span> <span class='ocrx_word' id='word_1_403' title='bbox 2253 2070 2644 2142; x_wconf 82' lang='lat' dir='ltr'><strong>congregandis</strong></span> <span class='ocrx_word' id='word_1_404' title='bbox 2691 2073 2937 2142; x_wconf 87' lang='lat' dir='ltr'><strong>gentibus</strong></span> <span class='ocrx_word' id='word_1_405' title='bbox 3001 2084 3056 2130; x_wconf 90' lang='lat' dir='ltr'><strong>et</strong></span> <span class='ocrx_word' id='word_1_406' title='bbox 3101 2075 3452 2146; x_wconf 85' lang='lat' dir='ltr'><strong>possidendis</strong></span> <span class='ocrx_word' id='word_1_407' title='bbox 3508 2081 3719 2140; x_wconf 78' lang='lat' dir='ltr'><strong>ﬁdelibus</strong></span> 
     </span>
    </p>
   </div>
   <div class='ocr_carea' id='block_1_50' title="bbox 2145 2165 3719 2246">
    <p class='ocr_par' dir='ltr' id='par_1_50' title="bbox 2145 2165 3719 2246">
     <span class='ocr_line' id='line_1_50' title="bbox 2145 2165 3719 2246; baseline 0.004 -24"><span class='ocrx_word' id='word_1_408' title='bbox 2145 2167 2490 2232; x_wconf 85' lang='lat' dir='ltr'><strong>suavitatem,</strong></span> <span class='ocrx_word' id='word_1_409' title='bbox 2521 2165 2708 2221; x_wconf 88' lang='lat' dir='ltr'><strong>dicens</strong></span> <span class='ocrx_word' id='word_1_410' title='bbox 2739 2207 2755 2234; x_wconf 92' lang='lat'><strong>,</strong></span> <span class='ocrx_word' id='word_1_411' title='bbox 2821 2165 2986 2225; x_wconf 76' lang='lat' dir='ltr'><strong>VERS.</strong></span> <span class='ocrx_word' id='word_1_412' title='bbox 3015 2167 3049 2223; x_wconf 86' lang='lat'><strong>5</strong></span> <span class='ocrx_word' id='word_1_413' title='bbox 3083 2186 3095 2222; x_wconf 92' lang='lat'><strong>:</strong></span> <span class='ocrx_word' id='word_1_414' title='bbox 3133 2169 3267 2236; x_wconf 86' lang='lat' dir='ltr'><strong>Quia</strong></span> <span class='ocrx_word' id='word_1_415' title='bbox 3295 2189 3391 2243; x_wconf 85' lang='lat' dir='ltr'><strong>ego</strong></span> <span class='ocrx_word' id='word_1_416' title='bbox 3445 2177 3563 2228; x_wconf 76' lang='lat' dir='ltr'><strong>noni</strong></span> <span class='ocrx_word' id='word_1_417' title='bbox 3599 2193 3719 2246; x_wconf 67' lang='lat' dir='ltr'><strong>quam</strong></span> 
     </span>
    </p>
   </div>
   <div class='ocr_carea' id='block_1_51' title="bbox 2146 2257 3717 2339">
    <p class='ocr_par' dir='ltr' id='par_1_51' title="bbox 2146 2257 3717 2339">
     <span class='ocr_line' id='line_1_51' title="bbox 2146 2257 3717 2339; baseline 0.008 -26"><span class='ocrx_word' id='word_1_418' title='bbox 2146 2274 2363 2331; x_wconf 87' lang='lat' dir='ltr'><strong>magnus</strong></span> <span class='ocrx_word' id='word_1_419' title='bbox 2394 2267 2468 2312; x_wconf 85' lang='lat' dir='ltr'><strong>est</strong></span> <span class='ocrx_word' id='word_1_420' title='bbox 2495 2257 2767 2313; x_wconf 88' lang='lat' dir='ltr'><strong>Dominus.</strong></span> <span class='ocrx_word' id='word_1_421' title='bbox 2799 2257 2989 2315; x_wconf 85' lang='lat' dir='ltr'><strong>Ofﬁcio</strong></span> <span class='ocrx_word' id='word_1_422' title='bbox 3009 2261 3228 2332; x_wconf 89' lang='lat' dir='ltr'><strong>quidem</strong></span> <span class='ocrx_word' id='word_1_423' title='bbox 3247 2263 3358 2319; x_wconf 90' lang='lat' dir='ltr'><strong>oris</strong></span> <span class='ocrx_word' id='word_1_424' title='bbox 3387 2267 3471 2321; x_wconf 93' lang='lat' dir='ltr'><strong>sui</strong></span> <span class='ocrx_word' id='word_1_425' title='bbox 3493 2271 3717 2339; x_wconf 81' lang='lat' dir='ltr'><strong>propheta</strong></span> 
     </span>
    </p>
   </div>
   <div class='ocr_carea' id='block_1_52' title="bbox 2145 2351 3718 2434">
    <p class='ocr_par' dir='ltr' id='par_1_52' title="bbox 2145 2351 3718 2434">
     <span class='ocr_line' id='line_1_52' title="bbox 2145 2351 3718 2434; baseline 0.006 -25"><span class='ocrx_word' id='word_1_426' title='bbox 2145 2353 2404 2424; x_wconf 88' lang='lat' dir='ltr'><strong>loquitur,</strong></span> <span class='ocrx_word' id='word_1_427' title='bbox 2441 2351 2519 2425; x_wconf 89' lang='lat' dir='ltr'><strong>(g)</strong></span> <span class='ocrx_word' id='word_1_428' title='bbox 2547 2354 2643 2408; x_wconf 88' lang='lat' dir='ltr'><strong>sed</strong></span> <span class='ocrx_word' id='word_1_429' title='bbox 2672 2355 2980 2424; x_wconf 85' lang='lat' dir='ltr'><strong>cognitione</strong></span> <span class='ocrx_word' id='word_1_430' title='bbox 3006 2371 3112 2410; x_wconf 92' lang='lat' dir='ltr'><strong>non</strong></span> <span class='ocrx_word' id='word_1_431' title='bbox 3157 2373 3278 2413; x_wconf 88' lang='lat' dir='ltr'><strong>sua.</strong></span> <span class='ocrx_word' id='word_1_432' title='bbox 3327 2359 3446 2416; x_wconf 83' lang='lat' dir='ltr'><strong>Vox</strong></span> <span class='ocrx_word' id='word_1_433' title='bbox 3487 2362 3587 2417; x_wconf 88' lang='lat' dir='ltr'><strong>ista</strong></span> <span class='ocrx_word' id='word_1_434' title='bbox 3630 2365 3718 2434; x_wconf 85' lang='lat' dir='ltr'><strong>ejus</strong></span> 
     </span>
    </p>
   </div>
   <div class='ocr_carea' id='block_1_53' title="bbox 2145 2443 3719 2522">
    <p class='ocr_par' dir='ltr' id='par_1_53' title="bbox 2145 2443 3719 2522">
     <span class='ocr_line' id='line_1_53' title="bbox 2145 2443 3719 2522; baseline 0.005 -19"><span class='ocrx_word' id='word_1_435' title='bbox 2145 2456 2249 2512; x_wconf 87' lang='lat' dir='ltr'><strong>est,</strong></span> <span class='ocrx_word' id='word_1_436' title='bbox 2280 2447 2371 2518; x_wconf 90' lang='lat' dir='ltr'><strong>qui</strong></span> <span class='ocrx_word' id='word_1_437' title='bbox 2393 2447 2468 2501; x_wconf 82' lang='lat' dir='ltr'><strong>ait</strong></span> <span class='ocrx_word' id='word_1_438' title='bbox 2504 2464 2516 2500; x_wconf 91' lang='lat'><strong>:</strong></span> <span class='ocrx_word' id='word_1_439' title='bbox 2553 2443 2722 2501; x_wconf 75' lang='lat' dir='ltr'><strong>Nemo</strong></span> <span class='ocrx_word' id='word_1_440' title='bbox 2747 2449 2883 2501; x_wconf 81' lang='lat' dir='ltr'><strong>navit</strong></span> <span class='ocrx_word' id='word_1_441' title='bbox 2922 2447 3134 2503; x_wconf 81' lang='lat' dir='ltr'><strong>Patrem</strong></span> <span class='ocrx_word' id='word_1_442' title='bbox 3174 2452 3274 2506; x_wconf 84' lang='lat' dir='ltr'><strong>nisi</strong></span> <span class='ocrx_word' id='word_1_443' title='bbox 3326 2451 3528 2522; x_wconf 78' lang='lat' dir='ltr'><strong>Filius,</strong></span> <span class='ocrx_word' id='word_1_444' title='bbox 3576 2467 3620 2510; x_wconf 80' lang='lat' dir='ltr'><strong>et</strong></span> <span class='ocrx_word' id='word_1_445' title='bbox 3658 2461 3719 2512; x_wconf 75' lang='lat' dir='ltr'><strong>cui</strong></span> 
     </span>
    </p>
   </div>
   <div class='ocr_carea' id='block_1_54' title="bbox 2143 2537 3716 2616">
    <p class='ocr_par' dir='ltr' id='par_1_54' title="bbox 2143 2537 3716 2616">
     <span class='ocr_line' id='line_1_54' title="bbox 2143 2537 3716 2616; baseline 0.008 -23"><span class='ocrx_word' id='word_1_446' title='bbox 2143 2539 2360 2594; x_wconf 83' lang='lat' dir='ltr'><strong>voluerit</strong></span> <span class='ocrx_word' id='word_1_447' title='bbox 2403 2537 2577 2593; x_wconf 81' lang='lat' dir='ltr'><strong>Filius</strong></span> <span class='ocrx_word' id='word_1_448' title='bbox 2627 2539 2851 2593; x_wconf 84' lang='lat' dir='ltr'><strong>revelare</strong></span> <span class='ocrx_word' id='word_1_449' title='bbox 2894 2538 3108 2608; x_wconf 78' lang='lat' dir='ltr'><strong>(Matth.</strong></span> <span class='ocrx_word' id='word_1_450' title='bbox 3143 2558 3218 2610; x_wconf 84' lang='lat' dir='ltr'><strong>xi,</strong></span> <span class='ocrx_word' id='word_1_451' title='bbox 3263 2542 3356 2616; x_wconf 75' lang='grc'><strong>27)</strong></span> <span class='ocrx_word' id='word_1_452' title='bbox 3416 2566 3432 2601; x_wconf 89' lang='lat'><strong>:</strong></span> <span class='ocrx_word' id='word_1_453' title='bbox 3481 2557 3536 2602; x_wconf 87' lang='lat' dir='ltr'><strong>et</strong></span> <span class='ocrx_word' id='word_1_454' title='bbox 3579 2549 3716 2606; x_wconf 72' lang='lat' dir='ltr'><strong>Filias</strong></span> 
     </span>
    </p>
   </div>
   <div class='ocr_carea' id='block_1_55' title="bbox 2145 2631 3720 2713">
    <p class='ocr_par' dir='ltr' id='par_1_55' title="bbox 2145 2631 3720 2713">
     <span class='ocr_line' id='line_1_55' title="bbox 2145 2631 3720 2713; baseline 0.008 -28"><span class='ocrx_word' id='word_1_455' title='bbox 2145 2631 2364 2703; x_wconf 89' lang='lat' dir='ltr'><strong>quidem</strong></span> <span class='ocrx_word' id='word_1_456' title='bbox 2393 2631 2631 2698; x_wconf 86' lang='lat' dir='ltr'><strong>Patrem,</strong></span> <span class='ocrx_word' id='word_1_457' title='bbox 2657 2633 2702 2686; x_wconf 90' lang='lat' dir='ltr'><strong>si</strong></span> <span class='ocrx_word' id='word_1_458' title='bbox 2726 2633 2814 2688; x_wconf 88' lang='lat' dir='ltr'><strong>cui</strong></span> <span class='ocrx_word' id='word_1_459' title='bbox 2839 2633 3090 2701; x_wconf 83' lang='lat' dir='ltr'><strong>voluerit,</strong></span> <span class='ocrx_word' id='word_1_460' title='bbox 3115 2637 3377 2692; x_wconf 86' lang='lat' dir='ltr'><strong>revelabit</strong></span> <span class='ocrx_word' id='word_1_461' title='bbox 3397 2658 3411 2692; x_wconf 86' lang='lat'><strong>:</strong></span> <span class='ocrx_word' id='word_1_462' title='bbox 3435 2640 3531 2696; x_wconf 84' lang='lat' dir='ltr'><strong>sed</strong></span> <span class='ocrx_word' id='word_1_463' title='bbox 3550 2646 3720 2713; x_wconf 75' lang='lat' dir='ltr'><strong>magni-</strong></span> 
     </span>
    </p>
   </div>
   <div class='ocr_carea' id='block_1_56' title="bbox 2144 2723 3717 2801">
    <p class='ocr_par' dir='ltr' id='par_1_56' title="bbox 2144 2723 3717 2801">
     <span class='ocr_line' id='line_1_56' title="bbox 2144 2723 3717 2801; baseline 0.006 -21"><span class='ocrx_word' id='word_1_464' title='bbox 2144 2723 2388 2780; x_wconf 88' lang='lat' dir='ltr'><strong>tudinem</strong></span> <span class='ocrx_word' id='word_1_465' title='bbox 2435 2724 2552 2795; x_wconf 89' lang='lat' dir='ltr'><strong>ejus</strong></span> <span class='ocrx_word' id='word_1_466' title='bbox 2601 2740 2761 2781; x_wconf 90' lang='lat' dir='ltr'><strong>nemo</strong></span> <span class='ocrx_word' id='word_1_467' title='bbox 2802 2728 3097 2797; x_wconf 86' lang='lat' dir='ltr'><strong>cognoscit,</strong></span> <span class='ocrx_word' id='word_1_468' title='bbox 3151 2731 3418 2801; x_wconf 81' lang='lat' dir='ltr'><strong>propheta</strong></span> <span class='ocrx_word' id='word_1_469' title='bbox 3468 2734 3666 2791; x_wconf 84' lang='lat' dir='ltr'><strong>dicente</strong></span> <span class='ocrx_word' id='word_1_470' title='bbox 3706 2755 3717 2790; x_wconf 95' lang='lat'><strong>:</strong></span> 
     </span>
    </p>
   </div>
   <div class='ocr_carea' id='block_1_57' title="bbox 2145 2816 3715 2896">
    <p class='ocr_par' dir='ltr' id='par_1_57' title="bbox 2145 2816 3715 2896">
     <span class='ocr_line' id='line_1_57' title="bbox 2145 2816 3715 2896; baseline 0.004 -22"><span class='ocrx_word' id='word_1_471' title='bbox 2145 2816 2310 2891; x_wconf 83' lang='lat' dir='ltr'><strong>Cujus</strong></span> <span class='ocrx_word' id='word_1_472' title='bbox 2338 2818 2734 2889; x_wconf 75' lang='lat' dir='ltr'><strong>magniﬁcentia:</strong></span> <span class='ocrx_word' id='word_1_473' title='bbox 2767 2835 2870 2873; x_wconf 88' lang='lat' dir='ltr'><strong>non</strong></span> <span class='ocrx_word' id='word_1_474' title='bbox 2923 2829 2998 2874; x_wconf 86' lang='lat' dir='ltr'><strong>est</strong></span> <span class='ocrx_word' id='word_1_475' title='bbox 3044 2821 3162 2890; x_wconf 81' lang='lat' dir='ltr'><strong>linis</strong></span> <span class='ocrx_word' id='word_1_476' title='bbox 3219 2822 3394 2892; x_wconf 83' lang='lat' dir='ltr'><strong>(Psal.</strong></span> <span class='ocrx_word' id='word_1_477' title='bbox 3438 2840 3610 2893; x_wconf 76' lang='lat' dir='ltr'><strong>cxuv,</strong></span> <span class='ocrx_word' id='word_1_478' title='bbox 3656 2827 3715 2896; x_wconf 69' lang='grc' dir='ltr'><strong>ὃ).</strong></span> 
     </span>
    </p>
   </div>
   <div class='ocr_carea' id='block_1_58' title="bbox 2144 2911 3716 2990">
    <p class='ocr_par' dir='ltr' id='par_1_58' title="bbox 2144 2911 3716 2990">
     <span class='ocr_line' id='line_1_58' title="bbox 2144 2911 3716 2990; baseline 0.003 -23"><span class='ocrx_word' id='word_1_479' title='bbox 2144 2911 2394 2981; x_wconf 83' lang='lat' dir='ltr'><strong>Cognitio</strong></span> <span class='ocrx_word' id='word_1_480' title='bbox 2420 2927 2548 2981; x_wconf 89' lang='lat' dir='ltr'><strong>ergo</strong></span> <span class='ocrx_word' id='word_1_481' title='bbox 2597 2911 2874 2967; x_wconf 87' lang='lat' dir='ltr'><strong>inﬁnitatis</strong></span> <span class='ocrx_word' id='word_1_482' title='bbox 2918 2911 3076 2984; x_wconf 89' lang='lat' dir='ltr'><strong>hujus</strong></span> <span class='ocrx_word' id='word_1_483' title='bbox 3117 2915 3166 2970; x_wconf 91' lang='lat' dir='ltr'><strong>ei</strong></span> <span class='ocrx_word' id='word_1_484' title='bbox 3212 2915 3317 2971; x_wconf 89' lang='lat' dir='ltr'><strong>soli</strong></span> <span class='ocrx_word' id='word_1_485' title='bbox 3367 2917 3473 2973; x_wconf 88' lang='lat' dir='ltr'><strong>erit</strong></span> <span class='ocrx_word' id='word_1_486' title='bbox 3516 2921 3716 2990; x_wconf 75' lang='lat' dir='ltr'><strong>propria,</strong></span> 
     </span>
    </p>
   </div>
   <div class='ocr_carea' id='block_1_59' title="bbox 2145 3003 3718 3081">
    <p class='ocr_par' dir='ltr' id='par_1_59' title="bbox 2145 3003 3718 3081">
     <span class='ocr_line' id='line_1_59' title="bbox 2145 3003 3718 3081; baseline 0.007 -23"><span class='ocrx_word' id='word_1_487' title='bbox 2145 3004 2237 3075; x_wconf 91' lang='lat' dir='ltr'><strong>qui</strong></span> <span class='ocrx_word' id='word_1_488' title='bbox 2267 3003 2567 3060; x_wconf 87' lang='lat' dir='ltr'><strong>secundum</strong></span> <span class='ocrx_word' id='word_1_489' title='bbox 2600 3004 2895 3074; x_wconf 83' lang='lat' dir='ltr'><strong>perfectam</strong></span> <span class='ocrx_word' id='word_1_490' title='bbox 2938 3006 3164 3078; x_wconf 79' lang='lat' dir='ltr'><strong>originis</strong></span> <span class='ocrx_word' id='word_1_491' title='bbox 3203 3023 3316 3064; x_wconf 81' lang='lat' dir='ltr'><strong>sua:</strong></span> <span class='ocrx_word' id='word_1_492' title='bbox 3365 3011 3718 3081; x_wconf 80' lang='lat' dir='ltr'><strong>plenitudinem</strong></span> 
     </span>
    </p>
   </div>
   <div class='ocr_carea' id='block_1_60' title="bbox 2146 3097 2818 3168">
    <p class='ocr_par' dir='ltr' id='par_1_60' title="bbox 2146 3097 2818 3168">
     <span class='ocr_line' id='line_1_60' title="bbox 2146 3097 2818 3168; baseline 0 -16"><span class='ocrx_word' id='word_1_493' title='bbox 2146 3097 2263 3168; x_wconf 89' lang='lat' dir='ltr'><strong>ipse</strong></span> <span class='ocrx_word' id='word_1_494' title='bbox 2292 3097 2469 3168; x_wconf 80' lang='lat' dir='ltr'><strong>imago</strong></span> <span class='ocrx_word' id='word_1_495' title='bbox 2497 3107 2579 3153; x_wconf 91' lang='lat' dir='ltr'><strong>est</strong></span> <span class='ocrx_word' id='word_1_496' title='bbox 2601 3097 2818 3154; x_wconf 89' lang='lat' dir='ltr'><strong>inﬁniti.</strong></span> 
     </span>
    </p>
   </div>
   <div class='ocr_carea' id='block_1_61' title="bbox 436 3188 3718 3280">
    <p class='ocr_par' dir='ltr' id='par_1_61' title="bbox 436 3188 3718 3280">
     <span class='ocr_line' id='line_1_61' title="bbox 436 3188 3718 3280; baseline 0.003 -34"><span class='ocrx_word' id='word_1_497' title='bbox 436 3205 657 3262; x_wconf 92' lang='lat' dir='ltr'><strong>quoque</strong></span> <span class='ocrx_word' id='word_1_498' title='bbox 677 3188 1020 3257; x_wconf 90' lang='lat' dir='ltr'><strong>admonebat,</strong></span> <span class='ocrx_word' id='word_1_499' title='bbox 1055 3199 1109 3244; x_wconf 93' lang='lat' dir='ltr'><strong>ut</strong></span> <span class='ocrx_word' id='word_1_500' title='bbox 1137 3190 1469 3263; x_wconf 86' lang='lat' dir='ltr'><strong>signiﬁcatus</strong></span> <span class='ocrx_word' id='word_1_501' title='bbox 1491 3189 1660 3276; x_wconf 31' lang='lat' dir='ltr'><strong>‘lsrael</strong></span> <span class='ocrx_word' id='word_1_502' title='bbox 1687 3195 1737 3248; x_wconf 93' lang='lat' dir='ltr'><strong>in</strong></span> <span class='ocrx_word' id='word_1_503' title='bbox 1757 3194 1925 3250; x_wconf 85' lang='lat' dir='ltr'><strong>Jacob</strong></span> <span class='ocrx_word' id='word_1_504' title='bbox 1955 3195 2040 3250; x_wconf 84' lang='lat' dir='ltr'><strong>in-</strong></span> <span class='ocrx_word' id='word_1_505' title='bbox 2069 3188 2114 3252; x_wconf 88' lang='lat' dir='ltr'><strong><em>C</em></strong></span> <span class='ocrx_word' id='word_1_506' title='bbox 2220 3190 2276 3262; x_wconf 30' lang='lat'><strong>8.,</strong></span> <span class='ocrx_word' id='word_1_507' title='bbox 2320 3189 2466 3246; x_wconf 84' lang='lat' dir='ltr'><strong>Unus</strong></span> <span class='ocrx_word' id='word_1_508' title='bbox 2497 3189 2745 3246; x_wconf 72' lang='lat' dir='ltr'><strong>Ecclesiae</strong></span> <span class='ocrx_word' id='word_1_509' title='bbox 2783 3191 2946 3247; x_wconf 87' lang='lat' dir='ltr'><strong>Deus.</strong></span> <span class='ocrx_word' id='word_1_510' title='bbox 2973 3222 3046 3234; x_wconf 87' lang='lat'><strong>-—</strong></span> <span class='ocrx_word' id='word_1_511' title='bbox 3073 3193 3213 3260; x_wconf 83' lang='lat' dir='ltr'><strong>Quia</strong></span> <span class='ocrx_word' id='word_1_512' title='bbox 3235 3213 3329 3266; x_wconf 84' lang='lat' dir='ltr'><strong>ego</strong></span> <span class='ocrx_word' id='word_1_513' title='bbox 3359 3201 3571 3280; x_wconf 68' lang='lat' dir='ltr'><strong>cognovi</strong></span> <span class='ocrx_word' id='word_1_514' title='bbox 3591 3218 3718 3272; x_wconf 76' lang='lat' dir='ltr'><strong>qm</strong></span> 
     </span>
    </p>
   </div>
   <div class='ocr_carea' id='block_1_62' title="bbox 437 3271 2040 3362">
    <p class='ocr_par' dir='ltr' id='par_1_62' title="bbox 437 3271 2040 3362">
     <span class='ocr_line' id='line_1_62' title="bbox 437 3271 2040 3362; baseline 0.003 -20"><span class='ocrx_word' id='word_1_515' title='bbox 437 3285 794 3357; x_wconf 88' lang='lat' dir='ltr'><strong>telligcretur.</strong></span> <span class='ocrx_word' id='word_1_516' title='bbox 829 3284 966 3352; x_wconf 81' lang='lat' dir='ltr'><strong>Quin</strong></span> <span class='ocrx_word' id='word_1_517' title='bbox 992 3286 1152 3340; x_wconf 87' lang='lat' dir='ltr'><strong>etiam</strong></span> <span class='ocrx_word' id='word_1_518' title='bbox 1180 3285 1309 3344; x_wconf 90' lang='lat' dir='ltr'><strong>illud</strong></span> <span class='ocrx_word' id='word_1_519' title='bbox 1340 3271 1567 3356; x_wconf 84' lang='lat' dir='ltr'><strong>accedit,</strong></span> <span class='ocrx_word' id='word_1_520' title='bbox 1595 3290 1736 3360; x_wconf 87' lang='lat' dir='ltr'><strong>quod</strong></span> <span class='ocrx_word' id='word_1_521' title='bbox 1762 3291 1854 3362; x_wconf 88' lang='lat' dir='ltr'><strong>qui</strong></span> <span class='ocrx_word' id='word_1_522' title='bbox 1874 3289 2040 3348; x_wconf 82' lang='lat' dir='ltr'><strong>Jacob</strong></span> 
     </span>
    </p>
   </div>
   <div class='ocr_carea' id='block_1_63' title="bbox 435 3377 1519 3450">
    <p class='ocr_par' dir='ltr' id='par_1_63' title="bbox 435 3377 1519 3450">
     <span class='ocr_line' id='line_1_63' title="bbox 435 3377 1519 3450; baseline 0.001 -16"><span class='ocrx_word' id='word_1_523' title='bbox 435 3387 543 3447; x_wconf 88' lang='lat' dir='ltr'><strong>est,</strong></span> <span class='ocrx_word' id='word_1_524' title='bbox 579 3377 816 3448; x_wconf 86' lang='lat' dir='ltr'><strong>eligitur,</strong></span> <span class='ocrx_word' id='word_1_525' title='bbox 868 3377 1158 3449; x_wconf 88' lang='lat' dir='ltr'><strong>quilsrael,</strong></span> <span class='ocrx_word' id='word_1_526' title='bbox 1190 3377 1519 3450; x_wconf 88' lang='lat' dir='ltr'><strong>possidetur.</strong></span> 
     </span>
    </p>
   </div>
   <div class='ocr_carea' id='block_1_64' title="bbox 505 3470 2034 3546">
    <p class='ocr_par' dir='ltr' id='par_1_64' title="bbox 505 3470 2034 3546">
     <span class='ocr_line' id='line_1_64' title="bbox 505 3470 2034 3546; baseline 0.003 -18"><span class='ocrx_word' id='word_1_527' title='bbox 505 3473 558 3528; x_wconf 91' lang='lat'><strong>6.</strong></span> <span class='ocrx_word' id='word_1_528' title='bbox 590 3472 755 3527; x_wconf 87' lang='lat' dir='ltr'><strong>Jacob</strong></span> <span class='ocrx_word' id='word_1_529' title='bbox 778 3470 1208 3543; x_wconf 79' lang='lat' dir='ltr'><strong>Ecclesiwlypus.</strong></span> <span class='ocrx_word' id='word_1_530' title='bbox 1267 3503 1337 3514; x_wconf 90' lang='lat'><strong>-—</strong></span> <span class='ocrx_word' id='word_1_531' title='bbox 1392 3475 1496 3530; x_wconf 89' lang='lat' dir='ltr'><strong>Sed</strong></span> <span class='ocrx_word' id='word_1_532' title='bbox 1543 3475 1655 3546; x_wconf 89' lang='lat' dir='ltr'><strong>jam</strong></span> <span class='ocrx_word' id='word_1_533' title='bbox 1709 3477 1762 3531; x_wconf 89' lang='lat' dir='ltr'><strong>in</strong></span> <span class='ocrx_word' id='word_1_534' title='bbox 1807 3475 2034 3533; x_wconf 84' lang='lat' dir='ltr'><strong>exordio</strong></span> 
     </span>
    </p>
   </div>
   <div class='ocr_carea' id='block_1_65' title="bbox 427 3565 2034 3642">
    <p class='ocr_par' dir='ltr' id='par_1_65' title="bbox 427 3565 2034 3642">
     <span class='ocr_line' id='line_1_65' title="bbox 427 3565 2034 3642; baseline 0.001 -16"><span class='ocrx_word' id='word_1_535' title='bbox 427 3565 697 3626; x_wconf 81' lang='lat' dir='ltr'><strong>sermonis</strong></span> <span class='ocrx_word' id='word_1_536' title='bbox 721 3569 1028 3622; x_wconf 90' lang='lat' dir='ltr'><strong>monuimus</strong></span> <span class='ocrx_word' id='word_1_537' title='bbox 1046 3609 1060 3632; x_wconf 94' lang='lat'><strong>,</strong></span> <span class='ocrx_word' id='word_1_538' title='bbox 1095 3568 1185 3621; x_wconf 91' lang='lat' dir='ltr'><strong>illa</strong></span> <span class='ocrx_word' id='word_1_539' title='bbox 1207 3580 1273 3622; x_wconf 79' lang='lat' dir='ltr'><strong>ex</strong></span> <span class='ocrx_word' id='word_1_540' title='bbox 1300 3569 1460 3624; x_wconf 88' lang='lat' dir='ltr'><strong>rebus</strong></span> <span class='ocrx_word' id='word_1_541' title='bbox 1488 3571 1842 3639; x_wconf 88' lang='lat' dir='ltr'><strong>corporaliter</strong></span> <span class='ocrx_word' id='word_1_542' title='bbox 1867 3576 2034 3642; x_wconf 84' lang='lat' dir='ltr'><strong>gestis</strong></span> 
     </span>
    </p>
   </div>
   <div class='ocr_carea' id='block_1_66' title="bbox 429 3659 2032 3735">
    <p class='ocr_par' dir='ltr' id='par_1_66' title="bbox 429 3659 2032 3735">
     <span class='ocr_line' id='line_1_66' title="bbox 429 3659 2032 3735; baseline 0.004 -20"><span class='ocrx_word' id='word_1_543' title='bbox 429 3671 856 3715; x_wconf 86' lang='lat' dir='ltr'><strong>commemorata</strong></span> <span class='ocrx_word' id='word_1_544' title='bbox 888 3659 940 3714; x_wconf 90' lang='lat' dir='ltr'><strong>iu</strong></span> <span class='ocrx_word' id='word_1_545' title='bbox 973 3659 1182 3729; x_wconf 90' lang='lat' dir='ltr'><strong>psalmo</strong></span> <span class='ocrx_word' id='word_1_546' title='bbox 1204 3675 1358 3729; x_wconf 89' lang='lat' dir='ltr'><strong>esse,</strong></span> <span class='ocrx_word' id='word_1_547' title='bbox 1383 3661 1436 3717; x_wconf 90' lang='lat' dir='ltr'><strong>in</strong></span> <span class='ocrx_word' id='word_1_548' title='bbox 1462 3663 1657 3732; x_wconf 86' lang='lat' dir='ltr'><strong>quibus</strong></span> <span class='ocrx_word' id='word_1_549' title='bbox 1686 3663 1851 3718; x_wconf 89' lang='lat' dir='ltr'><strong>futuri</strong></span> <span class='ocrx_word' id='word_1_550' title='bbox 1906 3679 2032 3735; x_wconf 88' lang='lat' dir='ltr'><strong>spe-</strong></span> 
     </span>
    </p>
   </div>
   <div class='ocr_carea' id='block_1_67' title="bbox 429 3751 2031 3828">
    <p class='ocr_par' dir='ltr' id='par_1_67' title="bbox 429 3751 2031 3828">
     <span class='ocr_line' id='line_1_67' title="bbox 429 3751 2031 3828; baseline 0.002 -20"><span class='ocrx_word' id='word_1_551' title='bbox 429 3752 544 3808; x_wconf 90' lang='lat' dir='ltr'><strong>cies</strong></span> <span class='ocrx_word' id='word_1_552' title='bbox 567 3759 839 3823; x_wconf 89' lang='lat' dir='ltr'><strong>tamquam</strong></span> <span class='ocrx_word' id='word_1_553' title='bbox 863 3751 918 3806; x_wconf 91' lang='lat' dir='ltr'><strong>in</strong></span> <span class='ocrx_word' id='word_1_554' title='bbox 942 3751 1162 3823; x_wconf 84' lang='lat' dir='ltr'><strong>speculo</strong></span> <span class='ocrx_word' id='word_1_555' title='bbox 1186 3753 1454 3809; x_wconf 90' lang='lat' dir='ltr'><strong>reluceret</strong></span> <span class='ocrx_word' id='word_1_556' title='bbox 1487 3773 1498 3808; x_wconf 91' lang='lat'><strong>:</strong></span> <span class='ocrx_word' id='word_1_557' title='bbox 1525 3769 1587 3810; x_wconf 91' lang='lat' dir='ltr'><strong>ea</strong></span> <span class='ocrx_word' id='word_1_558' title='bbox 1611 3771 1825 3828; x_wconf 92' lang='lat' dir='ltr'><strong>quoque</strong></span> <span class='ocrx_word' id='word_1_559' title='bbox 1863 3757 2031 3827; x_wconf 81' lang='lat' dir='ltr'><strong>gestis</strong></span> 
     </span>
    </p>
   </div>
   <div class='ocr_carea' id='block_1_68' title="bbox 431 3842 2035 3919">
    <p class='ocr_par' dir='ltr' id='par_1_68' title="bbox 431 3842 2035 3919">
     <span class='ocr_line' id='line_1_68' title="bbox 431 3842 2035 3919; baseline 0.004 -20"><span class='ocrx_word' id='word_1_560' title='bbox 431 3842 598 3900; x_wconf 87' lang='lat' dir='ltr'><strong>rebus</strong></span> <span class='ocrx_word' id='word_1_561' title='bbox 621 3852 865 3913; x_wconf 80' lang='lat' dir='ltr'><strong>cooptata</strong></span> <span class='ocrx_word' id='word_1_562' title='bbox 887 3843 1046 3899; x_wconf 86' lang='lat' dir='ltr'><strong>verba</strong></span> <span class='ocrx_word' id='word_1_563' title='bbox 1073 3857 1352 3916; x_wconf 74' lang='lat' dir='ltr'><strong>esse,qua:</strong></span> <span class='ocrx_word' id='word_1_564' title='bbox 1382 3860 1502 3900; x_wconf 89' lang='lat' dir='ltr'><strong>cmn</strong></span> <span class='ocrx_word' id='word_1_565' title='bbox 1517 3862 1576 3901; x_wconf 91' lang='lat' dir='ltr'><strong>ea</strong></span> <span class='ocrx_word' id='word_1_566' title='bbox 1601 3862 1718 3918; x_wconf 77' lang='lat' dir='ltr'><strong>qua:</strong></span> <span class='ocrx_word' id='word_1_567' title='bbox 1734 3858 1883 3919; x_wconf 89' lang='lat' dir='ltr'><strong>gesta</strong></span> <span class='ocrx_word' id='word_1_568' title='bbox 1909 3858 2035 3905; x_wconf 87' lang='lat' dir='ltr'><strong>sunt</strong></span> 
     </span>
    </p>
   </div>
   <div class='ocr_carea' id='block_1_69' title="bbox 431 3935 2032 4008">
    <p class='ocr_par' dir='ltr' id='par_1_69' title="bbox 431 3935 2032 4008">
     <span class='ocr_line' id='line_1_69' title="bbox 431 3935 2032 4008; baseline 0.002 -16"><span class='ocrx_word' id='word_1_569' title='bbox 431 3935 800 4002; x_wconf 88' lang='lat' dir='ltr'><strong>enuntiarent,</strong></span> <span class='ocrx_word' id='word_1_570' title='bbox 863 3945 1040 3991; x_wconf 88' lang='lat' dir='ltr'><strong>tamen</strong></span> <span class='ocrx_word' id='word_1_571' title='bbox 1091 3935 1504 4008; x_wconf 86' lang='lat' dir='ltr'><strong>intelligentiam</strong></span> <span class='ocrx_word' id='word_1_572' title='bbox 1554 3941 1710 3996; x_wconf 91' lang='lat' dir='ltr'><strong>nobis</strong></span> <span class='ocrx_word' id='word_1_573' title='bbox 1735 3940 2032 3997; x_wconf 85' lang='lat' dir='ltr'><strong>absolutio-</strong></span> 
     </span>
    </p>
   </div>
   <div class='ocr_carea' id='block_1_70' title="bbox 427 4027 2028 4105">
    <p class='ocr_par' dir='ltr' id='par_1_70' title="bbox 427 4027 2028 4105">
     <span class='ocr_line' id='line_1_70' title="bbox 427 4027 2028 4105; baseline 0.002 -20"><span class='ocrx_word' id='word_1_574' title='bbox 427 4042 547 4085; x_wconf 86' lang='lat' dir='ltr'><strong>rem</strong></span> <span class='ocrx_word' id='word_1_575' title='bbox 569 4041 777 4093; x_wconf 90' lang='lat' dir='ltr'><strong>eorum,</strong></span> <span class='ocrx_word' id='word_1_576' title='bbox 805 4043 924 4099; x_wconf 79' lang='lat' dir='ltr'><strong>qua:</strong></span> <span class='ocrx_word' id='word_1_577' title='bbox 947 4027 1262 4100; x_wconf 88' lang='lat' dir='ltr'><strong>spiritaliter</strong></span> <span class='ocrx_word' id='word_1_578' title='bbox 1283 4030 1333 4084; x_wconf 91' lang='lat' dir='ltr'><strong>in</strong></span> <span class='ocrx_word' id='word_1_579' title='bbox 1345 4031 1514 4101; x_wconf 89' lang='lat' dir='ltr'><strong>gestis</strong></span> <span class='ocrx_word' id='word_1_580' title='bbox 1529 4035 1692 4087; x_wconf 87' lang='lat' dir='ltr'><strong>rebus</strong></span> <span class='ocrx_word' id='word_1_581' title='bbox 1714 4034 2028 4105; x_wconf 67' lang='lat' dir='ltr'><strong>praeﬁgura-</strong></span> 
     </span>
    </p>
   </div>
   <div class='ocr_carea' id='block_1_71' title="bbox 427 4119 2032 4192">
    <p class='ocr_par' dir='ltr' id='par_1_71' title="bbox 427 4119 2032 4192">
     <span class='ocr_line' id='line_1_71' title="bbox 427 4119 2032 4192; baseline 0.002 -14"><span class='ocrx_word' id='word_1_582' title='bbox 427 4119 652 4189; x_wconf 84' lang='lat' dir='ltr'><strong>bantur,</strong></span> <span class='ocrx_word' id='word_1_583' title='bbox 686 4119 962 4177; x_wconf 80' lang='lat' dir='ltr'><strong>atl‘errent.</strong></span> <span class='ocrx_word' id='word_1_584' title='bbox 991 4122 1085 4178; x_wconf 90' lang='lat' dir='ltr'><strong>Dei</strong></span> <span class='ocrx_word' id='word_1_585' title='bbox 1115 4135 1310 4177; x_wconf 87' lang='lat' dir='ltr'><strong>nomen</strong></span> <span class='ocrx_word' id='word_1_586' title='bbox 1334 4139 1500 4180; x_wconf 86' lang='lat' dir='ltr'><strong>suave</strong></span> <span class='ocrx_word' id='word_1_587' title='bbox 1525 4134 1609 4180; x_wconf 85' lang='lat' dir='ltr'><strong>est</strong></span> <span class='ocrx_word' id='word_1_588' title='bbox 1628 4167 1642 4192; x_wconf 94' lang='lat'><strong>,</strong></span> <span class='ocrx_word' id='word_1_589' title='bbox 1667 4141 1774 4182; x_wconf 90' lang='lat' dir='ltr'><strong>non</strong></span> <span class='ocrx_word' id='word_1_590' title='bbox 1798 4129 1888 4182; x_wconf 90' lang='lat' dir='ltr'><strong>uni</strong></span> <span class='ocrx_word' id='word_1_591' title='bbox 1914 4139 2032 4183; x_wconf 85' lang='lat' dir='ltr'><strong>tan-</strong></span> 
     </span>
    </p>
   </div>
   <div class='ocr_carea' id='block_1_72' title="bbox 426 4213 2027 4292">
    <p class='ocr_par' dir='ltr' id='par_1_72' title="bbox 426 4213 2027 4292">
     <span class='ocr_line' id='line_1_72' title="bbox 426 4213 2027 4292; baseline 0.005 -24"><span class='ocrx_word' id='word_1_592' title='bbox 426 4223 541 4269; x_wconf 89' lang='lat' dir='ltr'><strong>tum</strong></span> <span class='ocrx_word' id='word_1_593' title='bbox 573 4213 750 4285; x_wconf 89' lang='lat' dir='ltr'><strong>genti,</strong></span> <span class='ocrx_word' id='word_1_594' title='bbox 777 4225 941 4285; x_wconf 89' lang='lat' dir='ltr'><strong>atque</strong></span> <span class='ocrx_word' id='word_1_595' title='bbox 978 4214 1082 4285; x_wconf 89' lang='lat' dir='ltr'><strong>ipsi</strong></span> <span class='ocrx_word' id='word_1_596' title='bbox 1111 4214 1462 4286; x_wconf 83' lang='lat' dir='ltr'><strong>irreligiosae;</strong></span> <span class='ocrx_word' id='word_1_597' title='bbox 1489 4219 1587 4275; x_wconf 91' lang='lat' dir='ltr'><strong>sed</strong></span> <span class='ocrx_word' id='word_1_598' title='bbox 1613 4220 1864 4276; x_wconf 87' lang='lat' dir='ltr'><strong>omnibus</strong></span> <span class='ocrx_word' id='word_1_599' title='bbox 1913 4221 2027 4292; x_wconf 89' lang='lat' dir='ltr'><strong>jam</strong></span> 
     </span>
    </p>
   </div>
   <div class='ocr_carea' id='block_1_73' title="bbox 428 4302 2022 4385">
    <p class='ocr_par' dir='ltr' id='par_1_73' title="bbox 428 4302 2022 4385">
     <span class='ocr_line' id='line_1_73' title="bbox 428 4302 2022 4385; baseline 0.006 -26"><span class='ocrx_word' id='word_1_600' title='bbox 428 4302 680 4376; x_wconf 88' lang='lat' dir='ltr'><strong>gentibus</strong></span> <span class='ocrx_word' id='word_1_601' title='bbox 705 4314 865 4377; x_wconf 89' lang='lat' dir='ltr'><strong>atque</strong></span> <span class='ocrx_word' id='word_1_602' title='bbox 889 4307 1104 4378; x_wconf 87' lang='lat' dir='ltr'><strong>linguis.</strong></span> <span class='ocrx_word' id='word_1_603' title='bbox 1128 4307 1298 4364; x_wconf 88' lang='lat' dir='ltr'><strong>Jacob</strong></span> <span class='ocrx_word' id='word_1_604' title='bbox 1319 4310 1461 4365; x_wconf 91' lang='lat' dir='ltr'><strong>enim</strong></span> <span class='ocrx_word' id='word_1_605' title='bbox 1485 4310 1586 4366; x_wconf 90' lang='lat' dir='ltr'><strong>sibi</strong></span> <span class='ocrx_word' id='word_1_606' title='bbox 1619 4313 1812 4383; x_wconf 85' lang='lat' dir='ltr'><strong>elegit,</strong></span> <span class='ocrx_word' id='word_1_607' title='bbox 1848 4315 2022 4385; x_wconf 87' lang='lat' dir='ltr'><strong>majo-</strong></span> 
     </span>
    </p>
   </div>
   <div class='ocr_carea' id='block_1_74' title="bbox 427 4399 2026 4475">
    <p class='ocr_par' dir='ltr' id='par_1_74' title="bbox 427 4399 2026 4475">
     <span class='ocr_line' id='line_1_74' title="bbox 427 4399 2026 4475; baseline 0.006 -21"><span class='ocrx_word' id='word_1_608' title='bbox 427 4411 544 4454; x_wconf 88' lang='lat' dir='ltr'><strong>rem</strong></span> <span class='ocrx_word' id='word_1_609' title='bbox 575 4405 704 4454; x_wconf 89' lang='lat' dir='ltr'><strong>natu</strong></span> <span class='ocrx_word' id='word_1_610' title='bbox 729 4399 1195 4471; x_wconf 88' lang='lat' dir='ltr'><strong>supplantantem,</strong></span> <span class='ocrx_word' id='word_1_611' title='bbox 1227 4411 1499 4458; x_wconf 87' lang='lat' dir='ltr'><strong>ementem</strong></span> <span class='ocrx_word' id='word_1_612' title='bbox 1524 4404 1788 4475; x_wconf 88' lang='lat' dir='ltr'><strong>primitias</strong></span> <span class='ocrx_word' id='word_1_613' title='bbox 1815 4407 1940 4462; x_wconf 88' lang='lat' dir='ltr'><strong>cibo</strong></span> <span class='ocrx_word' id='word_1_614' title='bbox 1971 4416 2026 4463; x_wconf 91' lang='lat' dir='ltr'><strong>et</strong></span> 
     </span>
    </p>
   </div>
   <div class='ocr_carea' id='block_1_75' title="bbox 2143 3285 3720 3364">
    <p class='ocr_par' dir='ltr' id='par_1_75' title="bbox 2143 3285 3720 3364">
     <span class='ocr_line' id='line_1_75' title="bbox 2143 3285 3720 3364; baseline 0.004 -22"><span class='ocrx_word' id='word_1_615' title='bbox 2143 3303 2361 3359; x_wconf 88' lang='lat' dir='ltr'><strong>magnus</strong></span> <span class='ocrx_word' id='word_1_616' title='bbox 2395 3296 2469 3340; x_wconf 84' lang='lat' dir='ltr'><strong>est</strong></span> <span class='ocrx_word' id='word_1_617' title='bbox 2513 3285 2764 3342; x_wconf 83' lang='lat' dir='ltr'><strong>Dominus</strong></span> <span class='ocrx_word' id='word_1_618' title='bbox 2791 3304 2810 3342; x_wconf 87' lang='lat'><strong><em>:</em></strong></span> <span class='ocrx_word' id='word_1_619' title='bbox 2840 3299 2886 3342; x_wconf 83' lang='lat' dir='ltr'><strong>et</strong></span> <span class='ocrx_word' id='word_1_620' title='bbox 2917 3288 3054 3343; x_wconf 81' lang='lat' dir='ltr'><strong>Deus</strong></span> <span class='ocrx_word' id='word_1_621' title='bbox 3079 3300 3248 3345; x_wconf 80' lang='lat' dir='ltr'><strong>noster</strong></span> <span class='ocrx_word' id='word_1_622' title='bbox 3275 3291 3356 3364; x_wconf 83' lang='lat' dir='ltr'><strong>(It)</strong></span> <span class='ocrx_word' id='word_1_623' title='bbox 3383 3310 3493 3362; x_wconf 67' lang='lat' dir='ltr'><strong>pre</strong></span> <span class='ocrx_word' id='word_1_624' title='bbox 3517 3296 3720 3349; x_wconf 66' lang='lat' dir='ltr'><strong>cumbas</strong></span> 
     </span>
    </p>
   </div>
   <div class='ocr_carea' id='block_1_76' title="bbox 2143 3379 3719 3459">
    <p class='ocr_par' dir='ltr' id='par_1_76' title="bbox 2143 3379 3719 3459">
     <span class='ocr_line' id='line_1_76' title="bbox 2143 3379 3719 3459; baseline 0.007 -25"><span class='ocrx_word' id='word_1_625' title='bbox 2143 3382 2266 3436; x_wconf 84' lang='lat' dir='ltr'><strong>diis.</strong></span> <span class='ocrx_word' id='word_1_626' title='bbox 2298 3379 2412 3435; x_wconf 84' lang='lat' dir='ltr'><strong>Non</strong></span> <span class='ocrx_word' id='word_1_627' title='bbox 2445 3395 2556 3451; x_wconf 72' lang='lat' dir='ltr'><strong>prm</strong></span> <span class='ocrx_word' id='word_1_628' title='bbox 2592 3381 2696 3436; x_wconf 89' lang='lat' dir='ltr'><strong>diis</strong></span> <span class='ocrx_word' id='word_1_629' title='bbox 2725 3383 2977 3438; x_wconf 89' lang='lat' dir='ltr'><strong>omnibus</strong></span> <span class='ocrx_word' id='word_1_630' title='bbox 3005 3385 3112 3439; x_wconf 86' lang='lat' dir='ltr'><strong>illis</strong></span> <span class='ocrx_word' id='word_1_631' title='bbox 3142 3396 3248 3450; x_wconf 88' lang='lat' dir='ltr'><strong>est,</strong></span> <span class='ocrx_word' id='word_1_632' title='bbox 3277 3387 3347 3442; x_wconf 92' lang='lat' dir='ltr'><strong>de</strong></span> <span class='ocrx_word' id='word_1_633' title='bbox 3383 3389 3578 3459; x_wconf 85' lang='lat' dir='ltr'><strong>quibus</strong></span> <span class='ocrx_word' id='word_1_634' title='bbox 3605 3391 3719 3445; x_wconf 77' lang='lat' dir='ltr'><strong>infra</strong></span> 
     </span>
    </p>
   </div>
   <div class='ocr_carea' id='block_1_77' title="bbox 2141 3472 3718 3553">
    <p class='ocr_par' dir='ltr' id='par_1_77' title="bbox 2141 3472 3718 3553">
     <span class='ocr_line' id='line_1_77' title="bbox 2141 3472 3718 3553; baseline 0.005 -25"><span class='ocrx_word' id='word_1_635' title='bbox 2141 3474 2212 3529; x_wconf 89' lang='lat' dir='ltr'><strong>ait</strong></span> <span class='ocrx_word' id='word_1_636' title='bbox 2253 3491 2266 3528; x_wconf 87' lang='lat'><strong>:</strong></span> <span class='ocrx_word' id='word_1_637' title='bbox 2307 3472 2603 3529; x_wconf 85' lang='lat' dir='ltr'><strong>Simulacra</strong></span> <span class='ocrx_word' id='word_1_638' title='bbox 2640 3476 2868 3546; x_wconf 84' lang='lat' dir='ltr'><strong>gentium</strong></span> <span class='ocrx_word' id='word_1_639' title='bbox 2917 3486 3184 3548; x_wconf 81' lang='lat' dir='ltr'><strong>argentum</strong></span> <span class='ocrx_word' id='word_1_640' title='bbox 3227 3490 3275 3534; x_wconf 85' lang='lat' dir='ltr'><strong>et</strong></span> <span class='ocrx_word' id='word_1_641' title='bbox 3320 3497 3531 3550; x_wconf 82' lang='lat' dir='ltr'><strong>aurum,</strong></span> <span class='ocrx_word' id='word_1_642' title='bbox 3588 3501 3718 3553; x_wconf 73' lang='lat' dir='ltr'><strong>apem</strong></span> 
     </span>
    </p>
   </div>
   <div class='ocr_carea' id='block_1_78' title="bbox 2141 3570 3718 3649">
    <p class='ocr_par' dir='ltr' id='par_1_78' title="bbox 2141 3570 3718 3649">
     <span class='ocr_line' id='line_1_78' title="bbox 2141 3570 3718 3649; baseline 0.004 -26"><span class='ocrx_word' id='word_1_643' title='bbox 2141 3585 2387 3624; x_wconf 87' lang='lat' dir='ltr'><strong>manuum</strong></span> <span class='ocrx_word' id='word_1_644' title='bbox 2439 3570 2705 3624; x_wconf 81' lang='lat' dir='ltr'><strong>hominum</strong></span> <span class='ocrx_word' id='word_1_645' title='bbox 2761 3587 2780 3624; x_wconf 91' lang='lat'><strong><em>:</em></strong></span> <span class='ocrx_word' id='word_1_646' title='bbox 2839 3587 2896 3625; x_wconf 88' lang='lat' dir='ltr'><strong>os</strong></span> <span class='ocrx_word' id='word_1_647' title='bbox 2961 3573 3146 3627; x_wconf 85' lang='lat' dir='ltr'><strong>habent</strong></span> <span class='ocrx_word' id='word_1_648' title='bbox 3204 3585 3253 3630; x_wconf 82' lang='lat' dir='ltr'><strong>et</strong></span> <span class='ocrx_word' id='word_1_649' title='bbox 3313 3592 3417 3630; x_wconf 87' lang='lat' dir='ltr'><strong>non</strong></span> <span class='ocrx_word' id='word_1_650' title='bbox 3480 3579 3718 3649; x_wconf 65' lang='lat' dir='ltr'><strong>loquentia</strong></span> 
     </span>
    </p>
   </div>
   <div class='ocr_carea' id='block_1_79' title="bbox 2139 3657 3719 3738">
    <p class='ocr_par' dir='ltr' id='par_1_79' title="bbox 2139 3657 3719 3738">
     <span class='ocr_line' id='line_1_79' title="bbox 2139 3657 3719 3738; baseline 0.008 -24"><span class='ocrx_word' id='word_1_651' title='bbox 2139 3657 2293 3731; x_wconf 80' lang='lat' dir='ltr'><strong>(Psal</strong></span> <span class='ocrx_word' id='word_1_652' title='bbox 2321 3677 2470 3729; x_wconf 79' lang='lat' dir='ltr'><strong>cstn,</strong></span> <span class='ocrx_word' id='word_1_653' title='bbox 2497 3661 2532 3715; x_wconf 78' lang='grc'><strong>4</strong></span> <span class='ocrx_word' id='word_1_654' title='bbox 2556 3672 2602 3717; x_wconf 85' lang='grc' dir='ltr'>ει</span> <span class='ocrx_word' id='word_1_655' title='bbox 2633 3659 2711 3732; x_wconf 83' lang='grc'><strong>5).</strong></span> <span class='ocrx_word' id='word_1_656' title='bbox 2743 3662 2886 3717; x_wconf 82' lang='lat' dir='ltr'><strong>Nihil</strong></span> <span class='ocrx_word' id='word_1_657' title='bbox 2911 3665 3054 3720; x_wconf 89' lang='lat' dir='ltr'><strong>enim</strong></span> <span class='ocrx_word' id='word_1_658' title='bbox 3090 3682 3366 3738; x_wconf 85' lang='lat' dir='ltr'><strong>magnum,</strong></span> <span class='ocrx_word' id='word_1_659' title='bbox 3412 3672 3456 3726; x_wconf 90' lang='lat' dir='ltr'><strong>si</strong></span> <span class='ocrx_word' id='word_1_660' title='bbox 3513 3675 3719 3728; x_wconf 79' lang='lat' dir='ltr'><strong>metallis</strong></span> 
     </span>
    </p>
   </div>
   <div class='ocr_carea' id='block_1_80' title="bbox 2140 3756 3712 3836">
    <p class='ocr_par' dir='ltr' id='par_1_80' title="bbox 2140 3756 3712 3836">
     <span class='ocr_line' id='line_1_80' title="bbox 2140 3756 3712 3836; baseline 0.006 -26"><span class='ocrx_word' id='word_1_661' title='bbox 2140 3763 2198 3810; x_wconf 90' lang='lat' dir='ltr'><strong>et</strong></span> <span class='ocrx_word' id='word_1_662' title='bbox 2215 3756 2361 3810; x_wconf 82' lang='lat' dir='ltr'><strong>saxis</strong></span> <span class='ocrx_word' id='word_1_663' title='bbox 2391 3762 2442 3810; x_wconf 88' lang='lat' dir='ltr'><strong>et</strong></span> <span class='ocrx_word' id='word_1_664' title='bbox 2469 3756 2628 3825; x_wconf 84' lang='lat' dir='ltr'><strong>lignis</strong></span> <span class='ocrx_word' id='word_1_665' title='bbox 2651 3767 2993 3826; x_wconf 87' lang='lat' dir='ltr'><strong>comparatus</strong></span> <span class='ocrx_word' id='word_1_666' title='bbox 3023 3759 3328 3829; x_wconf 65' lang='lat' dir='ltr'><strong>praefertur.</strong></span> <span class='ocrx_word' id='word_1_667' title='bbox 3375 3763 3443 3819; x_wconf 81' lang='lat' dir='ltr'><strong>Et</strong></span> <span class='ocrx_word' id='word_1_668' title='bbox 3486 3766 3609 3836; x_wconf 85' lang='lat' dir='ltr'><strong>quia</strong></span> <span class='ocrx_word' id='word_1_669' title='bbox 3643 3767 3712 3820; x_wconf 82' lang='lat' dir='ltr'><strong>isti</strong></span> 
     </span>
    </p>
   </div>
   <div class='ocr_carea' id='block_1_81' title="bbox 2140 3845 3716 3922">
    <p class='ocr_par' dir='ltr' id='par_1_81' title="bbox 2140 3845 3716 3922">
     <span class='ocr_line' id='line_1_81' title="bbox 2140 3845 3716 3922; baseline 0.009 -22"><span class='ocrx_word' id='word_1_670' title='bbox 2140 3845 2216 3901; x_wconf 91' lang='lat' dir='ltr'><strong>dii</strong></span> <span class='ocrx_word' id='word_1_671' title='bbox 2245 3861 2353 3902; x_wconf 92' lang='lat' dir='ltr'><strong>non</strong></span> <span class='ocrx_word' id='word_1_672' title='bbox 2375 3857 2520 3915; x_wconf 92' lang='lat' dir='ltr'><strong>sunt,</strong></span> <span class='ocrx_word' id='word_1_673' title='bbox 2551 3849 2902 3918; x_wconf 67' lang='lat' dir='ltr'><strong>quaerendum</strong></span> <span class='ocrx_word' id='word_1_674' title='bbox 2924 3861 3010 3906; x_wconf 90' lang='lat' dir='ltr'><strong>est</strong></span> <span class='ocrx_word' id='word_1_675' title='bbox 3036 3867 3175 3922; x_wconf 89' lang='lat' dir='ltr'><strong>quos</strong></span> <span class='ocrx_word' id='word_1_676' title='bbox 3199 3853 3334 3910; x_wconf 90' lang='lat' dir='ltr'><strong>deos</strong></span> <span class='ocrx_word' id='word_1_677' title='bbox 3375 3855 3592 3913; x_wconf 75' lang='lat' dir='ltr'><strong>dixerit.</strong></span> <span class='ocrx_word' id='word_1_678' title='bbox 3620 3859 3716 3914; x_wconf 77' lang='lat' dir='ltr'><strong>Non</strong></span> 
     </span>
    </p>
   </div>
   <div class='ocr_carea' id='block_1_82' title="bbox 2142 3923 3716 4020">
    <p class='ocr_par' dir='ltr' id='par_1_82' title="bbox 2142 3923 3716 4020">
     <span class='ocr_line' id='line_1_82' title="bbox 2142 3923 3716 4020; baseline 0.008 -27"><span class='ocrx_word' id='word_1_679' title='bbox 2142 3939 2286 3994; x_wconf 87' lang='lat' dir='ltr'><strong>enim</strong></span> <span class='ocrx_word' id='word_1_680' title='bbox 2315 3923 2541 3994; x_wconf 87' lang='lat' dir='ltr'><strong>deorum</strong></span> <span class='ocrx_word' id='word_1_681' title='bbox 2569 3940 2970 3998; x_wconf 90' lang='lat' dir='ltr'><strong>multitudinem</strong></span> <span class='ocrx_word' id='word_1_682' title='bbox 3023 3944 3266 4001; x_wconf 78' lang='lat' dir='ltr'><strong>Ecclesia</strong></span> <span class='ocrx_word' id='word_1_683' title='bbox 3307 3953 3606 4020; x_wconf 86' lang='lat' dir='ltr'><strong>cognoscit.</strong></span> <span class='ocrx_word' id='word_1_684' title='bbox 3635 3951 3716 4006; x_wconf 76' lang='lat' dir='ltr'><strong>Er-</strong></span> 
     </span>
    </p>
   </div>
   <div class='ocr_carea' id='block_1_83' title="bbox 2135 4032 3718 4118">
    <p class='ocr_par' dir='ltr' id='par_1_83' title="bbox 2135 4032 3718 4118">
     <span class='ocr_line' id='line_1_83' title="bbox 2135 4032 3718 4118; baseline 0.008 -30"><span class='ocrx_word' id='word_1_685' title='bbox 2135 4047 2228 4088; x_wconf 90' lang='lat' dir='ltr'><strong>ror</strong></span> <span class='ocrx_word' id='word_1_686' title='bbox 2256 4032 2342 4089; x_wconf 88' lang='lat' dir='ltr'><strong>hic</strong></span> <span class='ocrx_word' id='word_1_687' title='bbox 2377 4035 2616 4104; x_wconf 89' lang='lat' dir='ltr'><strong>gentium</strong></span> <span class='ocrx_word' id='word_1_688' title='bbox 2661 4044 2766 4103; x_wconf 89' lang='lat' dir='ltr'><strong>est,</strong></span> <span class='ocrx_word' id='word_1_689' title='bbox 2796 4046 2849 4090; x_wconf 92' lang='lat' dir='ltr'><strong>ut</strong></span> <span class='ocrx_word' id='word_1_690' title='bbox 2879 4037 3054 4094; x_wconf 89' lang='lat' dir='ltr'><strong>coitus</strong></span> <span class='ocrx_word' id='word_1_691' title='bbox 3077 4047 3131 4094; x_wconf 87' lang='lat' dir='ltr'><strong>et</strong></span> <span class='ocrx_word' id='word_1_692' title='bbox 3177 4053 3474 4112; x_wconf 85' lang='lat' dir='ltr'><strong>conceptus</strong></span> <span class='ocrx_word' id='word_1_693' title='bbox 3525 4059 3576 4100; x_wconf 89' lang='lat' dir='ltr'><strong>et</strong></span> <span class='ocrx_word' id='word_1_694' title='bbox 3615 4063 3718 4118; x_wconf 83' lang='lat' dir='ltr'><strong>pro-</strong></span> 
     </span>
    </p>
   </div>
   <div class='ocr_carea' id='block_1_84' title="bbox 2136 4127 3716 4209">
    <p class='ocr_par' dir='ltr' id='par_1_84' title="bbox 2136 4127 3716 4209">
     <span class='ocr_line' id='line_1_84' title="bbox 2136 4127 3716 4209; baseline 0.008 -28"><span class='ocrx_word' id='word_1_695' title='bbox 2136 4127 2440 4182; x_wconf 87' lang='lat' dir='ltr'><strong>creationes</strong></span> <span class='ocrx_word' id='word_1_696' title='bbox 2484 4138 2540 4182; x_wconf 91' lang='lat' dir='ltr'><strong>et</strong></span> <span class='ocrx_word' id='word_1_697' title='bbox 2577 4128 2951 4186; x_wconf 90' lang='lat' dir='ltr'><strong>successiones</strong></span> <span class='ocrx_word' id='word_1_698' title='bbox 2991 4131 3218 4188; x_wconf 86' lang='lat' dir='ltr'><strong>deorum</strong></span> <span class='ocrx_word' id='word_1_699' title='bbox 3266 4145 3363 4190; x_wconf 92' lang='lat' dir='ltr'><strong>aut</strong></span> <span class='ocrx_word' id='word_1_700' title='bbox 3413 4137 3594 4209; x_wconf 84' lang='lat' dir='ltr'><strong>ﬁngat,</strong></span> <span class='ocrx_word' id='word_1_701' title='bbox 3638 4151 3716 4194; x_wconf 79' lang='lat' dir='ltr'><strong>ant</strong></span> 
     </span>
    </p>
   </div>
   <div class='ocr_carea' id='block_1_85' title="bbox 2135 4217 3715 4298">
    <p class='ocr_par' dir='ltr' id='par_1_85' title="bbox 2135 4217 3715 4298">
     <span class='ocr_line' id='line_1_85' title="bbox 2135 4217 3715 4298; baseline 0.008 -24"><span class='ocrx_word' id='word_1_702' title='bbox 2135 4217 2342 4274; x_wconf 80' lang='lat' dir='ltr'><strong>credat.</strong></span> <span class='ocrx_word' id='word_1_703' title='bbox 2383 4218 2550 4275; x_wconf 84' lang='lat' dir='ltr'><strong>Nobis</strong></span> <span class='ocrx_word' id='word_1_704' title='bbox 2594 4231 2798 4289; x_wconf 88' lang='lat' dir='ltr'><strong>autem,</strong></span> <span class='ocrx_word' id='word_1_705' title='bbox 2852 4224 3149 4280; x_wconf 90' lang='lat' dir='ltr'><strong>secundum</strong></span> <span class='ocrx_word' id='word_1_706' title='bbox 3197 4228 3542 4298; x_wconf 80' lang='lat' dir='ltr'><strong>Apostolum,</strong></span> <span class='ocrx_word' id='word_1_707' title='bbox 3597 4248 3715 4287; x_wconf 77' lang='lat' dir='ltr'><strong>natis</strong></span> 
     </span>
    </p>
   </div>
   <div class='ocr_carea' id='block_1_86' title="bbox 2136 4312 3714 4389">
    <p class='ocr_par' dir='ltr' id='par_1_86' title="bbox 2136 4312 3714 4389">
     <span class='ocr_line' id='line_1_86' title="bbox 2136 4312 3714 4389; baseline 0.009 -23"><span class='ocrx_word' id='word_1_708' title='bbox 2136 4312 2280 4368; x_wconf 90' lang='lat' dir='ltr'><strong>Deus</strong></span> <span class='ocrx_word' id='word_1_709' title='bbox 2304 4329 2370 4368; x_wconf 90' lang='lat' dir='ltr'><strong>ex</strong></span> <span class='ocrx_word' id='word_1_710' title='bbox 2400 4329 2507 4382; x_wconf 88' lang='lat' dir='ltr'><strong>quo</strong></span> <span class='ocrx_word' id='word_1_711' title='bbox 2533 4315 2734 4380; x_wconf 88' lang='lat' dir='ltr'><strong>omnia,</strong></span> <span class='ocrx_word' id='word_1_712' title='bbox 2765 4324 2818 4371; x_wconf 91' lang='lat' dir='ltr'><strong>et</strong></span> <span class='ocrx_word' id='word_1_713' title='bbox 2848 4332 2948 4372; x_wconf 93' lang='lat' dir='ltr'><strong>nos</strong></span> <span class='ocrx_word' id='word_1_714' title='bbox 2973 4317 3026 4372; x_wconf 92' lang='lat' dir='ltr'><strong>in</strong></span> <span class='ocrx_word' id='word_1_715' title='bbox 3048 4318 3202 4389; x_wconf 87' lang='lat' dir='ltr'><strong>ipso;</strong></span> <span class='ocrx_word' id='word_1_716' title='bbox 3235 4331 3293 4376; x_wconf 90' lang='lat' dir='ltr'><strong>et</strong></span> <span class='ocrx_word' id='word_1_717' title='bbox 3315 4338 3454 4379; x_wconf 90' lang='lat' dir='ltr'><strong>unus</strong></span> <span class='ocrx_word' id='word_1_718' title='bbox 3476 4324 3714 4380; x_wconf 80' lang='lat' dir='ltr'><strong>Dominus</strong></span> 
     </span>
    </p>
   </div>
   <div class='ocr_carea' id='block_1_87' title="bbox 2130 4408 3714 4490">
    <p class='ocr_par' dir='ltr' id='par_1_87' title="bbox 2130 4408 3714 4490">
     <span class='ocr_line' id='line_1_87' title="bbox 2130 4408 3714 4490; baseline 0.006 -24"><span class='ocrx_word' id='word_1_719' title='bbox 2130 4419 2318 4466; x_wconf 88' lang='lat' dir='ltr'><strong>noster</strong></span> <span class='ocrx_word' id='word_1_720' title='bbox 2341 4408 2502 4466; x_wconf 84' lang='lat' dir='ltr'><strong>Jesus</strong></span> <span class='ocrx_word' id='word_1_721' title='bbox 2544 4409 2793 4466; x_wconf 86' lang='lat' dir='ltr'><strong>Christus</strong></span> <span class='ocrx_word' id='word_1_722' title='bbox 2821 4427 2922 4482; x_wconf 87' lang='lat' dir='ltr'><strong>per</strong></span> <span class='ocrx_word' id='word_1_723' title='bbox 2947 4427 3110 4482; x_wconf 86' lang='lat' dir='ltr'><strong>quem</strong></span> <span class='ocrx_word' id='word_1_724' title='bbox 3137 4414 3318 4472; x_wconf 91' lang='lat' dir='ltr'><strong>omnia</strong></span> <span class='ocrx_word' id='word_1_725' title='bbox 3345 4457 3359 4483; x_wconf 93' lang='lat'><strong>,</strong></span> <span class='ocrx_word' id='word_1_726' title='bbox 3408 4428 3465 4474; x_wconf 89' lang='lat' dir='ltr'><strong>et</strong></span> <span class='ocrx_word' id='word_1_727' title='bbox 3503 4434 3602 4475; x_wconf 89' lang='lat' dir='ltr'><strong>nos</strong></span> <span class='ocrx_word' id='word_1_728' title='bbox 3637 4435 3714 4490; x_wconf 80' lang='lat' dir='ltr'><strong>per</strong></span> 
     </span>
    </p>
   </div>
   <div class='ocr_carea' id='block_1_88' title="bbox 420 4576 3711 4671">
    <p class='ocr_par' dir='ltr' id='par_1_88' title="bbox 420 4576 3711 4671">
     <span class='ocr_line' id='line_1_88' title="bbox 420 4576 3711 4671; baseline 0.01 -40"><span class='ocrx_word' id='word_1_729' title='bbox 420 4609 423 4612; x_wconf 96' lang='lat'><strong><em>-</em></strong></span> <span class='ocrx_word' id='word_1_730' title='bbox 499 4577 578 4652; x_wconf 92' lang='lat' dir='ltr'><strong>(a)</strong></span> <span class='ocrx_word' id='word_1_731' title='bbox 602 4576 1060 4671; x_wconf 42' lang='lat' dir='ltr'><strong>Editi,.Dei.absit,</strong></span> <span class='ocrx_word' id='word_1_732' title='bbox 1077 4581 1220 4671; x_wconf 57' lang='lat' dir='ltr'><strong>qugd</strong></span> <span class='ocrx_word' id='word_1_733' title='bbox 1247 4585 1412 4671; x_wconf 82' lang='lat' dir='ltr'><strong>etiam</strong></span> <span class='ocrx_word' id='word_1_734' title='bbox 1433 4585 1684 4671; x_wconf 65' lang='lat' dir='ltr'><strong>secundis</strong></span> <span class='ocrx_word' id='word_1_735' title='bbox 1703 4587 1848 4671; x_wconf 82' lang='lat' dir='ltr'><strong>curis</strong></span> <span class='ocrx_word' id='word_1_736' title='bbox 1864 4586 2025 4671; x_wconf 69' lang='lat' dir='ltr'><strong>habet</strong></span> <span class='ocrx_word' id='word_1_737' title='bbox 2048 4587 2102 4651; x_wconf 91' lang='lat' dir='ltr'><strong>D</strong></span> <span class='ocrx_word' id='word_1_738' title='bbox 2129 4599 2250 4671; x_wconf 80' lang='lat' dir='ltr'><strong>teris</strong></span> <span class='ocrx_word' id='word_1_739' title='bbox 2281 4591 2512 4658; x_wconf 87' lang='lat' dir='ltr'><strong>dicatur,</strong></span> <span class='ocrx_word' id='word_1_740' title='bbox 2543 4593 2670 4662; x_wconf 89' lang='lat' dir='ltr'><strong>quia</strong></span> <span class='ocrx_word' id='word_1_741' title='bbox 2681 4597 3003 4666; x_wconf 81' lang='lat' dir='ltr'><strong>eam,etiam</strong></span> <span class='ocrx_word' id='word_1_742' title='bbox 3020 4598 3348 4671; x_wconf 87' lang='lat' dir='ltr'><strong>deprecante</strong></span> <span class='ocrx_word' id='word_1_743' title='bbox 3373 4604 3539 4671; x_wconf 87' lang='lat' dir='ltr'><strong>Esau,</strong></span> <span class='ocrx_word' id='word_1_744' title='bbox 3558 4610 3711 4665; x_wconf 80' lang='lat' dir='ltr'><strong>noluit</strong></span> 
     </span>
    </p>
   </div>
   <div class='ocr_carea' id='block_1_89' title="bbox 425 4651 2018 4727">
    <p class='ocr_par' dir='ltr' id='par_1_89' title="bbox 425 4651 2018 4727">
     <span class='ocr_line' id='line_1_89' title="bbox 425 4651 2018 4727; baseline 0.007 -23"><span class='ocrx_word' id='word_1_745' title='bbox 425 4651 532 4727; x_wconf 61' lang='lat' dir='ltr'><strong>nis.</strong></span> <span class='ocrx_word' id='word_1_746' title='bbox 560 4665 672 4727; x_wconf 79' lang='lat' dir='ltr'><strong>reg.</strong></span> <span class='ocrx_word' id='word_1_747' title='bbox 697 4651 788 4720; x_wconf 89' lang='lat' dir='ltr'><strong>qui</strong></span> <span class='ocrx_word' id='word_1_748' title='bbox 821 4652 970 4727; x_wconf 67' lang='lat' dir='ltr'><strong>prius</strong></span> <span class='ocrx_word' id='word_1_749' title='bbox 1001 4651 1122 4707; x_wconf 86' lang='lat' dir='ltr'><strong>cum</strong></span> <span class='ocrx_word' id='word_1_750' title='bbox 1151 4653 1358 4710; x_wconf 89' lang='lat' dir='ltr'><strong>Turon.</strong></span> <span class='ocrx_word' id='word_1_751' title='bbox 1386 4670 1499 4727; x_wconf 64' lang='lat' dir='ltr'><strong>pra:</strong></span> <span class='ocrx_word' id='word_1_752' title='bbox 1534 4671 1598 4712; x_wconf 89' lang='lat' dir='ltr'><strong>se</strong></span> <span class='ocrx_word' id='word_1_753' title='bbox 1625 4657 1856 4726; x_wconf 78' lang='lat' dir='ltr'><strong>ferebat,</strong></span> <span class='ocrx_word' id='word_1_754' title='bbox 1907 4659 2018 4716; x_wconf 88' lang='lat' dir='ltr'><strong>Deo</strong></span> 
     </span>
    </p>
   </div>
   <div class='ocr_carea' id='block_1_90' title="bbox 423 4722 1306 4789">
    <p class='ocr_par' dir='ltr' id='par_1_90' title="bbox 423 4722 1306 4789">
     <span class='ocr_line' id='line_1_90' title="bbox 423 4722 1306 4789; baseline 0.003 -11"><span class='ocrx_word' id='word_1_755' title='bbox 423 4722 575 4789; x_wconf 86' lang='lat' dir='ltr'><strong>absit,</strong></span> <span class='ocrx_word' id='word_1_756' title='bbox 606 4722 709 4776; x_wconf 85' lang='lat' dir='ltr'><strong>hoc</strong></span> <span class='ocrx_word' id='word_1_757' title='bbox 736 4731 839 4785; x_wconf 88' lang='lat' dir='ltr'><strong>est,</strong></span> <span class='ocrx_word' id='word_1_758' title='bbox 873 4722 984 4776; x_wconf 86' lang='lat' dir='ltr'><strong>Deo</strong></span> <span class='ocrx_word' id='word_1_759' title='bbox 1013 4740 1121 4778; x_wconf 91' lang='lat' dir='ltr'><strong>non</strong></span> <span class='ocrx_word' id='word_1_760' title='bbox 1144 4727 1306 4781; x_wconf 88' lang='lat' dir='ltr'><strong>adsit.</strong></span> 
     </span>
    </p>
   </div>
   <div class='ocr_carea' id='block_1_91' title="bbox 497 4813 2018 4894">
    <p class='ocr_par' dir='ltr' id='par_1_91' title="bbox 497 4813 2018 4894">
     <span class='ocr_line' id='line_1_91' title="bbox 497 4813 2018 4894; baseline 0.009 -27"><span class='ocrx_word' id='word_1_761' title='bbox 497 4813 572 4886; x_wconf 89' lang='lat' dir='ltr'><strong>(b)</strong></span> <span class='ocrx_word' id='word_1_762' title='bbox 601 4813 794 4869; x_wconf 89' lang='lat' dir='ltr'><strong>Deerat</strong></span> <span class='ocrx_word' id='word_1_763' title='bbox 816 4815 1037 4884; x_wconf 83' lang='lat' dir='ltr'><strong>primum</strong></span> <span class='ocrx_word' id='word_1_764' title='bbox 1057 4815 1111 4870; x_wconf 91' lang='lat' dir='ltr'><strong>in</strong></span> <span class='ocrx_word' id='word_1_765' title='bbox 1146 4815 1296 4886; x_wconf 90' lang='lat' dir='ltr'><strong>prius</strong></span> <span class='ocrx_word' id='word_1_766' title='bbox 1331 4819 1582 4894; x_wconf 88' lang='lat' dir='ltr'><strong>vulgatis.</strong></span> <span class='ocrx_word' id='word_1_767' title='bbox 1610 4820 1933 4879; x_wconf 85' lang='lat' dir='ltr'><strong>Restituitur</strong></span> <span class='ocrx_word' id='word_1_768' title='bbox 1951 4839 2018 4880; x_wconf 88' lang='lat' dir='ltr'><strong>ex</strong></span> 
     </span>
    </p>
   </div>
   <div class='ocr_carea' id='block_1_92' title="bbox 423 4902 558 4942">
    <p class='ocr_par' dir='ltr' id='par_1_92' title="bbox 423 4902 558 4942">
     <span class='ocr_line' id='line_1_92' title="bbox 423 4902 558 4942; baseline -0.015 0"><span class='ocrx_word' id='word_1_769' title='bbox 423 4902 558 4942; x_wconf 89' lang='lat' dir='ltr'><strong>mss.</strong></span> 
     </span>
    </p>
   </div>
   <div class='ocr_carea' id='block_1_93' title="bbox 497 4973 2016 5056">
    <p class='ocr_par' dir='ltr' id='par_1_93' title="bbox 497 4973 2016 5056">
     <span class='ocr_line' id='line_1_93' title="bbox 497 4973 2016 5056; baseline 0.009 -26"><span class='ocrx_word' id='word_1_770' title='bbox 497 4973 570 5049; x_wconf 89' lang='lat' dir='ltr'><strong>(c)</strong></span> <span class='ocrx_word' id='word_1_771' title='bbox 595 4977 713 5043; x_wconf 88' lang='lat' dir='ltr'><strong>Er.,</strong></span> <span class='ocrx_word' id='word_1_772' title='bbox 743 4976 889 5056; x_wconf 77' lang='lat' dir='ltr'><strong>Lips.</strong></span> <span class='ocrx_word' id='word_1_773' title='bbox 922 4986 977 5032; x_wconf 90' lang='lat' dir='ltr'><strong>et</strong></span> <span class='ocrx_word' id='word_1_774' title='bbox 1005 4975 1126 5032; x_wconf 86' lang='lat' dir='ltr'><strong>Par.</strong></span> <span class='ocrx_word' id='word_1_775' title='bbox 1156 4980 1357 5037; x_wconf 85' lang='lat' dir='ltr'><strong>venales</strong></span> <span class='ocrx_word' id='word_1_776' title='bbox 1382 4983 1561 5055; x_wconf 87' lang='lat' dir='ltr'><strong>:quod</strong></span> <span class='ocrx_word' id='word_1_777' title='bbox 1583 5001 1689 5042; x_wconf 91' lang='lat' dir='ltr'><strong>non</strong></span> <span class='ocrx_word' id='word_1_778' title='bbox 1707 4983 2016 5056; x_wconf 76' lang='lat' dir='ltr'><strong>diSpliceret</strong></span> 
     </span>
    </p>
   </div>
   <div class='ocr_carea' id='block_1_94' title="bbox 421 5046 2010 5129">
    <p class='ocr_par' dir='ltr' id='par_1_94' title="bbox 421 5046 2010 5129">
     <span class='ocr_line' id='line_1_94' title="bbox 421 5046 2010 5129; baseline 0.009 -27"><span class='ocrx_word' id='word_1_779' title='bbox 493 5046 616 5129; x_wconf 73' lang='lat' dir='ltr'><strong>cum</strong></span> <span class='ocrx_word' id='word_1_780' title='bbox 645 5049 966 5129; x_wconf 77' lang='lat' dir='ltr'><strong>auctoritate</strong></span> <span class='ocrx_word' id='word_1_781' title='bbox 991 5057 1252 5129; x_wconf 84' lang='lat' dir='ltr'><strong>mutatum</strong></span> <span class='ocrx_word' id='word_1_782' title='bbox 1279 5046 1668 5129; x_wconf 68' lang='lat' dir='ltr'><strong>esset&#39;venalis,</strong></span> <span class='ocrx_word' id='word_1_783' title='bbox 1702 5046 1843 5128; x_wconf 75' lang='lat' dir='ltr'><strong>quod</strong></span> <span class='ocrx_word' id='word_1_784' title='bbox 1869 5062 2010 5129; x_wconf 85' lang='lat' dir='ltr'><strong>apud</strong></span> 
     </span>
    </p>
   </div>
   <div class='ocr_carea' id='block_1_95' title="bbox 419 5120 2011 5202">
    <p class='ocr_par' dir='ltr' id='par_1_95' title="bbox 419 5120 2011 5202">
     <span class='ocr_line' id='line_1_95' title="bbox 419 5120 2011 5202; baseline 0.011 -29"><span class='ocrx_word' id='word_1_785' title='bbox 419 5120 552 5202; x_wconf 51' lang='lat' dir='ltr'><strong>llud.</strong></span> <span class='ocrx_word' id='word_1_786' title='bbox 581 5137 648 5175; x_wconf 87' lang='lat' dir='ltr'><strong>ex</strong></span> <span class='ocrx_word' id='word_1_787' title='bbox 675 5121 1155 5202; x_wconf 57' lang='lat' dir='ltr'><strong>inss.__obtntebat,</strong></span> <span class='ocrx_word' id='word_1_788' title='bbox 1208 5127 1583 5202; x_wconf 72' lang='lat' dir='ltr'><strong>subintellecta</strong></span> <span class='ocrx_word' id='word_1_789' title='bbox 1630 5120 1762 5202; x_wconf 74' lang='lat' dir='ltr'><strong>voce</strong></span> <span class='ocrx_word' id='word_1_790' title='bbox 1810 5120 2011 5202; x_wconf 66' lang='lat' dir='ltr'><strong>fratris.</strong></span> 
     </span>
    </p>
   </div>
   <div class='ocr_carea' id='block_1_96' title="bbox 417 5190 2009 5272">
    <p class='ocr_par' dir='ltr' id='par_1_96' title="bbox 417 5190 2009 5272">
     <span class='ocr_line' id='line_1_96' title="bbox 417 5190 2009 5272; baseline 0.008 -26"><span class='ocrx_word' id='word_1_791' title='bbox 417 5190 536 5272; x_wconf 65' lang='lat' dir='ltr'><strong>line</strong></span> <span class='ocrx_word' id='word_1_792' title='bbox 561 5205 770 5272; x_wconf 75' lang='lat' dir='ltr'><strong>spectat</strong></span> <span class='ocrx_word' id='word_1_793' title='bbox 793 5193 922 5272; x_wconf 78' lang='lat' dir='ltr'><strong>illud</strong></span> <span class='ocrx_word' id='word_1_794' title='bbox 953 5191 1095 5247; x_wconf 78' lang='lat' dir='ltr'><strong>Psal.</strong></span> <span class='ocrx_word' id='word_1_795' title='bbox 1125 5208 1310 5272; x_wconf 74' lang='lat' dir='ltr'><strong>cxvnt,</strong></span> <span class='ocrx_word' id='word_1_796' title='bbox 1344 5213 1398 5251; x_wconf 92' lang='lat' dir='ltr'><strong>n.</strong></span> <span class='ocrx_word' id='word_1_797' title='bbox 1424 5201 1475 5265; x_wconf 89' lang='lat'><strong>7,</strong></span> <span class='ocrx_word' id='word_1_798' title='bbox 1511 5201 1598 5254; x_wconf 90' lang='lat' dir='ltr'><strong>ubi</strong></span> <span class='ocrx_word' id='word_1_799' title='bbox 1627 5190 2009 5272; x_wconf 62' lang='lat' dir='ltr'><strong>Jacob&#39;primi-</strong></span> 
     </span>
    </p>
   </div>
   <div class='ocr_carea' id='block_1_97' title="bbox 420 5261 2010 5336">
    <p class='ocr_par' dir='ltr' id='par_1_97' title="bbox 420 5261 2010 5336">
     <span class='ocr_line' id='line_1_97' title="bbox 420 5261 2010 5336; baseline 0.007 -19"><span class='ocrx_word' id='word_1_800' title='bbox 420 5265 522 5336; x_wconf 82' lang='lat' dir='ltr'><strong>tias</strong></span> <span class='ocrx_word' id='word_1_801' title='bbox 552 5261 747 5318; x_wconf 69' lang='lat' dir='ltr'><strong>emisse</strong></span> <span class='ocrx_word' id='word_1_802' title='bbox 776 5264 992 5336; x_wconf 85' lang='lat' dir='ltr'><strong>dicitur,</strong></span> <span class='ocrx_word' id='word_1_803' title='bbox 1022 5281 1148 5336; x_wconf 82' lang='lat' dir='ltr'><strong>quas</strong></span> <span class='ocrx_word' id='word_1_804' title='bbox 1174 5266 1347 5321; x_wconf 85' lang='lat' dir='ltr'><strong>senior</strong></span> <span class='ocrx_word' id='word_1_805' title='bbox 1375 5278 1420 5321; x_wconf 85' lang='lat' dir='ltr'><strong>et</strong></span> <span class='ocrx_word' id='word_1_806' title='bbox 1449 5261 1737 5336; x_wconf 72' lang='lat' dir='ltr'><strong>desperavit</strong></span> <span class='ocrx_word' id='word_1_807' title='bbox 1756 5261 2010 5328; x_wconf 61' lang='lat' dir='ltr'><strong>et&#39;vendi-</strong></span> 
     </span>
    </p>
   </div>
   <div class='ocr_carea' id='block_1_98' title="bbox 417 5333 2013 5416">
    <p class='ocr_par' dir='ltr' id='par_1_98' title="bbox 417 5333 2013 5416">
     <span class='ocr_line' id='line_1_98' title="bbox 417 5333 2013 5416; baseline 0.009 -31"><span class='ocrx_word' id='word_1_808' title='bbox 417 5333 543 5416; x_wconf 65' lang='lat' dir='ltr'><strong>dit;</strong></span> <span class='ocrx_word' id='word_1_809' title='bbox 587 5342 641 5389; x_wconf 87' lang='lat' dir='ltr'><strong>et</strong></span> <span class='ocrx_word' id='word_1_810' title='bbox 683 5335 849 5416; x_wconf 34' lang='lat' dir='ltr'><strong>paulo.</strong></span> <span class='ocrx_word' id='word_1_811' title='bbox 882 5343 1007 5416; x_wconf 66' lang='lat' dir='ltr'><strong>ante</strong></span> <span class='ocrx_word' id='word_1_812' title='bbox 1034 5333 1056 5389; x_wconf 64' lang='grc' dir='ltr'>ξ</span> <span class='ocrx_word' id='word_1_813' title='bbox 1100 5335 1240 5390; x_wconf 77' lang='lat' dir='ltr'><strong>Emit</strong></span> <span class='ocrx_word' id='word_1_814' title='bbox 1279 5339 1416 5416; x_wconf 83' lang='lat' dir='ltr'><strong>enim</strong></span> <span class='ocrx_word' id='word_1_815' title='bbox 1463 5333 1624 5416; x_wconf 67' lang='lat' dir='ltr'><strong>Iacob</strong></span> <span class='ocrx_word' id='word_1_816' title='bbox 1670 5345 2013 5416; x_wconf 83' lang='lat' dir='ltr'><strong>primogenita</strong></span> 
     </span>
    </p>
   </div>
   <div class='ocr_carea' id='block_1_99' title="bbox 415 5403 2010 5529">
    <p class='ocr_par' dir='ltr' id='par_1_99' title="bbox 415 5403 2010 5529">
     <span class='ocr_line' id='line_1_99' title="bbox 415 5403 2010 5486; baseline 0.011 -29"><span class='ocrx_word' id='word_1_817' title='bbox 415 5403 591 5486; x_wconf 79' lang='lat' dir='ltr'><strong>Esau,</strong></span> <span class='ocrx_word' id='word_1_818' title='bbox 617 5403 731 5476; x_wconf 68' lang='lat' dir='ltr'><strong>qui:</strong></span> <span class='ocrx_word' id='word_1_819' title='bbox 757 5406 851 5460; x_wconf 86' lang='lat' dir='ltr'><strong>sibi</strong></span> <span class='ocrx_word' id='word_1_820' title='bbox 880 5409 968 5462; x_wconf 84' lang='lat' dir='ltr'><strong>illo</strong></span> <span class='ocrx_word' id='word_1_821' title='bbox 989 5417 1255 5480; x_wconf 79' lang='lat' dir='ltr'><strong>tamquam</strong></span> <span class='ocrx_word' id='word_1_822' title='bbox 1273 5411 1553 5467; x_wconf 83' lang='lat' dir='ltr'><strong>moriturus</strong></span> <span class='ocrx_word' id='word_1_823' title='bbox 1582 5403 1788 5470; x_wconf 67' lang='lat' dir='ltr'><strong>inulilia</strong></span> <span class='ocrx_word' id='word_1_824' title='bbox 1833 5403 2010 5474; x_wconf 58' lang='lat' dir='ltr'><strong>Existi-</strong></span> 
     </span>
     <span class='ocr_line' id='line_1_100' title="bbox 416 5488 592 5529; baseline 0.006 -1"><span class='ocrx_word' id='word_1_825' title='bbox 416 5488 592 5529; x_wconf 85' lang='lat' dir='ltr'><strong>ntavu.</strong></span> 
     </span>
    </p>
   </div>
   <div class='ocr_carea' id='block_1_100' title="bbox 416 5491 592 5530">
    <p class='ocr_par' dir='ltr' id='par_1_100' title="bbox 416 5491 592 5530">
     <span class='ocr_line' id='line_1_101' title="bbox 416 5491 592 5530; baseline 0.006 -2"><span class='ocrx_word' id='word_1_826' title='bbox 416 5491 592 5530; x_wconf 80' lang='lat' dir='ltr'><strong>mauu.</strong></span> 
     </span>
    </p>
   </div>
   <div class='ocr_carea' id='block_1_101' title="bbox 494 5567 2016 5652">
    <p class='ocr_par' dir='ltr' id='par_1_101' title="bbox 494 5567 2016 5652">
     <span class='ocr_line' id='line_1_102' title="bbox 494 5567 2016 5652; baseline 0.013 -33"><span class='ocrx_word' id='word_1_827' title='bbox 494 5567 576 5652; x_wconf 85' lang='lat'><strong><em>)</em></strong></span> <span class='ocrx_word' id='word_1_828' title='bbox 606 5567 759 5652; x_wconf 80' lang='lat' dir='ltr'><strong>Puta,</strong></span> <span class='ocrx_word' id='word_1_829' title='bbox 792 5569 914 5652; x_wconf 85' lang='lat' dir='ltr'><strong>quia</strong></span> <span class='ocrx_word' id='word_1_830' title='bbox 943 5574 1102 5652; x_wconf 79' lang='lat' dir='ltr'><strong>etiam</strong></span> <span class='ocrx_word' id='word_1_831' title='bbox 1128 5582 1238 5652; x_wconf 64' lang='lat' dir='ltr'><strong>tgm</strong></span> <span class='ocrx_word' id='word_1_832' title='bbox 1266 5573 1702 5652; x_wconf 78' lang='lat' dir='ltr'><strong>benedictionem</strong></span> <span class='ocrx_word' id='word_1_833' title='bbox 1729 5579 1796 5634; x_wconf 84' lang='lat' dir='ltr'><strong>ab</strong></span> <span class='ocrx_word' id='word_1_834' title='bbox 1822 5581 2016 5652; x_wconf 86' lang='lat' dir='ltr'><strong>angelo</strong></span> 
     </span>
    </p>
   </div>
   <div class='ocr_carea' id='block_1_102' title="bbox 424 5641 2013 5718">
    <p class='ocr_par' dir='ltr' id='par_1_102' title="bbox 424 5641 2013 5718">
     <span class='ocr_line' id='line_1_103' title="bbox 424 5641 2013 5718; baseline 0.013 -29"><span class='ocrx_word' id='word_1_835' title='bbox 424 5641 771 5718; x_wconf 78' lang='lat' dir='ltr'><strong>pertinaciter</strong></span> <span class='ocrx_word' id='word_1_836' title='bbox 799 5643 1121 5718; x_wconf 78' lang='lat' dir='ltr'><strong>postulavit.</strong></span> <span class='ocrx_word' id='word_1_837' title='bbox 1141 5645 1433 5717; x_wconf 67' lang='lat' dir='ltr'><strong>Priapusita</strong></span> <span class='ocrx_word' id='word_1_838' title='bbox 1480 5647 1740 5718; x_wconf 87' lang='lat' dir='ltr'><strong>particula</strong></span> <span class='ocrx_word' id='word_1_839' title='bbox 1795 5661 1844 5707; x_wconf 78' lang='lat' dir='ltr'><strong>et</strong></span> <span class='ocrx_word' id='word_1_840' title='bbox 1891 5641 2013 5710; x_wconf 64' lang='lat' dir='ltr'><strong>ante</strong></span> 
     </span>
    </p>
   </div>
   <div class='ocr_carea' id='block_1_103' title="bbox 426 5707 2014 5788">
    <p class='ocr_par' dir='ltr' id='par_1_103' title="bbox 426 5707 2014 5788">
     <span class='ocr_line' id='line_1_104' title="bbox 426 5707 2014 5788; baseline 0.015 -31"><span class='ocrx_word' id='word_1_841' title='bbox 426 5719 538 5785; x_wconf 76' lang='lat' dir='ltr'><strong>post</strong></span> <span class='ocrx_word' id='word_1_842' title='bbox 569 5707 774 5788; x_wconf 77' lang='lat' dir='ltr'><strong>luctum,</strong></span> <span class='ocrx_word' id='word_1_843' title='bbox 799 5707 862 5764; x_wconf 80' lang='lat' dir='ltr'><strong>et</strong></span> <span class='ocrx_word' id='word_1_844' title='bbox 890 5725 1089 5788; x_wconf 77' lang='lat' dir='ltr'><strong>mutata</strong></span> <span class='ocrx_word' id='word_1_845' title='bbox 1112 5707 1561 5788; x_wconf 74' lang='lat' dir='ltr'><strong>interpunctione,</strong></span> <span class='ocrx_word' id='word_1_846' title='bbox 1591 5721 1781 5777; x_wconf 80' lang='lat' dir='ltr'><strong>liceret</strong></span> <span class='ocrx_word' id='word_1_847' title='bbox 1809 5707 2014 5782; x_wconf 76' lang='lat' dir='ltr'><strong>referre</strong></span> 
     </span>
    </p>
   </div>
   <div class='ocr_carea' id='block_1_104' title="bbox 430 5784 2016 5869">
    <p class='ocr_par' dir='ltr' id='par_1_104' title="bbox 430 5784 2016 5869">
     <span class='ocr_line' id='line_1_105' title="bbox 430 5784 2016 5869; baseline 0.018 -44"><span class='ocrx_word' id='word_1_848' title='bbox 430 5784 824 5842; x_wconf 79' lang='lat' dir='ltr'><strong>impaenitentem</strong></span> <span class='ocrx_word' id='word_1_849' title='bbox 863 5784 932 5865; x_wconf 77' lang='lat' dir='ltr'><strong>ad</strong></span> <span class='ocrx_word' id='word_1_850' title='bbox 983 5784 1413 5846; x_wconf 73' lang='lat' dir='ltr'><strong>benedictionem:</strong></span> <span class='ocrx_word' id='word_1_851' title='bbox 1463 5784 1585 5867; x_wconf 64' lang='lat' dir='ltr'><strong>qua:</strong></span> <span class='ocrx_word' id='word_1_852' title='bbox 1611 5793 1733 5848; x_wconf 88' lang='lat' dir='ltr'><strong>ideo</strong></span> <span class='ocrx_word' id='word_1_853' title='bbox 1771 5795 2016 5869; x_wconf 63' lang='lat' dir='ltr'><strong>impaeni-</strong></span> 
     </span>
    </p>
   </div>
   <div class='ocr_carea' id='block_1_105' title="bbox 2125 4662 2582 4719">
    <p class='ocr_par' dir='ltr' id='par_1_105' title="bbox 2125 4662 2582 4719">
     <span class='ocr_line' id='line_1_106' title="bbox 2125 4662 2582 4719; baseline 0 -1"><span class='ocrx_word' id='word_1_854' title='bbox 2125 4662 2272 4718; x_wconf 89' lang='lat' dir='ltr'><strong>lsaac</strong></span> <span class='ocrx_word' id='word_1_855' title='bbox 2302 4679 2582 4719; x_wconf 88' lang='lat' dir='ltr'><strong>revocare.</strong></span> 
     </span>
    </p>
   </div>
   <div class='ocr_carea' id='block_1_106' title="bbox 2197 4734 3704 4808">
    <p class='ocr_par' dir='ltr' id='par_1_106' title="bbox 2197 4734 3704 4808">
     <span class='ocr_line' id='line_1_107' title="bbox 2197 4734 3704 4808; baseline 0.013 -20"><span class='ocrx_word' id='word_1_856' title='bbox 2197 4735 2266 4808; x_wconf 79' lang='grc' dir='ltr'><strong>(ε)</strong></span> <span class='ocrx_word' id='word_1_857' title='bbox 2287 4734 2646 4808; x_wconf 81' lang='lat' dir='ltr'><strong>Intelligentia</strong></span> <span class='ocrx_word' id='word_1_858' title='bbox 2677 4737 2833 4808; x_wconf 89' lang='lat' dir='ltr'><strong>hujus</strong></span> <span class='ocrx_word' id='word_1_859' title='bbox 2863 4739 2987 4800; x_wconf 89' lang='lat' dir='ltr'><strong>loci.</strong></span> <span class='ocrx_word' id='word_1_860' title='bbox 3020 4743 3269 4801; x_wconf 89' lang='lat' dir='ltr'><strong>restituta</strong></span> <span class='ocrx_word' id='word_1_861' title='bbox 3296 4763 3365 4802; x_wconf 78' lang='lat' dir='ltr'><strong>ex</strong></span> <span class='ocrx_word' id='word_1_862' title='bbox 3401 4765 3530 4804; x_wconf 64' lang='lat' dir='ltr'><strong>mss.</strong></span> <span class='ocrx_word' id='word_1_863' title='bbox 3558 4768 3704 4807; x_wconf 58' lang='lat' dir='ltr'><strong>vocuo</strong></span> 
     </span>
    </p>
   </div>
   <div class='ocr_carea' id='block_1_107' title="bbox 2126 4805 3707 4883">
    <p class='ocr_par' dir='ltr' id='par_1_107' title="bbox 2126 4805 3707 4883">
     <span class='ocr_line' id='line_1_108' title="bbox 2126 4805 3707 4883; baseline 0.014 -25"><span class='ocrx_word' id='word_1_864' title='bbox 2126 4806 2175 4883; x_wconf 78' lang='lat' dir='ltr'><strong>la</strong></span> <span class='ocrx_word' id='word_1_865' title='bbox 2199 4805 2272 4871; x_wconf 85' lang='lat' dir='ltr'><strong>se,</strong></span> <span class='ocrx_word' id='word_1_866' title='bbox 2306 4823 2454 4883; x_wconf 87' lang='lat' dir='ltr'><strong>ea_se</strong></span> <span class='ocrx_word' id='word_1_867' title='bbox 2473 4805 2652 4883; x_wconf 62' lang='lat' dir='ltr'><strong>offert,</strong></span> <span class='ocrx_word' id='word_1_868' title='bbox 2683 4805 2824 4880; x_wconf 79' lang='lat' dir='ltr'><strong>quod</strong></span> <span class='ocrx_word' id='word_1_869' title='bbox 2857 4811 3102 4868; x_wconf 88' lang='lat' dir='ltr'><strong>Ecclesia</strong></span> <span class='ocrx_word' id='word_1_870' title='bbox 3125 4833 3218 4883; x_wconf 88' lang='lat' dir='ltr'><strong>per</strong></span> <span class='ocrx_word' id='word_1_871' title='bbox 3247 4821 3429 4874; x_wconf 86' lang='lat' dir='ltr'><strong>varios</strong></span> <span class='ocrx_word' id='word_1_872' title='bbox 3457 4821 3577 4876; x_wconf 80' lang='lat' dir='ltr'><strong>ﬁdei</strong></span> <span class='ocrx_word' id='word_1_873' title='bbox 3600 4805 3707 4879; x_wconf 15' lang='lat' dir='ltr'><strong>tha-</strong></span> 
     </span>
    </p>
   </div>
   <div class='ocr_carea' id='block_1_108' title="bbox 2123 4876 3711 4952">
    <p class='ocr_par' dir='ltr' id='par_1_108' title="bbox 2123 4876 3711 4952">
     <span class='ocr_line' id='line_1_109' title="bbox 2123 4876 3711 4952; baseline 0.013 -21"><span class='ocrx_word' id='word_1_874' title='bbox 2123 4876 2267 4932; x_wconf 85' lang='lat' dir='ltr'><strong>bitus</strong></span> <span class='ocrx_word' id='word_1_875' title='bbox 2289 4891 2340 4932; x_wconf 88' lang='lat' dir='ltr'><strong>et</strong></span> <span class='ocrx_word' id='word_1_876' title='bbox 2364 4878 2530 4933; x_wconf 79' lang='lat' dir='ltr'><strong>Jacub</strong></span> <span class='ocrx_word' id='word_1_877' title='bbox 2550 4890 2604 4952; x_wconf 84' lang='lat' dir='ltr'><strong>et</strong></span> <span class='ocrx_word' id='word_1_878' title='bbox 2625 4876 2790 4936; x_wconf 81' lang='lat' dir='ltr'><strong>Israel</strong></span> <span class='ocrx_word' id='word_1_879' title='bbox 2819 4897 2880 4938; x_wconf 90' lang='lat' dir='ltr'><strong>se</strong></span> <span class='ocrx_word' id='word_1_880' title='bbox 2897 4876 3151 4941; x_wconf 78' lang='lat' dir='ltr'><strong>exhibeat</strong></span> <span class='ocrx_word' id='word_1_881' title='bbox 3176 4905 3190 4952; x_wconf 92' lang='lat'><strong>;</strong></span> <span class='ocrx_word' id='word_1_882' title='bbox 3224 4889 3394 4946; x_wconf 80' lang='lat' dir='ltr'><strong>Jacob</strong></span> <span class='ocrx_word' id='word_1_883' title='bbox 3449 4893 3579 4949; x_wconf 90' lang='lat' dir='ltr'><strong>dum</strong></span> <span class='ocrx_word' id='word_1_884' title='bbox 3625 4876 3711 4952; x_wconf 55' lang='lat' dir='ltr'><strong>Si—</strong></span> 
     </span>
    </p>
   </div>
   <div class='ocr_carea' id='block_1_109' title="bbox 2123 4951 3707 5023">
    <p class='ocr_par' dir='ltr' id='par_1_109' title="bbox 2123 4951 3707 5023">
     <span class='ocr_line' id='line_1_110' title="bbox 2123 4951 3707 5023; baseline 0.012 -19"><span class='ocrx_word' id='word_1_885' title='bbox 2123 4964 2388 5019; x_wconf 84' lang='lat' dir='ltr'><strong>nagogam</strong></span> <span class='ocrx_word' id='word_1_886' title='bbox 2415 4951 2760 5021; x_wconf 84' lang='lat' dir='ltr'><strong>supplantat,</strong></span> <span class='ocrx_word' id='word_1_887' title='bbox 2790 4953 2952 5010; x_wconf 86' lang='lat' dir='ltr'><strong>Israel</strong></span> <span class='ocrx_word' id='word_1_888' title='bbox 2978 4957 3105 5012; x_wconf 87' lang='lat' dir='ltr'><strong>dum</strong></span> <span class='ocrx_word' id='word_1_889' title='bbox 3156 4951 3327 5016; x_wconf 82' lang='lat' dir='ltr'><strong>Deum</strong></span> <span class='ocrx_word' id='word_1_890' title='bbox 3373 4964 3497 5019; x_wconf 87' lang='lat' dir='ltr'><strong>ﬁdei</strong></span> <span class='ocrx_word' id='word_1_891' title='bbox 3554 4955 3707 5023; x_wconf 69' lang='lat' dir='ltr'><strong>oculis</strong></span> 
     </span>
    </p>
   </div>
   <div class='ocr_carea' id='block_1_110' title="bbox 2122 5029 2427 5076">
    <p class='ocr_par' dir='ltr' id='par_1_110' title="bbox 2122 5029 2427 5076">
     <span class='ocr_line' id='line_1_111' title="bbox 2122 5029 2427 5076; baseline 0.003 -1"><span class='ocrx_word' id='word_1_892' title='bbox 2122 5029 2427 5076; x_wconf 66' lang='lat' dir='ltr'><strong>clintuetur.</strong></span> 
     </span>
    </p>
   </div>
   <div class='ocr_carea' id='block_1_111' title="bbox 2197 5089 3707 5180">
    <p class='ocr_par' dir='ltr' id='par_1_111' title="bbox 2197 5089 3707 5180">
     <span class='ocr_line' id='line_1_112' title="bbox 2197 5089 3707 5180; baseline 0.013 -34"><span class='ocrx_word' id='word_1_893' title='bbox 2197 5089 2462 5180; x_wconf 47' lang='lat' dir='ltr'><strong>(flEd‘iti,</strong></span> <span class='ocrx_word' id='word_1_894' title='bbox 2573 5093 2848 5180; x_wconf 36' lang='lat' dir='ltr'><strong>prae-teritis</strong></span> <span class='ocrx_word' id='word_1_895' title='bbox 2870 5097 3242 5180; x_wconf 64' lang='lat' dir='ltr'><strong>primogenitus</strong></span> <span class='ocrx_word' id='word_1_896' title='bbox 3262 5119 3292 5180; x_wconf 72' lang='lat'><strong>_:</strong></span> <span class='ocrx_word' id='word_1_897' title='bbox 3320 5112 3434 5160; x_wconf 86' lang='lat' dir='ltr'><strong>tum</strong></span> <span class='ocrx_word' id='word_1_898' title='bbox 3471 5107 3613 5180; x_wconf 87' lang='lat' dir='ltr'><strong>Lips.</strong></span> <span class='ocrx_word' id='word_1_899' title='bbox 3663 5120 3707 5165; x_wconf 83' lang='lat' dir='ltr'><strong>et</strong></span> 
     </span>
    </p>
   </div>
   <div class='ocr_carea' id='block_1_112' title="bbox 2122 5161 3704 5247">
    <p class='ocr_par' dir='ltr' id='par_1_112' title="bbox 2122 5161 3704 5247">
     <span class='ocr_line' id='line_1_113' title="bbox 2122 5161 3704 5247; baseline 0.011 -32"><span class='ocrx_word' id='word_1_900' title='bbox 2122 5161 2326 5247; x_wconf 54' lang='lat' dir='ltr'><strong>&#39;P_ar.&#39;in</strong></span> <span class='ocrx_word' id='word_1_901' title='bbox 2355 5161 2790 5247; x_wconf 61' lang='lat' dir='ltr'><strong>benedictionibus</strong></span> <span class='ocrx_word' id='word_1_902' title='bbox 2817 5161 3058 5239; x_wconf 67' lang='lat' dir='ltr'><strong>cognitus</strong></span> <span class='ocrx_word' id='word_1_903' title='bbox 3084 5161 3560 5247; x_wconf 58' lang='lat' dir='ltr'><strong>:corrigunture;</strong></span> <span class='ocrx_word' id='word_1_904' title='bbox 3572 5161 3704 5236; x_wconf 39' lang='lat' dir='ltr'><strong>&#39;mss.</strong></span> 
     </span>
    </p>
   </div>
   <div class='ocr_carea' id='block_1_113' title="bbox 2118 5232 3704 5317">
    <p class='ocr_par' dir='ltr' id='par_1_113' title="bbox 2118 5232 3704 5317">
     <span class='ocr_line' id='line_1_114' title="bbox 2118 5232 3704 5317; baseline 0.012 -29"><span class='ocrx_word' id='word_1_905' title='bbox 2118 5232 2285 5317; x_wconf 68' lang='lat' dir='ltr'><strong>quue</strong></span> <span class='ocrx_word' id='word_1_906' title='bbox 2317 5237 2386 5290; x_wconf 89' lang='lat' dir='ltr'><strong>ita</strong></span> <span class='ocrx_word' id='word_1_907' title='bbox 2417 5235 2639 5317; x_wconf 85' lang='lat' dir='ltr'><strong>intelligi</strong></span> <span class='ocrx_word' id='word_1_908' title='bbox 2671 5232 2956 5317; x_wconf 55' lang='lat' dir='ltr'><strong>potest,&#39;ut</strong></span> <span class='ocrx_word' id='word_1_909' title='bbox 2970 5246 3201 5317; x_wconf 85' lang='lat' dir='ltr'><strong>populus</strong></span> <span class='ocrx_word' id='word_1_910' title='bbox 3227 5232 3471 5317; x_wconf 72' lang='lat' dir='ltr'><strong>gentium</strong></span> <span class='ocrx_word' id='word_1_911' title='bbox 3504 5232 3704 5310; x_wconf 49' lang='lat' dir='ltr'><strong>Tuli;</strong></span> 
     </span>
    </p>
   </div>
   <div class='ocr_carea' id='block_1_114' title="bbox 2119 5303 3702 5379">
    <p class='ocr_par' dir='ltr' id='par_1_114' title="bbox 2119 5303 3702 5379">
     <span class='ocr_line' id='line_1_115' title="bbox 2119 5303 3702 5379; baseline 0.013 -21"><span class='ocrx_word' id='word_1_912' title='bbox 2119 5303 2254 5360; x_wconf 67' lang='lat' dir='ltr'><strong>dicis</strong></span> <span class='ocrx_word' id='word_1_913' title='bbox 2274 5323 2572 5378; x_wconf 88' lang='lat' dir='ltr'><strong>eorumque</strong></span> <span class='ocrx_word' id='word_1_914' title='bbox 2591 5303 3067 5371; x_wconf 78' lang='lat' dir='ltr'><strong>benedictionibus</strong></span> <span class='ocrx_word' id='word_1_915' title='bbox 3113 5319 3182 5371; x_wconf 92' lang='lat' dir='ltr'><strong>sit</strong></span> <span class='ocrx_word' id='word_1_916' title='bbox 3211 5303 3576 5378; x_wconf 66' lang='lat' dir='ltr'><strong>a‘uumbmi;</strong></span> <span class='ocrx_word' id='word_1_917' title='bbox 3597 5303 3702 5379; x_wconf 63' lang='lat' dir='ltr'><strong>:vel</strong></span> 
     </span>
    </p>
   </div>
   <div class='ocr_carea' id='block_1_115' title="bbox 2117 5379 3702 5468">
    <p class='ocr_par' dir='ltr' id='par_1_115' title="bbox 2117 5379 3702 5468">
     <span class='ocr_line' id='line_1_116' title="bbox 2117 5379 3702 5468; baseline 0.015 -39"><span class='ocrx_word' id='word_1_918' title='bbox 2117 5380 2280 5468; x_wconf 70' lang='lat' dir='ltr'><strong>etiam</strong></span> <span class='ocrx_word' id='word_1_919' title='bbox 2306 5379 2374 5432; x_wconf 85' lang='lat' dir='ltr'><strong>ita</strong></span> <span class='ocrx_word' id='word_1_920' title='bbox 2409 5390 2491 5468; x_wconf 61' lang='lat' dir='ltr'><strong>ut,</strong></span> <span class='ocrx_word' id='word_1_921' title='bbox 2517 5384 2805 5449; x_wconf 71' lang='lat' dir='ltr'><strong>prrcteritis</strong></span> <span class='ocrx_word' id='word_1_922' title='bbox 2830 5383 3052 5452; x_wconf 65' lang='lat' dir='ltr'><strong>JUdiClS,</strong></span> <span class='ocrx_word' id='word_1_923' title='bbox 3082 5388 3172 5459; x_wconf 88' lang='lat' dir='ltr'><strong>qui</strong></span> <span class='ocrx_word' id='word_1_924' title='bbox 3205 5402 3361 5446; x_wconf 86' lang='lat' dir='ltr'><strong>erant</strong></span> <span class='ocrx_word' id='word_1_925' title='bbox 3396 5396 3702 5468; x_wconf 77' lang='lat' dir='ltr'><strong>primogeni-</strong></span> 
     </span>
    </p>
   </div>
   <div class='ocr_carea' id='block_1_116' title="bbox 2115 5447 2581 5517">
    <p class='ocr_par' dir='ltr' id='par_1_116' title="bbox 2115 5447 2581 5517">
     <span class='ocr_line' id='line_1_117' title="bbox 2115 5447 2581 5517; baseline 0.009 -16"><span class='ocrx_word' id='word_1_926' title='bbox 2115 5447 2157 5501; x_wconf 77' lang='lat' dir='ltr'><strong>ti</strong></span> <span class='ocrx_word' id='word_1_927' title='bbox 2175 5489 2189 5513; x_wconf 95' lang='lat'><strong>,</strong></span> <span class='ocrx_word' id='word_1_928' title='bbox 2219 5452 2286 5503; x_wconf 90' lang='lat' dir='ltr'><strong>sit</strong></span> <span class='ocrx_word' id='word_1_929' title='bbox 2311 5447 2581 5517; x_wconf 68' lang='lat' dir='ltr'><strong>prmlatus.</strong></span> 
     </span>
    </p>
   </div>
   <div class='ocr_carea' id='block_1_117' title="bbox 2185 5519 3696 5597">
    <p class='ocr_par' dir='ltr' id='par_1_117' title="bbox 2185 5519 3696 5597">
     <span class='ocr_line' id='line_1_118' title="bbox 2185 5519 3696 5597; baseline 0.015 -26"><span class='ocrx_word' id='word_1_930' title='bbox 2185 5519 2259 5591; x_wconf 84' lang='lat' dir='ltr'><strong>(g)</strong></span> <span class='ocrx_word' id='word_1_931' title='bbox 2291 5521 2457 5588; x_wconf 87' lang='lat' dir='ltr'><strong>Editi,</strong></span> <span class='ocrx_word' id='word_1_932' title='bbox 2481 5525 2570 5577; x_wconf 85' lang='lat' dir='ltr'><strong>sed</strong></span> <span class='ocrx_word' id='word_1_933' title='bbox 2591 5525 2878 5596; x_wconf 83' lang='lat' dir='ltr'><strong>cognitione</strong></span> <span class='ocrx_word' id='word_1_934' title='bbox 2897 5544 3010 5597; x_wconf 82' lang='lat' dir='ltr'><strong>sua,</strong></span> <span class='ocrx_word' id='word_1_935' title='bbox 3037 5529 3156 5586; x_wconf 90' lang='lat' dir='ltr'><strong>sine</strong></span> <span class='ocrx_word' id='word_1_936' title='bbox 3184 5549 3289 5588; x_wconf 88' lang='lat' dir='ltr'><strong>non</strong></span> <span class='ocrx_word' id='word_1_937' title='bbox 3318 5551 3337 5590; x_wconf 87' lang='lat'><strong><em>:</em></strong></span> <span class='ocrx_word' id='word_1_938' title='bbox 3363 5540 3696 5595; x_wconf 83' lang='lat' dir='ltr'><strong>emendantur</strong></span> 
     </span>
    </p>
   </div>
   <div class='ocr_carea' id='block_1_118' title="bbox 2117 5602 2874 5659">
    <p class='ocr_par' dir='ltr' id='par_1_118' title="bbox 2117 5602 2874 5659">
     <span class='ocr_line' id='line_1_119' title="bbox 2117 5602 2874 5659; baseline 0.005 -15"><span class='ocrx_word' id='word_1_939' title='bbox 2117 5602 2222 5659; x_wconf 90' lang='lat' dir='ltr'><strong>ope</strong></span> <span class='ocrx_word' id='word_1_940' title='bbox 2249 5607 2378 5646; x_wconf 87' lang='lat' dir='ltr'><strong>mss.</strong></span> <span class='ocrx_word' id='word_1_941' title='bbox 2870 5636 2874 5640; x_wconf 77' lang='grc'>.</span> 
     </span>
    </p>
   </div>
   <div class='ocr_carea' id='block_1_119' title="bbox 2126 5660 3696 5747">
    <p class='ocr_par' dir='ltr' id='par_1_119' title="bbox 2126 5660 3696 5747">
     <span class='ocr_line' id='line_1_120' title="bbox 2126 5660 3696 5747; baseline 0.015 -35"><span class='ocrx_word' id='word_1_942' title='bbox 2126 5730 2139 5743; x_wconf 47' lang='grc'><strong>.</strong></span> <span class='ocrx_word' id='word_1_943' title='bbox 2196 5660 2578 5747; x_wconf 54' lang='grc' dir='ltr'><strong>(ηλριιωηνὶξ</strong></span> <span class='ocrx_word' id='word_1_944' title='bbox 2623 5669 2742 5726; x_wconf 89' lang='lat' dir='ltr'><strong>aliis</strong></span> <span class='ocrx_word' id='word_1_945' title='bbox 2771 5669 2926 5747; x_wconf 79' lang='lat' dir='ltr'><strong>locis</strong></span> <span class='ocrx_word' id='word_1_946' title='bbox 2968 5676 3280 5743; x_wconf 65' lang='lat' dir='ltr'><strong>prmpositio</strong></span> <span class='ocrx_word' id='word_1_947' title='bbox 3332 5695 3442 5747; x_wconf 71' lang='lat' dir='ltr'><strong>prie</strong></span> <span class='ocrx_word' id='word_1_948' title='bbox 3491 5686 3542 5736; x_wconf 90' lang='lat' dir='ltr'><strong>in</strong></span> <span class='ocrx_word' id='word_1_949' title='bbox 3582 5699 3696 5737; x_wconf 83' lang='lat' dir='ltr'><strong>mss.</strong></span> 
     </span>
    </p>
   </div>
   <div class='ocr_carea' id='block_1_120' title="bbox 2118 5743 3698 5818">
    <p class='ocr_par' dir='ltr' id='par_1_120' title="bbox 2118 5743 3698 5818">
     <span class='ocr_line' id='line_1_121' title="bbox 2118 5743 3698 5818; baseline 0.018 -35"><span class='ocrx_word' id='word_1_950' title='bbox 2118 5743 2375 5818; x_wconf 76' lang='lat' dir='ltr'><strong>jungatur</strong></span> <span class='ocrx_word' id='word_1_951' title='bbox 2415 5745 2608 5818; x_wconf 71' lang='lat' dir='ltr'><strong>quarto</strong></span> <span class='ocrx_word' id='word_1_952' title='bbox 2635 5743 2815 5818; x_wconf 66' lang='lat' dir='ltr'><strong>casui;</strong></span> <span class='ocrx_word' id='word_1_953' title='bbox 2853 5743 2938 5798; x_wconf 89' lang='lat' dir='ltr'><strong>hic</strong></span> <span class='ocrx_word' id='word_1_954' title='bbox 2969 5754 3145 5800; x_wconf 84' lang='lat' dir='ltr'><strong>tamen</strong></span> <span class='ocrx_word' id='word_1_955' title='bbox 3181 5763 3304 5803; x_wconf 87' lang='lat' dir='ltr'><strong>cum</strong></span> <span class='ocrx_word' id='word_1_956' title='bbox 3333 5743 3554 5809; x_wconf 79' lang='lat' dir='ltr'><strong>excusis</strong></span> <span class='ocrx_word' id='word_1_957' title='bbox 3587 5767 3698 5812; x_wconf 81' lang='lat' dir='ltr'><strong>oon-</strong></span> 
     </span>
    </p>
   </div>
   <div class='ocr_carea' id='block_1_121' title="bbox 2131 5811 3532 5883">
    <p class='ocr_par' dir='ltr' id='par_1_121' title="bbox 2131 5811 3532 5883">
     <span class='ocr_line' id='line_1_122' title="bbox 2131 5811 3532 5883; baseline 0.014 -23"><span class='ocrx_word' id='word_1_958' title='bbox 2131 5811 2372 5865; x_wconf 83' lang='lat' dir='ltr'><strong>sentiunt</strong></span> <span class='ocrx_word' id='word_1_959' title='bbox 2396 5811 2582 5883; x_wconf 82' lang='lat' dir='ltr'><strong>scripti</strong></span> <span class='ocrx_word' id='word_1_960' title='bbox 2615 5829 2628 5870; x_wconf 90' lang='lat'><strong>:</strong></span> <span class='ocrx_word' id='word_1_961' title='bbox 2659 5814 2787 5872; x_wconf 83' lang='lat' dir='ltr'><strong>beet</strong></span> <span class='ocrx_word' id='word_1_962' title='bbox 2814 5829 2920 5874; x_wconf 88' lang='lat' dir='ltr'><strong>non</strong></span> <span class='ocrx_word' id='word_1_963' title='bbox 2949 5828 3263 5879; x_wconf 78' lang='lat' dir='ltr'><strong>constanter</strong></span> <span class='ocrx_word' id='word_1_964' title='bbox 3286 5821 3532 5882; x_wconf 85' lang='lat' dir='ltr'><strong>inferius.</strong></span> 
     </span>
    </p>
   </div>
  </div>
