3896 6336
177 263 275 319 757

1271 269 1686 333 TRACTATUS
1721 274 1986 333 CXXXIV
2028 279 2369 341 PSALMUM.

3366 301 3471 359 758

175 386 344 488 ipsum
379 383 689 488 (Ilion-vin,
721 391 807 488 6).
831 391 981 449 Unus
1006 391 1412 488 exuuno,‘Deus
1435 407 1500 448 ex
1527 393 1637 450 Deo
1663 404 1764 488 est.
1795 396 1850 459 Α
1878 409 2063 468 tatem,
2091 405 2262 460 solem
2294 408 2490 464 annuis
2523 409 2771 467 cursibus
2800 412 3195 488 indefessisque
3224 419 3475 478 moderns

171 477 283 536 Non
321 483 516 554 recipit
536 483 762 541 alterum
795 485 1126 543 innascibilis
1151 496 1208 542 ut
1235 485 1342 542 duo
1366 487 1504 553 sint;
1535 497 1636 544 nec
1667 487 1764 543 ad-

169 572 325 630 mittit
354 577 497 645 quod
535 589 615 634 est
663 595 797 636 unus
851 579 1155 652 unigenitus
1208 595 1276 636 ne
1322 579 1466 635 Deus
1514 581 1600 635 sit.
1647 579 1766 637 Non

165 679 287 725 sunt
309 667 418 728 duo
449 671 817 742 innascibilcs,
851 691 958 732 non
987 686 1112 732 sunt
1134 676 1243 732 duo
1271 675 1530 748 unigeniti
1555 693 1571 732 :
1601 677 1652 731 in
1699 689 1765 732 eo

164 767 526 838 unusquisque
550 767 690 838 quod
718 777 819 836 est,
862 785 998 826 unus
1047 779 1129 827 est
1178 785 1193 826 :
1245 767 1374 826 dum
1425 783 1611 839 parem
1663 783 1766 827 nec

160 857 462 927 unigenitus
504 858 684 926 habet,
742 875 841 918 nec
893 860 1222 918 innascibilis
1266 861 1532 929 admittit;
1588 877 1762 933 neque

155 951 453 1022 nnigenitus
477 953 616 1010 Deus
638 970 704 1010 ex
723 955 829 1012 alio
850 971 1006 1027 quam
1036 957 1333 1013 innascibili
1367 957 1477 1013 Deo
1495 957 1754 1014 subsistit.

219 1045 274 1101 9.
321 1044 412 1100 Dii
434 1065 526 1119 per
556 1052 992 1123 nuncupationem
1018 1059 1136 1106 sunt
1158 1051 1410 1106 homines.
1445 1081 1514 1094 ——
1552 1050 1754 1107 Viden-

148 1139 270 1194 dum
300 1147 480 1197 autem
503 1154 607 1210 est,
635 1160 744 1214 pra:
772 1145 964 1216 quibus
989 1145 1242 1200 omnibus
1270 1143 1374 1201 diis
1403 1145 1544 1201 Deus
1572 1156 1758 1202 noster

146 1231 230 1288 sit.
259 1233 480 1290 Invenio
501 1235 632 1292 deos
652 1236 757 1292 dici
787 1254 884 1310 per
927 1238 1245 1311 prolihetam
1278 1238 1348 1292 ita
1385 1257 1397 1293 :
1444 1236 1578 1294 Deus
1619 1238 1754 1292 stetit

145 1327 196 1380 in
221 1326 619 1399 congregatione
639 1329 875 1398 deorum,
893 1333 947 1386 in
969 1333 1136 1386 medio
1157 1342 1329 1388 autem
1357 1333 1480 1388 deos
1507 1332 1752 1386 discernit

146 1420 316 1492 (Psal.
367 1439 568 1490 uxxr,
621 1423 697 1496 1).
757 1423 821 1481 Ει
874 1423 978 1482 hoc
1030 1425 1246 1498 quidem
1303 1425 1517 1482 videtur
1565 1425 1748 1481 ambi-

136 1528 298 1588 guunt
347 1512 425 1586 (α)
477 1529 578 1571 nec
606 1516 736 1572 satis
765 1515 1010 1574 absolute
1037 1519 1322 1576 enuntiare
1347 1534 1482 1591 quos
1510 1519 1643 1576 deos
1670 1519 1745 1574 si-

135 1606 374 1676 gniticet.
412 1605 517 1665 Sed
559 1609 815 1665 Dominus
851 1611 900 1666 in
935 1611 1238 1682 Evangeliis
1261 1627 1452 1668 errore
1479 1625 1576 1667 nos
1607 1625 1745 1667 nun-

134 1703 437 1772 cupationis
463 1702 618 1774 hujus
648 1704 914 1772 liberavit,
939 1705 1122 1762 dicens
1163 1724 1175 1763 :
1206 1705 1315 1779 Ego
1336 1708 1464 1774 dixi,
1497 1707 1571 1762 dii
1595 1707 1736 1776 estis,

1877 502 2012 561 tum,
2043 498 2296 569 vicesque
2335 502 2466 555 anni
2490 501 2727 560 detinitis
2761 506 3023 565 limitibus
3049 520 3467 585 temperantem;

1868 599 2137 656 perennes
2176 607 2393 664 quoque
2433 595 2577 652 lunae
2620 599 3045 670 vicissitudines,
3074 613 3134 661 et
3168 607 3464 678 impertur-

1866 679 2022 736 batos
2052 691 2226 751 ortus,
2256 686 2459 756 lapsus,
2488 693 2984 766 conversionesque
3004 699 3281 769 signorum
3305 719 3322 756 :
3343 703 3459 770 jam

1865 784 1995 827 vero
2020 781 2180 828 teme
2220 789 2374 847 apes,
2411 786 2470 834 et
2499 780 2758 839 fecundos
2797 785 2914 856 ejus
2953 788 3158 846 fructus
3188 792 3245 847 in
3290 794 3460 850 vitam

1864 859 2166 956 hominum,
2210 868 2512 939 volucrum,
2561 876 2861 946 pecudum,
2905 879 3249 939 bestiarum:
3297 887 3459 956 plena

1861 954 2058 1012 deinde
2089 958 2280 1017 incolis
2311 965 2423 1019 suis
2451 968 2642 1036 maria,
2671 981 2724 1025 et
2753 973 3074 1043 spirantium
3098 978 3240 1034 intra
3264 954 3459 1036 ﬂuetus

1859 1049 2090 1118 piscium
2117 1053 2279 1110 vitam
2311 1073 2324 1110 :
2349 1065 2462 1113 tum
2487 1075 2671 1131 porro,
2700 1065 2823 1133 quis
2851 1068 3044 1136 plurali
3065 1087 3265 1142 genere
3285 1076 3458 1132 maria

1857 1142 2102 1212 graeitas
2126 1146 2336 1204 elocuta
2361 1163 2441 1206 est
2462 1151 2534 1222 (ἂν
2553 1164 2673 1219 ταῖς
2693 1160 3021 1234 θαλάσσαις),
3045 1167 3231 1220 oceani
3249 1167 3456 1224 intesti-

1857 1236 2080 1293 mabiles
2111 1238 2257 1294 vices
2283 1250 2337 1297 et
2362 1248 2574 1313 capacis
2611 1247 2794 1320 abyssi
2833 1253 3326 1326 imperSpicahilem
3358 1276 3456 1317 na-

1855 1335 2049 1397 turam,
2080 1347 2182 1400 qua
2209 1334 2424 1390 refusus
2454 1337 2508 1392 in
2540 1346 2743 1396 terram
2771 1352 2938 1401 testas
2967 1350 3301 1407 resorbetur.
3333 1353 3442 1410 Sed

1852 1436 1976 1477 cum
2009 1423 2125 1479 hare
2158 1427 2458 1483 secundum
2489 1431 2774 1490 humanam
2806 1438 3119 1508 Opinionem
3148 1445 3305 1514 plena
3346 1449 3445 1504 mi-

1848 1517 2051 1573 raculis
2089 1519 2216 1586 sint,
2249 1534 2312 1574 ac
2339 1520 2408 1576 de
2450 1522 2582 1592 ipsis
2612 1525 2718 1581 dici
2761 1531 2960 1587 merito
2999 1533 3228 1604 debeat,
3258 1538 3448 1596 Omnia

1845 1623 1960 1707 quia
1988 1613 2148 1707 voluit
2168 1615 2286 1684 fecit
2311 1616 2364 1669 in
2393 1617 2518 1671 ccio
2548 1627 2594 1671 et
2630 1620 2682 1675 in
2709 1630 2866 1692 terra,
2893 1627 2948 1681 in
2977 1632 3112 1684 mari
3138 1642 3186 1685 et
3217 1633 3271 1688 in
3294 1636 3448 1707 abys-

1843 1703 1914 1757 sis
1950 1720 1971 1758 :
2004 1703 2282 1762 videamus
2316 1723 2437 1778 quae
2458 1723 2521 1764 ea
2543 1711 2721 1766 omnia
2739 1714 2868 1782 sint,
2893 1734 3012 1786 quas
3035 1721 3271 1780 voluitet
3297 1703 3442 1784 fecit.

132 1806 174 1851 et
205 1797 305 1866 ﬁlii
335 1798 523 1854 excelsi
549 1817 720 1856 omnes
745 1799 920 1873 (Joan.
960 1819 1018 1869 ι,
1049 1799 1161 1875 54).
1199 1799 1263 1858 Et
1290 1803 1505 1873 adjecit,
1537 1803 1580 1858 si
1606 1817 1737 1874 ergo
1766 1815 1813 1878 Β
1915 1798 2003 1852 ηε
2035 1797 2145 1854 Sub
2196 1800 2364 1855 Ιίιιετα
2407 1803 2492 1856 hic
2525 1805 2646 1859 tam
2681 1807 2834 1862 altior
2869 1827 3065 1870 sensus.
3098 1845 3167 1858 --
3190 1817 3356 1876 Vens.
3389 1825 3440 1878 7.

130 1889 256 1946 illos
279 1887 414 1946 dixit
441 1893 594 1961 deos,
619 1894 684 1949 ad
715 1909 848 1966 quos
877 1896 1042 1951 verba
1072 1894 1166 1952 Dei
1196 1895 1337 1952 facta
1368 1905 1513 1964 sunt,
1545 1903 1599 1952 et
1627 1911 1735 1950 non

127 1992 306 2053 potest
355 1984 488 2039 solvi
535 1985 811 2057 Scriptura
845 1983 1012 2057 (Ibid.
1045 1986 1161 2060 55).
1196 1987 1584 2044 lndissoluhilis
1638 1988 1732 2044 Dei

123 2091 312 2131 sermo
364 2081 446 2133 est
491 2073 741 2134 homines
790 2077 920 2136 deos
975 2081 1348 2149 nuncupantis.
1405 2081 1624 2137 invenio
1677 2089 1733 2138 et

122 2168 346 2240 Moysen
388 2171 552 2226 Deum
580 2167 902 2244 nuncupari,
953 2183 1076 2228 cum
1121 2173 1172 2228 ei
1209 2173 1404 2229 dicitur
1437 2193 1448 2228 :
1482 2173 1644 2229 Deum
1685 2181 1732 2229 te

119 2264 270 2334 posui
295 2255 561 2319 Pharaoni
582 2259 776 2337 (Exod.
812 2279 907 2331 vtt,
938 2259 1016 2339 l).
1052 2263 1158 2322 Sed
1189 2275 1242 2322 et
1285 2265 1580 2336 Apostolus
1627 2267 1728 2322 do-

118 2357 234 2412 cuit
262 2355 366 2413 dici
391 2359 527 2414 alios
553 2357 702 2426 deos,
735 2375 857 2415 cum
897 2351 974 2414 alt
1009 2371 1023 2414 ε
1066 2350 1306 2432 Natnque
1353 2361 1448 2416 etsi
1491 2369 1610 2416 sunt
1637 2363 1727 2432 qui

118 2454 368 2509 dicuntur
406 2455 481 2509 dii
526 2455 632 2510 sive
671 2455 725 2509 in
756 2455 902 2521 cwlo,
934 2457 1039 2510 sive
1066 2455 1120 2509 in
1144 2465 1300 2520 terra,
1330 2454 1459 2509 sicut
1487 2459 1606 2510 sunt
1651 2453 1726 2510 dii

118 2547 293 2614 multi,
325 2551 371 2602 et
399 2547 596 2601 domini
625 2545 775 2603 multi
807 2563 826 2604 :
858 2549 949 2603 sed
973 2548 1116 2603 nobis
1143 2563 1273 2603 unus
1295 2547 1438 2602 Deus
1465 2559 1609 2618 pater
1646 2559 1719 2603 est

120 2656 188 2694 ea:
209 2656 310 2717 quo
339 2640 532 2706 omnia,
558 2648 605 2696 et
636 2655 769 2695 unus
800 2637 1053 2695 Dominus
1076 2645 1245 2695 noster
1287 2638 1441 2695 Iesus
1486 2639 1722 2696 Christus

113 2752 207 2803 per
229 2731 392 2806 53o
409 2751 557 2806 quem
581 2737 753 2790 omnia
781 2736 824 2804 (Ι
847 2733 966 2790 Cor.
990 2749 1102 2802 vtu,
1132 2730 1166 2791 5
1205 2745 1252 2790 et
1304 2735 1378 2807 θ).
1420 2734 1569 2791 Unus
1598 2735 1718 2806 qui-

108 2828 232 2883 dem
265 2827 402 2882 Deus
434 2827 587 2883 nobis
614 2838 715 2890 est,
743 2837 795 2884 et
819 2843 953 2883 unus
981 2829 1236 2884 Dominus
1267 2841 1280 2883 ε
1319 2830 1415 2883 sed
1460 2828 1616 2883 multi
1644 2829 1717 2884 dii

108 2921 237 2976 sunt
265 2917 354 2992 qul
385 2931 664 2990 vocantur,
695 2921 748 2977 in
776 2919 917 2978 caelo
946 2931 1000 2976 et
1051 2923 1106 2976 in
1137 2932 1297 2976 terra.
1327 2921 1393 2976 Et
1420 2921 1638 2992 quidem
1670 2925 1716 2978 si

110 3015 216 3070 hoc
245 3013 465 3069 deorum
498 3029 695 3070 nomen
730 3011 1038 3070 hominibus
1067 3016 1362 3070 secundum
1388 3018 1712 3072 sententiam

107 3106 204 3163 Dei
220 3107 494 3177 competit;
514 3106 866 3179 multomagis
903 3107 1127 3179 angelis,
1170 3110 1528 3180 arcltangelis,
1563 3111 1712 3164 thro-

1842 1890 2079 1946 Educens
2105 1891 2261 1948 nubes
2299 1894 2363 1948 ab
2387 1905 2611 1952 extremo
2647 1909 2828 1968 teme,
2872 1907 3081 1977 fulgura
3115 1911 3170 1965 in
3215 1915 3443 1983 pluviam

1836 1985 1976 2055 fecit.
2025 1985 2124 2054 Qui
2174 1990 2412 2058 producit
2456 2002 2630 2048 sentos
2667 1995 2732 2049 de
2775 1998 3027 2058 thesauris
3063 2005 3193 2061 suis.
3237 2009 3444 2067 Printe-

1834 2078 1940 2133 rito
1965 2078 2040 2150 (c)
2067 2076 2434 2149 Thronorum,
2461 2084 2919 2161 Dominationum,
2943 2093 3348 2168 Principatuum
3376 2116 3433 2161 et

1833 2168 2186 2240 Potestatum,
2232 2173 2524 2232 Cherubim
2567 2188 2624 2235 et
2661 2182 2971 2256 Seraphim,
3011 2187 3347 2261 Angelorum
3377 2205 3435 2252 et

1831 2263 2324 2335 Archangelorum,
2366 2271 2512 2339 celi,
2564 2281 2745 2342 terrae,
2797 2281 2984 2349 maris,
3040 2283 3223 2356 abyssi
3269 2289 3438 2346 mira-

1829 2357 1958 2411 culo
1986 2375 1998 2410 :
2028 2357 2080 2412 in
2111 2359 2194 2414 his
2217 2363 2397 2418 omnia
2423 2365 2563 2422 Deus
2582 2384 2699 2436 qua:
2721 2372 2880 2426 voluit
2901 2375 3047 2444 fecit,
3069 2378 3271 2436 increta
3297 2394 3346 2438 et
3375 2387 3430 2442 in

1827 2457 1984 2517 terra,
2017 2450 2069 2504 in
2088 2454 2218 2506 mari
2241 2464 2287 2507 et
2311 2455 2532 2526 abysso;
2559 2461 2776 2517 educens
2803 2467 2959 2522 nubes
2984 2470 3048 2523 ab
3069 2485 3298 2531 extremo
3317 2488 3424 2532 ter-

1824 2553 1918 2608 τω,
1967 2543 2176 2614 fulgura
2212 2547 2266 2600 in
2302 2547 2530 2615 pluviam
2571 2556 2714 2623 fecit,
2749 2559 2836 2626 qui
2876 2563 3115 2630 producit
3145 2577 3317 2623 ventos
3362 2573 3428 2627 de

1824 2635 2082 2691 thesauris
2104 2640 2231 2692 suis.
2279 2639 2364 2695 An
2394 2641 2510 2698 hinc
2553 2653 2758 2702 tantum
2791 2653 3046 2719 perfectae
3087 2657 3140 2712 in
3189 2661 3298 2716 Deo
3337 2679 3431 2719 vo-

1821 2727 2042 2785 luntatis
2069 2731 2461 2803 omnipotentin
2487 2747 2590 2804 est,
2627 2750 2800 2797 terras
2823 2745 3080 2804 exhalare
3103 2752 3294 2818 nubes,
3329 2771 3424 2812 co-

1822 2828 2042 2877 ruscare
2068 2824 2267 2893 pluviis
2291 2827 2702 2887 imminentibus
2727 2833 2955 2906 fulgura,
2995 2841 3278 2901 alternatis
3307 2849 3423 2917 spi-

1819 2916 2010 2970 ritibus
2041 2917 2170 2973 llare
2210 2923 2438 2975 ventos?
2483 2922 2592 2979 Sed
2639 2939 2872 2998 arguunt
2918 2931 3058 2990 hanc
3102 2916 3419 3005 Opinionem

1816 3017 2055 3062 nostram
2077 3008 2157 3080 (ά)
2189 3009 2416 3068 virtutes
2447 3015 2734 3072 verborum
2759 3021 2916 3094 531
2944 3034 2999 3080 et
3021 3037 3226 3083 natura:
3251 3046 3416 3100 gene-

1815 3116 1954 3156 rum.
1987 3102 2246 3171 b‘daccns,
2286 3107 2477 3178 inquit,
2507 3111 2666 3165 nubes
2694 3113 2756 3166 ab
2788 3127 3011 3172 extremo
3051 3129 3200 3176 terrm
3225 3141 3244 3177 :
3281 3125 3412 3193 quid

106 3201 1710 3274 nis,dominationibus,principatibus,potestatihusdignum
1741 3209 1785 3274 ρ
1824 3195 1966 3249 enim
1997 3195 2098 3251 Bibi
2131 3199 2266 3263 νυΙίν
2299 3201 2442 3270 (ιυοιΙ
2472 3204 2642 3258 nubes
2668 3205 3007 3264 deducuntur
3031 3220 3084 3266 et
3111 3214 3413 3272 educuntur

113 3310 250 3364 quos
277 3289 562 3366 Apostolus
593 3295 726 3351 deos
760 3297 810 3351 in
839 3296 977 3352 caelo
1008 3298 1302 3367 nuncupari
1329 3296 1679 3352 demonstrat.

182 3381 266 3442 10.
314 3386 477 3455 Quam
506 3388 585 3442 his
613 3387 873 3458 prwcellat
901 3387 1059 3443 Deus.
1098 3379 1363 3459 Quidquid
1383 3392 1574 3461 factum
1606 3399 1702 3456 est,

99 3495 203 3536 non
233 3483 401 3536 omnia
433 3493 614 3553 potest.
649 3514 720 3524 —
750 3477 833 3537 Dii
859 3495 988 3553 ergo
1015 3492 1143 3537 sunt
1181 3483 1274 3554 qui
1299 3490 1574 3548 vocantur,
1607 3482 1703 3537 sed

95 3587 208 3645 prie
231 3575 480 3630 omnibus
514 3574 654 3631 Deus
700 3585 884 3631 noster
932 3585 1013 3630 est
1062 3594 1073 3628 :
1115 3585 1222 3632 non
1270 3578 1694 3647 comparatione,

93 3669 190 3739 qui
222 3667 657 3740 incomparabilis
681 3667 960 3741 prtecellit,
993 3669 1086 3726 sed
1113 3677 1381 3742 potestate
1409 3673 1516 3741 ιη’ὲὲ
1540 3673 1699 3726 crete-

89 3761 168 3818 ris
196 3770 302 3817 est.
342 3763 406 3817 Et
450 3760 720 3832 quomodo
745 3773 856 3832 pra:
896 3762 1108 3819 czcteris
1153 3765 1243 3830 sit,
1295 3775 1419 3818 mox
1463 3765 1698 3820 oswndit

89 3851 315 3919 dicens,
371 3847 536 3910 Vens.
573 3855 606 3911 6
639 3869 654 3911 :
702 3850 889 3908 Omnia
921 3869 1034 3926 quia
1066 3856 1224 3910 notuit
1253 3858 1370 3926 fecit
1407 3857 1461 3911 in
1489 3856 1616 3912 εωιο
1645 3868 1696 3912 et

87 3949 143 4002 in
174 3959 334 4015 terra,
366 3949 417 4003 in
441 3949 572 4003 mari
599 3955 645 4003 et
671 3951 723 4003 in
751 3949 966 4020 abyssis.
999 3948 1108 4004 Soli
1143 3951 1252 4006 Deo
1286 3952 1533 4022 congruit
1576 3961 1693 4006 om-

88 4043 179 4098 nia
215 4037 390 4098 lacere
420 4051 539 4114 quae
585 4039 732 4098 velit.
796 4041 920 4098 Sola
965 4046 1108 4098 enim
1168 4044 1402 4113 perfecta
1442 4048 1610 4099 virtus
1638 4046 1690 4100 in

84 4137 238 4192 nullo
261 4137 566 4207 impeditur,
596 4135 885 4209 quominus
926 4134 1070 4206 quod
1124 4136 1252 4192 velit
1295 4141 1352 4190 et
1398 4136 1555 4190 faciat
1587 4155 1599 4189 :
1630 4146 1686 4193 et

81 4232 133 4288 ei
166 4248 233 4287 ex
279 4246 387 4302 quo
438 4233 617 4287 omnia
659 4240 806 4297 sunt,
865 4231 1001 4286 nihil
1043 4230 1373 4286 difficultatis
1427 4233 1684 4288 occurrit.

79 4323 368 4379 inferioris
397 4325 466 4379 ab
493 4337 559 4379 eo
588 4331 796 4379 natura
822 4330 931 4390 est,
960 4337 1028 4378 ne
1055 4330 1228 4379 totum
1267 4323 1409 4394 quod
1461 4323 1594 4378 velit
1633 4332 1689 4380 ct

77 4418 266 4472 faciat.
301 4417 435 4472 Dum
469 4418 610 4473 enim
639 4417 727 4472 alii
755 4414 832 4490 (ὑ)
863 4425 923 4472 se
945 4416 1129 4482 debet,
1161 4422 1313 4471 caret
1339 4418 1686 4486 omnipoten-

75 4513 172 4566 tiae
201 4512 407 4567 virtute
438 4530 450 4566 :
485 4511 607 4583 quia
641 4513 693 4568 in
722 4513 777 4568 id
809 4514 982 4583 ipsum
1014 4511 1156 4582 quod
1187 4512 1458 4579 subsistit,
1490 4511 1685 4568 habeat

74 4601 248 4661 alium
274 4605 573 4662 auctorem.
605 4605 670 4661 Et
698 4602 788 4677 qui
819 4615 924 4660 neu
953 4617 1014 4660 se
1035 4604 1137 4660 sibi
1160 4605 1340 4669 debet,
1371 4617 1474 4658 non
1498 4605 1678 4662 omnia
1705 4621 1758 4681 ι)

73 4707 284 4770 petcst,
317 4699 445 4754 dum
482 4716 512 4754 a
545 4700 754 4770 potiore
796 4699 1064 4754 subsistit.
1097 4698 1204 4755 Sed
1244 4697 1520 4754 videamus
1551 4699 1676 4769 quid

71 4792 148 4846 sit
184 4790 317 4846 illud
359 4790 501 4861 quod
545 4791 940 4860 omnipotentia
976 4792 1067 4849 Dei
1108 4791 1407 4846 secundum
1437 4791 1683 4845 volunta-

70 4891 186 4940 tem
206 4899 357 4940 suam
375 4885 584 4952 fecerit,
606 4887 657 4940 in
671 4887 797 4940 caelo
808 4898 854 4941 et
867 4888 920 4941 in
949 4895 1103 4951 terra,
1123 4887 1174 4939 in
1193 4886 1322 4940 mari
1334 4895 1379 4940 et
1396 4886 1448 4940 in
1463 4886 1676 4956 abyssis.

148 4975 239 5033 Η.
282 4979 440 5036 Varia
467 4975 566 5034 Dei
590 4979 644 5034 in
669 4979 789 5034 orbe
819 4977 1074 5052 prodigia.
1107 5009 1177 5020 —-
1207 4977 1275 5034 Et
1299 4975 1518 5049 quidem
1561 4991 1678 5032 ma-

61 5087 241 5146 gnum
282 5083 386 5145 est,
417 5077 464 5132 si
491 5085 848 5133 contueantur
875 5076 1318 5134 indemutabilem
1351 5077 1478 5135 caeli
1507 5076 1678 5134 ﬁrmi-

144 5255 224 5332 (α)
261 5251 319 5332 in
353 5256 604 5332 vulgatis,
641 5255 952 5332 necessitatis
980 5253 1227 5332 absoluta!
1256 5256 1512 5311 nuntiare.
1552 5255 1675 5312 Sin~

63 5329 254 5385 ceram
289 5330 573 5384 lectionem
603 5329 908 5398 suppeditat
934 5345 1033 5382 ms.
1072 5329 1274 5383 Turon.

150 5402 229 5473 (ll)
251 5401 430 5473 Abest
451 5418 505 5454 se
535 5417 720 5473 mmss.
757 5415 870 5470 reg.
898 5408 955 5454 et
982 5399 1186 5454 Turnn.

248 5465 379 5548 lieg.
414 5489 513 5548 ms.
548 5465 852 5525 Τὴν-σηπιαῇ
878 5488 897 5527 ;
928 5473 1017 5543 qui
1046 5479 1229 5526 tamen
1271 5468 1324 5526 in
1359 5485 1441 5542 ps.
1485 5485 1666 5541 cxxtx,

67 5562 129 5602 tt.
154 5541 221 5604 ἐζ
255 5541 412 5598 habet
443 5541 784 5596 Thronorunt.

146 5613 226 5688 ((1)
257 5611 472 5688 Lipsius
511 5625 699 5669 contra
744 5607 904 5668 fidem
931 5613 1278 5688 antiquorum
1314 5612 1572 5670 librorum
1601 5623 1684 5671 te-

87 5686 246 5742 mere
277 5687 647 5749 substituerat,
679 5688 885 5739 uirtutes
929 5686 1197 5739 herbarum
1232 5697 1278 5741 et
1315 5695 1511 5740 natura:
1547 5703 1685 5756 gem-

103 5775 329 5821 marum,
370 5773 468 5812 nec
495 5768 679 5828 postea
717 5769 991 5828 correctus
1032 5757 1129 5820 luit
1157 5775 1172 5810 ε
1202 5774 1325 5814 cum
1365 5757 1498 5817 nihil
1537 5758 1680 5813 aliud

101 5831 238 5887 velit
266 5827 517 5896 liilarius,
551 5829 657 5886 nisi
685 5827 829 5901 quod
869 5830 949 5884 vis
985 5829 1269 5886 verborum
1305 5831 1442 5888 sacri
1481 5838 1680 5901 textus,

1815 3290 1879 3341 ab
1905 3305 2130 3344 extremo
2152 3294 2339 3349 terrm?
2370 3295 2638 3352 Exltalant
2661 3299 2880 3368 quidem
2915 3304 3082 3360 valles
3112 3308 3286 3362 uvida:
3313 3318 3408 3366 ne-

1809 3381 1988 3450 bulas;
2023 3385 2119 3438 sed
2157 3401 2328 3455 neque
2358 3389 2524 3450 valles
2567 3400 2808 3445 extrema
2848 3400 3013 3449 terra:
3048 3406 3194 3464 sunt,
3235 3409 3411 3470 neque

1807 3475 2085 3545 quisquam
2111 3477 2182 3550 (e)
2211 3479 2465 3534 nebulam
2493 3482 2544 3536 id
2571 3482 2746 3552 ipsum
2765 3487 3096 3544 existimavit
3117 3505 3238 3546 esse
3261 3495 3407 3563 quod

1806 3572 2024 3626 nubem.
2060 3572 2261 3627 Dehinc
2290 3573 2500 3645 fulgura
2531 3576 2582 3630 in
2605 3576 2830 3646 pluviam
2858 3581 2998 3651 fecit.
3027 3582 3158 3649 Quas
3187 3583 3270 3639 hic
3303 3586 3408 3641 ltu-

1806 3665 1948 3718 mani
1977 3679 2172 3720 sensus
2199 3665 2553 3738 intelligentia
2579 3672 2702 3724 est?
2732 3672 2968 3743 Fulgura
2999 3683 3405 3749 uenitutnquam

1801 3759 1920 3814 sine
1952 3759 2146 3829 pluviis
2185 3753 2448 3826 videmus,
2482 3772 2535 3818 et
2576 3763 2784 3834 pluvias
2813 3779 2959 3838 saepe.
2987 3785 3109 3824 esse
3150 3772 3268 3826 sine
3299 3773 3404 3827 ful-

1800 3861 1950 3923 gure.
2003 3852 2120 3908 Non
2171 3854 2367 3924 pluvias
2413 3855 2624 3926 fulgura
2668 3859 2925 3924 aderunt,
2969 3876 3147 3932 neque
3187 3872 3403 3920 rursum

1798 3943 2010 4015 fulgura
2058 3945 2264 4014 pluvias
2317 3947 2639 4002 defundunt.
2689 3951 2948 4021 Sequitur
2996 3965 3214 4024 quoque
3249 3975 3261 4008 :
3298 3959 3403 4023 Qui

1797 4035 2036 4105 producit
2071 4045 2243 4091 uentos
2284 4037 2348 4090 de
2386 4038 2638 4092 thesauris
2687 4043 2816 4095 suis.
2867 4042 3001 4108 Qua:
3044 4044 3131 4099 hic
3178 4047 3403 4105 humani

1795 4141 1988 4182 sensus
2016 4127 2374 4199 intelligentia
2403 4132 2525 4187 est?
2549 4133 2706 4188 Anne
2753 4135 2806 4188 in
2839 4143 3080 4191 concavo
3123 4138 3304 4208 aliquo
3344 4152 3401 4196 et

1795 4223 2126 4276 communito
2168 4223 2540 4278 thesaurorum
2587 4225 2706 4278 loco
2743 4227 2994 4282 conditos
3038 4242 3160 4284 esse
3202 4241 3399 4288 ventos

1792 4313 2244 4381 existimabimus,
2270 4331 2336 4370 ex
2361 4315 2554 4388 quibus
2581 4317 2722 4372 venti
2744 4317 2954 4374 soleant
2977 4330 3246 4392 tamquam
3274 4337 3397 4394 pre-

1791 4408 2087 4464 tiosissima
2132 4409 2370 4465 thesauri
2417 4411 2596 4480 portio
2642 4413 2904 4482 produci?
2946 4415 3171 4471 Etcum
3217 4409 3394 4475 solent

1789 4501 2114 4558 mutationes
2141 4495 2425 4559 véntornm
2469 4505 2775 4575 frequentes
2807 4517 2859 4563 et
2899 4507 3116 4565 incertas
3157 4527 3305 4582 saepe
3334 4519 3391 4569 et

1787 4597 2074 4652 contrariae
2121 4599 2487 4665 commoveri;
2537 4599 2733 4652 totiens
2785 4602 3096 4671 negotiosus
3147 4597 3212 4658 ad
3273 4605 3388 4662 lucc

1785 4689 1926 4744 Deus
1950 4690 2093 4759 ipsos
2123 4690 2280 4757 istos,
2305 4700 2360 4744 ut
2387 4690 2755 4758 demutentur,
2784 4699 2843 4746 ut
2868 4692 3182 4764 dissideant,
3211 4713 3276 4751 ex
3301 4713 3386 4754 se-

1783 4792 1933 4837 creto
1961 4781 2267 4838 divitiarum
2300 4798 2519 4838 suarum
2552 4783 2819 4854 producit.

1858 4878 1945 4933 15.
1981 4881 2137 4936 Salvo
2185 4892 2354 4935 tamen
2395 4881 2576 4936 littera:
2609 4897 2781 4938 sensu.
2815 4882 3018 4940 —Sed
3067 4883 3180 4940 haec
3226 4899 3256 4940 τι
3296 4902 3383 4942 me

1784 4977 1988 5034 volenti
2020 4979 2268 5032 virtutem
2299 4985 2354 5032 et
2382 4979 2642 5033 rationem
2673 4977 2939 5034 dictorum
2967 4979 3279 5047 ostendere,
3309 4980 3384 5038 ita

1781 5081 2207 5132 commemorata
2234 5074 2364 5143 sint,
2397 5077 2457 5128 ut
2500 5071 2850 5130 nihilominus
2877 5075 3160 5132 invisibilis
3185 5085 3240 5131 et
3262 5092 3380 5133 om-

1782 5266 1834 5313 et
1865 5263 2070 5312 naturae
2096 5268 2354 5327 generum
2383 5251 2763 5327 seu_re_rum4in
2787 5258 2852 5310 eo
2877 5265 3253 5327 expressar‘um
3278 5249 3382 5315 ml-

1781 5330 1928 5384 uime
1957 5323 2134 5381 sinant
2155 5337 2209 5380 ut
2237 5326 2428 5382 litterae
2453 5323 2672 5398 nimium
2697 5323 2983 5398 ittet'eatur.
3010 5328 3173 5398 Lipsii
3195 5331 3380 5387 animo

1780 5401 1939 5455 altius
1987 5399 2275 5452 inhaeserat
2321 5397 2654 5467 enntparatio
2695 5396 2848 5451 initio
2894 5398 3051 5469 hujus
3080 5396 3376 5457 ‘Tractatus

1779 5472 2021 5544 adhibita
2047 5471 2114 5544 de
2141 5485 2271 5540 agro
2297 5470 2600 5544 salubribus
2627 5469 2808 5523 herbis
2831 5469 3012 5526 divite.
3040 5470 3110 5527 At
3136 5472 3203 5526 de
3225 5488 3378 5544 gem-

1787 5545 1890 5598 mis
1943 5541 2202 5596 nihildum
2232 5541 2492 5595 audierat.

1863 5615 1936 5687 (e)
1960 5613 2331 5689 Nebuia_apud
2366 5607 2506 5666 Plin.
2536 5610 2627 5664 lib.
2659 5625 2716 5676 li,
2749 5623 2797 5689 ς.
2829 5607 2920 5689 (id,
2945 5603 3172 5668 differta
3204 5615 3369 5684 nube,

1788 5681 1927 5755 quod
1956 5701 2121 5755 vapor
2141 5684 2211 5738 sit
2230 5681 2270 5757 De
2300 5696 2439 5757 terra
2467 5691 2625 5757 atque
2647 5681 2807 5757 aquis
2838 5681 3081 5754 Surgens,
3111 5702 3231 5757 quas
3261 5681 3376 5746 sive

1786 5751 1966 5812 statim
2006 5751 2311 5838 evanescit,
2357 5751 2472 5811 sive
2521 5751 2574 5808 in
2612 5754 2778 5809 altum
2826 5751 3032 5812 sublata
3081 5751 3143 5813 iu'
3170 5757 3373 5817 nubem

1778 5836 2127 5887 convertitur.
