4006 6332
489 227 593 282 ῗῦε)

1716 216 1959 273 SANCTI
1996 216 2251 273 HlL:\lt|l
2285 214 2586 272 l'IPlSllOl’l

3684 217 3782 273 760

482 340 782 412 nipotentis
810 339 1026 394 virtutis
1051 353 1173 394 esse
1201 336 1278 410 (τι)
1312 337 1666 408 intelligatur,
1694 351 1722 389 a
1747 336 1905 402 mari,
1938 333 2080 406 quod
2109 345 2164 404 Α
2188 332 2430 388 Nubibus
2459 334 2715 388 Dominus
2744 334 3017 404 prmcepit,
3043 349 3112 390 ne
3138 349 3302 406 super
3322 334 3598 406 spinosam
3626 344 3684 390 et
3711 337 3786 390 iu-

485 443 577 493 est
610 436 679 490 ab
703 441 948 490 extremo
989 440 1169 499 terrae,
1199 431 1370 487 nubes
1397 429 1589 497 educi,
1620 438 1675 486 et
1705 430 1846 485 inter
1875 429 2083 498 pluvias

486 528 698 600 fulgura
739 539 1049 591 coruscare,
1096 536 1149 580 et
1188 534 1380 582 ventos
1419 541 1485 580 cx
1529 525 1760 580 occultis
1795 523 2081 596 spirituum

487 635 712 678 suorum
743 619 962 676 sedibus
991 619 1141 674 flare.
1181 618 1376 673 Verum
1406 619 1526 689 quia
1549 634 1656 673 non
1681 617 1736 673 in
1758 617 1842 673 his
1875 626 2082 673 tantum

485 713 883 784 omnipotentia
909 712 998 767 Dei
1024 721 1128 774 est.
1162 727 1339 783 neque
1372 713 1423 767 in
1453 712 1537 767 bis
1564 713 1738 768 solum
1783 728 1898 781 quae
1927 713 2087 766 voluit

487 808 614 880 fecit
637 808 689 862 in
713 805 839 861 caelo
867 815 914 860 et
933 807 988 860 in
1011 817 1169 873 terra,
1193 807 1246 860 in
1268 807 1400 860 mari
1424 815 1471 860 et
1496 807 1551 860 in
1577 807 1812 878 abyssis;
1839 816 1895 862 et
1915 805 1968 861 in
2002 805 2087 860 his

487 917 610 973 qua:
645 899 999 970 corporaliter
1034 907 1184 970 gesta
1225 914 1348 955 esse
1386 907 1777 962 memorantur.
1823 899 2084 967 Spiritalia

486 989 779 1061 significari
824 990 1172 1046 meminimus
1210 1007 1223 1044 :
1267 990 1751 1046 demonstrandum
1820 1001 1902 1047 est
1947 1006 2087 1046 nunc

485 1084 619 1155 quid
645 1083 748 1138 sub
771 1082 853 1138 his
883 1083 1042 1138 dictis
1067 1097 1162 1152 per
1185 1084 1438 1138 virtutem
1465 1084 1761 1154 prophetia:
1784 1084 2088 1156 intelligere

485 1175 799 1232 debeamus.

561 1274 649 1328 14.
686 1271 926 1334 Hominis
948 1273 1319 1344 prmrogatiote.
1337 1302 1411 1313 —-
1436 1271 1492 1326 In
1524 1286 1590 1326 eo
1611 1271 1754 1342 quod
1783 1272 1956 1326 omnia
1977 1288 2090 1341 quw

484 1366 648 1420 voluit
680 1366 799 1426 fecit
823 1366 875 1418 in
911 1365 1038 1418 coelo
1068 1365 1194 1419 etin
1233 1374 1392 1432 terra,
1427 1366 1481 1418 in
1521 1365 1654 1418 mari
1696 1375 1743 1418 et
1772 1365 1826 1417 in
1864 1364 2087 1434 abyssis,

488 1467 749 1529 quantum
809 1458 1105 1528 cognitioni
1146 1467 1350 1513 nostrae
1409 1457 1737 1529 permissum
1787 1467 1905 1522 est,
1955 1455 2089 1511 nihil

487 1551 777 1607 amabilius
808 1551 917 1607 Deo
945 1552 1162 1606 homine
1192 1558 1296 1606 est.
1325 1551 1392 1606 Et
1420 1551 1608 1607 subest
1636 1566 1820 1616 causa,
1846 1561 1902 1606 ut
1929 1566 2090 1622 pecu-

485 1645 622 1701 liare
650 1644 756 1700 hoc
781 1645 830 1700 ei
853 1645 1052 1700 animal
1077 1645 1168 1699 sit.
1194 1644 1422 1699 Mundus
1443 1644 1608 1700 verbo
1630 1645 1901 1710 consistit,
1928 1643 2090 1699 homo

2190 425 2471 482 fecundam
2518 426 2730 482 vineam
2775 427 3023 496 pluercnt
3070 426 3164 497 (V.
3217 426 3432 499 Origen.
3475 429 3620 483 hom.
3662 429 3697 484 5
3735 430 3785 484 ia

2188 517 2406 588 Jerem.)
2442 537 2454 571 :
2487 517 2768 581 Mandabo,
2793 517 2982 590 inquit,
3009 520 3078 590 (e)
3102 519 3318 573 nubibus
3341 536 3403 572 ne
3424 519 3615 588 pluunt
3639 537 3786 591 super

2189 629 2302 667 eam
2334 611 2505 684 (Esai.
2547 630 2603 678 v,
2634 613 2712 681 6).
2739 614 2981 684 Cognovi
3010 625 3064 669 et
3100 613 3296 668 nubctn
3338 613 3390 668 in
3431 630 3533 684 qua
3579 615 3786 669 loculus

2189 716 2274 761 est
2305 705 2442 761 Deus
2469 723 2482 756 :
2517 704 2582 760 In
2613 706 2869 773 columna,
2899 707 3090 777 inquit,
3119 707 3263 760 nubis
3288 707 3594 773 loquebatur
3611 707 3683 759 ad
3709 724 3787 762 eos

2191 798 2367 869 (Psal.
2413 813 2598 861 xcvnt.
2641 799 2720 870 7).
2770 800 2834 853 Et
2882 807 3110 854 testatur
3160 799 3290 854 mihi
3341 799 3544 854 Paulus
3588 800 3646 853 in
3694 801 3786 856 hac

2191 892 2333 946 nube
2364 907 2470 946 non
2504 892 2605 954 hoc
2633 894 2807 947 solum
2831 893 2974 962 quod
3004 891 3198 963 legitur
3229 891 3644 963 intelligendum
3669 935 3685 958 ,
3712 892 3788 948 di-

2191 999 2320 1040 cens
2351 999 2365 1038 :
2397 984 2475 1038 An
2505 986 2706 1039 nescitis
2732 987 2852 1052 quia
2880 996 3050 1056 patres
3079 988 3242 1040 nostri
3269 987 3358 1040 sub
3391 987 3523 1040 nube
3559 991 3784 1056 fuerunt,

2191 1087 2238 1133 et
2266 1078 2318 1130 in
2349 1076 2562 1148 Moysen
2599 1078 2841 1150 baptisati
2874 1089 2990 1134 sunt
3022 1077 3063 1150 (I
3097 1076 3216 1132 Cor.
3256 1095 3311 1144 ι,
3345 1080 3368 1132 1
3404 1089 3453 1131 et
3479 1075 3589 1150 2)?
3619 1078 3788 1136 Nubes

2194 1171 2308 1226 haec
2352 1174 2532 1242 itaque
2567 1173 2837 1244 significat
2875 1174 3178 1228 doctrinam
3219 1173 3575 1244 aposmlicam
3625 1191 3639 1228 :
3677 1190 3787 1244 qua:

2193 1264 2527 1329 iuumbrans,
2571 1274 2625 1320 et
2669 1280 2697 1319 a
2745 1265 2928 1321 calore
2973 1265 3285 1332 defendens,
3333 1276 3524 1323 :estum
3578 1282 3784 1322 onmem

2191 1355 2357 1413 futuri
2382 1358 2570 1428 judicii
2601 1359 2854 1414 excludit.
2886 1359 3036 1426 Quod
3068 1369 3248 1415 autem
3274 1375 3303 1414 a
3334 1360 3657 1416 novissimis
3687 1371 3782 1416 ter-

2192 1467 2266 1506 ra:
2296 1449 2365 1524 (f)
2393 1451 2519 1515 sint,
2544 1451 2824 1506 audiamus
2847 1454 3160 1522 Apostolum
3188 1452 3454 1509 dicentem
3484 1473 3498 1507 :
3531 1453 3673 1507 Puto
3697 1471 3785 1508 au-

2193 1555 2293 1600 tem
2316 1545 2455 1602 Deus
2481 1564 2574 1602 nos
2599 1548 2856 1618 apostolos
2874 1559 3128 1602 extremos
3150 1550 3369 1604 ostendit
3385 1551 3518 1606 sicut
3535 1552 3784 1606 abortiros

2192 1641 2236 1717 (Ι
2263 1642 2383 1699 Cor.
2416 1659 2490 1708 tv,
2522 1643 2604 1714 9).
2633 1643 2889 1699 Dominus
2914 1644 3050 1715 ipse,
3069 1661 3187 1701 cum
3215 1645 3281 1701 de
3305 1647 3422 1701 loco
3448 1655 3502 1700 et
3529 1647 3780 1718 dignitate

485 1746 669 1793 autem
696 1752 820 1792 cum
863 1737 1093 1792 consilio
1123 1736 1375 1803 efficitur,
1402 1753 1509 1792 non
1556 1737 1744 1804 verbo,
1787 1737 1881 1793 sed
1923 1751 2087 1807 opere
2119 1741 2166 1800 Β
2193 1740 2334 1796 inter
2364 1737 2658 1809 discipulos
2685 1753 2865 1794 sermo
2887 1747 3049 1806 esset,
3082 1740 3156 1793 ait
3185 1757 3200 1794 :
3238 1738 3337 1805 Qui
3366 1740 3585 1793 voluerit
3617 1741 3666 1792 in
3694 1759 3772 1795 το.

486 1830 745 1902 cogitato.
776 1828 862 1884 Fit
891 1845 1102 1900 quoque
1124 1829 1189 1884 ad
1214 1829 1504 1900 imaginem
1533 1829 1628 1885 Dei
1660 1847 1673 1882 :
1699 1827 1778 1901 (ὁ)
1805 1845 1898 1899 per
1923 1830 2093 1900 inspi-

487 1925 755 1980 rationem
785 1925 948 1980 etiam
989 1924 1082 1978 Dei
1117 1924 1309 1978 vivens
1349 1923 1526 1977 anima
1565 1921 1862 1992 perficitur.
1891 1921 2090 1994 Legem

489 2017 710 2086 accipit,
741 2014 1003 2071 voluntati
1039 2029 1152 2070 sua:
1178 2014 1531 2085 permittitur,
1561 2014 1697 2070 liber
1733 2013 1802 2068 ab
1840 2012 2093 2068 omnibus

489 2110 677 2166 mundi
700 2109 957 2165 dominus
994 2108 1362 2174 constituitur,
1393 2106 1630 2179 paradisi
1654 2106 1826 2164 incola
1856 2117 1969 2175 est,
2005 2107 2090 2163 in-

485 2203 630 2259 vidia
653 2203 856 2258 diaboli
879 2202 1076 2275 dignus
1100 2213 1205 2270 est,
1235 2211 1360 2273 post
1389 2211 1671 2273 peccatum
1704 2201 2092 2258 misericordia

491 2305 804 2353 reservatur
843 2296 943 2368 (ογ.
978 2314 1098 2368 pag.
1131 2296 1261 2364 402,
1301 2315 1355 2364 a,
1385 2295 1478 2368 b),
1521 2296 1668 2352 omni
1707 2295 1891 2351 saeculi
1932 2296 2092 2366 hujus

487 2402 649 2449 aetate
664 2392 732 2447 ad
747 2393 1109 2464 cognitionem
1131 2392 1227 2448 Dei
1248 2391 1512 2458 eruditur,
1534 2390 1700 2461 judex
1721 2389 1926 2461 angelis
1951 2406 2082 2460 pra:-

491 2500 734 2560 paratur.
765 2490 926 2563 532
947 2488 1352 2545 Revelationem
1377 2488 1494 2558 ejus
1516 2498 1761 2545 creatura
1792 2496 2088 2558 exSpectat,

485 2584 707 2638 vanitati
752 2582 807 2638 in
852 2597 1003 2652 Spem
1051 2589 1109 2637 et
1151 2582 1266 2650 ipsa
1307 2581 1584 2652 subjecta;
1616 2581 1688 2637 ob
1718 2582 2090 2652 paenitentiam

485 2677 605 2748 ejus
636 2692 704 2733 ex
745 2685 970 2747 peccato
997 2675 1328 2746 Angelorum
1361 2678 1413 2731 in
1443 2675 1600 2732 caelis
1635 2676 1928 2731 maximum
1960 2691 2092 2747 gau-

486 2771 636 2827 dium
679 2780 781 2826 est.
814 2769 912 2825 Hic
942 2770 1058 2840 ipse
1089 2785 1184 2848 per
1220 2778 1622 2826 sacramentum
1663 2769 1961 2825 nativitatis
2003 2784 2090 2825 se-

487 2863 725 2920 cundum
749 2862 1024 2917 hominem
1053 2861 1238 2917 Jesum
1253 2861 1532 2918 Christum
1557 2873 1868 2933 assumptus
1890 2862 1943 2918 in
1965 2878 2089 2918 eum

489 2965 593 3013 est.
624 2957 743 3013 iam
771 2957 971 3027 ubique
1002 2956 1362 3026 irreligiosum
1391 2966 1516 3012 ante
1542 2972 1604 3012 os
1625 2957 1743 3027 ejus
1773 2957 2089 3026 religionem

489 3049 672 3117 docet,
705 3049 816 3120 jam
847 3049 1114 3119 pollutum
1153 3048 1354 3118 stupris
1392 3064 1592 3120 corpus
1624 3050 1958 3104 continentia
1987 3064 2089 3119 pu-

2195 1834 2270 1888 bis
2289 1849 2397 1888 esse
2428 1833 2647 1902 primus,
2686 1833 2751 1887 sit
2778 1833 3006 1886 omnium
3035 1831 3337 1885 novissimus
3362 1832 3555 1903 (atare.
3584 1849 3634 1897 ι,
3664 1833 3770 1904 Η).

2196 1925 2302 1980 llas
2330 1940 2459 1995 ergo
2487 1925 2656 1981 nubes
2688 1925 2848 1989 Deus,
2872 1922 3051 1978 omnia
3083 1939 3201 1993 qua:
3230 1923 3344 1978 vult
3372 1924 3590 1988 faciens,
3627 1939 3653 1976 a
3681 1938 3766 1977 no-

2193 2019 2430 2074 vissimis
2461 2025 2619 2073 terra:
2649 2017 2829 2074 educit
2862 2034 2875 2069 :
2901 2027 2953 2072 et
2984 2015 3122 2070 hanc
3169 2016 3566 2071 inumbrantem
3594 2017 3772 2071 doctri—

2198 2130 2321 2170 nam
2374 2122 2535 2169 terrzc
2564 2111 2788 2168 humilia
2819 2111 3094 2168 exhalant.

2270 2204 2357 2262 16.
2399 2203 2658 2275 Fulgura,
2695 2205 2784 2273 qui
2823 2203 3038 2278 scientia
3071 2212 3360 2259 coruscant.
3403 2201 3612 2258 Pluvia:
3649 2204 3781 2272 fiunt,

2196 2298 2323 2352 dum
2367 2297 2654 2352 doctrinam
2698 2296 3042 2369 profundunt.
3084 2329 3157 2339 —
3204 2298 3438 2370 Fulgura
3487 2299 3544 2352 in
3605 2299 3784 2367 plut-ias

2197 2392 2336 2463 fecit.
2362 2390 2563 2464 Fulgur
2593 2401 2676 2446 est
2705 2393 2916 2448 virtutis
2939 2392 3177 2448 etelestis
3201 2392 3404 2463 agnitio
3430 2409 3444 2444 :
3475 2400 3535 2446 et
3559 2392 3668 2448 hoc
3686 2393 3784 2461 ipse

2197 2484 2454 2541 Dominus
2488 2493 2739 2554 testatur,
2771 2485 2960 2541 dicens
2994 2505 3007 2539 :
3042 2487 3189 2542 Sicut
3225 2487 3359 2540 enim
3385 2489 3571 2560 fulgur
3614 2489 3710 2543 esit
3733 2489 3782 2540 ab

2199 2577 2422 2645 Oriente,
2453 2587 2501 2632 et
2531 2589 2672 2647 paret
2695 2595 2850 2650 usque
2877 2579 2945 2633 ad
2983 2578 3346 2648 Occidentem;
3375 2583 3449 2635 ita
3480 2584 3584 2638 erit
3615 2583 3786 2638 adesu-

2197 2681 2277 2728 tus
2303 2674 2400 2742 ﬁlii
2427 2674 2645 2728 hominis
2676 2673 2889 2746 (Matth.
2924 2691 3068 2741 sxw,
3095 2675 3209 2748 27).
3248 2675 3313 2730 Et
3345 2676 3448 2732 hoc
3480 2677 3702 2748 quidem
3726 2678 3782 2732 ita

2199 2768 2251 2822 in
2285 2768 2538 2831 Domino,
2581 2770 2773 2842 qui(g)
2807 2785 2911 2825 nou
2959 2771 3012 2825 in
3062 2769 3195 2825 locis
3233 2779 3288 2824 ut
3335 2775 3664 2842 corporalis,
3703 2772 3784 2827 sed

2198 2861 2418 2932 ubique,
2445 2861 2739 2918 adveniens
2767 2877 3041 2920 cernetur.
3069 2863 3337 2940 Cmterum
3370 2866 3423 2920 iu
3447 2868 3678 2938 singulis
3705 2868 3784 2921 ho.

2197 2952 2283 3007 die
2315 2954 2639 3026 quicumque
2667 2956 2917 3012 virtutem
2943 2958 3035 3012 Dei
3056 2960 3476 3028 annuntiabuut,
3501 2961 3600 3029 qui
3620 2961 3785 3031 cogni-

2196 3044 2398 3102 tionem
2420 3050 2539 3118 ejus
2566 3065 2658 3120 per
2682 3049 2980 3106 doctrinam
3010 3053 3364 3122 praestabunt,
3393 3052 3610 3124 fulgura
3637 3054 3712 3126 (lt)
3741 3055 3784 3108 in

489 3157 612 3197 rum
640 3149 746 3208 est,
767 3141 878 3211 jam
908 3155 1050 3196 caeca
1083 3141 1355 3212 quondam
1387 3156 1416 3194 a
1447 3141 1758 3213 cognitione
1790 3140 1888 3196 Dei
1912 3155 2084 3206 mens,
2116 3133 2160 3196 Ο
2197 3139 2406 3211 pluvias
2433 3140 2571 3197 ‘facti
2597 3157 2721 3197 sunt
2753 3162 2764 3196 :
2795 3144 3002 3214 fulgure
3033 3145 3260 3216 primum
3297 3147 3395 3217 ipsi
3427 3147 3674 3202 scientiae
3699 3162 3782 3202 eo-

491 3233 658 3291 Israel
688 3233 827 3289 facta
856 3242 959 3290 est.
991 3233 1110 3289 .lam
1154 3234 1352 3290 invidia
1385 3235 1458 3309 (ε)
1494 3235 1548 3290 ἰη
1577 3235 1936 3292 imitationem
1965 3235 2098 3294 boui

484 3325 745 3398 profecit,
773 3326 882 3397 jam
911 3325 1148 3382 ebrietas
1179 3328 1231 3381 in
1256 3326 1464 3398 jejunia
1503 3329 1740 3396 exarsit,
1765 3331 1876 3401 jam
1907 3331 2093 3388 odium

493 3419 547 3474 in
585 3434 826 3475 amorem
857 3419 1191 3475 demutatum
1241 3431 1345 3488 est,
1391 3420 1504 3492 jam
1545 3420 1671 3476 vitia
1722 3422 1775 3477 iu
1833 3424 2091 3480 virtutum

487 3510 571 3583 (ά)
614 3511 780 3566 vitam
811 3520 1086 3581 perempta
1113 3520 1258 3566 sunt.

559 3602 648 3658 l5.
704 3601 880 3658 Nubes
923 3603 1160 3657 doctrina
1204 3603 1268 3657 ab
1294 3613 1520 3660 extremo
1561 3616 1728 3675 terra,
1759 3608 1815 3661 id
1860 3619 1956 3674 est,
2001 3628 2091 3679 per

485 3695 704 3750 humiles
758 3697 1021 3766 apostolos
1075 3697 1285 3750 tradita.
1339 3725 1412 3738 —
1460 3696 1782 3770 Fecit‘ergo
1830 3701 2088 3758 Dominus

483 3787 658 3842 omnia
693 3803 808 3858 quae
845 3786 1006 3841 uoluit
1032 3788 1086 3841 in
1126 3788 1257 3842 caelo
1297 3798 1344 3843 et
1379 3790 1434 3843 in
1477 3799 1634 3858 terra,
1675 3793 1729 3845 in
1772 3794 1903 3846 mari
1945 3803 1994 3848 et
2033 3795 2086 3849 in

483 3879 705 3953 abyssis.
735 3879 877 3935 Nihil
908 3881 1052 3936 enim
1083 3881 1135 3935 in
1166 3881 1252 3936 his
1272 3881 1527 3938 omnibus
1548 3883 1728 3940 carius
1753 3885 1968 3942 homine
1988 3903 2089 3943 suo

480 3973 707 4041 habuit,
739 3974 812 4030 ob
842 3989 1004 4045 quem
1034 3974 1197 4030 etiam
1229 3973 1550 4046 Unigenitus
1586 3977 1705 4047 ejus
1751 3978 1895 4035 Deus
1926 3980 2088 4037 homo

479 4069 688 4124 exstitit
717 4085 731 4123 :
762 4074 818 4123 et
843 4065 972 4123 fecit
1003 4067 1097 4132 ita,
1127 4067 1346 4124 edacens
1374 4067 1534 4125 nubes
1561 4071 1625 4126 ab
1655 4081 1881 4128 extremo
1911 4083 2080 4132 terrte.

554 4217 631 4290 la)
684 4217 864 4290 Mirati
926 4216 1121 4290 subest
1173 4231 1272 4271 cur
1325 4215 1572 4287 proxime
1628 4224 1757 4272 ante
1808 4219 2080 4274 annotarit

477 4286 767 4355 Erasmus,
801 4286 1034 4359 Destruit
1070 4286 1338 4342 historiam
1360 4330 1374 4354 ,
1408 4299 1594 4343 contra
1626 4297 1734 4343 tam
1764 4304 2080 4359 expressam

478 4375 604 4414 cum
634 4359 742 4420 hic.
768 4368 879 4412 tum
910 4357 1199 4431 Tractatus
1221 4360 1395 4426 initio,
1427 4361 1736 4430 interpretis
1760 4357 1930 4414 nostri
1957 4376 2080 4431 pro-

479 4431 774 4502 fessionem
806 4444 821 4484 :
853 4438 912 4484 ut
950 4430 1036 4485 vix
1071 4432 1318 4487 excusari
1352 4431 1522 4500 possit
1563 4431 1782 4500 quidam
1823 4430 2080 4502 carpendi

523 4501 742 4556 ruritus.

479 4519 742 4654 prlbsulltsa:
770 4585 900 4654 mss.
938 4573 1004 4625 At
1045 4572 1196 4654 editi,
1241 4574 1541 4654 ébquoque
1580 4574 1648 4654 ad
1680 4575 1954 4654 imaginem
1986 4573 2083 4631 Dei

483 4641 579 4712 per
607 4641 1018 4717 inspirationem,
1047 4653 1094 4696 et
1133 4660 1193 4697 ea
1233 4641 1330 4698 Dei
1354 4641 1529 4717 uiuens
1553 4647 1726 4699 anima
1764 4641 2034 4717 per/icitur
2061 4663 2080 4702 :

480 4712 745 4788 mendose
775 4723 830 4788 et
853 4722 1316 4788 conti-amentem
1340 4715 1564 4788 llilarii,
1603 4718 1688 4772 cui
1727 4712 1822 4788 per
1855 4719 2084 4787 inspira-

481 4785 685 4856 tionem
715 4782 808 4838 Dei
837 4799 940 4856 non
973 4783 1031 4836 fit
1054 4783 1216 4841 homo
1242 4787 1306 4841 ad
1337 4787 1620 4856 imaginem
1647 4782 1761 4852 Dei,
1787 4789 1879 4842 sed
1903 4782 2078 4842 anima

480 4855 623 4912 facta
663 4855 729 4928 ad
763 4855 1175 4928 imaginemDei
1205 4873 1325 4912 cum
1358 4855 1587 4928 corpore
1617 4859 1851 4913 sociatur
1882 4861 1933 4913 in
1965 4862 2081 4913 ani-

480 4942 626 4983 mam
669 4927 964 5000 viventem.
1013 4923 1220 5000 V‘idesis
1262 4929 1377 4984 haec
1413 4923 1572 4984 latius
1611 4931 1875 5000 explicata
1919 4939 2074 4985 tract.

477 5011 564 5068 ps.
589 5013 775 5068 cxvut,
809 5013 864 5051 η.
897 4997 928 5049 7
954 5005 1007 5050 et
1037 4995 1101 5057 8;
1131 5007 1185 5052 et
1211 4999 1262 5052 in
1292 5002 1425 5068 psal.
1455 5014 1622 5063 cxxx,
1655 4995 1707 5055 η’.
1738 5003 1792 5055 5.

557 5067 632 5140 (c)
664 5068 826 5135 Editi,
861 5069 1121 5140 particula
1136 5071 1254 5140 jam
1283 5067 1504 5134 Omissa,
1526 5073 1579 5125 in
1608 5073 1937 5126 mutationem
1958 5072 2078 5126 boni

477 5139 708 5266 ﬁroﬁcit.
743 5141 872 5194 Tur.
907 5154 1009 5193 ms.
1031 5139 1147 5208 jam
1175 5141 1365 5192 invidia
1390 5143 1672 5196 imitatione
1692 5144 1808 5198 boni
1837 5145 2074 5216 profecit.

533 5212 649 5266 anis
677 5212 849 5266 nlacet
875 5226 998 5266 cum
1031 5226 1144 5266 rea.
1168 5211 1223 5264 in
1242 5211 1576 5266 imitationem
1602 5215 1737 5266 boni.
1769 5230 1875 5266 nuo
1897 5217 2074 5266 exnri-

533 5212 649 5286 ἓείε
677 5212 849 5286 placet
875 5226 998 5266 cum
1031 5226 1144 5280 reg.
1168 5211 1223 5264 in
1242 5211 1576 5286 imitationem
1602 5215 1737 5281 bom'.
1769 5211 1875 5285 (1υό
1897 5211 2077 5286 θὶρτί-

474 5283 650 5410 lmitur
677 5285 934 5337 transitus
955 5297 984 5335 a
1015 5297 1176 5353 prava
1198 5283 1536 5339 :emulatioue
1565 5285 1618 5340 in
1641 5283 1878 5341 sanctam
1909 5283 2077 5342 aemu-

499 5361 756 5408 ationem.

499 5354 756 5408 ationem.

555 5423 721 5499 (d)_ln
755 5425 978 5499 vulgatis
1007 5425 1129 5480 vita.
1154 5422 1374 5479 Beotius
1399 5438 1529 5499 mss.
1561 5426 1715 5481 vitam
1737 5443 1756 5483 :
1781 5443 1887 5499 quo
1907 5429 2071 5484 animi

479 5509 514 5550 a
543 5493 710 5567 vitiis_
716 5495 782 5549 ad
807 5493 1031 5552 virtutes
1061 5493 1711 5567 progressusdeclaratur.

552 5564 627 5637 (e)
668 5565 872 5642 Turon:
915 5583 1026 5642 ms.
1061 5564 1282 5642 nubibus
1323 5566 1468 5642 meis.
1508 5566 1797 5642 “Superius,
1824 5572 1876 5625 in
1926 5572 2065 5642 psal.

481 5649 697 5772 2.331.!"
707 5654 763 5694 n.
816 5638 903 5706 l0,
945 5641 1173 5696 refertur
1211 5638 1317 5695 hoc
1359 5637 1614 5708 aliquibus
1660 5640 1875 5698 nubibus
1921 5637 2065 5714 prte-

2199 3241 2500 3302 ruscantes,
2526 3245 2635 3289 tum
2659 3234 2857 3292 deinde
2879 3238 3161 3292 verborum
3204 3237 3432 3294 imbrem
3457 3239 3782 3308 profunden-

2200 3337 2300 3385 tes.
2329 3329 2402 3385 Et
2429 3329 2588 3401 hujus
2604 3332 2794 3403 pluvia:
2827 3348 2892 3389 ex
2907 3348 2966 3388 se
3002 3333 3388 3404 profundenda:
3412 3336 3782 3408 533Moyses

2199 3435 2306 3478 non
2341 3422 2454 3494 jam
2486 3423 2802 3494 spiritaliter
2830 3440 2923 3496 per
2949 3425 3274 3492 doctrinam,
3308 3428 3405 3484 sed
3440 3429 3783 3500 corporaliter

2197 3527 2294 3585 per
2322 3515 2548 3586 gloriam
2581 3514 2790 3587 fulgens
2830 3521 2898 3572 ita
2930 3518 3176 3574 meminit
3205 3535 3217 3571 :
3250 3519 3470 3575 Attende
3497 3523 3707 3588 calum,
3736 3529 3780 3574 et

2199 3605 2383 3677 loquar
2408 3624 2429 3662 :
2451 3617 2497 3662 et
2513 3609 2696 3663 audiat
2730 3620 2865 3665 terra
2891 3612 3040 3665 verba
3073 3605 3254 3668 ex'ore
3291 3629 3426 3667 meo.
3461 3611 3780 3684 Exspecth

2196 3703 2325 3756 sicut
2355 3702 2527 3772 pluuia
2570 3703 2825 3774 eloquium
2855 3721 3054 3770 meum,
3097 3715 3144 3761 et
3188 3707 3491 3761 descendant
3521 3707 3645 3759 sicut
3683 3722 3769 3758 ros

2195 3797 2346 3851 verba
2371 3813 2504 3864 mea,
2535 3808 2581 3852 et
2611 3798 2742 3852 sicut
2764 3799 2938 3870 pluvia
2952 3816 3106 3869 super
3133 3816 3370 3871 gramen,
3396 3810 3440 3855 et
3459 3809 3510 3854 ut
3531 3799 3655 3852 uires
3675 3815 3767 3851 sst-

2197 3905 2287 3957 per
2317 3894 2509 3962 finitum
2538 3889 2719 3965 (Deut.
2757 3908 2930 3958 XXXIX,
2962 3894 2984 3948 l
3019 3904 3065 3947 et
3094 3893 3175 3962 εὶ).
3214 3893 3304 3950 Illa
3346 3893 3551 3966 fulgura
3590 3894 3645 3948 in
3681 3892 3779 3946 has

2196 3982 2403 4052 pluvias
2458 3983 2595 4038 facta
2648 3994 2808 4051 sunt,
2850 3986 3012 4041 verba
3069 3985 3278 4042 scilicet
3318 3985 3672 4054 vivificantia,
3729 3995 3780 4041 et

2199 4075 2260 4149 (i)
2293 4086 2540 4148 potantes
2563 4079 2854 4150 irrigantia.

2259 4217 2328 4292 (Ϊ)
2355 4219 2592 4297 Verbum
2621 4221 2724 4297 sint
2749 4221 2988 4297 perinde
3003 4222 3169 4278 refert
3199 4223 3432 4279 Hilarius
3468 4224 3536 4279 ad
3573 4235 3782 4297 aposto-

2189 4289 2404 4367 lps',‘_ac
2450 4293 2493 4346 si
2539 4289 2790 4367 superius
2826 4293 3113 4367 doctrinam
3162 4297 3544 4367 apostolorum,
3588 4289 3646 4354 ἐι
3683 4314 3781 4354 non

2187 4362 2473 4417 doctrinam
2497 4365 2834 4434 apostolicam
2859 4365 3185 4437 scripsisset.

2263 4477 2340 4550 (g)
2372 4478 2556 4552 iEditi,
2603 4496 2709 4534 non
2755 4482 2811 4534 in
2861 4481 2986 4537 locis
3032 4482 3456 4552 corporalibus...
3504 4488 3785 4541 cernitur:

2189 4551 2550 4630 eluendantur
2572 4566 2642 4630 es
2674 4567 2805 4630 mss.
2833 4552 3006 4630 Magis
3036 4551 3214 4630 tamen
3261 4555 3502 4623 placeret
3522 4569 3583 4630 ut
3611 4576 3786 4630 corpo-

2112 4621 2345 4693 pratia.
2378 4623 2537 4692 Atqui
2565 4622 2814 4678 Christus
2854 4621 2962 4678 non
2993 4625 3044 4678 in
3079 4625 3212 4680 locis
3250 4621 3430 4681 exstat
3471 4628 3538 4684 ad
3572 4621 3782 4684 modum

2193 4709 2370 4768 rerum
2401 4694 2784 4768 cnrporalium,
2810 4711 2968 4768 quem
2994 4695 3161 4766 liquet
3181 4712 3412 4768 corpore
3436 4716 3543 4755 non
3569 4703 3785 4758 carere?

2192 4763 2670 4839 Yideturﬂilarius
2703 4763 2975 4835 respicere
2996 4763 3566 4839 Christum'quateuus
3590 4775 3786 4830 virtute

2187 4833 2364 4913 divina
2393 4837 2590 4905 ubique
2632 4833 2955 4913 praesentem
2976 4882 2996 4913 ,_
3021 4849 3074 4894 et
3105 4857 3210 4913 non
3243 4833 3515 4913 quatenus
3544 4847 3786 4913 corporis

2184 4906 2701 4983 nostriconsortetn.
2725 4908 2965 4983 Similem
2986 4911 3108 4966 huic
3127 4906 3304 4966 locum
3322 4912 3436 4983 jam
3453 4906 3786 4973 advertimus

2181 4977 2234 5056 iu
2268 4979 2402 5056 psal:
2427 4994 2619 5056 (ιιι-ιγ,
2655 4997 2707 5034 n.
2742 4984 2795 5045 t5,
2826 4981 2915 5056 ubi
2937 4984 3215 5052 explicans
3238 4977 3442 5038 Christi
3473 4989 3539 5040 ad
3565 5001 3786 5056 aposto-

2181 5046 2759 5148 Ξῖξζῐθεὲἱῑέσεεςθθ
2780 5046 3039 5148 eam
3217 5066 3348 5148 εφη
3378 5046 3623 5148 stuic";
3668 5060 3787 5148 se

2178 5121 2310 5202 ritus
2349 5137 2566 5202 namque
2602 5133 2678 5176 est
2711 5124 2885 5177 omnia
2930 5136 3198 5202 penetrans
3232 5135 3282 5180 et
3326 5121 3617 5184 continens.
3667 5121 3786 5186 Non

2179 5193 2315 5267 enim
2339 5193 2618 5267 secundum
2647 5211 2738 5249 nos
2762 5197 3048 5267 corporalis
3071 5209 3167 5265 est,
3200 5211 3256 5252 ut
3277 5214 3396 5253 cum
3416 5202 3610 5258 alicubi
3626 5205 3782 5267 adsit,

2181 5263 2308 5318 absit
2332 5264 2574 5331 aliunde,
2598 5275 2702 5321 etc.

2253 5389 2333 5474 th)
2357 5388 2682 5474 Inepncinne
2713 5407 2824 5474 pr_:_e
2840 5407 2900 5450 se
2927 5393 3173 5474 ferebant
3195 5396 3347 5464 editi,
3378 5401 3511 5456 inter
3537 5402 3744 5472 pluvias
3764 5421 3784 5458 :

2177 5460 2568 5545 refragantibus
2596 5460 2726 5546 mss.
2765 5465 2902 5546 Tum
2935 5481 2999 5522 ex
3029 5466 3236 5546 Turon.
3277 5460 3638 5546 restituint'us,
3671 5481 3782 5546 [nl-

2174 5548 2300 5620 ρων
2332 5533 2552 5616 primum
2720 5537 2965 5620 scientite,
3011 5540 3102 5595 ubi
3131 5551 3293 5597 antea
3336 5533 3636 5614 legebatur,
3671 5533 3784 5620 '{al-

2173 5619 2304 5674 gura
2329 5610 2550 5676 primunt
2579 5610 2676 5680 ipsi
2702 5610 2947 5664 scientice.

2241 5716 2306 5789 (i)
2333 5718 2535 5777 Turon.
2565 5737 2694 5781 mss.
2726 5732 2958 5794 potenter
2982 5727 3279 5799 irrigantia.
