3896 6336
59 215 150 272 761

1073 216 1486 273 TRACTATUS
1525 219 1588 273 IN
1629 219 1892 276 CXXXIV
1937 221 2284 280 PSALMUM.

3239 218 3342 276 76?.

129 334 212 387 l7.
237 331 406 389 Venti.
429 334 610 406 Augeli
639 333 874 389 custodes
899 333 1082 388 nostri.
1102 363 1172 372 —
1195 333 1450 388 Servatus
1464 342 1642 388 autem
1674 341 1721 398 Α
1751 335 2036 408 Egyptus,
2065 339 2118 394 in
2147 354 2254 410 quo
2279 339 2464 396 saeculi
2507 338 2677 395 forma
2703 346 2806 404 cst,
2831 333 3120 392 virtutibus
3148 342 3201 390 et
3223 333 3340 404 pla-

60 425 186 481 ordo
220 434 322 488 est,
369 435 426 480 ut
465 434 585 496 post
629 437 979 496 congregatas
1026 441 1091 480 ex
1140 423 1445 479 novissimis
1486 431 1646 479 terra:

61 519 241 584 nubes,
277 528 395 588 post
425 517 631 588 fulgura
657 519 736 587 (a)
764 517 816 572 in
859 517 1068 588 pluvias
1091 516 1404 579 constituta,
1447 518 1644 586 produ-

60 619 140 666 cat
162 619 349 666 ventos
376 609 444 664 de
483 609 752 665 thesauris
784 610 913 664 suis.
941 610 1086 676 Quos
1113 620 1290 666 autem
1305 618 1495 665 ventos
1518 624 1642 680 pro-

58 707 232 772 ducat,
257 721 360 758 non
388 704 702 775 ambiguum
726 713 808 758 est
834 722 846 758 :
876 719 970 758 eos
1002 718 1196 774 nempe
1217 703 1283 760 de
1308 703 1504 774 quibus
1529 701 1641 757 ait:

58 797 273 856 Faciens
301 797 510 868 angelos
533 813 653 852 suos
681 797 894 868 spiritus
919 795 1035 868 (Ps.
1071 812 1183 863 cm,
1214 794 1290 867 4).
1326 796 1465 852 Sunt
1499 794 1642 850 enim

55 889 228 960 angeli
257 889 596 959 parvulorum
622 888 860 960 quotidie
889 889 1052 943 Deum
1089 888 1354 944 videntes.
1387 889 1453 943 lli
1481 889 1647 960 igitur

57 981 271 1053 Spiritus
295 980 360 1035 ad
391 981 622 1036 salutem
658 981 875 1036 humani
901 981 1113 1052 generis
1141 980 1328 1036 emissi
1349 991 1512 1037 sunt:
1546 995 1643 1036 ne-

55 1091 152 1147 que
191 1074 331 1130 enim
359 1073 651 1130 inﬁrmitas
681 1086 889 1141 nostra,
923 1076 1028 1130 nisi
1059 1076 1197 1131 datis
1238 1075 1304 1131 ad
1340 1077 1640 1132 custodiam

55 1168 271 1239 angelis,
314 1174 394 1222 tot
439 1169 708 1240 tantisque
754 1169 1077 1240 spiritalium
1123 1169 1422 1226 etelestium
1458 1171 1645 1239 nequi-

56 1259 140 1316 liis
185 1259 494 1315 obsisteret.
527 1259 675 1332 Opus
705 1261 770 1316 ad
821 1262 872 1316 id
919 1261 1017 1317 fuit
1038 1263 1116 1334 (b)
1167 1271 1370 1319 natura:
1416 1261 1644 1334 potioris

55 1353 249 1409 auxilio
279 1372 290 1407 :
322 1363 377 1409 et
404 1355 508 1412 hoc
543 1358 612 1410 ita
643 1372 765 1412 esse
794 1373 859 1413 ex
908 1358 990 1414 his
1017 1359 1177 1414 dictis
1205 1359 1479 1423 docemur,
1525 1358 1644 1430 qui-

53 1443 147 1502 bus
196 1445 466 1516 trepidum
513 1463 578 1503 ac
627 1459 911 1519 paventem
964 1451 1184 1523 Moysen
1230 1450 1484 1505 Dominus
1513 1466 1642 1506 con-

55 1540 244 1606 ﬁrmat,
277 1541 466 1596 dicens
490 1559 504 1595 :
532 1541 665 1598 Ecce
692 1546 904 1616 angelus
927 1562 1072 1601 meus
1097 1548 1355 1602 antecedet
1375 1557 1418 1602 te
1439 1547 1636 1619 (Exod.

55 1645 206 1700 χχιιι,
233 1634 350 1701 25).
385 1634 493 1690 Hos
520 1635 682 1706 igitur
709 1635 775 1694 de
805 1637 1073 1694 thesauris
1119 1641 1232 1695 suis
1277 1651 1466 1694 ventos
1514 1655 1640 1709 pro-

1749 430 1832 500 gis
1882 430 1975 486 Dei
2039 433 2354 502 percutitur,
2419 433 2588 504 signis
2650 433 3025 503 portentisque
3091 437 3342 485 terretur.

1751 520 1928 592 Plagis
1979 524 2070 580 Dei
2120 527 2442 596 percutitur,
2491 542 2612 581 cum
2661 525 2923 596 judicium
2969 537 3126 578 suum
3173 519 3343 588 audit,

1750 629 1870 671 cum
1903 614 2302 673 damnationem
2335 633 2484 674 suam
2511 617 2812 689 cognoscit,
2842 631 2965 672 cum
2991 616 3041 670 in
3065 613 3185 685 ipso
3214 627 3348 668 cono

1749 705 1991 762 scientia:
2020 723 2129 763 sua:
2175 720 2325 765 reatu
2373 711 2609 781 quotidie
2643 708 2934 780 iudicatur,
2982 722 3104 764 cum
3145 704 3345 776 princi-

1752 801 1900 871 pales
1926 815 2052 858 suas
2073 803 2499 874 originariasque
2531 803 2758 858 virtutes
2785 802 2932 858 cruci
2953 815 3065 856 suae
3087 798 3347 854 Dominus

1749 891 1990 948 conﬁxit.
2025 892 2258 949 Locutus
2285 911 2500 966 quoque
2526 902 2609 950 est
2644 905 2916 965 tamquam
2960 891 3028 947 ad
3072 893 3342 946 viventem

1747 984 2142 1055 animalemque
2171 984 2487 1056 IEgprum,
2523 985 2604 1055 (ut
2643 986 2711 1058 (c)
2745 1001 2849 1040 non
2897 983 3188 1040 habentem
3233 990 3342 1037 ter-

1749 1092 1860 1131 ram
1889 1076 2287 1146 inanimemque
2315 1079 2611 1149 regionem,
2649 1077 2747 1134 sed
2781 1077 2984 1132 incolas
3013 1076 3153 1145 ejus,
3203 1088 3339 1146 quos

1748 1170 2040 1224 rationales
2085 1172 2452 1242 animalesque
2496 1171 2868 1234 constituerat,
2920 1168 3121 1239 alloqui
3151 1166 3340 1223 existi-

1747 1261 2009 1334 maretur)
2027 1280 2038 1315 :
2059 1261 2203 1316 Misit
2225 1263 2371 1334 signa
2393 1273 2439 1316 et
2462 1264 2698 1335 prodigia
2721 1264 2775 1317 in
2797 1262 2961 1316 medio
2984 1261 3057 1315 tui
3067 1258 3159 1325 ,Δι’
3163 1269 3336 1330 gypte,

1746 1357 1799 1411 in
1838 1356 2187 1422 Pharaonem,
2232 1367 2280 1411 et
2326 1359 2378 1411 in
2419 1374 2592 1412 omnes
2617 1375 2783 1412 servos
2809 1361 2944 1431 ejus.
2978 1355 3044 1410 In
3073 1356 3241 1409 medio
3263 1355 3339 1410 tui

1745 1451 1872 1525 quid
1923 1453 2040 1509 est?
2086 1451 2470 1522 Cognoscimus
2524 1467 2589 1507 ex
2638 1467 2704 1507 eo
2766 1451 2908 1523 quod
2963 1449 3165 1506 dictum
3226 1460 3330 1516 est,

1748 1548 1826 1622 (ά)
1862 1548 2117 1603 Dominus
2143 1548 2281 1603 Deus
2307 1557 2485 1602 autem
2508 1563 2599 1602 rex
2625 1557 2830 1614 noster,
2853 1560 2946 1601 rex
2968 1554 3094 1601 ante
3118 1545 3338 1611 saecula,

1745 1652 1999 1714 operatus
2025 1651 2110 1699 est
2129 1644 2357 1699 salutem
2391 1643 2444 1698 in
2469 1641 2648 1697 medio
2676 1640 2823 1696 orbis
2854 1651 3031 1696 terrae.
3077 1638 3133 1694 In
3162 1638 3340 1694 medio

51 1726 211 1794 ducit,
242 1728 486 1785 tribuens
521 1730 574 1785 in
609 1731 692 1787 his
715 1733 997 1802 auxilium
1026 1734 1272 1790 humana:
1300 1734 1592 1790 inlirtnilati
1623 1752 1635 1788 :
1668 1741 1716 1801 Β
1746 1738 1926 1808 itaque
1975 1736 2123 1793 orbis
2170 1747 2327 1792 terra:
2360 1737 2500 1800 loco,
2554 1735 2604 1789 in
2651 1750 2756 1804 quo
2807 1733 3064 1788 Dominus
3106 1731 3336 1787 salutem

50 1830 106 1875 ut
134 1822 244 1877 haec
275 1837 376 1876 nos
404 1823 588 1879 divina
612 1827 886 1896 prmsidia,
916 1827 1172 1884 adversus
1199 1829 1638 1899 mundipotentes

51 1915 172 1990 πρὸς
217 1920 639 1996 κοσμοκράτορας
705 1919 893 1975 harum
941 1922 1281 1978 tenebrarum
1314 1922 1366 1978 in
1411 1923 1638 1979 llmrcdi-

50 2009 200 2064 tanda
231 2010 388 2066 nobis
413 2014 589 2068 salute
623 2023 894 2072 tueantur.

117 2103 199 2158 l8.
233 2102 362 2159 Hcce
384 2109 665 2180 magniﬁca
695 2109 794 2184 Dei
822 2120 960 2181 gesta
987 2128 1124 2166 nunc
1162 2113 1216 2166 in
1242 2113 1386 2168 nobis
1429 2099 1640 2184 spirita-

52 2194 159 2250 liter
203 2208 472 2268 geruntur.
499 2229 567 2240 -—
598 2200 855 2272 Sequitur
901 2204 1098 2261 deinde
1149 2205 1236 2260 hic
1281 2205 1416 2260 ordo
1464 2207 1638 2262 dicto-

50 2303 180 2354 rum,
215 2289 380 2346 Vt-zns.
416 2292 554 2347 8-12
587 2312 600 2347 :
635 2294 735 2360 Qui
756 2299 1006 2368 percussit
1035 2301 1379 2371 primogenita
1419 2299 1640 2373 .Egypti

50 2381 107 2437 ab
134 2384 333 2439 homine
360 2403 519 2458 usque
547 2389 616 2442 ad
653 2406 825 2460 pecus,
877 2403 923 2445 et
965 2394 1100 2447 misit
1141 2394 1290 2465 signa
1314 2405 1359 2448 et
1405 2396 1640 2467 prodigia

52 2477 100 2532 in
126 2481 284 2535 medio
311 2482 407 2546 tui,
440 2481 691 2555 ngypte,
713 2485 768 2538 in
811 2484 1138 2542 Pharaonem
1173 2498 1221 2542 et
1251 2490 1305 2542 in
1334 2504 1506 2543 omnes
1533 2505 1641 2544 ser-

51 2582 133 2622 uos
160 2572 290 2642 ejus.
349 2572 451 2639 Qui
481 2577 731 2643 percussit
771 2587 942 2648 gentes
967 2581 1174 2647 multas,
1197 2591 1246 2635 et
1285 2582 1471 2636 occidit
1496 2598 1640 2654 reges

51 2665 217 2733 farm.
244 2664 407 2732 Seon,
441 2684 609 2738 regem
639 2670 1081 2740 Aman/raeorum,
1114 2683 1158 2726 et
1191 2671 1292 2744 0g,
1323 2690 1495 2745 regem
1535 2672 1641 2728 Ba-

52 2771 161 2823 san,
191 2768 236 2812 et
272 2761 448 2814 omnia
478 2778 634 2832 regna
663 2763 910 2818 Chanaan
939 2765 1122 2820 occidit
1148 2783 1167 2821 :
1199 2776 1244 2820 et
1273 2765 1412 2821 dedit
1453 2777 1641 2822 terram

50 2863 217 2903 eorum
263 2850 630 2918 hwreditatem,
672 2855 1022 2911 [nereditatem
1069 2857 1237 2913 Israel
1286 2860 1478 2930 populo
1525 2877 1638 2916 suo.

56 2939 385 3014 Frequenter
412 2960 591 3002 sermo
638 2948 852 3006 divinus
903 2965 1025 3006 eum
1062 2951 1472 3022 intelligendum
1521 2968 1643 3010 esse

52 3034 214 3092 Deum
260 3039 389 3094 caeli
435 3051 595 3110 atque
642 3051 799 3099 terrae
843 3055 897 3102 et
937 3046 1301 3104 universitatis
1341 3057 1638 3104 creatorem

1742 1830 1902 1886 nobis
1948 1845 2178 1901 Operans
2208 1835 2532 1902 passus.e.~t,
2562 1828 2712 1898 signa
2761 1834 2818 1883 et
2866 1825 3108 1897 prodigia
3152 1825 3332 1880 misit:

1739 1927 1863 1984 dum
1893 1926 2070 1982 erucis
2094 1941 2206 1980 sua:
2232 1925 2380 1980 horis
2406 1923 2488 1978 sol
2517 1921 2730 1994 elTugit;
2774 1920 2957 1976 tremit
3001 1929 3163 1986 terra,
3205 1933 3335 1975 saxa

1747 2031 2095 2091 rumpuntur,
2119 2020 2362 2090 sepulcra
2407 2017 2735 2088 panduntur,
2781 2014 2980 2070 mortui
3017 2019 3331 2082 exsurgunt.

1740 2113 1866 2169 llzec
1894 2113 1944 2167 in
1970 2112 2147 2166 medio
2173 2111 2272 2179 tui,
2303 2110 2560 2183 Egypte,
2593 2110 2742 2181 signa
2782 2108 2924 2164 facta
2952 2115 3100 2164 sunt.
3134 2107 3344 2164 Pharao

1741 2215 1886 2271 tuus,
1936 2205 1988 2261 id
2029 2213 2112 2260 est
2155 2204 2424 2271 diabolus,
2474 2203 2628 2274 aquis
2666 2211 2891 2258 necatur
2935 2201 3210 2273 baptizato
3239 2214 3338 2271 po-

1739 2303 1886 2375 pulo,
1940 2300 2056 2372 ipse
2117 2315 2238 2354 cum
2305 2298 2548 2354 exercitu
2607 2314 2706 2353 suo
2761 2299 3008 2354 obrutus.
3062 2295 3342 2351 Percussa:

1740 2397 1936 2456 deinde
1957 2404 2144 2468 gentes
2170 2394 2388 2462 multat;
2421 2392 2677 2448 exsﬁncti
2718 2391 2928 2449 scilicet
2974 2389 3341 2446 innumerabi-

1742 2493 1822 2548 les
1851 2491 1904 2545 in
1937 2490 2094 2546 nobis
2122 2487 2374 2543 vitiorum
2409 2485 2693 2541 incolatus.
2723 2484 2900 2554 Reges
2927 2496 3144 2554 quoque
3172 2484 3342 2538 fortes

1741 2586 2039 2659 perempti;
2071 2582 2237 2639 fortes
2265 2584 2443 2655 plane.

1813 2680 1904 2736 ‘20.
1934 2680 2037 2736 Cur
2061 2695 2126 2732 ex
2146 2677 2380 2749 pluribus
2403 2677 2574 2746 regnis
2597 2675 2777 2730 deletis
2789 2689 2953 2746 pauca
2968 2679 3331 2726 memorentur.

1745 2773 1880 2829 Seon
1922 2771 2272 2838 Amorrhazus,
2319 2769 2398 2842 Og
2447 2767 2618 2822 Busan
2662 2777 2710 2822 et
2749 2766 3016 2823 Chanaan.
3069 2792 3143 2804 -—-
3195 2761 3336 2818 Seon

1742 2883 1912 2939 regem
1951 2865 2385 2928 Aman/raeorum,
2435 2874 2483 2918 et
2519 2863 2596 2933 υς
2638 2877 2805 2932 regem
2851 2857 3044 2922 Busan,
3071 2865 3121 2912 et
3161 2856 3335 2910 omnia

1743 2975 1899 3030 regna
1926 2956 2174 3013 Chanaan
2202 2956 2404 3012 occidit.
2436 2955 2504 3010 Et
2550 2953 2676 3026 quid
2707 2951 2844 3009 istud
2890 2951 3004 3007 est?
3033 2950 3136 3005 'l‘ot
3177 2962 3341 3020 regna

1746 3065 1942 3107 eversa
1982 3059 2128 3114 sunt,
2163 3057 2242 3103 tot
2267 3062 2420 3118 reges
2463 3045 2688 3103 exstincti
2715 3053 2880 3100 sunt:
2913 3054 2964 3098 et
2997 3041 3188 3097 horum
3223 3049 3344 3094 tan-

51 3126 220 3196 docet,
283 3133 374 3200 qui
423 3133 715 3206 Egyptum
767 3140 1119 3207 percusserit,
1168 3157 1315 3197 mare
1373 3141 1639 3208 diviserit,
1668 3129 1713 3192 C
1749 3153 1859 3200 tum
1911 3144 1968 3198 fit
2011 3140 2314 3197 memoria?
2359 3140 2446 3196 Fit
2489 3139 2705 3211 quidem
2739 3136 3034 3194 secundum
3063 3143 3340 3207 gestorum

52 3221 332 3296 JEgyptios
356 3225 700 3296 demerserit,
734 3233 987 3302 populum
1009 3249 1166 3290 suum
1194 3235 1400 3306 magnis
1444 3245 1498 3292 ct
1545 3237 1647 3292 mi-

57 3316 315 3374 rabilibus
342 3321 628 3378 virtutibus
655 3324 926 3388 eduxerit.
961 3328 1010 3382 in
1047 3343 1234 3384 eremo
1261 3345 1456 3386 manna
1491 3332 1641 3388 alue-

50 3414 141 3478 rit,
187 3415 375 3483 ejectis
425 3417 674 3487 gentibus
720 3417 775 3473 in
823 3428 1018 3475 terram
1068 3425 1502 3493 repromissionis
1565 3424 1644 3481 in-

56 3505 280 3563 duxerit.
321 3508 387 3564 Et
408 3510 624 3581 quidem
648 3513 828 3567 omnia
862 3513 977 3569 haec
1006 3517 1286 3586 magnifica
1309 3527 1365 3574 et
1387 3519 1642 3590 praeclara

52 3615 211 3670 opera
250 3604 418 3658 Deum
451 3620 571 3660 esse
603 3615 886 3663 testantur.
931 3608 1115 3682 Neque
1161 3613 1306 3666 enim
1357 3613 1644 3670 mediocris

53 3701 103 3746 et
131 3694 424 3751 moderatae
454 3695 667 3754 virtutis
690 3710 771 3755 est
805 3710 953 3756 tanta
976 3702 1213 3774 gessisse
1239 3722 1251 3757 :
1295 3704 1644 3763 admirandus

51 3783 100 3840 in
146 3787 226 3842 his
271 3788 659 3859 intelligendus
705 3802 807 3847 est.
852 3792 956 3848 Sed
1006 3795 1165 3850 docet
1211 3811 1312 3852 nos
1353 3798 1643 3868 Apostolus

53 3891 167 3932 cum
199 3883 549 3938 veneratione
596 3893 870 3953 gestorum
920 3887 1413 3957 prmformationem
1459 3891 1512 3945 in
1561 3891 1644 3947 his

50 3969 302 4027 doctrina:
333 3984 494 4045 atque
533 3976 712 4045 operis
760 3978 1015 4047 spiritalis
1041 3993 1376 4049 agnoscere:
1404 3995 1525 4036 cum
1557 3981 1643 4038 lex

49 4063 303 4131 Spiritalis
352 4074 457 4132 est,
503 4080 624 4121 cum
671 4078 822 4138 gesta
871 4068 986 4139 ejus
1031 4069 1434 4141 allegorumena
1495 4083 1640 4140 sunt,

49 4169 163 4210 cum
193 4158 295 4214 sub
323 4159 462 4215 nube
488 4169 671 4232 patres
711 4161 948 4228 fuerunt,
977 4177 1097 4217 cum
1140 4163 1192 4218 in
1227 4165 1445 4236 Moysen
1475 4165 1644 4235 bapti-

49 4251 150 4305 Zali
174 4262 323 4318 sunt,
347 4268 468 4310 cum
500 4255 565 4310 de
588 4255 816 4326 spiritali
850 4268 998 4328 petra
1035 4257 1304 4325 biberunt,
1340 4275 1460 4314 cum
1494 4271 1643 4331 petra

49 4343 296 4404 Christus
343 4359 446 4413 est,
496 4364 616 4404 cum
667 4362 940 4420 postremo
987 4352 1282 4412 secundum
1329 4355 1545 4410 esaltati
1592 4355 1645 4410 in

51 4437 266 4498 deserto
313 4443 581 4513 serpentis
611 4443 837 4500 formam
884 4445 1207 4502 exaltandus
1243 4457 1326 4503 est
1361 4447 1641 4506 Dominus.

1749 3238 1914 3294 ﬁdem
1943 3250 2236 3308 paucorum
2269 3233 2524 3290 memoria
2557 3249 2622 3287 ex
2657 3230 2936 3302 pluribus:
2982 3226 3078 3284 sed
3130 3226 3182 3280 hi
3217 3235 3340 3280 tan-

1749 3341 1860 3387 tum
1911 3337 2302 3395 memorantur,
2343 3325 2398 3380 in
2452 3325 2646 3395 quibus
2694 3321 2941 3392 quamvis
2986 3318 3203 3390 quidem
3252 3330 3343 3372 res

1744 3434 1896 3498 gesta
1922 3429 2358 3493 cognosceretur,
2389 3429 2565 3474 tamen
2591 3432 2685 3487 per
2715 3415 3056 3471 Conditiones
3083 3412 3342 3466 virtutes-

1745 3533 1852 3590 que
1898 3516 2176 3574 nominum
2206 3511 2464 3585 spiritalis
2509 3511 2561 3566 in
2615 3509 2699 3564 his
2745 3517 2890 3565 esset
2928 3505 3165 3561 conditio
3213 3503 3342 3558 sub-

1747 3621 1913 3668 texta.
1960 3609 2094 3665 Nam
2146 3607 2288 3664 Seon
2338 3603 2686 3660 infructuosae
2727 3599 2938 3657 arboris
2970 3596 3344 3669 interpretatio

1746 3719 1828 3764 est
1859 3725 1871 3761 :
1903 3704 2046 3778 quod
2079 3704 2224 3760 enim
2265 3701 2547 3757 nobiscum
2577 3699 2739 3754 arbor
2767 3695 3119 3760 infructuosa,
3141 3690 3214 3750 .id
3247 3689 3345 3746 be-

1747 3801 1928 3857 braice
1974 3798 2118 3855 Seon
2161 3803 2522 3866 nuncupatur,
2560 3795 2908 3849 Amorrhzeus
2952 3803 3082 3844 vero
3111 3788 3180 3856 (e)
3209 3800 3341 3842 esa-

1746 3894 2034 3951 ccrbantis.
2066 3892 2172 3946 llas
2213 3905 2342 3961 ergo
2381 3888 2482 3944 sub
2531 3890 2721 3942 horum
2766 3885 3041 3940 nominum
3074 3877 3345 3952 significa-

1747 3987 1895 4041 tione
1940 3977 2296 4039 infructuosas
2336 3980 2389 4034 in
2439 3979 2597 4035 nobis
2631 3978 2702 4051 (f)
2743 3969 3191 4031 exacerbantibus
3234 3971 3343 4024 viro

1748 4085 1890 4132 tutes
1935 4074 2154 4139 delevit,
2206 4070 2568 4126 infructuosos
2642 4065 2851 4121 scilicet
2907 4061 3206 4134 principes,
3256 4059 3348 4130 qui

1747 4185 1846 4225 nos
1869 4167 1946 4241 (g)
1978 4167 2065 4236 qui
2093 4162 2548 4220 exacerbahamus
2582 4158 2634 4212 in
2668 4157 2950 4211 Dominum
2980 4151 3295 4206 obtinebant
3329 4167 3343 4206 :

1749 4274 1798 4320 et
1851 4263 1920 4318 ob
1968 4261 2020 4317 id
2068 4256 2363 4314 secundum
2411 4254 2614 4310 dictum
2668 4248 3030 4319 evangelicum
3095 4243 3346 4315 exemplo

1749 4355 2100 4412 infructuosae
2131 4349 2341 4406 arboris
2369 4347 2602 4404 excisos.
2637 4344 2715 4413 0g
2735 4357 2866 4398 vero
2888 4357 2983 4395 rex
3024 4340 3347 4411 interpreta-

1753 4452 1952 4506 tionem
1998 4446 2158 4503 habet
2205 4442 2455 4500 maccriae
2501 4441 2614 4496 sive
2643 4437 2768 4493 valli
2801 4455 2814 4490 ε
2843 4435 3014 4490 Basan
3041 4450 3171 4491 vero
3210 4448 3346 4489 con-

50 4531 192 4605 Ergo
224 4536 350 4591 licet
382 4537 468 4591 illa
511 4538 564 4592 in
613 4537 845 4612 Egypto
894 4537 1056 4613 534
1094 4541 1452 4612 corporaliter
1493 4551 1644 4613 gesta
1671 4526 1722 4586 Ῑ)
1749 4543 1978 4601 lusionis
2007 4541 2120 4597 sive
2147 4536 2387 4611 pudoris.
2419 4535 2618 4605 Regem
2651 4530 2794 4587 hunc
2840 4542 2970 4598 ergo
3014 4525 3347 4581 confusionis

49 4627 174 4692 sint,
207 4630 525 4701 spiritaliter
555 4641 733 4688 tamen
759 4649 898 4689 nunc
918 4647 1179 4704 geruntur
1210 4635 1262 4689 in
1295 4635 1472 4691 nobis.

121 4722 207 4778 l9.
241 4722 506 4795 lEgyptus
537 4741 799 4796 percussa,
831 4727 1005 4781 saeculi
1032 4737 1298 4796 potestates
1338 4729 1481 4782 cruci
1518 4743 1643 4782 con-

48 4816 186 4884 fixae.
230 4817 422 4872 Christi
465 4819 517 4872 in
567 4819 732 4873 medio
778 4819 1020 4893 Atlgypti,
1049 4837 1139 4875 seu
1167 4822 1344 4876 seaculi
1385 4823 1642 4893 prodigia.

48 4907 284 4979 Pharao,
315 4929 405 4966 seu
439 4911 677 4967 diabolus
707 4930 823 4967 cum
853 4915 986 4970 vitiis
1029 4917 1281 4988 baptismo
1323 4927 1550 4972 necatur.
1580 4947 1648 4960 -—-

121 5055 351 5134 (a)_Mss_.
399 5059 718 5134 auctoritate
760 5059 1093 5115 restituimus
1141 5061 1194 5115 in
1224 5061 1425 5132 pluvias
1454 5079 1473 5116 :
1499 5062 1640 5134 quod

50 5126 102 5184 in
139 5130 368 5198 vulgatis
394 5129 821 5185 desiderabatur.

122 5201 205 5271 (ὁ)
231 5199 456 5256 Nomine
484 5201 682 5256 natura:
732 5204 941 5269 potioris
973 5202 1105 5257 nihil
1128 5203 1272 5257 aliud
1322 5203 1407 5259 hic
1448 5204 1643 5260 intelli-

49 5276 251 5340 gentia:
291 5273 496 5336 subest,
546 5275 644 5328 nisi
676 5274 936 5342 angelica.
967 5273 1084 5330 Jam
1114 5289 1243 5330 vero
1272 5276 1505 5330 Hilarius
1533 5291 1639 5331 non

54 5344 274 5398 videtur
300 5345 399 5399 sibi
432 5354 705 5411 constare,
731 5344 820 5414 qui
868 5345 922 5399 in
962 5345 1094 5415 psal.
1121 5361 1248 5410 cxx.
1281 5365 1334 5401 ιι.
1365 5347 1418 5409 5,
1453 5346 1643 5402 doceat

53 5429 85 5466 ει
112 5417 361 5481 Domino,
414 5429 518 5469 non
549 5415 618 5470 ab
645 5416 873 5486 angelis,
925 5417 1082 5471 nobis
1125 5417 1312 5473 venire
1357 5419 1637 5473 auxilium.

52 5486 388 5560 Quamquam
422 5497 477 5560 ut
519 5486 588 5540 ibi
637 5503 743 5560 non
775 5495 953 5560 negat,
1004 5488 1167 5543 immo
1198 5490 1392 5554 innuit,
1429 5490 1519 5544 Dei
1546 5505 1641 5560 per

51 5572 148 5612 eos
182 5557 336 5612 nobis
365 5557 868 5630 venireauxilium:
902 5558 972 5613 ita
1003 5560 1163 5614 etiam
1205 5560 1292 5616 hie
1322 5576 1426 5616 non
1467 5557 1641 5630 angeli

48 5643 151 5754 per
180 5643 262 5695 se,
288 5628 382 5682 scd
417 5627 673 5683 Dominus
705 5629 755 5682 in
802 5631 1006 5699 angelis
1054 5634 1309 5687 auxilium
1352 5631 1504 5686 nobis
1541 5627 1643 5686 tri-

91 5715 223 5753 uere
245 5699 565 5754 praedicatur
593 5700 674 5754 Itis
703 5698 903 5754 verbis.
931 5702 1156 5754 tribuens
1192 5705 1245 5754 in
1276 5704 1354 5754 his
1391 5704 1643 5754 auxilium

91 5715 223 5753 uere
245 5699 565 5768 praedicatur
593 5700 674 5754 his
703 5698 903 5769 verbis,
931 5702 1156 5759 tribuens
1192 5705 1245 5759 in
1276 5704 1354 5759 his
1391 5704 1643 5759 auxilium

56 5771 298 5823 humanm
317 5769 621 5839 inﬁrmitati.

1752 4636 2081 4710 pudoriSque
2099 4631 2267 4688 nostri
2299 4627 2579 4692 exstinxit,
2595 4625 2836 4690 solvens,
2853 4618 3148 4676 secundum
3173 4621 3345 4690 Apos-

1750 4731 1942 4794 tolum,
1985 4725 2272 4782 maceriam
2318 4721 2478 4794 (Eph.
2525 4717 2680 4790 11,”)
2715 4735 2726 4770 :
2756 4715 2841 4770 vel
2886 4712 3110 4778 vallum,
3139 4710 3191 4765 id
3229 4717 3345 4776 est,

1751 4825 1831 4895 (h)
1874 4837 1981 4894 quo
2010 4836 2040 4876 a
2070 4819 2377 4890 cognitione
2412 4813 2502 4869 Dei
2535 4812 2975 4884 prohibebamur,
3004 4803 3340 4862 obstaculum

1751 4917 1995 4974 diruens.
2027 4913 2236 4970 Occidit
2265 4908 2456 4966 deinde
2477 4908 2659 4964 omnia
2682 4920 2843 4977 regna
2871 4903 3146 4960 Chanaan.
3181 4895 3344 4952 Male-

1844 5061 1891 5187 ?
1921 5060 1975 5115 In
2006 5056 2259 5131 vulgatis,
2293 5065 2347 5110 ut
2373 5072 2476 5109 non
2502 5053 2770 5107 habentem
2794 5061 2982 5105 terram
3011 5068 3023 5103 :
3067 5054 3344 5116 corrupte.

1886 5133 2003 5187 llta
2037 5145 2167 5185 mss.
2201 5128 2338 5183 Editi
2390 5142 2539 5187 vero,
2581 5123 2721 5178 Deus
2765 5133 2936 5176 autem
2990 5119 3128 5174 Deus
3177 5127 3344 5173 noster

1844 5080 1868 5114 c
1921 5061 1975 5115 In
2006 5061 2259 5131 vulgatis,
2293 5065 2347 5110 ut
2373 5072 2476 5109 non
2502 5061 2770 5107 trahentem
2794 5061 2982 5105 terram
3011 5068 3023 5103 :
3067 5061 3344 5116 corrupte.

1820 5061 1900 5206 2))
1932 5133 2003 5187 Ita
2037 5145 2167 5185 mss.
2201 5128 2338 5183 Editi
2390 5142 2539 5190 vero,
2581 5123 2721 5178 Deus
2765 5133 2936 5176 autem
2990 5119 3128 5174 Deus
3177 5127 3349 5173 noster

1747 5203 1864 5259 ante
1887 5203 2099 5264 stecula,
2128 5210 2234 5256 etc.

1827 5275 2027 5350 (e)_Hic
2057 5262 2476 5350 subintelligilur
2505 5267 2886 5350 interpretatio.
2916 5263 2990 5318 Ibi
3032 5262 3224 5350 legere
3262 5268 3348 5350 est

1749 5349 1801 5403 in
1835 5337 2000 5416 prius
2048 5344 2300 5415 vulgatis,
2339 5337 2721 5416 'exacerbans:
2770 5346 2826 5392 ct
2870 5337 2925 5392 in
2968 5349 3100 5390 mss.
3133 5346 3246 5402 reg.
3282 5345 3346 5387 ac

1747 5411 1954 5474 Turun.
1978 5411 2304 5470 Amorrha'os
2331 5429 2445 5468 vero
2478 5411 2857 5466 exacerbantes.

1823 5489 1896 5562 (Ῑ)
1933 5489 2055 5562 8Ῠο13
2085 5487 2251 5542 editio
2280 5486 2404 5540 Par.
2437 5482 2802 5562 eiacerbantis.

1956 5561 2088 5630 Reg.
2144 5573 2245 5613 ms.
2299 5571 2422 5631 cum
2465 5555 2665 5631 Turon.
2701 5551 2928 5631 (qu-ibus.
2956 5545 3341 5603 exacerbamus.

1751 5621 1964 5688 Tu'm'in
1994 5621 2222 5702 vulgatis
2252 5629 2520 5702 omittitur
2541 5625 2745 5702 i_n_aute
2774 5621 3074 5702 Dominum.

1824 5703 1904 5774 (h)
1939 5685 2284 5774 Edidi-quod
2313 5699 2381 5754 ad
2425 5695 2761 5768 cognitionem
2792 5690 2891 5747 Dei
2934 5707 2953 5746 :
2979 5685 3342 5746 emendantur

1750 5789 1816 5830 ex
1849 5773 1952 5831 ms.
1981 5773 2185 5830 Turon.
