4006 6332
107 321 202 378 763

1122 317 1536 378 TRAC'I‘ATUS
1579 317 1642 376 ΙΝ
1683 317 1948 377 CXXXIV
1989 317 2339 381 PSALMUM.

3279 323 3381 378 766

97 440 353 514 judicatus
383 448 455 494 est
479 439 662 511 (Joan.
688 457 740 509 v,
771 441 884 512 '24).
928 439 1309 497 Consolabitur
1354 449 1534 496 autem
1575 438 1684 495 Do-
1713 438 1764 499 Α
1791 439 1960 508 diem;
1987 437 2088 514 [(c)
2114 455 2262 498 nares
2287 441 2490 509 habent,
2519 449 2566 496 et
2596 457 2698 498 non
2725 441 3049 507 odorabunt;
3081 453 3263 494 atauus
3294 440 3388 493 ha-

104 536 296 600 minus,
339 531 581 603 iudicato
628 533 812 601 lsrael,
859 535 912 590 in
942 533 1116 590 servis
1163 531 1300 588 suis.
1342 532 1400 587 ln
1439 531 1688 587 omnibus

103 627 236 684 enim
261 626 518 682 ﬁdelibus
545 627 622 699 (a)
657 637 816 683 terra:
838 626 1088 683 solatium
1118 625 1338 682 habebit
1361 641 1428 682 ex
1467 625 1686 681 damno.

165 719 255 774 25.
285 719 382 773 Dei
407 721 461 772 in
494 718 758 775 lsraelitas
783 719 1069 792 benignitas
1111 735 1174 772 ac
1199 717 1464 787 beneﬁcia.
1501 717 1689 786 'Quam

109 812 293 881 fuerint
332 811 541 883 ingrati,
576 819 745 884 gentes
775 827 877 866 non
899 812 986 864 ita.
1011 840 1081 851 —
1109 809 1382 866 Voluisset
1418 809 1562 864 enim
1596 825 1690 880 po-

107 906 284 976 pulum
351 920 530 971 suum,
581 920 739 976 quem
791 905 844 960 in
895 903 1137 975 patribus
1180 918 1370 958 eorum
1418 902 1686 959 Abraham

103 1007 152 1054 et
177 998 322 1054 Isaac
349 1007 404 1053 et
430 997 596 1054 Jacob
635 1000 896 1069 elegerat.
944 1013 1049 1052 non
1092 996 1322 1068 iudicari
1365 1013 1378 1050 :
1421 996 1489 1051 ob
1529 1011 1687 1066 quem

101 1101 215 1167 post
257 1092 500 1148 diversas
531 1092 714 1164 plagas
755 1092 1046 1164 Egyptum
1075 1089 1363 1156 amiserat,
1413 1088 1484 1143 ob
1525 1103 1686 1160 quem

100 1187 148 1241 in
173 1187 426 1241 columna
457 1185 596 1256 ignis
626 1195 679 1241 et
709 1186 867 1240 nubis
893 1185 1195 1252 adstiterat,
1221 1184 1292 1239 ob
1335 1197 1493 1252 quem
1539 1198 1687 1238 mare

101 1281 372 1350 diviserat,
427 1296 619 1352 aquam
667 1295 698 1337 e
740 1289 894 1353 petra
937 1279 1192 1350 ejecerat,
1245 1292 1498 1333 mannae
1545 1277 1687 1333 caalo

98 1377 336 1440 miserat,
369 1376 539 1446 legem
572 1385 846 1445 posuerat,
900 1373 1114 1430 veniam
1175 1375 1340 1429 tantis
1387 1371 1686 1442 sacrilegiis

97 1470 412 1537 indulserat,
438 1477 516 1524 tot
543 1469 968 1540 irreligiosorum
996 1483 1157 1538 regna
1201 1463 1492 1537 dejecerat,
1527 1463 1683 1539 537

96 1563 385 1633 prophetas
416 1561 654 1629 miserat,
688 1560 1032 1632 Unigenitum
1058 1575 1212 1615 suum
1241 1560 1386 1614 nasci
1413 1558 1684 1613 hominem

98 1657 379 1721 voluerat;
405 1653 500 1712 sed
525 1662 604 1710 tot
631 1655 900 1726 tantisque
925 1653 1201 1709 beneﬁciis
1231 1651 1464 1722 populus
1501 1652 1684 1722 ingra-

95 1758 195 1817 tus,
225 1759 280 1804 et
305 1743 527 1804 colonus
571 1746 740 1803 vineae
786 1745 991 1818 primus
1017 1746 1240 1812 electus,
1273 1745 1324 1801 in
1357 1745 1528 1814 ipsum
1579 1745 1684 1798 Do-

1791 533 1937 594 bent.
1964 543 2010 588 et
2041 549 2142 588 non
2171 534 2484 609 palpabunt;
2515 535 2669 607 pedes
2692 537 2902 602 habent,
2945 545 3112 589 etnon
3153 533 3388 588 ambula-

1791 623 1958 681 bunt:
2001 627 2070 699 (f)
2096 644 2197 683 non
2246 629 2533 685 clamabunt
2582 629 2633 684 in
2670 640 2872 701 gutture
2901 626 3068 702 sum]
3098 641 3256 698 neque
3309 634 3389 680 est

1788 717 2002 789 spiritus
2025 721 2080 774 in
2106 737 2190 776 ore
2211 737 2404 776 eorum.
2437 719 2645 778 Similes
2667 723 2771 777 illis
2801 723 2947 791 ﬁant,
2975 722 3062 790 qui
3093 721 3284 792 faciunt
3307 735 3388 787 ea,

1790 823 1838 870 et
1867 829 2040 870 omnes
2067 815 2143 886 (gi
2167 818 2253 886 qui
2279 818 2542 886 conﬁdunt
2573 819 2625 871 in
2641 815 2732 872 eis.
2759 816 3092 888 Frequenter
3116 824 3170 871 et
3194 817 3244 870 in
3269 813 3389 868 aliis

1792 910 2012 981 psalmis
2042 909 2094 966 id
2124 910 2298 982 ipsum
2330 913 2398 969 de
2429 913 2734 970 simulacris
2757 913 2996 985 gentium
3024 912 3227 967 dictum
3260 918 3344 965 est
3370 923 3384 965 :

1792 1011 1847 1058 et
1876 1003 2156 1074 prophetia
2207 1006 2383 1060 omnis
2413 1007 2516 1062 hoc
2545 1007 2776 1073 laborat,
2810 1016 2867 1062 ut
2897 1009 3192 1062 humanum
3239 1017 3392 1060 erro.

1790 1113 1902 1154 rem
1927 1113 1956 1152 a
1977 1099 2309 1156 stultissimis
2337 1099 2421 1156 his
2453 1101 2908 1172 irreligiositatum
2935 1099 3128 1155 studiis
3155 1107 3386 1154 avertat.

1788 1189 2009 1248 Addunt
2036 1193 2179 1250 enim
2212 1195 2457 1266 plerique
2496 1193 2579 1250 bis
2616 1195 2982 1264 impietatibus
3014 1194 3126 1248 suis
3157 1191 3389 1247 auctori-

1789 1295 1980 1356 tatem,
2007 1298 2062 1343 ut
2087 1289 2279 1360 pretiis
2309 1288 2648 1344 metallorum
2680 1288 2940 1344 honorem
2969 1288 3071 1342 diis
3111 1299 3246 1356 quos
3286 1279 3390 1341 sibi

1789 1377 2018 1437 fecerint
2042 1391 2304 1452 quaerant,
2335 1397 2466 1437 auro
2486 1397 2580 1437 eos
2601 1391 2932 1454 argentoque
2956 1380 3272 1437 formando:
3294 1377 3390 1435 sed

1789 1475 1891 1530 hoc
1919 1484 2121 1530 tantum
2152 1475 2294 1547 quod
2321 1484 2554 1546 possunt
2584 1476 2881 1548 largiuntur
2903 1518 2916 1542 ,
2964 1476 3250 1546 imaginem
3281 1474 3389 1528 sci-

1790 1568 1916 1624 licet
1942 1565 2053 1623 oris
2073 1608 2088 1634 ,
2116 1569 2393 1624 oculorum
2422 1610 2437 1633 ,
2475 1573 2722 1635 aurium,
2763 1570 2974 1623 narium
3000 1609 3014 1635 ,
3045 1581 3299 1622 manuum
3338 1573 3394 1621 et

1788 1662 1981 1734 pedum
2005 1703 2018 1726 ,
2043 1661 2176 1718 deos
2203 1675 2332 1718 suos
2361 1662 2412 1716 in
2443 1663 2614 1717 forma
2657 1662 2854 1716 mortui
2884 1661 3128 1733 corporis
3156 1660 3392 1715 adoram-

1789 1767 1888 1823 tes,
1913 1756 1990 1829 (h)
2017 1755 2124 1824 cui,
2148 1757 2339 1826 Spiritu
2354 1756 2620 1823 evolante,
2641 1769 2703 1812 os
2721 1766 2923 1810 mutum
2941 1763 3045 1820 est,
3064 1753 3203 1809 oculi
3225 1751 3394 1807 hebe-

99 1845 298 1898 minum
326 1841 498 1897 vineae
523 1840 872 1911 parricidales
901 1856 1090 1896 manus
1117 1839 1294 1896 intulit
1319 1837 1532 1914 (Matth.
1565 1852 1681 1904 xxi,
1715 1838 1761 1897 Β
1792 1864 1891 1920 ωε,
1910 1867 2067 1909 ωηερε
2083 1852 2280 1917 summ
2303 1853 2539 1924 ηδγρεβ)
2573 1853 2822 1907 inanima,
2841 1857 2989 1914 sum,
3009 1849 3391 1904 manusdisso.

93 1937 202 2006 58),
237 1935 426 2004 Deum,
459 1947 716 2009 quantum
743 1935 794 1990 in
821 1950 881 1992 se
908 1945 1014 2002 cst,
1041 1932 1358 1990 cruciﬁxum
1388 1935 1440 1988 in
1467 1932 1687 1987 homine

95 2029 451 2084 mortiﬁcans.
503 2027 610 2084 Sed
660 2028 821 2084 electi
891 2037 1018 2083 sunt
1062 2029 1226 2095 servi,
1289 2028 1480 2098 quibus
1531 2027 1685 2080 vinea

94 2122 322 2178 fructum
375 2118 490 2192 ejus
541 2119 892 2177 reddentibus
958 2120 1260 2176 traderetur
1313 2139 1324 2175 :
1377 2121 1429 2174 in
1491 2119 1688 2190 quibus

96 2215 374 2282 Dominus,
400 2213 644 2287 judicato
673 2215 866 2286 populo
893 2231 1012 2281 suo,
1048 2213 1262 2284 pietatis
1290 2230 1402 2270 sua:
1431 2211 1686 2269 damnum

93 2310 486 2366 consolaretur.
546 2309 730 2380 itaque
779 2308 1131 2364 consolantur
1179 2321 1300 2364 eum
1369 2315 1575 2379 gentes,
1633 2307 1686 2362 in

92 2405 422 2478 martyribus
453 2412 508 2460 et
548 2403 966 2460 confessioribus
998 2414 1052 2460 et
1102 2401 1355 2458 ﬁdelibus
1397 2402 1508 2459 suis
1538 2401 1686 2459 fruc-

92 2507 177 2554 tus
212 2517 277 2555 cx
308 2516 367 2555 se
414 2499 720 2554 commissa:
768 2499 870 2554 sibi
914 2497 1100 2569 gratia:
1141 2495 1520 2568 rependentes.
1569 2496 1683 2551 Non

86 2606 226 2646 nova
273 2600 476 2658 autem,
523 2604 622 2645 nec
666 2589 826 2660 hujus
867 2599 1068 2645 tantum
1112 2589 1388 2659 propheta:
1435 2603 1537 2643 vox
1585 2586 1686 2644 ista

81 2697 192 2742 est.
230 2685 308 2758 (b)
349 2686 559 2756 Moyses
587 2685 638 2740 in
675 2687 932 2756 praeclaro
974 2683 1067 2740 illo
1113 2683 1515 2740 Deuteronomii
1559 2698 1686 2739 can-

84 2779 224 2845 tico,
255 2795 376 2835 cum
411 2788 626 2850 peccata
671 2779 852 2850 populi
901 2777 1090 2850 hujus,
1135 2788 1190 2835 et
1237 2777 1544 2850 impietates
1590 2793 1687 2832 no-

78 2873 365 2939 vissimos,
393 2880 446 2928 et
472 2871 628 2928 iidem
657 2871 1027 2943 generationis
1071 2871 1300 2927 alterius
1343 2867 1681 2940 praedicaret,

82 2968 196 3022 ait:
251 2966 507 3033 Quoniam
543 2965 802 3040 judicabit
852 2963 1102 3020 Dominus
1140 2966 1391 3038 populum
1440 2981 1608 3030 suum,
1639 2971 1688 3018 et

84 3061 136 3115 in
168 3060 329 3116 servis
375 3059 484 3114 suis
524 3057 872 3114 consolabitur
900 3059 1075 3134 (Deut.
1103 3075 1273 3126 xxx",
1303 3055 1418 3130 '56).
1453 3058 1684 3116 Sanctus

88 3152 251 3207 etiam
284 3150 527 3220 Eleazar,
559 3165 682 3207 eum
708 3167 736 3205 a
767 3149 1096 3222 principibus
1142 3151 1325 3223 populi
1366 3153 1446 3206 sui
1491 3134 1684 3222 deguso

1789 1946 1912 2002 luta:
1939 1987 1954 2012 ,
1982 1946 2147 2017 pedes
2163 1947 2423 2016 rigentes,
2447 1957 2607 1999 omne
2637 1957 2833 2014 corpus
2853 1942 3129 1997 immobile
3150 1949 3252 1996 est.
3285 1938 3391 1994 Sed

1788 2039 1960 2098 errori
2023 2053 2212 2096 eorum
2267 2039 2318 2094 id
2359 2039 2503 2108 quod
2556 2022 2718 2109 538
2768 2051 2868 2092 nec
2922 2049 3144 2106 sperare
3191 2031 3392 2088 audent

1787 2134 2076 2204 deputatur
2105 2149 2118 2187 :
2148 2141 2207 2188 ut
2241 2147 2429 2188 eorum
2460 2131 2572 2186 sint
2601 2129 2806 2185 similes
2833 2141 2968 2199 quos
3003 2129 3267 2190 adorant,
3297 2137 3390 2178 ve-

1789 2236 2040 2285 nerantes
2070 2228 2178 2281 sint
2204 2227 2256 2281 in
2285 2224 2565 2281 consortio
2591 2231 2966 2278 veneratorum
2985 2261 3000 2286 ,
3033 2217 3135 2289 ipsi
3167 2213 3392 2270 tinnula-

1787 2333 2006 2377 crorum
2035 2318 2196 2374 modo
2223 2317 2294 2391 υ)
2322 2324 2566 2372 emortua
2601 2327 2830 2384 corpora
2875 2311 2997 2367 sine
3040 2311 3163 2365 vita:
3201 2307 3392 2378 spiritu

1789 2412 2150 2485 relinquendi.

1860 2508 1952 2562 27.
1985 2505 2245 2561 Fideliunt
2277 2505 2403 2561 ordo
2429 2502 2772 2576 quadruplex,
2804 2496 3257 2574 praestantissimus
3277 2510 3389 2550 om-

1788 2601 2003 2655 nium—
2024 2599 2404 2654 Demonstrato
2424 2606 2602 2650 autem
2619 2607 2806 2650 errore
2825 2592 3030 2664 gentili,
3045 2591 3110 2644 ad
3129 2588 3390 2644 doctrina:

1789 2694 2036 2750 ordinem
2068 2693 2416 2764 propheticus
2442 2705 2624 2745 sermo
2653 2703 2712 2743 se
2739 2687 2941 2753 retulit,
2973 2683 3182 2750 dicens,
3219 2681 3386 2736 Vens.

1791 2787 1879 2852 l9,
1909 2787 1980 2843 20
2011 2804 2026 2840 :
2052 2786 2247 2841 Domus
2293 2785 2495 2851 Israel,
2536 2782 2814 2838 benedicite
2847 2779 3170 2844 Dominum;
3207 2776 3392 2830 domus

1788 2884 1984 2945 Aaron,
2006 2882 2283 2937 benedicite
2297 2879 2573 2934 Dominum
2594 2893 2612 2942 ,'
2637 2880 2820 2932 domus
2836 2878 2956 2931 Levi
2967 2877 3265 2939 ,benedicite
3276 2876 3359 2932 Do
3369 2907 3390 2920 ι

1789 2976 1981 3030 minuat
1998 2993 2016 3041 ;
2047 2975 2137 3046 qui
2155 2975 2341 3028 timetis
2353 2971 2652 3037 Dominum,
2672 2971 2950 3026 benedicite
2965 2985 3101 3025 eum.
3119 2969 3174 3024 lu
3196 2971 3278 3024 his
3295 2983 3394 3025 tio-

1788 3069 1992 3122 mitium
2012 3075 2173 3137 atque
2195 3065 2493 3122 ol'liciorum
2507 3062 2946 3119 distinctionibus
2965 3076 3181 3117 omnem
3208 3061 3393 3117 Eccle-

1788 3163 1883 3215 site
1913 3161 2164 3230 populum
2177 3158 2490 3228 complexus
2507 3166 2616 3220 est;
2638 3155 2732 3211 sed
2754 3170 2848 3225 per
2864 3154 3324 3225 nuncupationum
3339 3159 3394 3209 et

87 3253 202 3302 tare
230 3241 302 3318 (ε)
337 3244 653 3300 ementitum
705 3243 1064 3301 sacriﬁcatum
1111 3254 1415 3315 cogeretur,
1457 3241 1680 3315 gloriam
1711 3225 1759 3290 C
1795 3225 2180 3322 proprietatum
2203 3225 2650 3321 signiﬁcationem
2685 3248 2801 3317 ipsa
2830 3247 2917 3300 illa
2945 3246 3245 3302 ol'llciorum
3273 3261 3387 3300 mc-

87 3337 336 3410 martyrii
399 3336 500 3392 sub
545 3335 644 3392 hae
687 3335 876 3392 eadem
923 3351 1054 3392 voce
1098 3347 1458 3404 consummat,
1505 3338 1681 3391 sciens

89 3433 377 3489 Dominum
427 3433 479 3488 in
525 3431 696 3488 servis
735 3433 846 3488 suis
875 3433 1203 3488 voluntatem
1251 3433 1368 3503 ejus
1409 3431 1681 3502 operanti-

87 3528 204 3594 bus,
237 3527 479 3600 judicato
505 3527 725 3598 populo,
755 3525 1165 3583 consolandum.

153 3621 246 3677 26.
282 3619 474 3676 Contra
499 3617 1247 3677 idololatras.—Convertitur
1267 3615 1463 3677 deinde
1492 3617 1560 3678 ad
1587 3617 1682 3679 de-

88 3713 394 3788 pellendum
419 3729 657 3772 errorem
672 3715 949 3786 gentilium
977 3715 1054 3789 (d)
1071 3715 1386 3788 prophetico
1405 3731 1676 3783 sermone,

89 3819 140 3866 ut
170 3809 368 3867 stultas
415 3805 576 3882 atque
622 3809 951 3881 irreligiosus
981 3812 1394 3883 superstitiones
1442 3828 1506 3866 ex
1552 3811 1684 3883 ipsis

89 3903 530 3974 superstitionum
583 3903 764 3960 causis
808 3909 1062 3974 coarguat
1107 3903 1294 3959 dicens
1328 3948 1342 3974 ,
1392 3903 1555 3960 Vens.
1593 3905 1688 3962 15-

94 3996 154 4050 l8
201 4015 226 4050 -ς
297 3995 590 4052 Simulacra
636 3995 863 4068 gentium
911 4005 1179 4068 argentum
1217 4006 1262 4050 et
1293 4012 1500 4064 aurum,
1533 3987 1695 4070 opera.

93 4106 336 4145 manuum
364 4090 646 4145 hominum.
684 4085 756 4144 0s
787 4089 993 4155 habent,
1027 4095 1203 4142 etnon
1245 4089 1548 4159 loquentur;
1571 4105 1689 4145 ocu-

96 4182 167 4239 los
195 4183 408 4253 habeat,
439 4193 485 4239 et
511 4199 612 4239 non
642 4181 922 4249 videbunt;
952 4198 1102 4237 aures
1140 4179 1345 4249 habent,
1391 4193 1437 4237 et
1468 4199 1571 4238 non
1598 4201 1692 4240 au—

165 4363 242 4438 (a)
283 4362 420 4438 Editi
463 4375 583 4438 eum
630 4377 730 4438 ms.
759 4377 871 4438 reg.
903 4369 1037 4438 terra
1064 4377 1102 4438 g:
1147 4363 1474 4438 male,_eum
1508 4366 1688 4437 proxi-

98 4433 240 4509 mum
292 4437 515 4509 verbum
561 4435 762 4509 habebit
811 4433 887 4509 sa
929 4433 1209 4509 Dominum
1257 4433 1542 4509 referatur,
1594 4440 1685 4509 qui

99 4524 198 4562 una
225 4507 534 4562 Israelitica:
562 4507 739 4577 gentis
784 4508 1003 4577 regione
1041 4508 1268 4574 perdita,
1297 4507 1552 4564 damnum
1596 4507 1686 4566 so-

100 4578 233 4633 latur
265 4595 332 4634 ex
354 4578 638 4647 adeptione
667 4579 826 4634 totius
851 4577 1020 4642 orbis,
1067 4578 1120 4632 in
1151 4595 1257 4648 quo
1289 4578 1476 4636 lideles
1521 4581 1685 4639 habet

99 4650 346 4705 famulos.
372 4649 558 4704 Melius
592 4651 770 4716 itaque
795 4665 897 4705 ms.
931 4650 1134 4705 Turon.
1169 4660 1338 4704 terra.

167 4722 434 4796 (b)_Apnd
478 4721 600 4777 Par.
653 4721 880 4796 itania
929 4723 1179 4794 praelato
1229 4722 1320 4796 illo
1353 4739 1366 4776 :
1404 4722 1682 4780 mendose.

26 4823 30 4832 -
101 4791 233 4864 Tum
265 4793 320 4848 in
351 4809 462 4864 reg.
497 4810 626 4858 ms.,
655 4792 828 4847 Exodi
855 4791 1073 4848 cantico.
1109 4801 1176 4847 At
1207 4794 1374 4849 verba
1417 4796 1578 4850 allata
1617 4814 1686 4854 ex

104 4863 541 4929 Deuteronomio,
579 4881 680 4918 non
711 4866 776 4920 de
803 4864 990 4919 Exodo
1020 4875 1141 4919 sunt
1171 4865 1352 4931 petita.

171 4937 242 5009 (ε)
278 4935 366 4990 Er.
401 4946 521 5005 post
570 4935 696 5009 Bad.
730 4937 998 5009 ementium
1030 4937 1376 5005 sacriﬁcatum
1406 4955 1419 4992 :
1453 4939 1504 4994 in
1536 4956 1683 4994 mar-

102 5008 230 5076 gine
248 5019 449 5074 autem,
486 5008 736 5076 Suspicor
756 5008 1045 5078 legendum,
1075 5009 1342 5079 egentium
1375 5012 1688 5078 sacri/iectu.

104 5079 269 5149 llajus
299 5082 665 5146 conjecuiram
695 5081 748 5132 in
782 5090 983 5134 textum
1015 5082 1282 5134 revocavit
1303 5080 1538 5151 Lipsius.
1560 5083 1695 5138 Ger-

105 5167 312 5224 mauam
343 5152 624 5224 lectionem
655 5160 909 5224 praestant
931 5167 1062 5224 mss.
1091 5161 1282 5224 regnet
1308 5153 1510 5208 Turon.
1537 5156 1689 5224 juxta

106 5223 235 5296 illud
271 5223 307 5277 ll
345 5222 586 5296 Muciani).
623 5219 695 5287 vi,
725 5222 794 5276 ‘20
825 5240 837 5296 ς
870 5219 1338 5296 Rogabanta/fcrri
1366 5219 1686 5296 carnes'qui-

106 5293 192 5346 bus
215 5296 344 5349 vesci
369 5295 415 5348 ei
445 5292 657 5359 licebat,
690 5302 743 5346 ut
792 5294 1122 5348 sintularetur
1171 5296 1526 5361 manducasse,
1559 5292 1690 5352 sicut

103 5382 194 5419 rex
217 5366 553 5435 imperauerat
585 5405 601 5429 ,
661 5367 726 5418 de
773 5365 1016 5433 sacriﬁcii
1043 5366 1300 5420 carnibus.
1329 5367 1481 5434 Quod
1505 5379 1687 5425 autem

105 5438 318 5500 soluicit
365 5437 604 5491 llilarius
647 5436 960 5491 Eleazarum
992 5437 1259 5506 praedicds
1291 5438 1688 5494 Deuteronomii

108 5509 283 5564 verbis
324 5508 640 5579 martyrium
667 5522 1103 5571 consummasse,
1159 5523 1264 5579 non
1310 5509 1378 5564 de
1427 5510 1689 5566 Eleazaro

105 5587 287 5634 narrat
311 5578 474 5634 sacer
495 5589 690 5645 textus,
721 5579 814 5634 sed
836 5579 904 5651 de
924 5587 1128 5651 septem
1159 5578 1412 5635 fratribus
1434 5623 1452 5644 .
1473 5581 1568 5651 qui
1585 5599 1690 5639 una

105 5667 228 5706 cum
269 5660 446 5706 matre
473 5666 531 5706 se
559 5651 748 5705 iisdem
787 5649 968 5704 verbis
996 5651 1068 5706 ad
1093 5659 1358 5707 tormenta
1389 5649 1600 5709 fort—iter
1627 5657 1704 5712 ic-

106 5737 202 5777 ren
221 5724 286 5776 da
322 5721 739 5777 cohortabantur
767 5721 811 5776 ll
842 5721 1086 5778 Machab.
1112 5739 1205 5790 vn,
1234 5723 1285 5778 6.

197 5796 285 5866 (d)
327 5794 378 5866 lu
409 5809 512 5850 ms.
543 5793 743 5851 Turon.
774 5796 1104 5866 prophetitus
1131 5811 1318 5852 sema.

224 5865 294 5939 te)
327 5865 544 5925 Uncinis
571 5865 961 5939 comprehensa
986 5867 1178 5928 absunt
1206 5884 1237 5926 a
1271 5868 1516 5945 Vulgata,
1555 5879 1609 5932 et
1636 5872 1717 5930 vi-

1789 3343 1893 3398 rita
1919 3341 2124 3396 divisit.
2155 3339 2306 3407 Iuleo
2331 3340 2474 3394 enim
2505 3337 2646 3408 quod
2672 3337 2866 3392 dicitur
2897 3338 3081 3392 domus
3125 3335 3315 3401 Israel,
3343 3344 3392 3390 et

1790 3437 1972 3491 domus
1991 3435 2194 3499 Aaron,
2220 3444 2268 3489 et
2295 3434 2474 3488 domus
2503 3429 2623 3485 Levi
2649 3469 2663 3496 ,
2693 3439 2738 3484 et
2761 3431 2848 3501 qui
2874 3431 3062 3484 timetis
3085 3427 3387 3495 Dominum,

1789 3529 1933 3584 aliud
1962 3528 2028 3582 ab
2065 3527 2172 3581 alio
2221 3525 2296 3596 (It)
2346 3539 2466 3580 esse
2509 3523 2832 3578 discernitur
2874 3533 2890 3577 ε
2937 3531 3036 3587 ut,
3093 3521 3386 3578 secundum

1791 3623 2108 3694 Apostolum
2139 3620 2204 3675 ad
2232 3613 2546 3675 Corinthios
2568 3615 2918 3682 scribentem,
2964 3616 3210 3687 quwdam
3241 3613 3303 3688 (ι)
3337 3614 3394 3669 lit

1789 3719 1844 3774 in
1873 3716 2182 3773 nominibus
2201 3711 2494 3777 distinctio,
2523 3723 2643 3768 cum
2659 3709 2730 3765 ait
2753 3727 2764 3764 :
2795 3709 3018 3776 Vacalis,
3041 3710 3252 3769 sanctis,
3278 3725 3393 3763 cum

1789 3811 2023 3868 omnibus
2041 3810 2126 3878 qui
2154 3811 2389 3864 invocant
2412 3821 2595 3860 nomen
2623 3801 2834 3860 Domini
2867 3803 3027 3860 nostri
3047 3801 3175 3860 .lcsu
3201 3801 3397 3859 Christi

1791 3903 1834 3976 (ι
1863 3901 1982 3957 Cor.
2014 3917 2054 3968 ι⁷
2100 3897 2194 3972 2);
2225 3909 2280 3954 ιιι
2308 3897 2452 3954 aliud
2481 3909 2700 3954 voeatos
2721 3935 2740 3966 ,
2792 3897 2936 3952 aliud
2966 3905 3204 3963 sanctos,
3253 3891 3396 3950 aliud

1796 3997 2108 4052 invocantes
2147 4005 2344 4048 n0men
2387 3991 2600 4046 Domini
2643 4007 2766 4047 esse
2797 3991 3081 4061 signiticet.
3115 3989 3269 4045 Nunc
3299 4005 3396 4044 au-

1798 4095 1907 4143 tem
1942 4087 2172 4158 primum
2204 4084 2370 4140 Israel
2400 4084 2696 4154 nuncupari
2727 4082 2991 4148 videmus,
3037 4083 3273 4138 secundo
3297 4084 3400 4136 Aa-

1801 4195 1937 4252 ron,
1978 4179 2140 4236 tertio
2169 4176 2330 4245 Levi,
2364 4185 2556 4250 quarto
2597 4175 2849 4232 timentes
2878 4175 3186 4231 Dominum.
3231 4173 3298 4231 Et
3343 4171 3397 4229 in

1797 4366 1994 4424 dentur
2022 4363 2299 4437 interjecta
2340 4377 2404 4421 ex
2435 4361 2651 4421 Psalmo
2674 4375 2798 4421 cvm
2831 4377 2846 4432 ;
2908 4371 3092 4420 extant
3136 4369 3315 4437 tamen
3345 4361 3396 4419 in

1797 4439 2072 4496 veteribus
2086 4436 2354 4509 psalteriis
2379 4438 2562 4504 Rom.,
2586 4437 2893 4498 Mediolan.,
2911 4437 3155 4498 Carnut..
3181 4436 3391 4504 Germ,

1797 4520 1856 4568 ut
1885 4513 1936 4569 in
1971 4513 2171 4567 nostris
2203 4525 2342 4568 tuss.
2371 4525 2542 4581 eaque
2567 4510 2797 4580 postulat
2823 4509 3008 4565 Hilarii
3033 4509 3322 4564 enarratio.

1867 4603 2284 4688 (Oliuvulgatis
2321 4618 2555 4688 sequens
2597 4603 2902 4684 sententia,
2935 4601 3056 4656 scil.
3115 4617 3275 4672 neque
3322 4611 3396 4657 est

1713 4675 1767 4744 D
1793 4674 2008 4751 spiritst
2038 4677 2093 4751 in
2113 4691 2423 4751 oreeorum,
2448 4674 2573 4751 huic
2603 4677 2966 4751 puemittitur.

1865 4747 1940 4820 (g)
1964 4745 2162 4819 Regius
2191 4747 2359 4802 codex
2383 4759 2445 4800 ac
2476 4743 2679 4800 TurOn.
2711 4745 2796 4816 qui
2827 4751 3034 4814 sperant
3062 4743 3114 4797 in
3141 4743 3240 4796 his.

1869 4838 1947 4912 (lt)
1973 4837 2123 4910 Apud
2149 4837 2280 4893 Bad.
2315 4850 2366 4893 et
2391 4835 2482 4892 Er.
2517 4838 2597 4892 cui
2623 4839 2836 4905 spiritus
2859 4847 2937 4912 est
2961 4837 3070 4912 sine
3099 4836 3350 4912 voluntate
3381 4853 3393 4890 :

1797 4910 1933 4968 falsa
1962 4912 2143 4976 lectio,
2176 4927 2297 4966 eum
2329 4919 2596 4963 mortuum
2625 4923 2824 4979 corpus
2859 4910 3050 4979 spiritu
3084 4921 3188 4961 nou
3219 4910 3396 4963 minus

1799 4993 1981 5040 careat
2011 4998 2170 5052 quam
2212 4983 2504 5038 voluntate.
2533 4981 2666 5035 Tum
2719 4982 2930 5051 Lipsius
2971 4981 3087 5034 loco
3142 4980 3392 5052 spiritus,

1802 5055 1979 5128 posuit
2001 5050 2216 5125 species,
2245 5057 2392 5128 quod
2423 5054 2644 5128 et_apud
2676 5050 2798 5128 Par.
2823 5059 3094 5128 retentum
3121 5050 3222 5105 est.
3254 5050 3396 5128 illc-n-

1803 5122 1933 5181 ilose
1959 5122 2151 5197 in'reg.
2186 5122 2286 5180 ms.
2311 5125 2603 5197 cuiuspiritu
2634 5144 2666 5178 a
2694 5127 2972 5180 voluntate.
3011 5123 3208 5178 Locum
3251 5122 3395 5180 hunc

1797 5195 2301 5255 Turonensi'codici
2330 5196 2590 5252 debemus
2611 5200 2939 5252 restitutum.

1869 5271 1930 5343 (i)
1961 5270 2050 5343 Sic
2079 5286 2208 5343 mss.
2248 5268 2386 5324 L'diti
2440 5285 2590 5337 vero,
2612 5271 2789 5326 inanes
2827 5279 2968 5324 sunt.

1867 5341 1936 5413 (ί)
1976 5341 2138 5413 Editi,
2168 5341 2223 5395 in
2251 5351 2474 5413 emortuo
2515 5357 2769 5410 corpore:
2805 5343 3132 5411 castigantur
3180 5356 3244 5396 ex
3291 5354 3392 5394 ms.

1793 5409 1999 5469 Tuion.
2033 5409 2245 5467 favente
2277 5412 2448 5482 regio,
2484 5413 2535 5467 iu
2563 5409 2668 5483 quo
2698 5424 2744 5467 et
2775 5409 2976 5466 mortua
3000 5429 3237 5483 corpora.

1867 5484 1945 5557 (lt)
1982 5484 2210 5540 Verbum
2232 5502 2342 5539 esse
2372 5486 2524 5540 abest
2545 5502 2572 5536 a
2603 5501 2703 5538 ms.
2738 5485 2941 5541 Turon.

1878 5579 1941 5651 (ι)
1969 5579 2024 5634 In
2053 5579 2183 5634 edit.
2214 5579 2280 5632 sit
2305 5579 2358 5632 in
2394 5579 2698 5634 hominibus.
2733 5580 2787 5633 In
2839 5594 2941 5633 Ine.
2967 5593 3077 5650 reg.
3112 5579 3166 5646 ﬁt
3206 5577 3258 5630 in
3287 5591 3399 5651 om-_

1811 5648 1978 5706 nibus.
2007 5651 2311 5721 Legendum
2340 5667 2459 5704 cum
2490 5651 2692 5704 Turon.
2731 5652 2784 5720 ﬁt
2805 5651 2861 5704 in
2888 5648 3176 5706 nominibus
3201 5666 3212 5700 :
3257 5648 3398 5716 quod

1814 5724 2084 5779 consentit
2112 5738 2232 5778 cum
2265 5723 2509 5793 proxime
2537 5722 2720 5790 dictis,
2745 5723 2815 5776 in
2843 5724 2922 5777 his
2962 5722 3223 5777 nominum
3251 5727 3402 5789 atque

1820 5798 2133 5868 ofﬁciorum,
2163 5805 2268 5852 etc.
2295 5794 2552 5866 Superior
2588 5796 2900 5866 conjunctio
2924 5805 2980 5852 ut
3021 5810 3114 5865 pro
3143 5794 3270 5848 sicut
3311 5807 3405 5862 po-

1823 5875 1924 5927 sita
1953 5880 2059 5929 est.
2109 5868 2339 5931 Inferius
2361 5868 2584 5928 verbum
2605 5869 2677 5942 ait
2705 5885 2772 5930 ex
2793 5885 2896 5932 ms.
2926 5884 3040 5944 reg.
3063 5874 3366 5936 revocatur.
