4006 6332
573 226 679 286 ’167

1770 227 2016 286 SANCTI
2054 226 2311 284 HlLARll
2353 227 2658 287 El’lSCOl‘l
3787 232 3820 286 7

572 348 758 407 Aaron
786 345 1099 404 saccrdotes
1126 347 1417 420 signiﬁcari
1448 362 1556 405 non
1579 347 1888 420 ambiguum
1913 357 1997 404 est
2025 366 2038 401 :
2079 362 2163 403 sa-
2195 349 2248 412 Α
2275 347 2422 402 brum
2442 350 2714 419 :guoniam
2744 351 2796 404 in
2825 350 3014 406 stccula
3044 349 3392 405 misericordia
3418 352 3561 424 ejus.
3588 349 3699 418 Qui
3723 359 3880 406 trus-

572 440 767 499 cerdos
796 440 939 496 enim
980 440 1032 495 in
1065 440 1186 511 lege
1215 443 1394 497 Aaron
1425 441 1631 512 primus
1663 440 1785 508 fuit,
1815 451 1870 497 et
1896 440 2091 497 exinde
2118 440 2171 496 in

578 535 928 591 successione
956 533 1074 604 ejus
1115 534 1454 590 sacerdotum
1480 534 1652 590 honor
1682 535 1899 590 mansit.
1939 534 1994 589 In
2045 533 2172 590 Levi

572 636 754 686 autem
796 626 1073 682 ministros
1119 627 1330 684 ostendi
1357 628 1662 686 absolutum
1694 637 1775 684 cst
1818 645 1831 682 :
1886 627 2003 684 lucc
2029 627 2171 684 enim

575 721 746 778 tribus
769 720 822 775 in
855 720 1215 778 ministerium
1248 723 1419 780 electa
1448 732 1550 780 est.
1584 723 1845 795 Reliquus
1873 733 2052 778 autem
2080 738 2174 793 po-

574 816 754 888 pulus,
785 815 872 872 cui
901 831 1006 872 non
1028 816 1339 884 sacerdotii,
1373 834 1545 890 neque
1567 817 1867 885 ministerii,
1897 817 1991 872 sed
2020 817 2174 872 timo-

573 912 651 969 ris
676 910 914 967 ofﬁcium
941 921 1022 969 est
1043 953 1059 978 ,
1091 913 1142 967 iu
1175 911 1257 968 his
1301 914 1390 983 qui
1431 913 1622 969 timent
1655 912 1938 968 Dominum
1963 926 2171 967 nuncu.

573 1013 754 1077 patur.
809 1003 974 1060 Docet
1005 1015 1185 1060 autem
1227 1019 1326 1060 nos
1359 1006 1651 1076 Apostolus
1681 1003 1755 1076 (α)
1784 1018 1947 1076 super
1986 1019 2175 1060 omnes

575 1095 676 1154 hos
721 1112 842 1154 esse
887 1097 1088 1167 Israel,
1119 1113 1240 1156 cum
1281 1099 1356 1153 ait
1389 1115 1404 1154 ε
1434 1097 1504 1153 Et
1553 1107 1796 1168 quotquot
1833 1099 2030 1170 regula:
2056 1098 2176 1153 huic

571 1190 1011 1260 obsecundabant,
1046 1209 1150 1263 pax
1167 1208 1322 1265 super
1346 1209 1434 1248 eos
1461 1202 1508 1247 et
1533 1192 1887 1247 misericordia
1910 1234 1926 1259 ,
1948 1203 1997 1252 et
2021 1208 2178 1264 super

569 1283 745 1342 Israel
771 1284 916 1360 (Gal.
947 1286 1163 1356 v1.16).
1196 1285 1518 1344 Sacerdotes
1543 1294 1599 1342 et
1623 1286 1852 1342 ministri
1893 1285 2059 1341 ofﬁcii
2090 1287 2174 1341 sui

571 1381 756 1452 regula
786 1382 838 1436 in
879 1396 945 1436 eo
969 1380 1112 1452 quod
1139 1389 1306 1450 agunt
1327 1381 1573 1438 continet
1597 1395 1613 1447 ;
1636 1379 1732 1436 sed
1767 1388 1987 1451 prastat
2015 1379 2174 1451 longe

573 1472 851 1529 voluntate
879 1473 1049 1543 magis
1081 1473 1284 1544 aliquid
1328 1488 1487 1545 agere
1512 1514 1528 1541 ,
1571 1487 1732 1544 quam
1775 1473 1914 1545 lege.
1941 1473 2008 1529 Et
2035 1474 2177 1544 opti-

573 1583 720 1625 mum
743 1577 846 1636 est,
867 1583 962 1638 per
981 1566 1266 1624 ministerii
1284 1567 1527 1624 ordinem
1545 1582 1651 1623 non
1669 1567 1840 1623 solum
1862 1565 2174 1623 satisfacere

571 1660 896 1732 ministerio,
924 1661 1020 1718 sed
1049 1677 1147 1732 per
1175 1661 1438 1718 doctrina:
1469 1662 1750 1717 scientiam
1783 1669 1839 1717 et
1865 1660 1988 1716 ﬁdei
2029 1659 2175 1717 calo-

2276 442 2424 498 duasit
2471 445 2724 514 populum
2745 462 2898 500 suum
2924 445 2976 500 in
3007 446 3302 501 desertum:
3333 447 3582 517 quoniam
3611 447 3673 500 in
3703 449 3882 504 scalis

2276 537 2628 592 misericOrdia
2651 539 2782 606 ejus.
2813 537 2915 604 Qui
2935 538 3172 609 perduxit
3211 555 3396 607 aquam
3417 539 3482 594 de
3505 549 3664 609 petra
3699 541 3882 607 rupis:

2274 628 2513 699 quoniam
2539 628 2591 682 in
2621 629 2812 683 sarcula
2841 629 3194 684 misericordia
3216 629 3349 699 eius.
3387 630 3494 696 Qui
3525 631 3789 701 percussit
3811 647 3881 685 re-

2277 737 2363 789 ges
2387 737 2600 792 magnos
2623 737 2641 778 :
2666 722 2908 794 quoniam
2928 723 2980 776 in
3002 723 3193 778 stecula
3212 723 3728 790 misericordiaeius.
3753 723 3880 778 Stoa

2275 830 2444 885 regem
2471 815 2882 871 Amorrliaaorum
2915 834 2933 872 :
2961 819 3200 888 quoniam
3228 818 3280 872 in
3301 818 3493 872 secula
3523 818 3879 874 misericordia

2277 912 2410 982 ejus.
2447 907 2513 962 Et
2549 910 2627 981 0g
2648 927 2816 982 regem
2844 909 3019 966 Basan
3050 929 3067 965 :
3097 913 3338 980 quoniam
3365 912 3422 964 in
3445 911 3650 966 scecula
3691 912 3881 966 miseri-

2277 1000 2452 1054 cordia
2471 1003 2604 1074 ejus.
2635 1000 2704 1055 Et
2749 1003 2888 1056 dedit
2912 1013 3100 1058 terram
3128 1019 3306 1057 eorum
3336 1001 3704 1058 hereditatem
3725 1019 3746 1057 :
3772 1018 3881 1071 geo-

2278 1096 2418 1149 niam
2448 1099 2501 1149 in
2526 1096 2714 1150 sa'cula
2739 1097 3094 1152 misericordia
3121 1101 3253 1171 ejus.
3289 1099 3552 1164 Quoniam
3573 1098 3633 1151 in
3677 1097 3880 1150 handli-

2279 1198 2378 1243 tate
2406 1198 2579 1244 nostra
2615 1206 2805 1244 memor
2850 1189 2948 1256 fuit
2997 1190 3157 1244 nostri
3184 1189 3315 1260 (llil.
3357 1188 3510 1244 addit
3567 1187 3880 1259 Dominus):

2277 1280 2517 1350 quoniam
2547 1281 2599 1334 in
2650 1281 2838 1335 scecula
2880 1282 3232 1336 misericordia
3269 1281 3399 1352 ejus.
3437 1281 3506 1336 Et
3551 1282 3779 1335 redemit
3805 1298 3882 1335 nos

2278 1373 2341 1428 de
2365 1373 2584 1428 inimicis
2599 1372 2762 1445 540
2783 1375 2970 1429 nostris
2990 1374 3118 1446 (Hii.
3147 1375 3210 1430 de
3232 1390 3388 1428 manu
3419 1375 3766 1428 inimicorum
3784 1391 3883 1428 nos-

2279 1465 2494 1538 trorum)
2523 1485 2537 1522 :
2560 1469 2801 1538 quoniam
2825 1469 2879 1523 in
2923 1469 3111 1524 scecula
3138 1470 3484 1525 misericordia
3503 1473 3644 1543 ejus.
3679 1469 3788 1536 Qui
3810 1470 3882 1524 dat

2277 1577 2442 1616 escam
2457 1563 2594 1617 omni
2614 1563 2758 1616 carni
2776 1564 3046 1631 :quoniam
3074 1565 3126 1617 in
3152 1566 3340 1619 saecula
3365 1564 3738 1619 misericordia
3763 1569 3882 1637 ejus.

2278 1652 2604 1723 Conﬁtemini
2640 1652 2753 1710 Deo
2783 1656 2895 1711 εωιὶ
2917 1671 2936 1710 :
2964 1657 3202 1726 quoniam
3225 1657 3276 1710 in
3305 1657 3496 1711 siccata
3526 1657 3880 1711 misericordia

572 1767 689 1810 rem
742 1751 809 1807 ad
855 1753 1218 1823 cognitionem
1262 1753 1358 1809 Dei
1387 1752 2007 1824 contemplationemque
2038 1767 2174 1808 con-
2208 1757 2255 1819 Β
2279 1747 2415 1816 eius.

570 1845 814 1903 tendere.
853 1845 989 1901 Eum
1020 1861 1148 1917 ergo
1174 1888 1189 1913 ,
1243 1845 1336 1917 qui
1371 1845 1538 1901 Deum
1582 1845 1888 1917 intelligens
1908 1853 1964 1900 et
1987 1844 2176 1902 videns

569 1949 737 2008 esset,
765 1940 909 2011 quod
938 1950 1022 1996 est
1050 1940 1324 2013 proprium
1349 1941 1536 2008 Israel,
1559 1941 1614 1996 in
1645 1942 1816 2012 primo
1843 1940 2173 1998 benedicen-

575 2031 710 2089 tium
749 2031 942 2088 ordine
971 2032 1255 2090 collocavit
1307 2036 1327 2108 (
1357 2033 1449 2106 qui
1479 2032 1718 2090 ofﬁcium
1763 2035 1814 2089 in
1846 2049 1954 2106 quo
1981 2043 2170 2103 esset,

579 2132 742 2195 atque
772 2111 1029 2182 honorem
1061 2127 1379 2192 sacerdotis,
1404 2128 1505 2183 hac
1535 2129 1647 2199 ipsa
1669 2129 1868 2200 cogniti
1886 2143 1982 2199 per
2011 2128 2170 2184 ﬁdem

573 2227 629 2275 et
649 2219 997 2290 contemplati
1044 2221 1136 2275 Dei
1177 2220 1377 2278 virtute
1408 2222 1784 2295 prmeelleret)
1819 2239 1832 2276 :
1873 2223 1998 2294 quia
2047 2238 2170 2278 cum

571 2312 756 2384 plures
784 2313 895 2369 sint
923 2316 1127 2385 Aaron,
1161 2315 1215 2371 id
1260 2325 1344 2374 eat
1392 2316 1743 2386 sacerdotes;
1783 2321 1937 2390 pauci
1991 2328 2170 2376 tamen

567 2405 754 2476 Israel,
792 2408 843 2464 id
874 2418 956 2464 est
981 2409 1073 2480 qui
1119 2411 1432 2483 cognitione
1489 2413 1684 2471 mentis
1725 2413 1892 2471 Deum
1933 2425 2174 2470 contem-

574 2503 772 2576 platuri
815 2505 944 2569 sint,
978 2506 1339 2578 reperientur.
1375 2509 1440 2564 Hi
1467 2525 1599 2583 ergo
1649 2511 1877 2581 primum
1904 2511 1971 2568 ad
2011 2512 2173 2569 bene-

569 2600 860 2659 dicendum
890 2601 1054 2677 539
1073 2604 1406 2662 advocantur
1453 2624 1466 2660 :
1498 2610 1710 2663 caeteris
1733 2608 1854 2663 aliis
1899 2617 2021 2680 post
2052 2624 2168 2676 eos,

570 2695 626 2752 in
656 2709 723 2750 eo
752 2711 861 2767 quo
911 2708 968 2753 et
1010 2697 1112 2769 ipsi
1160 2707 1345 2754 essent
1371 2699 1574 2766 officio,
1608 2699 1997 2757 benedicturis.
2063 2701 2171 2757 Sed

571 2787 904 2846 benedicunt
928 2791 1119 2858 Deum,
1137 2800 1194 2848 et
1221 2792 1415 2848 domus
1435 2793 1626 2861 Israel,
1655 2805 1711 2850 et
1739 2796 1929 2852 domus
1952 2797 2131 2852 Aaron
2152 2837 2168 2863 ,

572 2891 628 2936 et
646 2881 847 2940 domus
875 2884 1028 2953 Levi,
1056 2898 1112 2943 et
1139 2902 1329 2945 omnes
1351 2891 1441 2960 qui
1467 2893 1659 2946 timent
1693 2893 1973 2948 Dominum
2007 2912 2019 2947 :
2044 2910 2169 2950 eum

569 2975 810 3040 scilicet,
837 2977 931 3047 qui
963 2987 1046 3034 est
1072 2979 1389 3036 benedictus
1418 2982 1559 3037 Deus
1589 3000 1652 3038 ex
1695 2984 1847 3051 Sion,
1889 2986 1980 3056 qui
2021 2985 2172 3040 habi-

575 3073 654 3120 tat
678 3065 978 3124 Jerusalem
1003 3110 1020 3135 ,
1061 3082 1303 3127 sanctum
1332 3083 1568 3130 montem
1608 3076 1736 3131 Sion
1758 3119 1772 3142 ,
1805 3086 1861 3132 et
1899 3078 2169 3134 civitatem

2703 1885 3118 1945 TRACTATUS
3157 1886 3432 1944 PSALSII.

2353 2000 2402 2055 1.
2436 1999 2722 2071 Scriptum
2751 2000 2996 2073 dignitas.
3039 2000 3116 2055 0b
3142 2002 3627 2057 inconsiderantiam
3656 2003 3878 2059 silescit.

2273 2125 2346 2136 —
2366 2093 2480 2150 Non
2513 2103 2594 2150 est
2619 2095 2826 2151 otiosus
2865 2093 3208 2167 propheticus
3237 2111 3442 2163 sermo,
3468 2112 3644 2166 neque
3669 2111 3744 2151 ex
3765 2099 3874 2152 ina-

2275 2192 2433 2247 nibus
2463 2207 2525 2246 ac
2571 2190 2862 2262 superﬂuis
2908 2192 3087 2248 causis
3129 2193 3386 2263 spiritalis
3435 2193 3652 2263 loquela
3694 2193 3872 2251 est.Si

2275 2288 2418 2340 enim
2450 2286 2502 2342 in
2535 2286 2666 2342 viris
2694 2286 3046 2356 prudentibus
3073 2287 3380 2358 exspectari
3411 2287 3466 2342 id
3513 2288 3762 2345 maxime
3790 2304 3866 2344 so-

2275 2381 2368 2448 let,
2399 2393 2458 2437 ut
2482 2399 2544 2438 ea
2572 2399 2694 2454 quae
2729 2383 3041 2454 loquuntur,
3071 2384 3335 2456 gravitate
3359 2398 3553 2440 eorum
3597 2383 3865 2440 doctrina-

2273 2493 2379 2550 que
2403 2477 2560 2551 digna
2592 2479 2729 2545 sint;
2757 2480 3040 2550 omnisque
3084 2493 3265 2535 sermo
3295 2493 3403 2534 non
3435 2479 3506 2533 sit
3535 2477 3799 2535 fortuitus
3823 2490 3867 2534 et

2274 2587 2460 2644 vagus,
2493 2572 2587 2628 sed
2611 2587 2676 2628 ex
2709 2573 3118 2629 rationabilibus
3150 2573 3328 2628 causis
3350 2573 3655 2645 profectus,
3687 2582 3744 2629 et
3782 2589 3866 2628 ex.

2274 2665 2595 2737 spectationi
2631 2665 2957 2721 audientium
2990 2665 3156 2730 utilis,
3197 2677 3252 2722 et
3283 2665 3362 2738 (b)
3404 2667 3726 2722 auctoritati
3755 2681 3866 2722 eon-

2274 2775 2437 2833 gruus
2461 2759 2843 2816 disserentium
2873 2779 2884 2814 :
2915 2770 3116 2832 quanto
3141 2761 3310 2832 magis
3338 2761 3390 2816 id
3419 2761 3746 2818 cmlestibus
3769 2762 3864 2817 elo-

2272 2854 2412 2924 quiis
2438 2853 2763 2924 opinandum
2796 2864 2914 2920 est,
2949 2864 3006 2909 ut
3033 2853 3291 2926 quidquid
3321 2855 3373 2908 in
3421 2854 3506 2912 his
3537 2854 3608 2929 (c)
3643 2865 3754 2920 est,
3781 2871 3866 2911 es-

2279 2947 2507 3015 celsum,
2539 2947 2799 3014 divinum,
2830 2948 3149 3004 rationabile
3177 2957 3234 3004 et
3258 2949 3559 3018 perfectum
3584 2964 3711 3005 esse
3737 2951 3868 3005 esis-

2275 3043 2510 3099 timetur.
2539 3044 2643 3100 Sed
2672 3044 2988 3115 plerumque
3009 3085 3024 3113 ,
3061 3045 3228 3099 immo
3257 3059 3494 3114 semper,
3529 3045 3666 3100 vitio
3695 3055 3866 3100 nostro

574 3159 876 3229 cmlestem,
930 3163 1229 3221 Ecclesiam
1282 3167 1671 3236 primitivorum
1695 3211 1710 3236 ,
1743 3137 2071 3227 manentium
2117 3159 2244 3229 etC
2277 3137 2493 3236 acad":
2529 3145 2588 3236 “P
2615 3153 2735 3208 qum
2765 3139 2874 3236 ¹Ῠ8Ῐ
2895 3138 2946 3192 in
2977 3137 3205 3236 ea“???
3236 3137 3505 3236 audim"_5'
3547 3138 3773 3236 auribus
3796 3147 3862 3192 ἰ’

573 3253 899 3325 scriptorum
929 3257 980 3313 in
1012 3259 1166 3316 ctrlis
1187 3301 1202 3327 ,
1245 3261 1296 3316 in
1341 3263 1567 3318 Domino
1588 3265 1910 3322 nostroJesu
1932 3267 2167 3338 Christo,

570 3348 662 3420 qui
693 3359 776 3406 est
806 3349 1122 3409 benedictus
1147 3354 1200 3410 in
1230 3356 1428 3412 saecula
1463 3359 1806 3414 saeculorum.
1831 3360 2024 3418 Amen.

1068 3488 1386 3550 PSALMUS
1420 3493 1688 3551 CXXXV.

1252 3605 1495 3662 Alleluia.

649 3689 976 3762 Con/itemini
1024 3675 1247 3754 Domino
1295 3703 1578 3770 :quoniam
1608 3705 1800 3776 bonus,
1849 3710 2092 3780 quoniam
2119 3710 2173 3764 in

575 3787 768 3840 scecula
811 3787 1164 3845 misericordia
1211 3795 1341 3867 ejus.
1391 3793 1719 3866 Conﬁtemini
1768 3797 1880 3854 Deo
1920 3801 2130 3855 deorum
2153 3817 2173 3855 :

574 3883 817 3953 quoniam
847 3885 899 3938 in
941 3887 1132 3943 scecula
1159 3891 1516 3946 misericordia
1540 3895 1675 3966 ejus.
1712 3893 1814 3962 Qui
1846 3895 1966 3967 fecit
2011 3897 2172 3950 mira-

573 3974 702 4030 bilia
749 3976 880 4048 (Hil.
909 3979 1057 4036 addit
1087 3984 1321 4056 magna),
1376 3985 1518 4040 solus
1545 4028 1560 4051 ,
1593 3987 1836 4056 quoniam
1878 3987 1932 4042 in
1981 3988 2174 4044 sarcula

570 4069 927 4125 misericordia
949 4073 1083 4144 ejus.
1141 4074 1242 4143 Qui
1273 4076 1391 4147 fecit
1418 4077 1570 4132 caelos
1617 4079 1674 4132 in
1703 4078 1963 4134 intellectu
1989 4096 2008 4135 :
2047 4096 2174 4151 gua-

575 4161 717 4215 niam
747 4163 800 4216 in
831 4165 1024 4219 scecula
1054 4167 1409 4223 misericordia
1436 4171 1567 4240 ejus.
1601 4169 1703 4236 Qui
1731 4173 1953 4240 ﬁrmavit
1985 4184 2174 4228 terram

572 4269 730 4323 super
749 4272 932 4326 aquam
951 4257 1080 4330 (Hil.
1103 4260 1286 4333 aquas)
1305 4277 1324 4316 :
1340 4263 1582 4332 quoniam
1605 4264 1659 4318 in
1683 4266 1872 4320 sarcula
1886 4266 2177 4322 misericor-

576 4345 665 4398 dia
689 4350 824 4418 ejus.
853 4348 952 4416 Qui
973 4351 1091 4420 fecit
1121 4352 1400 4408 luminaria
1421 4372 1611 4427 magna
1640 4357 1784 4412 solus
1814 4374 1833 4412 :
1859 4360 2102 4427 quoniam
2122 4361 2174 4414 in

577 4440 767 4494 saecula
796 4444 1147 4500 misericordia
1195 4451 1326 4522 ejus.
1378 4449 1554 4504 Solem
1583 4452 1636 4506 in
1689 4462 1985 4523 potestatem
2027 4454 2176 4509 diei:

2275 3247 2380 3302 que
2406 3231 2602 3286 animis
2631 3231 2832 3287 nostris
2861 3233 3019 3303 longe
3047 3232 3116 3288 ab
3141 3232 3224 3288 his
3255 3231 3736 3304 peregrinantibus
3779 3247 3864 3287 ne-

2273 3327 2572 3400 gligamus:
2604 3337 2660 3381 ut
2706 3341 2802 3398 per
2841 3326 3092 3382 audiendi
3141 3325 3441 3392 incuriam,
3485 3325 3715 3382 vilescat
3739 3324 3866 3395 apud

2276 3436 2375 3476 nos
2407 3419 2672 3476 dictorum
2703 3420 3005 3476 caelestium
3044 3419 3297 3493 dignitas.
3339 3420 3476 3476 Cum
3520 3421 3576 3475 in
3627 3419 3870 3475 lectionis

2275 3503 2517 3586 tempore
2547 3512 2628 3587 (ά)
2654 3515 2891 3571 rationes
2934 3524 3309 3586 supputamus,
3343 3515 3454 3571 iras
3489 3515 3824 3585 concipimus
3851 3555 3866 3580 ,

2277 3607 2501 3680 injurias
2537 3609 2838 3680 cogitamus
2871 3651 2887 3678 ,
2937 3609 3095 3664 luxus
3139 3609 3434 3666 recolimus
3463 3627 3475 3662 :
3503 3617 3626 3662 tunc
3650 3608 3724 3662 ad
3753 3608 3870 3663 haec

2276 3707 2556 3774 occupatis
2589 3704 2744 3758 nobis
2767 3703 2945 3760 surdae
2962 3719 3118 3761 aures
3147 3713 3292 3778 sunt,
3320 3716 3376 3760 et
3401 3704 3545 3758 hebes
3567 3717 3719 3756 mens
3745 3709 3866 3768 est;

2277 3805 2331 3852 et
2361 3797 2404 3851 si
2437 3795 2561 3866 quid
2599 3795 2735 3852 forte
2769 3796 2820 3850 in
2852 3810 3011 3852 aures
3043 3804 3256 3852 nostras
3301 3811 3487 3851 eorum
3530 3809 3644 3866 qua:
3672 3793 3874 3866 legun-

2273 3895 2366 3944 tur
2395 3887 2663 3952 inciderit,
2703 3889 2956 3945 virtutem
2986 3899 3163 3945 tamen
3192 3889 3462 3944 dictorum
3504 3889 3738 3943 obrutus
3771 3903 3872 3942 saec

2276 3983 2382 4037 culi
2413 3983 2555 4038 curis
2582 3983 2796 4039 animus
2834 3999 2940 4038 non
2969 3985 3135 4039 sentit
3167 4001 3180 4037 :
3208 3992 3263 4039 et
3309 3999 3540 4055 quorum
3573 3982 3871 4055 uitelligeu-

2278 4077 2404 4131 tiam
2418 4091 2524 4132 non
2547 4077 2916 4147 consequitur,
2936 4078 3110 4134 levem
3123 4078 3457 4134 exisumabit
3474 4079 3868 4134 auctoritatem.

2347 4167 2404 4222 2.
2436 4167 2724 4239 Scriptura:
2752 4169 3054 4224 multimoda
3073 4171 3328 4225 doctrina.
3354 4170 3460 4225 Cur
3479 4170 3598 4224 libri
3621 4174 3741 4244 ejus
3769 4171 3871 4240 plu-

2276 4279 2358 4318 res
2392 4280 2454 4318 ac
2493 4264 2641 4318 uarii.
2669 4293 2741 4305 —
2769 4263 2960 4319 Omnia
2991 4274 3195 4329 autem,
3224 4278 3347 4334 qua:
3385 4264 3438 4318 in
3471 4263 3624 4320 libris
3655 4263 3872 4334 prophe-

2279 4358 2398 4414 ticis
2429 4367 2572 4423 sunt,
2607 4357 2901 4412 maximum
2930 4357 3180 4412 humana:
3205 4365 3262 4412 et
3300 4357 3496 4411 salutis
3537 4367 3596 4412 et
3619 4356 3871 4411 doctrina

2279 4453 2576 4524 profectum
2631 4452 2684 4506 in
2739 4467 2798 4508 se
2824 4451 3045 4519 habent,
3099 4452 3379 4523 nosuique
3428 4468 3595 4508 causa
3627 4453 3870 4529 universa

573 4533 814 4602 quoniam
842 4536 896 4588 in
937 4538 1127 4592 uacula
1173 4541 1528 4596 misericordia
1581 4544 1714 4615 ejus.
1777 4545 1881 4612 Qui
1924 4546 2172 4618 percussit
2199 4557 2254 4618 D
2279 4546 2476 4616 scripta
2509 4555 2635 4601 sunt
2668 4564 2681 4600 :
2715 4556 2770 4602 ut
2797 4561 2940 4602 nunc
2962 4545 3119 4602 nobis
3145 4545 3540 4601 institutionem
3572 4545 3700 4602 vita:
3732 4548 3875 4602 inno-

575 4623 869 4697 Ai'ggptum
898 4645 1015 4683 cum
1045 4634 1398 4705 primogenitis
1439 4652 1614 4690 eorum
1654 4639 1942 4708 :quoniam
1982 4639 2034 4693 in
2079 4655 2176 4694 sa:-

576 4717 696 4774 cula
724 4720 1074 4779 misericordia
1099 4730 1233 4799 ejus.
1269 4727 1332 4782 Et
1377 4730 1555 4784 eduxit
1590 4729 1761 4787 Israel
1789 4733 1852 4787 de
1896 4734 2064 4788 medio
2091 4751 2177 4789 eo-

574 4827 691 4866 rum
720 4828 739 4868 :
771 4815 1015 4885 quoniam
1040 4818 1094 4872 in
1140 4822 1328 4875 sarcula
1355 4823 1711 4879 misericordia
1748 4826 1881 4894 ejus.
1924 4825 1992 4881 In
2019 4843 2175 4882 manu

574 4907 699 4976 forti
725 4916 772 4962 et
797 4908 1003 4962 brachio
1034 4913 1229 4967 excelso
1252 4930 1271 4968 :
1300 4916 1544 4984 quoniam
1570 4916 1623 4970 in
1666 4917 1855 4972 sarcula
1883 4918 2173 4973 misericor-

573 5000 661 5056 dia
688 5002 823 5072 ejus.
865 5001 966 5068 Qui
984 5003 1153 5058 divisit
1181 5023 1322 5061 mare
1347 5007 1572 5063 Rubrum
1618 5011 1670 5064 in
1697 5009 1971 5067 divisiones
1992 5030 2011 5069 :
2041 5031 2173 5084 quo-

573 5096 711 5150 niam
737 5097 790 5151 in
823 5100 1015 5153 stecula
1045 5100 1396 5156 misericordia
1419 5107 1550 5176 ejus.
1584 5103 1652 5158 Et
1687 5107 1978 5162 transduxit
2004 5108 2172 5166 Israel

578 5207 669 5260 per
690 5191 914 5247 medium
940 5193 1055 5264 ejus
1078 5209 1096 5247 :
1117 5197 1355 5260 quoniam
1375 5197 1429 5250 in
1454 5200 1644 5253 stecula
1665 5201 2020 5258 misericordia
2033 5207 2168 5278 ejus.

575 5279 647 5336 Et
667 5285 889 5338 excussit
933 5283 1256 5341 Pharaonem
1295 5295 1342 5340 et
1384 5287 1618 5344 virtutem
1645 5293 1760 5364 ejus
1789 5295 1840 5348 in
1886 5311 2027 5350 mare
2057 5294 2171 5350 Ru-

650 5419 725 5508 ga)
763 5421 822 5506 In
844 5437 977 5508 mss.
1003 5433 1193 5508 r_eg.-et
1213 5422 1420 5508 Turoni,
1442 5443 1549 5495 pra:
1568 5445 1742 5508 omnes
1765 5447 1905 5508 {qua
1933 5433 2170 5492 lectione

577 5493 757 5618 aptius
777 5493 1106 5564 significatur
1129 5496 1294 5552 Israel
1329 5493 1497 5554 tribus
1538 5501 1660 5556 aliis
1711 5493 1990 5561 ordinibus
2031 5521 2174 5576 pra:-

573 5579 602 5618 s
627 5579 740 5619 are.

654 5633 726 5706 (b)
769 5635 826 5690 In
855 5636 1105 5714 vulgatis,
1155 5641 1378 5714 auctori.
1406 5642 1740 5714 Reponimus
1782 5649 2077 5704 auctoritati
2105 5665 2170 5707 ex

969 5710 1174 5769 Turon.
1201 5713 1293 5783 qui
1323 5710 1706 5773 antea’habent
1725 5720 2044 5792 expetitioni,
2063 5737 2172 5779 non

2278 4641 2452 4699 centis
2472 4640 2746 4708 aderrent,
2771 4656 2916 4698 nunc
2936 4641 3216 4697 scientiam
3246 4639 3340 4695 Dei
3369 4641 3714 4706 intimarent,
3743 4655 3875 4696 nunc

2278 4734 2502 4806 originis
2528 4744 2844 4806 naturaeque
2871 4743 3069 4790 nostra:
3118 4733 3484 4805 cognitionem
3531 4734 3874 4800 tribuerent,

2277 4843 2422 4883 nunc
2451 4828 2750 4883 futurorum
2787 4827 3197 4898 intelligentiam
3223 4841 3328 4882 non
3355 4841 3454 4897 spe
3483 4836 3696 4882 tantum
3723 4867 3740 4892 ,
3790 4827 3876 4882 sed

2281 4920 2491 4976 ratione
2522 4928 2880 4990 praestarent,
2913 4934 3052 4975 nunc
3076 4934 3269 4974 causas
3313 4919 3695 4975 universitatis
3728 4920 3879 4990 hujus

2281 5021 2537 5084 ortusque
2562 5012 2889 5083 proferrent,
2931 5024 2987 5067 et
3015 5013 3303 5067 humanum
3351 5026 3580 5068 sensum
3612 5022 3878 5068 tantaru

2280 5121 2459 5163 rerum
2490 5107 2858 5177 intelligentia:
2899 5106 3206 5176 incapacem
3240 5105 3305 5160 ad
3339 5105 3658 5176 capiendam
3691 5106 3879 5161 horum

2279 5201 2642 5273 cognitionem
2671 5201 2835 5256 variis
2866 5201 3128 5257 doctrina:
3153 5200 3447 5272 generibus
3485 5201 3878 5259 distenderent.

2282 5296 2530 5353 Partibus
2554 5297 2700 5352 enim
2736 5294 3058 5368 quibusdam
3087 5304 3144 5351 et
3186 5295 3546 5351 divisionibus
3571 5311 3716 5367 opus
3743 5298 3838 5351 fuit
3865 5339 3881 5360 ,

2353 5436 2427 5507 (c)
2459 5435 2621 5499 Editi,
2650 5436 2704 5489 in
2734 5435 2813 5488 his
2840 5434 3094 5490 excelsum
3112 5444 3204 5499 est,
3229 5433 3329 5507 hac.
3351 5433 3639 5507 melathesi
3665 5447 3884 5493 sallen—

2280 5505 2415 5564 nam
2436 5507 2624 5563 Hilarii
2668 5521 2888 5576 prorsus
2917 5507 3194 5562 confusam
3217 5505 3569 5561 exhibebant.
3597 5506 3878 5563 Excelsa:

2278 5580 2479 5651 quippe
2504 5579 2572 5634 ad
2614 5593 2721 5633 esse
2770 5577 3093 5633 existimetur
3130 5593 3253 5634 cum
3279 5580 3494 5634 caeteris
3528 5579 3879 5637 referendum

2276 5661 2430 5796 e“((1)
2449 5719 2540 5778 ita
2568 5735 2671 5780 ms.
2697 5721 2904 5782 Turon.
2931 5721 3075 5781 Editi
3104 5736 3257 5790 vero,
3288 5722 3556 5779 rationem.
