4006 6332
120 329 214 389 ’169

1170 330 1583 391 TRACTATUS
1625 332 1689 390 IN
1729 333 1968 392 CXXXV
2009 337 2366 398 PSALMUM.

3296 343 3402 403 770

121 465 207 522 per
229 463 359 521 quas
402 447 602 506 sensim
633 447 734 507 sub
776 462 874 506 usu
903 451 1308 538 exercitationis
1337 456 1558 512 assiduo
1588 457 1704 526 opi-
1731 461 1780 522 Α
1808 461 2036 530 cognitis
2066 463 2150 519 his
2175 464 2465 520 confitetur
2489 477 2750 521 errorem.
2776 462 3060 522 Confessio
3107 473 3287 524 autem
3317 482 3404 526 er-

118 545 200 598 nio
253 541 442 597 saltem
486 542 1046 614 incomprehensibilis
1075 547 1243 615 fnohis
1291 547 1452 619 hujus
1502 551 1699 605 intelli-

116 637 296 709 gentia:
323 646 505 706 posset
534 637 792 708 irrepere.
835 638 1023 695 Plures
1049 640 1330 712 prophetae
1360 652 1506 710 sunt,
1538 641 1615 714 (a)
1644 654 1700 700 et

114 731 334 802 ingentia
353 746 540 787 eorum
561 733 888 804 copiosaque
913 732 1076 789 dicta.
1097 733 1286 792 Plures
1318 737 1482 792 etiam
1508 737 1698 808 psalmi

113 831 265 889 sunt,
296 832 352 877 et
396 823 623 895 singulis
662 825 829 881 multa
858 835 911 882 et
942 827 1087 882 varia
1133 838 1392 902 congesta
1445 840 1590 887 sunt.
1628 830 1696 887 Et

110 929 420 987 quamquam
450 931 640 974 omnes
695 933 852 974 unam
902 927 1063 990 atque
1092 920 1340 976 eamdem
1384 921 1436 976 in
1483 937 1544 978 se
1571 923 1700 980 doc-

111 1009 254 1064 trina:
283 1007 505 1064 formam
536 1009 970 1081 complectamur
999 1029 1013 1066 :
1065 1009 1296 1069 diversis
1329 1025 1507 1070 tamen
1539 1015 1695 1072 insti-

108 1105 226 1158 tutis
269 1104 322 1158 in
375 1103 620 1160 eamdem
674 1120 774 1161 nos
817 1105 1058 1161 scientiw
1107 1107 1247 1163 viam
1283 1108 1554 1180 dirigunt;
1589 1126 1695 1166 non

107 1196 345 1252 omniain
368 1213 532 1253 unum
557 1211 914 1268 congerentes
944 1198 1266 1272 (incapaces
1293 1203 1433 1258 enim
1453 1205 1695 1262 omnium

104 1287 428 1358 sumus),sed
448 1297 627 1360 partes
642 1287 800 1363 541
817 1291 1056 1360 partibus
1078 1308 1141 1348 ex
1151 1291 1440 1364 plicantes:
1463 1304 1521 1350 ut
1535 1311 1629 1366 per
1642 1295 1694 1351 id

104 1382 237 1454 quod
267 1382 477 1453 singula
504 1393 927 1454 cognoscuntur,
961 1385 1273 1456 proficiatur
1305 1386 1372 1442 ad
1407 1388 1593 1443 multa.
1637 1388 1696 1445 In

104 1476 198 1531 hoc
225 1485 409 1531 autem
443 1475 672 1546 psalmo,
727 1476 854 1546 quia
882 1477 1109 1548 singulis
1136 1477 1377 1548 ejusdem
1409 1479 1486 1535 rei
1537 1496 1696 1551 argu—

101 1578 275 1625 menta
301 1567 511 1625 diversa
539 1577 686 1634 sunt,
731 1569 782 1623 id
814 1570 1124 1625 continetur
1151 1612 1166 1638 ,
1221 1581 1278 1626 ut
1318 1587 1535 1628 causam
1567 1573 1694 1628 uni-

102 1662 369 1719 vcrsitatis
397 1661 577 1734 hujus,
609 1662 659 1718 id
689 1673 770 1718 est
795 1704 811 1728 ,
869 1679 964 1718 cur
993 1664 1212 1731 caelum,
1254 1680 1351 1720 cur
1382 1674 1544 1733 terra,
1597 1683 1697 1723 cur

98 1754 362 1821 homines,
391 1771 488 1810 cur
517 1764 712 1812 caetera
746 1757 873 1824 sint,
901 1771 967 1812 ex
1001 1757 1238 1812 bonitate
1282 1773 1346 1813 ac
1377 1759 1694 1815 misericor-

1801 554 2246 627 roris,professio
2268 569 2351 615 est
2378 559 2659 615 desinendi
2682 559 2794 632 (Ita
2820 562 2960 634 infra
2985 562 3038 616 in
3058 579 3136 635 ps.
3162 578 3398 635 cxxxvtt,

1802 661 1856 700 n.
1911 647 1989 718 5).
2047 649 2411 709 Desinendum
2451 668 2582 725 ergo
2628 669 2658 709 a
2714 667 2937 725 peccato
2984 667 3088 725 est,
3145 661 3215 717 ob
3257 660 3402 734 quod

1801 741 2011 808 peccati
2078 754 2255 814 empta
2304 745 2574 803 confessio
2628 755 2730 803 est.
2782 748 3048 806 Cancrum
3107 761 3257 809 extra
3310 770 3404 811 ve-

1802 831 1944 888 niam
1972 843 2076 902 est,
2119 836 2210 903 qui
2239 850 2518 908 peccatum
2545 841 2824 911 cognovit,
2849 857 2950 900 nec
2977 845 3248 916 cognitum
3275 862 3405 905 con-

1801 924 2004 981 litetur.

1870 1018 1925 1074 4.
1944 1017 2332 1078 Intermittenda
2354 1036 2540 1082 nonest
2569 1029 2720 1084 etiam
2727 1030 3404 1101 justi/icatis.-—Confiten-

1799 1107 1928 1166 dum
1949 1121 2130 1168 autem
2150 1128 2368 1186 semper
2381 1127 2502 1176 est:
2529 1135 2632 1174 non
2663 1121 2802 1192 quod
2831 1125 3160 1194 peccandum
3187 1142 3405 1201 semper

1798 1203 1890 1270 sit,
1922 1214 1980 1259 ut
2009 1220 2225 1276 semper
2250 1209 2321 1264 sit
2351 1210 2714 1268 confitendum
2742 1231 2756 1280 ;
2785 1215 2881 1272 sed
2925 1219 3048 1289 quia
3081 1222 3286 1290 peccati
3309 1238 3404 1278 ve-

1801 1295 1932 1353 teris
1959 1307 2014 1354 et
2043 1299 2246 1371 antiqui
2280 1302 2349 1374 (f)
2394 1303 2542 1360 utilis
2571 1306 2641 1360 sit
2673 1305 2942 1364 indefessa
2973 1310 3268 1369 confessio.
3295 1313 3403 1369 Do-

1799 1398 1889 1447 cet
1917 1403 2094 1448 autem
2124 1392 2360 1464 Spiritus
2380 1407 2598 1452 sanctus
2623 1413 2838 1470 semper
2865 1401 3254 1474 confitendum,
3277 1422 3403 1465 cum

1797 1486 1874 1541 ait
1897 1504 1992 1558 per
2022 1487 2385 1559 PrOphelam:
2427 1490 2611 1547 Justus
2641 1494 2749 1566 ipse
2800 1496 2897 1550 sibi
2946 1509 3215 1555 accusator
3250 1513 3322 1556 est
3348 1503 3405 1558 in

1798 1580 1966 1651 primo
2019 1598 2249 1637 sermone
2291 1600 2384 1638 suo
2413 1583 2598 1653 (Prov.
2635 1602 2785 1654 xvm,
2822 1589 2930 1662 17).
2978 1591 3165 1648 Justus
3205 1609 3312 1650 non
3342 1609 3404 1652 se

1797 1685 1864 1726 ex
1897 1674 2273 1742 pratseutibtts,
2301 1675 2396 1731 sed
2443 1692 2506 1732 ex
2547 1681 2837 1747 prmteritis
2866 1693 3118 1739 accusat:
3151 1687 3235 1742 cui
3258 1687 3402 1744 enim

1797 1765 1951 1820 adest
1973 1768 2319 1837 praesentium
2351 1771 2646 1838 accusatio,
2665 1772 2796 1840 justi
2827 1789 3019 1831 nomen
3035 1776 3196 1851 55.2
3219 1779 3406 1836 aufer-

96 1851 178 1906 dia
211 1851 305 1924 Dei
334 1852 626 1922 profectam
658 1851 1019 1923 intelligamus
1050 1869 1146 1924 per
1187 1854 1239 1910 id
1268 1855 1413 1925 quod
1451 1856 1649 1912 dicitur
1672 1897 1688 1924 ,
1721 1861 1769 1921 B
1799 1865 1903 1913 tur.
1933 1858 2000 1913 Et
2030 1859 2310 1922 audiamus
2337 1877 2396 1917 se
2423 1864 2728 1933 apostolum
2756 1865 2976 1922 Paulum
3016 1884 3082 1924 ex
3113 1872 3404 1940 prteteritis

96 1946 256 2003 Vens.
292 1949 315 2003 1
353 1963 365 2000 :
395 1946 719 2018 Conﬁtemini
752 1947 974 2003 Domino
1001 1965 1020 2003 :
1047 1951 1291 2019 quoniam
1320 1949 1506 2018 bonus,
1555 1969 1690 2023 quo-

95 2042 230 2098 niam
249 2043 306 2096 in
323 2039 518 2096 saecula
549 2041 900 2096 misericordia
929 2043 1060 2111 ejus.

160 2137 214 2192 3.
236 2133 500 2207 Confessio
522 2133 1002 2207 duplex.Confessio
1031 2135 1226 2207 peccati
1251 2134 1699 2208 quid.Professio~

93 2243 205 2282 nem
229 2226 377 2281 habet
398 2225 928 2283 desinendi—Vens.
956 2228 1005 2282 1.
1025 2226 1103 2282 Ac
1121 2228 1350 2298 primunt
1375 2228 1428 2283 in
1460 2243 1526 2284 co
1553 2228 1697 2298 quod

91 2319 161 2376 ita
198 2330 432 2392 coeptum
463 2329 579 2388 est,
609 2320 926 2390 conﬁtemini
956 2319 1199 2389 Domino,
1227 2322 1460 2392 duplicis
1486 2323 1700 2379 intelli-

87 2418 282 2486 gentia:
307 2416 629 2488 significatio
641 2415 891 2472 affertur:
913 2424 970 2471 ut
989 2425 1080 2470 aut
1098 2415 1265 2471 Deum
1295 2416 1346 2470 in
1361 2415 1699 2475 confessione

86 2510 400 2578 laudemus,
420 2510 544 2581 quia
577 2510 774 2577 bonus,
806 2509 931 2580 quia
979 2509 1349 2566 misericordia
1378 2509 1495 2580 ejus
1521 2511 1574 2566 in
1596 2526 1700 2568 sae-

83 2605 210 2660 cula
263 2605 332 2660 sit
363 2620 378 2670 ;
410 2613 502 2659 aut
543 2613 763 2674 peccata
801 2612 983 2658 nostra
1028 2601 1381 2658 confiteamur
1413 2600 1489 2676 (b)
1521 2603 1592 2669 ei,
1627 2602 1698 2659 ab

79 2714 150 2754 eo
210 2697 531 2768 indulgenda
575 2698 699 2769 quia
751 2697 926 2752 bonus
953 2707 1056 2762 est,
1085 2707 1144 2754 et
1184 2698 1339 2767 cujus
1382 2697 1697 2756 indeficiens

78 2789 460 2846 misericordia
515 2790 606 2845 sit.
660 2789 959 2861 Utrumque
1013 2799 1218 2846 natura:
1250 2799 1450 2846 nostra:
1500 2805 1698 2847 conve-

80 2883 242 2940 niens
267 2895 386 2950 est;
413 2893 472 2939 ut
493 2891 548 2939 et
575 2897 698 2940 eum
725 2884 790 2938 ad
820 2884 974 2954 cujus
1002 2884 1365 2956 cognitionem
1419 2886 1699 2940 nascimur

83 2975 394 3042 laudemus,
419 2975 591 3042 etei,
635 2975 727 3046 qui
775 2974 946 3029 bonus
975 2983 1030 3030 et
1074 2974 1383 3031 misericors
1411 2977 1462 3031 itt
1492 2977 1694 3034 srecula

84 3067 176 3136 sit,
195 3067 550 3124 confitcamur
564 3076 784 3139 peccata
804 3067 904 3122 sub
933 3067 1204 3138 agnitione
1227 3071 1452 3140 peccati.
1481 3070 1550 3144 (c)
1576 3070 1693 3127 Non

85 3162 231 3218 enim
276 3163 547 3219 confessio
595 3173 699 3228 est,
751 3162 859 3218 Deo
901 3163 988 3231 qui
1041 3162 1170 3217 nihil
1223 3165 1436 3234 ignorat
1462 3178 1523 3217 ea
1571 3178 1694 3234 quae

1799 1962 2139 2021 arguentem,
2171 1968 2292 2009 cum
2316 1954 2393 2009 ait
2422 1971 2436 2009 :
2467 1955 2602 2021 Quia
2623 1973 2724 2010 non
2741 1975 2853 2012 sum
2877 1957 3062 2029 dignus
3083 1961 3254 2015 vocari
3279 1979 3408 2034 apo-

1799 2042 1986 2110 stolus,
2020 2056 2228 2114 propter
2273 2046 2412 2115 quod
2458 2059 2755 2119 persecutus
2803 2067 2916 2104 sum
2952 2048 3238 2108 Ecclesium
3286 2051 3406 2109 Dei.

1800 2131 1983 2189 Gratia
2024 2145 2194 2192 autem
2242 2136 2338 2192 Dei
2375 2155 2488 2193 sum
2516 2139 2572 2192 id
2599 2141 2736 2211 quod
2765 2158 2875 2196 sum
2918 2142 2959 2213 (Ι
3002 2142 3122 2199 Cor.
3174 2161 3262 2212 xv,
3299 2145 3332 2202 9
3359 2152 3407 2200 et

1802 2225 1916 2294 10).
1944 2227 2070 2282 llaec
2095 2238 2178 2284 est
2203 2227 2294 2283 illa
2318 2229 2447 2298 justi
2482 2231 2580 2285 viri
2617 2248 2741 2287 vera
2784 2235 3072 2304 confessio,
3104 2236 3406 2307 qurejusti-

1803 2319 1929 2374 tiam
1947 2331 2268 2391 prtesentem
2309 2337 2378 2378 ex
2409 2323 2807 2392 prmteritornm
2837 2327 3169 2383 conscientia
3197 2337 3253 2384 et
3274 2344 3406 2384 con-

1800 2413 2036 2470 fessione
2065 2416 2430 2471 commendat.
2459 2416 2541 2472 Ad
2584 2433 2742 2488 quam
2776 2430 2828 2474 et
2856 2421 2989 2476 alibi
3039 2437 3132 2492 per
3172 2423 3409 2494 prophe-

1802 2516 1908 2562 tam
1962 2522 2248 2563 moncmur
2276 2526 2288 2561 :
2319 2506 2594 2575 Con/itere,
2628 2510 2819 2581 inquit,
2851 2524 3058 2584 peccata
3107 2525 3196 2569 tua
3245 2517 3408 2588 prior,

1802 2610 1860 2653 ut
1898 2601 2206 2673 justi/Fceris
2237 2597 2410 2671 (Esai.
2466 2617 2614 2671 xutt,
2648 2602 2766 2676 26).
2821 2605 2904 2660 Ad
2955 2605 3095 2664 hanc
3121 2623 3249 2680 ergo
3275 2625 3408 2665 con-

1800 2689 2092 2747 fessionem
2124 2693 2179 2747 in
2208 2691 2414 2762 psalmo
2438 2710 2695 2750 vocamur
2723 2715 2737 2750 :
2763 2698 3005 2764 quoniam
3053 2697 3239 2767 bonus,
3274 2716 3405 2772 quo-

1799 2785 1942 2839 niam
1986 2786 2042 2840 in
2092 2785 2340 2842 sceculutn
2368 2788 2719 2844 misericordia
2739 2793 2851 2864 ejus
2874 2808 2894 2858 ;
2919 2791 3281 2850 confessionis
3307 2811 3406 2852 no.

1799 2886 1928 2934 stra:
1949 2879 2093 2935 hunc
2118 2880 2451 2950 impensiore
2480 2883 2714 2938 maxime
2741 2883 2846 2938 fide
2889 2883 2986 2957 (al.
3029 2884 3151 2942 ﬁdei
3183 2885 3405 2961 fiducia)

1801 2971 2134 3040 invocantes,
2167 2972 2292 3043 quia
2317 2973 2404 3028 cui
2443 2974 2788 3042 confitemur,
2807 2983 2864 3032 et
2895 2975 3070 3032 bonus
3099 2987 3202 3048 est,
3225 2988 3281 3035 et
3311 2995 3410 3037 ne-

1797 3063 1900 3119 scit
1927 3064 2237 3120 misericors
2259 3079 2383 3120 esse
2411 3065 2681 3123 desinere.

1869 3158 1921 3213 5.
1948 3156 2088 3213 Deus
2136 3158 2366 3224 deorum,
2394 3159 2447 3211 id
2491 3168 2586 3223 est.
2648 3159 2927 3217 beatorum.
2961 3161 3158 3220 Gloria:
3203 3175 3410 3222 (eterna

83 3257 321 3328 gesseris
351 3255 596 3314 confiteri
648 3257 816 3326 :quia
862 3257 1204 3312 confessione
1249 3257 1348 3312 ista
1397 3257 1540 3312 Deus
1589 3272 1696 3312 non
1724 3261 1771 3326 ο
1803 3252 2028 3306 maxima
2080 3268 2238 3306 causa
2290 3251 2389 3306 Dei
2427 3252 2799 3308 misericordia.
2851 3285 2922 3296 —
2948 3256 3112 3313 Vens.
3145 3257 3200 3311 2.
3228 3255 3407 3329 Conﬁ-

83 3359 244 3420 eget,
300 3349 452 3420 cujus
515 3348 805 3420 cognitioni
856 3349 986 3404 nihil
1039 3349 1307 3404 occultum
1364 3359 1444 3404 est
1475 3391 1490 3416 ,
1543 3349 1698 3419 cujus

87 3440 165 3515 (ά)
186 3441 355 3498 aditui
379 3441 512 3497 nihil
541 3442 739 3497 invium
762 3451 865 3509 est,
895 3442 1048 3511 cujus
1073 3443 1252 3498 virtuti
1281 3441 1410 3497 nihil
1436 3442 1698 3513 reliquum

85 3543 189 3601 est,
222 3543 377 3591 extra
408 3551 566 3606 quem
595 3536 747 3591 locus
779 3536 957 3591 nullus
1003 3545 1104 3592 est.
1138 3535 1244 3592 Sed
1294 3535 1564 3593 confessio
1593 3545 1698 3606 est,

85 3627 160 3684 rei
178 3628 391 3684 scilicet
417 3627 535 3698 ejus
557 3627 628 3700 (ε)
655 3644 774 3699 quae
805 3629 1148 3701 ignorabatur
1171 3631 1410 3700 professa
1439 3630 1696 3702 cognitio,

85 3735 146 3776 ex
174 3722 402 3778 alterius
435 3721 621 3793 judicii
665 3723 918 3793 opinione
966 3727 1019 3779 in
1063 3723 1285 3780 alterius
1316 3725 1688 3797 intelligentiae

84 3815 377 3884 proficiens
422 3817 764 3871 sententiam.
801 3815 943 3872 Utile
975 3817 1120 3872 enim
1171 3817 1273 3874 sibi
1303 3833 1367 3873 ac
1385 3818 1684 3890 jucundum

85 3909 318 3980 quisque
365 3923 487 3965 esse
515 3920 670 3965 antea
720 3908 1145 3977 existimaverat,
1197 3925 1407 3980 rapere,
1453 3911 1684 3980 ctedere,

85 4001 280 4071 furari,
331 4001 631 4073 superbire,
691 4009 876 4072 potare
908 4041 922 4066 ,
977 4001 1242 4057 scortari:
1282 4003 1377 4057 sed
1432 4003 1522 4060 ubi
1572 4002 1689 4059 hinc

85 4096 268 4151 omnia
310 4102 526 4151 :eternx:
577 4093 904 4150 damnationi
958 4092 1195 4149 obnoxia
1255 4107 1378 4150 esse
1405 4093 1682 4165 cognovit,

156 4319 236 4396 (a)
267 4319 398 4390 Reg.
418 4333 536 4396 Διῐιε.
565 4332 688 4374 cum
719 4315 922 4396 [ut-on.
956 4325 1002 4370 et
1025 4315 1368 4388 intelligentia
1393 4331 1572 4371 eorum
1599 4333 1690 4372 co-

90 4388 236 4464 piosa
267 4388 380 4465 quin
395 4392 531 4446 dicta
556 4397 694 4445 sunt.
727 4388 933 4456 Plures,
961 4396 1068 4444 etc.

159 4487 238 4560 (b)
272 4483 601 4566 Vocabulum
633 4483 680 4537 ei
719 4481 881 4566 deest
900 4481 952 4536 in
982 4480 1245 4566 vulgatis:
1290 4490 1414 4566 post
1459 4480 1603 4566 quod
1639 4481 1690 4564 in

87 4552 350 4630 regl'ms.
379 4570 442 4612 ac
466 4555 669 4630 Turon.
715 4552 957 4630 sequitur
996 4553 1114 4624 quia
1145 4552 1308 4608 bonus
1339 4563 1435 4620 est,
1469 4553 1689 4609 omissis

91 4625 273 4689 verbis
289 4628 352 4683 ab
380 4645 442 4684 eo
462 4625 803 4698 indulgendo.

160 4724 236 4799 (c)
272 4725 329 4779 ln
359 4721 590 4805 vulgatis
615 4763 630 4786 ,
683 4735 784 4774 non
824 4718 960 4773 enim
995 4719 1299 4802 necessaria
1329 4726 1404 4772 est
1432 4717 1686 4805 confessio

90 4790 317 4866 Deo'qui
365 4790 494 4849 nihil
538 4793 774 4866 ignoretL
785 4800 839 4844 ut
859 4807 918 4844 ea
975 4805 1087 4861 qua:
1110 4790 1684 4866 gesseris_conﬁt_earis.

92 4859 578 4938 Quia'professione'
609 4865 704 4918 ista
717 4861 872 4938 _l_)eus
898 4859 1000 4938 non
1037 4859 1166 4933 eget,
1196 4871 1300 4917 etc.
1333 4859 1494 4938 lectio
1527 4862 1693 4918 inter-

89 4933 268 5011 polata
299 4933 360 4994 et
397 4945 672 5011 corrupta.
717 4933 837 5011 Nec
856 4933 1050 5011 melior
1068 4942 1296 5011 esthuae
1345 4933 1396 5011 in
1428 4948 1557 5011 reg.
1583 4949 1686 4988 ms.

89 5001 397 5078 cxltibetur,
426 5024 528 5062 non
551 5001 684 5062 enim
711 5005 964 5076 confessio
985 5015 1056 5058 est
1082 5021 1114 5058 a
1140 5001 1250 5057 Deo
1275 5004 1365 5075 qui
1387 5001 1518 5058 nihil
1541 5007 1690 5076 igno-

89 5096 186 5154 ret,
232 5081 322 5137 sed
348 5080 570 5154 proprie
616 5078 843 5154 hominis
863 5086 938 5130 est
958 5092 1017 5130 ea
1031 5091 1151 5154 qua:
1187 5079 1404 5154 gesseris
1433 5078 1686 5143 conﬁteri.

91 5147 418 5211 lntermed'ia
439 5147 527 5207 illa
556 5148 843 5214 verba,sed
865 5149 1070 5219 praprie
1093 5147 1313 5202 hominis
1347 5156 1440 5214 est,
1472 5155 1690 5203 exstant

89 5225 399 5298 quoquehi
441 5221 772 5298 ms._'l‘uron.
795 5231 990 5298 cetera
1021 5220 1392 5298 consentiente
1429 5233 1551 5298 cum
1590 5219 1687 5273 Mi-

90 5289 350 5356 éiacénsi,
371 5294 525 5366 cujus
551 5292 833 5366 lectionem
851 5293 925 5366 uti
948 5290 1295 5366 sinceriorem
1325 5289 1680 5366 praeferimus.

89 5368 254 5426 Certe
283 5361 518 5423 Hilarius
549 5365 635 5420 hic
659 5379 762 5418 non
793 5361 1152 5418 confessionis
1181 5361 1563 5418 necessitatem
1591 5377 1686 5417 ex-

91 5440 277 5511 plicat,
305 5437 402 5496 sed
449 5446 738 5515 naturam:
781 5449 940 5504 quam
975 5447 1080 5487 non
1113 5434 1165 5488 itt
1219 5448 1286 5515 eo
1316 5434 1473 5515 sitam
1500 5432 1682 5501 docet,

90 5506 149 5568 ut
169 5506 281 5568 Deo
309 5521 432 5566 nota
459 5507 580 5580 quis
611 5506 770 5562 faciat
794 5517 1012 5580 peccata
1042 5519 1161 5580 sua,
1187 5506 1281 5560 sed
1302 5513 1355 5580 ιιι
1376 5506 1489 5574 ipse
1519 5519 1686 5580 agno-

90 5596 209 5640 scat
232 5592 450 5648 peccata
477 5576 541 5636 ea
573 5593 715 5642 esse,
754 5587 809 5632 et
845 5577 1093 5648 fugienda
1121 5592 1239 5648 qua:
1270 5576 1417 5646 prius
1443 5576 1686 5632 sectaba-

93 5667 204 5712 tur.
232 5647 384 5712 Unde
411 5663 464 5708 et
503 5651 746 5721 proxime
776 5649 975 5721 aiebat,
1017 5657 1072 5702 ut
1097 5647 1432 5721 conﬁteamur
1457 5658 1690 5721 peccata,

93 5744 207 5784 non
234 5719 759 5798 quomodocumque,
792 5719 887 5776 sed
917 5722 1009 5776 sub
1037 5720 1298 5792 agnitione
1323 5719 1540 5790 peccati.

166 5821 252 5895 (ά)
273 5822 422 5897 Lips.
456 5828 509 5875 et
537 5811 1200 5897 Par.nlt3_rasmumusecuti,
1233 5813 1480 5897 auditui:
1507 5820 1697 5897 comntra

92 5884 625 5953 veterum'lihrorutn
659 5887 818 5944 fidem
841 5895 894 5945 et
921 5884 1246 5943 llilarianam
1277 5884 1537 5958 phrasim.
1561 5884 1699 5942 Tum

1802 3343 1976 3397 temini
2003 3342 2109 3396 Deo
2137 3343 2348 3398 deorunt
2375 3359 2396 3409 ;
2424 3345 2680 3413 quoniam
2716 3345 2770 3400 in
2817 3349 3009 3401 stecula
3056 3348 3410 3404 misericordia

1801 3437 1934 3509 ejus.
1991 3434 2058 3491 Ut
2097 3434 2151 3490 in
2184 3433 2491 3506 Evangeliis
2547 3435 2901 3507 responsione
2939 3438 3149 3494 Domini
3176 3438 3244 3495 ad
3268 3439 3407 3496 Sad-

1802 3528 2019 3584 ducaeos
2048 3527 2331 3595 docemur,
2365 3543 2470 3583 non
2518 3539 2603 3584 est
2650 3528 2791 3585 Deus
2819 3539 3180 3596 mortuorum,
3206 3533 3301 3589 sed
3329 3533 3410 3590 vi-

1806 3638 1998 3680 vorum
2032 3621 2247 3696 (Matth.
2281 3639 2411 3692 xxtt,
2457 3622 2550 3696 ’52)
2581 3640 2594 3678 :
2630 3639 2728 3695 per
2755 3639 2915 3696 quem
2947 3634 3003 3682 et
3035 3627 3236 3684 dictum
3275 3637 3358 3686 est
3387 3643 3405 3688 :

1795 3716 1909 3791 Ego
1940 3717 2070 3784 dixi,
2109 3717 2194 3771 Dii
2219 3717 2362 3783 estis,
2387 3726 2435 3782 et
2493 3718 2588 3786 ﬁlii
2642 3716 2852 3776 Επειεὶ
2898 3737 3072 3778 omnes
3122 3720 3304 3793 (Joan.
3341 3739 3404 3795 ι,

1793 3814 1908 3885 54).
1939 3812 2054 3868 Νοη
2081 3810 2331 3884 dignatur
2357 3811 2496 3868 Dens
2521 3814 2950 3883 corruptibilium
2973 3826 3026 3871 et
3051 3814 3126 3891 (g)
3155 3825 3407 3873 mortuo-

1790 3921 1909 3961 rum
1943 3906 2083 3962 Deus
2109 3920 2233 3961 esse
2261 3921 2279 3960 :
2305 3905 2400 3961 sed
2431 3920 2618 3961 eorum
2652 3907 2742 3978 qui
2781 3908 2834 3964 itt
2873 3908 3151 3966 cmlestem
3173 3911 3404 3982 gloriam

1795 3996 2242 4063 transformandi,
2275 3998 2425 4053 exuti
2454 4009 2639 4054 vetere
2685 3999 2904 4056 homine
2933 4010 3175 4069 terreno,
3206 4017 3404 4060 novum

1793 4089 1886 4162 qui
1917 4089 1969 4144 in
1992 4087 2148 4146 cmlis
2185 4087 2498 4154 induerunt,
2531 4088 2623 4159 qui
2670 4090 2976 4148 conformes
3003 4099 3167 4148 erunt
3191 4093 3410 4164 corpori

1799 4315 1852 4370 in
1881 4329 1994 4386 reg.
2026 4327 2128 4370 ms.
2161 4315 2310 4387 cujus
2338 4312 2510 4368 uirtuti
2538 4312 2671 4368 nihil
2695 4315 3001 4387 inreliquunt
3031 4327 3124 4375 est.

1869 4408 1942 4481 (ε)
1995 4407 2153 4480 Αριιά
2213 4409 2365 4475 Pan,
2416 4425 2532 4480 qua:
2573 4409 2843 4481 igngratur
2877 4455 2890 4476 ,
2940 4416 3407 4476 consentientibus

1796 4479 1930 4556 mss.
1953 4479 2275 4556 exquibus
2314 4479 2560 4556 proxime
2588 4479 2890 4556 adiecimus
2933 4487 3252 4556 particulam
3299 4492 3403 4546 sci-

1794 4553 1931 4608 licet.
1949 4552 2047 4609 Hic
2077 4567 2291 4608 rursum
2328 4555 2568 4608 declarat
2596 4552 2837 4610 Hilarius
2857 4552 3258 4616 confessionem
3279 4577 3404 4620 esse

1795 4626 2153 4698 przeconcepti
2199 4625 2267 4680 de
2297 4625 2560 4698 regaliqua
2595 4623 2715 4680 falsi
2740 4625 2926 4693 judicii
2959 4630 3254 4698 professum
3288 4649 3406 4689 mu-

1793 4693 2447 4772 tatrionem_.‘_Nemo_enim,
2476 4693 2652 4768 inquit
2674 4699 2725 4750 in
2750 4711 2833 4766 ps.
2857 4693 3096 4772 cxx'xm,
3121 4718 3176 4756 n.
3195 4702 3408 4772 λωιοά

1716 4779 1770 4840 D
1793 4771 1921 4853 agit,
2045 4768 2102 4853 id
2128 4769 2381 4853 figendum
2408 4785 2508 4852 non
2538 4777 2626 4822 aut
2663 4770 3216 4853 [ructupblectationis
3243 4768 3407 4853 alicu-

1788 4843 1908 4912 jus,
1935 4851 2025 4895 aut
2037 4839 2241 4913 judicio
2271 4839 2418 4895 bona:
2463 4841 2516 4893 in
2543 4855 2600 4894 eo
2629 4840 2890 4915 opinionis
2916 4846 3213 4915 aggreditur
3244 4861 3264 4901 :
3284 4847 3409 4904 dum

1797 4859 1908 4912 1118,
1935 4859 2241 4913 autjuatcw
2271 4859 2418 4895 υοηαξ
2463 4859 2516 4893 m
2543 4859 2600 4894 ea
2629 4859 2890 4908 opmtonts
2916 4859 3213 4968 aggreditur
3244 4861 3264 4901 ἔ
3284 4859 3409 4904 dum

1797 4923 1888 4966 aut
1911 4921 2105 4967 rectum
2151 4921 2318 4982 putat,
2348 4921 2438 4966 aut
2458 4927 2517 4966 eo
2565 4911 2781 4982 gaudet.
2828 4913 2940 4968 Con
2965 4915 3182 4974 essione
3226 4928 3409 4977 autem

1796 4984 2039 5056 agnoscit
2091 4981 2318 5055 quisque
2347 4998 2410 5038 ac
2457 4981 2741 5056 profitetur
2773 4981 2849 5052 id,
2892 4986 3038 5056 quod
3081 4999 3287 5046 rectum
3314 4999 3410 5048 aut

1792 5055 2095 5128 jucundum
2119 5065 2174 5110 et
2205 5056 2334 5111 utile
2372 5055 2713 5128 opinabatur,
2757 5055 2998 5128 iniquum
3027 5074 3172 5128 esse,
3209 5063 3412 5119 malum

1797 5142 1861 5183 ac
1893 5126 2256 5254 pernigiosum
2289 5144 2302 5180 :
2336 5126 2580 5198 adeoque
2607 5126 3204 5196 priorem'sententiam
3234 5141 3412 5191 mutat

1797 5208 1850 5254 et
1881 5215 2039 5254 emen
2083 5209 2160 5253 at.

1795 5208 1850 5254 et
1881 5208 2160 5255 emendat.

1867 5289 1937 5368 (ο
1965 5287 2020 5343 In
2062 5290 2214 5368 regio
2238 5288 2426 5347 codice
2466 5303 2530 5345 ac
2559 5287 2764 5346 Turon.
2808 5300 2925 5368 tuta
2965 5292 3063 5348 sibi
3096 5294 3183 5350 sit.
3235 5295 3408 5368 Hujus

1792 5359 1940 5417 modi
1971 5359 2249 5416 confessio
2284 5377 2403 5416 vera
2433 5371 2778 5431 nuncupatur
2807 5363 2862 5419 in
2893 5379 2978 5433 ps.
3025 5379 3214 5433 cxvnt,
3248 5359 3402 5425 nu'm.

1790 5433 1880 5499 15,
1909 5434 2030 5502 quia
2060 5447 2179 5488 vera
2202 5435 2396 5503 peccati
2429 5434 2684 5505 confessio
2735 5445 2830 5499 est,
2874 5436 2984 5490 sine
3029 5436 3412 5497 intermissione

1791 5505 2036 5574 temporis
2094 5505 2354 5584 paenitere.
2387 5505 2508 5584 Quo
2556 5520 2622 5561 ex
2678 5505 2800 5561 loco
2857 5521 3067 5584 necnon
3134 5525 3201 5566 ex
3246 5520 3409 5570 tract.

1795 5590 1878 5653 ps.
1915 5591 2101 5641 cxuv,
2139 5593 2193 5631 η.
2228 5577 2728 5653 18_,_contirmatur,
2754 5576 2898 5653 quod
2940 5576 3358 5640 observavimus
3386 5625 3404 5653 ,

1805 5647 2122 5726 plerumque
2149 5648 2292 5718 apud
2339 5647 2601 5703 Hilarium
2658 5649 3266 5726 confessionisnomine
3294 5647 3408 5726 ι)ωὲ

1806 5719 2092 5776 nitentiam
2125 5727 2292 5776 totant
2318 5729 2374 5778 et
2401 5734 2508 5777 non
2542 5726 2750 5791 partem
2799 5720 2969 5790 ipsius
2996 5719 3312 5796 significari:

1883 5809 1960 5884 (g)
1986 5811 2047 5870 In
2073 5811 2328 5887 vulgatis,
2346 5811 2644 5870 mortalium
2666 5827 2687 5868 :
2717 5810 2848 5870 falsa
2863 5813 3046 5872 lectio.
