3896 6336
606 339 715 396 775

1801 335 2044 394 SANCTI
2085 333 2344 390 IIILARII
2382 334 2686 392 EPISCOPI
3747 346 3814 404 πθ

609 452 1018 524 temperationis
1040 466 1154 508 sure
1183 451 1375 521 spiritu
1395 449 1696 506 transfusus
1720 459 1772 506 et
1797 461 2086 520 penetrans
2110 450 2199 514 sit,
2232 448 2276 508 A
2308 448 2573 517 Rubrum,
2603 449 2654 504 id
2684 457 2812 516 est,
2847 463 2943 519 per
2967 448 3214 519 ejusdem
3237 448 3393 521 hujus
3419 453 3592 509 saeculi
3637 458 3812 517 turbidas

607 545 768 600 ducet
810 544 1077 614 Propheta
1120 544 1348 598 dicens:
1393 543 1620 613 Spiritus
1650 542 1748 597 Dei
1777 544 1984 614 replevit
2027 543 2197 597 orbem

606 647 859 692 terrarum
891 636 1047 707 (Sop.
1084 652 1136 702 l,
1165 636 1219 705 7)
1249 654 1262 702 ;
1320 652 1416 706 per
1445 635 1588 706 quod
1623 636 1766 691 intus
1815 647 1976 706 alque
2007 644 2155 692 extra
2179 676 2195 702 ,

603 727 808 784 ambitu
837 738 998 799 atque
1026 727 1194 793 aditu,
1239 736 1294 784 ct
1317 728 1674 784 circumfusus
1703 739 1758 785 et
1788 728 2088 785 transfusus
2109 741 2199 783 os-

604 821 863 876 tenditur.

674 913 762 968 12.
785 912 937 982 Quod
965 921 1142 970 autem
1173 922 1315 969 terra
1344 928 1448 969 non
1471 913 1542 968 sit
1570 913 1621 968 in
1649 928 1809 969 unam
1841 912 2086 968 demersa
2112 927 2195 967 re-

597 1002 836 1075 gionem,
867 1015 1265 1076 consequenter
1295 1005 1529 1076 Spiritus
1555 1016 1773 1062 sanctus
1803 1005 2074 1069 ostendit,
2116 1003 2198 1059 di-

595 1113 749 1166 cens,
775 1098 939 1156 Vsus.
965 1099 999 1155 6
1027 1117 1040 1154 :
1072 1101 1173 1168 Qui
1199 1100 1417 1170 ﬁrmavit
1442 1110 1632 1155 terram
1659 1117 1816 1172 super
1836 1117 1995 1170 aquas
2025 1116 2044 1154 :
2065 1115 2195 1170 quoo

596 1193 740 1248 niam
760 1193 814 1247 in
835 1194 1079 1249 saeculum
1099 1194 1450 1249 misericordia
1478 1196 1610 1267 ejus.
1629 1193 1804 1250 Altius
1832 1209 1931 1250 nos
1951 1207 2196 1264 quaerere

598 1289 738 1344 ratio
768 1296 1028 1345 tractatus
1084 1289 1368 1360 praesentis
1397 1299 1454 1346 et
1476 1289 1578 1345 loci
1631 1304 1736 1345 non
1764 1289 1913 1344 sinit.
1940 1289 2082 1344 Satis
2102 1287 2194 1356 sit,

599 1389 797 1436 terram
830 1395 991 1451 super
1015 1397 1181 1451 aquas
1219 1381 1453 1452 pendula
1482 1381 1734 1438 ﬁrmitate
1755 1380 2055 1436 consistere
2080 1421 2094 1445 ,
2127 1395 2195 1436 ex

594 1472 911 1544 prophetica
960 1474 1282 1530 auctoritate
1332 1473 1605 1541 didicisse,
1657 1473 2014 1529 inumbratam
2071 1471 2194 1528 cteli

599 1566 1006 1637 temperationis
1031 1568 1274 1632 obtentu,
1307 1567 1381 1640 (a)
1410 1568 1510 1623 hoc
1540 1568 1903 1636 ﬁrmamento,
1933 1566 2076 1640 quod
2103 1583 2198 1623 ex-

596 1667 810 1717 tensum
835 1672 1104 1733 tamquam
1129 1661 1304 1732 pellis,
1337 1661 1686 1717 etsolidatum
1703 1672 1970 1732 tamquam
1995 1659 2193 1724 fumus,

594 1769 764 1825 aquas
800 1769 1064 1826 supernas
1116 1754 1463 1825 infernasque
1491 1754 1781 1812 discernat.
1833 1754 1992 1810 Certe
2039 1753 2195 1825 aquis

2303 551 2465 597 aestus
2489 553 2541 597 et
2562 541 2884 597 ﬂuctuantes
2909 551 3086 597 motus
3109 542 3474 609 transibimus,
3498 547 3547 598 in
3569 563 3666 616 quo
3688 551 3812 620 plures

2300 638 2366 693 ad
2391 639 2492 693 iter
2515 637 2810 693 divisiones
2832 646 2976 694 sunt.
3007 638 3144 694 Aliis
3170 640 3314 695 enim
3340 656 3430 708 per
3445 640 3634 710 jejunis
3652 645 3732 699 iter
3745 661 3810 715 et,

2299 731 2421 787 aliis
2462 748 2557 803 per
2586 732 2916 802 pudicitiam,
2941 732 3063 788 aliis
3092 748 3190 804 per
3215 734 3628 806 eleemosynam,
3675 755 3749 806 per
3776 747 3813 795 1ο

2299 825 2442 891 dem,
2460 841 2556 896 per
2581 841 2752 896 spem,
2780 841 2877 896 per
2905 827 3249 884 eharitatem.
3281 826 3349 882 Et
3379 827 3492 883 haec
3516 830 3678 884 omnia
3699 832 3813 889 diva-

2298 933 2390 974 sas
2420 933 2643 975 necesse
2664 930 2747 974 est
2769 919 3001 975 habeant
3024 919 3321 977 divisiones
3353 921 3508 992 hujus
3535 924 3681 980 maris
3699 935 3806 984 trans

2299 1015 2484 1081 eundi,
2509 1014 2761 1070 omnibus
2790 1022 2972 1070 tamen
3001 1029 3096 1085 per
3129 1016 3226 1070 has
3247 1015 3453 1071 viarum
3481 1016 3812 1076 divisionesiter

2301 1109 2485 1164 saeculi
2518 1110 2844 1164 transituris.

2373 1202 2460 1258 15.
2491 1201 2619 1268 Qua:
2639 1203 2917 1276 redemptio
2939 1204 3022 1258 hic
3046 1214 3279 1260 canatur.
3296 1237 3368 1247 —
3397 1205 3672 1262 Conclusio
3692 1220 3809 1265 ante:

2301 1295 2490 1366 psalmi
2515 1338 2530 1361 ,
2583 1305 2642 1350 ut
2694 1298 2808 1352 hare
2833 1298 3014 1352 omnia
3043 1298 3113 1353 de
3144 1298 3340 1354 futuris
3369 1299 3726 1370 intelligantur,
3747 1318 3811 1356 ita»

2295 1386 2417 1457 jorc
2448 1387 2551 1442 lide
2573 1388 2770 1455 lirmat,
2801 1405 2921 1444 cum
2951 1392 3044 1455 ait,
3080 1389 3247 1445 Vens.
3271 1389 3447 1447 25—26
3478 1409 3490 1443 :
3522 1389 3586 1444 In
3614 1393 3812 1446 humilius:

2300 1490 2476 1535 nostra
2498 1497 2693 1536 memor
2719 1483 2817 1553 fuit
2847 1484 3008 1537 nostri
3061 1481 3316 1539 Dominus
3349 1501 3369 1538 :
3392 1485 3632 1555 questions
3651 1487 3693 1539 in
3711 1503 3811 1540 secto

2301 1575 2410 1629 lum
2435 1576 2787 1630 misericordia
2816 1579 2950 1644 ejus.
3003 1575 3070 1631 Et
3098 1579 3316 1633 redemit
3347 1595 3443 1633 nos
3463 1580 3528 1633 de
3555 1597 3690 1633 manu
3708 1581 3812 1634 isis?

2299 1683 2476 1721 corum
2505 1679 2794 1723 nostrorum
2835 1685 2854 1724 :
2880 1672 3120 1740 quoniam
3163 1673 3219 1725 in
3266 1672 3516 1727 saeculum
3556 1673 3810 1727 misericordi:

2299 1761 2410 1830 ejus
2433 1775 2452 1813 :
2482 1760 2584 1828 Qui
2611 1761 2700 1816 dat
2726 1779 2891 1816 escam
2921 1764 3058 1817 omni
3084 1765 3230 1818 carni
3259 1780 3277 1818 :
3304 1766 3550 1834 quoniam
3578 1767 3627 1818 in
3650 1768 3809 1820 senisu

593 1848 884 1918 pendulam
917 1847 1204 1917 contineri,
1252 1859 1307 1906 et
1339 1851 1392 1904 in
1441 1849 1544 1906 hoc
1568 1891 1584 1918 ,
1638 1850 1793 1906 sicuti
1839 1850 1892 1904 in
1917 1849 2188 1917 omnibus,
2220 1842 2269 1902 Β
2296 1855 2649 1909 misericordia
2681 1859 2816 1929 ejus.
2867 1855 2947 1928 (d)
2976 1855 3307 1923 Conﬁtemiul
3331 1857 3444 1913 Deo
3475 1858 3622 1923 coeli,

595 1959 658 2000 ea
682 1958 842 2000 causa
883 1953 987 2009 est,
1016 1945 1255 2011 quoniam
1275 1945 1329 1998 in
1358 1945 1600 2000 steculum
1627 1944 1973 2000 misericordia
1999 1944 2127 2015 ejus.

672 2039 761 2092 13.
807 2037 908 2106 Qui
934 2035 1095 2094 Pater
1118 2038 1276 2104 solus,
1310 2055 1402 2093 nec
1449 2049 1616 2093 tamen
1641 2039 1750 2094 sine
1779 2037 1918 2094 Filio
1939 2047 2192 2110 aperetur.

602 2160 675 2172 —
701 2127 759 2185 In
789 2146 854 2186 eo
880 2141 1060 2186 autem
1089 2131 1232 2202 quod
1263 2131 1699 2201 sequitur,VEtts.
1733 2132 1764 2186 7
1798 2149 1811 2184 :
1848 2131 1948 2198 Qui
1968 2133 2085 2200 fecit
2109 2131 2193 2186 lu-

597 2225 818 2282 minaria
836 2241 1023 2297 magna
1043 2226 1182 2281 solus
1209 2243 1222 2278 :
1248 2227 1485 2294 quoniam
1508 2226 1560 2278 in
1582 2225 1828 2281 steculunt
1850 2225 2197 2280 misericordia

600 2321 749 2392 ejus;
773 2333 877 2373 non
907 2317 959 2374 id
989 2318 1389 2388 intelligendum
1417 2327 1520 2384 est,
1569 2327 1628 2374 ut
1671 2330 1823 2374 extra
1863 2318 2193 2389 Sapientiam

599 2420 655 2468 et
682 2410 918 2467 Verbum
943 2422 998 2467 et
1024 2411 1309 2477 Virtutem,
1335 2411 1386 2466 id
1416 2419 1519 2478 est,
1544 2411 1875 2482 unigenitum
1902 2412 2066 2467 Deum
2093 2412 2196 2467 Do-

597 2507 800 2561 minum
819 2515 1062 2564 nostrum
1084 2505 1267 2561 Jesum
1300 2503 1576 2560 Christum
1605 2521 1667 2561 ea
1692 2506 1882 2562 fecisse
1904 2506 2188 2562 credatur:

593 2598 792 2670 quippe
823 2598 910 2669 qui
934 2613 1002 2653 ex
1047 2612 1274 2668 persona
1324 2598 1616 2670 Sapientia:
1646 2598 1842 2655 dixerit
1875 2618 1887 2652 :
1920 2598 2030 2671 Ego
2057 2616 2198 2654 erant

592 2690 733 2764 apud
761 2707 875 2746 eum
903 2688 977 2763 (ὁ)
1007 2689 1283 2762 disponens
1315 2689 1495 2763 (Prov.
1528 2707 1644 2759 vnt,
1693 2689 1812 2764 '50).
1834 2691 1941 2749 Sed
1963 2694 2053 2763 qui
2081 2691 2194 2747 dis-

593 2786 851 2858 ponebat,
883 2787 950 2842 ab
978 2803 1044 2843 eo
1070 2804 1191 2842 cum
1213 2804 1320 2858 quo
1347 2787 1671 2858 disponebat
1693 2795 1750 2842 et
1774 2787 1988 2858 genitus
2016 2796 2072 2844 et
2097 2801 2192 2842 nae

591 2888 679 2935 tus
705 2887 808 2935 est.
862 2879 994 2934 Cum
1025 2879 1189 2953 5&3
1217 2888 1397 2936 autem
1449 2894 1614 2950 opera
1657 2879 1777 2934 Filii
1825 2896 1988 2951 opera
2019 2879 2196 2936 Patris

596 2973 728 3040 sint,
759 2980 816 3028 et
847 2973 1007 3027 Pater
1036 2982 1289 3043 operetur
1317 2972 1370 3028 in
1401 2971 1560 3038 Filio,
1596 2970 1668 3045 (c)
1700 2987 1796 3042 per
1823 2973 1876 3028 id
1905 2973 2049 3044 quod
2074 2973 2150 3028 ait
2177 2990 2192 3027 :

594 3062 756 3118 Pater
781 3065 868 3135 qui
897 3063 950 3118 in
974 3079 1054 3119 me
1079 3074 1185 3132 est,
1213 3066 1321 3136 ipse
1367 3080 1524 3136 Opera
1548 3081 1640 3120 sua
1666 3066 1790 3137 facit
1837 3064 2036 3134 (Joan.
2079 3081 2192 3133 xw,

596 3155 691 3230 10)
722 3172 737 3222 ;
768 3163 824 3212 et
851 3169 1062 3211 rursum
1095 3174 1108 3210 :
1154 3155 1268 3229 Ego
1317 3173 1473 3230 opera
1516 3155 1694 3212 Patris
1741 3157 1875 3228 [acia
1925 3156 2112 3231 (Joan.
2139 3175 2192 3225 x,

2299 1949 2352 2002 in
2379 1948 2572 2004 uacula
2607 1948 2958 2003 misericordia
3001 1953 3132 2022 ejus.
3165 1949 3282 2004 Non
3333 1952 3480 2005 enim
3527 1959 3645 2005 tunc
3681 1961 3809 2005 tantum

2299 2055 2507 2096 memor
2537 2040 2638 2096 fuit
2670 2041 2985 2096 humilitatis
3010 2041 3262 2097 humanm
3293 2041 3461 2107 Deus,
3492 2059 3612 2097 cum
3654 2045 3704 2096 ad
3735 2044 3810 2097 iibe-

2299 2133 2525 2189 randum
2548 2135 2802 2204 populum
2825 2150 2890 2190 ex
2911 2135 3147 2207 Egypto
3168 2134 3557 2208 Moysen557
3581 2135 3734 2190 ducem
3752 2135 3809 2189 ἃ

2298 2230 2374 2302 git
2407 2247 2420 2282 :
2457 2229 2554 2284 sed
2597 2228 2889 2300 perfectius
2921 2245 3131 2284 memor
3175 2229 3275 2285 fuit
3327 2229 3648 2285 humilitatis
3671 2240 3806 2290 ηοιιτι,

2297 2338 2419 2378 cum
2444 2322 2616 2393 ipsam
2643 2322 2998 2378 humilitatem
3032 2331 3274 2377 nostram
3306 2338 3607 2392 corporeus
3635 2332 3808 2377 natuss-

2298 2417 2551 2486 sumpsit,
2580 2430 2703 2471 cum
2732 2415 2836 2472 hoc
2866 2416 3071 2472 humile
3099 2427 3490 2486 terrenumque
3519 2430 3695 2485 corpus
3708 2417 3804 2485 gara

2299 2508 2350 2562 in
2384 2522 2446 2563 se
2473 2516 2681 2562 naturae
2716 2508 2956 2563 caelestis
2985 2508 3287 2579 absorpsit.
3325 2508 3520 2579 Neque
3543 2508 3810 2562 ωηετεύαέ

2298 2601 2367 2657 de
2397 2617 2560 2656 manu
2590 2600 2953 2668 inimicorum,
2985 2618 3107 2656 eum
3132 2616 3230 2657 eos
3254 2616 3284 2655 a
3312 2601 3596 2656 dominatu
3624 2599 3808 2670 limae

2305 2711 2422 2750 rum
2445 2695 2684 2761 exemit,
2709 2711 2831 2749 nam
2860 2704 3047 2765 postea
3078 2695 3316 2752 inimicis
3336 2696 3544 2752 subditi
3563 2705 3690 2761 sunt,
3706 2692 3809 2750 etis

2301 2786 2390 2843 die
2412 2787 2536 2856 jure
2563 2787 2728 2843 alieni
2768 2787 2983 2858 imperii
3025 2799 3351 2845 coercentur
3383 2806 3398 2842 :
3424 2789 3523 2844 sed
3552 2788 3809 2843 redeuntis

2298 2894 2420 2936 cum
2449 2895 2508 2936 se
2537 2895 2632 2950 pro
2658 2880 2896 2950 peccatis
2943 2883 3142 2936 nostris
3169 2881 3317 2938 dedit
3343 2922 3361 2948 ,
3416 2884 3646 2936 redemit
3668 2892 3805 2945 uesper

2295 2974 2612 3045 sanguinem
2657 2989 2833 3039 suum,
2869 2989 2963 3044 per
2992 2975 3298 3045 passionem
3326 2990 3488 3029 suam
3511 3016 3526 3041 ,
3553 2989 3643 3044 per
3663 2980 3807 3026 moer

2297 3081 2451 3122 suam
2475 3111 2490 3136 ,
2546 3084 2644 3139 per
2671 3069 3124 3125 resurrectionem
3169 3085 3343 3125 suam.
3393 3069 3526 3125 ﬂare
3555 3083 3718 3139 magna
3742 3067 3808 3118 riu

2298 3174 2503 3218 nostrte
2544 3164 2712 3233 pretia
2761 3174 2903 3218 sunt.
2963 3162 3159 3236 Magno
3214 3165 3392 3226 enim,
3452 3166 3532 3220 ait
3580 3162 3809 3234 Aposlciﬁ.

593 3246 711 3320 57),
743 3249 893 3305 solus
920 3257 1195 3321 operatur,
1223 3249 1276 3305 in
1301 3265 1366 3306 eo
1392 3257 1447 3305 et
1471 3265 1569 3322 per
1589 3266 1711 3308 eum
1733 3251 2010 3324 operando
2030 3268 2191 3324 quem
2218 3238 2264 3303 C
2302 3252 2374 3325 (ε)
2415 3255 2576 3325 pretio
2609 3255 2860 3323 redempti
2886 3257 3010 3310 estis
3039 3255 3084 3324 (l
3115 3254 3233 3310 Cor.
3282 3271 3354 3313 vr.
3403 3257 3529 3327 20),
3565 3267 3619 3310 et
3640 3249 3808 3319 redeatis

595 3346 803 3417 genuit.

633 3439 726 3496 14.
757 3439 861 3497 Cur
879 3439 1147 3496 divisiones
1176 3442 1334 3496 maris
1357 3440 1543 3510 Rubri,
1572 3451 1620 3497 et
1647 3457 1747 3496 non
1764 3441 1964 3497 divisio.
1988 3441 2071 3496 Ad
2090 3457 2192 3498 caa-

596 3533 704 3590 ium
720 3534 815 3588 via:
842 3533 1173 3604 plures.-ln
1201 3534 1412 3590 caeteris
1431 3550 1558 3591 vero
1583 3534 1824 3590 absoluta
1843 3534 2194 3591 ostendenda:

593 3627 982 3684 misericordia:
999 3627 1097 3682 Dei
1119 3626 1366 3682 doctrina
1393 3635 1476 3683 est
1508 3645 1523 3683 :
1545 3637 1606 3683 ut
1628 3629 1864 3683 sciamus
1888 3626 2065 3683 omnia
2086 3643 2194 3683 non

593 3719 668 3775 ob
695 3719 853 3774 aliam
894 3733 1114 3774 causam
1143 3760 1158 3785 ,
1189 3719 1293 3774 nisi
1323 3719 1444 3790 quia
1469 3719 1610 3774 Deus
1638 3735 1855 3789 semper
1885 3719 2194 3776 misericors

592 3812 686 3879 sit,
710 3811 876 3869 fuisse
899 3811 1156 3884 perfecta.
1179 3813 1252 3868 De
1279 3812 1366 3868 his
1394 3823 1594 3879 autem,
1623 3830 1743 3886 qua:
1771 3813 1840 3870 de
1861 3814 2076 3887 [Egypti
2100 3831 2195 3870 ne-

589 3907 754 3981 gotiis
780 3907 1010 3980 intelligi
1048 3907 1365 3980 spiritaliter
1400 3915 1656 3980 oportet,
1691 3907 1976 3965 Tractatus
1997 3908 2193 3980 psalmi

595 4005 908 4072 anterioris,
945 4005 996 4059 in
1028 4011 1287 4076 quantum
1318 4004 1540 4076 exsequi
1568 4004 1854 4071 valuimus,
1878 4005 2194 4075 complexus

591 4106 677 4156 est
709 4116 723 4154 :
752 4097 819 4155 ad
849 4113 1079 4170 quorum
1126 4097 1592 4154 conﬁrmationem
1631 4097 1794 4155 etiam
1834 4098 1939 4156 hoc
1967 4098 2107 4169 quod
2140 4099 2193 4154 in

591 4192 801 4266 psalmo
829 4191 930 4249 hoc
950 4191 1155 4247 dictum
1183 4201 1269 4248 est
1290 4191 1530 4277 pceedit,
1561 4191 1724 4248 Vens.
1752 4192 1820 4248 13
1853 4210 1865 4245 :
1893 4191 1996 4260 Qui
2016 4191 2192 4246 divisit

596 4303 738 4341 mare
765 4285 998 4341 Rubrum
1039 4286 1094 4340 in
1133 4285 1406 4340 divisiones
1433 4301 1453 4341 .°
1478 4286 1721 4356 quoniam
1743 4285 1796 4339 in
1823 4285 2068 4340 swculum
2099 4285 2168 4338 mi
2179 4313 2196 4328 -

590 4377 871 4434 sericordia
910 4379 1041 4450 ejus.
1085 4378 1259 4435 Unam
1291 4377 1610 4434 divisionem
1647 4378 1812 4433 Rubri
1847 4377 2011 4434 maris
2055 4377 2194 4434 liber

594 4471 764 4527 Exodi
795 4470 976 4537 docet,
1001 4471 1192 4527 dicens
1223 4490 1234 4525 :
1269 4471 1334 4526 Et
1363 4473 1484 4543 fecit
1508 4488 1648 4527 mare
1670 4472 1863 4527 siccum
1885 4511 1900 4536 ,
1938 4479 1990 4525 et
2027 4469 2194 4525 divisa

595 4573 669 4619 est
689 4581 819 4635 aqua
849 4564 1044 4636 (Exod.
1075 4580 1190 4632 xiv,
1219 4565 1312 4633 21)
1354 4580 1368 4618 :
1394 4574 1451 4622 et
1480 4564 1750 4635 quomodo
1777 4577 1919 4620 nunc
1949 4563 2190 4619 Rubrum

2299 3346 2367 3400 ab
2390 3346 2644 3412 inimicis,
2679 3363 2707 3400 a
2735 3347 2974 3413 diabolo,
3007 3348 3074 3402 ab
3103 3350 3311 3419 angelis
3340 3348 3462 3418 ejus
3484 3390 3500 3412 ,
3544 3365 3571 3400 a
3597 3347 3690 3402 ﬁlio

2299 3439 2481 3504 tionis,
2501 3457 2534 3496 a
2563 3441 2892 3511 principibus
2920 3442 3086 3509 acris,
3117 3458 3146 3495 a
3167 3442 3234 3514 (Ῑ)
3265 3443 3456 3497 mundi
3482 3443 3808 3512 potentibus

2299 3532 2511 3588 inimica
2535 3542 2729 3590 morte.
2760 3535 2824 3590 Et
2848 3535 3080 3591 redemit
3107 3551 3289 3592 escam
3316 3537 3505 3592 dando
3533 3541 3667 3594 omni
3689 3553 3807 3593 cans:

2300 3623 2402 3690 Qui
2422 3626 2511 3680 dat
2539 3643 2708 3682 escam
2735 3630 2874 3682 omni
2901 3629 3066 3682 carni.
3099 3628 3252 3683 Omni
3274 3631 3443 3695 carni,
3471 3630 3528 3684 id
3560 3641 3650 3696 est,
3675 3643 3807 3701 quart-

2295 3716 2511 3787 de'“l‘ta
2539 3729 2641 3785 est,
2675 3720 2768 3774 dat
2795 3735 2974 3777 escam
3006 3721 3400 3791 incorruptam,
3425 3732 3689 3787 :eternam,
3718 3722 3805 3792 pass

2297 3808 2427 3876 vivi,
2451 3812 2601 3881 panis
2618 3812 2872 3868 cmlestis.
2891 3812 3027 3868 Etin
3047 3813 3130 3869 his
3142 3814 3393 3885 singulis.
3415 3815 3564 3885 quod
3586 3815 3808 3871 humilitatis
3854 3821 3855 3885 γ

2296 3915 2500 3960 nostra
2521 3920 2730 3962 memor
2751 3915 2853 3975 est,
2897 3906 3041 3976 quod
3072 3907 3339 3979 redempti
3369 3923 3584 3976 sumus,
3611 3909 3726 3980 quod
3747 3924 3807 3961 oe
3854 3906 3855 3980 ξ

2298 4001 2382 4058 nis
2427 4000 2829 4070 redemptorum
2873 4014 3002 4056 caro
3034 4013 3212 4056 escam
3243 4002 3478 4070 accipit;
3513 4017 3575 4057 ea
3605 4011 3806 4062 causam.

2295 4094 2537 4165 quoniant
2563 4093 2617 4148 in
2645 4093 2837 4148 sarcula
2863 4093 3214 4147 misericordia
3239 4095 3350 4163 ejus
3375 4110 3395 4147 :
3426 4103 3482 4151 et
3524 4093 3636 4168 [(g)
3654 4095 3709 4150 ob
3723 4094 3802 4162 quad

2296 4189 2344 4244 ei
2367 4187 2732 4244 conﬁtendum
2755 4187 3188 4257 est.Conﬁtemiui
3210 4189 3354 4242 enim
3384 4187 3493 4243 Deo
3515 4190 3806 4257 utinquam

2294 4283 2346 4338 in
2367 4282 2558 4339 uacula
2584 4283 2934 4338 misericordia
2957 4280 3115 4354 ejus.]
3137 4280 3294 4350 Quod
3316 4283 3539 4348 caelum,
3561 4282 3688 4354 quod
3714 4291 3806 4340 terra

2294 4377 2437 4448 quod
2465 4384 2663 4433 caetera
2685 4383 2842 4442 sunt,
2897 4385 2954 4432 et
2998 4375 3174 4446 ipsum
3202 4375 3366 4442 illud,
3424 4378 3569 4448 quod
3595 4371 3804 4440 sumnsqi

2295 4486 2401 4527 non
2425 4470 2654 4535 fuimus,
2705 4468 2851 4541 quod
2878 4471 3082 4525 erimus
3109 4469 3252 4540 quod
3277 4485 3386 4524 non
3413 4484 3598 4526 sumus
3616 4511 3632 4535 ,
3669 4478 3806 4524 causam
3854 4468 3855 4538 ξ

2295 4563 2457 4618 aliam
2486 4579 2592 4617 non
2634 4560 2826 4627 habet,
2875 4561 2976 4617 nisi
3002 4561 3389 4618 misericordia:
3416 4563 3510 4618 Dei
3537 4581 3550 4615 :
3577 4563 3651 4635 (In)
3671 4561 3755 4630 quia
3774 4552 3807 4608 id

595 4670 748 4713 mare
777 4657 828 4711 in
849 4635 1149 4712 divisiones
1190 4656 1484 4712 dividitur?
1513 4657 1624 4712 Nisi
1656 4657 1780 4727 quia
1809 4656 2062 4712 existimo
2089 4654 2190 4711 sub
2216 4635 2272 4697 D
2298 4654 2636 4711 consortium
2664 4654 2926 4710 bonorum
2962 4668 3180 4708 suorum
3205 4658 3352 4709 nasci
3383 4671 3483 4710 nos
3513 4653 3750 4710 voluitille
3763 4647 3807 4718 (pi

593 4748 856 4805 relatione
876 4757 1150 4819 gestorum
1177 4742 1436 4820 spiritalis
1457 4749 1722 4807 doctrina:
1745 4750 1988 4807 ordinem
2014 4751 2188 4806 conti-

579 4842 736 4909 ,neri.
770 4841 1074 4897 Evadentes
1104 4840 1247 4898 enim
1277 4841 1588 4915 Ailgyptum,
1619 4859 1742 4915 qua
1787 4845 1972 4901 sazculi
2024 4845 2192 4901 forma

597 4945 717 5004 est,
770 4944 825 4992 et
865 4935 934 4990 ad
975 4940 1174 4990 terram
1223 4937 1661 5007 repromissionis
1690 4952 1849 5009 quam
1891 4939 2192 4995 secundum

595 5029 948 5104 Evangelium
987 5026 1133 5085 beati
1177 5028 1573 5087 haereditabunt
1597 5073 1612 5098 ,
1643 5040 1858 5102 euntes,
1892 5035 1992 5104 per
2037 5047 2189 5090 mare

669 5227 748 5302 (a)
772 5225 830 5284 In
858 5225 1108 5302 vulgatis.
1148 5226 1245 5302 [ioc
1294 5227 1673 5302 ﬁrmamentum
1701 5249 1720 5286 :
1753 5233 1913 5288 male.
1946 5233 2190 5290 Pessime

597 5298 776 5357 autem
817 5298 975 5356 antea
1017 5298 1228 5370 Lipsius
1273 5313 1371 5369 pro
1411 5301 1785 5369 inumbratam,
1838 5307 2192 5362 substituerat

595 5372 940 5427 inumbratum
959 5371 1166 5442 absque
1189 5371 1291 5424 ulla
1324 5377 1662 5431 auctoritate.
1698 5377 1789 5430 Ait
1812 5376 2048 5432 Hilarius
2081 5388 2193 5433 ter-

595 5458 712 5499 ram
764 5444 1059 5518 inumbrari
1089 5445 1632 5518 ctelo‘temperatiori
1653 5487 1668 5513 ,
1700 5448 1843 5518 quod
1878 5449 2188 5505 ﬁrmamen-

564 5534 573 5546 ι
605 5523 720 5572 tum
747 5516 1044 5586 nuncupari
1075 5514 1325 5584 superius
1357 5513 1595 5571 tradidit.

694 5607 939 5682 ojﬁditi,
969 5618 1155 5682 cuncta
1168 5608 1472 5682 disponens.
1504 5609 1674 5667 Abest
1695 5623 1879 5668 cuncta
1899 5630 1930 5671 a
1957 5619 2114 5682 mss,
2141 5623 2201 5672 ut

600 5694 632 5736 a
657 5679 804 5737 LXX
825 5695 1036 5737 necnon
1062 5695 1094 5736 a
1124 5680 1218 5736 lib.
1253 5679 1333 5737 in
1358 5681 1425 5738 de
1455 5682 1630 5752 Trin.,
1659 5701 1712 5739 n.
1739 5686 1830 5742 55.

669 5791 742 5861 (ν)
779 5791 870 5846 Sic
888 5793 1060 5851 nostri
1087 5807 1218 5852 mss.
1251 5795 1392 5852 Editi
1420 5813 1550 5856 vero
1569 5840 1585 5867 ,
1623 5807 1671 5854 et
1695 5815 1785 5870 per
1814 5799 1871 5854 id
1897 5801 2031 5856 enim
2061 5801 2199 5871 quod

608 5863 700 5915 ait.

2301 4749 2474 4806 bonus
2498 4757 2602 4805 est.
2629 4747 2780 4806 Unus
2810 4748 2953 4804 enim
2980 4747 3156 4802 bonus
3175 4755 3280 4813 est,
3306 4747 3382 4802 ait
3421 4749 3667 4803 Dominus
3701 4751 3808 4798 nasia

2300 4843 2460 4901 Jesus
2477 4842 2726 4898 Christus
2760 4841 2971 4913 (Matth.
3016 4857 3124 4907 ιιι,
3159 4839 3247 4913 17)
3276 4881 3290 4907 ,
3338 4841 3434 4913 qui
3460 4850 3547 4899 est
3584 4840 3808 4896 benede

2302 4937 2355 4993 in
2384 4936 2579 4994 saecula
2605 4936 2948 4992 smeulorum.
2979 4937 3174 4991 Amen.

2371 5230 2454 5304 (ά)
2483 5229 2540 5286 ln
2567 5244 2697 5305 mss.
2741 5245 2856 5304 reg.
2909 5242 2965 5287 et
2993 5231 3198 5289 Turon.
3229 5247 3408 5305 neque
3428 5231 3518 5288 hic
3556 5246 3708 5302 neque
3726 5225 3806 5283 inin

2302 5302 2482 5360 exstat
2509 5302 2846 5372 subsequens
2873 5318 3082 5360 versus.

2376 5373 2447 5446 (ε)
2473 5373 2650 5449 Abest
2689 5377 2852 5449 pretio
2893 5389 2921 5428 a
2965 5391 3095 5430 mss.
3143 5392 3256 5447 reg.
3293 5377 3382 5447 qui
3414 5376 3573 5449 paulo
3600 5385 3704 5429 ante
3731 5381 3803 5424 eas

2301 5444 2511 5501 TurOn.
2544 5444 2741 5499 omittit
2765 5462 2854 5513 per
2882 5456 3092 5502 mortem
3123 5444 3293 5504 suam.

2376 5516 2447 5588 (ί)
2476 5517 2567 5573 Sic
2595 5532 2723 5571 mss.
2745 5512 2882 5571 Editi
2909 5534 3058 5584 vero,
3087 5536 3117 5572 a
3138 5519 3315 5573 mundi
3343 5519 3678 5590 potestatibus.
3700 5514 3740 5568 In
3761 5512 3806 5563 hi

2311 5603 2437 5644 mox
2469 5604 2576 5643 non
2607 5591 2950 5656 repetebatur
2977 5590 3117 5644 omni
3136 5593 3303 5644 carni.

2382 5658 2460 5731 (9)
2494 5660 2623 5726 Qua:
2649 5661 2786 5714 intra
2828 5662 3051 5718 uncinos
3084 5661 3449 5724 includuntur,
3498 5661 3635 5715 salvo
3653 5666 3697 5712 et
3717 5657 3804 5707 iw

2312 5731 2624 5805 lumirsensu
2650 5747 2771 5805 pou!
2789 5740 3007 5788 exstant
3035 5735 3088 5788 in
3112 5748 3241 5789 mss.
3271 5749 3384 5805 reg.
3418 5743 3470 5788 et
3499 5731 3685 5787 Turon.

2384 5802 2468 5875 (hi
2498 5802 2934 5875 Milligalis‘qui,
2967 5820 3072 5860 non
3102 5806 3241 5874 quia.
3267 5793 3381 5860 Md'x
3405 5819 3532 5858 mss.
3557 5819 3658 5873 reg.
3685 5808 3726 5854 et
3745 5793 3804 5847 Ῐιίο

2315 5873 2434 5931 ron.
2468 5873 2741 5943 omittunt,
2777 5873 2920 5930 Unus
2941 5877 3080 5932 enim
3110 5877 3270 5932 bonus
3298 5887 3390 5946 est,
3416 5876 3507 5930 ait.
