3896 6336
60 278 152 331 777
1097 267 1415 328 ΤΙὶΑΟΤΑΤ
1422 270 1504 329 US
1538 270 1605 327 ΙΝ
1644 275 1655 324 t

1795 271 1906 328 XVI
1945 272 2295 330 PSALMUM.

510 387 828 446 PSALMUS
863 386 1151 444 CXXXVI.

121 508 284 574 Super
311 504 526 575 ﬂumina
567 502 846 576 Babylonis
887 504 995 558 illic
1040 502 1263 560 sedimus
1290 512 1340 558 et
1367 502 1621 573 ﬂeritttus,

58 615 165 654 cum
186 596 566 653 recorderamur
590 596 686 663 tui,
731 595 861 652 Sion
917 594 1092 666 (Infra
1114 595 1268 651 abest
1293 594 1416 668 tui).
1450 594 1519 649 In
1543 611 1630 648 sa-

60 689 227 744 licibus
249 688 301 742 in
328 686 494 742 medio
520 691 632 760 ejus
652 687 1013 761 suspendimus
1041 703 1238 759 organa
1267 696 1461 741 nostra.
1495 686 1632 754 Quia

55 782 154 836 illic
191 781 647 853 interrogaverunt,
676 779 767 851 qui
792 779 1020 850 captivos
1050 779 1310 835 duxerunt
1336 796 1450 845 nos,
1482 779 1634 834 verba

58 874 368 939 cantionum;
411 882 461 928 et
504 873 590 945 qui
623 872 950 927 abduxerunt
985 889 1098 940 nos,
1142 871 1406 944 Hymnum
1435 880 1636 927 cantate

56 967 190 1023 nobis
215 967 277 1021 de
310 965 523 1020 canticis
551 964 702 1021 Sion.
734 964 999 1031 Quomodo
1034 964 1350 1019 cantabimus
1380 965 1638 1018 canticum

59 1060 255 1117 Domini
304 1061 360 1115 in
423 1068 561 1115 terra
583 1058 796 1113 aliena?
824 1056 885 1114 Si
912 1057 1098 1113 oblitus
1124 1062 1269 1130 fuero
1296 1058 1392 1123 tui,
1418 1056 1636 1113 Jerusa-

58 1157 177 1221 lem;
224 1152 462 1209 oblivioni
493 1152 641 1207 detur
678 1149 865 1224 (Infra
886 1192 902 1219 ,
932 1152 1259 1208 obliviscatur
1298 1150 1398 1224 me)
1431 1151 1640 1207 dextera

60 1219 181 1302 mea.
206 1244 478 1301 Adlttereat
526 1219 707 1316 lingua
740 1261 852 1298 mea
887 1245 1122 1315 faucibus
1152 1245 1275 1298 nteis
1300 1219 1428 1316 (llil.
1448 1244 1641 1315 gutturi

1817 1223 1871 1277 5.
1906 1219 2189 1295 Captivitas
2234 1225 2438 1293 utentis,
2468 1242 2586 1296 qua:
2611 1227 2708 1282 ltoc
2738 1229 2935 1299 psalmo
2975 1240 3224 1288 tractatur
3250 1251 3345 1303 po-

56 1339 204 1413 mo),
226 1342 382 1395 ,ίηοη
398 1340 674 1394 minem
693 1339 789 1393 τι,ίο
811 1338 872 1394 3,-
892 1356 994 1394 ηοη
1015 1355 1330 1413 ρνοροωετο
1352 1336 1483 1413 (ml.
1508 1354 1643 1408 pm.
1746 1316 1851 1367 tius
1877 1329 2029 1413 quam
2076 1316 2380 1413 corporalis.
2401 1346 2472 1413 -ῖ
2502 1318 2688 1413 Itaque
2714 1328 2770 1375 et
2811 1320 2954 1378 hanc
3001 1326 3345 1393 corporalem

62 1405 292 1503 posuero)
308 1429 597 1487 Jerusalem
618 1431 672 1484 in
702 1431 957 1504 principio
980 1405 1177 1486 lcetitite
1200 1405 1644 1490 metejlemento.

1795 1405 1929 1476 npuli
1960 1406 2349 1476 captivitatem,
2382 1408 2575 1465 referri
2625 1413 2679 1466 in
2735 1414 3042 1485 exemplum
3087 1418 3348 1488 spiritalis

60 1498 290 1589 bam-nc;
324 1523 552 1591 ﬁliorum
578 1498 749 1576 Ego,"
776 1524 830 1576 δη
869 1498 953 1575 δίε
986 1519 1297 1576 gemmam.
1338 1519 1504 1595 568
1546 1520 1647 1588 Qui
1750 1498 2081 1568 captivitatis
2108 1507 2341 1595 oportet.
2374 1499 2558 1595 captae
2581 1503 2725 1558 enim
2754 1517 2967 1563 mentes
2998 1520 3200 1566 nostra:
3223 1520 3352 1567 sunt

64 1618 254 1686 dicunt,
281 1615 581 1682 Exinanite,
608 1617 861 1671 exinanite
883 1616 1053 1685 quoad
1072 1633 1232 1687 usque
1258 1592 1651 1686 fundamentum
1751 1603 2041 1687 ⁰⁰¹Ῥ⁰ΪΨΪ¹
2080 1592 2375 1687 “cunque
2417 1592 2724 1663 dominam:
2757 1611 2929 1669 “Plin
2957 1617 2986 1655 ³
3010 1601 3351 1659 ἀεθιηθιιίιιυε

62 1712 112 1765 in
136 1729 214 1767 ea.
239 1682 389 1767 'Filia
413 1709 695 1783 Babylonis
716 1682 905 1764 misera
923 1751 938 1775 ,
968 1682 1268 1779 beatus'qui-
1293 1708 1534 1763 retribuet
1564 1707 1653 1762 tibi

1795 1694 1882 1737 unt
1909 1682 1986 1756 (d)
2011 1683 2135 1754 jure
2165 1685 2422 1742 vitiorum
2445 1726 2459 1749 ,
2492 1703 2615 1758 qua:
2661 1690 2949 1761 imperium
2973 1694 3136 1768 5&9
3166 1697 3218 1752 in
3250 1712 3354 1754 nos

63 1806 454 1871 retributionem,
483 1777 635 1878 quam
657 1803 934 1859 retribuisti
977 1803 1143 1859 nobis.
1183 1777 1378 1858 Beatus
1406 1802 1493 1873 qui
1518 1812 1654 1856 tene-

1795 1790 1916 1830 uutu
1954 1791 2052 1847 per
2076 1777 2289 1833 diversa
2333 1778 2758 1836 ministeriorum
2801 1799 3002 1854 genera
3044 1799 3307 1846 exercent
3339 1805 3356 1844 :

66 1900 131 1955 bit
161 1908 207 1954 et
235 1898 415 1954 allidet
441 1868 684 1970 parvulos
708 1906 820 1952 tuos
845 1896 914 1949 ad
936 1905 1156 1968 petram.
1418 1868 1429 1873 '

1800 1886 1888 1925 um
1920 1885 2019 1925 nos
2039 1871 2277 1928 ebrietas
2324 1872 2597 1942 possidet,
2628 1874 2758 1929 dum
2793 1876 2948 1933 luxus
2974 1881 3195 1950 subigit,
3223 1882 3358 1938 dum
3454 1903 3465 1910 ⁶

497 1964 1228 2067 TBACTATUS-PSALMI.
1758 1964 1981 2067 θνὶίτίίῗξι
2009 1964 2263 2067 ἀργίξιοίιι
2290 1964 2421 2067 ἀξίω
2470 1966 2699 2067 ῆωδίιίο
2733 1981 2979 2041 occupat.
3017 1972 3146 2029 dum
3189 1976 3362 2032 male-

1758 2054 1997 2111 volentia
2038 2056 2270 2124 obtinet,
2308 2056 2437 2113 dum
2488 2059 2569 2114 ira
2618 2072 2881 2132 usurpat,
2934 2063 3061 2120 dum
3092 2068 3275 2123 omnia
3308 2069 3365 2124 in

134 2150 184 2205 1.
235 2146 533 2219 Captioitati
576 2146 878 2218 Babyloniae
924 2145 1153 2217 psalmus
1175 2144 1260 2198 hic
1288 2151 1451 2213 potest
1472 2158 1656 2197 conve-
1761 2145 1918 2200 nobis
1958 2159 2185 2218 regnant
2242 2148 2359 2204 haec
2403 2150 2672 2206 incentiva
2714 2154 2990 2212 vitiorum.
3025 2156 3188 2214 Venit
3215 2159 3365 2216 enim

67 2242 191 2297 nire.
250 2240 494 2295 Ieremia:
518 2238 782 2294 nonnullis
808 2237 1087 2306 inscriptus
1126 2247 1225 2293 est.
1246 2265 1320 2277 —
1342 2234 1545 2305 Captos
1573 2249 1661 2290 se-
1766 2238 2044 2305 Dominus,
2091 2241 2389 2296 secundum
2423 2242 2740 2314 prophetam
2762 2285 2778 2310 ,
2807 2245 3175 2315 captivitatem
3203 2265 3366 2306 aver-

66 2334 298 2391 cundum
322 2332 574 2390 Jeremite
604 2332 939 2402 prophetiam
961 2330 1181 2387 Judasos
1204 2370 1221 2396 ,
1262 2337 1322 2386 et
1347 2329 1399 2384 in
1429 2328 1661 2401 Babylo-
1768 2343 1881 2389 tere
1913 2330 2085 2402 (Esai.
2133 2349 2242 2399 ut,
2275 2335 2300 2389 1
2328 2332 2373 2406 ),
2400 2349 2524 2389 cum
2550 2336 2748 2399 dicitur
2774 2363 2787 2390 .
2829 2336 3128 2395 Praedicare
3154 2343 3371 2413 captivis

68 2429 209 2484 niam
235 2427 503 2484 deductos
538 2426 705 2482 fuisse
744 2442 851 2482 non
882 2426 1111 2481 obscura
1137 2423 1379 2496 cognitio
1421 2433 1526 2479 est.
1559 2422 1664 2479 Ne-
1764 2425 2119 2482 remissionem
2178 2423 2334 2499 (Luc.
2401 2442 2474 2493 tv,
2518 2426 2632 2499 19).
2689 2426 2848 2483 Venit
2891 2428 3086 2500 ligatos
3126 2434 3368 2501 solvere,

68 2536 172 2591 que
249 2519 473 2576 dubium
544 2524 648 2585 est,
712 2533 808 2588 per
829 2517 972 2573 hunc
1029 2516 1278 2573 eumdem
1332 2516 1665 2588 psalmorum
1766 2536 1891 2576 cum
1912 2521 1984 2575 ait
2012 2537 2025 2574 :
2066 2518 2213 2575 Hanc
2239 2520 2402 2591 ﬁliam
2422 2520 2663 2589 Abralue,
2687 2538 2843 2593 quam
2872 2522 3121 2593 ligaverat
3144 2526 3374 2583 Satanas

72 2614 265 2670 librum
294 2614 540 2685 potuisse
590 2612 953 2684 captivitatem
985 2610 1064 2680 (a)
1095 2610 1277 2681 populi
1330 2608 1664 2680 prophetari.
1772 2614 1943 2669 decem
1959 2623 2005 2669 et
2031 2624 2145 2670 octo
2165 2615 2335 2678 annis.
2354 2632 2523 2669 nonne
2544 2617 2769 2687 aportuit
2791 2618 2919 2672 solvi
2943 2619 2999 2672 in
3028 2619 3113 2674 die
3137 2621 3378 2676 sabbati?

71 2706 200 2763 Nam
242 2716 302 2762 et
361 2708 417 2763 in
462 2706 572 2762 alio
622 2705 827 2777 psalmo
882 2702 1230 2760 manifestum
1278 2709 1385 2771 est,
1425 2702 1670 2759 absolute
1773 2705 1927 2777 (Luc.
1958 2722 2075 2771 xm,
2110 2705 2222 2779 16.)
2271 2705 2430 2762 Venit
2484 2708 2786 2764 servientes
2835 2709 2889 2763 in
2931 2710 3237 2768 libertatem
3275 2712 3378 2770 de-

72 2800 409 2856 eversionem
452 2798 631 2869 gentis
674 2798 829 2853 istius
872 2806 1035 2869 atque
1083 2796 1234 2852 urbis
1294 2796 1669 2867 prophetatam
1775 2798 1996 2863 ducere,
2029 2799 2215 2854 dicens
2249 2816 2262 2852 :
2291 2799 2452 2854 Amen
2475 2799 2591 2853 dico
2614 2800 2752 2854 vobis
2773 2841 2790 2867 ,
2821 2801 3067 2870 quoniam
3092 2805 3258 2858 omnis
3287 2805 3381 2874 qui

72 2894 261 2962 fuisse,
289 2909 417 2949 cum
445 2892 685 2948 dicitur:
730 2890 893 2960 Deus,
923 2901 1165 2946 venerunt
1203 2899 1375 2963 gentes
1431 2891 1487 2945 in
1514 2890 1676 2946 luere.
1780 2890 1908 2960 facit
1948 2899 2231 2957 peccatum,
2262 2906 2434 2945 servus
2473 2900 2547 2945 est
2592 2892 2802 2960 peccati.
2856 2891 3051 2947 Servus
3080 2903 3251 2948 autent
3276 2911 3384 2951 non

75 2990 284 3045 ditatem
312 2998 457 3043 tuam
476 3028 493 3054 ,
523 2985 816 3059 polluerunt
843 2984 1088 3055 templum
1114 2993 1348 3038 sanctum
1375 2992 1518 3037 tuum
1538 3023 1555 3050 ,
1583 2998 1675 3053 po-
1781 2993 1954 3038 manet
1982 2984 2035 3037 in
2066 2983 2218 3037 domo
2265 2984 2319 3037 in
2358 2992 2627 3050 wternum,
2658 2983 2799 3053 ﬁlius
2823 2992 2991 3038 manet
3020 2985 3076 3038 in
3105 2993 3382 3043 aeternum.

75 3090 283 3137 suerunt
347 3078 642 3134 Jerusalem
714 3078 851 3132 velut
908 3091 1177 3147 pomorum
1236 3072 1323 3147 (b)
1371 3075 1677 3130 custodiam.
1785 3075 1981 3131 Sivero
2015 3074 2184 3130 Filius
2213 3090 2301 3129 vos
2330 3074 2641 3141 liberaverit,
2673 3091 2787 3130 vere
2822 3075 2967 3131 liberi
2998 3078 3161 3132 eritis.
3199 3077 3385 3150 (Joan.

80 3171 255 3246 (Psal.
291 3187 519 3236 Lxxvut,
554 3169 635 3242 1.)
660 3169 727 3225 Et
746 3167 923 3225 inhoc
943 3182 1161 3238 quoque
1189 3168 1445 3238 praesenti
1467 3166 1750 3237 psalmoﬂ
1782 3186 1898 3236 vm,
1945 3170 2013 3225 5t
2045 3178 2092 3224 et
2128 3169 2297 3240 seqq.)
2339 3167 2593 3239 Capimur
2614 3184 2746 3239 ergo
2788 3178 2841 3224 et
2872 3168 3102 3240 ligamur
3129 3179 3186 3226 et
3214 3172 3391 3227 servi-

78 3266 321 3339 idipsum
348 3264 648 3337 signiﬁcari
673 3263 886 3319 videtur
913 3280 926 3317 :
951 3263 1189 3319 maxime
1214 3277 1337 3318 cum
1359 3262 1683 3332 quibusdam
1788 3279 1929 3330 mus,
1961 3278 2068 3317 non
2101 3271 2207 3315 tam
2244 3275 2505 3330 corpore,
2533 3276 2696 3329 quam
2736 3270 2792 3316 et
2821 3269 3026 3317 mente.
3070 3262 3140 3317 Et
3163 3263 3298 3319 mihi
3326 3263 3386 3321 in

91 3359 400 3431 placuerit,
448 3372 573 3414 eum
629 3366 901 3428 tamquam
946 3355 1199 3412 Jeremiaa
1220 3354 1376 3409 titulo
1425 3353 1644 3411 inscribi
1669 3369 1685 3420 ;
1790 3354 2049 3426 praesenti
2079 3353 2290 3423 psalmo
2314 3353 2490 3407 omnis
2517 3352 2691 3407 virtus
2712 3360 2764 3406 et
2792 3352 2933 3408 ratio
2962 3353 3249 3409 verborum
3280 3370 3394 3413 non

3220 286 3325 341 778

1652 392 1700 448 A
1728 405 1857 458 quar
1912 392 2286 463 propositiones
2342 388 2407 445 ab
2454 391 2600 446 initio
2650 390 2825 461 (Psal.
2872 409 3082 465 unm,
3135 399 3203 473 1,,
3242 401 3324 473 2).

1729 479 1833 535 Per
1862 481 1913 536 id
1939 482 2083 538 enim
2114 482 2259 554 quod
2286 490 2341 538 et
2370 484 2640 553 parabolae
2664 493 2722 541 et
2746 488 3148 557 propositiones
3174 504 3325 563 sunt,

1729 588 1911 629 rerum
1946 574 2245 632 futurarum
2277 575 2565 634 etl‘ectibus
2590 588 2996 649 comparantur.
3030 584 3328 653 Apostolus

1732 683 1946 739 quoque
1973 668 2155 738 docet,
2186 685 2251 727 ea
2279 670 2407 742 ipsa
2426 687 2547 743 quae
2575 681 2725 744 gesta
2754 684 2899 740 sunt,
2930 674 2984 731 in
3010 676 3327 749 praeﬁgura-

1735 758 1937 833 tionem
1964 771 2114 833 gesta
2144 778 2269 822 esse
2290 806 2308 835 ,
2362 766 2551 823 dicens
2587 784 2599 820 :
2634 767 2773 834 Quia
2800 768 2882 823 lea:
2920 772 3153 827 umbram
3183 774 3333 830 habet

1737 851 2029 923 futurorum
2051 855 2319 922 bonorum,
2352 867 2401 912 et
2419 859 2593 914 omnia
2615 860 2670 913 in
2700 861 3172 932 pratformationem
3190 867 3332 921 acci-

1739 946 1924 1000 derunt
1949 945 2029 1002 his
2048 962 2063 1001 :
2080 948 2275 1018 scripta
2293 958 2413 1004 sunt
2434 960 2601 1006 autem
2626 961 2833 1024 propter
2848 971 2963 1019 nos,
2986 957 3041 1012 in
3060 974 3186 1028 quos
3206 958 3338 1029 fines

1740 1036 2047 1092 steculorum
2101 1040 2407 1095 devenerunt
2454 1040 2509 1114 (Ι
2553 1041 2673 1097 Cor.
2711 1059 2771 1110 ι,
2809 1043 2919 1117 ll).
2951 1046 3114 1104 Gesut
3172 1049 3337 1120 igitur

1743 1129 1858 1199 ipsa
1885 1129 1938 1184 in
1970 1130 2302 1201 exemplum,
2333 1142 2389 1188 et
2417 1134 2623 1204 scripta
2646 1135 2699 1189 in
2730 1134 3037 1195 doctrinam
3066 1152 3208 1197 sunt.

86 3454 211 3525 quia
240 3454 314 3510 ab
344 3452 468 3523 ipso
496 3452 590 3517 sit,
616 3460 745 3505 ante
772 3463 934 3521 quam
963 3447 1183 3512 accidit,
1214 3447 1529 3503 denuntiata
1557 3461 1687 3516 cap-
1794 3456 1900 3503 tam
1932 3446 2271 3516 corporalem
2298 3444 2668 3515 captivitatem
2700 3452 2954 3511 tractare,
2984 3460 3146 3515 quam
3173 3446 3396 3515 spirita-

80 3547 285 3601 tivitas.
320 3543 487 3602 Certe
511 3559 633 3599 cum
664 3542 913 3599 Hebratis
935 3542 1008 3614 (c)
1032 3541 1365 3609 senioribus,
1389 3540 1691 3597 secundum
1793 3541 1898 3596 lem
1940 3539 2175 3596 videtur.
2201 3538 2270 3611 (ε)
2295 3536 2368 3594 Ea
2396 3539 2540 3594 enim
2579 3546 2635 3594 et
2664 3536 2717 3591 in
2749 3536 2987 3606 querelis
3016 3538 3146 3595 etin
3175 3538 3394 3611 incolis,

79 3639 459 3713 cognitionem
489 3653 652 3710 quam
683 3636 752 3692 ab
780 3637 861 3691 his
883 3634 1066 3707 adepti
1096 3649 1305 3703 sumus,
1336 3636 1577 3707 psalmus
1606 3634 1694 3692 hic
1794 3643 1851 3691 et
1875 3632 1930 3687 in
1960 3631 2125 3689 rebus
2149 3641 2203 3687 et
2242 3632 2295 3687 in
2326 3631 2635 3687 nominibus
2662 3638 2934 3685 momenta
2960 3640 3108 3699 sunt,
3142 3641 3201 3687 ut
3228 3632 3399 3704 spiri-

80 3733 203 3789 sine
232 3729 617 3802 inscriptionis
644 3728 801 3784 istius
829 3728 986 3783 titulo
1011 3737 1117 3783 est.
1798 3727 1959 3782 talem
1990 3725 2168 3797 potius
2184 3724 2552 3795 captivitatem
2574 3722 2691 3779 haec
2714 3722 3077 3780 lamentabilis
3106 3724 3399 3798 Propheta:

152 3826 209 3881 2.
242 3823 411 3882 Gesta
439 3822 692 3878 omniain
733 3821 841 3889 lege
877 3831 995 3876 sunt
1024 3820 1220 3875 umbra:
1268 3823 1582 3892 futurorum.
1624 3849 1696 3861 -—
1798 3819 2016 3890 querela
2045 3819 2330 3889 signiticet.

79 3916 200 3973 Non
232 3917 467 3974 dubium
512 3922 694 3971 autem
743 3919 850 3979 est,
880 3912 1061 3968 omnia
1115 3927 1238 3981 quae
1278 3912 1332 3967 in
1378 3924 1560 3983 patres
1605 3920 1700 3968 aut
1870 3915 1927 3969 4.
1955 3911 2235 3982 Captim‘tas
2255 3910 2558 3968 Judteorum
2589 3914 2731 3969 luctu
2751 3916 3175 3987 dignm—Vens.
3209 3918 3235 3970 1
3261 3926 3314 3971 et
3335 3916 3396 3972 2.
3506 3973 3517 3979 ,

81 4025 183 4083 per
206 4018 405 4082 patres
432 4015 647 4063 nostros
690 4013 843 4076 gesta
871 4011 1021 4071 sunt,
1050 4002 1214 4058 futuri
1245 4004 1476 4058 formam
1507 4004 1565 4059 in
1614 4003 1699 4059 his
1803 4006 1975 4076 Super
1992 4005 2211 4074 [lumina
2236 4003 2516 4075 Babylonis
2540 4006 2652 4060 illic
2673 4008 2897 4061 sedimus
2926 4019 2972 4062 et
2988 4009 3239 4078 ﬂeuimus,
3281 4025 3404 4063 cum

80 4121 205 4176 quat
261 4111 427 4176 gesta
482 4109 609 4156 sunt
638 4097 960 4171 praetulisse.
1020 4095 1089 4150 Et
1140 4095 1373 4166 idipsunt
1421 4096 1492 4150 ita
1531 4108 1654 4151 esse
1682 4134 1698 4160 ,
1803 4094 2192 4151 recordaremur
2232 4094 2383 4149 Sion.
2446 4093 2515 4148 lu
2551 4095 2792 4150 salicibus
2843 4098 2898 4151 in
2926 4097 3094 4151 medio
3130 4099 3243 4169 ejus
3285 4114 3405 4152 sus-

84 4201 175 4256 hic
221 4211 452 4271 quoque
506 4194 838 4266 psalmorum
896 4192 1034 4247 liber
1092 4188 1245 4244 testis
1302 4197 1405 4244 est.
1462 4186 1704 4257 Namque
1806 4187 2073 4258 pendimus
2114 4201 2310 4257 organa
2328 4195 2523 4240 nostra.
2553 4184 2795 4243 Allectus
2826 4188 3042 4242 ltumani
3073 4201 3266 4255 sensus
3295 4189 3405 4249 iste

83 4307 213 4347 cum
256 4289 315 4346 in
360 4284 781 4361 septuagesimo
829 4294 884 4340 et
951 4280 1184 4353 septimo
1248 4280 1459 4352 psalmo
1522 4278 1704 4335 omnia
1809 4288 1912 4347 est,
1943 4288 1999 4333 ut
2054 4277 2197 4333 inter
2247 4276 2469 4347 injurias
2509 4278 2855 4347 praesentium
2895 4278 3281 4351 calamitatum,
3334 4283 3407 4339 ad

86 4402 151 4442 ea
181 4398 314 4456 qum
350 4382 411 4438 in
438 4378 676 4451 Egypto
726 4388 890 4447 atque
917 4376 969 4431 in
999 4374 1217 4432 deserto
1285 4381 1342 4429 et
1389 4372 1445 4427 in
1492 4370 1707 4427 caeteris
1810 4372 2205 4442 praeteritorum
2250 4370 2521 4426 bonorum
2568 4370 2998 4427 recordationem
3062 4373 3407 4446 ingemiscat.

84 4477 363 4545 deinceps
395 4472 530 4529 locis
566 4478 722 4543 gesta
774 4478 962 4526 essent
1007 4474 1449 4532 recenserentur,
1490 4480 1553 4522 ea
1591 4465 1707 4534 ipsa
1810 4464 2245 4534 Contempletnur
2290 4462 2437 4519 enim
2499 4462 2702 4527 animo,
2753 4462 2842 4535 (f)
2868 4472 3024 4533 capta
3069 4464 3408 4535 Jerusalem,

88 4568 421 4641 parabOlica
496 4579 618 4620 esse
692 4563 764 4617 ila
815 4560 1181 4617 demonﬂrala
1235 4566 1405 4614 sunt:
1451 4556 1711 4611 Αιεεηάὲιε
1817 4558 2120 4614 servientes
2163 4554 2398 4611 dominis
2441 4552 2735 4611 victoribus
2766 4569 2942 4625 reges,
2971 4555 3215 4613 subditos
3244 4559 3413 4615 antis-

90 4662 330 4734 populus
364 4673 509 4712 meus
534 4657 592 4710 in
616 4654 778 4725 legem
805 4669 997 4717 meam,
1022 4650 1269 4706 inclinate
1294 4665 1471 4703 aurem
1494 4655 1714 4703 vestram
1738 4661 1794 4721 1)
1819 4649 2006 4706 litibus
2050 4647 2327 4716 gentilium
2378 4646 2711 4715 impietatum
2772 4644 3083 4701 sacerdotes
3106 4688 3121 4713 ,
3165 4659 3413 4718 ereptum

91 4758 148 4811 in
182 4754 347 4811 verba
379 4751 485 4807 oris
527 4749 646 4805 mei.
680 4749 920 4821 Aperiunt
957 4747 1011 4801 in
1050 4744 1310 4819 parabolis
1329 4760 1386 4800 os
1414 4760 1604 4813 meum,
1636 4745 1711 4799 lo-
1819 4741 2068 4797 omnibus
2090 4738 2181 4810 jus
2221 4736 2569 4802 matrimonii,
2610 4736 2937 4792 substratum
2984 4736 3192 4792 libidini
3236 4738 3416 4812 Baby-

168 4869 253 4941 (a)
291 4867 504 4941 Regius
529 4863 935 4941 codex,_paputo
960 4860 1278 4934 prophetari.

197 4936 251 4996 b3
286 4939 426 4996 Mss.
460 4936 847 4991 custodiariunt.

197 4942 251 4996 bs
286 4942 426 4996 Mss.
460 4942 847 4991 custodiarium.

170 4942 256 5085 ἐς)
290 5009 543 5065 Verbum
568 5007 861 5085 senioribus
871 5006 1037 5085 abest
1062 5020 1093 5085 a_
1122 5020 1254 5085 mss.
1284 5017 1397 5073 reg.
1425 5011 1479 5058 et
1509 5001 1717 5085 '|'_uron.

1825 4856 2068 4912 Hebraeos
2095 4871 2110 4910 :
2133 4854 2221 4909 sed
2243 4852 2479 4909 nonnulli
2494 4869 2598 4907 rem
2621 4852 2869 4907 audacem
2892 4855 3006 4908 ausi
3028 4856 3419 4924 inscripserunt,

1824 4927 2012 4999 [lucidi
2041 4943 2131 4998 per
2153 4926 2437 4999 ferentium
2460 4940 2474 4977 ε
2507 4932 2556 4979 et
2579 4925 2907 4999 addiderunt.
2955 4925 3081 4982 Sine
3101 4928 3252 4982 titulo
3275 4930 3420 4999 apud

1828 4993 2109 5069 Hebra’o's.
2152 4995 2546 5069 Nihilominus_
2583 4995 2725 5069 apud
2778 4993 3199 5069 H_ier0nymum,
3255 4993 3321 5054 ut'
3364 5001 3423 5057 in

96 5065 408 5144 His'iavet,
440 5078 583 5150 quod
630 5092 751 5150 cum
804 5076 1035 5150 llilarius
1079 5065 1416 5150 hebraearum
1445 5073 1718 5150 seniorum
1823 5068 2203 5150 Vulgata,jam
2234 5067 2462 5134 obtinet,
2506 5065 2751 5122 Psalmus
2797 5065 3229 5143 David'propter
3272 5069 3422 5128 Jere‘

99 5156 346 5222 nomine
397 5142 747 5222 Septuaginta
807 5146 1106 5222 intelligere
1159 5146 1364 5222 soleat,
1422 5142 1562 5212 apud
1621 5142 1722 5197 hos

99 5217 281 5285 modo
315 5217 505 5296 legere
526 5217 625 5296 sit;
651 5227 725 5294 τῷ
754 5218 910 5275 Δαϐὶδ
934 5217 1323 5296 ιςριεξζρυηιιοᾳ
1346 5225 1722 5296 tamen_vo_ca-

100 5284 305 5356 bulum
343 5284 666 5350 retinuimus
695 5284 710 5346 Ξ
746 5300 855 5344 tum
885 5284 1010 5359 quia
1041 5284 1276 5343 Hilarius
1307 5286 1414 5359 hic,
1445 5295 1503 5359 ut
1533 5286 1586 5339 in
1612 5284 1711 5359 du-

100 5355 218 5429 biis
250 5366 429 5432 solet,
454 5362 674 5419 lectioni
702 5359 850 5416 LXX
878 5355 1139 5432 adhaeret,
1168 5369 1278 5413 tum
1306 5358 1428 5432 quia
1454 5357 1539 5411 hic
1569 5355 1715 5432 psal-

100 5425 259 5504 mus,
287 5425 442 5493 teste
470 5432 703 5497 Nobilio,
736 5432 792 5504 in
814 5430 1087 5504 veteribus
1111 5425 1507 5504 exemplaribus
1530 5425 1720 5495 grtecis

105 5498 342 5570 tantum
377 5505 579 5578 ψαλμὸς
621 5503 780 5578 Δαϐξδ
829 5501 1159 5578 inscribitur.
1189 5500 1299 5578 Nec
1336 5498 1479 5578 aliud
1510 5512 1619 5578 prae
1662 5510 1723 5551 se

105 5567 311 5642 lerunt
358 5567 689 5648 psalterium
725 5575 1026 5648 Romanum
1041 5569 1474 5648 jn'quincuplici
1500 5567 1726 5648 editum,

107 5638 183 5714 Ei
206 5638 626 5712 vGert'nanense.
666 5644 724 5700 In
756 5644 1006 5701 versione
1041 5638 1363 5714 Hieronymi
1397 5656 1465 5696 ex
1512 5638 1731 5714 bebrteo

109 5707 317 5784 nullus
377 5730 461 5775 est
510 5717 714 5772 titulus.
760 5714 1092 5784 Suﬂragatur
1111 5707 1483 5784 Theodoretus
1509 5712 1562 5765 in
1590 5707 1732 5784 hunc

1826 5142 1983 5196 miam
1994 5182 2007 5195 .

1903 5235 1984 5306 (d)
2007 5234 2084 5290 Ita
2109 5231 2443 5314 Turonensis
2458 5231 2652 5288 codex.
2683 5231 2790 5287 Alii
2819 5246 2970 5297 vero,
2990 5233 3114 5303 jure
3136 5235 3414 5302 potiorum.

1896 5327 1966 5403 (ε)
2021 5325 2182 5403 Editi,
2213 5324 2345 5382 Ecce
2368 5324 2658 5403 enintetjn
2699 5322 2918 5403 querelis
2944 5334 2999 5403 _et
3027 5325 3079 5403 in
3118 5324 3245 5380 locis
3271 5343 3292 5381 :
3342 5343 3430 5385 re-

1828 5393 2161 5471 fragantibus
2225 5410 2358 5452 mss.
2431 5393 2634 5471 Deinde
2689 5393 2858 5471 magis
2905 5394 3104 5464 placuit
3150 5411 3273 5451 cum
3319 5414 3423 5471 ms.

1830 5463 2037 5526 Turon.
2065 5469 2194 5524 etin
2232 5471 2380 5522 rebus
2420 5476 2469 5519 et
2500 5467 2554 5519 in
2602 5463 2930 5533 nominibus,
2969 5481 3130 5533 quam
3158 5481 3279 5521 cum
3310 5467 3432 5523 aliis

1830 5541 1986 5597 libris
2012 5541 2132 5596 etin
2160 5538 2311 5593 rebus
2342 5547 2393 5592 et
2417 5539 2470 5590 in
2498 5534 2755 5589 omnibus.
2782 5532 2901 5589 Mox
2927 5532 2999 5592 ab
3023 5536 3214 5593 eodem
3242 5552 3344 5594 ms.
3372 5548 3432 5596 ut

1833 5628 1865 5667 a
1893 5627 2008 5682 reg.
2039 5612 2193 5666 abest
2219 5606 2577 5664 lamentabilis.
2738 5631 2743 5636 “

1914 5704 2086 5780 (f)_ln
2128 5702 2383 5773 vulgatis,
2411 5708 2617 5772 captam
2665 5695 2979 5753 Jerusalem.
3028 5698 3340 5772 Elegantius
3379 5702 3437 5761 in

113 5777 441 5873 psalmum.
472 5788 579 5845 Hic
603 5795 851 5860 psalmus,
893 5777 1086 5857 inquit,
1131 5785 1243 5839 sine
1286 5782 1435 5839 titulo
1478 5789 1552 5839 est
1594 5777 1737 5851 apud
1845 5777 1950 5835 ms.
1975 5777 2107 5834 Tur.
2157 5784 2325 5845 capta.

516 5882 794 5944 Pnnon.
837 5877 952 5940 IX.

2796 5859 2877 5922 25
