3896 6336
507 305 618 362 785

1723 295 1968 352 SANCTI
2008 292 2264 350 HILARII
2293 288 2600 349 EPISCOPI

3690 281 3779 360 τει

504 419 898 489 interpretatur
919 415 994 486 (α)
1013 423 1303 470 terrenum.
1332 411 1467 466 Vitia
1490 411 1666 481 itaque
1691 410 1885 465 terreni
1911 424 2102 479 corpo-
2127 417 2178 476 Α
2210 408 2287 462 Ex
2318 408 2400 462 bis
2422 407 2592 472 enim,
2623 406 2710 475 qui
2739 405 2972 474 primum
3017 398 3274 456 confusis
3300 397 3494 468 linguis
3533 397 3777 453 confusio-

503 511 582 566 ris
630 511 820 574 nostri,
863 508 937 579 (b)
967 522 1086 577 qua:
1115 507 1236 576 quia
1261 520 1326 560 ex
1355 515 1541 558 natura
1593 503 1836 573 corporis
1875 512 2096 568 exeunt,

504 600 680 656 Edom
705 599 797 654 filii
827 607 1223 669 nuncupantur,
1264 596 1348 650 his
1371 595 1702 666 Babyloniis,
1737 594 1787 648 id
1829 601 1935 658 est,
1965 609 2098 648 con-

501 691 805 746 fusionibus
847 699 902 745 et
947 684 1439 759 perturbationibus
1487 700 1679 741 sensus
1722 686 1890 740 nostri
1930 685 2098 756 impe-

502 791 648 849 rant,
677 791 734 836 ιιι
761 795 860 836 ηοε
889 795 953 835 ea
987 779 1321 850 plenitudine
1345 793 1450 848 qua
1491 778 1683 848 repleti
1733 791 1921 832 sumus
1973 791 2100 830 eva-

500 884 682 933 cuent.
726 874 996 945 Scriptum
1033 883 1118 929 est
1162 874 1344 929 enim:
1379 872 1632 940 Quoniam
1675 871 1738 924 de
1781 870 2101 941 plenitudine

497 974 612 1044 ejus
657 985 830 1026 omnes
854 970 1142 1038 accepimus
1173 967 1354 1041 (Joan.
1382 983 1430 1034 ι,
1469 967 1535 1023 i6
1561 966 1601 1040 ).
1655 966 1908 1037 Quisquis
1953 966 2098 1020 enim

499 1077 670 1132 capax
708 1071 792 1117 est
833 1061 1067 1127 Domini,
1104 1061 1219 1130 ipse
1265 1067 1321 1115 et
1365 1059 1432 1114 de
1468 1057 1806 1130 plenitudine
1853 1058 1971 1127 ejus
2002 1057 2102 1111 im-

494 1153 672 1224 plelus
700 1160 802 1208 est.
850 1151 950 1206 Est
979 1161 1157 1206 autem
1189 1150 1304 1205 haec
1335 1161 1526 1204 natura
1553 1147 1754 1204 turbidi
1783 1147 2100 1217 confusique

499 1261 598 1318 per
619 1247 747 1302 vitia
787 1246 1034 1317 corporis
1063 1260 1278 1310 sensus,
1306 1253 1362 1299 ut
1389 1245 1434 1300 si
1457 1243 1625 1299 semel
1673 1257 1770 1297 nos
1801 1242 1853 1297 in
1880 1257 2100 1297 omnem

496 1340 705 1410 peccati
735 1339 1067 1394 voluntatem
1091 1344 1148 1392 et
1198 1335 1643 1391 consuetudinem
1675 1333 1931 1398 traxerit,
1982 1348 2102 1386 om-

497 1421 657 1488 nibus
697 1446 795 1486 nos
841 1430 1099 1485 bonarum
1131 1428 1389 1483 virtutum
1427 1424 1620 1480 studiis
1643 1425 1936 1480 exinaniat.
1972 1421 2100 1477 Hice

493 1538 626 1595 ergo
672 1521 794 1576 vitia
846 1519 930 1575 his
967 1534 1161 1575 sensus
1189 1518 1360 1573 nostri
1389 1515 1642 1588 {turbidis
1690 1513 2100 1570 confusionibus

471 1597 784 1686 (imperant,
835 1613 908 1685 (ε)
933 1613 1008 1668 ιιιί
1057 1627 1157 1667 nos
1201 1610 1550 1665 fundamento
1603 1609 1720 1678 ipso
1760 1605 2096 1662 exinaniant.

493 1707 750 1778 Quisquis
803 1708 946 1762 enim
999 1714 1221 1761 sanctus
1259 1713 1382 1768 est,
1455 1718 1550 1772 pro
1603 1710 1751 1771 parte
1799 1700 2098 1756 Jerusalem

2202 503 2284 557 nis
2315 501 2503 556 urbem
2532 515 2652 569 qua:
2679 497 2974 570 Babylonia
3003 506 3091 553 est
3116 491 3505 556 condiderunt,
3539 492 3777 547 universa-

2202 610 2318 648 rum
2345 594 2582 664 gentium
2629 590 2776 645 initia
2805 589 3055 660 dispersa
3103 594 3258 642 sunt.
3293 584 3421 640 Haec
3447 599 3575 654 ergo
3605 584 3775 638 misera

2203 684 2490 757 Babylonis
2515 692 2598 737 est
2629 681 2758 746 filia,
2791 681 2842 735 id
2873 689 2978 746 est,
3011 693 3144 734 caro
3177 679 3446 731 omnium.
3487 675 3582 729 Cui
3603 673 3775 744 quire-

2203 777 2401 833 tribuet
2431 773 2814 832 retributiones
2835 787 2984 836 suas,
3016 771 3214 826 beatus
3240 777 3348 831 est,
3381 765 3455 837 (f)
3487 765 3686 821 scilicet
3707 767 3778 835 qui

2202 884 2420 925 carnem
2463 882 2612 922 suam
2653 864 2950 920 dominatui
3001 862 3202 916 animae
3249 858 3567 928 subjecerit,
3613 857 3781 927 quique

2201 976 2318 1017 eam
2366 959 2576 1031 spiritui
2624 957 2947 1013 subdiderit.
2996 956 3091 1011 llla
3122 956 3273 1010 enim
3322 967 3520 1008 omnes
3564 966 3677 1017 eos,
3713 952 3781 1021 qui

2203 1052 2437 1121 imperiti
2467 1050 2535 1106 de
2569 1050 2682 1104 Deo
2703 1058 2757 1104 et
2795 1047 2967 1120 ignari
3015 1055 3193 1113 erant,
3235 1045 3495 1102 omnibus
3525 1044 3781 1114 voluptati-

2201 1145 2302 1200 bus
2344 1152 2401 1199 et
2425 1142 2714 1198 desideriis
2754 1142 2865 1196 suis
2913 1140 3222 1210 subegerat,
3273 1148 3329 1195 et
3370 1138 3603 1207 captiva:
3643 1137 3783 1192 menti

2202 1237 2488 1292 dominans
2516 1234 2830 1305 imperabat.
2863 1232 2970 1288 Sed
3002 1248 3126 1288 cum
3157 1247 3258 1301 per
3299 1229 3670 1302 cognitionem
3696 1228 3785 1284 dei-

2204 1327 2326 1382 tatis
2355 1326 2481 1381 vitia
2509 1326 2649 1395 ejus,
2680 1339 2788 1380 non
2820 1323 2941 1380 dico
2967 1325 3287 1388 abolitione,
3335 1322 3436 1378 sed
3465 1331 3644 1376 morte
3672 1321 3781 1390 peri-

2203 1429 2444 1481 muntur,
2476 1431 2596 1471 cum
2627 1416 2840 1486 religio,
2873 1415 3150 1484 pudicitia,
3183 1413 3428 1485 largitio,
3458 1412 3723 1468 sobrietas
3745 1423 3784 1468 et

2202 1510 2454 1576 charitas,
2487 1510 2843 1579 impietatem,
2877 1508 3180 1572 libidinem,
3213 1505 3530 1569 avaritiam,
3573 1506 3783 1560 ebrieta-

2204 1613 2330 1668 tem,
2363 1603 2714 1668 simultatem,
2743 1602 2865 1657 odia
2895 1602 3235 1670 consumpsit
3259 1609 3314 1656 et
3339 1599 3602 1656 omnibus
3637 1600 3787 1670 operi-

2202 1695 2303 1752 bus
2333 1696 2555 1767 spiritus
2583 1709 2714 1750 caro
2743 1694 2886 1749 victa
2919 1693 3244 1757 famulatur;
3300 1701 3433 1747 tunc
3466 1692 3662 1747 beatus
3703 1703 3782 1757 est,

493 1802 613 1870 ipse
636 1809 760 1866 est;
791 1799 917 1868 quia
957 1813 1027 1853 ex
1081 1804 1350 1851 conventu
1405 1794 1684 1850 beatorum
1721 1793 1958 1847 virorum
1980 1832 1996 1858 ,
2043 1800 2099 1846 et
2130 1811 2175 1870 Β
2203 1792 2291 1861 qtti
2325 1790 2738 1845 retributionem
2793 1804 2943 1844 suam
2968 1788 3017 1843 ei
3063 1787 3339 1850 retribuit,
3374 1786 3427 1841 id
3460 1796 3568 1849 est,
3601 1787 3690 1856 qui
3715 1785 3786 1842 do-

493 1892 707 1950 ccelesti
734 1890 1012 1946 consortio
1039 1889 1348 1960 dignorum,
1397 1885 1698 1942 Jerusalem
1749 1886 1992 1939 vivorum
2045 1891 2100 1940 et

490 1986 854 2056 pretiosorum
882 1981 1120 2052 lapidum
1159 1981 1352 2035 civitas
1389 1978 1514 2044 erit,
1540 1993 1700 2047 quam
1732 1976 1846 2032 haec
1884 1985 2098 2031 terrena

490 2079 623 2136 vitia
687 2093 856 2147 usque
923 2076 990 2131 ad
1045 2075 1452 2130 fundamentum
1505 2071 1786 2128 exinanire
1833 2069 2094 2124 nituntur.

490 2173 563 2228 Et
594 2170 737 2241 quod
767 2169 1170 2224 Fundamentum
1199 2168 1251 2222 in
1282 2166 1436 2222 nobis
1465 2166 1553 2232 sit,
1590 2164 1884 2234 Apostolus
1910 2162 2094 2223 docet,

494 2263 729 2320 dicens:
763 2261 842 2333 (d)
874 2261 1293 2315 Fundamentum
1333 2269 1506 2314 autem
1551 2257 1695 2311 aliud
1742 2271 1887 2308 nemo
1941 2261 2104 2322 potest

495 2371 706 2428 ponere,
733 2365 916 2424 prrcter
935 2353 1067 2408 illud
1080 2352 1218 2423 quod
1243 2351 1463 2420 positum
1485 2357 1583 2412 est,
1607 2347 1746 2416 quod
1769 2356 1842 2400 est
1868 2345 2102 2400 Christus

493 2449 709 2524 (lCor.
759 2464 838 2514 ιιι,
905 2447 1035 2515 ll).
1091 2447 1264 2502 Omne
1317 2446 1480 2516 igitur
1525 2442 1802 2513 religionis
1855 2440 2100 2507 initium,

492 2559 658 2600 omne
695 2542 1104 2597 fundamentum
1137 2540 1251 2610 spei
1283 2549 1484 2594 nostra}
1526 2551 1790 2592 evacuare
1839 2542 2050 2589 tentant
2080 2550 2093 2587 :

497 2653 566 2692 ne
593 2651 697 2705 qua
731 2635 784 2688 in
815 2632 974 2688 nobis
1004 2631 1265 2687 memoria
1306 2640 1361 2685 et
1385 2627 1693 2685 recordatio
1726 2627 1821 2681 Dei
1845 2625 2100 2691 resideat,

495 2743 566 2781 ne
606 2741 710 2796 qua
749 2739 876 2793 Spes
903 2723 1031 2778 boni
1079 2722 1308 2790 alicujus
1345 2722 1700 2789 relinquatur.
1730 2717 2105 2772 Fundamento

496 2820 643 2875 enim
687 2816 834 2880 ﬁdei,
861 2815 1002 2886 quod
1053 2825 1137 2869 est
1178 2813 1430 2868 Christus
1453 2854 1466 2878 ,
1522 2819 1678 2867 ernto
1704 2821 1760 2866 et
1782 2827 2004 2875 everso,
2037 2824 2104 2864 ne

497 2909 670 2977 ipsius
696 2906 913 2976 quidem
943 2902 1276 2960 aedificandae
1303 2904 1459 2958 nobis
1493 2918 1588 2972 per
1616 2902 1985 2972 paenitentiam
2014 2917 2106 2956 vc-

499 2999 608 3052 nia:
654 2995 956 3053 consolatio
984 2994 1340 3065 relinquetur.

577 3091 665 3146 15.
699 3087 843 3144 Filia
864 3088 1144 3159 Babylonis
1166 3105 1307 3142 caro.
1332 3085 1631 3158 Subigenda
1653 3096 1726 3140 est
1749 3087 1935 3141 anima:
1958 3087 2104 3158 cujus

2204 1883 2465 1937 minatum
2517 1881 2570 1937 itt
2598 1895 2719 1936 eam
2766 1881 3010 1950 spiritus,
3058 1895 3168 1950 quo
3198 1879 3275 1934 uti
3303 1879 3423 1950 ipsa
3457 1883 3514 1933 in
3561 1878 3783 1950 spiritum

2204 1982 2324 2029 erat
2357 1974 2535 2038 solita,
2563 1971 2821 2026 demutat.

2276 2069 2364 2124 Η.
2409 2066 2726 2137 Cupiditates
2767 2067 2822 2120 in
2863 2074 2978 2118 ortu
3012 2078 3115 2120 suo
3159 2065 3500 2135 perimendar.
3535 2095 3607 2105 —
3632 2064 3784 2135 Neque

2205 2162 2382 2215 solum
2432 2159 2726 2214 retributor
2768 2158 3141 2214 retributionis
3185 2159 3381 2213 beatus
3432 2159 3582 2214 :sed
3631 2169 3684 2213 et
3721 2160 3787 2214 ille

2205 2253 2383 2307 beatus
2403 2253 2492 2322 qui
2515 2252 2721 2316 tenebit,
2751 2261 2797 2304 et
2823 2250 3002 2304 allidet
3041 2251 3287 2322 parvulos
3335 2263 3455 2306 tuos
3503 2254 3572 2305 ad
3601 2261 3785 2322 petram.

2210 2343 2352 2398 Vitia
2399 2344 2642 2414 corporis
2675 2359 2780 2398 non
2831 2354 2956 2397 sunt
2985 2342 3211 2398 sinenda
3257 2343 3607 2409 coalescere,
3640 2345 3725 2399 sed
3748 2346 3785 2398 in

2207 2436 2448 2491 exordiis
2475 2437 2654 2491 statim
2683 2435 2955 2490 enecanda
2986 2445 3132 2490 sunt.
3161 2435 3506 2493 Periculosae
3530 2437 3673 2492 enim
3692 2448 3789 2492 sunt

2201 2527 2312 2598 jam
2355 2529 2594 2584 robusta:
2630 2527 2991 2599 cupiditates;
3021 2535 3076 2583 et
3117 2527 3420 2584 difﬁculter
3465 2529 3788 2602 adultaqnac

2207 2636 2310 2689 que
2361 2621 2719 2689 perimuntur.
2783 2620 2986 2674 Levius
3035 2629 3220 2676 autem
3261 2631 3358 2676 est
3398 2634 3790 2693 prontmpestes

2209 2713 2462 2776 avellere,
2532 2721 2748 2768 teneras
2802 2712 3096 2780 excidere,
3150 2713 3426 2768 ﬂexibiles
3483 2722 3785 2784 retorquere.

2210 2807 2407 2860 Beatus
2448 2807 2632 2876 itaque
2684 2817 2790 2870 est,
2836 2807 3079 2877 quisquis
3122 2806 3175 2860 in
3227 2807 3469 2862 exordio
3513 2809 3788 2865 inhonesus

2209 2913 2452 2969 quasque
2501 2898 2740 2952 omnium
2786 2897 3147 2968 cupiditatum
3197 2899 3582 2969 appetitiones
3612 2915 3788 2970 quae!

2208 2991 2482 3044 voluntate
2521 2990 2702 3044 carnis
2737 2990 3003 3054 oriuntur,
3041 2989 3275 3058 primum
3326 2990 3479 3045 intra
3504 2990 3597 3060 jus
3625 2993 3790 3062 patien-

2209 3083 2294 3136 tia!
2327 3097 2438 3136 snio
2466 3081 2785 3153 virtutisque
2827 3081 3122 3148 cohibebit,
3155 3081 3361 3138 deinde
3407 3099 3514 3139 eas
3550 3086 3621 3140 ad
3660 3085 3783 3140 ﬁda

500 3183 782 3254 imperium
832 3189 1134 3250 usurparat.
1164 3209 1234 3218 —
1261 3177 1697 3233 Commemorata
1741 3186 1919 3232 autem
1949 3177 2100 3232 Jeru-
2131 3203 2176 3265 ρ
2208 3189 2367 3245 atque
2394 3173 2462 3228 ad
2495 3183 2697 3230 metum
2731 3174 2826 3229 Dei
2869 3174 3031 3230 elisas
3075 3175 3353 3230 enecabit.
3407 3174 3614 3231 Omnis
3657 3178 3786 3243 enim,

498 3275 669 3330 salem
696 3272 1038 3344 captivitate,
1083 3279 1139 3326 et
1165 3270 1394 3325 filiorum
1426 3269 1596 3323 Edoni
1629 3269 1682 3323 in
1728 3267 2103 3324 exinaniendis

502 3369 660 3424 nobis
701 3381 872 3436 usque
919 3365 986 3420 ad
1029 3364 1436 3420 fundamentum
1482 3362 1882 3428 adhortatione,
1913 3376 2104 3417 conse-

500 3477 673 3532 quens
694 3469 796 3524 est,
826 3467 884 3513 ut
904 3467 1172 3527 quatenus
1199 3456 1462 3511 adversus
1489 3454 1605 3510 haec
1633 3455 1789 3510 nobis
1817 3453 2106 3524 providen-

500 3553 628 3608 dum
653 3551 745 3616 sit,
775 3550 1048 3620 Propheta
1075 3550 1436 3605 demonstret.
1470 3548 1540 3602 Et.
1561 3548 1899 3604 demonstrat
1921 3548 2104 3617 plane,

500 3659 608 3698 non
638 3643 827 3712 inopes
858 3657 956 3695 nos
989 3655 1164 3709 neque
1186 3640 1464 3708 imperitos
1487 3640 1820 3709 relinquens,
1853 3656 1972 3694 cum
1997 3639 2102 3706 ait,

510 3731 674 3786 V'Etts.
709 3732 742 3786 8
773 3738 828 3784 et
850 3730 883 3786 9
918 3747 932 3783 :
965 3726 1107 3782 Filia
1148 3728 1426 3800 Babylonis
1472 3730 1677 3797 misera,
1703 3730 1879 3785 beatus
1909 3731 1996 3801 qui
2025 3747 2106 3785 re-

507 3821 690 3876 tribuet
711 3821 802 3874 tibi
829 3819 1213 3874 retributionem
1246 3830 1408 3884 tuam,
1451 3836 1607 3890 quam
1636 3821 1914 3875 retribuisti
1938 3821 2103 3876 nobis.

507 3913 698 3969 Beatus
721 3914 809 3983 qui
837 3911 1041 3978 tenebit,
1072 3921 1119 3966 et
1154 3911 1331 3966 allidet
1360 3912 1599 3983 paruulos
1630 3923 1743 3968 tuos
1781 3915 1850 3967 ad
1888 3926 2104 3983 petram.

506 4007 713 4064 Vellem
764 4007 1074 4078 percontari
1125 4021 1241 4072 eos,
1285 4007 1376 4077 qui
1416 4007 1620 4062 ouiosas
1666 4023 1787 4064 esse
1833 4009 2106 4077 spiritales

509 4101 841 4170 psalmorum
866 4098 1252 4167 intelligentias
1273 4098 1605 4164 existimant,
1634 4115 1791 4170 quam
1814 4099 1902 4156 hic
1924 4116 1953 4154 a
1977 4100 2109 4156 Prc-

505 4191 664 4262 pheta
705 4191 994 4262 Babylonis
1033 4191 1198 4245 tiliam
1255 4190 1460 4246 dietam
1501 4207 1623 4247 esse
1674 4193 1976 4264 intelligant
2008 4212 2021 4248 :
2048 4204 2104 4249 et

509 4281 577 4352 (e)
607 4283 912 4351 quomodo,
944 4298 1066 4338 cum
1097 4283 1346 4352 superius
1375 4285 1604 4352 superba
1625 4324 1638 4348 ,
1671 4284 1777 4338 filia
1811 4285 2101 4356 Babylonis

509 4387 652 4428 nunc
673 4372 866 4427 misera
889 4375 976 4428 sit.
1009 4374 1115 4429 Sed
1145 4374 1271 4444 quia
1312 4389 1504 4429 sensus
1537 4375 1766 4444 legentis
1793 4375 1955 4448 554
1982 4392 2105 4433 cor-

511 4465 680 4534 porali
725 4466 1076 4536 intelligentia
1122 4479 1294 4533 caret,
1335 4468 1593 4536 spiritalis
1637 4470 1777 4524 ratio
1825 4473 2102 4527 tractanda

509 4566 616 4613 est.
649 4555 730 4610 Ad
759 4556 1026 4613 infelicem
1057 4559 1200 4614 enim
1233 4559 1325 4613 illa
1370 4558 1703 4615 confusionis
1745 4569 1801 4616 ct
1823 4562 2104 4631 perturba-

511 4646 673 4702 tionis
711 4657 909 4702 nostra:
947 4665 1162 4704 carnem
1205 4665 1386 4705 sermo
1424 4651 1601 4705 omnis
1644 4653 1953 4720 revertitur,
1986 4670 2106 4725 quas

512 4740 811 4796 secundum
841 4739 1080 4796 historia:
1103 4742 1261 4798 fidem
1289 4759 1351 4799 ex
1379 4743 1714 4800 confusionis
1740 4746 1983 4815 patribus
2010 4763 2102 4815 ge-

514 4833 629 4889 nita
659 4841 744 4890 est
774 4849 788 4885 :
819 4831 943 4904 quia
970 4834 1148 4889 omnis
1167 4849 1293 4890 caro
1321 4836 1619 4906 superioris
1645 4837 1826 4894 carnis
1860 4848 1943 4893 est
1972 4838 2100 4894 filia.

590 5019 668 5090 (α)
707 5017 911 5095 Turon.
943 5031 1046 5071 ms.
1075 5027 1303 5095 narrantis
1342 5019 1511 5076 Edoni
1553 5021 1695 5092 apud
1725 5022 2108 5095 Hieronymum

514 5089 582 5143 de
601 5087 758 5144 nom.
794 5089 949 5165 hebr.
983 5105 1047 5141 ex
1071 5087 1205 5165 _Gen.
1233 5087 1615 5165 interpretatur
1642 5095 1793 5165 rufus
1817 5087 2107 5150 sioe'terre-

514 5176 646 5244 nus;
688 5160 835 5244 apud
858 5160 1222 5244 Augustinum
1256 5163 1490 5244 sanguis,
1533 5160 1798 5244 quem'et
1838 5167 2107 5244 vocabulo

513 5229 680 5285 Edoni
713 5235 904 5300 punice
931 5230 1223 5300 significari
1254 5229 1506 5300 subiicit;
1553 5229 1603 5288 in
1637 5237 1982 5292 enarratione
2005 5253 2105 5292 au-

514 5310 622 5384 tem
663 5304 987 5369 psalmorum
1019 5301 1343 5372 Hieronymo
1364 5303 1634 5374 adscripta
1665 5317 1861 5360 terrena
1886 5307 1964 5361 vel
1986 5326 2106 5362 san-

511 5389 715 5443 gutnea.
1125 5442 1128 5443 ν
1233 5441 1240 5443 Α
1535 5387 1547 5400 ‘

583 5442 658 5518 (ρ)
691 5443 892 5499 Vocula
921 5459 1032 5512 qua?
1052 5442 1203 5518 prius
1230 5441 1316 5496 hic
1343 5445 1538 5518 omissa
1563 5449 1842 5518 suppletur
1868 5466 1932 5504 ex
1963 5467 2096 5506 mss.

513 5512 652 5587 Vitia
682 5531 784 5568 non
809 5531 873 5569 ex
903 5512 1091 5570 natura
1113 5515 1326 5578 animae,
1349 5516 1505 5585 cujus
1523 5512 1877 5587 orig'o'sancta
1909 5533 1960 5575 et
1989 5537 2100 5576 εω-

513 5583 667 5639 lestis
698 5601 802 5640 non
829 5590 1000 5640 semel
1044 5597 1252 5641 asserta
1293 5594 1395 5654 est,
1421 5583 1537 5643 sed
1568 5583 1634 5645 ei
1663 5604 1915 5662 corpore,
1956 5591 2100 5663 quod

515 5668 578 5708 ex
612 5663 756 5710 terra
784 5665 1058 5712 terrenum
1082 5667 1185 5712 εει.

587 5725 658 5800 (τ’)
694 5725 860 5800 E_diti,
893 5736 945 5780 ut
972 5728 1024 5780 in
1051 5743 1142 5781 nos
1167 5745 1187 5783 :
1212 5729 1568 5800 emendantur
1596 5747 1699 5800 ope
1729 5748 1862 5788 mss.

515 5795 530 5862 ᾗ
587 5795 666 5864 (d)
720 5797 847 5866 ltcg.
900 5812 1000 5852 ms.
1053 5813 1177 5856 cum
1231 5799 1436 5859 Turon.
1491 5795 1881 5888 fundamentum
1931 5814 2100 5861 autem

2207 3269 2295 3336 qui
2340 3283 2402 3321 ex
2437 3267 2672 3337 peccatis
2716 3266 2782 3320 ad
2829 3265 3143 3335 religionem
3186 3267 3564 3333 transfertur,
3609 3280 3786 3338 peccata

2205 3361 2386 3415 omnia
2433 3360 2486 3414 in
2515 3375 2634 3414 eam
2684 3359 2749 3413 ad
2789 3376 2948 3430 quam
2987 3359 3288 3415 decesserit
3334 3360 3668 3432 religionem
3688 3362 3788 3417 elisa

2202 3453 2551 3508 comminuet.
2585 3452 2646 3506 ln
2672 3467 2740 3507 eo
2770 3462 2950 3506 autem
2982 3451 3126 3522 quod
3156 3453 3422 3523 parvulus
3453 3454 3670 3510 misera:
3695 3450 3788 3506 fili:

2211 3545 2499 3618 Babylonis
2541 3553 2690 3600 tenet
2728 3554 2784 3600 et
2813 3544 2985 3600 allidit
3023 3544 3091 3600 ad
3135 3557 3347 3614 petram
3380 3564 3394 3611 ;
3435 3559 3498 3602 et
3529 3549 3789 3614 virtusqsa

2211 3649 2495 3692 nascentes
2517 3637 2756 3704 cohibet,
2788 3649 2842 3692 et
2872 3636 3006 3692 fides
3035 3653 3140 3706 qua
3179 3653 3249 3693 ,ιε
3273 3638 3610 3695 adolescant
3637 3637 3789 3701 allidit,

2211 3731 2531 3787 ostenditur.
2565 3731 2633 3785 Et
2659 3730 2833 3785 allidit
2880 3729 2948 3784 ad
2982 3741 3210 3799 petram.
3259 3730 3428 3786 Petra
3483 3741 3685 3796 autem,
3723 3743 3790 3783 se-

2211 3823 2447 3879 cundum
2494 3822 2831 3892 Apostolum,
2881 3820 3130 3877 Christus
3178 3831 3264 3877 est
3315 3822 3363 3892 (l
3380 3821 3510 3878 Cor.
3549 3840 3608 3889 ι,
3646 3822 3714 3890 ι).
3748 3820 3790 3874 is

2209 3932 2372 3987 quem
2396 3916 2584 3970 beatus
2599 3927 2702 3979 est,
2735 3915 2823 3986 qui
2857 3913 2978 3968 lilia:
3011 3912 3304 3985 Babylonis
3328 3916 3616 3985 parvulos,
3643 3913 3689 3968 id
3706 3921 3789 3976 est,

2213 4017 2394 4063 tenera
2422 4007 2602 4061 adhuc
2629 4007 2877 4077 corporis
2909 4005 3058 4072 vitia,
3089 4005 3278 4061 allidet
3311 4015 3370 4061 et
3396 4016 3668 4062 conteret.
3703 4002 3790 4073 Ipsi

2213 4099 2490 4169 unigenito
2516 4099 2627 4153 Deo
2649 4113 2712 4154 ac
2738 4099 2968 4153 Domino
2991 4109 3175 4153 nostro
3205 4098 3382 4168 gloria
3405 4108 3466 4155 et
3496 4101 3612 4154 laus
3639 4099 3687 4154 in
3706 4112 3791 4153 sr-

2213 4195 2332 4250 cula
2358 4194 2703 4249 saeculorum.
2731 4193 2924 4249 Amen.

2578 4287 2740 4360 555
2769 4287 3083 4345 PSALMUS
3121 4286 3448 4343 CXXXVII.

2282 4377 2572 4448 Confitebor
2602 4381 2712 4446 tibi,
2740 4378 2980 4447 Domine,
3004 4381 3056 4434 in
3077 4389 3181 4434 toto
3208 4381 3368 4435 corde
3396 4397 3512 4436 meo
3542 4398 3562 4436 :
3583 4383 3788 4450 quasiet!

2209 4472 2402 4526 audisti
2435 4472 2586 4527 verba
2629 4473 2732 4527 oris
2782 4475 2900 4528 mei.
2956 4472 3023 4528 Et
3074 4475 3128 4528 in
3175 4484 3460 4545 conspectu
3504 4476 3786 4548 Angelus:

2213 4563 2432 4633 psallunt
2456 4565 2546 4618 tibi
2577 4565 2844 4619 :adorabo
2890 4565 2959 4619 ad
2998 4566 3244 4636 templum
3292 4579 3539 4622 sanctum
3576 4575 3786 4634 ιαμβι

2212 4657 2491 4726 conﬁtebor
2521 4659 2717 4712 nomini
2743 4668 2830 4712 tuo
2860 4675 3014 4730 super
3041 4659 3455 4714 misericordiam
3481 4670 3623 4715 tuam
3644 4670 3694 4715 et
3719 4678 3784 4714 εε-
3864 4713 3865 4732 η

2211 4749 2413 4804 ritutem
2450 4759 2588 4804 tuam
2612 4768 2630 4804 :
2656 4751 2777 4820 quia
2826 4751 3166 4820 magni/icasti
3215 4767 3373 4820 super
3416 4769 3596 4808 omnes
3624 4751 3783 4824 (Infra,
3864 4759 3865 4780 ‘

2212 4841 2405 4912 omnia)
2433 4859 2615 4898 nomen
2646 4853 2791 4897 tuum
2830 4853 3083 4898 sanctum.
3117 4843 3183 4899 In
3210 4861 3538 4916 quacumque
3567 4848 3647 4900 die
3673 4849 3785 4902 iere-

2212 5034 2358 5100 neino
2388 5037 2549 5100 potest
2582 5044 2766 5097 ponere
2797 5039 2982 5099 prwter
3009 5029 3142 5083 illud
3165 5031 3302 5100 quod
3330 5044 3406 5086 est
3430 5030 3685 5090 Christus.

2288 5097 2362 5173 te)
2389 5097 2491 5173 "lta
2549 5097 2881 5173 'l‘urongnsis
2923 5101 3112 5162 codex.
3158 5097 3492 5173 suffragante

3544 5102 3784 5177 regio.ls
3864 5119 3865 5132 *

2213 5169 2438 5251 vulgatis
2464 5178 2645 5226 autent
2675 5192 2691 5224 :
2720 5170 2787 5224 Et
2806 5188 2931 5251 eum
2961 5175 3196 5251 superius
3222 5169 3378 5244 super
3405 5169 3783 5251 Babylonis;
3864 5215 3865 5234 ξ

2212 5243 2564 5320 minusessum
2593 5252 2741 5320 atque
2762 5243 3031 5311 ploratum
3047 5249 3138 5320 sit.
3166 5261 3260 5297 cur
3283 5263 3423 5320 nunc
3449 5243 3714 5320 Babylonis
3730 5246 3780 5309 ῥ’

2210 5312 2281 5364 lia
2306 5312 2489 5385 misera
2513 5313 2576 5385 sit
2599 5327 2625 5385 7:
2645 5315 2935 5385 glossema,
2963 5315 3106 5382 quod
3149 5331 3218 5369 ne
3245 5317 3470 5385 quidem
3511 5312 3615 5374 sibi
3638 5318 3780 5374 euha-
3864 5333 3865 5385 ξ

2209 5393 2313 5462 ret.
2351 5381 2483 5436 Filia
2516 5383 2807 5462 Babylonis
2845 5381 3093 5454 superius
3142 5381 3407 5457 superba,
3459 5390 3554 5446 ubi
3587 5389 3781 5460 superbe

2207 5453 2499 5524 interrogat
2530 5471 2543 5508 ε
2571 5453 2834 5524 Hymnutn
2866 5465 3088 5518 cantate,
3118 5453 3227 5512 etc:

2278 5521 2354 5594 (Ι)
2407 5525 2460 5577 In
2508 5521 2759 5594 vulgatis,
2803 5527 2847 5581 si
2897 5528 3009 5594 quis
3065 5543 3269 5582 carnem
3327 5546 3480 5584 suam
3528 5529 3778 5586 «totum

2204 5596 2388 5670 animo:
2415 5595 2705 5670 subjecerit.
2733 5594 2808 5670 Et
2831 5598 3060 5670 quisquis
3089 5615 3202 5653 eam
3248 5602 3466 5670 spiritui
3507 5602 3772 5663 subdiderit.

2205 5665 2296 5740 ille
2318 5682 2490 5740 omnes
2506 5665 2602 5740 qui
2628 5665 2852 5740 imperiti
2881 5665 2989 5740 Deo
3013 5679 3062 5723 et
3082 5671 3254 5740 ignari
3277 5665 3429 5736 sunt,
3457 5676 3772 5729 omnibus..."
3864 5679 3865 5714 ἲ

2208 5815 2446 5864 tauratnr
2474 5824 2576 5879 ope
2606 5823 2735 5866 mss.

2123 5768 2129 5772 -
2205 5737 2480 5816 subegerit,
2509 5749 2556 5791 et
2577 5738 2843 5808 imperabit
2871 5756 2888 5794 :
2923 5739 3074 5797 locus
3102 5737 3302 5798 inultis
3327 5743 3651 5816 depravatus
3681 5755 3772 5799 ιδ-
3864 5767 3865 5780 π
