3896 6336
94 301 196 362 785

1103 307 1522 368 TRACTA'I‘US
1559 312 1628 370 IN
1655 313 1945 405 CXXXV."
1987 319 2338 378 PSALMUM.

3273 331 3379 388 786

92 433 264 512 carero
293 428 362 483 te,
392 417 580 512 escendi
609 433 688 472 me
713 435 731 472 :
756 420 1122 512 multiplicabis
1149 422 1283 492 (Hil.
1313 423 1461 480 addit
1487 425 1588 494 me)
1617 427 1672 480 in
1703 430 1751 490 Α
1776 439 1824 483 et
1851 435 2110 489 conversio
2136 435 2339 505 integra
2367 452 2476 493 esse
2501 439 2666 496 debet.
2698 439 2830 495 Ηωε
2855 456 2886 493 a
2913 440 3028 497 Deo
3049 441 3286 512 petenda.
3305 474 3348 484 —

88 511 254 565 anima
267 523 375 560 mea
388 509 617 563 virtutem
633 519 772 562 luam
787 509 851 582 (ll
863 512 871 562 i
881 511 894 565 1
905 553 916 563 .
926 514 976 564 in
993 513 1173 568 virtute
1186 513 1676 588 tua).Conﬁteantur

90 600 197 667 tibi,
222 598 458 666 Domine,
482 615 653 653 omnes
679 617 820 670 reges
846 612 995 656 terrtv
1019 621 1036 658 :
1057 607 1176 674 quin
1193 606 1469 660 audierunt
1485 607 1670 678 (Infra,

89 693 276 762 omnia)
300 693 446 748 verba
474 695 577 748 oris
606 695 698 748 tui.
746 694 813 748 Et
837 707 1040 750 cantent
1066 699 1119 752 in
1145 700 1239 753 uiis
1263 699 1473 755 Domini
1502 717 1522 756 :
1547 719 1674 772 quo-

86 787 220 840 niam
246 801 429 855 magna
450 794 521 839 est
548 786 714 856 gloria
740 786 982 854 Domini;
1022 792 1264 859 quoniam
1299 794 1529 848 excelsus
1559 793 1670 848 Do-

84 878 246 931 minus
292 886 337 929 et
363 876 578 929 humilia
623 877 848 941 respicit,
878 889 923 931 et
961 880 1067 934 alta
1106 881 1169 935 de
1198 881 1346 951 longe
1391 886 1669 954 cognoscit.

84 968 144 1024 Si
188 967 510 1022 ambulavero
554 968 608 1020 in
656 969 824 1022 medio
853 971 1216 1039 tribulationis,
1264 975 1539 1044 vivi/icabis
1565 992 1665 1029 me.

83 1061 248 1134 Super
263 1061 391 1114 iram
412 1061 732 1114 inimicorum
754 1071 959 1116 tuorum
981 1064 1106 1132 (Ilii.
1131 1069 1379 1137 meorum)
1399 1069 1678 1122 extendisti

80 1169 283 1207 ntanum
313 1161 473 1217 tuam,
500 1161 549 1206 et
577 1153 772 1207 salvum
801 1169 881 1208 me
905 1156 1026 1225 fecit
1055 1155 1263 1211 dextera
1293 1167 1400 1212 tua.
1432 1159 1669 1228 Domine,

79 1243 324 1298 rrtribues
374 1243 505 1315 (Hil.
536 1241 792 1299 Dominus
830 1245 1092 1319 retribuet)
1145 1266 1240 1318 pro
1280 1267 1377 1304 me.
1426 1250 1669 1319 Domine,

75 1336 428 1390 misericordia
479 1345 568 1390 tua
611 1337 664 1392 in
712 1339 902 1393 stecula
933 1357 1137 1414 :opera
1180 1361 1421 1398 manuum
1467 1355 1672 1400 tuarum

78 1446 177 1485 non
206 1431 430 1486 omittas.

502 1526 921 1584 TRACTATUS
960 1527 1209 1584 PSALMI
1222 1569 1238 1585 .

147 1616 200 1670 1.
232 1613 580 1687 Confessionis
615 1618 808 1688 duplex
833 1636 1012 1689 genus.
1053 1649 1111 1662 -—
1145 1620 1422 1691 Duplicem
1456 1621 1507 1676 in
1539 1637 1672 1677 con-

77 1707 311 1764 fessione
350 1709 794 1778 signiﬁcationem
836 1726 992 1776 esse,
1046 1711 1098 1766 in
1138 1712 1384 1782 plurimis
1413 1713 1544 1767 locis
1571 1713 1665 1768 de-

1778 520 1968 578 Nullus
1997 533 2174 581 autem
2205 526 2279 585 id.
2303 528 2445 598 quod
2475 541 2753 600 peccatum
2797 547 2917 588 esse
2955 534 3236 589 confessus
3262 542 3368 598 est,

1777 610 1858 680 (ά)
1881 610 2135 682 deinceps
2163 617 2324 672 debet
2363 619 2666 686 admittere,
2709 622 2833 692 quia
2859 623 3132 679 confessio
3167 627 3373 694 peccati

1775 701 2043 770 professio
2086 715 2171 761 est
2217 708 2522 769 desinendi.
2575 713 2840 768 Craterum
2893 715 2946 769 in
2987 715 3275 774 intellectis
3313 727 3370 773 et

1777 795 2040 851 confessis
2067 815 2306 868 manere,
2337 806 2408 877 (e)
2433 809 2548 863 haec
2579 808 2781 878 peccati
2806 807 2917 878 jam
2948 810 3156 879 pridem
3195 811 3373 867 scien-

1779 885 1854 938 tia
1904 889 2115 944 veniam
2158 892 2519 952 confessiOnis
2562 898 2778 952 amittit.
2831 900 3088 957 Conﬁteri
3138 905 3284 958 enim
3317 903 3368 958 id

1779 986 2049 1048 tamquam
2102 998 2292 1038 recens
2346 989 2621 1058 cognitum
2669 1006 2775 1046 non
2807 1002 3003 1062 potest,
3045 994 3188 1065 quod
3237 1010 3267 1050 a
3315 1011 3376 1052 se

1777 1083 1896 1123 cum
1929 1075 2130 1142 peccati
2158 1077 2464 1147 cognitione
2485 1083 2553 1136 sit
2581 1093 2810 1153 gestum.
2848 1084 3210 1142 Desinendum
3239 1102 3372 1158 ergo

1775 1177 1805 1214 a
1834 1167 2068 1232 peccatis
2118 1177 2220 1235 est,
2258 1184 2536 1243 postquam
2566 1175 2616 1229 in
2645 1176 2988 1234 confessione
3016 1187 3101 1234 est
3128 1181 3370 1250 cognitio

1777 1257 2026 1323 peccati:
2065 1266 2120 1312 et
2167 1260 2538 1318 conﬁtendum
2585 1275 2687 1332 est,
2740 1276 2797 1322 ιιι
2845 1267 3112 1339 Propheta
3161 1271 3369 1337 docuit,
3463 1293 3470 1298 ·

1775 1348 1940 1403 corde
1980 1361 2093 1405 toto
2125 1369 2231 1407 non
2267 1369 2335 1410 ex
2365 1365 2535 1425 parte,
2569 1374 2743 1429 neque
2767 1361 2942 1431 aliqua
2983 1362 3160 1418 adhuc
3189 1365 3375 1420 nobis-

1775 1455 1896 1496 cum
1938 1447 2276 1513 cognitorum
2316 1460 2661 1517 peccatorum
2709 1455 3024 1523 operatione
3077 1457 3367 1513 residente.

1845 1536 1982 1604 Quid
2027 1539 2171 1594 enim
2211 1542 2255 1595 si
2295 1543 2417 1612 quis
2456 1544 2523 1599 de
2564 1544 2708 1600 furto
2757 1549 3047 1617 paenitens,
3082 1552 3277 1623 iniquis
3308 1562 3364 1608 et

1776 1630 2024 1696 turpilus
2070 1633 2236 1686 lucris
2277 1636 2556 1704 pecuniam
2597 1652 2748 1692 suam
2795 1641 3046 1696 auxerit?
3102 1643 3218 1698 Non
3262 1644 3365 1698 crit

1775 1720 1993 1790 quidem
2025 1721 2131 1787 fur,
2164 1725 2257 1779 sed
2288 1727 2391 1780 erit
2418 1743 2614 1782 avatus
2645 1740 2699 1784 et
2729 1741 2931 1800 raptor.
2959 1737 3062 1788 Aut
3093 1736 3136 1788 si
3165 1735 3285 1805 quis
3305 1751 3372 1791 cx

73 1805 536 1869 monstravimus;
569 1815 661 1859 attt
710 1805 913 1875 peccati
966 1806 1156 1869 nostri,
1207 1815 1302 1859 aut
1338 1805 1667 1861 laudationis
1701 1821 1748 1882 Β
1777 1811 2132 1869 fornicatione
2185 1815 2465 1885 desinens,
2517 1820 2644 1874 vino
2700 1836 2758 1875 se
2811 1824 2978 1878 nimio
3021 1836 3372 1896 corrumpet;

74 1897 190 1953 Dei.
224 1897 292 1953 Et
321 1898 424 1953 hoc
454 1899 523 1954 ita
552 1915 694 1964 esse,
729 1917 794 1954 ex
821 1901 1147 1970 evangelicis
1171 1901 1331 1955 dictis
1359 1911 1671 1972 promptum

74 1998 157 2044 est
200 2005 450 2044 noscere.
486 1990 614 2045 Nam
643 2007 763 2046 cum
807 1991 882 2045 ait
912 1992 1166 2045 Dominus
1195 2010 1206 2044 :
1237 1991 1528 2059 Conﬁtebor
1559 1995 1670 2059 tibi,

72 2079 320 2147 Domine,
349 2091 493 2152 pater
517 2083 629 2136 coeli
652 2092 698 2136 et
724 2091 889 2146 terrae,
910 2083 1030 2149 quia
1058 2083 1368 2138 abscondisti
1395 2086 1500 2140 Ita’c
1526 2103 1558 2138 a
1585 2102 1672 2138 sa-

73 2172 330 2243 pientibus
372 2184 421 2227 et
450 2173 783 2243 prudentibus
827 2176 1028 2237 steculi,
1070 2186 1118 2230 et
1145 2175 1376 2229 revelnsti
1402 2193 1462 2230 ea
1491 2193 1674 2246 parvu-

71 2264 138 2320 lis
167 2263 384 2336 (Matth.
417 2282 491 2331 XI,
523 2265 653 2336 25);
686 2267 896 2321 laudem
948 2267 1037 2321 Dei
1086 2269 1274 2337 patris,
1319 2268 1390 2322 ob
1437 2269 1673 2324 revelata

70 2357 318 2428 parvulis
358 2375 476 2428 qua)
525 2359 770 2429 ignorata
819 2369 1004 2414 essent
1047 2361 1418 2430 prudentibus.
1450 2362 1675 2417 conﬁte-

71 2457 162 2504 tur
193 2467 206 2504 :
237 2449 443 2507 docens
473 2451 592 2506 ideo
624 2454 883 2507 absconsa
916 2469 976 2507 ea
1005 2469 1126 2507 esse
1160 2454 1243 2508 his
1265 2454 1355 2521 qui
1379 2455 1672 2525 prudentes

69 2542 411 2609 viderentur,
444 2545 565 2615 quia
598 2561 701 2598 non
735 2545 1028 2599 secundum
1077 2547 1438 2602 innocentiam
1475 2563 1672 2618 parvu-

69 2632 248 2688 lorum
292 2637 578 2705 przcceptis
628 2637 954 2707 evangelicis
1001 2637 1381 2693 credidissent.
1435 2643 1503 2693 At
1546 2654 1674 2694 vero

70 2726 162 2782 ubi
211 2729 268 2783 in
301 2729 528 2786 'eisdcm
577 2730 887 2801 Evangeliis
930 2731 1129 2786 dicitur
1169 2749 1182 2784 :
1217 2731 1279 2786 Et
1325 2732 1671 2801 baptizaban-

65 2826 156 2873 tur
213 2835 412 2875 omnes
473 2823 524 2876 in
583 2821 858 2888 Jordanc,
927 2825 1246 2879 conﬁtentes
1296 2835 1513 2893 peccata
1573 2839 1671 2878 sua

65 2911 291 2982 (Matth.
323 2929 405 2981 ιιι,
437 2914 530 2986 6);
563 2915 670 2970 illic
709 2916 976 2971 confessio
1020 2926 1361 2986 peccatorum
1394 2917 1511 2972 sine
1560 2932 1673 2971 am-

62 3004 336 3076 biguitate
365 3009 773 3080 signiﬁcationis
802 3011 1024 3066 alterius
1053 3011 1378 3066 continetur.

134 3101 193 3156 2.
228 3101 507 3174 Confessio
536 3105 728 3176 peccati
749 3105 1038 3158 utilissima.
1071 3105 1209 3171 Quid
1235 3105 1322 3158 sit.
1355 3134 1425 3144 —-
1446 3103 1672 3158 Maxima

1779 1917 1977 1972 corpus
2007 1906 2222 1972 quidem
2254 1924 2410 1964 suum
2443 1929 2548 1965 non
2581 1913 2806 1982 polluet,
2847 1915 2941 1971 sed
2981 1917 3216 1974 animam
3246 1934 3378 1974 con-

1781 1999 2080 2053 taminahit.
2110 2001 2175 2054 Et
2221 2001 2266 2057 si
2297 2005 2420 2073 quis
2459 2022 2490 2060 a
2518 2007 2755 2062 czedibus
2789 2018 3117 2079 temperans,
3152 2013 3378 2068 maledi-

1777 2102 1874 2142 cus
1912 2104 2032 2145 esse
2063 2093 2350 2162 persistet;
2396 2112 2614 2152 manum
2645 2100 2866 2169 quidem
2899 2101 3222 2159 homicidam
3264 2119 3374 2160 non

1779 2178 2017 2246 habebit,
2057 2184 2151 2237 sed
2183 2186 2418 2256 tinguant
2461 2187 2700 2244 habebit.
2746 2192 2811 2245 Et
2840 2192 3111 2262 quomodo
3150 2194 3270 2264 quis
3301 2210 3366 2250 ex

1780 2279 1890 2326 toto
1929 2275 2091 2330 corde
2121 2280 2314 2344 poterit
2357 2279 2628 2344 conﬁteri,
2660 2297 2765 2337 non
2806 2285 2997 2354 exigua
3029 2300 3213 2340 secum
3247 2301 3376 2356 pec-

1776 2365 1880 2418 cati
1912 2377 2064 2435 parte
2095 2369 2404 2424 residente?
2450 2371 2687 2427 Detcrsis
2728 2375 2904 2443 itaque
2943 2375 3196 2430 omnibus
3226 2378 3371 2431 vitiis

1777 2458 2140 2527 confessione,
2174 2478 2310 2532 opus
2347 2472 2431 2518 est
2473 2464 2753 2519 desinendi
2790 2484 2803 2518 :
2835 2475 2889 2520 et
2916 2469 3174 2522 orandum
3221 2483 3368 2524 sent-

1779 2564 1874 2618 per
1903 2551 1970 2605 ad
2011 2551 2180 2607 Deum
2225 2565 2330 2619 cst,
2365 2567 2421 2609 ut
2449 2557 2499 2609 in
2546 2555 2865 2611 cohibendis
2890 2560 3124 2627 peccatis
3169 2563 3377 2614 exstin-

1775 2644 2110 2716 guendisque
2132 2648 2413 2703 incentivis
2435 2664 2646 2717 eorum,
2673 2650 2903 2720 pendula
2927 2652 3220 2708 voluntatis
3250 2668 3379 2708 nos-

1777 2748 1873 2792 trae
1899 2739 2071 2794 studia
2103 2741 2404 2797 confirmet.

1845 2831 1900 2886 .4.
1933 2831 2013 2885 0b
2051 2832 2192 2902 quod
2216 2833 2327 2902 jam
2357 2833 2424 2905 (ί)
2469 2834 2750 2890 conﬁdens
2795 2835 3061 2907 Propheta
3106 2853 3203 2908 per
3247 2853 3379 2894 con-

1778 2923 2068 2978 fessionem
2096 2940 2158 2980 ac
2204 2941 2419 2995 precem
2467 2941 2620 2982 suam
2664 2929 2720 2983 in
2753 2938 2908 2998 portu
2949 2946 3009 2986 se
3054 2930 3378 2986 innocentia:

1775 3016 2122 3083 collocatum,
2146 3018 2240 3082 ait,
2279 3018 2439 3073 Vens.
2472 3020 2495 3072 1
2535 3038 2546 3072 :
2577 3020 2869 3091 tionﬁtebor
2904 3021 3014 3088 tibi,
3050 3021 3289 3088 Domine,
3320 3025 3375 3076 in

1777 3120 1883 3164 toto
1912 3112 2065 3164 corde
2090 3127 2200 3166 meo
2225 3129 2243 3166 :
2273 3115 2516 3182 quoniam
2565 3115 2755 3168 audisti
2787 3115 2937 3170 verba
2967 3117 3072 3170 oris
3116 3117 3233 3173 mei.
3269 3117 3380 3170 Du-

60 3206 248 3253 autem
281 3207 340 3254 et
369 3199 654 3254 utilissima
683 3209 766 3254 est
808 3200 1046 3253 letalinm
1095 3198 1348 3252 vitiorum
1381 3199 1585 3253 morbis
1615 3202 1667 3252 in
1699 3215 1744 3278 ρ
1779 3202 1898 3271 plex
1938 3203 2312 3272 intelligentia:
2360 3206 2540 3275 hujus,
2585 3215 2644 3260 ut
2684 3208 2935 3276 superius
2959 3207 3070 3277 jam
3116 3207 3379 3278 diximus,

57 3307 256 3348 eorum
308 3291 650 3348 confessione
691 3293 975 3348 medicina.
1025 3291 1131 3346 Sed
1162 3291 1433 3345 confessio
1463 3293 1668 3361 peccati

56 3402 169 3442 non
203 3395 294 3443 est
321 3396 592 3458 tamquam
624 3403 804 3444 rerum
834 3388 955 3442 aliis
983 3393 1346 3458 ignoratarnm
1378 3388 1666 3457 professio,

53 3491 116 3536 ut
143 3483 190 3536 si
223 3482 317 3536 fur
343 3482 410 3537 de
433 3482 594 3548 furto,
629 3492 720 3536 aut
750 3481 1014 3539 homicida
1041 3481 1110 3536 de
1131 3481 1278 3536 etcde
1310 3481 1670 3550 interrogatus

51 3575 363 3630 conﬁtetur
408 3575 499 3647 (γ.
557 3575 649 3630 Ps.
697 3591 896 3642 cxxxv,
945 3593 998 3630 n.
1039 3578 1097 3646 5)
1139 3595 1150 3629 :
1186 3593 1357 3645 neque
1399 3587 1667 3646 tamquam

49 3669 349 3738 ignorans,
384 3669 476 3740 qui
506 3679 753 3723 scrutans
794 3669 954 3723 corda
996 3677 1052 3723 et
1090 3685 1252 3724 rencs
1285 3670 1426 3724 Dens
1467 3679 1568 3736 est,
1601 3669 1666 3723 ad

50 3762 362 3816 scientiam
407 3761 570 3835 556
600 3761 678 3833 (a)
703 3762 783 3815 sui
815 3762 1156 3816 confessione
1197 3772 1284 3816 tua
1324 3762 1550 3832 indiget,
1582 3764 1666 3816 cui

52 3863 392 3923 promptum
420 3864 502 3908 est
536 3851 612 3926 (b)
640 3868 743 3906 non
771 3853 944 3906 solum
974 3855 1226 3923 cogitata,
1256 3853 1349 3908 sed
1387 3853 1668 3923 cogitanda

44 3945 408 4015 perspicere.
459 3943 739 3999 Confessio
787 3955 966 3998 autem
1022 3946 1221 4012 peccati
1266 3960 1326 4000 ea
1377 3956 1480 4011 est,
1529 3954 1586 4000 nt
1616 3945 1681 4007 id

40 4035 200 4107 quod
234 4050 268 4089 a
311 4045 366 4089 te
395 4045 604 4106 gestum
634 4044 738 4102 est,
767 4050 864 4104 per
890 4035 1249 4104 cognitionem
1275 4039 1474 4103 peccati
1505 4036 1672 4090 conﬁ-

41 4128 225 4182 tearis
271 4142 402 4183 esse
426 4135 725 4198 peccatum.
770 4127 940 4182 Nemo
981 4129 1122 4181 enim
1165 4127 1306 4193 quod
1353 4129 1479 4196 agit,
1513 4127 1563 4181 id
1605 4127 1670 4180 ad

35 4219 340 4290 agendum
385 4233 489 4273 non
527 4230 614 4272 aut
647 4219 818 4272 fructu
866 4218 1244 4272 oblectationis
1287 4217 1537 4285 alicujus,
1581 4227 1673 4271 aut

34 4311 268 4382 judicio
325 4310 480 4365 bona:
523 4311 574 4364 in
609 4325 678 4365 eo
724 4309 996 4381 opinionis
1039 4309 1349 4378 aggreditur
1379 4325 1393 4362 :
1422 4308 1548 4362 dum
1581 4318 1674 4364 aut

35 4413 275 4459 rectum
313 4410 484 4472 putat,
507 4411 599 4456 aut
623 4417 687 4457 eo
707 4404 923 4473 gaudet.
958 4401 1065 4458 Sed
1093 4417 1214 4457 cum
1247 4417 1341 4471 per
1363 4401 1668 4456 doctrinam

35 4501 172 4567 Dei,
209 4500 447 4570 verique
491 4501 752 4555 rationem
773 4543 787 4566 ,
815 4516 877 4556 ea
909 4517 1030 4571 qua:
1058 4501 1158 4556 sub
1186 4502 1368 4571 specie
1405 4509 1497 4554 aut
1525 4499 1665 4554 utili-

35 4593 180 4648 tatis
230 4601 338 4645 aut
381 4591 672 4661 voluptatis
702 4591 776 4665 (ε)
803 4594 987 4664 elegit,
1035 4591 1285 4663 intelligit
1328 4605 1450 4646 esse
1481 4604 1668 4660 pecca-

33 4695 200 4750 tum;
249 4698 356 4754 per
409 4685 612 4753 peccati
653 4685 1062 4755 intelligentiam
1107 4693 1385 4756 peccatum
1442 4684 1494 4739 id
1545 4696 1669 4738 esse

31 4776 198 4849 quod
239 4790 275 4828 a
301 4788 363 4827 se
389 4783 596 4844 gestum
625 4783 711 4831 est
735 4775 1046 4833 conﬁtetur.

221 4867 462 4922 Peccata
481 4874 748 4938 .conlessus
778 4869 841 4922 ab
866 4868 931 4923 iis
956 4869 1099 4922 debet
1127 4866 1380 4923 desinere.
1409 4865 1672 4937 Confessio

113 5035 210 5106 (a)
245 5031 708 5104 Coniectabamus
737 5029 1021 5106 legendum
1039 5044 1161 5106 esse
1189 5029 1262 5082 tui
1283 5027 1419 5106 .°_s_ed
1439 5027 1675 5106 retinen-

24 5099 201 5160 duiu'
220 5105 319 5158 sui
354 5099 504 5174 quasi
535 5119 681 5156 suam
711 5119 730 5156 :
755 5101 896 5171 quod
927 5111 980 5155 et
1010 5101 1209 5156 habent
1233 5099 1500 5154 editiones
1537 5099 1670 5154 anti-

25 5193 200 5252 quae,
235 5190 363 5252 gon
407 5189 536 5231 mss.
617 5243 659 5252 _
1081 5242 1092 5252 ,
1393 5241 1406 5252 ,
1584 5238 1619 5252 ,,

115 5248 210 5318 (b)
235 5247 384 5315 Reg.
414 5261 514 5300 ms.
547 5253 601 5318 et
617 5243 818 5318 Turon.
849 5258 949 5297 non
977 5242 1203 5318 cogitata
1228 5259 1245 5296 :
1267 5241 1408 5311 quod
1439 5255 1545 5294 non
1567 5238 1678 5294 dis-

23 5314 228 5390 plicet
265 5314 396 5390 pro,
423 5317 649 5390 nondum
698 5314 956 5390 cogitata;
987 5314 1220 5390 maxime
1257 5328 1379 5367 cum
1422 5323 1679 5382 sequatur

20 5385 133 5446 sed
168 5388 494 5458 cogitanda,
530 5404 634 5440 non
663 5385 751 5439 sed
779 5386 951 5447 etiam,
987 5393 1080 5438 aut
1105 5385 1195 5439 sed
1219 5395 1288 5438 et.

110 5480 201 5552 (ε)
241 5479 348 5534 Sic
377 5492 510 5533 mss.
543 5480 610 5532 At
632 5476 783 5542 editi,
817 5477 935 5545 egit.

106 5574 214 5648 (ά)
259 5570 606 5626 Miciacensis
633 5569 826 5635 codex,
868 5569 1107 5638 deinceps
1137 5569 1335 5624 veniam
1361 5568 1604 5623 admittit.

132 5667 226 5739 te)
270 5666 384 5739 Pro
414 5666 542 5739 ιιαξςρ
590 5664 1004 5739 ωιξιιεπιιιεέπ-
1045 5663 1254 5739 Deinde
1295 5666 1548 5739 tomice
1583 5662 1691 5732 pri-

20 5733 213 5804 om;
249 5735 782 5805 subintelligendum
817 5734 1009 5788 habita.
1045 5734 1280 5788 Hilarius
1307 5734 1414 5799 hic,
1437 5733 1540 5790 sed
1570 5747 1690 5805 ma-

20 5816 132 5883 gis
169 5803 238 5864 in
281 5807 426 5876 psal.
456 5803 584 5872 ext},
608 5823 665 5860 ιι.
692 5805 754 5869 ‘l.
781 5806 846 5860 iis
870 5815 1074 5859 tantum
1096 5805 1450 5859 confessionis
1478 5803 1689 5857 veniam

1780 3311 1972 3352 sensus
2017 3309 2121 3354 est.
2170 3297 2303 3352 Nam
2337 3299 2451 3353 sive
2498 3299 2710 3353 laudem
2758 3301 2870 3354 Deo
2899 3301 3208 3364 confitetur,
3249 3304 3377 3371 quia

1780 3389 1942 3444 verba
1972 3391 2087 3444 oris
2126 3390 2242 3460 ejus
2274 3391 2453 3444 audita
2481 3399 2607 3444 sunt
2639 3408 2651 3443 :
2681 3391 2802 3446 sive
2829 3407 2924 3460 per
2950 3391 3378 3447 misericordiam

1782 3484 1875 3539 Dei
1907 3499 2029 3540 eum
2060 3485 2151 3539 ditt
2173 3493 2385 3540 orasset
2407 3485 2486 3555 (9)
2514 3485 2748 3555 adjutus,
2774 3485 2886 3555 jam
2913 3487 3162 3540 omnibus
3185 3500 3375 3555 pecca-

1781 3575 1849 3629 tis
1891 3576 2266 3632 desinentibus
2311 3577 2620 3632 confitetur.
2656 3577 2805 3632 Fidei
2853 3587 3052 3632 nostra:
3088 3585 3380 3648 utrumque

1779 3668 2133 3735 conveniens,
2175 3679 2234 3723 ut
2264 3678 2317 3723 et
2349 3669 2633 3724 Dominum
2661 3668 2966 3738 laudemus,
3012 3678 3068 3725 et
3113 3669 3375 3726 conﬁtea-

1775 3777 1897 3816 mur
1923 3763 2194 3816 intellecta
2225 3771 2463 3831 peccata.

1847 3854 1902 3908 5.
1955 3853 2136 3924 Angeli
2170 3854 2409 3924 ﬁdelibus
2462 3854 2648 3922 ubique
2698 3855 2910 3910 adsunt.
2937 3885 3010 3898 -—
3039 3854 3244 3911 Dehinc
3283 3869 3377 3910 se-

1773 3949 1955 4018 quitur
1984 3964 1996 3999 :
2033 3947 2097 3998 Et
2132 3948 2185 3999 in
2225 3958 2499 4016 conspectu
2534 3948 2837 4017 angelorum
2865 3949 3085 4016 psallam
3131 3949 3240 4001 tibi.
3275 3947 3379 4001 Pa-

1775 4053 1892 4090 rum
1923 4037 2024 4089 sibi
2054 4037 2329 4090 existimat
2356 4037 2622 4104 Propheta
2654 4051 2797 4100 esse,
2828 4047 2884 4090 ιιι
2912 4037 3221 4090 hominibus
3259 4045 3380 4090 tan-

1778 4137 1888 4180 ttnn
1920 4127 2279 4196 prmsentibus
2311 4127 2505 4194 psallat
2535 4145 2547 4178 :
2574 4129 2732 4200 557
2757 4129 2880 4196 quia
2906 4127 3154 4181 homines
3183 4141 3380 4196 corpo-

1776 4219 1970 4274 ralium
2006 4227 2211 4272 tantum
2262 4220 2602 4288 negotiorum
2648 4216 2828 4272 otﬁeia
2873 4217 3188 4288 inspiciunt.
3224 4217 3280 4272 In
3307 4232 3378 4273 eo

1776 4308 1920 4363 enim
1949 4307 2092 4379 quod
2131 4309 2332 4379 psallit,
2363 4318 2568 4362 motum
2596 4307 2932 4376 complacitae
2963 4307 3075 4364 Deo
3103 4309 3378 4380 operatio-

1777 4400 1864 4456 nis
1885 4399 2144 4455 ostendit.
2174 4398 2290 4456 Non
2319 4415 2450 4470 ergo
2469 4415 2589 4470 quae
2615 4399 2868 4454 videntur
2897 4402 2948 4454 in
2972 4415 3200 4471 corpore
3222 4404 3376 4457 cerni

1777 4493 2052 4548 desiderat
2079 4511 2092 4547 :
2123 4493 2218 4548 sed
2244 4507 2329 4560 ea,
2353 4507 2474 4562 quae
2501 4492 2820 4563 spiritaliter
2857 4503 3065 4548 naturas
3104 4494 3379 4564 spiritales

1777 4594 2106 4641 contuentur
2131 4599 2326 4655 gerere
2351 4584 2588 4639 festinat.
2623 4583 2738 4637 Scit
2767 4582 2910 4638 enim
2944 4598 3004 4639 se
3027 4585 3128 4640 sub
3157 4585 3380 4655 specula

1777 4676 2095 4747 angelorum
2124 4678 2290 4730 vitam
2327 4689 2545 4729 omnem
2572 4688 2862 4744 moresque
2889 4689 3071 4745 agere,
3092 4683 3148 4731 et
3174 4675 3380 4746 ubique

1777 4768 1896 4823 hmc
1941 4767 2248 4823 divinorum
2297 4766 2376 4840 (Ιι)
2412 4766 2838 4821 ministeriorum
2884 4767 3082 4822 auxilia
3131 4766 3382 4822 ﬁdelibus

1781 4865 1992 4921 cunctis
2037 4865 2319 4931 assistere,
2365 4873 2425 4918 ut
2453 4863 2713 4934 scriptum
2746 4870 2870 4917 est:
2903 4863 3129 4935 Angelus
3167 4862 3379 4918 Domini

1779 5024 1993 5080 videtur
2031 5023 2354 5087 concedere,
2379 5021 2470 5092 qui
2501 5036 2564 5076 ex
2596 5019 2910 5076 inﬁrmitate
2939 5028 2993 5076 et
3034 5032 3224 5075 errore
3250 5033 3379 5090 pec-

1782 5097 2047 5152 caverint.

1859 5165 1925 5239 (f)
1959 5165 2114 5233 Bad.,
2162 5165 2280 5239 En,
2311 5163 2462 5239 Lips.
2477 5171 2544 5239 et
2574 5177 2706 5218 mss.
2746 5175 2957 5239 reg._ac
2982 5158 3187 5239 Turo_n.
3218 5160 3383 5239 con/i-

1791 5230 1921 5292 ten's.
1954 5239 2072 5292 Mox
2101 5230 2254 5290 solus
2277 5230 2446 5291 codex
2477 5234 2682 5290 Turon.
2707 5230 2830 5289 cum
2863 5233 3008 5302 Lips.
3041 5241 3096 5286 et
3114 5230 3244 5302 Par.
3273 5233 3382 5286 col-

1791 5311 1927 5364 locat
1952 5325 2070 5362 cum
2099 5309 2191 5361 ait.
2222 5305 2568 5360 Praeferimus
2594 5321 2716 5360 cum
2740 5305 2862 5359 Par.
2892 5301 2946 5357 et
2971 5316 3074 5355 ms.
3108 5301 3229 5356 Mic.
3255 5317 3382 5356 con-

1794 5381 2088 5449 ﬁdens:ac
2117 5377 2314 5433 deinde
2354 5391 2475 5449 cum
2514 5376 2701 5431 eodem
2730 5389 2843 5449 gms.
2894 5387 3108 5428 necnon
3154 5386 3268 5443 reg.
3319 5386 3386 5427 ac

1787 5445 1920 5505 edit.
1953 5449 2110 5515 Bad.,
2139 5457 2194 5503 et
2223 5449 2313 5502 Er.
2340 5447 2663 5506 collocatum,
2690 5445 2781 5499 ait.

1868 5519 1946 5592 (g)
1989 5520 2044 5574 In
2074 5513 2344 5592 postrema
2373 5517 2610 5592 editione
2641 5513 3006 5592 Par._auditus_
3031 5531 3050 5568 :
3077 5515 3384 5592 quam_lee-

1793 5583 1995 5647 tioiiém
2027 5583 2325 5661 praeferens
2363 5591 2596 5659 scriptor
2622 5602 2724 5642 ms.
2756 5583 2960 5641 Turon.
2992 5583 3046 5639 in
3087 5585 3383 5656 marginem

1795 5662 1985 5732 rejecit
2015 5662 2248 5732 adjutus.

1808 5757 1812 5760 -
1855 5725 1951 5805 ξω)
1981 5732 2038 5787 1η
2070 5725 2298 5805 vulgatis
2321 5730 2702 5805 mysteriorum.
2730 5725 2950 5805 Rectius
2975 5725 3028 5782 in
3057 5742 3161 5805 ms.
3185 5727 3390 5805 Turon.

1801 5797 2223 5858 ministeriorum.
2274 5797 2468 5870 Angeli
2499 5807 2762 5854 vocantur
2810 5797 2989 5852 divina
3019 5798 3322 5854 ministeria
3373 5803 3385 5853 ι
