3896 6336
512 360 616 416 787

1704 345 1946 404 SANCTI
1989 335 2240 400 lllLAltll
2283 337 2590 402 EPlSCOPI

3698 346 3777 399 788

511 485 566 538 in
616 479 834 538 circuitu
881 479 1159 535 tiinentium'
1189 485 1299 530 eum
1329 471 1504 545 (Psal.
1538 483 1725 536 xxsm,
1767 467 1844 543 8).
1893 465 2095 540 Legem
2123 459 2177 530 Α
2200 484 2311 522 sum
2333 461 2737 545 DeusAbrabam
2759 474 2806 520 et
2826 461 2967 518 Deus
2997 459 3167 515 Isaac
3198 466 3249 511 et
3270 451 3584 510 Deuslarob
3611 453 3778 526 (Matth.

516 574 686 630 etiam
729 570 893 645 Moysi
923 565 974 626 in
1018 585 1178 624 manu
1222 565 1533 622 Medialoris
1561 579 1656 636 per
1686 561 1905 634 angelos
1937 560 2104 616 fuisse

509 667 831 739 dispositam
863 665 1020 721 docet
1040 662 1334 733 Apostolus
1355 657 1500 733 (Gal.
1529 675 1606 724 ιιι,
1635 655 1745 730 l9).
1778 655 1889 711 Nec
1915 671 2021 710 non
2047 660 2104 709 et

509 760 725 816 Eliseus
776 753 1170 814 absolutissime
1207 755 1412 821 docuit,
1454 752 1714 808 humanas
1765 745 2102 805 infirmitates

509 851 824 922 angelorum
853 848 1064 904 auxiliis
1094 845 1334 914 defendi,
1365 850 1418 903 et
1446 846 1498 900 in
1534 839 1784 900 omnibus
1824 838 2099 912 periculis,

507 941 553 999 si
588 939 722 998 fides
753 945 964 996 maneat
993 940 1045 995 in
1074 938 1252 1004 nobis,
1274 937 1470 994 adesse
1495 935 1814 1007 spiritalium
1841 933 2101 987 virtutum

506 1033 901 1090 defensionem.
933 1025 1175 1104 Namque
1228 1047 1349 1086 cum
1381 1025 1494 1085 Rex
1522 1029 1696 1108 Syriae
1737 1041 1930 1098 capere
1959 1023 2101 1081 Getlt

505 1125 718 1194 urbem,
752 1125 805 1180 in
854 1141 956 1197 qua
1005 1117 1146 1181 idem
1181 1123 1395 1181 Eliseus
1432 1120 1695 1194 prapbeta
1747 1129 1908 1186 esset,
1945 1128 2102 1190 para-

497 1223 606 1286 ret,
641 1223 696 1274 et
717 1205 994 1274 nocturnis
1021 1217 1306 1274 itineribus
1331 1217 1630 1273 exercitum
1653 1230 1832 1280 suum,
1861 1211 1949 1283 qui
1975 1219 2102 1266 ante

501 1312 680 1368 lucem
737 1313 923 1368 urbem
980 1309 1294 1378 obsideret,
1342 1309 1699 1375 destinasset;
1753 1321 1884 1379 puer
1936 1304 2103 1361 Elisei

499 1417 790 1476 conspecta
817 1403 1099 1461 obsidione
1128 1404 1269 1460 dixit
1293 1422 1305 1459 :
1341 1399 1385 1458 Ο
1410 1399 1648 1470 Domine,
1671 1400 1795 1473 quid
1817 1397 2102 1472 faciemus?

499 1499 569 1554 Et
609 1497 750 1553 dixit
782 1497 993 1554 Eliseus
1021 1515 1034 1552 :
1070 1495 1198 1552 Noli
1245 1493 1419 1552 timere
1447 1513 1465 1550 :
1492 1495 1614 1568 quia
1641 1494 1814 1561 plures
1859 1502 1976 1547 sunt
2009 1507 2102 1544 no-

497 1591 720 1659 biscum,
768 1607 921 1660 quam
964 1607 1080 1644 cum
1109 1589 1234 1644 illis.
1285 1574 1354 1640 Et
1384 1587 1546 1641 oravit
1577 1585 1781 1640 Eliseus
1824 1587 1893 1642 ad
1920 1584 2104 1640 Domi-

500 1701 650 1750 num,
679 1693 726 1738 et
750 1682 901 1749 dixit,
925 1680 1170 1754 Adaperi,
1205 1679 1446 1750 Domine,
1477 1680 1652 1734 oculos
1679 1681 1824 1750 pueri
1846 1680 2024 1751 hujus,
2057 1686 2104 1738 et

495 1779 690 1833 videat.
721 1773 789 1832 Et
810 1776 1082 1846 adaperuit
1112 1775 1363 1831 Dominus
1388 1775 1564 1830 oculos
1601 1777 1772 1848 pueri,
1799 1785 1846 1830 et
1876 1776 2023 1841 vidit,
2055 1779 2104 1830 et

2205 559 2312 614 xxii
2340 601 2353 625 ,
2383 557 2448 615 31
2482 569 2529 612 et
2559 557 2691 630 39.)?
2719 555 2842 612 Non
2872 565 2952 612 est
2980 555 3130 610 Deus
3158 561 3518 617 mortuorum,
3557 549 3638 604 sed
3658 552 3782 604 sim-

2206 653 2334 707 tium
2366 651 2562 725 (Exod.
2595 669 2691 719 ιιι,
2735 651 2814 724 6).
2856 642 2911 705 ln
2959 648 3226 705 absoluto
3274 661 3409 718 ergo
3462 645 3784 701 haereticorum

2207 747 2675 820 (Maniclneorum)
2724 760 2882 801 error
2924 752 3053 810 est,
3090 741 3185 816 qui
3235 737 3412 793 alium
3463 747 3622 809 atque
3661 737 3785 794 alium

2208 840 2608 911 evangeliorum
2637 848 2692 894 et
2721 837 2857 910 legis
2889 837 3060 891 Deum
3095 839 3400 889 asserunt:
3424 846 3551 886 cum
3575 829 3789 888 Dominus

2208 929 2258 989 id
2290 931 2432 1006 quod
2463 931 2761 1002 principale
2806 930 2857 984 in
2897 929 3018 1001 lege
3069 935 3190 994 est,
3239 925 3311 980 ad
3358 923 3788 980 confirmationem

2205 1025 2320 1098 spei
2357 1023 2682 1094 evangelicae
2720 1029 3134 1076 commemoret.
3168 1018 3270 1074 Est
3298 1023 3492 1073 autem
3536 1023 3593 1071 et
3627 1030 3787 1072 nomen

2206 1113 2350 1170 aliud
2385 1114 2514 1180 Deo,
2558 1109 2702 1184 quod
2729 1111 2780 1168 in
2805 1110 3104 1182 evangeliis
3130 1107 3569 1179 cognoscimus,
3603 1106 3788 1160 Domina

2207 1202 2422 1285 diceutp
2454 1224 2467 1260 :
2505 1203 2686 1273 Pater,
2715 1206 2848 1260 venit
2879 1205 3029 1270 hora,
3070 1192 3373 1270 honoriﬁca
3403 1193 3610 1252 Filium
3647 1207 3786 1265 tum,

2208 1312 2261 1355 ut
2292 1297 2466 1355 Filius
2497 1310 2612 1354 tuus
2643 1299 2946 1369 honori/iret
2990 1307 3037 1351 te
3065 1294 3256 1368 (Joan.
3291 1309 3439 1362 xvn,
3495 1292 3572 1363 1).
3605 1292 3666 1347 Et
3701 1303 3790 1363 post

2206 1395 2374 1450 multa
2407 1395 2509 1448 alia
2537 1395 2778 1464 sequitur
2818 1410 2832 1446 :
2865 1390 3198 1461 Manifestavi
3229 1405 3420 1443 nomen
3467 1397 3618 1442 tuum
3658 1388 3787 1440 Itoni-

2206 1488 2355 1542 nibus
2384 1486 2547 1560 (Ibid.
2577 1486 2651 1557 6).
2685 1485 2755 1542 Et
2784 1485 2928 1557 quod
2971 1499 3170 1539 nomen
3210 1491 3366 1538 esset
3387 1522 3407 1546 .
3449 1482 3698 1550 superius
3728 1497 3789 1533 as-

2207 1578 2378 1634 tendit
2428 1579 2651 1634 dicens:
2686 1576 2882 1642 Pater,
2933 1577 3066 1630 venit
3109 1565 3271 1642 hora,
3323 1563 3626 1643 honoriﬁca
3662 1574 3786 1643 ﬁlim

2207 1685 2373 1730 tuum.
2413 1673 2584 1744 Hujus
2624 1688 2752 1743 ergo
2785 1672 2855 1743 (c)
2884 1679 3080 1728 nomen
3127 1670 3323 1726 adorat
3347 1712 3366 1738 .
3397 1670 3498 1740 qui
3541 1679 3597 1724 et
3639 1684 3791 1725 secun-

2209 1766 2337 1822 dum
2384 1765 2557 1837 legem
2612 1764 2754 1820 Deus
2805 1763 3039 1820 Abrahae
3083 1772 3138 1819 et
3187 1763 3334 1819 Deus
3379 1762 3541 1816 Isaac
3591 1772 3644 1818 et
3685 1763 3788 1817 [lens

496 1871 615 1928 ecce
637 1887 780 1925 mons
805 1881 914 1925 erat
936 1871 1115 1943 plenus
1141 1871 1280 1942 equis
1309 1880 1356 1925 et
1403 1870 1635 1925 curribus
1674 1871 1727 1924 in
1757 1887 1883 1942 gyro
1913 1869 2102 1936 Elisei,
2133 1859 2181 1928 Β
2212 1858 2380 1915 ειποδ
2431 1859 2500 1914 Sit
2523 1899 2540 1926 ι
2573 1866 2629 1915 et
2665 1856 2962 1914 secundum
2991 1856 3272 1928 evangelia
3311 1856 3592 1928 υηίεεηίΰ
3618 1856 3701 1912 uti
3724 1871 3788 1925 F1-

501 1975 551 2020 et
578 1950 946 2018 descenderunt
968 1964 1037 2016 ad
1059 1979 1143 2016 eos
1175 1961 1262 2034 (IV
1291 1959 1420 2034 Reg.
1456 1979 1533 2031 v1,
1567 1953 1637 2018 15
1662 1973 1709 2016 et
1736 1959 1923 2032 seqq.)
1953 1960 2094 2015 Tan-

501 2059 591 2112 Itis
638 2054 693 2112 ct
739 2058 846 2111 tam
894 2053 1089 2111 nobilis
1141 2051 1403 2126 pmpbeta
1445 2051 1596 2111 solus
1643 2054 2104 2124 contemplatione

500 2149 830 2206 auxiliorum
860 2145 1180 2222 spiritalium
1201 2143 1394 2219 dignus
1423 2154 1508 2203 est
1537 2165 1550 2200 :
1581 2146 1674 2202 sed
1699 2146 1868 2201 oratio
1898 2145 2016 2216 ejus
2036 2145 2107 2202 ad

502 2241 793 2300 Dominum
825 2243 996 2298 visum
1025 2237 1448 2313 incorporalium
1476 2239 1635 2294 etiam
1668 2254 1835 2309 puero
1863 2254 1962 2292 suo
1993 2253 2106 2293 me-

504 2338 634 2393 ruit.
669 2331 725 2391 lu
770 2335 962 2391 horum
997 2335 1159 2408 igitur
1193 2333 1564 2390 assistentium
1609 2334 1860 2388 humanis
1889 2333 2106 2390 auxiliis

504 2428 838 2500 Angelorum
882 2434 1176 2499 conspectu
1211 2425 1407 2498 psallet
1436 2425 1730 2496 Pmpbeta,
1774 2421 2106 2496 spiritalibus

503 2523 833 2595 spiritalium
865 2537 1087 2590 Operum
1119 2521 1574 2591 contemplatione
1607 2520 1923 2592 placiturus.

577 2617 631 2671 6.
666 2605 771 2671 Cur
802 2615 1051 2688 propheta
1077 2615 1145 2668 ad
1189 2615 1432 2686 templum
1458 2630 1561 2670 non
1601 2613 1654 2668 in
1695 2614 1883 2682 templo
1912 2612 2104 2667 adora-

502 2719 666 2764 turus.
709 2739 776 2750 —
798 2707 905 2764 Sed
933 2725 1040 2763 non
1071 2710 1246 2763 solum
1274 2723 1456 2763 coram
1483 2707 1688 2779 angelis
1729 2707 1924 2778 psallet
1947 2748 1962 2774 ,
2007 2703 2106 2762 sed

505 2805 669 2860 etiam
712 2803 765 2859 id
819 2803 964 2876 quod
1012 2804 1258 2872 sequitur
1305 2802 1522 2858 efficiet.
1569 2801 1732 2857 Vens.
1765 2802 1819 2856 2.
1867 2801 2107 2856 Adorabo

508 2898 578 2950 ad
604 2897 850 2964 templum
888 2904 1123 2949 sanctum
1150 2904 1292 2946 tuum
1336 2911 1348 2948 :
1392 2892 1496 2948 non
1527 2892 1579 2949 itt
1622 2893 1848 2962 templo,
1875 2909 1944 2948 ne
1977 2892 2108 2964 quid

506 2985 806 3042 secundum
832 2983 1280 3040 consuetudinem
1309 2983 1619 3040 Judteorum
1650 2985 2003 3054 corporaliter
2026 2985 2108 3040 lo-

489 3080 604 3152 qui
627 3079 922 3144 videretur,
943 3078 988 3132 si
1012 3078 1262 3133 adoraret
1284 3079 1336 3131 in
1361 3078 1596 3149 templo;
1623 3077 1718 3133 sed
1741 3080 1808 3133 ad
1838 3079 2104 3151 templum,

507 3169 565 3228 id
586 3178 670 3226 est
689 3211 704 3238 ,
733 3168 876 3242 apud
907 3169 1188 3242 templum,
1217 3169 1412 3239 spiritu
1436 3178 1492 3225 et
1510 3183 1740 3240 corpore
1760 3170 2102 3248 adoraturus.

2210 1962 2295 2010 ter
2322 1959 2426 2008 εει.

2280 2047 2335 2103 8.
2367 2046 2558 2102 Contra
2588 2045 2928 2102 Novatianos.
2957 2076 3030 2086 —
3060 2046 3372 2118 Exstinguit
3416 2061 3641 2118 quoque
3676 2047 3787 2102 inso-

2209 2143 2414 2199 lentem
2446 2155 2631 2196 eorutn
2665 2138 3090 2211 professionem,
3118 2138 3211 2210 qui
3237 2138 3503 2194 humanm
3540 2148 3790 2194 naturaet

2209 2234 2536 2291 infirmitatis
2584 2232 2967 2300 immemores,
3017 2242 3071 2288 et
3108 2233 3616 2289 immisericordem
3658 2233 3789 2288 Diam

2209 2327 2599 2400 pmdicantes,
2630 2328 2865 2398 peccatis
2893 2326 3271 2398 pcenitentium
3309 2325 3533 2383 veniam
3588 2336 3641 2382 et
3677 2327 3788 2381 sola-

2211 2419 2345 2475 tium
2401 2434 2510 2474 non
2568 2419 2921 2488 relinquunt:
2963 2433 3086 2486 cum
3133 2418 3200 2473 ad
3251 2418 3671 2490 paenitentiam,
3718 2435 3787 2489 per

2208 2529 2372 2586 quam
2395 2529 2425 2568 a
2455 2513 2689 2584 peccatis
2708 2511 3006 2577 desistitur,
3038 2511 3285 2568 doctrina
3319 2513 3483 2584 legis,
3531 2513 3783 2584 propheta-

2209 2620 2331 2662 rum
2356 2647 2372 2673 ,
2417 2605 2817 2676 evangeliorum
2843 2647 2858 2671 ,
2892 2605 3264 2675 apostolorum
3297 2619 3399 2660 eos
3426 2606 3524 2677 qui
3571 2621 3788 2676 peccave-

2210 2700 2318 2755 rint
2342 2699 2659 2755 adbortetur
2689 2716 2702 2751 :
2735 2706 2793 2754 ut
2812 2698 3113 2768 desperatae.
3131 2697 3243 2767 jam
3274 2699 3392 2767 spei
3417 2698 3784 2769 aliquantulm

2215 2808 2314 2864 per
2363 2807 2483 2847 eam
2515 2789 2695 2847 solatii
2725 2799 3106 2861 comparetur,
3140 2798 3198 2844 ut
3226 2788 3453 2844 amissis
3493 2790 3621 2845 licet
3651 2791 3786 2843 beatis

2209 2893 2264 2940 et
2289 2883 2536 2940 maximis
2575 2892 2629 2938 et
2654 2884 2732 2956 (ά)
2778 2883 2890 2938 Deo
2919 2882 3206 2954 proximis,
3239 2897 3311 2938 ne
3349 2882 3443 2938 bis
3479 2884 3671 2939 saltem
3693 2897 3787 2952 qua

2211 2977 2410 3034 talibus
2441 2986 2566 3033 sunt
2586 2975 2819 3032 secunda
2846 2989 3145 3031 careamus.

2233 3109 2242 3114 -
2280 3069 2334 3125 9.
2363 3067 2554 3123 Contra
2576 3067 2859 3132 Marciam,
2886 3065 3232 3133 Manicha’os,
3251 3057 3633 3121 clm—Tollit
3654 3066 3781 3120 et'ma

2211 3160 2582 3219 stultissimam
2607 3175 2796 3216 eorum
2823 3160 3178 3216 temeritatem
3198 3201 3212 3225 ,
3237 3159 3333 3231 qui
3360 3157 3625 3216 frustrato
3651 3159 3782 3213 falso-

504 3261 788 3334 Templum
808 3273 987 3317 autem
1013 3263 1124 3318 Deo
1140 3276 1262 3316 esse
1289 3269 1507 3316 sanctos
1526 3276 1786 3334 quosque,
1811 3259 2103 3331 ApOstolus
2129 3260 2175 3324 C
2209 3273 2314 3330 que
2337 3271 2562 3327 corpore
2590 3256 2876 3311 Dominum
2909 3255 2961 3309 in
3000 3270 3165 3312 carne
3204 3257 3378 3310 visum
3430 3269 3556 3310 esse
3591 3262 3780 3308 conten-

505 3355 686 3421 docet,
716 3355 904 3412 dicens
935 3374 948 3410 :
984 3355 1084 3409 Vos
1106 3354 1226 3409 estis
1258 3353 1504 3424 templum
1531 3351 1658 3418 Dei,
1689 3363 1736 3408 et
1759 3353 1983 3426 Spiritus
2004 3353 2102 3409 Dei

505 3448 701 3502 habitat
751 3449 805 3502 in
853 3447 990 3502 vobis
1046 3441 1098 3521 (Ι
1144 3443 1263 3500 Cor.
1321 3433 1565 3520 v1,lfi).
1620 3445 1887 3501 llabitatio
1934 3462 2102 3518 ergo,

506 3536 582 3611 (a)
617 3553 734 3608 qua:
778 3554 842 3592 ex
883 3537 1040 3592 nobis
1068 3535 1182 3591 Deo
1207 3529 1365 3606 digna
1397 3523 1499 3591 erit
1520 3577 1536 3604 ,
1571 3525 1683 3592 Deo
1707 3538 1964 3609 templum
1991 3548 2096 3594 est.

579 3623 634 3685 7.
665 3659 737 3669 —
768 3623 903 3695 Quot
931 3628 1148 3683 Inereses
1207 3637 1395 3682 enecet.
1443 3615 1539 3682 Dei
1569 3630 1798 3683 nomina.
1845 3659 1916 3670 —
1947 3619 2102 3702 Apud

508 3721 612 3777 boc
638 3737 768 3792 ergo
793 3715 1050 3790 templum
1096 3709 1209 3776 Deo
1249 3730 1494 3776 sanctum
1539 3707 1814 3790 adorabit,
1845 3738 1955 3778 non
1985 3725 2105 3780 sine

508 3811 751 3882 perfecta
780 3811 992 3868 ratione
1024 3811 1287 3866 doctrinae
1326 3829 1339 3868 :
1371 3826 1438 3866 ne
1461 3826 1564 3884 qua
1605 3811 1876 3870 barreticis
1906 3807 1974 3870 de
2015 3805 2102 3870 in-

507 3904 823 3974 compositae
854 3903 1116 3960 orationis
1146 3891 1465 3961 confusione
1502 3905 1568 3960 ad
1609 3899 1781 3961 studia
1812 3921 1907 3962 sua
1950 3919 2104 3979 pate-

510 4008 595 4054 ret
625 3985 1053 4068 irreligiositatis
1080 3997 1316 4053 occasio.
1357 3999 1448 4053 Ait
1485 3997 1630 4055 enim
1676 4017 1690 4054 :
1731 3987 1801 4053 Et
1823 3999 2104 4068 conﬁtebor

510 4085 709 4145 nomini
760 4097 847 4144 tuo
900 4105 1054 4160 super
1101 4089 1510 4145 misericordiam
1560 4101 1700 4147 tuam
1734 4101 1784 4145 et
1837 4094 2106 4148 veritatem

509 4191 673 4236 tuam.
707 4181 846 4238 Cum
876 4179 969 4237 Dei
1013 4181 1218 4237 nomitii
1259 4179 1588 4252 confitetur,
1622 4193 1768 4240 tenet
1797 4186 2107 4256 evangelio-

509 4288 627 4328 rum
657 4284 713 4328 et
742 4263 874 4344 legis
896 4288 1188 4344 congruam
1212 4273 1393 4330 fidem.
1422 4271 1574 4343 Quod
1607 4274 1748 4331 enim
1776 4277 1878 4332 sibi
1908 4293 2106 4335 nomen

511 4376 633 4418 esse
667 4359 793 4418 sciri
828 4354 967 4420 Deus
997 4362 1184 4432 voluit,
1202 4365 1393 4421 eodem
1425 4365 1570 4426 dicto
1599 4367 1908 4438 evangelico
1945 4370 2111 4442 558

2209 3352 2378 3408 dunt:
2405 3358 2460 3406 ut
2487 3366 2609 3406 eum
2635 3349 2798 3406 Pater
2821 3349 3076 3404 ementita
3105 3349 3330 3404 veritate
3357 3349 3416 3401 iu
3446 3347 3631 3402 habitu
3660 3346 3780 3399 fab:

2209 3444 2389 3500 carnis
2419 3441 2750 3510 ostenderit;
2781 3459 2887 3498 non
2917 3442 3268 3498 recordantes
3297 3450 3422 3512 post
3452 3443 3777 3495 resurrectio-

2208 3553 2332 3592 nem
2361 3536 2604 3605 corporis
2629 3535 2876 3607 spiritum
2909 3551 2968 3591 se
2994 3535 3180 3591 videre
3206 3535 3562 3590 credentibus
3594 3546 3776 3604 aptata-

2210 3630 2276 3686 lis
2302 3629 2505 3686 dietum
2533 3645 2654 3686 esse
2683 3648 2697 3684 :
2731 3630 2865 3696 Quid
2894 3629 3183 3684 conturbati
3208 3631 3364 3694 estis,
3396 3640 3442 3683 et
3469 3645 3590 3699 quia
3613 3629 3780 3699 cogita-

2209 3728 2370 3779 tiones
2396 3723 2768 3778 adscenderunt
2814 3725 2867 3778 in
2895 3725 3052 3778 corda
3082 3724 3294 3778 vestra?
3330 3721 3519 3776 Videte
3557 3731 3602 3776 et
3629 3738 3781 3775 uisu

2210 3835 2348 3873 meas
2371 3828 2419 3873 et
2446 3817 2598 3888 pedes
2621 3859 2638 3886 ,
2680 3817 2920 3887 quoniam
2945 3818 3054 3888 ipse
3079 3834 3171 3889 ego
3213 3833 3328 3870 sum
3361 3832 3380 3871 :
3412 3811 3623 3887 pulpate
3651 3827 3694 3868 et
3721 3817 3778 3866 si-

2211 3911 2344 3978 dcte,
2375 3910 2619 3980 quoniam
2643 3909 2855 3979 spiritus
2882 3924 3087 3963 carnem
3117 3916 3163 3962 et
3187 3924 3303 3962 ossa
3329 3923 3437 3960 non
3464 3907 3650 3973 habet,
3676 3908 3782 3960 sicut

2210 4019 2289 4056 me
2315 4002 2494 4056 videtis
2523 4000 2786 4055 habentem
2816 3999 2968 4070 (Luc.
2996 4015 3144 4066 XXIV,
3170 3997 3240 4054 58
3263 4008 3311 4054 et
3355 3998 3473 4070 59).
3507 3997 3591 4054 Ab
3616 3997 3783 4052 horam

2213 4093 2376 4167 igitur
2403 4092 2746 4149 confessione
2774 4092 3171 4148 confessionem
3215 4106 3369 4146 suam
3413 4091 3676 4161 propheta
3699 4090 3786 4144 dis-

2213 4192 2416 4258 cernit,
2450 4188 2705 4259 perfectte
2734 4188 2857 4244 fidei
2896 4188 3140 4244 ordinem
3183 4197 3378 4244 tenens
3407 4207 3422 4240 ε
3453 4204 3582 4243 cum
3633 4187 3684 4240 in
3709 4201 3785 4238 aa-

2213 4284 2360 4340 mine
2389 4282 2556 4338 Deum
2587 4281 2818 4336 Abrabte
2855 4289 2912 4336 et
2939 4281 3108 4336 Deum
3142 4280 3290 4336 Isaac
3319 4287 3380 4335 et
3403 4281 3580 4336 Deum
3607 4279 3784 4339 Iacob;

2215 4391 2337 4432 cum
2360 4375 2413 4430 in
2434 4373 2802 4430 misericordia
2826 4372 3199 4444 pwtitentium
3224 4373 3637 4428 misericordem
3655 4388 3670 4427 :
3687 4386 3785 4426 eam

509 4461 564 4507 et
587 4453 720 4524 legis
763 4451 1027 4525 (Subaud.
1056 4455 1228 4525 dicto)
1270 4457 1535 4513 Dominus
1581 4446 1891 4515 Sadduczeis
1923 4476 2109 4516 resurc
2133 4463 2188 4525 D
2215 4469 2271 4525 in
2302 4469 2527 4525 veritate
2557 4465 2630 4540 (e)
2661 4465 2806 4539 quod
2853 4465 3091 4522 Verbum
3140 4480 3271 4521 caro
3302 4465 3506 4521 factum
3546 4468 3614 4520 sit
3650 4467 3782 4520 ωθῦε

511 4548 806 4603 rectionem
833 4564 1121 4623 corporum
1144 4549 1537 4624 abnegantibus
1565 4553 1903 4623 respondens
1928 4565 2111 4610 osten-

512 4628 610 4692 dit.
640 4636 729 4695 Ait
756 4638 898 4694 enim
928 4659 940 4693 :
969 4641 1043 4698 De
1071 4647 1441 4700 resurrectione
1465 4656 1638 4701 autem
1664 4655 1982 4702 mortuorum
2009 4665 2110 4704 non

512 4729 725 4802 legistis,
754 4732 889 4802 quod
909 4732 1102 4789 dictum
1121 4743 1194 4790 est
1223 4736 1356 4791 vobis
1381 4734 1458 4808 (b)
1488 4754 1521 4792 a
1552 4736 1659 4792 Deo
1711 4740 1907 4796 dicente
1947 4760 1966 4798 :
1998 4743 2109 4817 Ego

494 4937 623 5064 (auia
647 4979 664 5004 ,
697 4945 756 5020 ut
779 4935 1003 5018 docetur
1030 4935 1087 4991 in
1117 4937 1253 5006 psal.
1285 4953 1394 5021 un
1420 4979 1435 5005 ,
1471 4955 1524 4993 ιι.
1560 4939 1629 4994 il
1667 4957 1679 4993 :
1725 4939 2090 5014 Incorporalis

549 5026 638 5063 eus
669 5009 1035 5063 mtsertcordta
1069 5023 1177 5062 sua:
1215 5010 1375 5062 oculis
1399 5051 1414 5064 .
1443 5019 1492 5064 et
1519 5017 1780 5064 tamauam
1806 5015 2090 5064 ministeria

549 5026 638 5063 eus
654 5008 1038 5082 misericordi;
1069 5023 1177 5062 sua:
1215 5010 1375 5062 oculis
1399 5051 1414 5082 ,
1443 5019 1492 5065 et
1519 5017 1780 5082 tamquam
1806 5008 2091 5072 ministerio

497 5079 1189 5155 famulantium_angelorum
1213 5081 1429 5148 protegit
1456 5079 1647 5151 gentes;
1688 5083 1823 5138 Hinc
1866 5086 1918 5140 in
1951 5088 2087 5155 psala

495 5166 619 5215 cxx,
654 5168 710 5206 ιι.
739 5157 773 5204 4
800 5167 813 5203 :
844 5148 1136 5202 Poterimus
1173 5159 1342 5202 autent
1372 5161 1419 5204 at
1447 5148 1640 5206 montes
1669 5148 1962 5211 existimare
1997 5175 2094 5212 an-

497 5221 962 5295 gelicaministeria
983 5229 1028 5274 et
1047 5219 1290 5274 calorum
1317 5223 1784 5295 virtuteswttaruns
1811 5229 2093 5284 ministerio

496 5294 640 5345 nobis
655 5293 709 5370 in
729 5293 969 5370 sublimia
987 5301 1264 5358 praestatur
1283 5291 1586 5370 adscensus,
1603 5304 1707 5370 etc.
1739 5298 1934 5354 Eorum
1963 5315 2093 5370 erga

498 5363 1003 5487 nos7ministeriuut
1048 5376 1264 5418 rursum
1311 5362 1611 5431 explicatur
1643 5368 1696 5422 in
1727 5369 1865 5437 psal.
1899 5362 2089 5439 aut},

507 5449 564 5487 ιι.
639 5472 653 5486 .

507 5449 564 5487 ιι.
599 5449 653 5487 Ἰ.

573 5502 818 5580 (a)}iegz
844 5518 946 5580 ms.
979 5519 1012 5558 α
1043 5501 1211 5560 nobis.
1253 5503 1457 5580 T_ur_on_.
1504 5507 1559 5560 in
1586 5508 1733 5562 nobis
1782 5527 1795 5565 t
1835 5521 1891 5566 et
1933 5522 2054 5567 mox
2076 5553 2093 5580 ,

506 5574 753 5643 templum
782 5574 875 5649 Dei
894 5585 1131 5630 sanctum
1159 5592 1178 5631 :
1209 5584 1263 5632 et
1287 5575 1535 5646 inferius,
1568 5595 1722 5649 super
1743 5574 2100 5641 misericordia

506 5654 592 5698 tua
623 5657 668 5698 et
696 5647 902 5699 veritate
927 5659 1035 5700 tua.

523 5715 659 5794 ad“(b)
688 5718 742 5770 lu
773 5717 1110 5794 ms:_fl_‘ur_on.
1149 5733 1180 5794 ε
1212 5717 1457 5794 Domino.
1509 5719 1685 5794 Verba
1717 5723 1994 5793 sequentia
2026 5726 2097 5782 ad

517 5781 710 5864 Filium
752 5787 821 5849 ab
860 5786 1062 5864 liiiario
1091 5787 1281 5864 referri
1335 5793 1503 5864 liquet
1529 5807 1597 5850 ex
1625 5793 1721 5850 lib.
1756 5781 1816 5850 ιιῖ-
1847 5796 1914 5854 de
1942 5795 1984 5852 Τ
1987 5781 2098 5853 riu;

520 5865 575 5906 ιι.
601 5852 692 5921 30,
715 5864 768 5914 et
793 5870 856 5913 ex
889 5855 983 5929 ιιι).
1013 5873 1065 5925 v,
1099 5874 1150 5913 ιι.
1183 5859 1270 5923 21.
1389 5852 1406 5868 “

2218 4569 2380 4618 tetur.

2289 4655 2377 4711 10.
2425 4653 2633 4709 Nomen
2673 4641 2778 4721 Dei
2799 4653 2984 4725 ubique
3029 4669 3296 4725 magnum.
3327 4683 3402 4694 —
3426 4651 3606 4708 Causa
3654 4653 3785 4707 etia-

2217 4747 2573 4806 confessionis
2599 4747 2724 4803 hinc
2752 4749 2983 4804 sumitur
3016 4765 3032 4806 ;
3066 4747 3324 4814 Quoniam
3349 4748 3692 4818 magniﬁcasti
3712 4761 3778 4798 ss-

2271 4949 2342 5021 (ο)
2371 4949 2576 5005 Turon.
2615 4963 2719 5004 ms.
2752 4949 2947 5004 nomini
2974 4949 3159 5004 adorat
3202 4965 3221 5004 :
3247 4950 3392 5020 quod
3429 4951 3592 5005 etiam
3624 4951 3779 5004 habitu

2339 5021 2569 5145 ἰιξέτὶιιέιι
2596 5037 2788 5146 31:12:.
2820 5021 2932 5146 stic.
2961 5021 3094 5077 Bad.
3135 5022 3188 5076 in
3213 5021 3402 5076 Matth.
3436 5037 3490 5077 c.
3523 5038 3634 5090 xu,
3663 5040 3711 5076 ιι.
3734 5023 3774 5076 5.

2399 5109 2416 5144 ι
2451 5109 2503 5145 ιιι
2563 5109 2592 5144 a
2633 5109 2693 5146 01⁸
2757 5108 2844 5146 era
2873 5130 2888 5145 ο

2163 5107 2168 5113 ’
2196 5107 2316 5145 um
2344 5107 2534 5145 αιιεηιο
2563 5107 2888 5146 ααοηιυενιιι.

2270 5162 2348 5234 (d)
2382 5164 2517 5233 Reg.
2551 5163 2674 5217 cod.
2715 5179 2838 5218 cum
2877 5163 3010 5218 Tur.
3041 5163 3262 5226 omittit,
3293 5173 3340 5218 et
3380 5163 3491 5218 Deo
3513 5166 3783 5233 procis-1's:

2197 5247 2263 5315 ac
2287 5232 2635 5315 deindeucum
2677 5234 2804 5315 Mic.
2835 5234 3057 5315 subjicit
3081 5251 3190 5315 ,_r_te
3219 5234 3301 5315 his
3325 5237 3506 5289 statim
3525 5278 3546 5315 ,_
3569 5249 3678 5315 pou
3704 5237 3783 5288 sat-

2202 5312 2322 5358 tem.
2341 5304 2526 5387 $imili
2546 5305 2806 5387 loquendi
2836 5306 3067 5387 ratione
3090 5305 3382 5387 Flavianus
3405 5307 3549 5387 apud
3573 5306 3782 5387 ιτσεσιιεςδ

2201 5391 2288 5444 θρα
2322 5376 2456 5456 ἒξιίίὶε
2478 5375 2529 5456 ’2
2548 5417 2562 5441 ,
2590 5375 2644 5431 e.
2671 5377 2744 5456 2t
2776 5376 2846 5432 de
2865 5376 3125 5456 ﬁutycbe
3151 5377 3260 5456 ait:
3287 5377 3420 5431 Cum
3445 5375 3699 5456 debuisses
3720 5391 3782 5430 ss-

2202 5446 2384 5528 cundis
2411 5446 2609 5502 salvare
2633 5447 2835 5519 priora,
2864 5449 2917 5502 id
2945 5446 3027 5528 est
3045 5488 3059 5511 ,
3086 5447 3227 5502 male
3248 5459 3368 5504 acta
3399 5464 3496 5518 per
3531 5452 3774 5520 pestilens

2209 5525 2338 5587 tium
2366 5531 2638 5587 reparare.

2279 5583 2349 5670 (e)
2372 5583 2649 5670 _I_’ar_ticula
2674 5587 2813 5660 quod
2839 5630 2853 5654 ,
2885 5593 2949 5670 ac
2979 5583 3176 5644 deinde
3203 5585 3434 5670 verbum
3467 5591 3574 5656 sit,
3605 5605 3718 5668 qua:
3739 5590 3780 5644 in

2205 5659 2436 5729 vulgatis
2455 5659 2689 5729 (deerant
2713 5701 2726 5725 ,
2761 5661 3081 5729 supplentur
3107 5675 3173 5714 ex
3198 5675 3306 5714 ms.
3329 5659 3538 5717 Turon.
3569 5659 3688 5716 cum
3717 5677 3780 5715 re-

2210 5719 2331 5804 gius
2351 5733 2404 5784 et
2427 5719 2557 5804 liud.
2585 5719 2744 5804 etim
2766 5719 3007 5804 habeant
3019 5732 3105 5785 sit.
3134 5730 3308 5804 Paulo
3327 5745 3458 5804 ante
3481 5735 3620 5804 apud
3649 5734 3775 5796 Bait,

2219 5801 2313 5877 Er.
2337 5811 2392 5856 et
2433 5801 2676 5877 Lips;_i_n
2714 5803 3062 5856 misericordia
3089 5802 3352 5877 pmnitenti
3375 5846 3390 5870 ,
3420 5801 3532 5862 noti
3554 5807 3776 5877 parites.

2233 5873 2384 5941 tium,
2419 5871 2562 5949 quod
2594 5871 2742 5934 idem
2770 5882 2854 5934 est
2879 5888 2942 5931 ac
2969 5889 3091 5951 erga
3119 5874 3438 5945 paenitentes.
