3896 6336
497 283 594 341 791

1673 277 1753 334 SA
1763 276 1917 332 NCT]
1960 275 2216 332 HILARII
2261 277 2562 334 EPISCOPI
3660 278 3749 334 792

491 407 638 451 tuam
666 414 686 451 :
713 407 763 452 et
787 398 985 452 salvum
1010 411 1090 449 me
1115 394 1231 466 fecit
1258 393 1463 446 dextera
1494 399 1598 445 tua.
1632 389 1886 445 Dominus
1926 391 2078 445 retri-
2107 391 2161 452 A
2187 393 2480 448 habitavere
2515 393 2569 447 in
2598 394 2865 464 postremis
2891 394 3073 448 maris.
3105 390 3311 448 Etenim
3336 393 3458 447 illuc
3479 409 3656 447 manus
3677 406 3751 449 tu

490 489 612 543 buet
640 506 734 560 pro
764 506 862 542 me.
885 488 1245 543 lraseentibus
1267 485 1496 541 inimicis
1520 494 1739 540 extensa
1769 500 1866 540 nos
1889 501 2081 541 manus

488 581 593 637 Dei
642 580 892 651 protegit.
938 579 1340 633 Tribulationes
1373 577 1516 632 enim
1561 576 1760 631 inimici
1806 577 2039 632 aﬁeiunt
2067 617 2080 642 ,

487 672 791 729 irascentes
832 671 952 726 ﬁdei
985 681 1039 726 et
1082 671 1195 741 spei
1252 679 1449 725 nostra:
1500 687 1514 725 :
1571 671 1692 740 quia
1741 669 2083 726 adversarius

491 773 701 828 noster,
733 761 1028 817 secundum
1062 761 1388 831 apostolum,
1419 760 1665 816 diabolus
1693 771 1965 832 tamquam
2001 763 2084 817 leo

489 857 711 927 rugiens
731 855 1002 922 ambulat,
1042 869 1289 922 quaerens
1316 869 1414 909 nos
1447 853 1707 909 devorare
1725 853 1767 924 (Ι
1789 853 1901 908 Pet.
1922 869 1976 919 v,
2001 853 2082 922 8).

2193 487 2408 541 deducet
2435 503 2536 551 me,
2579 496 2627 540 et
2653 486 2835 540 tenebit
2874 503 2955 540 me
2997 486 3210 540 dextera
3233 496 3323 540 tua
3350 486 3590 551 ,Domine
3616 484 3752 556 (lnlra

2183 579 2339 634 abest
2370 577 2633 650 Domine).
2668 577 2737 633 Et
2780 580 2923 644 dixi,
2957 576 3121 632 Forte
3162 580 3384 633 tenebris
3421 581 3756 633 concitch

2184 689 2284 738 me,
2311 682 2361 727 et
2387 689 2490 726 nox
2516 672 2825 727 illuminatio
2854 687 2964 725 mea
2988 673 3039 724 in
3069 671 3273 726 deliciis
3311 671 3455 725 meis.
3483 670 3619 736 Quia
3643 681 3757 725 tene-

2186 767 2290 821 brat
2309 783 2409 820 non
2432 765 2846 821 obscurabuntur
2867 781 2897 817 a
2919 775 2989 829 te,
3012 774 3060 819 et
3088 781 3192 819 ηοω
3225 765 3357 818 sicut
3389 763 3494 816 dies
3524 763 3760 816 illumine-

2187 859 2320 911 bitnr
2343 875 2362 911 :
2388 859 2524 910 sicut
2545 856 2761 911 tenebra:
2791 857 2924 926 ejus,
2963 857 3034 909 ita
3077 858 3337 926 etglumen
3375 857 3509 927 ejus.
3559 851 3683 917 Quia
3720 864 3760 905 ts

486 948 594 1004 Sed
623 963 787 1018 super
811 948 946 1002 iram
983 947 1350 1013 inimicorum,
1383 962 1482 1017 per
1502 963 1638 1019 quos
1668 948 1913 1003 diabolus
1944 963 2085 1002 sem-

485 1057 588 1113 per
631 1049 926 1111 operatur,
971 1055 1166 1095 manus
1215 1041 1422 1095 Domini
1470 1041 1818 1108 extenditur,
1865 1051 1920 1095 et
1963 1056 2088 1110 spe-

486 1143 676 1190 rantes
706 1135 757 1189 in
785 1149 844 1189 se
873 1133 1052 1188 salvos
1084 1133 1216 1189 facit
1259 1134 1478 1189 dextera
1528 1134 1664 1202 ejus.
1700 1133 1886 1188 Virtus
1917 1133 2085 1202 signi-

486 1226 682 1282 ﬁcatur
705 1227 758 1281 in
789 1227 1009 1282 dextera
1047 1244 1060 1280 :
1095 1236 1150 1282 et.
1185 1225 1308 1281 ideo
1339 1227 1631 1290 Dominus,
1665 1227 1752 1294 qui
1795 1225 1885 1280 Dei
1918 1225 2086 1280 virtus

491 1326 549 1373 et
575 1318 671 1372 Dei
704 1317 966 1388 sapientia
1019 1328 1130 1384 est,
1180 1331 1565 1388 nonnunquam
1617 1317 1712 1370 Dei
1739 1315 1959 1371 dextera
1997 1332 2087 1370 co-

487 1411 837 1482 gnominatur
863 1454 877 1477 ,
910 1428 1006 1482 per
1035 1427 1197 1482 quem
1242 1411 1502 1466 adversus
1526 1426 1716 1467 omnes
1745 1409 1995 1466 inimicos
2029 1410 2080 1464 in

491 1505 738 1560 omnium
766 1506 1173 1559 tribulationum
1207 1505 1345 1560 bello
1368 1504 1720 1575 protegimur.

2187 948 2374 1023 (Infra,
2401 949 2638 1019 Domine)
2664 950 2935 1017 possedisti
2964 965 3112 1003 renes
3140 965 3307 1011 meos,
3333 948 3609 1018 suscepisti
3631 963 3699 999 me
3716 951 3762 1001 et

2186 1053 2332 1097 utero
2354 1044 2532 1096 matris
2548 1058 2694 1096 mete.
2719 1041 2879 1114 562
2899 1040 3189 1108 Conﬁtebor
3212 1041 3324 1105 tibi,
3346 1041 3472 1110 quia
3501 1040 3765 1092 terribiliter

2188 1138 2495 1206 miriﬁcatus
2524 1153 2638 1189 sum
2664 1153 2683 1189 :
2710 1135 2965 1190 mirabilia
2998 1134 3164 1205 (Infra
3220 1131 3380 1204 mira)
3423 1149 3585 1204 opera
3611 1141 3708 1196 tua,
3730 1147 3764 1184 et

2188 1231 2362 1282 anima
2384 1245 2496 1282 mea
2515 1229 2652 1282 novit
2675 1228 2824 1280 nimis
2839 1227 3005 1295 (Infra
3017 1225 3208 1296 valde).
3242 1224 3365 1280 Non
3388 1235 3464 1278 est
3484 1228 3761 1279 occultata

2191 1338 2248 1376 os
2274 1337 2440 1374 meum
2463 1338 2494 1374 a
2521 1331 2566 1374 te
2599 1337 2616 1374 :
2643 1321 2811 1390 fecisti
2836 1319 2996 1384 (Infra
3026 1319 3166 1387 quod
3191 1320 3378 1389 fecisti)
3405 1319 3461 1370 in
3481 1319 3674 1371 occulto
3700 1331 3763 1371 ξιτ

2190 1414 2477 1468 substantia
2489 1428 2602 1467 mea
2627 1413 2682 1465 in
2703 1412 3036 1482 inferioribus
3065 1421 3234 1464 terrae.
3252 1409 3633 1481 Imperfectum
3654 1420 3765 1462 tam

2193 1507 2356 1577 (Infra
2381 1509 2574 1576 meum)
2604 1506 2843 1560 viderunt
2869 1507 3004 1559 oculi
3026 1506 3123 1558 mei
3151 1503 3322 1576 (Infra
3352 1503 3476 1574 tui),
3519 1505 3640 1556 etin
3661 1504 3763 1556 libre

566 1597 653 1652 16.
695 1595 1054 1651 VindictaDeo
1071 1596 1717 1651 dimittenda.—Servavit
1729 1604 1906 1650 autem
1925 1609 2089 1649 evan-
2192 1610 2277 1654 tuo
2300 1615 2476 1653 omnes
2503 1597 2824 1652 scribentur:
2853 1597 2936 1650 die
2964 1596 3133 1667 repleb
3152 1605 3333 1659 untur,
3358 1603 3410 1648 et
3447 1610 3597 1647 nemo
3619 1594 3668 1646 in

489 1690 678 1761 gelicae
697 1689 1124 1744 mansuetudinis
1135 1688 1558 1760 561propheta
1577 1688 1865 1753 rationem,
1885 1702 1986 1757 qua
2003 1686 2084 1740 in-
2194 1691 2327 1746 Mihi
2353 1700 2525 1746 autem
2555 1691 2706 1744 nimis
2729 1689 3053 1757 honori/icon
3074 1698 3192 1742 sunt
3213 1688 3369 1740 amici
3393 1688 3489 1752 mi,
3515 1685 3647 1739 Dens
3669 1704 3681 1737 :
3707 1688 3763 1739 si-

485 1784 685 1854 juriam
720 1781 949 1837 reddere
979 1782 1061 1836 his
1091 1783 1179 1852 qui
1204 1799 1300 1837 nos
1333 1791 1728 1852 persequuntur
1757 1779 2084 1845 inhibemur,
2120 1801 2166 1860 Β
2196 1785 2294 1837 mis
2336 1786 2657 1855 confortatus
2694 1791 2770 1835 est
2802 1780 2965 1851 (lnlra
2992 1781 3268 1847 confortati
3292 1779 3449 1849 sunt)
3480 1780 3762 1850 principem

490 1874 878 1942 dicens,VEns.
907 1875 941 1929 8
976 1891 988 1927 :
1022 1873 1278 1928 Dominus
1302 1875 1547 1929 retribuet
1581 1891 1673 1944 pro
1705 1888 1804 1926 me.
1838 1872 1920 1926 Illi
1942 1873 2084 1926 enim
2195 1893 2392 1931 eorum.
2428 1873 2775 1930 Dinumerabo
2826 1891 2943 1938 eos,
2977 1884 3023 1928 et
3052 1890 3206 1943 super
3233 1888 3451 1926 arenam
3476 1872 3760 1937 multiplice-

490 1970 732 2026 vindicta
759 1969 1026 2023 servauda
1048 1978 1152 2037 est,
1182 1971 1272 2039 qui
1304 1970 1355 2023 in
1379 1969 1650 2024 calumnia
1677 1968 1758 2039 (a)
1790 1967 1978 2032 vestis,
2008 1964 2090 2020 di-
2191 1968 2376 2022 buntur
2401 1984 2420 2022 :
2445 1969 2732 2033 exsurrexi,
2765 1978 2812 2020 et
2860 1966 3030 2020 adhuc
3083 1975 3244 2018 tecum
3311 1979 3449 2017 sum.
3480 1963 3545 2017 Si
3571 1964 3758 2024 occides,

492 2065 638 2122 mitti
671 2073 728 2119 et
747 2063 966 2133 pallium
986 2065 1164 2134 jussit,
1187 2063 1686 2135 quipostinjuriam
1711 2062 1878 2131 alapa:
1907 2059 2088 2126 unius,
2191 2061 2359 2125 Deus,
2407 2071 2696 2132 peccatores
2745 2059 2908 2131 (Infra
2940 2056 3305 2131 peccatorem),
3349 2058 3448 2110 viri
3485 2057 3757 2126 sanguine

491 2157 725 2230 prmberi
747 2168 803 2212 et
821 2156 1094 2211 maxillam
1118 2159 1345 2212 alteram
1365 2153 1663 2226 voluit,qui
1691 2154 1861 2208 vetuit
1890 2152 2087 2207 malum
2192 2155 2444 2208 declinata
2483 2173 2515 2208 a
2553 2169 2654 2208 me.
2689 2154 2824 2220 Quia
2863 2153 3216 2205 contentiones
3255 2151 3309 2203 in
3348 2149 3670 2218 cogitatione,
3691 2165 3758 2199 ac-

489 2267 594 2323 pro
620 2251 764 2307 malo
787 2250 980 2318 reddi;
1007 2251 1126 2322 plus
1162 2250 1410 2306 vindictae
1438 2249 1734 2320 adepturis,
1765 2249 1854 2318 qui
1886 2255 2091 2301 aeterno
2191 2248 2379 2317 cipient
2415 2248 2467 2300 in
2495 2248 2715 2301 vanitate
2739 2245 2965 2300 civitates
2997 2253 3131 2297 tuas.
3166 2241 3333 2315 (lnlra
3378 2243 3616 2309 quoniam
3651 2242 3759 2291 dices

481 2342 656 2416 judici
686 2345 945 2400 ultionem
972 2344 1253 2415 praesentis
1277 2341 1488 2413 injuria:
1515 2349 1909 2398 reservassent.
2192 2341 2247 2396 in
2267 2343 2596 2412 cogitatione,
2620 2340 2882 2412 Accipient
2903 2340 2956 2392 in
2969 2337 3425 2392 vanitatecieitates
3445 2336 3587 2401 suas)
3607 2332 3759 2386 Nonae

572 2437 654 2491 17.
694 2435 861 2490 Homo
893 2453 994 2490 non
1026 2437 1322 2501 manu,-sed
1353 2436 1589 2490 manibus
1630 2433 1726 2488 Dei
1755 2433 1987 2501 e/fectus.
2023 2464 2090 2473 —
2192 2434 2281 2501 qui
2305 2433 2523 2487 oderunt
2547 2442 2594 2486 te
2618 2430 2783 2501 (Infra
2805 2431 3031 2485 odientes
3053 2440 3121 2495 te,
3147 2429 3391 2493 Domine,
3423 2425 3597 2500 adici),
3625 2423 3752 2488 Dea,

491 2526 778 2583 Concludit
802 2528 1000 2583 deinde
1029 2528 1355 2584 ﬁdelissima:
1386 2529 1499 2598 spei
1532 2541 1697 2592 voce,
1727 2524 1968 2590 Domine,
1996 2527 2092 2579 mi-
2196 2529 2410 2583 oderam
2433 2528 2574 2593 illos,
2605 2537 2651 2583 et
2678 2545 2833 2598 super
2861 2527 3094 2581 inimicos
3146 2537 3263 2580 tuos
3290 2521 3632 2578 tabescebam?
3657 2522 3757 2571 Pn-

491 2622 780 2677 sericordia
806 2633 898 2676 tua
921 2623 974 2677 in
1001 2623 1267 2690 saxulum,
1295 2639 1453 2691 opera
1482 2638 1727 2676 manuum
1753 2630 1961 2675 tuarum
1993 2637 2092 2674 non
2197 2624 2329 2693 [ecta
2357 2622 2474 2675 odio
2497 2621 2841 2676 oderantillos
2865 2635 2882 2674 :
2912 2619 3107 2673 inimici
3127 2619 3253 2690 facti
3283 2626 3405 2669 sunt
3442 2615 3585 2667 mihi.
3614 2610 3755 2664 Proba

496 2715 705 2769 omittas
738 2731 756 2768 :
785 2723 846 2769 ut
889 2717 1009 2786 quia
1054 2717 1146 2771 Dei
1185 2715 1557 2771 misericordia
1591 2716 1644 2769 in
1681 2715 1942 2769 sarculum
1987 2722 2091 2780 est,
2195 2732 2295 2781 me,
2339 2713 2500 2780 Deus,
2546 2725 2590 2767 et
2618 2714 2747 2768 scito
2787 2729 2875 2766 cor
2903 2727 3068 2766 meum
3101 2727 3115 2763 :
3150 2711 3412 2778 interroga
3440 2723 3540 2769 me,
3571 2715 3612 2758 et
3655 2704 3755 2756 scits

490 2805 795 2862 extendens
824 2822 988 2877 super
1030 2809 1162 2862 iram
1188 2808 1528 2863 inimicorum
1567 2824 1784 2862 manum
1823 2823 1998 2872 suam,
2041 2815 2097 2862 et
2196 2807 2404 2861 semitas
2429 2821 2586 2859 meas.
2613 2803 2676 2858 Et
2696 2803 2810 2858 vide
2835 2804 2879 2856 si
2899 2803 2980 2855 via
3003 2801 3285 2872 iniquitatis
3305 2800 3359 2851 in
3389 2813 3467 2851 me
3487 2806 3560 2852 est
3585 2812 3602 2849 :
3629 2794 3754 2847 etde-

493 2894 686 2952 ﬁdeles
715 2912 844 2951 suos
875 2907 1163 2968 protegens
1193 2898 1416 2953 dextera
1445 2914 1540 2954 sua
1559 2939 1575 2965 ,
1604 2908 1659 2954 et
1689 2914 1787 2970 pro
1816 2899 1899 2954 his
1930 2899 2095 2954 retri-
2199 2900 2297 2953 duc
2318 2915 2398 2954 me
2432 2899 2483 2952 in
2520 2900 2601 2951 via
2627 2908 2819 2952 wterna
2858 2894 3021 2967 (Infra
3046 2895 3183 2948 viam
3206 2891 3495 2962 (sternam).

493 2987 690 3054 buens,
731 3002 892 3058 opera
945 3006 1196 3044 manuum
1234 3005 1450 3045 suarum
1499 3007 1605 3046 non
1650 2992 1882 3057 omittat,
1927 2991 2098 3045 homi-
2624 2987 3040 3044 THACTA'I‘US
3080 2985 3353 3042 PSALMI.

495 3093 624 3134 nem
665 3079 868 3134 scilicet
897 3082 987 3150 qui
1032 3082 1106 3135 ait
1153 3101 1169 3135 :
1217 3081 1406 3136 Manus
1450 3093 1552 3137 tute
1584 3087 1812 3155 fecerunt
1848 3100 1947 3149 me,
1989 3092 2093 3138 etc.
2275 3085 2326 3138 1.
2371 3083 2702 3138 Psalmorum
2734 3093 2913 3137 auctor
2947 3082 3172 3154 Spiritus
3215 3091 3443 3135 sanctus.
3480 3081 3581 3148 Qui
3617 3095 3755 3132 om

496 3168 622 3240 (Ps.
646 3185 836 3237 cxvm,
866 3170 976 3243 73).
1009 3171 1400 3244 Nonnunquam
1433 3190 1595 3232 manu
1649 3175 1740 3229 Dei
1770 3173 1908 3231 facta
1945 3189 2097 3229 com-
2125 3183 2170 3247 ρ
2201 3177 2264 3230 de
2288 3175 2494 3231 Christo
2521 3178 2643 3231 sint.
2667 3207 2735 3217 —
2757 3175 2982 3231 Omnem
3013 3174 3384 3244 prOpheticum
3401 3188 3693 3228 sermonem
3708 3187 3756 3226 ex

495 3264 789 3317 memorari
830 3264 1007 3319 solent
1048 3282 1059 3316 :
1106 3263 1268 3320 homo
1304 3281 1436 3321 vero
1479 3279 1697 3336 semper
1729 3266 1977 3322 manibus
2001 3267 2092 3322 Dei
2199 3269 2366 3325 divini
2408 3271 2644 3339 Spiritus
2691 3270 2943 3324 instinctu
2980 3267 3280 3338 proiectum
3315 3281 3421 3321 non
3464 3268 3520 3320 in
3559 3265 3758 3320 obscura

497 3352 743 3422 eﬁ‘ectus,
774 3355 1041 3411 nobiliore
1064 3355 1117 3410 in
1143 3372 1266 3411 ettm
1295 3373 1459 3428 opere
1484 3372 1831 3428 exmanuum
1853 3349 2095 3431 (b)'com-
2200 3373 2282 3417 est
2313 3379 2329 3417 :
2361 3377 2482 3417 cum
2525 3363 2786 3432 legimus,
2823 3361 2948 3416 litec
2987 3361 3109 3414 dicit
3157 3360 3442 3423 Dominus;
3480 3371 3536 3416 et
3576 3361 3758 3421 iterata,

493 3448 892 3502 memoratione
920 3458 1219 3503 monstrato
1259 3450 1359 3520 (V.
1393 3450 1490 3504 litt.
1543 3450 1633 3517 10,
1684 3467 1737 3504 n.
1783 3451 1862 3522 5).
1899 3451 1968 3506 Ut
1996 3449 2096 3521 igi-
2201 3457 2387 3510 Audite
2413 3456 2562 3509 verba
2597 3455 2805 3509 Domini
2835 3454 3128 3527 (Jer.xxx1,
3156 3455 3237 3524 9.);
3268 3465 3323 3509 et
3361 3469 3575 3510 rursum
3601 3473 3617 3506 :
3647 3452 3760 3520 Qu-

495 3547 586 3592 tur
611 3539 754 3595 hunc
776 3555 879 3594 non
903 3545 1114 3595 omittat
1141 3551 1414 3612 precatur,
1442 3555 1496 3598 et
1517 3544 1588 3598 sit
1617 3543 1667 3599 ei
1694 3545 1980 3598 auxiliator
2005 3560 2094 3599 as-
2199 3549 2337 3603 niam
2379 3547 2632 3601 Dominus
2659 3548 2860 3602 locutus
2901 3557 2974 3600 est
3001 3545 3174 3615 (Esai.
3200 3562 3354 3613 χειν,
3381 3545 3474 3614 37)
3501 3561 3517 3609 ;
3547 3554 3599 3600 et
3622 3545 3672 3598 in
3695 3559 3764 3597 es-

496 3632 687 3686 siduus
716 3648 812 3702 per
834 3650 955 3688 eum
985 3644 1041 3689 et
1069 3637 1120 3689 in
1164 3651 1228 3690 eo
1269 3639 1359 3706 qui
1401 3638 1474 3692 ait
1503 3656 1515 3689 :
1548 3637 1682 3691 Ecce
1713 3654 1806 3708 ego
1833 3637 2095 3691 vobiscum
2200 3641 2323 3696 dem
2356 3659 2369 3694 :
2405 3641 2476 3694 0s
2512 3642 2647 3694 enim
2689 3638 2896 3694 Domini
2923 3639 3151 3693 locutum
3179 3650 3253 3693 est
3292 3641 3390 3692 ista
3444 3637 3615 3711 (Esai.
3645 3651 3765 3694 mn.

498 3741 614 3778 sum
641 3726 875 3779 omnibus
902 3727 1077 3780 diebus
1105 3745 1263 3798 usque
1291 3730 1359 3782 ad
1399 3731 1888 3784 consummationem
1919 3729 2097 3783 δαναιιὶ
2204 3731 2316 3803 N).
2361 3732 2436 3787 De
2464 3731 2688 3802 psalmis
2729 3739 2909 3785 autem
2953 3733 3068 3800 ipse
3112 3731 3370 3787 Dominus
3402 3731 3454 3784 in
3489 3730 3767 3800 Evangdiis

499 3815 717 3889 (Matth.
749 3834 944 3886 xxvnt,
972 3819 1088 3890 20).
1126 3821 1386 3878 Dominus
1416 3831 1602 3876 uoster
1631 3821 1788 3877 Iesus
1824 3819 2093 3889 Christus,
2201 3825 2504 3893 conﬁrmat,
2535 3841 2656 3880 cum
2688 3826 2755 3880 de
2785 3838 2843 3878 se
2884 3823 3110 3892 loquens
3133 3827 3209 3879 ait
3243 3843 3255 3876 :
3293 3827 3354 3880 Si
3397 3824 3567 3879 David
3594 3828 3643 3878 in
3671 3825 3768 3895 Spi-

495 3911 588 3982 qui
615 3919 700 3967 est
725 3911 1042 3969 benedictus
1074 3915 1126 3969 in
1155 3916 1351 3970 saecula
1381 3916 1722 3970 saeculorum.
1757 3917 1949 3970 Amen.
2199 3917 2303 3970 ritu
2330 3929 2474 3970 vocat
2502 3934 2620 3972 eum
2659 3917 2954 3983 Dominum,
2985 3919 3243 3987 quomodo
3286 3918 3457 3972 dicitis
3502 3919 3638 3983 quod
3661 3919 3769 3985 ﬁlia

951 4007 1266 4066 PSALMUS
1303 4009 1639 4065 CXXXVIII.
2199 4008 2314 4080 ejus
2343 4016 2415 4062 est
2454 4007 2670 4081 (Matth.
2712 4026 2844 4076 xxu,
2871 4008 2962 4081 45)
2984 4010 3008 4063 ?
3030 4010 3235 4064 docens
3265 4013 3445 4064 omnia
3480 4009 3646 4065 David

566 4101 811 4169 Domine,
835 4102 1066 4176 probasti
1086 4120 1185 4170 me,
1206 4113 1254 4158 et
1283 4104 1564 4175 cognovisti
1586 4120 1667 4157 me
1691 4119 1709 4156 :
1739 4113 1792 4157 tu
1817 4103 2095 4174 cognovisti
2202 4100 2306 4154 ritu
2338 4100 2651 4169 pr0phetico
2680 4101 2971 4156 elocutum.
3003 4101 3263 4156 Locutum
3286 4110 3468 4156 autem
3497 4102 3569 4157 de
3594 4116 3652 4157 se
3676 4102 3768 4156 litat

492 4198 771 4251 sessionem
812 4214 978 4252 meam
1008 4206 1058 4252 et
1086 4198 1514 4252 resurrectionem
1553 4213 1740 4251 meam.
1781 4196 2098 4250 Intellexisti
2202 4194 2255 4249 in
2287 4192 2388 4248 hoc
2413 4195 2601 4249 eodem
2635 4195 2754 4248 loco
2784 4193 3112 4258 ostenderit,
3141 4210 3264 4248 cum
3305 4195 3374 4248 ab
3416 4209 3485 4249 eo
3513 4196 3589 4249 ait
3619 4195 3766 4248 Domi-

493 4286 682 4357 (lnl‘ra,
707 4286 906 4359 omnes)
928 4289 1262 4359 cogitationes
1288 4305 1427 4343 meas
1451 4289 1514 4344 de
1535 4289 1937 4360 longe,semitas
1959 4303 2098 4342 meas
2202 4303 2329 4343 num
2361 4303 2419 4342 se
2448 4302 2568 4342 esse
2607 4288 2661 4342 in
2697 4287 2900 4356 Spiritu
2931 4297 3336 4357 nuncupatum;
3370 4287 3675 4342 absolutius
3707 4299 3764 4339 ta-

500 4385 548 4430 et
571 4377 876 4432 directiones
889 4385 1025 4433 meas
1048 4380 1240 4452 (Infra,
1259 4383 1491 4434 semitam
1519 4389 1746 4434 meamet
1764 4379 2097 4434 directionem
2204 4396 2326 4436 men
2355 4381 2590 4435 OSIendit
2619 4382 2672 4435 in
2697 4381 2917 4450 psalmis
2941 4391 3342 4436 sacramentum
3367 4394 3537 4433 omne
3558 4379 3766 4449 corporei

497 4470 688 4538 meam)
729 4472 1066 4542 investigasti.
1117 4473 1186 4527 Et
1227 4490 1399 4528 omnes
1434 4475 1545 4529 vias
1587 4491 1725 4529 meas
1766 4473 2048 4543 prteoidisti
2078 4490 2097 4528 :
2203 4473 2465 4528 adventus
2486 4472 2568 4528 sui
2598 4473 2887 4538 contineri,
2913 4474 3098 4528 dicens
3129 4490 3141 4525 :
3178 4471 3306 4526 Hinc
3333 4482 3453 4526 sunt
3479 4472 3635 4526 verba
3667 4487 3765 4530 una,

498 4563 625 4632 quia
651 4574 840 4616 nonest
871 4565 1021 4620 dolus
1045 4567 1098 4620 in
1123 4567 1303 4638 lingua
1316 4585 1449 4622 mea.
1478 4567 1610 4622 Ecce
1638 4578 1712 4634 tu,
1743 4565 1985 4633 Domine,
2010 4583 2095 4621 co-
2123 4575 2178 4634 1)
2201 4582 2314 4637 qua:
2344 4548 2546 4619 locutus
2584 4581 2696 4618 sum
2725 4565 2792 4620 ad
2817 4582 2903 4619 vos
2947 4581 3061 4618 cum
3102 4565 3274 4618 adhuc
3311 4581 3476 4618 essem
3520 4565 3765 4625 vobiscum,

502 4656 720 4726 gnovisti
747 4659 918 4712 omnia
946 4661 1218 4715 novissima
1255 4671 1301 4715 et
1339 4663 1550 4732 antiqua
1578 4679 1596 4716 :
1625 4673 1678 4715 tu
1717 4664 1952 4731 formasti
1993 4678 2090 4727 me,
2201 4662 2442 4727 quoniam
2465 4659 2725 4730 Oportebat
2743 4659 2914 4711 omnia
2939 4658 3143 4730 impleri
3168 4672 3284 4728 qua:
3297 4658 3500 4727 scripta
3519 4667 3637 4711 sunt
3652 4659 3698 4709 is
3717 4659 3765 4725 (c)

500 4755 550 4800 et
575 4748 788 4816 posuisti
825 4765 980 4819 super
1019 4767 1098 4804 me
1127 4769 1332 4806 manuni
1359 4764 1515 4808 tuam.
1555 4753 1812 4808 Mirabilis
1849 4757 1987 4824 facta
2019 4762 2095 4808 est
2201 4753 2310 4824 lege
2356 4752 2528 4822 Moysi
2563 4763 2610 4807 et
2655 4753 2918 4825 praplietis
2936 4762 2981 4806 et
3004 4753 3219 4821 psalmis
3240 4754 3302 4806 de
3331 4769 3413 4806 me
3456 4751 3616 4825 (Luc.
3647 4766 3761 4816 xm,

499 4841 718 4895 scientia
743 4850 831 4896 tua
859 4859 925 4897 ea:
945 4860 1026 4898 me
1057 4860 1074 4898 :
1099 4847 1388 4917 confortata
1417 4857 1512 4916 est,
1540 4865 1643 4902 non
1667 4858 1847 4918 potero
1865 4847 1933 4900 ad
1958 4863 2090 4901 eam.
2201 4845 2314 4916 44).
2339 4845 2455 4900 Νοη
2486 4854 2568 4901 est
2597 4861 2726 4915 ergo
2757 4846 3085 4916 ambiguum,
3119 4847 3249 4914 quin
3291 4846 3346 4900 in
3379 4848 3612 4916 psalmis
3640 4848 3698 4900 de
3719 4861 3764 4900 ea

502 4935 618 5001 Quo
648 4936 731 4990 ibo
759 4954 791 4990 a
813 4937 1000 5008 spiritu
1026 4947 1133 5005 tuo,
1159 4949 1207 4993 et
1231 4957 1263 4993 a
1279 4942 1409 5010 facie
1428 4951 1516 4998 tua
1533 4959 1632 5014 quo
1655 4942 1895 5014 fugiam?
1918 4941 1978 4996 Si
2003 4943 2094 4995 ad-
2199 4938 2461 5008 scriptum
2486 4937 2578 4992 sit.
2607 4938 2738 4992 Nam
2768 4939 2978 4992 tametsi
3007 4936 3086 5010 (d)
3123 4938 3444 5008 plerumque
3474 4938 3533 4993 in
3562 4938 3644 4992 his
3669 4938 3763 4992 talia

494 5028 743 5080 scendero
772 5028 826 5081 in
863 5028 1067 5094 etclam,
1100 5038 1154 5083 tu
1183 5030 1292 5085 illic
1310 5049 1362 5087 es
1391 5050 1409 5088 :
1434 5035 1479 5088 si
1499 5035 1804 5088 descendere
1842 5035 1898 5088 in
1932 5034 2096 5104 infer-
2199 5032 2329 5099 sint,
2363 5039 2422 5085 ut
2463 5030 2530 5085 ad
2573 5043 2856 5098 personam
2888 5028 3338 5098 patriarcharum,
3383 5031 3762 5100 pr0phetamts,

496 5137 649 5196 num,
678 5119 818 5182 ades.
856 5119 919 5176 Si
943 5138 1207 5188 sumpsero
1255 5141 1447 5194 pennas
1486 5142 1627 5180 meas
1663 5135 1782 5180 ante
1823 5127 2010 5193 lucem,
2046 5136 2098 5181 et
2199 5124 2586 5198 apostolorum,
2615 5131 2933 5194 martyrum,
2959 5122 3030 5192 (ε)
3051 5122 3422 5193 generationis
3446 5138 3662 5194 quoque
3679 5124 3761 5194 pri-

569 5263 646 5336 (a)
674 5261 874 5336 Excusi
897 5303 911 5328 ,
940 5269 1122 5336 uestes.
1146 5257 1377 5336 ‘Rectius
1401 5275 1531 5315 mss.
1556 5261 1611 5315 in
1632 5262 1890 5336 calumnia
1911 5262 2084 5328 vestis,

495 5333 600 5392 hoc
628 5333 743 5398 est,
770 5333 859 5403 ubi
879 5333 1000 5403 quis
1030 5333 1124 5386 lite
1146 5333 1350 5385 intenta
1381 5344 1584 5386 veStem
1623 5334 1813 5388 tollere
1838 5344 2083 5388 conatur.

498 5404 735 5462 Consule
764 5402 948 5473 Cangii
975 5403 1156 5459 Gloss.
1188 5403 1459 5457 Habemus
1489 5403 1582 5456 lib.
1640 5419 1670 5457 κ
1725 5404 1793 5458 de
1824 5403 1974 5458 Trin.
2030 5421 2088 5456 n.

498 5479 592 5540 ‘28,
618 5478 673 5529 in
700 5481 817 5544 ipsa
844 5477 1012 5528 trunci
1035 5474 1272 5545 corporis
1302 5473 1559 5526 calumnia
1606 5491 1626 5527 :
1673 5475 1866 5542 quibus
1910 5474 2091 5545 verbis

501 5543 1089 5615 indicaturipsummet
1129 5543 1471 5601 momentum
1524 5560 1631 5613 quo
1689 5545 1896 5601 Malclio
1944 5543 2092 5600 auris

503 5618 677 5672 ablata
706 5624 810 5670 est.

498 5760 544 5808 α
577 5688 652 5770 (b)
689 5687 745 5740 In
773 5701 884 5756 reg.
916 5702 1019 5743 ms.
1045 5686 1496 5745 connumeratione
1520 5701 1538 5741 :
1563 5695 1619 5744 et
1643 5701 1804 5757 mox,
1836 5704 1925 5754 per
1978 5703 2093 5743 eum

586 5775 638 5808 m
667 5773 800 5808 eum.

586 5775 638 5810 in
667 5773 800 5810 eunt.

2267 5261 2340 5332 (c)
2366 5260 2524 5325 Bad.,
2557 5258 2650 5315 Er.
2678 5267 2735 5315 et
2752 5258 3060 5332 Lips._curn
3088 5273 3223 5332 mss.
3257 5273 3374 5329 reg.
3403 5268 3459 5316 et
3495 5259 3690 5317 Tum.
3714 5262 3752 5312 ἱι

2194 5329 2329 5388 libro
2348 5332 2518 5402 Moysi
2549 5332 2679 5399 :qui
2709 5343 2888 5402 tamen
2917 5330 2968 5384 in
3002 5329 3142 5384 Psal.
3192 5345 3355 5395 csxv,
3402 5349 3462 5386 n.
3518 5332 3574 5397 2,
3625 5332 3750 5387 siluit!

2192 5419 2384 5458 omnes
2417 5401 2614 5456 habent
2635 5403 2690 5454 in
2710 5401 2836 5471 lege.

2266 5473 2346 5547 (ό)
2373 5472 2463 5547 Sic
2488 5469 2814 5547 nostrims‘s.
2847 5469 2988 5525 Editi
3022 5485 3184 5536 vero,
3215 5473 3476 5547 pleraque.

2265 5544 2335 5616 (ε)
2369 5546 2425 5599 In
2451 5557 2582 5616 mss.
2615 5544 2738 5598 Mic.
2769 5551 2821 5597 et
2854 5557 2967 5611 reg.
2999 5544 3349 5616 generationes
3385 5561 3584 5615 quoque
3612 5547 3755 5614 prima

2196 5627 2245 5672 et
2270 5613 2623 5686 generationes
2645 5621 2906 5682 sequentes
2946 5629 2960 5665 ι
3007 5614 3194 5686 male,
3227 5613 3646 5671 Generationcm
3672 5618 3756 5684 pri-

2196 5682 2342 5744 mam
2372 5685 2592 5743 Judaeos
2612 5726 2627 5749 ,
2655 5691 2970 5754 sequentem
2995 5682 3338 5746 Christianos
3365 5687 3617 5756 intelligit
3641 5682 3751 5740 Hila-

2195 5760 2309 5812 rius
2329 5799 2344 5826 ,
2377 5767 2434 5814 ut
2463 5758 2578 5823 ipse
2601 5756 2840 5812 declarat
2861 5757 2914 5810 in
2944 5756 3136 5824 psalm.
3159 5769 3378 5823 cxxxtv,
3420 5773 3479 5813 n.
3530 5758 3619 5812 2‘3.
3661 5757 3751 5821 Qua
