4006 6332
183 337 292 396 793
737 323 742 327 ’
1157 343 1570 404 TRACTATUS
1605 347 1672 403 IN
1709 314 2025 407 CXXXVIII.
2068 350 2420 412 PSALMUM.
3367 359 3473 417 794

183 469 292 513 ma:
323 463 380 513 et
407 453 774 528 generationis
802 461 1081 531 sequentis
1107 461 1297 519 referri
1324 471 1608 535 oporteant
1645 481 1658 516 :
1691 473 1773 518 ta-
1802 469 1854 527 Α
1881 466 2080 523 minem
2109 473 2418 541 assumpsit.
2448 470 2682 527 Verbum
2713 487 2943 544 namque
2972 487 3100 530 caro
3128 474 3324 531 factum
3368 475 3469 531 ha-

181 564 309 605 men
351 549 473 618 quia
515 552 694 605 omnia
751 553 804 616 in
831 553 1047 609 Christo
1074 564 1128 611 et
1159 571 1254 626 per
1279 555 1576 627 ;Christum
1622 565 1770 624 sunt,

179 640 441 712 quidquid
498 642 627 697 illiti]
675 642 996 714 iupsalmis
1043 645 1122 718 (a)
1165 656 1248 703 est
1292 648 1392 704 sub
1436 647 1771 705 diversorum

181 735 346 808 563
373 736 622 806 personis
652 737 1048 807 prophetatum,
1075 755 1236 797 omne
1260 742 1328 797 de
1350 743 1467 813 ipso
1497 753 1579 799 est
1610 762 1623 796 :
1650 744 1772 813 quia

178 827 425 883 doctrina
442 829 638 895 omnis,
667 828 894 885 diversis
923 832 1044 888 licet
1067 845 1458 905 prmceptorum
1488 836 1774 906 generibus

177 919 551 987 multiformis,
577 920 680 976 hoc
711 937 804 992 per
840 923 1084 980 diversos
1112 936 1331 996 praestet
1356 936 1414 984 ut
1449 927 1566 998 ipse
1593 943 1777 983 nosca-

179 1023 287 1070 tur.
320 1014 443 1071 Haec
466 1015 620 1072 nobis
650 1025 870 1087 propter
898 1028 1218 1087 prmsentem
1247 1020 1513 1090 psalmum
1538 1035 1774 1076 comme-

175 1107 438 1162 moranda
467 1109 776 1164 necessario
794 1108 1009 1165 luerunt
1037 1129 1049 1164 :
1075 1126 1141 1167 ne
1167 1111 1308 1168 forte
1332 1113 1408 1182 (b)
1435 1113 1774 1183 improbabili

173 1199 498 1255 auctoritate
529 1201 938 1270 praesumpsisse
981 1202 1434 1273 existimaremur,
1473 1213 1531 1258 ut
1556 1205 1621 1259 ad
1653 1219 1776 1274 per-

174 1306 367 1349 sonam
403 1291 602 1348 Christi
644 1308 859 1350 omnem
890 1293 1027 1352 hanc
1071 1296 1409 1369 prophetiam
1451 1297 1568 1368 ejus
1607 1298 1777 1354 refer-

174 1401 382 1444 remus.

243 1476 301 1532 2.
334 1476 417 1532 Ne
441 1478 558 1534 duce
594 1477 788 1534 Christi
827 1490 1026 1537 natura:
1053 1485 1457 1555 confundantur.
1504 1483 1776 1541 Hominem

171 1587 435 1626 assumens
467 1571 606 1627 Dens
634 1576 933 1642 permansit.
965 1605 1036 1617 -—
1060 1577 1356 1648 Diligenter
1385 1587 1562 1634 autem
1591 1595 1654 1635 ea
1679 1581 1776 1636 ob-

180 1664 445 1720 servanda
475 1667 616 1720 ratio
637 1676 739 1730 est,
775 1675 832 1722 ut
860 1684 1212 1740 qmecumque
1238 1670 1442 1726 homini
1475 1671 1585 1739 illi,
1615 1689 1772 1742 quem

167 1770 242 1812 ex
288 1766 441 1812 utero
485 1751 687 1814 sancta:
733 1759 971 1829 Virginis
1015 1765 1328 1833 assumpsit,
1373 1773 1426 1819 et
1474 1766 1527 1819 in
1567 1780 1675 1836 quo
1713 1781 1773 1821 se

1874 559 2064 615 bitavit
2093 561 2147 616 in
2177 564 2331 618 nobis
2361 582 2374 617 :
2409 579 2514 620 non
2545 565 2596 620 in
2627 565 2757 621 vitia
2801 566 3248 638 inﬁrmitatesque
3289 568 3469 625 carnis

1875 666 1942 707 ex
1967 651 2121 709 Verbi
2147 653 2341 711 virtute
2368 655 2648 725 deﬁciens,
2671 658 2766 714 sed
2799 668 3002 714 natura:
3025 669 3226 714 nostra:
3248 659 3474 715 inﬁrmi-

1878 751 2018 799 tates
2047 744 2210 800 bomo
2249 756 2408 803 natus
2444 762 2749 805 assumens.
2778 749 3092 821 Assumptio
3117 759 3298 806 autem
3327 750 3466 806 inﬁr-

1879 838 2081 893 mitatis
2123 853 2229 893 non
2271 839 2397 895 fecit
2438 841 2731 910 inﬁrmum,
2769 843 2892 913 quia
2923 841 3069 898 aliud
3107 852 3190 899 est
3225 852 3470 898 naturam

1878 945 2022 998 esse,
2064 930 2210 985 aliud
2262 933 2623 1003 assumpsisse
2664 943 2931 989 naturam.
2973 935 3042 989 Et
3076 943 3227 990 extra
3262 935 3474 1006 generis

1877 1023 2276 1088 necessitatem,
2311 1025 2600 1080 voluntatis
2626 1027 2868 1082 accessio
2892 1036 2995 1083 est.
3028 1026 3144 1082 Non
3169 1028 3311 1083 enim
3344 1042 3471 1098 pec-

1876 1125 2028 1169 cator
2083 1114 2203 1182 fuit,
2259 1115 2354 1170 sed
2412 1128 2632 1186 peccata
2687 1121 2946 1189 suscepit.
2999 1119 3182 1190 Neque
3231 1119 3474 1174 inﬁrmus

1878 1209 2104 1275 exstitit,
2134 1209 2228 1264 sed
2269 1211 2506 1280 portavit
2535 1212 2893 1266 inﬁrmitates.
2927 1211 3044 1282 Ipse
3083 1213 3246 1280 enim,
3281 1226 3472 1268 secun-

1878 1285 2002 1354 dum
2023 1300 2356 1370 prophetam,
2376 1312 2584 1370 peccata
2612 1312 2788 1356 nostra
2812 1303 3055 1372 suscepit,
3079 1311 3128 1357 et
3150 1303 3473 1371 inﬁrmitates

1877 1403 2078 1447 nostras
2099 1394 2316 1462 portavit
2339 1392 2454 1464 (Es.
2473 1410 2582 1460 LIII,
2602 1394 2682 1460 4).
2704 1395 2766 1449 Et
2789 1411 2854 1450 ue
2875 1395 3002 1466 quid
3027 1395 3078 1450 in
3098 1393 3261 1467 56E.
3276 1395 3473 1464 impas-

1876 1483 2088 1540 sibilem
2117 1495 2275 1556 atque
2306 1485 2748 1542 iudemutabilem
2776 1487 3111 1543 divinitatem
3141 1488 3475 1543 inﬁrmitatis

1877 1576 2118 1632 incidere
2135 1578 2536 1633 existimaretur
2557 1595 2571 1642 ;
2595 1579 2812 1649 adjecit,
2845 1580 2908 1635 Et
2930 1595 3027 1635 nos
3049 1579 3100 1653 (Ι
3113 1581 3132 1651 )
3159 1580 3475 1650 putabamus

1878 1684 2002 1725 eum
2047 1669 2098 1723 in
2145 1669 2424 1726 doloribus
2466 1685 2607 1725 esse.
2655 1671 2903 1742 Suscepit
2934 1687 3064 1743 ergo
3109 1671 3472 1739 infirmitates,

1877 1763 1998 1833 quia
2029 1765 2191 1817 homo
2223 1766 2492 1829 nascitur;
2524 1773 2579 1818 et
2607 1773 2820 1834 putatur
2846 1765 3051 1831 dolere,
3081 1766 3204 1836 quia
3235 1765 3470 1836 patitur:

163 1851 321 1907 nasci
373 1852 644 1908 hominem
686 1854 776 1923 qui
826 1855 967 1910 Deus
1010 1865 1130 1910 erat
1170 1857 1372 1924 voluit,
1409 1869 1529 1924 apta
1569 1873 1688 1919 esse
1718 1857 1849 1918 etB
1875 1863 2026 1911 caret
2046 1869 2175 1909 vero
2218 1855 2494 1912 deloribus
2536 1855 2673 1927 ipse,
2708 1857 2832 1927 quia
2889 1856 3030 1912 Deus
3076 1865 3180 1912 est.
3223 1856 3302 1912 Et
3353 1869 3474 1912 cum

168 1962 408 2018 congrua
438 1946 782 2016 videbuntur,
809 1964 931 2004 cum
959 1948 1140 2005 debita
1167 1950 1377 2006 celesti
1410 1951 1649 2023 (divinae)
1679 1967 1772 2007 na-

169 2048 308 2096 turae
345 2054 456 2094 suae
493 2040 758 2110 dignitate
799 2050 1134 2097 tractentur:
1166 2058 1341 2114 neque
1373 2054 1771 2100 sacramentum

167 2131 362 2186 salutis
387 2140 606 2196 nostrae,
631 2147 736 2202 qua
767 2133 819 2186 in
843 2132 1014 2187 forma
1045 2133 1136 2188 Dei
1162 2149 1388 2189 manens
1412 2136 1636 2192 formam
1661 2151 1774 2191 ser-

167 2223 227 2279 vi
256 2226 487 2296 accepit,
521 2225 587 2280 ad
610 2226 992 2280 contumeliam
1023 2225 1426 2282 indemutabilis
1455 2243 1568 2281 sua:
1603 2236 1659 2282 et
1693 2227 1775 2282 in-

166 2319 400 2374 visibilis
456 2331 509 2374 et
561 2320 898 2388 incorporea:
946 2327 1000 2373 et
1055 2320 1404 2390 impassibilis
1460 2321 1775 2376 substantia:

167 2422 512 2484 coaptemus.
546 2413 699 2482 Quod
727 2413 870 2468 enim
905 2413 1066 2468 homo
1086 2413 1201 2476 fuit,
1228 2415 1382 2468 nobis
1405 2414 1649 2484 profecit,
1673 2415 1776 2469 sibi

164 2505 306 2560 nihil
338 2505 590 2576 dempsit.
619 2505 926 2560 Esiuauivit
954 2506 1098 2559 enim
1132 2520 1213 2572 se,
1246 2506 1296 2559 iu
1327 2506 1499 2561 forma
1531 2507 1623 2561 Dei
1654 2522 1770 2561 ma-

165 2613 343 2663 nens;
379 2599 451 2668 (e)
481 2614 587 2654 non
612 2607 669 2652 ut
699 2599 866 2654 forma
890 2599 1030 2652 servi
1061 2608 1224 2664 esset,
1250 2609 1303 2654 et
1330 2599 1499 2654 forma
1527 2600 1622 2654 Dei
1652 2615 1774 2656 esse

165 2690 469 2747 desineret.
501 2691 590 2746 Ait
617 2691 759 2747 enim
784 2691 898 2762 ipse
930 2709 942 2744 :
970 2692 1315 2760 Qutecumquc
1337 2692 1497 2747 Pater
1517 2694 1660 2766 facit,
1689 2709 1775 2748 ea-

164 2781 288 2836 dem
336 2792 381 2836 et
426 2782 594 2838 Filius
645 2784 772 2852 facit
820 2784 1056 2838 similiter
1104 2783 1286 2850 (Joan.
1338 2801 1388 2850 v,
1437 2785 1551 2857 l9).
1608 2785 1774 2841 Num-

162 2873 300 2946 quid
327 2873 404 2947 (d)
432 2876 485 2930 in
528 2876 694 2930 t‘orma
730 2876 820 2932 Dei
853 2892 1110 2945 manens,
1141 2879 1390 2933 virtutem
1429 2889 1484 2935 et
1519 2879 1770 2935 divinita-

165 2976 304 3032 tem,
334 2983 438 3038 qua
478 2968 531 3023 in
563 2967 732 3023 forma
781 2970 873 3024 Dei
906 2970 1178 3036 manebat,
1212 2971 1432 3026 amisit?
1457 2971 1589 3027 Cum
1627 2973 1769 3028 enim

167 3060 227 3116 in
251 3074 480 3130 corpore
504 3060 821 3116 humilitatis
859 3072 1090 3128 nostras,
1123 3077 1476 3133 qumcumque
1505 3063 1666 3119 Pater
1693 3064 1772 3118 l'a-

167 3153 266 3218 cit,
297 3153 484 3208 eadem
514 3164 569 3209 et
609 3155 724 3224 ipse
767 3153 894 3210 facit
922 3155 1192 3220 similiter,
1241 3155 1371 3210 nihil
1418 3172 1514 3226 per
1554 3171 1772 3213 consor-

1876 1945 1955 2020 (ᾳ)
1989 1947 2195 2002 habitat
2221 1949 2272 2003 itt
2291 1949 2466 2014 nobis,
2488 1965 2720 2019 cumque
2743 1950 3088 2005 inﬁrmitates
3119 1958 3334 2005 nostras
3357 1965 3478 2005 sus-

1873 2041 2025 2110 cipit,
2052 2051 2250 2096 etcum
2281 2042 2547 2112 susceptis
2576 2042 2988 2099 inﬁrmitatibus
3017 2057 3122 2096 non
3151 2042 3332 2110 dolet;
3366 2058 3472 2096 non

1879 2142 2055 2203 potest
2077 2149 2184 2188 non
2209 2148 2331 2188 esse
2369 2135 2459 2204 qui
2500 2133 2738 2200 habitat,
2779 2149 2879 2189 nec
2919 2149 2948 2187 a
2993 2149 3053 2190 se
3100 2134 3181 2207 (lt)
3211 2133 3475 2189 defecisse

1877 2223 1966 2292 qui
1998 2224 2242 2292 suscipit,
2272 2239 2372 2280 nec
2393 2223 2627 2279 abolitus
2657 2227 2797 2281 Deus
2823 2241 2946 2281 esse
2971 2225 3063 2295 qui
3087 2240 3193 2281 non
3220 2226 3389 2281 dolet.
3410 2226 3479 2282 Et

1879 2313 1994 2367 luce
2024 2313 2238 2382 quidem
2262 2324 2481 2385 propter
2504 2327 2825 2384 praesentem
2849 2317 3113 2387 psalmum
3144 2332 3478 2373 commemo-

1879 2413 1993 2458 rata
2027 2405 2210 2474 paucis
2237 2415 2383 2473 sunt,
2415 2405 2541 2476 quia
2565 2405 2782 2462 videtur
2810 2408 2991 2462 statim
3019 2423 3087 2464 ex
3114 2423 3346 2479 persona
3381 2408 3479 2464 ho-

1879 2499 2039 2553 minis
2067 2501 2298 2569 ccepisse
2340 2517 2352 2553 :
2389 2515 2456 2555 ne
2499 2515 2599 2571 per
2636 2499 2768 2576 hoc,
2805 2500 2948 2572 quod
2996 2509 3264 2571 tamquam
3313 2501 3477 2558 homo

1876 2591 2133 2664 loquitur,
2163 2593 2462 2648 decessisse
2503 2608 2566 2648 ex
2599 2604 2834 2664 patorum
2863 2593 3160 2649 divinitatis
3199 2593 3367 2664 gloria
3401 2593 3478 2649 vi-

1875 2683 2114 2740 deretur.

1935 2777 1990 2830 4.
2009 2778 2041 2831 J
2051 2778 2152 2832 usti
2165 2778 2580 2835 tribulationibus
2595 2791 2709 2834 sunt
2723 2778 3114 2851 probati.—Ait
3135 2778 3473 2846 cnim,\’aas.

1873 2871 1901 2926 1
1927 2888 1938 2924 :
1956 2869 2196 2938 Domine,
2212 2873 2441 2944 probasti
2455 2891 2533 2928 me
2546 2883 2592 2928 et
2617 2874 2896 2944 cognovisti
2923 2890 3020 2927 nte.
3038 2876 3076 2926 A
3088 2873 3331 2942 postolus
3353 2887 3476 2928 cum

1875 2977 1976 3019 nos
2007 2965 2282 3034 patientize
2307 2976 2364 3020 et
2392 2967 2506 3036 Spei
2531 2967 2774 3022 doctrina
2804 2965 3067 3029 erudiret,
3087 2965 3162 3020 ait
3193 2985 3207 3021 :
3232 2965 3477 3020 Tribulu-

1875 3060 1944 3114 tio
1992 3061 2290 3130 patientiam
2334 3062 2553 3132 perﬁcit,
2602 3063 2849 3129 patientia
2885 3070 3053 3114 autem
3099 3060 3471 3132 probationem,

1876 3154 2110 3225 probatio
2140 3169 2257 3208 vero
2296 3171 2458 3226 spem,
2491 3171 2604 3227 spes
2634 3171 2749 3209 vero
2778 3171 2879 3208 non
2903 3153 3171 3225 confundit
3208 3151 3386 3223 (Rom.
3421 3167 3473 3217 v,

170 3245 305 3300 tium
322 3246 502 3300 carnis
524 3260 552 3299 a
577 3254 812 3314 paternae
839 3245 1135 3302 divinitatis
1159 3256 1425 3316 potestate
1447 3249 1769 3320 degenerat:
1799 3241 1844 3304 C
1878 3245 1960 3318 5).
2008 3247 2073 3301 Et
2117 3246 2233 3302 haec
2281 3247 2499 3318 quidem
2542 3247 2594 3302 in
2640 3257 2950 3302 sanctorum
2994 3259 3328 3316 quorumque
3365 3244 3474 3298 vita

167 3354 347 3410 neque
374 3338 425 3394 id
453 3352 650 3408 corpus
684 3338 828 3409 quod
859 3349 1197 3409 assumptum
1233 3349 1338 3405 est,
1375 3341 1630 3395 virtutem
1672 3357 1767 3395 na-

167 3439 309 3485 tura:
337 3439 494 3485 antea
519 3430 788 3483 manentis
810 3430 887 3501 (e)
916 3430 1168 3492 abolevit,
1200 3446 1322 3485 cum
1360 3432 1412 3486 in
1442 3447 1508 3487 eo
1545 3447 1772 3502 corpore

167 3521 316 3594 quod
343 3531 676 3592 assumptum
701 3529 812 3587 est,
853 3522 1026 3580 virtus
1068 3531 1274 3578 natura:
1316 3532 1472 3579 antea
1503 3524 1771 3580 manentis

169 3624 443 3671 oneretur.

208 3630 443 3686 peretur.

243 3708 298 3761 5.
331 3707 392 3763 Si
421 3708 542 3777 quid
562 3708 615 3761 in
649 3723 709 3762 eo
738 3707 1020 3776 inﬁrmum,
1045 3708 1114 3761 ad
1140 3707 1396 3762 hominem
1426 3708 1763 3778 referendum.

169 3831 242 3842 —
269 3801 450 3870 Itaque
478 3801 521 3855 si
548 3801 674 3872 quid
719 3801 988 3855 inﬁrmum
1027 3817 1092 3856 ex
1140 3817 1366 3873 persona
1413 3803 1529 3873 ejus
1563 3803 1766 3859 dictum

167 3893 502 3964 reperietur;
536 3894 601 3948 ad
631 3893 908 3949 hominem
942 3894 1129 3949 referri
1159 3895 1450 3964 oportebit,
1483 3911 1580 3964 per
1606 3912 1765 3964 quem

167 3987 426 4042 habitavit
461 3988 513 4040 in
548 3987 722 4041 nobis.
745 3986 981 4041 Verbum
1009 3987 1154 4040 enim
1181 4003 1309 4042 caro
1341 3989 1541 4041 tactum
1569 3997 1681 4053 est,
1713 3998 1769 4044 et

168 4079 436 4136 habitavit
474 4079 525 4132 iu
569 4079 725 4135 nobis
773 4079 951 4149 (Joan.
979 4095 1016 4143 ι,
1048 4079 1163 4148 li).
1196 4079 1556 4134 Referendum
1588 4088 1765 4136 autem

166 4173 241 4229 ob
275 4172 328 4228 id
357 4181 459 4240 est,
486 4172 610 4244 quia
641 4187 747 4228 non
775 4172 965 4227 alienae
1004 4180 1097 4226 aut
1123 4171 1388 4226 simulata:
1420 4179 1626 4226 naturae.
1669 4171 1768 4226 ho-

166 4369 382 4434 spectat
405 4358 533 4415 illud
568 4365 725 4434 tract.
759 4372 840 4426 ps.
875 4371 1024 4434 ut",
1080 4370 1229 4434 num.
1263 4355 1317 4417 3,
1349 4354 1461 4434 _ubi
1521 4352 1684 4434 tradit
1708 4353 1758 4409 in

171 4426 398 4505 psalmis
420 4431 804 4505 attendendum
819 4471 834 4493 ,
851 4430 1052 4505 quando
1067 4428 1198 4505 fides
1224 4427 1446 4497 gentium
1472 4426 1757 4493 nuntietur,

170 4499 380 4576 quando
401 4512 610 4576 peccata
639 4501 913 4576 an‘terioris
942 4499 1122 4568 populi
1155 4506 1460 4576 arguantur.

243 4575 323 4646 to)
354 4566 492 4628 ΕἱΙίιί
513 4614 528 4640 ,
558 4583 604 4627 et
631 4572 721 4627 sub
747 4566 1064 4646 diversorum
1081 4581 1152 4623 est
1175 4566 1447 4638 personis;
1476 4578 1586 4622 tum
1614 4566 1760 4638 Lips.

168 4657 227 4704 et
252 4642 374 4703 Par.
409 4649 774 4714 prophetarum
800 4662 812 4696 :
835 4642 1164 4714 castigantur
1191 4657 1255 4694 ex
1287 4655 1416 4714 mss.

247 4717 326 4789 (b)
359 4710 538 4789 Eiliti',
571 4719 679 4770 sine
724 4710 1024 4789 probabili:
1067 4711 1462 4789 refragantibus
1484 4725 1595 4789 mss
1624 4753 1638 4776 ,
1673 4710 1763 4780 qui

171 4782 318 4846 mox'
347 4788 548 4843 habent
600 4782 959 4856 praesumpsit,
1020 4797 1116 4852 pro
1157 4783 1450 4854 assumpsit.
1506 4782 1597 4838 Sic
1641 4796 1762 4851 pag.

169 4860 411 4928 480,6,
446 4855 701 4913 Dominus
748 4872 812 4910 ex
858 4855 1062 4926 virgine
1112 4868 1308 4923 corpus
1365 4863 1769 4926 prcesumpturus

173 4933 393 4988 dicitur.

247 5004 348 5076 (ci
361 5003 482 5076 Par.
510 5011 564 5054 ut
594 5009 640 5054 et
662 5002 831 5076 forma
851 4997 1073 5076 hominis
1095 5003 1368 5076 esset,_non
1396 5004 1451 5048 ut
1478 4999 1646 5066 [orma
1669 4994 1768 5049 Dei

173 5068 282 5132 elc‘.
311 5074 593 5130 Eilitioues
640 5068 792 5135 alias,
823 5079 877 5122 ut
927 5069 1093 5139 forma
1123 5068 1344 5121 hominis
1369 5076 1500 5139 esset
1523 5107 1538 5132 ,
1567 5083 1669 5120 non
1716 5075 1772 5120 ut

175 5150 352 5220 forma
384 5137 947 5220 D_ei,‘etc_._Sequin_ittr
967 5153 1104 5220 mss.
1123 5153 1236 5207 reg.
1285 5147 1340 5192 et
1367 5137 1571 5220 Turou.
1627 5152 1768 5220 quo-

172 5207 718 5273 rumlectio'l‘acilius
745 5207 1012 5280 capietur,
1060 5210 1104 5262 si
1163 5222 1283 5276 qua:
1328 5207 1764 5280 prteceduntjta

173 5289 573 5357 exprimantur,
605 5286 678 5339 ita
703 5277 834 5336 enim
861 5297 916 5335 sc
943 5280 1220 5335 exinanivit
1245 5321 1260 5346 ,
1291 5277 1345 5332 ut
1374 5279 1429 5331 in
1451 5283 1619 5350 forma
1646 5277 1763 5344 Dei,

172 5370 423 5414 maneret.

252 5430 332 5502 (ά)
364 5427 506 5502 Editi
527 5468 541 5490 ,
563 5425 618 5479 in
642 5428 806 5497 {arma
834 5423 996 5502 serui:
1020 5420 1379 5502 renitentibus
1399 5434 1540 5502 mss.
1561 5418 1628 5473 Et
1647 5419 1768 5502 qui-

172 5493 544 5556 det'n'verbum
569 5493 747 5552 maneo
769 5494 1016 5564 superius
1061 5501 1117 5548 et
1165 5493 1388 5564 inferius
1417 5493 1764 5561 conjungitur

171 5589 298 5628 cum
332 5570 552 5624 vocibus
578 5569 630 5620 in
656 5561 975 5637 formamet;
1034 5578 1134 5618 nec
1187 5561 1538 5637 recordamur
1572 5578 1638 5637 an
1668 5575 1760 5615 us-

175 5657 340 5714 quam
360 5639 502 5714 apud
523 5633 791 5714 ,llilarium
817 5636 1176 5714 conjungatur
1201 5649 1323 5688 cum
1353 5633 1434 5688 Itis
1486 5633 1542 5686 in
1593 5634 1765 5709 {arma

172 5705 326 5784 s'eroi.
359 5705 420 5784 Υ.
448 5710 536 5764 lib.
567 5725 618 5762 Ix
649 5707 716 5762 de
740 5707 888 5784 Trin_.
923 5705 976 5760 n.
1009 5705 1126 5784 50..
1207 5776 1218 5784 _
1255 5776 1266 5784 _
1339 5774 1382 5784 η
1424 5776 1435 5784 _
1521 5773 1535 5784 _
1659 5705 1664 5709 ’
1719 5773 1731 5784 .

259 5783 334 5853 (e)
365 5781 422 5835 In
452 5793 726 5853 mss.‘_rcg.
755 5787 813 5853 et
839 5777 1044 5853 Tyron.
1074 5775 1306 5853 absolvit.
1339 5774 1472 5829 Huic
1521 5773 1640 5853 loco
1689 5773 1759 5853 si-

174 5837 330 5912 milis
347 5863 428 5907 eet
460 5851 548 5905 ille
578 5837 747 5904 lib."ix
776 5848 841 5903 de
870 5837 1016 5903 Trin.
1050 5841 1103 5901 η’.
1134 5841 1197 5899 Η
1225 5862 1237 5899 z
1270 5845 1328 5900 tn
1355 5857 1567 5916 rorpore
1584 5842 1763 5898 demit.

1790 4660 1846 4720 D

1875 3350 2035 3411 atque
2055 3342 2310 3412 operibus
2337 3341 2504 3396 fuisse
2532 3340 2930 3410 cognoscimus,
2965 3351 3024 3392 ut
3054 3338 3236 3392 multis
3261 3339 3471 3406 passio-

1876 3434 2035 3490 nibus
2064 3434 2608 3503 tribulationibusque
2629 3432 2841 3502 jactati,
2877 3431 3185 3500 probabiles
3219 3430 3326 3482 Deo
3349 3427 3473 3480 l'acti

1875 3526 2004 3580 sint.
2037 3523 2094 3581 Si
2116 3526 2238 3597 quis
2263 3527 2409 3581 enim
2432 3525 2674 3579 exsulem
2702 3522 3082 3588 Abraham,et
3108 3522 3158 3573 in
3177 3529 3321 3573 metu
3356 3534 3472 3588 par-

1875 3617 2049 3674 ricidii
2076 3628 2131 3674 et
2157 3619 2462 3683 cmlibatus,
2487 3627 2540 3673 et
2568 3620 2618 3672 in
2647 3624 2966 3671 exterarum
2997 3615 3307 3684 passionum
3336 3612 3476 3682 inju-

1875 3710 1972 3764 riis
2003 3710 2272 3767 mansisse
2304 3710 2517 3766 ﬁdelem
2541 3725 2756 3780 semper
2784 3709 3090 3764 meminerit
3116 3724 3132 3773 ;
3164 3708 3206 3762 si
3235 3706 3354 3776 quis
3393 3706 3474 3760 l'u-

1873 3817 1994 3874 gam
2031 3802 2223 3868 Jacob,
2269 3813 2326 3859 et
2372 3812 2569 3874 praeter
2607 3804 2914 3858 aestivorum
2955 3802 3164 3856 dierum
3211 3799 3472 3864 laborem,

1874 3895 2223 3951 hibernarum
2284 3899 2522 3952 noctium
2585 3897 2794 3967 vigilias
2851 3896 2903 3950 in
2959 3895 3220 3950 cuswdiis
3289 3893 3471 3946 ovium

1875 3989 2223 4053 recordetur;
2253 3989 2298 4043 si
2325 3990 2444 4059 quis
2473 3989 2640 4059 Moysi
2669 3988 3020 4059 quadraginta
3059 4000 3320 4040 annorum
3356 3999 3473 4038 ser—

1874 4079 2120 4141 vitutem,
2153 4089 2207 4133 et
2235 4078 2286 4133 in
2315 4095 2382 4133 eo
2407 4080 2599 4133 acerba
2641 4080 2814 4149 plebis
2844 4077 3159 4146 opprobria,
3194 4085 3250 4129 et
3290 4088 3474 4143 mago-

1874 4187 1992 4227 rum
2019 4171 2280 4227 adversus
2307 4187 2428 4228 eum
2469 4171 2691 4226 aemulas
2726 4178 3020 4242 poteSIates
3042 4175 3362 4224 recenseat:
3391 4167 3472 4222 in-

1870 4357 1996 4410 tatio
2027 4356 2229 4412 habitus
2258 4366 2306 4411 et
2337 4357 2622 4428 assumptio
2653 4365 2871 4424 naturw,
2929 4366 3170 4412 naturam
3221 4355 3475 4410 manentis

1871 4430 2150 4482 divinitatis
2176 4445 2275 4482 non
2299 4431 2525 4499 peremit.

1943 4499 2014 4573 (f)
2043 4500 2098 4554 lu
2121 4515 2235 4569 reg.
2269 4497 2371 4573 nisi.
2397 4510 2673 4573 putamus._
2692 4500 2747 4555 ln
2781 4499 2875 4555 lib.
2908 4515 2939 4553 ι
2967 4497 3036 4573 de
3055 4498 3209 4573 Trin.
3233 4515 3343 4573 ἰι.Δ
3377 4497 3470 4564 46,

1874 4569 2054 4640 legere
2069 4581 2154 4625 est
2183 4572 2507 4640 putavimus,
2534 4571 2676 4641 quod
2701 4573 2891 4636 amcis
2920 4579 2975 4625 et
3014 4571 3194 4624 latinis
3227 4569 3475 4641 Scriptu-

1874 4658 1948 4696 ra:
1979 4642 2374 4711 exemplaribus
2394 4640 2674 4698 consonat.
2697 4641 2913 4698 Videsis
2938 4641 3251 4711 praedictum
3275 4640 3456 4695 locum

1871 4714 1940 4768 de
1965 4713 2116 4776 Trin,

1945 4782 2024 4856 (g)
2051 4783 2188 4838 Editi
2207 4825 2220 4848 ,
2247 4785 2585 4841 habitavit....
2616 4784 2854 4853 suscepit.
2879 4782 3072 4856 Aptius
3116 4780 3283 4837 verbo
3332 4796 3470 4856 pug-

1873 4853 2014 4909 senti
2044 4870 2149 4926 ms.
2183 4870 2296 4926 reg.
2327 4856 2818 4926 enuntiatduplicis
2837 4857 2892 4910 in
2914 4853 3131 4926 Christo
3158 4863 3365 4908 natura:
3385 4853 3470 4907 di-

1872 4925 2324 4992 stitt,cti0tietu,’et
2340 4926 2555 4991 divinm,
2590 4925 2750 4983 etiam
2786 4939 3065 4996 postquam
3095 4925 3327 4980 humana
3351 4938 3470 4979 sus-

1873 4999 2026 5063 cepta
2051 5005 2167 5064 est,
2197 5001 2672 5066 perseverantiam.
2725 4997 2884 5053 Aliud
2948 4999 2992 5052 si
3046 4996 3261 5064 quidem
3305 5005 3466 5061 sunt,
3503 5047 3506 5050 .

1873 5080 2108 5135 quorum
2159 5085 2326 5123 unum
2376 5069 2611 5135 habitat,
2664 5070 2895 5125 alterum
2950 5068 3254 5134 habitatur;
3303 5081 3467 5121 unum

1878 5139 2126 5210 suscipit,
2151 5140 2378 5194 alterum
2408 5141 2738 5210 suscipitur;
2770 5155 2936 5196 unum
2965 5141 3198 5208 denique
3237 5154 3322 5210 ex,
3348 5151 3468 5192 sus-

1877 5210 2052 5281 ceptis
2077 5209 2477 5266 inﬁrmitatibus
2504 5208 2724 5281 patitur,
2751 5213 2980 5268 alterum
3011 5227 3080 5264 ex
3111 5212 3174 5264 iis
3196 5208 3326 5263 nihil
3376 5223 3467 5278 pa-

1878 5280 2005 5334 titur
2030 5292 2126 5334 aut
2150 5282 2318 5337 dolet.
2349 5282 2406 5337 lu
2434 5280 2516 5338 his
2544 5286 2798 5341 outuibus
2845 5285 2959 5338 sola
3003 5292 3190 5336 natura
3219 5281 3402 5335 divina
3432 5294 3463 5334 a

1875 5349 2062 5406 dolore
2089 5352 2361 5408 eximitur.

1952 5421 2030 5494 (h)
2080 5421 2212 5494 Reg.
2238 5439 2338 5478 ms.
2367 5425 2594 5494 defuisse
2618 5446 2632 5484 :
2659 5435 2711 5482 et
2739 5439 2862 5482 mox
2890 5422 3140 5478 decidisse
3163 5465 3179 5489 ,
3203 5421 3324 5477 loco
3371 5419 3464 5474 de-

1875 5493 2104 5547 cessisse.
2162 5493 2276 5566 Illic
2301 5497 2392 5550 tibi
2437 5493 2659 5566 persona
2702 5497 2921 5552 hominis
2977 5503 3458 5566 commemoratur,

1878 5573 2121 5638 naturam
2151 5563 2871 5638 dumtaxatintelligendam
2905 5565 3014 5634 jam
3059 5565 3366 5638 monuimus
3410 5563 3462 5616 in

1873 5637 2011 5704 psal.
2041 5652 2198 5704 Lxm,
2227 5654 2280 5693 η.
2321 5639 2377 5706 5,
2407 5647 2462 5693 et
2489 5634 2829 5696 manifestum
2860 5648 2944 5692 est
2969 5651 3036 5689 ex
3059 5634 3144 5689 his
3167 5651 3215 5688 n.
3251 5634 3286 5706 5
3318 5650 3332 5688 :
3360 5648 3463 5687 non

1873 5709 2236 5780 confundenda
2265 5722 2430 5763 autem
2454 5727 2672 5780 persona
2689 5708 2972 5765 divinitatis
2984 5716 3046 5780 _et
3063 5705 3294 5780 corporis
3320 5714 3396 5757 est
3441 5718 3462 5757 :

1873 5774 2106 5830 tnaXitnc
2132 5793 2255 5834 cum
2289 5774 2533 5836 Deum'et
2564 5781 2836 5837 hominem
2879 5781 2931 5834 in
2974 5774 3191 5832 Christo
3213 5789 3376 5831 unum
3406 5783 3462 5830 et

1873 5844 2123 5902 eumdem
2147 5863 2267 5907 esse
2295 5851 2536 5918 pluribus
2562 5856 2769 5908 asserat
2795 5847 3047 5906 Hilarius.
