3896 6336
516 275 631 336 799

1717 265 1961 324 SANCTI
1990 265 2247 324 HILARII
2287 265 2598 324 EPISCOPI
3686 264 3772 320 ειη)

507 399 781 448 venerant
808 387 1075 447 resistenti
1106 404 1118 440 :
1145 385 1391 452 Calicem,
1432 356 1578 456 quem
1599 383 1737 439 dedit
1777 385 1902 438 mihi
1942 383 2101 438 Pater
2129 387 2180 445 Α
2209 384 2295 438 tis.
2331 383 2437 439 Sed
2473 399 2540 439 ne
2589 385 2695 454 ipsi
2745 383 2962 456 quidem
2997 382 3171 455 Moysi
3222 382 3326 437 hoc
3368 395 3487 436 esse
3530 383 3771 451 propriam

509 498 684 550 meus,
710 483 785 557 (a)
816 499 916 536 non
957 480 1123 533 bibam
1161 477 1307 532 illum
1339 475 1522 548 (Joan.
1552 491 1704 541 xvnt,
1733 474 1866 546 11)?
1910 474 2109 530 docens

517 591 583 633 se
631 577 956 647 praescripta:
999 571 1098 626 sibi
1142 586 1171 625 a
1203 571 1362 626 Patre
1413 571 1680 641 passionis
1717 570 1940 625 calicem
1987 584 2108 625 esse

513 668 832 726 bibiturum.
885 666 999 722 Scit
1045 681 1105 721 se
1152 666 1314 722 etiam
1363 666 1610 722 semitam
1661 681 1812 721 suam
1857 665 2112 720 directio-

519 774 758 830 nemqne
795 759 1114 830 complesse,
1161 774 1282 812 cum
1347 767 1530 827 potato
1590 757 1716 829 (Ms.
1762 758 1909 829 poto)
1957 767 2112 812 aceto

515 850 766 921 spiritum
819 849 1109 904 traditurus
1157 850 1232 904 ait
1262 869 1274 905 :
1309 849 1730 904 Consummalum
1775 859 1848 905 est
1870 893 1884 916 ,
1917 860 1963 904 et
1994 866 2113 904 mox

515 942 731 996 tradidit
750 941 988 1014 spiritum
1016 939 1196 1010 (Joan.
1231 956 1343 1006 tux,
1375 939 1490 1012 50).

591 1033 682 1089 12.
715 1033 844 1100 Qute
869 1035 1020 1105 gessit
1057 1045 1144 1088 aut
1175 1052 1357 1105 passus
1402 1043 1496 1099 est,
1545 1036 1797 1104 prtescivit
1843 1034 2018 1089 Pater.
2041 1065 2114 1076 —

511 1128 668 1184 lianc
696 1142 828 1198 ergo
867 1128 1114 1182 semitam
1147 1137 1204 1183 et
1246 1127 1600 1183 directionem
1632 1143 1783 1183 suam
1825 1128 1985 1182 Pater
2029 1127 2115 1182 in-

512 1224 822 1295 vestigavit.
885 1224 1229 1294 lnvestigavit
1257 1233 1431 1280 autem
1460 1238 1558 1294 per
1606 1223 1947 1293 prophetam,
1989 1236 2111 1277 cum

515 1317 587 1374 de
617 1326 766 1372 sorte
793 1318 962 1372 vestis
988 1316 1347 1388 propltetavit,
1381 1327 1440 1370 ut
1466 1317 1726 1386 scriptum
1757 1325 1844 1372 est
1872 1333 1886 1368 :
1937 1315 2002 1369 Et
2029 1332 2116 1368 su-

519 1425 613 1482 per
635 1410 991 1463 vestimentum
1021 1425 1189 1462 meum
1218 1410 1463 1462 miserunt
1494 1419 1678 1462 sortem
1707 1406 1824 1476 (Ps.
1860 1423 1971 1473 xxt,
1998 1406 2112 1480 19).

515 1501 587 1558 Ει
632 1501 827 1557 iterum
876 1517 999 1556 cum
1029 1501 1096 1556 de
1145 1499 1344 1556 tradito
1375 1501 1514 1556 inter
1543 1501 1784 1556 latrones
1812 1511 1971 1570 atque
1998 1516 2118 1556 sus-

512 1607 684 1665 penso
723 1593 798 1665 (b)
829 1593 1099 1664 recognita
1147 1603 1229 1648 est
1278 1595 1558 1664 prophetia
1601 1595 1832 1650 dicens:
1886 1593 1951 1649 Et
2001 1611 2116 1648 cum

512 1685 704 1757 iniquis
731 1686 1004 1752 deputatus
1034 1695 1109 1740 est
1137 1686 1288 1758 (Esa.
1323 1702 1436 1748 Lut,
1469 1685 1594 1759 12);
1624 1687 1706 1742 vel
1735 1702 1856 1741 cum
1888 1687 1956 1741 de
1995 1702 2117 1742 osse

2213 476 2451 548 potuerit
2479 518 2494 542 ,
2553 477 2720 532 Deum
2751 486 3038 548 antequam
3073 476 3392 547 ﬂagrantem
3441 476 3626 529 rubum
3669 491 3775 530 cos-

2212 571 2371 640 spicit
2399 571 2683 638 nescienti,
2718 571 2794 643 (f)
2825 571 3084 639 Opinione
3111 568 3331 639 quidem
3366 567 3519 622 electi
3553 568 3602 620 in
3632 569 3774 622 Alm-

2213 661 2338 716 bam
2382 671 2436 717 et
2478 661 2628 717 Isaac
2659 671 2713 717 et
2743 661 2910 717 Jacob
2939 662 3126 731 populi
3174 661 3257 715 sui
3290 660 3562 730 religioso,
3591 674 3775 714 rerum-

2215 760 2394 808 tamen
2461 751 2782 808 familiarem
2839 753 3206 822 cognitionem
3259 758 3386 804 ante
3432 749 3538 803 hoc
3596 759 3776 819 tempus

2216 845 2316 899 nisi
2363 861 2390 897 a
2446 844 2558 900 Deo
2597 834 2712 899 non
2767 845 2981 914 adepto.
3035 843 3143 899 Sed
3175 844 3353 898 omnis
3405 857 3582 897 sermo
3627 844 3776 898 isteei

2214 939 2494 1007 competit,
2542 938 2632 1005 qui
2677 939 2750 992 ait
2793 956 2804 991 :
2857 938 3035 1003 Pater,
3067 937 3393 1008 manifestari
3441 953 3618 990 nam
3663 947 3776 988 tam

2216 1029 2508 1083 hominibus
2530 1030 2711 1102 (Joan.
2755 1045 2890 1095 xvu,
2921 1030 2978 1100 6)
3009 1047 3024 1096 ;
3058 1041 3107 1084 et
3138 1031 3230 1100 qui
3273 1029 3346 1083 ait
3390 1046 3403 1081 :
3441 1027 3569 1082 Ηωε
3607 1039 3675 1082 est
3704 1047 3779 1081 as-

2215 1132 2314 1177 tem
2337 1124 2439 1176 vita
2467 1131 2681 1188 (eterna,
2712 1133 2768 1176 ut
2798 1134 3104 1194 cognoscant
3150 1133 3200 1176 te
3226 1123 3394 1176 solum
3423 1137 3593 1174 verum
3621 1120 3778 1182 Dens,

2215 1225 2263 1270 et
2290 1233 2438 1285 quem
2478 1217 2661 1272 misisti
2709 1215 2885 1270 Jesum
2922 1215 3184 1271 Christum
3222 1215 3388 1286 (Ibid.
3432 1214 3514 1284 5).
3545 1215 3645 1270 Sed
3694 1218 3778 1272 ιιι(

2217 1325 2316 1364 suo
2347 1311 2465 1366 loco
2496 1296 2704 1380 plenius
2733 1327 3151 1382 prosequemur.

2292 1401 2380 1456 M.
2414 1402 2602 1456 Christi
2623 1419 2738 1474 qua:
2759 1405 3050 1466 novissima,
3081 1421 3196 1474 qum
3223 1407 3454 1476 antiqua.
3492 1436 3563 1446 —
3583 1406 3782 1461 Descen-

2217 1491 2449 1548 dendnm
2469 1505 2646 1548 autem
2661 1495 2726 1548 ad
2747 1494 2797 1548 id
2825 1496 3212 1550 cstsecundum
3237 1497 3486 1551 ordinem
3507 1497 3780 1552 dictorum:

2223 1583 2356 1640 Ecce
2374 1595 2450 1652 tu,
2470 1583 2708 1652 Domine,
2728 1588 3010 1656 cognovisti
3026 1590 3199 1642 omnia
3217 1591 3502 1643 novissima
3525 1602 3570 1642 et
3588 1592 3781 1658 statim

2219 1675 2521 1732 Novissima
2556 1686 2712 1743 sunt,
2744 1692 2866 1732 cum
2920 1678 3172 1748 probasti,
3225 1695 3350 1735 cum
3404 1683 3705 1750 cognovisti,
3750 1692 3784 1733 et

513 1777 716 1834 intacto
746 1790 906 1850 atque
929 1780 1194 1850 impresso
1220 1780 1441 1836 vulnere
1483 1790 1608 1836 ante
1636 1781 1953 1852 praedictum
1984 1792 2068 1836 est
2094 1800 2105 1835 :
2143 1776 2188 1836 B
2217 1780 2414 1826 C-Tlera
2442 1787 2560 1841 (tum
2591 1771 2807 1840 Ιπόιπί·1
2838 1781 2964 1825 sum
2989 1773 3108 1842 eius
3135 1773 3554 1842 hominisque"!
3575 1789 3786 1842 assumti-

515 1869 591 1926 Os
635 1874 747 1943 ejus
787 1890 890 1927 non
935 1874 1266 1945 canfringetis
1310 1873 1504 1945 (Exod.
1553 1891 1647 1941 xu,
1695 1874 1813 1946 46);
1847 1885 1924 1942 et,
1960 1875 2116 1930 Vide-

515 1963 641 2017 bunt
691 1981 841 2035 quem
896 1973 1303 2035 compunxerunt
1343 1965 1526 2036 (Zach.
1562 1983 1658 2032 xu,
1693 1967 1803 2038 10).
1853 1967 1977 2023 Haec
2019 1968 2119 2023 ita-

515 2056 646 2126 que,
679 2073 801 2128 qua:
829 2059 879 2113 ei
911 2060 1090 2114 omnia
1123 2068 1278 2114 erant
1309 2060 1360 2114 in
1407 2060 1660 2131 passione
1709 2061 2041 2132 praescripta,
2087 2077 2116 2116 a

515 2148 633 2203 Deo
678 2151 1037 2220 pervestigata
1063 2162 1208 2218 sunt,
1257 2150 1331 2223 (ε)
1376 2160 1435 2205 ιιι
1457 2162 1510 2206 et
1549 2153 1747 2207 fuerint
1778 2153 2113 2223 prophetata.

516 2239 599 2296 Ac
645 2258 711 2296 ne
739 2241 864 2312 quid
888 2257 959 2296 ex
1014 2241 1118 2307 his,
1148 2258 1268 2313 qua:
1292 2245 1459 2314 gessit
1503 2259 1565 2299 ac
1593 2259 1783 2314 passus
1821 2253 1923 2311 est,
1969 2246 2120 2300 inco-

517 2333 723 2404 gnitum
755 2333 920 2388 fuisse
941 2335 1086 2391 Patri
1120 2334 1555 2403 existimaretur;
1577 2337 1902 2406 generaliter
1927 2348 2118 2394 cuncta

515 2427 832 2496 complexus
859 2435 964 2494 est,
994 2427 1203 2494 dicens,
1229 2428 1395 2485 Vens.
1427 2428 1502 2485 ιε
1532 2427 1605 2484 Et
1640 2446 1816 2485 omnes
1843 2431 1952 2485 vias
1979 2447 2118 2486 meas

523 2519 833 2590 prwvidisti.
897 2518 1004 2576 Sed
1058 2521 1148 2590 qui
1195 2521 1467 2592 prtevidit,
1524 2521 1660 2578 vidit
1699 2529 1984 2595 antequam
2030 2538 2118 2580 res

519 2622 688 2670 esset.
737 2613 994 2670 Prtevidit
1022 2611 1203 2671 autem
1234 2617 1400 2671 etiam
1431 2617 1555 2685 hoc,
1584 2617 1707 2688 quia
1727 2634 1829 2672 non
1853 2627 1926 2672 est
1969 2619 2119 2673 dolus

519 2707 576 2761 in
604 2708 780 2778 lingua
808 2723 962 2762 mea:
995 2716 1080 2763 est
1123 2710 1291 2776 enim,
1325 2710 1620 2765 secundum
1671 2711 1941 2780 propriam
1987 2729 2115 2782 pro-

525 2798 841 2864 fessionem,
883 2800 1107 2866 veritas,
1143 2801 1222 2874 (tl)
1271 2804 1353 2856 via
1400 2813 1454 2858 et
1499 2804 1603 2856 vita
1649 2804 1826 2874 (Joan.
1878 2821 1992 2870 xiv,
2037 2807 2113 2875 6).

522 2887 641 2943 Non
673 2891 865 2958 recipit
910 2889 1094 2944 dolum
1127 2892 1359 2957 veritas;
1403 2909 1510 2947 non
1540 2893 1683 2948 enim
1733 2897 1992 2951 mentitus
2036 2907 2120 2953 est

525 2988 622 3034 aut
670 2977 858 3033 fefellit
908 2998 921 3034 :
975 2981 1154 3049 lingua
1202 2983 1380 3036 omnis
1426 2985 1544 3054 ejus
1590 2985 1768 3041 officio
1817 2988 1998 3043 functa
2036 2999 2117 3044 est

525 3056 792 3136 veritatis,
841 3075 929 3142 qui
958 3075 1071 3128 ait:
1103 3074 1297 3129 Caelum
1321 3085 1368 3129 et
1399 3085 1534 3130 terra
1573 3082 1922 3148 prmteribunt,
1969 3085 2117 3140 verba

2220 1867 2310 1921 sit.
2341 1867 2575 1936 Antiqua
2601 1874 2758 1931 sunt,
2791 1883 2910 1936 qua:
2935 1867 3155 1921 modotu
3191 1884 3297 1921 non
3334 1869 3573 1933 habent,
3598 1869 3786 1938 quais-

2219 1957 2706 2029 definititemporis
2731 1958 3038 2030 significant
3088 1969 3434 2016 vetustatem.
3473 1959 3539 2014 In
3569 1963 3786 2033 principis

2218 2052 2354 2104 enim
2402 2061 2507 2105 erat
2567 2051 2814 2117 Verbum,
2869 2063 2916 2106 et
2965 2055 3137 2106 omnia
3165 2069 3257 2125 per
3283 2054 3454 2124 ipsum
3513 2059 3653 2124 facta
3697 2069 3783 2109 snt

2221 2143 2400 2216 (Joan.
2438 2161 2475 2210 ι,
2509 2146 2583 2214 1).

2294 2237 2382 2292 15.
2433 2235 2501 2291 Ut
2541 2235 2677 2291 Deus
2703 2239 2777 2291 ait
2805 2255 2824 2292 :
2857 2236 2903 2291 Ρ
2905 2240 3113 2292 armasti
3145 2255 3224 2292 me
3260 2257 3274 2293 :
3302 2248 3360 2294 ut
3395 2240 3551 2294 homo
3585 2243 3784 2312 posuisti}

2221 2339 2324 2385 etc.
2355 2360 2430 2371 —
2457 2331 2660 2386 Dehinc
2687 2344 2745 2385 ut
2787 2331 3080 2387 novissima
3119 2333 3263 2388 Deus
3287 2343 3345 2388 et
3374 2323 3596 2405 antiqua
3627 2349 3788 2404 ωςω-

2220 2423 2332 2489 vit;
2366 2423 2438 2477 ita
2470 2422 2522 2477 in
2552 2437 2618 2479 eo
2639 2422 2782 2494 quod
2811 2425 3056 2495 sequitur
3085 2441 3100 2479 :
3131 2423 3211 2479 Tu
3231 2424 3481 2492 [armasti
3507 2443 3587 2479 me
3606 2469 3622 2490 ,
3651 2438 3692 2480 et
3719 2444 3787 2496 βο

2219 2517 2368 2571 suisti
2388 2531 2542 2586 super
2564 2532 2645 2572 me
2661 2533 2872 2572 manum
2902 2527 3041 2572 tuam
3060 2559 3076 2582 ,
3105 2526 3404 2588 utrumque
3423 2519 3691 2590 signiﬁcat
3713 2540 3724 2572 :
3749 2529 3788 2573 at

2219 2610 2364 2682 quod
2394 2609 2667 2675 formavit,
2707 2613 2987 2682 antiquum
3017 2615 3126 2679 sit;
3158 2613 3300 2681 quod
3332 2614 3682 2684 superposuit
3705 2630 3788 2668 ll:—

2221 2717 2370 2769 num,
2397 2703 2750 2757 novissimum
2803 2704 2896 2758 sit.
2929 2705 3083 2772 Quod
3113 2705 3261 2759 enim
3319 2707 3628 2760 secundum
3663 2718 3787 2760 nats-

2221 2809 2335 2848 ram
2357 2793 2652 2849 divinitatis
2676 2795 2936 2850 formatus
2971 2797 3062 2860 sit,
3084 2796 3381 2865 Apostolus
3405 2797 3570 2852 docet
3594 2798 3786 2853 dicens:

2224 2886 2325 2952 Qui
2343 2904 2455 2940 cum
2469 2888 2520 2940 in
2548 2887 2713 2956 [arma
2739 2885 2837 2942 Dei
2861 2899 2987 2942 esset
3019 2887 3249 2957 (Philip.
3283 2905 3342 2952 ιι,
3373 2889 3468 2961 6);
3505 2891 3646 2960 quod
3675 2892 3785 2944 enim

2221 2976 2274 3032 in
2307 2978 2475 3033 forma
2508 2988 2613 3042 est,
2651 2978 2911 3034 formatur
2940 2981 2992 3035 in
3027 2980 3254 3036 formam
3317 3000 3332 3036 :
3382 2990 3439 3036 et
3481 2982 3694 3052 quidem
3734 2985 3785 3052 (gi

2223 3078 2460 3138 paterna:
2492 3080 2696 3126 natura:
2724 3072 3098 3128 etdiviuitatis
3139 3071 3398 3128 formam.
3439 3073 3515 3128 Et
3544 3075 3715 3128 nescio
3737 3091 3784 3128 an

521 3173 693 3218 autem
721 3181 832 3219 mea
863 3182 964 3220 non
991 3168 1327 3239 prteteribunt
1351 3169 1565 3242 (Matth.
1596 3189 1741 3239 xxnv,
1764 3174 1877 3248 35).
1904 3175 2115 3232 Patrem

2223 3163 2365 3232 quod
2389 3163 2650 3220 formatus
2682 3165 2932 3220 informa
2983 3168 3124 3221 servi
3184 3179 3289 3234 est,
3346 3167 3544 3222 referri
3569 3168 3784 3238 possiiad

522 3256 693 3312 Deum
723 3257 999 3329 praedicat,
1051 3276 1110 3314 se
1153 3277 1285 3317 vero
1315 3278 1437 3318 esse
1483 3273 1538 3319 et
1586 3266 1823 3323 hominis
1858 3279 1912 3323 et
1944 3271 2035 3325 Dei
2065 3272 2120 3326 fl-

525 3351 654 3408 littm
687 3351 1000 3407 confitetur.
1036 3354 1228 3410 Dolum
1261 3357 1574 3425 pr-edieatio
1605 3360 1706 3413 ista
1752 3377 1860 3416 non
1909 3361 2116 3430 habuit,

520 3460 641 3516 quae
655 3455 709 3500 et
724 3445 792 3500 de
806 3459 867 3501 se
885 3455 939 3501 et
961 3448 1027 3503 de
1048 3447 1252 3504 honore
1267 3454 1381 3519 ejus
1399 3451 1487 3521 qui
1502 3465 1561 3506 se
1579 3453 1802 3508 miserat
1829 3453 2114 3510 fatebatur.

597 3538 686 3592 15.
718 3537 816 3593 Dei
837 3541 1050 3595 scientia
1080 3559 1180 3596 non
1207 3559 1238 3594 a
1264 3546 1537 3614 propheta,
1571 3563 1674 3600 non
1700 3565 1732 3601 a
1777 3547 1978 3620 Moyse,
2029 3549 2118 3604 sed

519 3645 554 3683 α
593 3625 800 3682 Christo
839 3632 982 3684 nobis
1028 3634 1241 3687 tradita.
1271 3663 1342 3673 —-
1369 3633 1588 3690 Proflcit
1625 3636 1819 3692 deinde
1861 3641 2114 3708 paulatim

519 3735 702 3775 sermo
733 3731 943 3792 emptus
969 3724 1038 3778 ab
1091 3725 1328 3790 homine,
1363 3736 1415 3779 et
1433 3726 1498 3780 ad
1544 3727 1990 3796 significationem
2023 3747 2116 3786 na-

521 3821 656 3866 turae
707 3814 758 3866 in
806 3829 872 3868 eo
918 3816 1155 3870 caelestis
1198 3814 1436 3888 (divinae)
1487 3818 1784 3885 extollitur,
1826 3836 1947 3876 cum
1995 3823 2112 3890 ait,

519 3901 682 3960 Vens.
714 3904 750 3960 5
777 3914 832 3960 et
859 3906 892 3960 6
927 3923 939 3960 :
977 3905 1110 3962 Ecce
1137 3916 1212 3972 tu,
1249 3907 1489 3975 Domine,
1521 3913 1800 3981 cognovisti
1825 3916 1996 3969 omnia
2016 3933 2112 3970 no-

517 3995 728 4052 vissima
753 4008 800 4052 et
828 3999 1079 4069 antiqua:
1115 4008 1169 4053 tu
1199 4002 1434 4071 formasti
1460 4018 1557 4070 me,
1605 4012 1653 4056 et
1706 4007 1923 4075 posuisti
1961 4023 2117 4077 super

516 4105 598 4144 me
628 4107 835 4145 manum
875 4101 1034 4146 tuam.
1089 4091 1347 4146 Mirabills
1391 4096 1528 4164 facta
1575 4105 1647 4148 est
1685 4097 1895 4150 scientia
1926 4105 2014 4152 tua
2053 4115 2116 4154 ea:

514 4199 637 4239 me:
685 4187 971 4254 confortata
999 4195 1094 4249 est,
1143 4196 1321 4241 etnon
1356 4196 1530 4256 potero
1567 4187 1635 4240 ad
1679 4203 1812 4242 eam.
1856 4189 2113 4245 Persona:

518 4274 659 4329 istud
701 4277 976 4346 propheta:
1020 4292 1124 4331 non
1155 4278 1430 4343 convenit,
1481 4290 1535 4332 ut
1585 4294 1653 4334 ex
1700 4295 1760 4334 se
1789 4280 1990 4338 dixisse
2033 4283 2115 4338 vi-

522 4365 736 4433 deatur,
773 4367 1028 4423 Mirabilis
1049 4370 1188 4437 facta
1214 4379 1287 4423 est
1312 4371 1524 4424 scientia
1553 4382 1641 4426 tua
1680 4389 1748 4428 ea:
1765 4390 1866 4438 me,
1914 4384 1972 4430 ut
2011 4377 2113 4430 mi-

520 4459 707 4514 rabilis
756 4461 848 4517 Dei
902 4463 1137 4533 cognitio
1175 4478 1243 4520 ex
1288 4479 1354 4520 eo
1405 4465 1538 4519 facta
1590 4465 1680 4531 sit,
1727 4467 1911 4538 Moyse
1952 4479 2108 4524 antea

2221 3259 2454 3324 Patrem,
2478 3259 2815 3315 utformatus
2835 3262 2902 3316 ab
2930 3261 3048 3329 ipso
3077 3260 3147 3315 sit
3181 3281 3194 3315 :
3241 3260 3520 3328 Sapientia
3550 3263 3678 3314 enim
3704 3262 3786 3329 ips:

2219 3354 2314 3409 sibi
2333 3355 2605 3424 aediﬁcavit
2630 3356 2838 3407 domum
2863 3353 3050 3424 (Prov.
3071 3369 3148 3420 ιι,
3179 3353 3384 3426 i).Sed
3405 3355 3536 3408 hinc
3562 3369 3661 3407 nec
3686 3363 3786 3406 tem-

2219 3449 2388 3518 poris,
2419 3461 2517 3501 nec
2547 3447 2863 3516 quazstionis
2888 3455 2970 3500 est
2990 3445 3224 3516 amplius
3255 3445 3426 3515 loqui.
3456 3445 3616 3511 Quod
3637 3455 3783 3498 autem

2220 3540 2438 3610 proprie
2465 3540 2530 3594 ad
2559 3554 2873 3609 corpoream
2905 3540 3238 3593 nativitatem
3273 3537 3469 3593 referri
3501 3548 3736 3608 oporteat
3775 3555 3782 3586 :

2221 3629 2290 3685 Et
2318 3632 2534 3701 posuisti
2554 3648 2706 3702 super
2734 3647 2813 3685 me
2834 3647 3042 3684 manum
3071 3639 3245 3696 tuam;
3301 3630 3376 3685 ita
3432 3632 3694 3686 docemur
3737 3647 3783 3683 et

2221 3739 2449 3794 persona
2474 3722 2651 3776 Patris
2683 3741 2694 3775 :
2731 3722 2908 3776 Inveni
2929 3719 3102 3775 David
3124 3739 3326 3776 servum
3349 3739 3545 3788 meum,
3601 3725 3655 3775 in
3705 3724 3786 3774 clear

2218 3829 2395 3874 sancta
2424 3835 2532 3872 meo
2550 3817 2672 3871 tinxi
2703 3833 2836 3870 eum.
2870 3815 3062 3870 Manus
3087 3817 3223 3869 enim
3252 3831 3368 3870 mea
3390 3817 3725 3871 auxiliabitur
3739 3820 3786 3874 ei.

2219 3920 2265 3964 et
2295 3911 2559 3964 brachium
2588 3924 2754 3962 meum
2781 3907 3088 3978 caufortabit
3116 3923 3252 3960 eum.
3283 3905 3444 3961 Nihil
3467 3911 3697 3977 proﬁciet
3719 3913 3791 3963 isi-

2217 4008 2380 4057 micus
2404 4004 2455 4056 in
2480 4018 2560 4068 eo,
2590 4012 2636 4054 et
2651 4002 2788 4072 ﬁlius
2814 4001 3095 4071 iniquitatis
3122 4017 3226 4054 non
3246 4000 3463 4067 adiiciet
3481 4019 3665 4058 nocere
3702 4021 3787 4056 esis

2217 4096 2391 4170 (Psal.
2424 4111 2686 4162 cxxxvut,
2709 4096 3063 4164 21etseqq.).
3095 4093 3163 4148 Et
3189 4108 3296 4148 non
3351 4104 3438 4149 est
3482 4097 3786 4167 atnbigum.

2217 4204 2431 4245 omnem
2475 4189 2617 4244 lutnc
2649 4189 2912 4259 psalmum
2967 4187 3035 4242 ad
3091 4202 3388 4258 personam
3438 4189 3658 4247 Domini
3697 4207 3791 4247 esse

2216 4282 2558 4340 referendum
2616 4301 2628 4335 :
2683 4281 2806 4351 quia
2845 4296 2909 4335 ea
2957 4281 3136 4334 omnia
3171 4281 3223 4334 in
3281 4295 3353 4336 eo
3401 4285 3550 4349 sint,
3603 4299 3716 4354 qua
3751 4295 3789 4337 et

2217 4374 2484 4430 divinitati
2523 4373 2696 4442 ipsius
2745 4372 2960 4443 propria
3014 4372 3146 4438 sint,
3198 4381 3256 4427 et
3299 4388 3328 4426 a
3363 4383 3580 4430 natura:
3627 4387 3789 4431 nostra

2215 4467 2524 4524 infirmitate
2543 4465 2885 4521 dissentiant.

523 4553 878 4623 cognitionem
911 4556 1074 4628 569
1101 4557 1254 4613 nobis
1285 4557 1374 4612 Dei
1423 4558 1495 4628 (e)
1525 4558 1676 4613 libris
1704 4559 1860 4630 Legis
1892 4561 2116 4633 loquen-
2143 4548 2194 4608 Ῑ)
2292 4560 2382 4616 16.
2411 4557 2509 4613 Dei
2537 4561 2748 4613 scientia
2785 4559 2921 4613 unde
2945 4555 3214 4616 mirabilis.
3241 4588 3314 4599 —
3341 4559 3411 4614 Et
3439 4562 3569 4631 quia
3597 4570 3789 4632 utroque

592 4692 675 4762 (a)
727 4692 801 4746 Ita
843 4709 946 4748 ms.
981 4694 1067 4747 hic
1096 4703 1151 4748 et
1180 4695 1273 4750 lib.
1305 4712 1333 4749 κ
1364 4695 1431 4751 de
1473 4695 1654 4761 Trin.,
1709 4713 1766 4752 n.
1819 4697 1910 4754 30.
1968 4700 2116 4758 Editi

520 4778 669 4826 vero,
703 4779 804 4816 non
830 4766 904 4817 vis
932 4775 983 4817 ut
1012 4764 1176 4818 bibam
1204 4767 1374 4820 illum.

592 4834 862 4910 (b)_Edi_t_i,
893 4837 1180 4906 recagnitus
1219 4847 1292 4891 est
1340 4839 1588 4910 prapheta
1624 4855 1644 4894 :
1693 4839 2015 4898 inconcinne
2061 4851 2116 4899 et

519 4906 912 4964 dis’sidentibus
938 4922 1068 4960 mss.

591 4979 660 5049 (c)
693 4977 748 5052 In
783 4978 1030 5052 vulgatis,
1059 4989 1114 5032 ut
1172 4978 1377 5047 fuerant
1401 4982 1738 5052 'prophetata,
1773 4982 1913 5038 male
1940 4998 2113 5040 enun-

523 5048 686 5106 tiatUr
719 5048 812 5102 Dei
837 5049 1070 5123 scientia
1118 5052 1395 5118 praplietia
1415 5048 1692 5121 posterior
1722 5071 1735 5106 :
1765 5070 1888 5108 cum
1938 5059 2117 5123 potius

523 5123 664 5195 Deus
695 5119 883 5195 omnia
916 5136 1035 5187 qua:
1069 5119 1466 5195 passurus‘erat
1490 5123 1759 5187 Christus,
1783 5119 2118 5195 prteseivissc

522 5193 649 5266 hinc
677 5192 1101 5266 detn_onstratnr,
1129 5191 1272 5260 quod
1302 5192 1389 5245 illa
1418 5209 1484 5248 eo
1535 5205 1756 5252 auctore
1784 5191 2115 5266 prophetam

521 5265 741 5320 fuerint.
777 5262 1145 5318 Emendantnr
1175 5277 1277 5330 ope
1307 5278 1408 5318 ms.
1441 5279 1553 5333 reg.

593 5337 670 5405 (ά)
705 5335 836 5409 lirg.
859 5350 962 5401 ms,
991 5335 1072 5388 via
1101 5342 1221 5399 tua;
1243 5349 1350 5387 non
1381 5336 1460 5389 via
1486 5345 1533 5389 et
1554 5338 1676 5402 vita,
1709 5347 1764 5393 et
1789 5353 1937 5405 mox,
1963 5338 2117 5409 fefel-

520 5409 581 5465 lit
611 5409 664 5462 in
692 5408 890 5474 lingua.

595 5481 669 5551 (e)
698 5477 865 5543 Editi,
908 5479 1040 5533 libro
1070 5476 1200 5547 legis
1233 5475 1473 5548 loquente
1498 5495 1516 5534 :
1547 5479 1892 5550 corriguntur
1935 5490 2123 5537 aucto-

521 5552 682 5608 ritate
705 5564 834 5606 mss.

600 5620 678 5693 (f)
709 5621 840 5693 Qua:
888 5627 1202 5693 sequuntur,
1237 5637 1267 5675 a
1293 5620 1726 5690 prmcedentiltus
1773 5625 1915 5680 male
1960 5633 2117 5680 antea

565 5689 738 5766 uncto
757 5689 1074 5766 interposito
1091 5689 1516 5766 separabantur;
1543 5709 1670 5766 cum
1689 5693 1755 5766 ad
1782 5695 2001 5766 Moysen
2033 5713 2118 5766 reg

584 5764 790 5828 rantur,
813 5759 904 5832 qui
929 5759 1171 5830 quamvis
1197 5775 1321 5818 ante
1355 5759 1524 5822 visunt
1553 5761 1672 5821 rubi
1722 5765 1817 5821 Dei
1872 5759 2121 5836 religioni

2217 4699 2432 4757 deditus
2459 4714 2488 4754 a
2520 4698 2721 4769 p0pulo
2749 4713 2848 4754 suo
2880 4698 3239 4764 existimetur,
3270 4709 3509 4770 negatur
3531 4710 3788 4756 tamenau-

2221 4781 2305 4828 tea
2332 4771 2653 4827 familiarem
2687 4770 2780 4824 Dei
2807 4771 3167 4840 cognitionem
3201 4770 3455 4839 adeptus.

2289 4841 2367 4915 (g)
2399 4841 2970 4915 Suliaudienduntliic,
3001 4843 3252 4910 formatus
3297 4853 3377 4896 est
3414 4843 3494 4896 in.
3548 4843 3786 4908 Mutilata,

2219 4922 2278 4969 ut
2302 4912 2579 4978 mendosa,
2613 4912 2823 4967 sidetur
2844 4912 3002 4967 lectio
3035 4928 3136 4967 ms.
3184 4927 3326 4982 reg.,
3364 4915 3416 4966 in
3456 4931 3571 4983 quo
3617 4928 3786 4974 exstat,

2219 4987 2357 5056 quod
2378 4986 2512 5038 enim
2543 4987 2818 5054 formatur,
2849 4985 2903 5036 in
2933 4987 3098 5055 forum
3121 4992 3170 5038 et
3194 4984 3239 5056 e_i
3270 4993 3510 5054 paternas
3534 4998 3722 5039 natura:
3754 4997 3786 5036 et

2221 5052 2499 5127 divinitatis
2525 5052 2649 5127 est:
2672 5063 2725 5107 ut
2755 5052 2941 5127 referri
2956 5056 3113 5127 possit
3137 5072 3168 5106 a
3199 5052 3380 5115 Putre,
3408 5067 3457 5108 et
3485 5057 3786 5124 formatam!

2221 5128 2335 5194 ipso
2359 5128 2443 5180 sit.
2472 5125 2623 5191 Quod
2652 5125 2830 5180 autem
2858 5126 2932 5179 ait
2958 5125 3195 5180 Hilarius
3223 5139 3283 5178 se
3313 5131 3539 5182 nescire
3579 5146 3646 5180 an
3682 5129 3786 5197 quasi

2223 5201 2474 5281 [annulus
2501 5198 2554 5249 in
2585 5201 2752 5277 [arma
2771 5197 2905 5281 servi
2929 5205 3020 5262 est,
3053 5197 3444 5281 referri-possit
3463 5199 3547 5280 ,σά
3576 5197 3784 5277 Patrem:

2223 5265 2492 5337 intellige,
2526 5265 2743 5338 proprio
2767 5268 2996 5338 quodam
3027 5267 3209 5320 modo.
3246 5265 3362 5319 Non
3382 5270 3538 5338 enim
3564 5283 3712 5338 negat
3727 5272 3786 5319 in-

2228 5339 2548 5409 separabilia
2576 5337 2700 5391 Filii
2727 5347 2782 5392 et
2813 5337 2986 5409 Patris
3015 5352 3178 5404 Opera
3203 5379 3216 5401 ,
3239 5338 3341 5409 qui
3374 5337 3504 5393 Filii
3542 5337 3696 5408 opera
3718 5339 3785 5391 Pa

2227 5407 2326 5465 tris
2351 5424 2512 5478 opera
2533 5423 2655 5463 esse
2675 5409 2928 5477 frequens
2957 5408 3208 5462 inculcat.
3232 5407 3503 5476 Pmprius
3530 5421 3697 5465 autem
3721 5409 3782 5461 ille

2227 5482 2421 5536 modus
2445 5489 2529 5535 est
2552 5521 2567 5546 ,
2593 5479 2733 5548 quod
2757 5480 2968 5550 nomine
2989 5479 3221 5547 Spiritus
3252 5481 3427 5532 sancti
3467 5482 3524 5534 in
3557 5480 3780 5550 Virginea]

2228 5551 2527 5608 secundum
2555 5551 2730 5619 angeli
2754 5549 2980 5604 verbum
3003 5551 3385 5620 superventuri
3415 5549 3698 5620 ipsuminet
3721 5549 3782 5604 Fi-

2229 5623 2358 5679 lium
2407 5618 2737 5678 intellexerit
2757 5661 2772 5688 ,
2802 5625 2891 5690 qui
2921 5618 3118 5690 corpus
3143 5635 3208 5674 ex
3242 5618 3474 5689 Virgine
3498 5623 3600 5677 sibi
3622 5621 3783 5676 lanoso

2226 5696 2367 5750 verit
2395 5703 2552 5762 atque
2581 5692 2875 5762 coaptarit‘,
2914 5702 2987 5762 ιιι
3036 5691 3259 5761 copiose
3304 5705 3593 5749 ostensum
3631 5702 3706 5748 est
3743 5695 3779 5743 ia

2225 5760 2540 5837 praefatione
2560 5760 2817 5830 generali,
2840 5760 2888 5830 δ.
2918 5761 2970 5817 1.
