3896 6336
69 341 161 396 801

1080 330 1500 388 TRACTATUS
1539 330 1604 387 IN
1643 329 1958 387 CXXXVIII
1989 328 2337 388 PSALMUM.

3238 321 3349 381 802

71 449 119 502 in
152 444 608 518 tempore,idest,
659 443 954 500 novissimo
997 451 1051 498 et
1095 444 1338 514 antiquo,
1390 442 1476 498 vel
1528 442 1645 511 ipse
1672 443 1728 502 Α
1824 441 1913 497 l8.
1958 441 2130 494 Patris
2178 441 2517 495 immensitas.
2564 468 2633 478 —
2688 438 2752 492 Et
2801 437 3083 492 videamus
3135 451 3202 490 an
3249 435 3355 492 hoc

68 539 424 612 praedicando,
457 539 543 593 vel
573 539 624 592 in
655 537 916 608 apostolis
945 546 996 592 et
1030 537 1310 607 prophetis
1336 533 1606 605 loquendo
1627 574 1642 598 ,

66 633 414 704 cognitionem
439 648 504 686 ex
533 646 589 686 se
618 630 710 686 Dei
743 630 1047 686 mirabilem
1081 629 1238 694 fecit;
1277 630 1350 684 ait
1379 648 1392 684 :
1428 628 1648 682 Mirabi-

67 726 125 778 lis
152 729 287 795 facta
315 733 384 778 est
413 724 627 778 scientia
670 733 760 776 tua
785 739 848 776 ea:
871 738 966 775 me.
995 721 1101 776 Sed
1131 721 1394 776 mirabilis
1415 735 1644 786 quomo-

66 819 168 874 do?
191 817 392 887 Nempe
413 833 535 872 cum
555 817 734 872 omnia
762 832 884 871 esse
943 815 1085 870 intra
1143 816 1308 871 Deum
1358 813 1643 880 docentur,

64 913 185 969 dum
217 912 354 966 Deus
377 925 498 966 esse
521 911 572 964 in
605 909 856 964 omnibus
881 908 1227 978 prtedicatnr,
1256 908 1381 962 dum
1412 909 1644 964 immen-

65 1021 118 1061 sa
150 1013 202 1060 et
246 1001 812 1072 incomprehensibilis
859 1011 1044 1056 natura
1092 1001 1234 1055 intus
1286 1001 1447 1074 57o
1488 1010 1648 1071 atque

63 1106 208 1153 extra
255 1110 499 1160 rnatieos,
531 1095 680 1151 locos
711 1109 904 1149 omnes
932 1094 1129 1164 quibus
1155 1095 1419 1150 contineri
1480 1095 1648 1165 possit

64 1190 300 1247 excedat.
327 1190 570 1245 Mirabile
597 1199 680 1244 est
712 1189 878 1243 Deum
903 1187 1101 1258 ubique
1131 1203 1272 1254 esse,
1303 1197 1358 1244 et
1385 1205 1646 1260 nusquam

62 1283 277 1348 abesse;
306 1283 358 1338 iu
385 1283 637 1338 omnibus
665 1297 810 1348 esse,
840 1292 894 1337 et
927 1291 1094 1338 totum
1127 1296 1283 1345 esse;
1318 1291 1373 1336 et
1399 1291 1553 1336 extra
1577 1283 1646 1336 lo-

63 1390 151 1431 cos
173 1391 235 1430 ac
263 1385 503 1447 tempora
552 1390 648 1444 pro
697 1374 962 1429 inﬁnitate
1008 1383 1170 1444 atque
1209 1374 1511 1428 aeternitate
1550 1389 1647 1429 sua

62 1484 271 1540 semper
311 1483 453 1524 esse.
480 1467 593 1523 Hoc
623 1466 936 1533 miriﬁcum,
997 1467 1099 1522 hoc
1150 1465 1544 1530 confortatum;
1595 1466 1646 1522 id

62 1572 161 1629 est,
188 1563 306 1618 sine
333 1561 562 1616 inﬁrmis
601 1561 716 1630 jam
769 1559 1136 1630 intelligentiae
1164 1559 1421 1629 opinione
1461 1559 1646 1614 ﬁrma-

64 1665 188 1711 tum.

130 1752 215 1806 I7.
242 1749 292 1804 F
292 1751 415 1805 ilius
437 1759 622 1805 natura
642 1751 854 1824 a’qualis
885 1749 1033 1805 Patri
1067 1759 1316 1821 quatenus
1345 1749 1538 1819 (aquari
1555 1764 1646 1802 ne-

1747 535 1887 605 quod
1916 535 2109 605 (c)non
2134 545 2309 606 potero
2347 535 2415 588 ml
2460 549 2571 588 eam
2618 531 2686 586 ad
2737 531 3058 602 dignitatem
3111 538 3354 598 paternae

1746 625 2103 682 confessionis
2126 627 2352 682 relatum
2378 627 2468 683 sit.
2500 624 2752 696 Sequitur
2779 623 2944 690 enim,
2984 621 3130 677 Vens
3176 621 3308 676 7-I0
3335 635 3352 676 :

1750 719 1864 786 Quo
1889 719 1970 773 ibo
1998 719 2061 773 ab
2087 720 2273 791 spiritu
2300 731 2407 785 tuo,
2435 729 2482 774 et
2509 735 2607 788 quo
2633 735 2665 772 a
2696 717 2831 789 facie
2861 726 2948 770 tua
3004 714 3240 786 fugiam?
3292 712 3355 769 Si

1746 811 2060 867 adscendero
2079 814 2134 866 in
2162 814 2364 878 calum,
2396 822 2450 866 tu
2479 811 2585 866 illic
2611 828 2662 864 es
2685 827 2704 876 ;
2725 811 2769 864 si
2795 807 3104 864 descendere
3151 806 3221 860 ad
3273 807 3357 862 itt-

1748 909 1969 977 fernum,
2000 907 2121 960 ades
2142 921 2160 960 :
2181 906 2224 959 si
2249 921 2512 976 sumpsero
2539 921 2728 974 pennas
2774 919 2911 957 meas
2945 911 3063 956 ante
3092 901 3274 968 lucem,
3308 906 3358 955 et

1749 999 2042 1053 habitavero
2069 999 2121 1051 in
2150 999 2417 1070 postremis
2447 998 2622 1052 maris.
2651 995 2857 1051 Etenim
2897 994 3025 1049 illuc
3052 1010 3234 1048 manus
3263 1002 3354 1046 tua

1749 1091 1962 1144 deducet
1991 1106 2090 1151 me,
2114 1099 2161 1143 et
2191 1089 2376 1144 tenebit
2402 1107 2480 1144 me
2505 1089 2714 1144 dextera
2733 1099 2840 1141 tua.
2875 1086 2992 1140 Non
3022 1084 3235 1141 excedit
3261 1098 3356 1153 pa-

1751 1190 1956 1238 ternam
1989 1179 2158 1236 Filius
2189 1182 2542 1246 inﬁnitatem;
2577 1197 2752 1251 neque
2783 1191 3052 1245 naturam,
3107 1194 3229 1250 qua:
3273 1177 3356 1232 ul-

1750 1284 1829 1331 tra
1855 1275 2002 1331 locos
2030 1289 2218 1331 omnes
2245 1283 2350 1341 est,
2383 1275 2428 1330 is
2459 1275 2549 1346 qui
2580 1277 2630 1329 in
2663 1277 2783 1330 sinu
2827 1283 2911 1331 est
2955 1273 3350 1344 transgreditur

1750 1367 1932 1437 (Joan.
1964 1383 2004 1432 ι,
2054 1368 2170 1437 18).
2203 1367 2282 1423 Sit
2311 1366 2436 1423 licet
2467 1367 2520 1421 in
2553 1367 2712 1432 cmlo,
2769 1366 2840 1421 sit
2891 1367 2944 1421 in
3000 1366 3247 1433 infernis,
3293 1371 3351 1420 ct

1752 1459 1885 1513 ultra
1911 1469 2180 1529 postrema
2210 1458 2375 1513 maris
2420 1457 2620 1524 evolet,
2673 1457 2828 1512 adest
2869 1468 3044 1513 tamen
3095 1457 3186 1512 ille
3237 1454 3356 1511 ubi-

1749 1565 1981 1622 cumque
2008 1552 2098 1623 qui
2121 1550 2320 1622 ubique
2346 1559 2432 1606 est
2461 1567 2472 1603 :
2505 1565 2604 1605 nec
2633 1548 2931 1622 subterfugi
2981 1558 3159 1621 potest
3211 1549 3354 1605 intra

1750 1659 1910 1713 quem
1935 1645 2114 1698 omnia
2137 1651 2285 1708 sunt,
2310 1652 2364 1698 et
2386 1642 2475 1712 qui
2507 1641 2558 1696 in
2590 1643 2843 1698 omnibus
2871 1653 2976 1698 est.

1829 1736 1987 1809 571
2019 1739 2105 1792 I9.
2134 1736 2542 1807 Distinguendus
2591 1736 2777 1808 triplex
2829 1734 3024 1790 Christi
3073 1746 3254 1792 status.
3283 1765 3355 1780 —-

59 1846 180 1917 quit.
208 1877 279 1887 —
299 1847 407 1902 Sed
429 1845 556 1916 quid
583 1854 668 1902 est,
695 1845 834 1899 istud
859 1844 1002 1915 quod
1044 1843 1268 1908 dicitur,
1303 1841 1424 1895 Non
1467 1852 1644 1912 potero
1673 1826 1720 1887 B
1750 1829 1818 1884 Et
1849 1847 1914 1885 ne
1937 1829 2064 1900 quid
2099 1829 2401 1900 irreligiose
2429 1829 2496 1884 ad
2525 1829 2911 1884 contumeliam
2941 1829 3354 1885 indemutabilis

58 1941 121 1994 ad
146 1941 296 1994 eam?
316 1939 635 2010 Unigenitus
654 1937 728 1992 ait
755 1957 768 1992 :
804 1938 990 1992 Omnia
1018 1953 1131 2006 quia
1160 1934 1337 1990 Patris
1361 1943 1504 1999 sunt,
1531 1949 1644 1987 mea

59 2046 171 2090 sunt
200 2034 383 2109 (Joan.
424 2053 534 2103 xvt,
563 2036 686 2106 I5);
719 2044 792 2099 et,
820 2035 966 2090 Sicut
1003 2034 1150 2088 habet
1203 2031 1362 2086 Pater
1401 2032 1554 2084 vitam
1596 2031 1650 2084 in

57 2130 322 2199 semetipso
350 2127 527 2201 (Joan.
553 2145 606 2194 v,
630 2127 748 2199 26),
777 2128 848 2180 ita
874 2136 919 2181 et
955 2124 1092 2180 Filio
1116 2125 1253 2179 dedit
1277 2124 1436 2178 vitam
1465 2123 1650 2176 habere

58 2222 106 2275 in
136 2222 440 2294 semetipso;
465 2232 538 2288 et,
566 2222 713 2279 Sicut
763 2219 920 2273 Pater
947 2219 1167 2288 viuiﬁcat
1197 2227 1447 2280 mortuos,
1488 2215 1562 2267 ita
1599 2222 1650 2268 et

58 2313 224 2368 Filius
252 2331 380 2384 quos
402 2314 504 2367 uult
531 2313 752 2381 viri/ient
796 2309 1031 2365 similiter
1063 2307 1242 2380 (Joan.
1276 2323 1330 2372 v,
1382 2303 1508 2376 21);
1557 2312 1610 2360 et
1630 2344 1646 2370 ,

57 2405 165 2478 Ego
188 2417 234 2462 et
265 2407 426 2461 Pater
451 2423 608 2462 unum
629 2422 805 2459 sumus
832 2402 1014 2477 (Joan.
1068 2419 1120 2466 χ,
1185 2401 1299 2473 ⁸50).
1333 2399 1488 2454 Nulla
1534 2398 1649 2452 dis-

55 2501 220 2557 cretio
240 2500 528 2572 potestatis
559 2499 612 2553 in
646 2497 827 2553 verbis
880 2506 985 2562 est,
1036 2495 1238 2549 nullam
1294 2493 1456 2548 etiam
1497 2489 1651 2545 diﬁc-

57 2595 225 2649 rentia
254 2595 469 2649 virtutis
501 2594 553 2647 in
594 2592 746 2646 factis
770 2599 873 2646 est.
903 2588 1063 2658 Quod
1093 2603 1257 2643 unum
1278 2592 1487 2651 sumtis,
1539 2585 1652 2655 ple-

57 2688 202 2756 rique
231 2687 655 2755 irreligiosorum
671 2684 737 2739 ad
762 2682 1052 2737 voluntatis
1076 2689 1283 2735 tantum
1299 2676 1649 2734 concordiam

56 2779 356 2834 retulerunt
383 2777 599 2848 (Contra
648 2776 741 2830 hos
797 2785 931 2829 totus
963 2783 1036 2829 est
1084 2772 1211 2828 liber
1253 2766 1645 2836 vntdeTrin.).

54 2874 154 2930 Sed
179 2889 303 2929 cum
329 2872 526 2928 dicitur
553 2887 568 2927 :
612 2868 700 2924 Vel
717 2869 956 2939 aperibus
987 2868 1108 2922 meis
1136 2867 1325 2921 credite
1345 2907 1359 2930 ,
1394 2863 1515 2934 quia
1549 2861 1646 2916 Pa-

55 2979 127 3024 ter
155 2971 208 3024 iu
236 2986 338 3035 me,
371 2978 417 3022 et
433 2983 526 3039 ego
555 2966 608 3020 in
636 2965 794 3020 Patre
820 2963 998 3035 (Joan.
1050 2980 1160 3029 xw,
1195 2964 1320 3034 II);
1377 2977 1483 3016 non
1531 2968 1647 3014 tan-

57 3071 162 3117 tum
191 3061 489 3118 voluntatis
511 3057 712 3124 unitas,
738 3056 832 3112 sed
856 3057 1018 3111 etiam
1049 3055 1244 3110 divina:
1292 3053 1506 3108 virtutis
1558 3066 1649 3105 os-

57 3156 318 3211 tenditur.
345 3154 488 3223 Ergo
507 3167 630 3208 cum
677 3153 861 3206 omnia
911 3164 1030 3218 qua:
1056 3148 1216 3201 Pater
1259 3146 1436 3211 faciat,
1469 3143 1648 3197 omnia

55 3248 292 3303 faciatet
313 3245 518 3309 Filius;
550 3243 739 3299 eadem
773 3242 918 3297 enim
955 3240 1079 3293 facit
1123 3237 1373 3292 similiter
1432 3252 1444 3287 :

53 3339 280 3395 rendum
313 3349 418 3402 est,
440 3336 567 3408 quid
590 3336 657 3390 sit
685 3335 830 3406 quod
861 3333 1062 3387 dictum
1095 3331 1165 3383 sit
1198 3347 1210 3382 :
1245 3326 1367 3382 Non
1391 3336 1566 3396 potero
1585 3325 1653 3378 ad

53 3448 182 3485 eant.
205 3429 321 3487 Sed
348 3444 470 3484 cum
499 3428 660 3482 audio
692 3444 705 3479 :
745 3426 902 3479 Pater
932 3426 1104 3496 major
1133 3438 1211 3475 me
1233 3429 1304 3474 est
1337 3416 1510 3492 (Joan.
1539 3432 1650 3482 xw,

50 3524 143 3595 ‘28)
171 3542 187 3590 ;
221 3532 280 3580 et
311 3539 524 3578 rursum
552 3541 564 3575 :
594 3520 714 3575 Non
739 3528 900 3590 potest
929 3517 975 3571 F
978 3518 1098 3572 ilius
1139 3517 1308 3586 facere
1336 3515 1397 3570 ab
1428 3530 1481 3569 se
1507 3511 1655 3583 quid-

51 3633 224 3687 quam,
257 3617 362 3670 nisi
382 3615 518 3687 quod
539 3614 719 3669 viderit
752 3611 962 3668 Patrem
987 3611 1259 3681 facientem
1274 3607 1514 3680 (Joan.v,
1539 3605 1651 3677 I9);

49 3710 166 3765 haec
195 3709 332 3765 mihi
364 3707 1090 3778 intelligentiamsuggerunt
1128 3702 1262 3758 dicti
1303 3701 1482 3771 hujus,
1532 3697 1654 3752 Non

55 3814 231 3868 potero
253 3802 326 3855 ad
356 3817 490 3855 eam.
524 3799 619 3854 Est
645 3798 789 3853 enim
845 3797 1003 3852 Pater
1033 3796 1207 3866 major
1233 3793 1394 3857 Filio,
1454 3789 1550 3847 sed
1599 3799 1656 3845 ut

51 3908 206 3965 pater
231 3893 410 3958 Filio;
442 3891 815 3963 generatione,
850 3905 955 3944 non
983 3903 1188 3959 genere
1247 3905 1260 3940 :
1321 3885 1461 3940 ﬁlius
1509 3883 1653 3938 enim

52 3998 168 4053 est,
197 3997 254 4044 et
277 4003 343 4042 ex
377 4001 444 4041 eo
472 3983 658 4040 exivit.
689 3983 755 4038 Et
791 3965 930 4037 licet
957 3987 1196 4050 paternze
1239 3973 1656 4046 nuncupationis

52 4081 367 4152 projirietas
396 4078 611 4133 diﬁ'erat
632 4120 647 4144 ,
680 4085 859 4131 tamen
883 4080 1076 4127 natura
1118 4085 1222 4124 non
1255 4067 1434 4123 diﬁ‘ert
1461 4085 1472 4119 :
1499 4074 1656 4120 natus

51 4176 198 4230 enim
233 4189 266 4228 a
294 4172 402 4227 Deo
431 4173 590 4236 Deus,
623 4185 728 4224 non
750 4164 1033 4223 dissimilis
1063 4172 1147 4218 est
1186 4177 1215 4213 a
1247 4159 1498 4229 gignente
1527 4155 1658 4210 sub-

50 4270 279 4323 stantia.
312 4262 428 4319 Non
454 4272 632 4334 potest
655 4278 784 4333 ergo
813 4260 880 4316 ad
911 4273 1033 4315 eum
1058 4271 1125 4312 ex
1152 4269 1258 4324 quo
1289 4259 1372 4306 est
1403 4249 1478 4321 (a)
1509 4265 1658 4303 exm-

51 4360 228 4432 quari.
256 4357 392 4413 Nam
417 4356 660 4426 quamvis
681 4355 816 4410 alter
863 4354 915 4408 in
953 4352 1128 4405 altero
1181 4361 1278 4417 per
1331 4341 1655 4398 unit'ormcm

48 4469 114 4507 ac
134 4452 378 4506 similem
405 4448 646 4519 ejusdem
677 4455 883 4502 naturae
910 4441 1139 4514 gloriam
1169 4444 1416 4500 maneat;
1479 4444 1658 4490 tamen

56 4543 131 4615 (b)
162 4553 218 4598 et
240 4558 311 4596 ex
342 4557 448 4612 quo
473 4539 685 4611 genitus
713 4547 818 4606 est,
845 4553 950 4592 non
979 4531 1254 4604 exaequari
1286 4532 1337 4586 in
1353 4543 1420 4586 eo
1446 4527 1660 4584 videtur

51 4650 220 4706 posse
245 4633 392 4704 quod
422 4633 627 4705 genuit.

129 4773 209 4845 (α)
250 4775 384 4845 lleg.
415 4785 644 4845 ms._non
665 4767 925 4845 equuari
960 4781 991 4845 :_
1019 4766 1192 4845 probe
1218 4805 1234 4831 ,
1255 4763 1334 4845 “si
1382 4761 1498 4845 haec
1535 4774 1660 4815 sen-

50 4834 224 4902 tentia
257 4834 654 4914 ad'superiora,
691 4834 795 4894 non
816 4839 883 4894 ad
913 4834 1165 4894 interiora
1188 4834 1500 4903 referretur.

49 4948 56 4953 '
127 4938 516 5014 (b)__l?arti_cula
538 4947 584 4992 et
612 4936 664 4990 in
685 4950 939 5014 φιλ-ες.
971 4933 1191 5014 antiquo
1217 4946 1372 5014 more
1397 4935 1661 5014 espuucta

51 5001 160 5070 est‘.
189 5001 355 5066 Illius
385 5010 504 5064 loro
527 5024 634 5062 non
667 5001 982 5075 displiceret
1007 5005 1084 5075 ei.
1104 5001 1229 5058 Mox
1259 5003 1311 5057 in
1339 5001 1530 5075 eodem
1557 5015 1659 5053 ms.

51 5088 195 5146 ideo,
233 5095 334 5151 pro
373 5081 424 5133 in
453 5097 530 5135 eo.
563 5079 660 5134 llic
689 5071 1008 5151 praedicatur
1050 5074 1215 5129 Filius
1258 5089 1362 5144 qua
1410 5071 1658 5142 genitus,

51 5154 208 5212 Patri
236 5146 508 5222 quatenus
530 5151 713 5220 genuit
741 5146 1012 5218 exmquari
1041 5162 1147 5200 non
1173 5160 1352 5213 posse.

129 5248 213 5317 (ε)
228 5245 367 5300 Male
385 5243 522 5312 apud
542 5242 662 5298 Par.
680 5241 899 5296 verbum
918 5239 1089 5310 genuit
1111 5237 1199 5291 hic
1212 5235 1506 5289 immissum
1531 5239 1664 5288 erat.

134 5339 224 5410 (ά)
252 5335 408 5410 Apud
436 5335 564 5410 Par.
583 5334 736 5410 deest
753 5325 1322 5410 ra_t_io_,neujps.loco_in
1353 5324 1477 5410 aliis
1490 5322 1666 5410 .ed‘itis

51 5394 250 5467 exstat
273 5394 449 5460 uirtus.
479 5403 677 5459 Deinde
700 5402 892 5472 triplici
914 5394 1113 5455 Christi
1159 5407 1300 5452 statu
1330 5394 1624 5472 constituto
1645 5433 1660 5458 ,

51 5465 183 5537 ante
215 5478 473 5532 hominem
495 5517 508 5536 .
541 5475 592 5528 id
629 5483 713 5529 est
733 5515 747 5538 ,
774 5465 1061 5542 antequam
1084 5484 1297 5525 carnem
1329 5465 1658 5542 susciperet;

52 5556 110 5608 in
129 5548 438 5612 homine,ab
451 5562 516 5601 eo
532 5537 781 5599 videlicet
796 5537 1036 5612 tempore
1052 5557 1158 5611 quo
1171 5553 1384 5594 carnem
1397 5537 1668 5612 suscepit;

52 5607 106 5680 et
131 5631 258 5694 post
282 5607 568 5694 hominem,
600 5631 696 5694 seu
753 5623 870 5684 post
906 5607 1342 5694 :qqant'mat'nem
1397 5607 1664 5694 inﬁrmam

54 5682 248 5749 sttorte
273 5697 491 5752 exutus,
513 5682 801 5757 gloriosam
833 5692 887 5738 et
909 5682 1237 5757 inﬁrmitatis
1257 5687 1535 5749 eXpertem
1570 5691 1666 5757 per

55 5745 544 5820 resurrectionem
562 5757 798 5820 recepit;
849 5761 1025 5824 potest
1055 5752 1179 5806 illud
1219 5745 1478 5824 movere,_
1513 5745 1660 5824 quod

53 5819 274 5894 dicitur
299 5829 468 5886 Deum
497 5839 544 5884 et
569 5831 821 5883 hominem
851 5819 982 5880 tunc
1035 5832 1229 5879 tantum
1277 5837 1400 5878 eum
1455 5819 1617 5876 fuisse
1642 5860 1658 5888 ,

1751 1930 1913 1992 atque
1943 1921 2291 1990 impassibilis
2321 1920 2644 1977 substantia:
2664 1919 2954 1990 opinemur
2999 1935 3064 1976 ex
3109 1937 3174 1975 eo
3203 1918 3348 1990 quod

1752 2013 1953 2070 dictum
1979 2024 2102 2068 est:
2133 2012 2236 2066 Aut
2259 2029 2288 2065 a
2320 2014 2448 2084 facie
2474 2023 2564 2067 tua
2587 2030 2687 2082 quo
2720 1995 2959 2084 fugiam?
3001 2021 3061 2066 ut
3102 2011 3356 2066 videatur

1752 2105 1931 2176 fugam
1955 2105 2025 2159 ob
2040 2104 2307 2174 passionis
2335 2112 2537 2159 metum
2561 2103 2863 2173 cogitasse:
2891 2102 3158 2157 dictorum
3175 2102 3255 2174 (ά)
3272 2117 3358 2157 ra-

1753 2198 1827 2252 tio
1886 2197 2157 2252 noscenda
2201 2205 2307 2262 est,
2346 2207 2402 2250 ut
2431 2195 2690 2251 incolumi
2714 2195 2976 2264 dignitate
3007 2193 3125 2250 htec
3163 2209 3355 2251 neces-

1753 2290 1895 2347 sario
1919 2300 2341 2346 commemorata
2371 2289 2908 2360 csseintelligantur.
2955 2287 3127 2344 Nemo
3173 2298 3356 2346 autem

1753 2401 1963 2451 eorum,
1993 2384 2081 2454 qui
2115 2385 2167 2438 in
2194 2383 2385 2439 studiis
2407 2383 2670 2439 doctrina:
2699 2382 2941 2438 caelestis
2979 2382 3355 2450 demorantur,

1756 2480 1953 2552 poterit
1995 2478 2270 2549 ambigere
2305 2479 2468 2533 Deum
2527 2487 2690 2548 atque
2733 2477 3010 2533 hominem
3055 2477 3347 2534 Dominum

1754 2581 1999 2628 nostrum
2024 2571 2207 2627 losum
2229 2570 2506 2626 Christum
2521 2571 2767 2625 conliteri
2804 2587 2817 2622 :
2844 2579 2899 2625 et
2930 2570 3208 2625 hominem
3232 2571 3354 2641 qui-

1753 2666 1876 2721 dem
1911 2665 1962 2718 in
1989 2672 2255 2733 tempore,
2293 2662 2460 2717 Deum
2490 2677 2620 2716 vero
2651 2676 2868 2732 semper
2904 2670 2961 2717 et
3007 2671 3136 2716 ante
3179 2661 3356 2716 homi-

1754 2775 1879 2814 nem
1909 2766 1963 2814 et
1992 2763 2112 2827 post
2139 2755 2410 2810 hominem
2440 2770 2455 2810 :
2489 2767 2778 2824 utrumque
2803 2769 2954 2819 vero,
2987 2753 3156 2808 Deum
3205 2751 3357 2808 scili-

1753 2860 2028 2920 cetatque
2061 2848 2374 2911 hominem,
2423 2856 2550 2902 tunc
2595 2855 2804 2901 tantum
2857 2860 2980 2900 cum
3026 2847 3080 2900 in
3130 2843 3357 2901 homine

1755 2940 1874 2996 fuit.
1907 2941 2039 2996 Erat
2067 2939 2212 2996 enim
2234 2941 2284 2994 in
2311 2939 2483 2995 forma
2515 2939 2632 3004 Dei,
2662 2947 2716 2991 ct
2743 2938 2970 2992 Iormam
3005 2938 3243 2993 hominis
3266 2952 3359 2992 ac-

1753 3035 1898 3104 cepit
1928 3051 1939 3085 :
1970 3043 2023 3088 et
2052 3049 2266 3088 rursum
2298 3034 2350 3087 in
2373 3033 2543 3104 gloria
2574 3031 2665 3086 Dei
2699 3031 2868 3102 patris
2917 3040 3026 3098 est,
3072 3031 3243 3086 forma
3274 3029 3358 3084 vi-

1754 3127 1951 3182 delicet
1983 3127 2165 3180 servili
2199 3127 2250 3179 in
2279 3125 2506 3196 gloriam
2545 3125 2663 3195 ejus
2713 3123 2866 3194 cujus
2913 3122 2967 3177 in
3021 3121 3195 3178 forma
3225 3127 3357 3177 ante

1505 3250 1652 3304 qum-
1676 3216 1722 3279 C
1755 3219 2007 3274 manebat
2035 3217 2372 3289 proﬁciente,
2401 3217 2766 3286 corruptionis
2787 3216 2998 3272 scilicet
3040 3225 3229 3271 natura
3252 3229 3352 3286 per

1755 3312 2059 3384 profectum
2095 3309 2519 3380 incorruptionis
2547 3309 2821 3378 absorpta.

1825 3407 1916 3462 20.
1945 3404 2163 3460 Natura:
2183 3403 2555 3473 alterutriquid
2576 3403 2856 3456 conveniat.
2889 3431 2963 3444 —
3000 3399 3137 3456 Cum
3187 3401 3356 3472 igitur

1756 3500 2022 3571 psalmum
2046 3497 2189 3552 hunc
2217 3507 2451 3567 coeptum
2508 3511 2574 3550 ex
2625 3509 2855 3564 persona
2911 3493 3148 3550 hominis
3192 3507 3358 3564 quem

1759 3593 2061 3664 assumpsit
2091 3591 2530 3654 meminerimus;
2557 3588 2842 3659 diligenter
2869 3587 3238 3644 contuendum
3257 3595 3362 3653 est,

1759 3696 1814 3742 ut
1837 3685 2201 3756 intelligamus
2227 3681 2354 3753 quid
2390 3680 2464 3754 (e)
2489 3680 2754 3736 divinitati
2798 3681 2936 3752 ejus,
2993 3679 3121 3752 quid
3150 3678 3356 3736 homini

1750 3763 1828 3836 'sit
1852 3779 2144 3852 optandum
2182 3789 2382 3846 :atque
2410 3776 2515 3841 ita,
2543 3785 2599 3831 ut
2623 3791 2842 3831 sensum
2902 3783 3149 3829 nostrum
3189 3772 3353 3830 dictis

1759 3873 1930 3943 magis
1959 3871 2317 3941 applicemus,
2361 3884 2524 3939 quam
2583 3884 2678 3940 per
2725 3867 2938 3923 fallacis
2989 3866 3362 3937 intelligentia

1759 3967 2069 4036 opinionem
2100 3963 2286 4020 sensui
2335 3961 2475 4017 dicta
2522 3963 2820 4017 subdamus
2871 3958 2973 4031 (f).
3028 3960 3119 4014 Ait
3176 3959 3360 4014 enim:

1765 4058 1878 4125 Quo
1903 4057 1986 4110 ibo
2007 4056 2069 4108 ab
2099 4057 2283 4125 spiritu
2313 4063 2432 4118 tuo,
2466 4062 2553 4104 aut
2593 4070 2624 4104 a
2670 4054 2800 4122 facie
2842 4061 2932 4104 tua
2982 4066 3083 4117 quo
3124 4047 3365 4120 fugiant?

1763 4149 1981 4204 Diversa
2010 4145 2334 4217 signiﬁcatio
2364 4155 2448 4200 cst
2479 4141 2706 4213 spiritus
2726 4183 2741 4207 ,
2764 4151 2922 4211 atque
2977 4138 3158 4194 faciei.
3220 4137 3286 4191 Et
3329 4151 3364 4192 a

1761 4243 1951 4313 spiritu
1975 4238 2193 4312 quidem
2223 4237 2371 4292 abibo
2394 4278 2407 4300 ,
2438 4251 2467 4290 a
2494 4234 2632 4290 facie
2660 4243 2839 4287 autem
2872 4231 3094 4304 fugiam.
3147 4227 3355 4284 Dehinc

1761 4333 2004 4404 sequitur
2037 4349 2048 4385 :
2081 4330 2146 4387 Si
2169 4328 2484 4384 adscendero
2513 4327 2566 4380 in
2591 4324 2795 4388 caelum,
2820 4333 2873 4375 tu
2896 4322 3003 4376 illic
3037 4337 3131 4387 es;
3184 4321 3229 4376 si
3273 4319 3364 4374 (ιε-α

1761 4425 2003 4484 scendero
2033 4425 2085 4478 in
2108 4423 2388 4494 infernum,
2421 4420 2563 4474 artes.
2595 4417 2712 4474 Non
2742 4416 2930 4471 eadem
2970 4423 3056 4471 est
3080 4414 3364 4473 adscensio

1763 4519 2201 4590 incmlum,qu:e
2251 4526 2308 4572 et
2335 4514 2619 4571 descensio
2665 4512 2718 4567 in
2768 4510 3061 4568 infernum.
3120 4510 3365 4567 Tertium

1684 4611 1738 4670 D
1765 4613 1961 4672 deinde
1983 4623 2066 4668 est
2099 4627 2113 4665 :
2141 4609 2204 4665 Si
2235 4623 2508 4682 sumpsero
2540 4621 2734 4678 pennas
2755 4621 2892 4659 meas
2939 4612 3057 4658 ante
3101 4602 3283 4668 lucem,
3316 4611 3365 4658 et

1766 4769 1882 4808 cum
1906 4751 1961 4804 in
1996 4747 2198 4802 homine
2221 4746 2316 4818 fuit
2340 4762 2366 4818 7:
2395 4745 2549 4815 quasi
2569 4743 2733 4818 etiam
2765 4751 2887 4818 post
2911 4740 3365 4818 resurrectionem

1770 4839 1876 4878 non
1901 4821 2062 4876 fuerit
2084 4812 2232 4873 Deus
2255 4827 2308 4872 et
2337 4812 2519 4872 hoino.
2551 4817 2622 4871 At
2659 4812 3067 4870 hoc‘dumlaxat
3109 4812 3211 4867 sibi
3255 4812 3369 4867 vult

1769 4890 2024 4954 Hilarius,
2055 4887 2327 4944 Christum
2355 4898 2481 4942 tunc
2511 4895 2717 4941 tantum
2745 4887 2910 4942 Deum
2930 4884 3089 4939 simul
3114 4891 3169 4939 et
3192 4881 3370 4954 homi-

1771 4981 1892 5022 nem
1921 4951 2120 5021 fuisse.
2153 4975 2275 5015 cum
2300 4959 2554 5014 virtutem
2582 4957 2878 5012 divinitatis
2922 4955 3081 5010 simul
3114 4968 3235 5010 eum
3285 4951 3370 5008 in-

1773 5035 2028 5091 ﬁrmitate
2050 5043 2231 5086 n03tra
2257 5031 2518 5084 sociatam
2573 5028 2791 5093 habuit,
2845 5025 3099 5089 quamdiu
3153 5023 3367 5080 scilicet

1772 5106 2048 5162 hominem
2081 5102 2309 5157 inﬁrmae
2341 5111 2546 5154 naturae
2571 5113 2684 5154 sua:
2715 5098 3020 5168 dereliquit.
3062 5097 3135 5152 De
3162 5096 3262 5168 hac
3308 5109 3370 5152 ro

1771 5178 1964 5300 {inserit}
1983 5173 2298 5300 praefaéione
2323 5171 2370 5243 ἓ.
2401 5169 2682 5226 5.Videsis
2712 5165 2944 5225 similem
2975 5169 3148 5223 locum
3168 5165 3264 5222 lib.
3306 5181 3363 5223 ιι

1810 5267 1839 5300 e
1915 5265 2016 5300 ΙἸΙὶ.
2048 5263 2102 5300 n.
2176 5285 2190 5300 ο

1771 5249 1839 5304 de
1866 5249 2016 5304 Trin.
2048 5263 2102 5301 n.
2135 5249 2190 5300 6.

1845 5320 1917 5392 (e)
1945 5320 2079 5392 Reg.
2109 5333 2211 5372 ms.
2237 5314 2479 5392 dignitati
2502 5331 2520 5369 :
2552 5313 2693 5392 favet
2720 5311 2871 5392 quod
2892 5309 3138 5392 proxittte
3156 5307 3369 5392 dictum

1768 5383 1880 5456 est‘,
1899 5383 2315 5444 'ratio'noseenda
2344 5397 2441 5449 est,
2466 5395 2520 5440 ut
2547 5385 2791 5456 incolumi
2817 5383 3221 5456 (ﬁgnitategetc.

1843 5449 1931 5535 (f)
1954 5459 2256 5535 Secundum
2288 5461 2528 5528 regulam
2576 5456 2666 5535 lib.
2703 5453 2809 5535 ide
2829 5449 3062 5535 Tum...
3200 5449 3372 5535 tradi-

1779 5523 1885 5587 tani
1912 5523 1927 5586 Ξ
1956 5531 2193 5600 Optimus
2214 5523 2377 5583 lector
2400 5537 2495 5591 est,
2539 5527 2628 5597 qui
2679 5525 2932 5600 dictorum
2979 5523 3370 5600 intelligentiam

1774 5594 2028 5676 exspectet
2049 5617 2114 5654 ea:
2137 5599 2285 5654 dictis
2314 5600 2486 5676 potius
2533 5594 2687 5666 quam
2741 5595 2995 5676 imponat.-
3040 5594 3369 5676 effeta-terit

1771 5665 1935 5746 magis
1982 5688 2134 5746 quam
2190 5665 2418 5746 attulerit
2460 5686 2479 5746 ς
2533 5665 2694 5736 neque
2740 5676 2889 5732 cogat
2939 5665 3009 5746 id.
3035 5665 3369 5746 sideridictis

1769 5735 2038 5811 contineri,
2065 5740 2201 5814 quod
2213 5750 2329 5796 ante
2357 5735 2623 5797 lectionem
2649 5737 3030 5809 prtcsttmpserit
3078 5735 3368 5809 intelligen—

1769 5817 1912 5872 dum.
