3896 6336
51 260 144 321 805

1045 189 1460 327 internus
1489 247 1554 315 lN
1593 226 1908 323 CXXXVIII
1943 253 2289 323 essenon.

3210 260 3315 325 80¢

48 374 177 444 guit,
207 371 343 443 quod
393 370 724 431 inﬁdelitatis
772 385 887 431 suae
917 372 1154 447 inopiam
1199 372 1432 430 fidelium
1472 386 1620 429 exm-
1647 363 1701 435 Α
1727 371 1875 431 ribus
1901 372 2032 443 ipsis
2058 373 2381 435 testantibus
2407 373 2552 447 quod
2585 374 2748 435 ineo
2795 376 2955 436 Pater
2992 373 3094 441 sit,
3144 378 3318 435 couti-

49 472 167 534 qnet
203 462 501 530 epulentite.
535 463 699 521 Dives
728 466 890 521 enim
919 479 1025 523 non
1083 464 1332 525 humanis
1376 464 1569 537 opibus
1601 505 1616 530 ,

48 554 133 609 sed
163 553 461 614 coelestibus
504 555 769 615 thesauris
789 597 805 625 ,
840 564 993 627 parat
1031 552 1134 613 sibi
1160 571 1364 627 pennas
1390 597 1406 623 ,
1431 556 1623 626 quibus

48 652 331 701 revertatur
359 643 411 700 in
442 644 662 705 domum
695 645 815 717 ejus
840 645 934 717 qui
964 654 1159 718 prtcest
1191 646 1268 703 ei.
1304 647 1624 707 liet'ertetur

49 737 179 793 enim
208 733 345 795 unde
369 734 604 818 decidit,
639 738 778 795 unde
815 738 868 794 in
910 750 1137 817 peccato
1178 739 1336 813 primi
1388 739 1625 801 hominis

49 828 289 901 expulsus
308 839 410 887 est.
443 829 512 884 Et
535 832 655 902 quis
685 842 769 893 εει
790 832 892 891 iste
934 834 1090 905 cujus
1120 834 1239 890 haec
1287 834 1478 895 domus
1502 843 1622 905 est,

48 933 94 977 et
122 921 207 992 qui
227 921 273 977 ei
313 924 552 991 praeest?
605 923 809 996 Nempe
843 925 935 981 ille
966 927 1056 995 qui
1099 926 1269 983 dixit:
1323 928 1480 987 Amen
1509 928 1627 985 dico

48 1016 155 1083 tibi,
190 1016 335 1073 hodie
376 1033 572 1073 mecum
599 1019 701 1075 eris
736 1020 791 1081 in
843 1021 1083 1095 paradiso
1129 1020 1284 1094 (Luc.
1319 1038 1482 1091 mu,
1508 1024 1625 1095 45).

44 1107 265 1164 Meminit
292 1116 346 1165 et
366 1108 494 1164 alibi
520 1108 738 1175 dicens,
770 1126 892 1169 cum
914 1113 982 1171 de
1012 1114 1332 1187 spiritalium
1357 1116 1627 1179 intlefessa

42 1202 143 1272 jam
197 1203 495 1261 aeternitate
540 1212 836 1272 tractaret,
894 1204 1307 1280 Pennigerabuut
1369 1219 1629 1279 tamquam

44 1294 221 1365 aquilio
259 1292 406 1366 (Esa.
462 1312 567 1364 XL,
600 1295 691 1365 3i)
716 1337 733 1363 ,
785 1307 1031 1355 naturam
1066 1300 1313 1361 evolandi
1349 1300 1401 1359 iu
1431 1302 1628 1359 emittm

45 1385 93 1440 in
121 1386 526 1441 resurrectionis
548 1386 916 1446 demutatione
935 1391 1227 1463 sumpturi.
1258 1390 1364 1447 Sed
1390 1391 1474 1451 hic
1496 1407 1630 1463 pen-

48 1493 133 1534 nas
157 1478 317 1534 sumit
354 1481 666 1549 volaturus,
698 1498 808 1539 non
850 1484 1086 1554 alienas,
1145 1500 1251 1543 non
1295 1500 1464 1549 novas
1486 1527 1502 1557 ,
1533 1485 1630 1545 sed

44 1570 377 1642 proprietatis
427 1572 779 1643 usurpatione
845 1584 1243 1647 praesumptas:
1316 1577 1443 1653 quia
1506 1585 1632 1648 post

46 1664 297 1734 passionis
325 1665 646 1723 voluntariae
676 1678 1105 1739 sacramentum,
1136 1680 1190 1727 et
1211 1680 1421 1730 natura:
1448 1681 1505 1731 et
1536 1687 1637 1747 |l0r

47 1759 244 1815 testatis
270 1774 472 1828 pennas
501 1759 569 1815 ad
594 1762 789 1819 caelum
820 1777 877 1821 se
903 1762 1150 1821 habuerit
1176 1764 1460 1825 eﬂ‘ereudi.

111 1849 202 1906 25.
246 1851 347 1905 llic
398 1870 502 1908 non
532 1851 724 1911 Clu-isti
773 1856 1231 1928 trepidatio,‘srd
1273 1858 1631 1930 trepidationis

51 1944 217 2016 opinio
239 1946 519 2003 indicatur.
542 1977 616 1987 —
657 1948 911 2021 Sequitur
940 1951 1098 2009 etiam
1133 1950 1273 2011 idem
1305 1952 1441 2015 ordo
1462 1952 1633 2013 dicto.

47 2053 156 2092 rum
183 2079 198 2105 ,
225 2047 278 2093 et
309 2055 371 2093 ex
425 2040 700 2112 utriusque
741 2049 946 2099 natura:
978 2042 1362 2114 intelligentia,
1396 2045 1634 2111 hominis

45 2128 239 2187 scilicet
265 2138 320 2185 et
358 2130 452 2189 Dei
504 2145 685 2191 sermo
716 2132 972 2191 decurrit.
1008 2136 1094 2193 Ait
1115 2136 1282 2207 enim,
1304 2135 1473 2197 Vens.
1518 2136 1579 2199 11
1616 2154 1633 2196 :

49 2217 111 2275 Et
165 2223 315 2291 dixi,
372 2220 617 2281 Forsitan
670 2228 887 2285 tenebra:
930 2229 1302 2287 conculcabttnl
1355 2248 1456 2289 nte.
1512 2230 1632 2295 Vox

46 2313 138 2369 ista
163 2317 234 2387 (α)
266 2314 501 2373 hominis
531 2331 651 2376 esse
682 2320 1051 2387 existimatur,
1099 2323 1221 2393 quia
1262 2323 1474 2385 videtur
1518 2327 1636 2398 qui-

48 2407 263 2466 busdam
296 2420 389 2467 aut
432 2411 751 2483 irreligiosis
778 2424 870 2473 aut
896 2415 1163 2488 imperitis
1190 2417 1291 2475 sub
1316 2418 1407 2475 illa
1426 2400 1636 2495 passm-

47 2500 123 2556 nis
148 2502 434 2561 timiditate
467 2503 767 2574 trepidare:
808 2509 961 2579 quasi
994 2524 1120 2565 vero
1151 2525 1296 2567 nunc
1323 2526 1505 2569 sermo
1535 2513 1638 2579 istc

49 2588 247 2653 timoris
278 2595 508 2668 alicujus
557 2596 744 2655 habent
778 2598 1208 2671 professionem,
1247 2610 1302 2657 et
1330 2619 1437 2661 non
1468 2605 1639 2676 magis

46 2696 305 2761 susceptae
336 2688 527 2747 mortis
556 2689 945 2760 signiﬁcaverit
975 2692 1311 2751 voluntatem
1345 2695 1490 2753 nullo
1521 2696 1639 2771 ejus

48 2790 187 2836 metu
216 2795 277 2841 ac
308 2790 516 2841 terrore
569 2782 811 2853 praelato.
867 2783 984 2849 Non
1041 2785 1185 2843 enim
1217 2787 1323 2855 ait,
1376 2787 1639 2853 Tenebras

46 2872 437 2931 conculcabunt
464 2889 588 2942 mc;
621 2875 717 2931 sed
749 2876 864 2943 ait,
896 2874 1145 2937 Forsitan
1188 2881 1405 2941 tenebris
1431 2884 1641 2941 concul-

44 2965 223 3021 cabnnt
245 2983 342 3021 me.
372 2967 525 3037 Quod
553 2969 799 3041 fortuitu,
824 2969 1052 3040 adjecit;
1078 2970 1348 3029 incertum
1380 2975 1643 3033 humanae

42 3058 105 3114 de
148 3074 206 3116 se
248 3061 551 3131 opinionis,
608 3078 711 3134 qua
764 3063 952 3120 timere
997 3064 1202 3124 inferos
1251 3067 1490 3125 creditus
1526 3079 1643 3141 est,

1722 463 1914 521 denter
1934 466 2036 532 ait,
2073 465 2195 523 Non
2223 467 2627 527 obscurabuntur
2654 484 2685 523 a
2713 477 2795 525 te:
2824 469 2947 538 quia
2975 483 3046 527 ex
3069 482 3302 540 persona

1725 554 1900 617 Patris
1924 557 2125 617 dictum
2174 559 2224 619 in
2268 559 2489 630 psalmis
2535 559 2981 625 mctnineritnus,
3021 557 3150 623 Cum
3200 561 3315 631 ipso

1724 666 1836 711 sunt
1858 650 1909 706 in
1931 652 2258 711 tribulatione
2289 652 2407 723 (Ps.
2443 669 2530 718 sc,
2562 653 2675 724 15).
2706 653 2772 711 Et
2817 653 2936 723 ipse
2963 653 3222 710 Dominus
3269 653 3323 713 in

1727 742 2036 817 Evangeltis
2055 784 2072 812 ,
2103 760 2226 805 cum
2250 744 2320 803 de
2345 744 2725 816 Apostolorum
2749 745 3112 815 trepidatione
3140 745 3325 817 loque-

1728 847 1913 901 retur,
1945 838 2055 893 ait:
2090 836 2218 893 Ecce
2239 838 2372 897 venit
2401 838 2529 895 ltara
2549 879 2566 905 ,
2595 847 2653 893 ut
2703 838 3033 910 dispergatur
3052 839 3327 909 unusquis-

1726 943 1827 997 que
1851 937 2074 983 vestrum
2094 968 2111 999 ,
2140 939 2290 987 etme
2316 930 2484 987 solum
2505 931 2838 1000 relinquatis:
2873 932 2964 987 sed
2991 948 3094 987 non
3112 948 3225 989 sunt
3245 948 3329 987 so-

1731 1018 1809 1081 ltts
1829 1060 1845 1086 ,
1871 1020 2113 1091 quoniam
2144 1019 2304 1081 Pater
2344 1037 2537 1079 mecum
2575 1032 2648 1078 est
2672 1020 2856 1095 (Joan.
2886 1038 2976 1081 XVI
3003 1062 3021 1090 ,
3048 1022 3164 1094 52).
3188 1022 3317 1085 Sive

1731 1111 1962 1178 virtute.
1984 1127 2088 1187 qua
2120 1111 2314 1171 similia
2348 1114 2482 1182 patri
2518 1122 2725 1184 potest;
2767 1115 2884 1173 sive
2913 1125 3105 1177 natura
3144 1124 3199 1173 et
3225 1129 3327 1185 ge-

1732 1220 1862 1261 nere
1889 1214 1951 1267 et
1980 1205 2409 1279 divinitate,qua
2430 1222 2495 1267 ex
2528 1207 2634 1263 Deo
2667 1209 2808 1267 Deus
2837 1218 2998 1271 natus
3025 1217 3129 1275 est,
3174 1208 3332 1269 Pater

1730 1309 1914 1357 secum
1929 1305 2031 1355 est.
2049 1296 2399 1357 Conﬁdenter
2413 1315 2541 1370 ergo
2563 1299 2655 1367 ait,
2672 1299 2837 1361 Vsus.
2855 1301 2922 1360 la
2938 1319 2950 1355 ε
2968 1301 3331 1370 Quiatenebrat

1732 1405 1832 1450 non
1863 1388 2271 1449 obscurabuntur
2316 1407 2350 1445 a
2398 1399 2465 1449 te.
2505 1390 2620 1449 Non
2667 1392 2809 1447 enim
2845 1392 3014 1449 sentit
3038 1394 3209 1451 virtus
3249 1393 3333 1457 in-

1731 1480 2073 1543 demutahilis
2095 1482 2380 1550 tenebras,
2412 1492 2468 1545 et
2518 1482 2784 1539 infernam
2814 1493 3032 1541 noctem
3074 1484 3167 1545 lux
3197 1500 3329 1547 vera

1734 1591 1840 1631 non
1873 1575 2091 1646 patitur.
2131 1573 2388 1647 Sequitur
2411 1574 2596 1635 enim:
2631 1574 2701 1631 Et
2740 1592 2843 1633 una:
2885 1577 3017 1631 sicut
3056 1577 3167 1633 dies
3209 1576 3335 1633 illu—

1735 1667 2048 1735 minabitur;
2079 1670 2213 1727 sicut
2243 1669 2460 1725 tenebris
2486 1673 2629 1744 ejus,
2662 1670 2733 1729 ita
2761 1679 2805 1729 et
2844 1669 3019 1729 lumen
3045 1671 3181 1739 eius.
3224 1670 3339 1733 llos

1654 1757 1709 1833 Β
1737 1770 1908 1818 totum
1939 1763 2007 1817 ad
2037 1762 2088 1818 id
2119 1764 2351 1820 refertur
2375 1766 2519 1835 quod
2552 1764 2754 1829 dictum
2793 1774 2909 1835 est,
2967 1766 3207 1829 Tenebrae
3234 1782 3337 1823 nou

1737 1855 2143 1921 obscurabuntur
2168 1873 2199 1915 α
2226 1866 2273 1915 te
2300 1900 2316 1923 ,
2376 1865 2422 1917 ιι
2453 1874 2558 1913 non:
2598 1858 2731 1915 sicut
2761 1859 2870 1915 dies
2900 1858 3277 1919 illuminabitur
3306 1874 3337 1914 a

1738 1957 1789 2004 te
1806 1991 1825 2016 ,
1849 1950 2048 2009 etsicut
2071 1949 2290 2007 tenebrae
2308 1952 2418 2023 eius
2439 1990 2454 2017 ,
2490 1952 2565 2009 ita
2583 1960 2632 2004 et
2669 1950 2841 2015 lumen
2862 1953 2975 2022 ejus
2998 1967 3028 2017 s
3054 1960 3125 2008 te.
3155 1949 3340 2013 Semel

1736 2041 1938 2103 dictum
1969 2058 2002 2103 α
2029 2051 2104 2115 te,
2130 2041 2363 2101 refertur
2388 2041 2456 2103 ad
2485 2042 2739 2113 plurima.
2775 2042 2903 2105 Ideo
2947 2052 3126 2101 autem
3154 2042 3209 2103 in
3247 2042 3341 2109 de-

1737 2134 1873 2193 liciis
1899 2149 2004 2195 nos
2025 2143 2109 2191 est
2124 2178 2138 2205 ,
2170 2134 2295 2206 quia
2316 2136 2448 2193 sicut
2470 2135 2583 2191 dies
2622 2135 3022 2195 illuntinabitur.
3050 2136 3337 2197 illumina—

1738 2228 1885 2287 bitur
1904 2235 2085 2287 autem
2109 2228 2179 2287 ob
2202 2227 2254 2285 id
2279 2269 2295 2296 ,
2323 2228 2463 2301 ‘quia
2495 2237 2551 2284 ut
2582 2229 2823 2289 tenebrae
2846 2268 2864 2295 ,
2896 2229 2969 2289 ita
3015 2240 3070 2287 et
3100 2230 3285 2293 lumen
3303 2244 3341 2290 α

1738 2321 1852 2381 Deo
1878 2322 2020 2389 sint,
2054 2329 2276 2394 potente
2307 2321 2654 2381 tenebrarum
2681 2322 2965 2383 conditore
2993 2322 3230 2385 condere
3255 2320 3340 2383 lu.

1740 2428 1866 2471 men
1898 2414 1950 2473 in
1999 2413 2261 2477 tenebris.
2311 2414 2379 2471 Et
2426 2414 2713 2475 audiamus
2762 2413 2907 2477 istud
2939 2415 3341 2486 Evangelistam

1739 2506 2024 2567 docentem
2066 2508 2179 2569 ita:
2227 2507 2299 2564 Et
2341 2507 2435 2573 tua
2478 2508 2616 2563 lucet
2655 2509 2709 2567 in
2750 2509 3005 2577 tenebris,
3033 2519 3083 2565 et
3126 2508 3347 2569 tenebris

1741 2617 1855 2655 eam
1888 2617 1991 2661 non
2036 2600 2534 2672 comprehenderunt
2573 2598 2759 2673 (Joau.
2798 2616 2848 2667 ι,
2873 2601 2967 2672 5):
2998 2600 3092 2657 illo
3122 2607 3347 2671 petentia

1743 2699 1803 2749 ut
1832 2692 1921 2755 lux,
1951 2693 2021 2753 sit.
2048 2691 2104 2749 in
2155 2692 2425 2763 tenebris,
2466 2693 2707 2753 tenebris
2756 2708 2865 2753 non
2901 2693 3213 2765 petentibus
3250 2692 3348 2757 ei?

1745 2784 2015 2845 scuritatis
2056 2800 2167 2845 sua:
2210 2797 2371 2843 nocte
2415 2786 2595 2845 lumen
2636 2784 2899 2851 indefessi
2945 2785 3164 2853 luminis
3192 2800 3348 2849 cont-

1747 2876 2110 2955 prehendere.

1815 2970 1905 3033 27.
1942 2969 2010 3029 Ut
2050 2979 2264 3044 utraque
2290 2965 2486 3031 Christi
2527 2980 2715 3037 natura
2762 2970 3100 3043 praedicetur.
3150 2968 3348 3031 Christi

1748 3062 1969 3125 hominis
1997 3063 2251 3134 ofﬁcium.
2284 3061 2434 3123 Unde
2461 3063 2760 3123 terribiliter
2788 3063 3115 3133 miriﬁcam.
3148 3091 3221 3103 —
3249 3062 3348 3121 Str

40 3151 205 3210 irrisit
247 3169 511 3211 errorem.
557 3154 728 3215 Nemo
779 3157 923 3212 enim
965 3159 1270 3215 conculcari
1316 3176 1378 3219 se
1427 3171 1633 3232 certus,
1661 3146 1707 3216 C
1740 3156 1920 3235 quitur
1938 3155 2338 3225 deinde,Vans.
2368 3155 2437 3213 15
2456 3165 2510 3213 et
2538 3156 2633 3221 14³
2665 3155 2798 3225 Ouid
2825 3152 3351 3226 tu.Dotut°n¢,p06w-

43 3245 200 3320 574
226 3250 369 3312 idem
405 3266 615 3309 rursum
639 3266 706 3307 an
739 3251 1083 3311 conculcetur
1123 3253 1357 3311 incertus
1387 3264 1487 3311 est.

109 3342 199 3399 26.
233 3341 420 3400 Passio
460 3360 550 3399 cur
578 3344 625 3399 ei
646 3344 696 3398 in
721 3343 940 3399 deliciis.
972 3343 1132 3403 Pater
1152 3362 1255 3401 una
1277 3364 1392 3403 cum
1414 3346 1560 3405 Filio
1582 3357 1632 3401 et

43 3435 220 3491 virtute
245 3445 293 3491 et
344 3446 546 3492 natura.
584 3435 821 3492 Teuebra:
857 3438 911 3493 in
941 3447 1178 3495 neutrum
1216 3438 1428 3497 cadunt.
1457 3469 1529 3481 ·-·
1558 3438 1632 3497 Ub

42 3536 220 3583 autem
253 3527 359 3587 hoc
391 3529 534 3601 quod
564 3529 671 3597 ait,
729 3528 977 3587 Forsitan
1007 3530 1223 3587 tenebris
1266 3533 1642 3601 consculcabttnt

42 3635 117 3674 me
138 3662 153 3689 ,
181 3637 290 3678 non
320 3621 388 3681 ad
420 3634 621 3680 natura:
646 3639 760 3680 sua:
808 3624 1223 3696 trepidationem
1265 3636 1451 3697 posset
1477 3627 1640 3687 iutcb

43 3712 126 3782 ligi
148 3755 163 3780 ,
192 3713 293 3771 sed
320 3714 499 3787 impia:
522 3715 590 3775 de
620 3732 682 3772 se
712 3717 1083 3788 intelligentia:
1114 3719 1443 3792 significaret
1470 3722 1644 3780 iacet-

45 3814 190 3874 tum;
221 3803 487 3865 continuo
508 3810 770 3879 subjecit,
802 3808 869 3865 Et
899 3829 1004 3867 nox
1038 3813 1350 3871 llluminalio
1370 3815 1422 3871 in
1441 3815 1641 3879 deliciis

44 3901 187 3959 meis.
237 3902 526 3972 Quomodo
562 3905 706 3963 enim
755 3906 1105 3963 conculcatur
1157 3924 1189 3965 a
1232 3910 1501 3977 tenebris,
1556 3911 1647 3969 cui

44 3990 117 4065 (ὁ)
150 4010 299 4052 mors
344 3994 668 4053 illuminatio
720 3997 773 4053 in
806 3997 1013 4057 deliciis
1050 4001 1122 4061 sit
1173 4001 1389 4061 futura?
1420 4003 1647 4078 Domino

38 4084 222 4158 itaque
276 4089 458 4161 passio
489 4090 590 4153 ista
616 4089 823 4146 delicia:
866 4098 1032 4146 sunt:
1067 4091 1194 4153 dum
1244 4102 1431 4165 portas
1472 4110 1647 4163 terer

39 4179 331 4253 confringit
352 4223 368 4247 ,
398 4181 523 4239 dum
546 4190 728 4241 vectes
752 4184 955 4240 ferreos
982 4184 1247 4254 conterit,
1275 4185 1401 4245 dum
1426 4201 1646 4253 0mm

37 4283 369 4341 potestatem
398 4275 694 4348 despoliat,
728 4277 854 4333 dum
880 4277 948 4334 de
996 4276 1080 4334 his
1112 4278 1166 4335 in
1200 4294 1263 4337 se
1311 4279 1643 4353 triumphat,

38 4365 164 4425 dum
198 4384 326 4427 cum
353 4384 514 4440 quem
542 4369 610 4429 ad
632 4369 921 4439 imaginem
965 4385 1118 4427 suam
1146 4369 1349 4427 fecerat
1376 4371 1595 4429 redimit
1624 4415 1640 4443 ,

1742 3246 1862 3309 diali
1891 3264 2034 3307 renes
2052 3263 2191 3305 meos
2217 3289 2232 3317 ,
2275 3247 2543 3318 suscepisti
2583 3262 2663 3301 me
2707 3246 2770 3301 de
2798 3255 2943 3300 utero
2974 3245 3155 3301 matris
3195 3258 3346 3301 metu.

1742 3340 2033 3411 Conﬁtebor
2062 3340 2177 3411 tibi,
2223 3340 2346 3412 quia
2372 3336 2667 3394 terribiliter
2695 3339 2998 3407 miriﬁcattts
3017 3352 3148 3395 sum.
3180 3334 3354 3393 Tenet

1743 3434 1906 3497 etiam
1933 3449 2075 3493 nunc
2111 3432 2358 3493 ordinem
2400 3431 2809 3504 signiﬁcationis
2838 3431 3151 3500 utriusque,
3175 3433 3236 3483 ut
3280 3441 3345 3484 se

1744 3536 1800 3587 et
1832 3527 2102 3589 hominem
2133 3536 2187 3582 et
2220 3526 2385 3582 Deum
2415 3523 2628 3580 doceat.
2659 3522 2821 3599 575
2837 3522 2971 3579 Cum
3002 3522 3147 3579 enim
3181 3519 3356 3589 possi-

1745 3620 1944 3681 dentur
1984 3636 2014 3679 a
2051 3620 2163 3677 Deo
2194 3633 2354 3675 renes
2380 3617 2502 3695 ejus
2524 3658 2538 3679 .
2568 3625 2624 3685 et
2664 3630 2696 3673 a
2726 3615 2911 3671 matris
2942 3622 3097 3677 utero
3120 3611 3357 3683 suscipio

1747 3726 1866 3782 tur;
1897 3713 2194 3785 corporalis
2219 3712 2273 3769 in
2302 3726 2370 3769 eo
2399 3709 2642 3767 conditio
2671 3717 3022 3767 monstratur.
3051 3706 3109 3765 In
3132 3704 3355 3765 renibus

1746 3810 1891 3869 enim
1919 3806 2209 3880 Voluptatis
2228 3814 2520 3863 estcausa.
2544 3801 2659 3858 Sed,
2674 3802 2829 3874 cujus
2852 3816 3014 3858 renes
3032 3816 3061 3863 a
3088 3800 3199 3857 Deo
3222 3814 3354 3870 pos-

1747 3901 2023 3966 sidentur.
2056 3915 2161 3957 non
2204 3906 2406 3961 exeunt
2435 3898 2487 3965 in
2542 3896 2846 3967 voluptates
2876 3894 3123 3969 corporis
3162 3892 3237 3966 (ε)
3268 3896 3354 3951 in-

1748 3997 1958 4057 centiva
1986 3992 2342 4051 lascivitc.‘Et
2383 3992 2474 4062 qui
2501 3991 2568 4047 ab
2597 3997 2754 4053 utere
2810 3988 3001 4053 matris
3031 3986 3351 4057 suscipitur,

1752 4104 1859 4153 non
1876 4087 1942 4145 ad
1964 4101 2128 4156 opera
2156 4083 2348 4143 saeculi
2372 4098 2402 4145 tt
2431 4084 2543 4141 Deo
2566 4090 2855 4153 susceptus
2894 4079 3129 4141 excedit.
3162 4076 3352 4139 Dtuuis

1748 4181 1911 4259 igitur
1934 4178 2052 4249 ejus
2081 4177 2331 4239 voluntas
2361 4189 2425 4237 ac
2469 4174 2626 4239 labor
2653 4182 2738 4233 est
2762 4173 2978 4231 Patrem
3011 4166 3311 4243 praedicare
3334 4211 3350 4241 ,

1761 4273 2097 4335 voluntatem
2116 4268 2293 4329 Patris
2340 4268 2562 4342 explere
2585 4308 2602 4335 ,
2648 4272 2925 4335 acceptum
2967 4279 2998 4325 a
3030 4262 3190 4341 Patre
3222 4263 3357 4318 eali-

1747 4380 1865 4421 cem
1895 4364 2099 4431 bibere.
2134 4361 2261 4418 Hrec
2287 4360 2433 4423 enim
2459 4358 2694 4421 hominis
2724 4358 2805 4421 sui
2846 4371 3005 4428 quem
3052 4355 3348 4431 assumpsit

36 4459 165 4517 dum
193 4462 412 4519 deliciis
442 4462 674 4532 paradisi
706 4462 959 4520 restituit.
991 4463 1048 4520 In
1082 4464 1165 4520 bis
1187 4465 1347 4541 igitur
1374 4467 1638 4538 passionis

1751 4456 1929 4523 ofﬁcia
1969 4466 2115 4521 sunt.
2144 4454 2251 4519 scd
2279 4469 2405 4515 cum
2445 4454 2554 4522 ait,
2587 4450 2878 4522 Conﬁtebor
2910 4451 3001 4511 tibi
3028 4492 3042 4516 ,
3065 4450 3186 4523 quia
3208 4450 3360 4507 terri-

38 4554 457 4615 obleetamentis
488 4563 649 4625 atque
674 4555 885 4615 deliciis
923 4572 1032 4615 nos
1065 4558 1117 4617 ei
1165 4535 1487 4623 illuminatio
1506 4568 1634 4625 est;
1677 4535 1733 4607 Β
1758 4548 1925 4605 bililer
1948 4550 2249 4619 tttiriﬁcatus
2280 4564 2393 4605 sum
2419 4563 2436 4615 ;
2460 4545 2860 4607 confessionem
2887 4559 3103 4605 onmem
3133 4543 3350 4603 terrihi.

37 4656 90 4702 et
120 4647 458 4705 illuminatio
483 4647 552 4703 ob
575 4646 627 4707 id
646 4690 660 4716 ,
691 4649 814 4720 quia
838 4648 1058 4706 tenebrat
1085 4666 1187 4705 non
1231 4650 1641 4713 obscurabuntur

36 4752 161 4798 ante.
191 4742 305 4801 Per
330 4752 536 4801 natura:
556 4746 819 4805 unitatem
866 4743 932 4803 ad
955 4745 1022 4816 (ι’.
1065 4742 1149 4815 ac)
1200 4743 1642 4809 indemutahilem

36 4834 347 4895 divinitatis
374 4835 778 4897 similitudinem
810 4836 863 4893 in
895 4835 1032 4895 Filio
1062 4835 1223 4901 Pater
1240 4846 1353 4897 est:
1382 4847 1474 4913 et,
1510 4855 1638 4915 ope.

39 4997 166 5054 Par.
199 5014 271 5055 ex
300 5014 399 5053 ms.
418 4998 542 5054 Mic.
567 4999 707 5054 bene
738 5005 1023 5065 mutatum,
1054 4996 1105 5052 in
1136 5002 1469 5065 postremam
1502 4996 1643 5053 male

36 5081 363 5126 revocatum
393 5079 496 5124 est.
525 5068 642 5124 Non
670 5068 815 5125 enim
847 5070 1085 5139 arguitur
1133 5083 1343 5139 pauper
1365 5111 1379 5134 ,
1414 5069 1557 5139 quod
1588 5068 1645 5125 in

37 5142 230 5197 divitis
263 5155 398 5210 opes
426 5139 628 5207 tendat,
655 5156 751 5196 seu
769 5141 911 5209 quod
941 5143 1194 5196 virtuttun
1225 5140 1521 5196 thesauros
1540 5139 1646 5196 sibi

40 5220 237 5282 paret;
268 5212 365 5267 sed
399 5211 545 5282 quod
570 5226 760 5267 carens
788 5212 889 5266 illis
931 5212 1118 5280 opibus
1132 5252 1153 5282 γ.
1182 5211 1380 5282 quibus
1400 5212 1546 5282 solis
1592 5212 1646 5267 in

43 5280 203 5351 spem
251 5280 523 5337 bonorum
574 5296 931 5351 supernorum
961 5280 1310 5350 proveltimur
1338 5323 1353 5345 ,
1397 5280 1452 5335 in
1482 5297 1541 5334 ea
1571 5290 1651 5339 ta-

42 5368 169 5408 men
200 5369 265 5406 se
293 5353 563 5407 emendat.
601 5352 702 5419 Qui
733 5352 1119 5407 subsutuernut
1169 5352 1224 5406 in
1255 5368 1376 5423 opes
1403 5394 1417 5418 ,
1449 5351 1651 5420 Volga-

41 5436 156 5480 tam
183 5424 389 5478 imitari
438 5423 744 5492 voluerunt,
773 5440 931 5494 quam
964 5423 1192 5478 Hilarius
1237 5422 1340 5477 nun
1370 5422 1644 5494 sequitur.

114 5495 203 5564 (α)
234 5495 332 5551 Sic
359 5511 462 5549 ms.
512 5495 636 5550 llic.
680 5493 820 5569 Editi
868 5509 995 5569 vero
1020 5536 1036 5562 ,
1067 5493 1648 5569 lienteria._5iquidem

43 5568 169 5623 lucc
196 5582 311 5621 vox
344 5577 570 5636 negatur
592 5580 715 5622 esse
742 5566 976 5622 hominis
999 5605 1015 5629 ,
1041 5566 1134 5621 ubi
1170 5565 1375 5629 deinde
1414 5565 1651 5635 negetur

45 5637 349 5718 trepidatio
366 5636 673 5718 convenire
928 5638 1025 5718 Lai
1060 5638 1311 5718 qua
1331 5651 1520 5718 tum.
1544 5650 1654 5711 qua

45 5708 271 5765 homini
290 5717 519 5777 negetur
542 5722 775 5778 necesse
790 5717 898 5763 ut.
928 5708 1117 5777 Neque
1140 5708 1345 5773 diutius
1360 5708 1654 5778 inquiren-

45 5780 212 5847 dum,
242 5793 345 5835 cur
373 5777 719 5836 dissimulans
747 5778 876 5850 quid
900 5779 954 5835 ei
994 5779 1287 5839 «numini
1314 5777 1653 5852 conveniat,

1754 4645 1820 4700 lis
1847 4644 1913 4703 de
1942 4659 2001 4703 se
2030 4641 2405 4701 admirationis
2431 4638 2496 4702 ad
2530 4639 2756 4711 gloriam
2796 4637 2994 4701 divinae
3035 4636 3359 4697 substantia

1754 4756 1867 4798 suae
1910 4737 2107 4803 reddit.
2138 4737 2455 4799 Mirilicatus
2486 4741 2570 4789 est
2614 4732 2756 4793 enim
2804 4731 2874 4795 ob
2920 4730 3010 4799 id,
3039 4729 3167 4811 quia
3216 4730 3359 4791 Deus

1755 4832 1995 4909 possedit
2023 4844 2182 4897 renes
2204 4830 2365 4911 ejuS,
2395 4826 2577 4901 quina
2621 4826 2808 4890 matris
2856 4836 3012 4891 utero
3055 4833 3345 4896 susceptus
3432 4859 3440 4866 -

1752 4998 1803 5052 in
1828 4993 1882 5051 id
1904 5004 2068 5049 unum
2093 4985 2329 5053 festinet,
2355 4996 2462 5056 quo
2483 4993 2732 5041 naturam
2752 4977 3039 5056 quamdam
3059 4978 3354 5056 in_Cliristq

1753 5051 1821 5123 ab
1850 5058 2186 5121 inﬁrmitate
2231 5051 2609 5127 trepidationis
2651 5051 2882 5127 alienam
2929 5068 3050 5109 esse
3097 5051 3356 5127 dentium

1754 5120 1901 5197 iret:
1945 5135 1996 5193 id
2024 5134 2172 5195 enim
2214 5120 2438 5200 pro'illo
2489 5138 2753 5200 tempore
2779 5126 2969 5200 utilius
2991 5133 3154 5195 atque
3195 5120 3353 5177 salua

1754 5208 1904 5284 brius
1947 5206 2119 5284 fuisse
2146 5198 2385 5283 prudens
2404 5199 2632 5284 quisque
2660 5198 2814 5256 facile
2831 5198 3054 5284 judicat.

1828 5262 1905 5350 (ὑ)
1947 5262 2329 5350 Ιλίρέῑό-ξηαςὶε
2375 5262 2595 5343 placuit
2620 5286 2757 5350 uox:
2786 5262 3145 5350 renitentibus
3171 5262 3303 5329 Bad.
3329 5305 3344 5335 ,

1760 5339 1851 5406 Er‘.
1879 5339 1933 5405 et
1965 5339 2095 5402 mss.
2126 5343 2199 5402 Ut
2224 5339 2451 5399 numero
2479 5343 2763 5413 superiore
2800 5339 3145 5413 tenebrarum
3190 5350 3351 5413 vocao

1754 5422 1881 5477 hulo
1905 5463 1920 5486 ,
1952 5420 2022 5474 ita
2071 5418 2157 5473 hic
2193 5415 2368 5472 noctis
2400 5406 2620 5470 nomine
2667 5419 2895 5468 mortem
2936 5406 3345 5479 intelligendam

1756 5489 2215 5565 innuitﬂilsritts.
2282 5559 2295 5565 _
2453 5557 2465 5565 _
2574 5556 2589 5565 _
2728 5554 2739 5565 ι
2878 5552 2906 5565 Α,
3191 5551 3203 5563 ⁸

1829 5563 1900 5635 (ε)
1927 5560 2255 5636 Βορρῑιὲξτιιε
2275 5557 2553 5619 δίδασκ’
2574 5556 2703 5636 “‘9.
2718 5554 3003 5636 W5!“
3031 5566 3155 5636 “9".”

1917 5625 2058 5703 apud
2086 5630 2641 5705 “Uarium-nusquam
2656 5625 2845 5705 lugere
2868 5625 3087 5705 sit,_qui
3103 5625 3359 5703 intention

1758 5693 2037 5787 ἓηαιιξεδιν
2062 5702 2274 5787 φαῖσι
2702 5693 3073 5764 “mm
3103 5693 3356 5764 “"P“

1758 5774 1953 5833 incidit
1978 5774 2187 5841 sermo,
2206 5775 2622 5830 commemorat.
