3896 6336
536 266 644 324 807
1738 257 1980 316 SANCTI
2023 253 2277 312 lllLABll
2319 257 2624 316 EPISCOPI
3288 285 3297 296 ο
3702 263 3784 320 808

535 390 643 437 est.
678 383 783 438 Per
813 379 862 436 id
889 380 1062 445 enim,
1092 377 1232 448 quod
1262 374 1509 431 voluntas
1529 373 1647 444 ejus
1667 382 1722 429 et
1750 373 1998 443 operatio
2016 371 2129 426 Deo
2156 373 2205 433 Α
2235 373 2388 446 (Cen.
2425 391 2458 429 tt
2482 418 2496 442 ,
2528 375 2654 446 23);
2686 376 2753 432 ad
2793 377 3192 448 expositionem
3240 377 3370 433 dicti
3413 378 3567 450 hujus
3593 378 3782 449 adjecit,

535 475 724 532 dedita
757 476 886 538 fuit,
933 471 1205 527 miriﬁcari
1245 468 1560 525 terribiliter
1595 466 1911 537 promeruit.
1945 462 2128 518 Miriﬁ-
2231 468 2416 524 dicens
2449 469 2553 541 (e):
2585 469 2698 524 Hoc
2742 473 3039 542 mysterium
3091 489 3338 543 magnum
3378 481 3482 537 est,
3522 489 3613 542 ego
3653 485 3787 526 mutat

535 581 692 624 catus
714 579 890 623 autem
931 564 1244 622 terribiliter
1265 572 1379 627 est,
1409 563 1535 618 dum
1567 560 1644 634 (ιι)
1671 558 1818 614 boris
1845 557 2023 613 crucis
2047 566 2128 611 te-
2231 561 2346 614 dico
2391 561 2444 614 in
2491 559 2697 616 Christo
2746 573 2792 618 et
2824 564 2876 618 in
2905 562 3145 620 Ecclesia
3174 564 3394 635 (Ephes.
3423 581 3472 629 v,
3505 565 3622 633 52).
3662 567 3786 634 Quid

536 660 720 714 nebnc
749 667 907 723 sunt,
940 657 1069 712 dum
1110 656 1291 711 tremit
1329 664 1503 722 terra,
1552 652 1679 708 dum
1711 667 1838 706 saxa
1862 665 2126 720 rumpun-
2229 662 2408 708 autem
2437 669 2533 724 per
2579 655 3005 712 misericordiam
3039 658 3134 713 Dei
3189 660 3357 728 patris
3402 659 3654 714 Ecclesia:
3696 663 3785 714 hac

537 759 652 816 tur,
684 752 810 806 dum
860 759 1044 820 patent
1075 750 1354 820 sepulcra,
1386 749 1512 803 dum
1561 747 1757 802 mortui
1805 752 2126 814 resurgunt.
2231 745 2494 799 occultata
2544 762 2649 801 non
2681 746 2909 815 fuerint,
2960 750 3076 818 ipse
3119 749 3383 804 Dominus
3433 751 3483 804 in
3533 749 3788 819 Ersngciio

533 843 662 899 dum
691 846 744 898 in
776 843 966 899 eodem
999 859 1228 914 corpore
1262 845 1378 913 ipse
1407 841 1740 912 cortSpicitur
1763 881 1778 907 ,
1821 839 1949 894 dum
1977 837 2128 892 clau-
2233 845 2463 892 testatus
2487 848 2596 903 est,
2623 856 2742 895 cum
2774 845 2884 895 ait:
2919 842 3214 913 Conﬁtebor
3239 845 3350 909 tibi,
3393 855 3565 913 pater,
3612 844 3790 899 Darnis:

532 939 612 992 sis
633 937 818 1007 januis
863 937 966 992 soli
1019 937 1118 992 sibi
1152 935 1476 1007 penetrabili
1526 935 1674 989 aditu
1712 934 1952 1000 assistit,
2000 931 2126 985 dum
2233 931 2347 984 caeli
2374 940 2421 984 et
2472 944 2651 998 rerraz,
2689 933 2811 1004 quia
2855 936 3169 989 abscondisti
3209 936 3322 990 hcce
3356 952 3389 988 a
3430 937 3726 1006 sapientibus
3759 951 3792 991 et

531 1030 600 1085 ad
630 1031 801 1086 caelos
828 1031 1074 1086 elevatur
1095 1071 1108 1096 ,
1138 1029 1264 1085 dum
1294 1029 1537 1100 Aposwli
1559 1030 1796 1100 gentium
1829 1028 2024 1099 linguis
2050 1028 2131 1082 lo-
2233 1021 2564 1091 prudentibus
2587 1066 2603 1090 ,
2626 1034 2675 1078 et
2708 1026 2942 1081 reoelasti
2983 1044 3042 1081 ea
3072 1030 3300 1099 parvulis
3320 1046 3339 1082 :
3367 1029 3441 1082 ita
3474 1028 3659 1093 Pater,
3700 1031 3792 1096 quis

530 1133 801 1194 quuntur,
859 1123 986 1179 dum
1046 1123 1250 1179 umbra:
1310 1138 1500 1178 eorum
1551 1122 1753 1178 morbis
1806 1120 2127 1187 medentur,
2233 1114 2307 1168 sic
2332 1117 2430 1187 fuit
2457 1118 2701 1188 placitum
2727 1130 2847 1174 ante
2867 1130 2913 1175 te
2954 1120 3171 1190 (Matth.
3207 1139 3286 1184 xi,
3317 1122 3388 1177 25
3433 1135 3478 1177 et
3508 1117 3626 1192 9.6).
3654 1124 3794 1180 Abeo

533 1214 663 1271 dum
691 1215 899 1271 claudis
928 1231 1204 1270 nummum
1239 1213 1583 1284 poscentibus
1628 1228 1818 1270 cursus
1860 1212 2093 1266 donatur
2113 1251 2128 1278 ,
2235 1211 2398 1282 igitur
2429 1211 2585 1266 nobis
2607 1227 2713 1267 non
2743 1213 3118 1281 occultantur,
3152 1232 3275 1286 quae
3324 1217 3464 1271 facta
3493 1227 3620 1271 sunt
3643 1219 3691 1272 in
3724 1235 3794 1274 oc-

531 1307 660 1363 dum
695 1307 1058 1378 eleetnosynis
1080 1311 1298 1376 inopum
1323 1315 1570 1360 mortuus
1597 1303 1672 1375 (b)
1697 1304 1969 1370 redditur,
2001 1303 2128 1359 dum
2233 1306 2400 1360 culto.
2446 1304 2612 1361 Nobis
2635 1307 2852 1378 quidem
2885 1324 2990 1364 non
3021 1311 3286 1364 occultata
3325 1320 3490 1377 sunt,
3534 1311 3627 1366 sed
3651 1314 3794 1369 seculi

532 1412 907 1470 persecutores
931 1400 1066 1456 ﬁunt
1094 1400 1482 1472 pranlicatores
1506 1439 1521 1465 ,
1569 1398 1696 1453 dum
1725 1397 2004 1454 dissolutis
2031 1410 2129 1450 ca-
2235 1401 2395 1470 hujus
2425 1400 2775 1471 prudentibus
2804 1403 2942 1459 facta
2973 1414 3097 1458 sunt
3127 1405 3181 1458 in
3211 1404 3451 1459 occulto.

533 1495 672 1550 lenis
711 1504 956 1553 cantatur
1001 1497 1054 1550 in
1085 1509 1340 1560 carcere,
1375 1493 1502 1548 dum
1538 1493 1588 1547 in
1622 1492 1882 1564 martyrio
1931 1507 1961 1545 a
1993 1490 2132 1545 Μετ-
2307 1495 2396 1550 50.
2432 1495 2590 1550 Prius
2613 1497 2668 1548 in
2697 1496 2898 1551 occulto
2939 1509 3104 1551 erant.
3145 1527 3217 1537 —
3245 1497 3402 1566 Quod
3448 1507 3627 1554 autem
3656 1501 3795 1554 omnia

539 1597 660 1659 lyre
691 1589 902 1645 videtur
924 1589 976 1644 in
1002 1589 1184 1645 ctelis:
1224 1589 1351 1642 dum
1384 1595 1657 1657 postremo
1709 1589 1760 1642 in
1791 1602 1856 1640 eo
1883 1601 1992 1658 quo
2019 1585 2131 1642 ele-
2236 1588 2616 1644 ecclesiastica:
2643 1590 2758 1659 Spei
2786 1603 3125 1645 sacramenta
3158 1592 3210 1644 itt
3229 1591 3448 1646 occulto
3467 1591 3698 1656 fuerint.
3721 1605 3796 1648 tes-

531 1689 690 1736 vatus
711 1692 796 1736 est
815 1697 1047 1752 corpore
1073 1697 1104 1736 a
1130 1680 1336 1736 dextris
1361 1681 1455 1736 Dei
1485 1680 1669 1746 sedet,
1694 1681 1848 1750 cujus
1879 1679 1930 1733 irt
1957 1677 2129 1750 gloria
2239 1692 2384 1738 tatur
2409 1692 2464 1736 et
2489 1683 2779 1753 Apostolus
2799 1724 2814 1748 ,
2840 1683 3060 1738 dicens:
3104 1683 3274 1738 Prout
3310 1687 3527 1756 potestis
3569 1687 3798 1756 intelligere

529 1781 589 1828 et
611 1773 864 1828 manebat
889 1781 944 1829 et
969 1781 1268 1843 permanet.
1919 1845 1923 1848 ι
2158 1764 2206 1824 Β
2232 1776 2543 1830 intellectum
2581 1774 2655 1847 (f)
2683 1793 2850 1829 meum
2874 1777 2928 1829 in
2955 1787 3276 1832 sacramento
3298 1777 3502 1833 Christi
3526 1821 3542 1845 ,
3573 1782 3701 1849 quod
3717 1783 3798 1834 alii:

606 1867 698 1923 28.
731 1865 903 1922 Filius
937 1865 1115 1935 Patri,
1146 1868 1265 1922 licet
1286 1885 1388 1923 non
1411 1867 1579 1938 impar
1605 1851 2016 1932 virtute,omnia
2035 1885 2128 1923 sua
2233 1867 2541 1940 temporibus
2599 1885 2700 1922 non
2744 1879 2817 1922 est
2869 1870 3128 1937 cognitum
3180 1872 3308 1940 ﬁliis
3360 1873 3661 1935 hominum,
3705 1875 3798 1928 sia:

534 1960 720 2030 defert.
746 1991 817 2001 —
836 1960 1064 2015 Ornnent
1093 1968 1270 2016 autem
1311 1976 1428 2016 eam
1453 2003 1467 2026 ,
1495 1977 1599 2031 qua
1644 1962 1955 2016 terribiliter
1983 1962 2130 2016 miri-
2233 1977 2371 2015 nunc
2397 1962 2674 2016 revelatum
2703 1973 2774 2017 est
2814 1965 3004 2017 sanctis
3032 1965 3145 2034 ejus
3189 1965 3444 2031 apostolis
3496 1976 3542 2020 et
3587 1967 3799 2036 proptrea

539 2051 728 2106 ﬁeatus
749 2060 832 2106 est
851 2093 866 2117 ,
918 2051 1232 2122 dignitatem
1264 2052 1329 2107 ad
1361 2067 1496 2122 Opus
1525 2052 1642 2122 ejus
1667 2054 1868 2119 refert,
1899 2053 2051 2122 eujus
2077 2062 2134 2108 et
2234 2058 2286 2112 in
2310 2057 2512 2129 Spiritu
2535 2099 2548 2120 ,
2576 2073 2684 2112 esse
2725 2067 2896 2126 gentes
2941 2056 3230 2111 coltwredes
3270 2066 3319 2110 et
3360 2059 3739 2125 concorporales
3771 2068 3800 2110 et

539 2143 723 2213 paruit
764 2142 1061 2211 voluntati,
1105 2144 1324 2200 dicens:
1375 2144 1687 2216 MirtrOpera
1725 2156 1842 2208 tua.
1884 2154 1932 2198 et
1960 2145 2133 2198 anima
2235 2150 2625 2219 comparticipes
2676 2149 3064 2217 pollicitationis
3112 2151 3228 2220 ejus
3276 2148 3329 2201 in
3392 2146 3602 2202 Christo
3630 2147 3800 2219 (Epist.

537 2249 651 2288 mea
679 2235 815 2288 novit
837 2234 1004 2289 valde.
1033 2235 1188 2304 Quod
1219 2235 1361 2291 enim
1389 2276 1404 2302 ,
1437 2237 1606 2307 inquit
1626 2278 1642 2303 ,
1672 2235 1965 2290 terribiliter
1991 2237 2135 2290 miri-
2237 2258 2331 2309 ιιι,
2373 2240 2453 2313 4).
2487 2241 2551 2295 Ει
2606 2241 2800 2296 iterum
2829 2258 2840 2292 :
2896 2240 3194 2295 Secundum
3236 2240 3682 2308 dispensationem
3709 2239 3799 2305 ea,

537 2325 721 2394 ﬁcatus
746 2343 890 2393 sum,
917 2341 1052 2397 opus
1074 2338 1220 2382 tttutn
1251 2336 1354 2382 est.
1378 2327 1576 2383 Eadem
1596 2337 1775 2382 autem
1802 2329 1931 2384 etin
1956 2328 2136 2384 Evan-
2235 2351 2352 2398 qua:
2376 2335 2499 2388 data
2519 2343 2592 2386 est
2620 2333 2745 2386 mihi
2765 2331 2832 2385 ad
2853 2349 2940 2386 vos
2965 2374 2979 2398 ,
3004 2335 3071 2385 ad
3101 2331 3430 2400 implendum
3465 2330 3672 2385 verbum
3695 2330 3768 2383 Dei
3791 2373 3800 2394 .

535 2418 692 2489 geliis
719 2419 856 2475 ratio
883 2431 1095 2489 servata
1125 2428 1248 2488 est,
1278 2429 1338 2476 ut
1365 2436 1485 2476 cum
1517 2421 1582 2475 ad
1613 2421 2132 2477 demonstrationem
2238 2435 2614 2480 sacramentum
2643 2424 2781 2495 quod
2810 2423 3164 2480 absconditum
3213 2424 3315 2494 fuit
3351 2435 3480 2478 ante
3525 2425 3705 2478 εωειιὶα
3737 2435 3804 2477 de

537 2512 750 2568 virtutis
797 2529 910 2570 suae
938 2514 1164 2570 dixerit:
1199 2515 1544 2588 Quaecumque
1579 2516 1734 2572 Pater
1758 2519 1913 2589 facit,
1961 2519 2137 2572 eadem
2239 2518 2650 2588 generationibus
2677 2557 2691 2582 ,
2719 2533 2856 2569 nunc
2901 2516 3290 2583 manifestatum
3341 2526 3419 2570 est
3455 2517 3645 2570 sandis
3686 2518 3802 2585 eju.

537 2612 586 2658 et
609 2601 778 2658 Filius
806 2605 931 2675 facit
959 2605 1196 2661 similiter
1243 2605 1424 2680 (Joun.
1474 2625 1528 2672 v,
1578 2608 1705 2678 i9);
1763 2617 1820 2664 et
1863 2624 2078 2664 rursum
2119 2629 2133 2664 :
2238 2611 2421 2682 quibus
2447 2613 2604 2666 voluit
2650 2613 2910 2666 ostendere
2949 2610 3152 2664 divitias
3176 2611 3367 2681 gloria:
3414 2608 3803 2664 sacramentiba’

539 2699 688 2756 Sicut
728 2699 886 2756 Pater
912 2702 1146 2772 vioi/icat.
1170 2715 1429 2770 mortuos,
1453 2704 1527 2757 sic
1571 2715 1616 2757 et
1645 2700 1816 2759 Filius
1859 2721 1988 2776 quos
2032 2704 2139 2758 vult
2240 2705 2372 2758 inter
2397 2714 2568 2775 gentes
2593 2746 2609 2768 ,
2647 2704 2786 2774 quod
2828 2713 2900 2756 est
2949 2701 3183 2757 Christus
3218 2704 3277 2756 in
3322 2703 3469 2757 vobis
3517 2720 3630 2772 spes
3671 2703 3806 2774 glori-2

537 2792 944 2864 viviﬁcatUbid.
965 2794 1093 2867 2|);
1119 2803 1299 2851 tamen
1321 2796 1633 2868 dignitatem
1652 2811 1877 2867 operum
1896 2798 2138 2853 omnium
2242 2795 2462 2868 (Coloss.
2499 2813 2535 2861 l,
2568 2797 2638 2852 25
2670 2806 2717 2850 et
2756 2795 2944 2866 seqq.).
2971 2795 3256 2850 Occultum
3303 2795 3498 2865 itaque
3539 2797 3802 2867 mysteri

539 2883 688 2939 Patri
715 2885 966 2942 deferens
992 2929 1005 2954 ,
1040 2903 1161 2943 cum
1191 2889 1368 2957 dicat,
1405 2890 1525 2944 Non
1566 2902 1727 2962 potest
1771 2897 1940 2961 facere
1970 2892 2140 2946 Filius
2242 2886 2370 2954 fuit,
2392 2887 2534 2958 quod
2566 2888 2860 2942 revelatum
2888 2897 3002 2952 est,
3023 2902 3146 2942 esse
3183 2887 3292 2941 Deo
3313 2897 3518 2957 gentes
3542 2887 3805 2944 coheredes

541 2976 605 3029 ab
629 2994 682 3032 se
710 2979 1020 3049 quidquam,
1067 2982 1170 3035 nisi
1215 2985 1350 3046 quod
1393 2983 1574 3037 viderit
1620 2983 1832 3039 Patrem
1869 2988 2142 3057 facientem
2243 2994 2296 3038 et
2327 2982 2749 3053 coucorporales
2771 2992 2825 3037 et
2851 2981 3268 3052 cornparticipes
3293 2979 3705 3050 pollicitationis
3724 2982 3806 3048 ejus

542 3066 704 3141 (Ibid.
738 3070 866 3142 19);
897 3081 1254 3128 contestatam
1281 3073 1350 3130 de
1377 3089 1434 3129 se
1464 3084 1821 3146 potestatem,
1863 3093 1958 3148 per
1986 3095 2138 3135 reve-
2172 3139 2207 3148 Δ
2245 3075 2299 3131 in
2331 3076 2568 3132 Christo.
2599 3075 2883 3132 Occultum
2924 3077 3085 3131 etiam
3123 3076 3457 3148 mysterium
3506 3085 3627 3141 est,
3657 3077 3808 3148 quibus

542 3162 733 3218 reutite
765 3163 1022 3221 ltonoretn
1047 3207 1062 3231 ,
1093 3165 1142 3221 ei
1167 3167 1252 3221 cui
1274 3168 1453 3222 omnia
1483 3169 1802 3225 meminerat
1828 3170 2138 3227 conﬁtenda
2162 3139 2211 3206 Ο
2245 3169 2413 3224 voluit
2440 3169 2729 3224 ostendere
2759 3168 2974 3225 divitias
3000 3169 3187 3239 gloria:
3227 3173 3569 3225 sacramenti
3599 3169 3689 3226 Dei
3708 3171 3807 3224 inter

541 3254 774 3325 subjecit
800 3273 814 3321 ;
846 3274 952 3313 non
983 3259 1087 3314 sibi
1117 3258 1364 3314 adimcns
1406 3261 1548 3330 quod
1591 3262 1787 3317 similia
1837 3262 1980 3318 Patri
2012 3278 2138 3334 pos-
2243 3270 2461 3333 gentes,
2485 3261 2628 3331 quod
2659 3271 2743 3318 est
2769 3260 3017 3318 Christus
3065 3263 3118 3316 in
3150 3262 3304 3318 vobis
3335 3279 3471 3333 spes
3499 3264 3699 3332 gloria.

541 3356 653 3416 set,
681 3350 779 3406 sed
811 3367 934 3408 eum
985 3369 1081 3423 per
1133 3370 1294 3424 quem
1333 3354 1536 3410 similia
1587 3365 1770 3426 posset
1821 3357 2134 3413 ostendens.
2311 3355 2400 3410 3i.
2451 3352 2609 3408 Pater
2632 3371 2689 3408 ea
2717 3355 2954 3408 reuelauit
2999 3354 3188 3423 inﬁmis
3231 3365 3406 3409 terrm.
3445 3385 3525 3396 —
3569 3355 3803 3412 Occultnm

541 3441 669 3498 llaec
701 3443 860 3513 igitur
881 3487 895 3511 ,
925 3445 1122 3515 quibus
1155 3447 1471 3503 terribiliter
1513 3447 1830 3504 miriﬁcatus
1858 3459 1940 3506 est
1968 3491 1982 3514 ,
2010 3449 2140 3506 licet
2241 3447 2402 3518 igitur
2428 3445 2529 3502 hoc
2559 3449 2874 3519 mysterium
2899 3445 2997 3500 fuit
3024 3446 3168 3516 quod
3196 3458 3344 3501 esset
3369 3446 3636 3504 Christus
3662 3449 3709 3502 in
3735 3462 3805 3500 no-

542 3535 668 3604 quia
695 3537 866 3605 potuit
894 3539 1106 3594 virtutis
1136 3556 1250 3595 sua:
1275 3540 1512 3610 fuerint;
1551 3551 1730 3598 tamen
1760 3543 1938 3598 Patris
1960 3543 2138 3613 operi-
2242 3537 2357 3593 bis:
2391 3537 2493 3594 hoc
2539 3537 2702 3593 Palet‘
2750 3538 3029 3593 revelaVil-
3089 3537 3250 3592 Petro
3278 3540 3430 3592 enim
3487 3539 3688 3594 dictum
3727 3548 3807 3593 est:

544 3625 646 3681 bus
675 3627 924 3683 universa
951 3646 1012 3684 ea
1053 3631 1276 3696 detulit,
1306 3632 1527 3688 dicens:
1565 3631 1704 3688 Mira
1745 3650 1900 3704 opera
1937 3645 2059 3699 tua,
2092 3644 2140 3688 et
2245 3629 2366 3686 Non
2388 3648 2506 3686 caro
2534 3674 2550 3698 ,
2580 3649 2683 3686 non
2709 3633 2921 3702 sanguis
2953 3631 3188 3685 revelavit
3217 3632 3307 3686 tibi
3332 3675 3350 3699 ,
3383 3633 3482 3688 sed
3512 3633 3665 3688 Pater
3701 3650 3807 3687 stes:

545 3720 720 3774 anima
745 3737 860 3775 mea
890 3724 1026 3778 novit
1053 3724 1220 3780 valde.
1251 3725 1508 3780 Humana:
1550 3726 1880 3782 inﬁrrnitatis
1907 3744 2012 3782 vox
2036 3727 2138 3785 ista
2241 3723 2328 3792 qui
2349 3724 2400 3777 in
2429 3723 2568 3777 εωιὶδ
2589 3722 2899 3795 881(Maflh-
2945 3739 3034 3778 XVI
3069 3765 3083 3790 ,
3131 3723 3242 3794 17)-
3297 3723 3632 3782 Revelatum
3672 3737 3810 3780 autem

547 3823 654 3866 non
683 3819 803 3881 est,
848 3823 904 3868 ut
933 3815 1068 3870 mira
1110 3831 1274 3888 opera
1307 3818 1400 3873 Dei
1441 3819 1597 3874 valde
1645 3834 1704 3876 se
1753 3835 1914 3876 nosse
1946 3821 2134 3890 jactet.
2243 3825 2356 3882 est,
2387 3816 2660 3871 Christum
2690 3831 2813 3871 esse
2838 3815 2890 3869 in
2923 3816 3111 3881 nobis,
3145 3815 3199 3870 in
3229 3817 3576 3886 pauperibus
3618 3819 3807 3887 spirits.

548 3905 660 3964 Soli
685 3906 790 3964 hoc
816 3911 1106 3980 competit,
1131 3913 1220 3981 qui
1260 3913 1368 3968 ait:
1399 3910 1568 3968 Nemo
1606 3916 1742 3968 novit
1789 3912 1998 3969 Patrem
2038 3915 2139 3969 nisi

2268 3925 2296 3962 ιι
2329 3908 2598 3963 tribulatis
2635 3907 2834 3973 corde,
2877 3907 2930 3962 in
2982 3905 3272 3962 humilibus
3304 3916 3476 3963 terra:
3501 3951 3517 3975 ,
3562 3909 3617 3964 in
3663 3924 3811 3978 porgi-

545 3998 719 4058 Filius
749 4002 964 4074 (Matth.
997 4021 1084 4069 xt,
1113 4004 1229 4078 27).
1267 4007 1426 4062 Novit
1453 4009 1596 4064 enim
1619 4049 1634 4074 ,
1687 4024 1792 4065 non
1824 4019 2136 4081 utcumque,
2243 4002 2440 4057 mentis
2461 4001 2646 4057 mundi
2673 4044 2687 4069 ,
2717 4001 2770 4056 in
2818 4000 3075 4056 Ecclesiae
3126 3999 3349 4055 inlimis.
3405 4000 3660 4056 Intimum
3699 4002 3810 4055 eain

546 4109 656 4151 non
687 4096 850 4170 576
879 4097 1112 4154 leviter:
1155 4099 1305 4155 novit
1347 4108 1528 4156 autem
1558 4103 1741 4170 valde,
1796 4119 1891 4172 per
1929 4118 2047 4158 eam
2078 4102 2140 4156 ﬁ-
2243 4099 2543 4167 Ecclesiae,
2604 4098 2658 4155 id
2723 4107 2848 4165 est,
2895 4098 3043 4153 omni
3115 4095 3428 4152 humilitate
3498 4099 3809 4153 submissum.

545 4190 758 4247 duciam
787 4208 893 4262 qua
906 4193 1063 4250 dicit:
1093 4193 1254 4251 Pater
1273 4195 1326 4250 in
1355 4212 1434 4250 me
1456 4238 1469 4262 ,
1502 4208 1548 4252 et
1574 4214 1669 4268 ego
1690 4197 1742 4251 in
1775 4195 1931 4251 Patre
1953 4195 2136 4268 (Joan.
2243 4192 2402 4265 577
2434 4193 2548 4249 Hoc
2576 4208 2704 4264 ergo
2732 4191 3001 4248 occultum
3035 4191 3358 4266 mysterium
3391 4193 3694 4247 revelatum
3718 4202 3808 4253 est.

548 4300 606 4350 x,
637 4285 753 4358 58).
782 4285 839 4341 In
865 4303 930 4344 eo
957 4288 1100 4345 enim
1131 4290 1276 4360 quod
1305 4290 1380 4345 ait
1425 4291 1600 4358 valde,
1635 4291 1929 4362 perfectam
1957 4291 2136 4347 sciett-
2242 4287 2385 4359 quod
2415 4297 2500 4343 est
2527 4286 2775 4343 Christus
2804 4286 2855 4340 itt
2887 4285 3062 4340 nobis.
3094 4284 3210 4339 Non
3252 4299 3352 4354 per
3377 4284 3705 4356 Apostolum
3729 4285 3812 4338 ha:

550 4377 678 4431 tiam
709 4377 782 4449 (c)
813 4378 1015 4438 intimae
1044 4383 1369 4454 cognitionis
1396 4383 1652 4440 ostendit.

620 4469 713 4525 29.
748 4471 819 4526 0s
848 4472 1036 4532 Christi
1061 4475 1314 4532 Ecclesia.
1347 4477 1595 4534 Ecclesia:
1613 4479 1833 4533 revelata
1859 4489 1977 4535 sunt
2002 4497 2139 4552 mys-

551 4562 698 4618 teria.
731 4593 804 4607 —-
832 4567 896 4621 Et
925 4569 1048 4638 quia
1071 4571 1251 4626 omnia
1287 4571 1423 4626 mira
1448 4587 1612 4642 Opera
1657 4572 1750 4628 Dei
1781 4573 1937 4629 valde
1963 4576 2140 4630 anima

554 4653 720 4725 ipsius
750 4658 930 4725 novit;
972 4661 1328 4720 eruditionem
1359 4665 1619 4721 doctrina:
1659 4669 1710 4720 in
1743 4681 1842 4722 nos
1886 4683 1997 4724 sum
2022 4684 2139 4725 me-

554 4757 753 4815 morat,
771 4750 850 4822 (d)
873 4769 974 4822 qua
991 4754 1147 4810 nobis
1168 4766 1406 4827 paternae
1419 4761 1750 4830 operationis
1765 4760 1876 4831 jam
1900 4778 2006 4818 non
2032 4764 2141 4820 sint

483 4921 490 4930 ο
549 4841 813 4897 occultata
842 4845 1116 4914 mysteria,
1139 4847 1518 4917 dicens,Vans.
1547 4851 1616 4907 l5
1635 4868 1648 4905 :
1669 4851 1792 4908 Non
1821 4865 1893 4909 est
1915 4855 2141 4910 occulta-

551 4944 660 4989 tum
685 4951 741 4989 os
763 4951 932 4990 meum
954 4953 987 4990 a
1013 4946 1081 5003 te,
1123 4942 1258 5007 quod
1273 4944 1456 5012 .fecisti
1478 4945 1531 4998 in
1576 4946 1798 5001 occulto.
1842 4946 1915 5002 Os
1939 4946 2140 5005 Cltristi

548 5026 847 5084 Ecelesiam
876 5027 1093 5096 esse,e‘t
1120 5031 1431 5102 prophetica
1449 5043 1504 5092 et
1546 5038 1838 5104 apostolica
1850 5041 2143 5098 auctoritas

547 5129 652 5177 est.
681 5119 814 5176 Nam
857 5136 979 5176 cum
1005 5161 1024 5190 ,
1065 5122 1358 5178 secundum
1397 5141 1462 5182 ea
1493 5142 1614 5198 quae
1658 5128 1720 5184 in
1753 5129 1951 5186 Genesi
1994 5132 2140 5189 dicta

547 5225 704 5282 sunt,
733 5215 803 5270 de
828 5214 1004 5272 Adam
1047 5224 1208 5285 atque
1251 5214 1363 5271 Eva
1407 5220 1699 5289 Apostolus
1744 5231 2032 5294 tractaret,
2066 5225 2138 5280 ita

547 5309 624 5363 ait
649 5325 662 5363 :
695 5306 808 5366 Hoc
831 5327 969 5366 nunc
998 5328 1054 5368 os
1070 5327 1134 5366 ea:
1161 5309 1360 5366 ossibus
1381 5313 1506 5366 meis
1525 5354 1541 5379 ,
1566 5321 1611 5368 et
1629 5330 1750 5370 caro
1771 5315 1835 5370 de
1851 5332 2006 5372 carne
2026 5334 2138 5373 mea

621 5470 701 5544 (a)
737 5471 794 5526 In
825 5473 1052 5544 vulgatis
1105 5473 1234 5527 hora
1283 5472 1474 5544 crucis.
1532 5469 1861 5530 Concinnius
1918 5476 1972 5532 in
2031 5494 2135 5536 ms.

551 5541 995 5626 horis,_r_timirtim
1020 5560 1050 5598 a
1072 5553 1225 5600 sexta
1253 5543 1320 5598 ad
1347 5544 1735 5626 nonani-Marci.
1753 5561 1847 5626 xv,
1869 5547 1958 5626 55.

622 5613 702 5739 (b)
727 5615 894 5698 Magis
925 5617 1159 5684 placeret
1185 5627 1392 5671 mortua
1413 5657 1426 5679 ,
1457 5615 1665 5672 scilicet
1685 5615 1936 5698 _Tabytha
1963 5661 1978 5686 ,
2017 5635 2143 5702 quae

643 5696 802 5741 uncta
829 5687 1112 5742 vtduarum
1159 5701 1224 5744 ac
1265 5703 1581 5746 pauperum.
1609 5687 1802 5746 uutbtts
1844 5704 2006 5746 onem
2037 5708 2138 5746 tm-

549 5684 802 5741 defuncta
820 5684 1112 5742 'viduarum
1159 5701 1224 5744 ac
1265 5703 1581 5758 pauperum.
1609 5684 1822 5755 quibus
1844 5684 2006 5761 opem
2035 5684 2138 5750 im-

557 5756 840 5844 pendebat,
864 5759 1112 5830 lacrymis
1141 5759 1348 5816 reddita
1380 5769 1464 5817 est
1493 5762 1616 5818 Act.
1649 5775 1725 5828 rx,
1754 5759 1842 5816 56.

2244 4390 2450 4437 tantum
2500 4381 2791 4448 Dominus,
2834 4380 2929 4436 sed
2975 4379 3135 4436 etiam
3170 4379 3223 4433 in
3257 4377 3364 4436 hoc
3404 4379 3609 4436 eodem
3645 4377 3810 4449 psam

2246 4477 2318 4531 ita
2348 4476 2584 4548 loquitur
2608 4518 2623 4544 ,
2653 4475 2868 4532 dicens:
2903 4474 3025 4528 Non
3069 4483 3144 4527 est
3173 4472 3499 4526 occultatum
3524 4489 3580 4526 os
3629 4485 3812 4526 meme

2249 4577 2315 4634 te,
2343 4569 2481 4639 quod
2509 4569 2674 4640 fecisti
2695 4567 2749 4621 in
2777 4567 3009 4622 occulto:
3033 4574 3078 4619 et
3099 4564 3386 4619 substantia
3415 4581 3532 4619 mea
3559 4566 3615 4618 in
3644 4563 3812 4632 inferre

2248 4661 2389 4717 ribus
2416 4671 2582 4716 teme.
2630 4659 2746 4716 Non
2779 4661 2830 4714 itt
2864 4657 3108 4720 inferno,
3159 4658 3302 4712 sicut
3339 4660 3600 4727 superius
3631 4672 3746 4712 cum
3769 4655 3811 4706 de

2251 4756 2502 4827 passione
2532 4755 2832 4820 tractabat,
2861 4752 2956 4808 sed
2986 4753 3039 4806 in
3063 4752 3394 4823 inferioribus
3426 4762 3580 4806 terrm
3604 4793 3618 4814 ,
3644 4749 3812 4806 etimit

2250 4849 2502 4906 revelatis
2527 4863 2558 4902 a
2585 4848 2742 4902 Patre
2767 4862 2888 4918 qua:
2919 4847 2973 4901 in
2999 4845 3211 4902 occulto
3242 4844 3464 4900 fuerant
3494 4844 3811 4915 pradicabat.

2249 4943 2530 5000 Occultum
2557 4949 2736 4996 autem
2769 4939 2943 4994 fuerat
2969 4977 2985 5004 ,
3015 4937 3158 5008 quod
3188 4947 3272 4993 est
3314 4936 3568 4993 Christus
3591 4938 3642 4991 in
3670 4933 3811 4991 nobis.

2251 5037 2303 5093 id
2333 5045 2436 5102 est,
2465 5035 2752 5092 substantia
2773 5051 2885 5088 mea
2909 5035 2963 5087 in
2985 5033 3312 5104 inferioribus
3331 5043 3520 5096 terrae;
3544 5032 3603 5087 in
3631 5031 3811 5086 inferio

2250 5129 2399 5185 ribus
2421 5129 2631 5184 scilicet
2646 5127 2885 5183 omnium
2911 5125 3235 5180 humilitatis
3254 5123 3470 5180 ofﬁciis.

2321 5222 2407 5279 32.
2440 5221 2810 5295 Imperfectum
2841 5219 3120 5275 secundum
3141 5220 3241 5272 vim
3271 5220 3430 5290 grceci
3459 5219 3810 5282 scrutariam

2247 5317 2358 5374 Deo
2383 5317 2634 5374 convenit.
2662 5345 2735 5356 —
2764 5313 3013 5371 Procedit
3068 5312 3267 5369 deinde
3296 5314 3598 5370 secundum
3635 5313 3812 5384 profct-

2324 5475 2396 5550 (c)
2427 5475 2607 5550 Prima
2636 5473 2725 5550 ed.
2755 5472 2973 5550 ParLex
2991 5487 3093 5526 ms.
3119 5470 3244 5550 Mic.
3270 5473 3474 5526 intima:
3499 5471 3806 5550 cogitatio-is.

2346 5542 2402 5615 ά)
2433 5547 2577 5602 Editi
2599 5586 2613 5607 ,
2638 5545 2758 5615 quia
2786 5543 2929 5615 nobis
2949 5560 2968 5598 :
2988 5542 3352 5615 emendantur
3376 5559 3444 5599 ex
3477 5542 3577 5599 ms.
3609 5543 3728 5598 Hic.

2345 5613 2393 5682 ei
2426 5613 2761 5672 Miciacensis
2782 5614 2953 5669 codex
2969 5655 2985 5682 ,
3015 5613 3191 5668 dicens
3217 5615 3272 5668 in
3293 5613 3556 5670 Ecclesia.

2342 5688 2396 5762 f)
2422 5689 2480 5744 ln
2506 5687 2735 5760 vulgatis
2783 5684 2971 5762 deerat
2995 5700 3202 5740 meum:
3227 5685 3378 5759 quod
3421 5687 3719 5760 postulante
3741 5700 3804 5738 εις

2247 5757 2351 5820 cro
2363 5757 2519 5818 textu
2541 5757 2738 5816 ρκ’ῐηε.
2766 5757 3094 5828 supplemus.
