3896 6336
52 324 156 381 809

1063 316 1477 376 TRACTATUS
1522 318 1584 376 IN
1641 316 1958 378 CXXXVIII
1998 316 2348 381 PSALMUM.

3247 325 3352 384 810

57 449 166 494 tum
197 435 568 509 evangelicum
596 449 774 491 sermo
796 435 986 504 psalmi
1016 477 1030 500 ,
1055 417 1177 491 cum
1207 436 1303 505 ait,
1334 436 1500 493 Vens.
1534 436 1600 491 16
1630 452 1644 490 :
1674 437 1726 495 A
1755 437 1817 492 Si
1845 454 1964 509 ergo
1988 438 2157 494 lumen
2176 439 2314 509 quod
2333 438 2388 492 in
2417 444 2464 492 te
2490 443 2561 493 est
2582 438 2797 495 tenebrat
2821 444 2960 507 sunt,
2993 439 3210 498 tenebrte
3232 443 3360 507 ipsa

59 531 429 605 Imperfectum
455 549 617 587 meum
663 533 897 588 viderunt
927 535 1061 588 oculi
1088 536 1162 589 tui
1188 577 1203 600 ,
1259 545 1306 590 et
1335 536 1387 590 in
1411 535 1544 590 libro
1575 544 1660 588 tuo
1764 542 1970 602 quanta:
1987 543 2135 587 erunt
2164 531 2345 606 (Matt.
2372 547 2452 599 vt,
2485 533 2557 587 ξε
2584 545 2632 588 et
2659 532 2791 602 25)?
2820 533 2986 590 Extra
3017 536 3360 604 corporalem

57 641 232 681 omnes
253 626 542 681 scribentur
565 641 585 680 :
614 626 697 681 die
715 627 1082 698 replebuntur,
1113 639 1160 683 et
1184 645 1331 684 nemo
1354 629 1407 684 in
1439 627 1538 684 his.
1569 631 1662 683 At-

57 733 164 788 que
193 725 249 772 ut
283 719 466 772 omnia
492 717 789 774 secundum
819 718 1121 775 doctrinam
1142 720 1428 778 caelestem
1462 720 1665 776 intelli-

56 826 190 884 gere
217 812 506 882 possimus,
540 811 593 867 id
623 810 768 884 quod
790 812 1164 870 difficultatem
1194 814 1351 872 affert
1380 814 1666 870 absolven-

1767 623 2174 692 intelligentiam
2207 624 2360 681 locus
2388 623 2491 679 iste
2537 633 2622 680 cst
2653 640 2667 689 ;
2707 633 2762 681 et
2816 625 3020 680 idcirco
3045 625 3365 696 spiritaliter

1769 714 2149 786 intelligendus
2175 722 2279 772 est.
2339 715 2588 786 Apostoli
2621 716 2801 787 itaque
2845 717 2936 787 qui
2970 716 3231 773 Ecclesia
3261 759 3277 784 ,
3307 717 3363 773 id

1768 817 1852 865 est
1879 849 1896 876 ,
1926 808 2126 866 Christi
2156 809 2403 882 corporis
2427 807 2568 865 oeuli
2593 819 2720 865 sunt
2753 852 2768 877 ,
2824 809 2988 866 lucidi
3014 817 3071 867 et
3091 811 3368 880 simplices

57 903 190 961 dum
217 911 320 962 est.
367 903 520 974 Quod
546 905 688 962 enim
723 907 876 962 latini
923 908 1275 964 translatores
1309 909 1662 980 imperfectum
1765 901 2030 972 jubentur
2058 916 2202 969 esse,
2242 917 2479 975 corpore
2507 909 2624 958 toto
2654 902 2832 959 lucido
2889 903 2972 959 his
3030 903 3366 974 simplicibus

60 1005 402 1075 interpretati
463 1013 626 1072 sunt,
696 1004 828 1061 idin
857 1005 1054 1077 gracis
1083 1005 1236 1060 libris
1284 1007 1668 1084 ἀκατὲργαστον

59 1097 364 1154 scribitur:
409 1097 518 1155 Nec
547 1100 826 1169 querimur
863 1099 932 1155 de
967 1100 1378 1158 translatoribus
1409 1119 1423 1156 :
1472 1115 1671 1157 vereor

63 1194 213 1250 enim
246 1209 316 1249 ne
347 1209 455 1250 non
486 1193 652 1250 aliter
681 1194 979 1266 signiﬁcari
1004 1195 1072 1250 ab
1100 1195 1184 1252 his
1209 1195 1470 1267 potuerit.
1493 1193 1548 1251 ld
1576 1211 1670 1251 au-

65 1295 203 1353 tem,
228 1286 370 1359 quod
397 1302 572 1358 grace
602 1296 685 1343 est
709 1290 1088 1366 ἀγατέρσγαστον
1113 1331 1128 1357 ,
1161 1289 1428 1359 signiﬁcat
1454 1289 1505 1344 id
1527 1289 1672 1360 quod

1771 1012 2058 1054 mansuro:
2083 999 2129 1054 si
2157 1007 2338 1056 autem
2366 1013 2596 1072 nequam
2623 997 2862 1065 fuerint,
2890 1006 3003 1054 toto
3021 1013 3252 1070 corpore
3277 1013 3371 1056 ne-

1771 1093 2010 1150 cessario
2033 1091 2322 1150 tenebroso
2343 1091 2524 1149 futuro
2556 1109 2572 1158 ;
2605 1091 2749 1148 nulla
2775 1091 2981 1149 scilicet
3003 1093 3245 1154 tenebris
3274 1107 3373 1162 spe
3441 1119 3448 1126 ε

1771 1185 1993 1242 luminis
2019 1185 2231 1242 residua
2254 1226 2271 1252 ,
2322 1185 2368 1243 si
2395 1186 2578 1243 lumen
2609 1186 2784 1256 ipsum
2828 1185 2883 1241 in
2916 1185 3154 1242 tenebris
3176 1187 3265 1242 sit.
3291 1187 3373 1242 Ex

1773 1294 1902 1353 quo,
1922 1281 2126 1352 ingenti
2155 1279 2415 1352 periculo,
2443 1280 2754 1336 sacerdotes
2799 1280 2890 1350 qui
2928 1280 3187 1336 Ecclesia
3229 1279 3374 1337 oculi

67 1381 188 1435 sine
222 1380 482 1452 (passive)
532 1381 850 1451 operatione
906 1388 1160 1437 maneat:
1194 1393 1251 1436 ut
1273 1383 1344 1437 sit
1367 1381 1417 1436 id
1446 1383 1619 1452 ipsum
1652 1423 1670 1450 ,
1776 1384 1925 1442 sunt,
1955 1377 2185 1447 negotiis
2205 1377 2412 1445 saeculi,
2433 1377 2576 1432 curis
2595 1376 2842 1448 pecunia
2859 1385 2913 1431 et
2935 1375 3276 1430 familiarium
3293 1389 3379 1430 re-

70 1487 194 1528 cum
223 1471 420 1529 factum
450 1481 628 1529 tamen
676 1489 781 1530 non
809 1473 900 1528 sit.
949 1472 1320 1546 Imperfectum
1368 1482 1546 1530 autem
1579 1490 1674 1528 no-
1777 1484 1896 1524 rum
1929 1469 2294 1533 incrementis,
2319 1476 2374 1524 et
2399 1468 2768 1524 conviviorum
2791 1453 3000 1524 luxibus
3017 1476 3372 1538 occupantur.

71 1565 286 1622 biseum
319 1565 370 1620 id
390 1566 762 1631 demonstrat,
787 1566 930 1638 quod
972 1575 1232 1637 captum,
1275 1581 1376 1622 nec
1421 1580 1677 1623 consum-
1780 1561 2040 1618 Ecclesia
2068 1562 2210 1618 enim
2239 1563 2420 1618 lumen
2466 1569 2612 1629 sunt,
2659 1561 2711 1616 id
2739 1570 2860 1626 est,
2909 1561 3152 1632 corporis
3201 1559 3370 1616 oculi.

73 1667 278 1714 malum
301 1659 395 1714 sit.
427 1657 531 1716 Sed
563 1660 606 1713 si
633 1659 862 1715 interius
887 1659 1040 1716 verbi
1073 1658 1232 1729 hujus
1258 1658 1518 1715 virtutem
1552 1675 1679 1728 per—
1781 1655 1850 1710 Et
1901 1654 1946 1709 si
1972 1653 2153 1710 lumen
2195 1656 2368 1725 ipsum
2423 1654 2663 1712 avaritia
2711 1666 2766 1711 et
2809 1655 3044 1712 lascivia
3092 1664 3253 1712 nocte
3294 1663 3378 1711 te-

75 1758 377 1808 tractemus
402 1792 418 1817 ,
444 1759 627 1824 potest
658 1766 765 1806 non
800 1751 874 1823 (a)
906 1767 1035 1808 sane
1065 1767 1092 1806 a
1120 1753 1414 1824 gracitatis
1437 1755 1681 1824 proprie-
1781 1750 2101 1816 nebrescat;
2161 1750 2377 1821 corpori
2426 1749 2479 1805 id
2527 1758 2649 1818 est,
2723 1749 2806 1823 (ά)
2854 1750 3112 1806 Ecclesia
3153 1749 3238 1805 cui
3284 1762 3383 1820 per

77 1851 190 1900 tate
211 1859 336 1900 esse
366 1844 666 1900 diversum.
700 1843 813 1900 Deo
841 1853 1020 1901 autem
1061 1845 1160 1900 soli
1192 1847 1470 1918 pr0prium
1505 1855 1685 1918 potest
1713 1843 1762 1904 B
1791 1859 1885 1914 per
1909 1854 2156 1900 naturam
2188 1858 2339 1899 suam
2366 1844 2608 1899 tenebra
2635 1853 2762 1899 sunt
2782 1885 2796 1908 ,
2819 1852 3034 1914 quanta
3061 1843 3282 1913 insuper
3302 1851 3387 1898 te-

78 1951 227 2003 csse,
253 1949 311 1992 ut
341 1939 433 2002 sit,
456 1945 511 1992 et
532 1937 763 1992 inlectus
788 1938 888 1992 sit:
909 1938 1031 2008 quia
1059 1937 1203 2009 quod
1221 1950 1321 2004 est,
1341 1955 1446 1994 non
1469 1948 1553 1994 est
1583 1954 1679 1996 ne-
1784 1937 1969 1993 nebra
1997 1937 2065 1992 de
2088 1937 2340 2009 exemplo
2366 1936 2640 1994 tenebrosi
2671 1936 2890 1994 luminis
2919 1937 3242 1994 invebentur
3269 1937 3293 1989 ?
3320 1934 3388 1991 Hi

77 2031 355 2086 cessitatis
388 2037 446 2084 ut
471 2031 559 2083 liat
583 2045 597 2095 ;
621 2027 766 2100 quod
797 2039 978 2084 autem
1006 2029 1096 2093 sit,
1130 2045 1236 2084 non
1270 2040 1540 2100 estquam
1564 2030 1676 2087 liat.
1782 2047 1913 2102 ergo
1930 2031 2591 2104 oculiejusimperfectum
2609 2031 2701 2087 Dei
2720 2030 2988 2087 viderunt.
3007 2030 3386 2102 Imperfectum

75 2121 186 2179 Sed
216 2122 313 2194 qui
339 2131 577 2179 alernus
601 2131 687 2178 est
717 2163 732 2187 ,
765 2130 983 2189 manet,
1037 2137 1210 2192 neque
1237 2121 1412 2179 factus
1435 2133 1538 2179 est.
1571 2125 1684 2182 Hoc
1785 2135 1964 2184 autem
1997 2128 2091 2182 Dei
2122 2125 2376 2193 diximus,
2395 2125 2541 2197 quod
2573 2125 2770 2181 factum
2797 2142 2901 2182 non
2925 2125 3018 2191 sit,
3051 2131 3384 2181 etmaneat:

81 2232 218 2286 ergo
247 2215 647 2286 imperfectum,
672 2223 758 2282 et,
783 2225 838 2270 ut
889 2216 954 2269 ad
986 2215 1354 2286 intelligentia
1385 2217 1685 2287 profectum
1788 2222 1842 2278 in
1881 2238 1990 2295 quo
2019 2222 2294 2278 aternitas
2317 2221 2527 2278 infecta
2554 2222 2849 2279 divinitatis
2880 2220 3205 2279 ostenditur.

78 2309 271 2366 dicere
297 2307 609 2373 audeamus,
634 2309 973 2379 inoperatum
998 2307 1089 2362 Dei
1112 2309 1252 2363 oculi
1280 2308 1398 2378 ejus
1412 2309 1679 2365 viderunt.

1861 2324 1954 2380 '55.
1987 2323 2222 2392 Apostoli
2255 2321 2465 2377 Patrem
2483 2322 2716 2377 viderunt
2740 2323 2792 2377 in
2821 2322 2978 2378 Filio.
3030 2323 3154 2378 Non
3181 2339 3272 2393 per
3300 2340 3394 2378 na-

156 2403 249 2461 35.
279 2400 647 2473 Imperfectum
681 2401 823 2457 enim
846 2409 990 2456 tuum
1015 2401 1248 2457 uiderunt
1274 2401 1412 2456 oculi
1438 2402 1556 2456 mei.
1583 2400 1679 2458 Sed

1794 2425 1946 2482 tum,
1987 2416 2076 2470 sed
2107 2433 2196 2485 per
2216 2432 2429 2484 operum
2460 2416 2958 2487 contetnplationem.
2989 2447 3058 2456 —-
3082 2415 3186 2472 Sed
3218 2415 3399 2472 audax

79 2497 177 2568 qui
198 2495 415 2551 tandem
431 2495 571 2550 oculi
590 2493 894 2565 ‘lNumquid
925 2495 1190 2566 spiritales
1221 2494 1432 2568 (divini)
1453 2495 1553 2561 illi,
1572 2494 1679 2565 qui-

1795 2506 1936 2563 forte
1963 2516 2066 2570 est,
2087 2507 2161 2578 (ε)
2189 2517 2249 2563 ιιι
2278 2507 2658 2563 ininitiabilem
2689 2508 2833 2562 illam
2852 2508 2947 2563 Dei
2979 2507 3150 2578 patris
3179 2505 3398 2564 aterni—

81 2590 193 2646 bus
215 2590 384 2646 Deum
409 2588 621 2645 Patrem
640 2588 786 2643 solus
806 2587 1321 2658 Unigenitusvidetl
1343 2587 1450 2644 Sed
1477 2586 1565 2643 isti
1586 2601 1693 2642 non
1799 2607 1961 2654 tatem
1985 2599 2155 2654 visam
2188 2598 2256 2652 ab
2281 2599 2540 2670 apostolis
2592 2612 2900 2654 asseramus
2928 2617 2942 2665 ς
2991 2599 3230 2655 maxime
3272 2613 3399 2655 cum

83 2692 257 2757 egent
311 2683 396 2739 his
423 2699 546 2755 qua
584 2691 925 2756 sequuntur:
968 2681 1035 2737 Et
1072 2682 1302 2749 iulibro,
1344 2681 1557 2752 inquit,
1609 2690 1679 2736 tut

1799 2691 2000 2748 dictum
2032 2691 2144 2758 sit,
2177 2691 2343 2747 Deum
2400 2705 2561 2746 nemo
2613 2691 2744 2746 vidit
2792 2705 3026 2761 unquam
3061 2733 3076 2757 ,
3130 2689 3232 2746 nisi
3279 2690 3405 2746 uni-

82 2797 266 2837 omnes
293 2780 602 2847 scribentur,
633 2780 717 2836 die
741 2779 1093 2850 replebantur,
1123 2788 1171 2834 et
1193 2767 1336 2833 nemo
1360 2778 1416 2833 in
1439 2779 1541 2832 his.
1566 2776 1679 2832 Pro

1801 2784 2011 2857 genitus
2039 2783 2208 2840 Filius
2232 2783 2320 2854 qui
2363 2791 2447 2839 est
2479 2784 2531 2839 in
2557 2783 2677 2838 sinu
2706 2782 2896 2837 Patris'
2927 2781 3142 2851 (Joann.
3178 2799 3198 2839 ι
3225 2826 3241 2850 ,
3280 2781 3400 2854 18).

85 2876 297 2933 fectum
330 2873 731 2930 indemutabilis
760 2872 850 2928 illa
893 2872 1154 2946 unigeniti
1212 2873 1308 2929 Dei
1364 2881 1553 2928 natura
1582 2887 1696 2927 non
1804 2880 1910 2938 Sed
1935 2879 2068 2936 nihil
2097 2889 2341 2934 nostrum
2363 2877 2615 2944 dicimus,
2643 2875 2776 2932 nihil
2807 2876 2978 2932 audax
3008 2877 3406 2946 praedicamus;

86 2972 320 3042 expetit.
356 2969 425 3024 Et
472 2969 563 3040 qui
597 2967 813 3023 tandem
865 2968 915 3023 ei
937 2966 1042 3022 crit
1070 2967 1340 3038 profectus
1374 3007 1388 3032 ,
1433 2973 1492 3021 ut
1511 2979 1701 3021 omnes
1804 2972 1948 3030 dicat
1973 2972 2064 3028 ille
2090 2972 2181 3043 qui
2213 2970 2396 3026 dixit:
2459 2971 2558 3036 Qui
2590 2986 2669 3024 me
2715 2969 2880 3034 vidit,
2927 2969 3053 3025 vidit
3096 2979 3144 3026 et
3192 2969 3406 3026 Patrem

87 3067 240 3122 oculi
270 3063 390 3135 ejus
412 3064 463 3120 in
487 3065 624 3120 libro
653 3062 977 3126 scribantur,
1007 3070 1062 3118 et
1082 3061 1170 3118 die
1190 3063 1522 3132 repleantur,
1553 3071 1612 3116 ut
1647 3061 1701 3115 in
1806 3065 2020 3134 (Jaann.
2053 3079 2140 3119 xw
2170 3105 2184 3129 ,
2211 3061 2290 3136 9),
2339 3077 2444 3119 non
2475 3063 2649 3133 ipsum
2698 3077 2759 3118 se
2786 3061 3002 3118 Patrem
3043 3076 3166 3119 esse
3199 3062 3408 3132 signiti-

89 3160 182 3216 ltis
212 3173 374 3216 nemo
413 3158 536 3214 sit?
588 3157 702 3214 Hoc
731 3165 904 3214 totum
945 3155 1398 3214 contumeliosum
1447 3163 1503 3210 et
1531 3155 1704 3226 impu-
1807 3174 1957 3216 cans.
1977 3157 2094 3214 Non
2117 3157 2260 3213 enim
2288 3157 2500 3228 roganti
2527 3155 2778 3227 Philippo
2794 3165 2849 3210 ut
2873 3156 2972 3211 sibi
2991 3155 3205 3212 Patrem
3225 3163 3412 3211 osten-

91 3253 242 3310 dens
269 3259 356 3308 est
377 3252 608 3322 opinari.
1734 3239 1780 3304 C
1811 3251 2002 3318 deret,
2036 3249 2478 3321 reSpondit:Ego
2505 3249 2664 3304 l‘ater
2685 3264 2804 3304 sum
2838 3265 2853 3314 ;
2883 3248 2976 3304 sed
3007 3249 3119 3304 ait:
3163 3247 3264 3314 Qui
3283 3248 3412 3303 vidit

171 3347 268 3403 δι.
316 3344 465 3400 Oculi
494 3346 726 3417 corporis
775 3345 989 3414 Christi,
1029 3345 1253 3416 apostoli
1302 3353 1350 3399 et
1397 3341 1705 3398 sacerdotes.
1813 3363 1911 3412 me,
1943 3345 2069 3400 vidit
2090 3353 2140 3400 et
2161 3343 2390 3398 Patrem.
2415 3342 2518 3398 Per
2545 3341 2900 3399 indiﬂ'erentis
2928 3350 3133 3398 natura
3157 3342 3414 3400 virtutem

97 3439 306 3494 Contra
350 3438 468 3493 illos
519 3439 607 3510 qui
633 3439 851 3510 negotiis
899 3437 1079 3493 seculi
1105 3444 1443 3508 occupantur.
1488 3463 1558 3476 -υ-
1600 3433 1708 3491 Sed
1815 3450 1960 3502 eum,
1986 3436 2054 3491 de
2081 3451 2191 3507 quo
2216 3433 2561 3506 quarebatur
2587 3477 2601 3500 ,
2630 3433 2844 3489 Patrem
2864 3433 3102 3504 conspici
3134 3443 3188 3489 et
3209 3435 3262 3489 in
3293 3450 3417 3494 sese

97 3530 568 3606 quemadmodum
599 3530 710 3587 ossi
738 3532 878 3602 ejus,
905 3531 956 3585 in
981 3545 1088 3602 quo
1115 3529 1371 3585 Ecclesia
1397 3542 1598 3598 corpus
1619 3541 1712 3583 os-
1817 3530 1890 3603 (f)
1931 3545 2054 3587 esse
2082 3532 2362 3602 respondit
2391 3551 2403 3586 :
2455 3541 2510 3588 et
2539 3531 2589 3587 id
2616 3531 2793 3587 adhuc
2821 3531 3123 3588 absolutius
3144 3532 3416 3603 subjecit:

100 3625 377 3693 tenditur,
424 3639 546 3695 qua
581 3625 792 3680 occulta
835 3633 988 3680 erant
1021 3637 1127 3678 non
1149 3622 1414 3678 occultata
1437 3630 1564 3677 sunt
1592 3638 1607 3688 ;
1641 3621 1714 3677 ita
1823 3624 2093 3692 Quomodo
2122 3637 2176 3681 tu
2203 3628 2332 3682 dicis
2367 3669 2381 3694 ,
2417 3626 2641 3682 Ostende
2677 3627 2822 3684 nobis
2852 3625 3070 3681 Patrem
3096 3627 3123 3681 l’
3154 3625 3276 3682 Non
3301 3642 3419 3683 cre-

97 3719 257 3778 oculi
314 3721 431 3789 ejus
461 3717 566 3775 hoc
605 3717 748 3790 quod
772 3717 1148 3788 imperfectum
1205 3716 1300 3771 Dei
1327 3725 1413 3772 est
1441 3715 1712 3771 viderunt.
1824 3718 1904 3772 dis
1933 3719 2058 3773 mihi
2079 3761 2107 3786 ,,
2157 3719 2399 3792 quoniam
2429 3737 2522 3791 ego
2550 3719 2604 3774 in
2628 3718 2787 3775 Patre
2837 3728 2888 3775 et
2920 3719 3076 3774 Pater
3103 3719 3159 3774 in
3186 3736 3266 3775 me
3289 3728 3364 3776 est
3391 3719 3419 3775 2

100 3816 180 3870 Os
212 3823 396 3870 autem
419 3811 486 3868 ad
517 3812 812 3868 Ecclesiam
839 3811 1050 3878 referri,
1070 3827 1190 3883 qua
1209 3825 1406 3881 corpus
1432 3819 1517 3866 est
1534 3809 1716 3866 Cbris-
1832 3811 1999 3867 Verba
2017 3857 2031 3879 ,
2079 3828 2195 3884 qua:
2219 3829 2314 3885 ego
2360 3814 2541 3884 loquor
2567 3813 2707 3868 vobis
2727 3853 2744 3880 ,
2773 3830 2876 3869 non
2893 3831 2926 3868 a
2953 3830 3035 3868 me
3060 3813 3238 3886 loquar
3270 3829 3290 3868 :
3333 3813 3427 3869 sed

103 3908 151 3963 ti
188 3949 213 3976 ,
244 3907 502 3976 superius
523 3903 922 3960 admonuimus.
954 3904 1011 3960 In
1038 3919 1267 3974 corpore
1282 3918 1412 3959 vero
1437 3901 1514 3974 (ὁ)
1534 3903 1722 3958 oculos
1830 3908 1988 3964 Pater
2014 3951 2029 3976 ,
2061 3910 2150 3975 qui
2179 3909 2232 3962 in
2258 3925 2337 3963 me
2361 3917 2532 3963 manet
2558 3952 2573 3975 ,
2608 3909 2718 3978 ipse
2741 3909 2861 3979 facit
2897 3925 3050 3982 opera
3073 3924 3190 3962 sua.
3218 3906 3425 3963 Credite

103 3997 436 4072 principalis
479 4012 601 4054 esse
639 3997 800 4052 oflicii
848 4012 913 4052 ac
955 3995 1168 4052 virtutis
1201 4037 1217 4064 ,
1247 3997 1448 4052 nemini
1500 3995 1724 4052 dubium
1830 4003 1958 4056 mihi
1979 4003 2217 4074 quoniam
2249 4018 2343 4073 ego
2374 4003 2426 4056 in
2467 4001 2624 4055 Patre
2653 4011 2700 4054 et
2725 4000 2882 4056 Pater
2901 4003 2954 4056 in
2981 4019 3080 4057 me.
3108 4001 3204 4056 Sin
3235 4010 3430 4068 autem,

102 4102 196 4151 est
217 4133 230 4145 .
287 4091 353 4146 Et
396 4091 521 4162 quia
552 4089 693 4146 oculi
745 4090 983 4162 potiores
1011 4090 1224 4145 cateris
1255 4087 1514 4143 membris
1557 4096 1682 4142 sunt
1709 4128 1724 4153 ,
1833 4097 1911 4152 υει
1931 4105 2138 4167 propter
2161 4111 2316 4167 opera
2331 4094 2522 4148 credite
2539 4092 2756 4164 (Joann.
2780 4108 2892 4157 xw,
2915 4093 2948 4148 9
2970 4091 3215 4164 etseqq.).
3239 4091 3436 4163 Arguit

107 4187 169 4243 in
213 4183 306 4240 his
346 4184 624 4255 apostolos
672 4182 963 4254 signiﬁcari
1007 4198 1114 4238 non
1167 4181 1547 4252 ambigendum
1594 4189 1676 4237 est
1711 4198 1726 4236 ε
1835 4203 1945 4244 non
1980 4186 2369 4258 intelligentem
2398 4194 2450 4240 et
2494 4183 2671 4238 adhuc
2695 4183 2764 4239 de
2797 4184 2955 4238 Patre
2981 4191 3337 4251 quaerentem,
3379 4189 3439 4240 et

115 4295 221 4347 per
251 4291 394 4349 quos
422 4275 603 4331 lumen
649 4274 905 4332 Ecclesia
957 4275 1028 4348 (c)
1071 4283 1128 4330 et
1175 4274 1508 4346 operationis
1551 4274 1679 4328 divit

1840 4301 1936 4356 per
1965 4263 2191 4354 operum
2217 4279 2564 4337 efﬁcientiam
2583 4278 2838 4333 virtutem
2871 4277 3114 4334 Patrisin
3142 4278 3438 4350 Unigenito

115 4371 394 4442 mysteria
451 4368 779 4440 prabentut‘.
831 4369 987 4439 Quod
1026 4369 1191 4442 578
1252 4368 1512 4425 Dominus
1565 4369 1737 4423 ulani-
1841 4394 1948 4434 non
1971 4375 2535 4433 contuentem.Manet
2562 4371 2706 4428 enim
2732 4371 3048 4445 (addendum
3076 4373 3159 4428 hic
3189 4416 3204 4441 ,
3238 4374 3292 4430 in
3322 4375 3440 4448 eo.)

116 4461 348 4519 festein
379 4462 681 4534 Evangeliis
709 4462 966 4518 ostendit.
1024 4462 1266 4533 Namque
1293 4477 1418 4519 cum
1454 4461 1740 4530 apostolos
1846 4471 2025 4526 pater.
2053 4465 2153 4524 Est
2191 4483 2425 4538 namque
2469 4466 2683 4538 genitus
2735 4479 2802 4520 ex
2841 4479 2908 4519 eo
2937 4503 2952 4525 .
3000 4479 3107 4520 non
3153 4473 3240 4521 est
3269 4467 3324 4522 in
3372 4480 3446 4524 eo

119 4555 207 4611 sal
259 4562 446 4624 teme,
482 4555 664 4610 lumen
691 4555 898 4622 mundi.
929 4563 986 4612 el
1011 4555 1284 4612 lucernam
1312 4554 1506 4610 domus
1535 4554 1589 4609 in
1615 4569 1744 4609 (2³η-
1848 4578 2003 4620 nova
2032 4560 2323 4619 creationis
2346 4559 2521 4615 aliena
2551 4566 2764 4613 natura.
2794 4557 3008 4614 Virtute
3034 4558 3174 4616 illius
3203 4569 3326 4626 est,
3357 4559 3447 4616 di-

119 4649 368 4708 delabro
412 4649 483 4705 ob
521 4651 733 4722 egregia
779 4660 835 4706 et
861 4649 1247 4721 conspicabilis
1303 4647 1406 4720 (ad
1456 4663 1742 4721 compara-
1766 4642 1822 4705 D
1847 4654 2073 4710 vinitate
2103 4653 2245 4708 filius
2273 4659 2389 4719 est,
2409 4649 2709 4708 substantia
2729 4650 2893 4722 579
2912 4649 3055 4706 illius
3083 4660 3187 4718 est,
3212 4667 3447 4724 genera-

120 4745 306 4801 tionis
362 4741 690 4816 exemplum)
745 4741 867 4798 lidei
939 4759 1051 4799 sua
1102 4757 1265 4812 opera
1336 4752 1743 4814 nuncupasset;
1855 4749 2000 4804 tione
2028 4746 2168 4801 illius
2188 4754 2289 4802 est.
2342 4745 2518 4816 Opera
2552 4750 2841 4808 testantur,
2886 4750 3180 4812 potestates
3222 4744 3454 4814 loquun-

125 4851 370 4895 rursum
393 4850 595 4892 vocans
640 4851 734 4892 eos
759 4851 788 4890 a
821 4837 1050 4892 terrenis
1087 4845 1142 4892 et
1161 4836 1605 4906 corruptibilibus
1629 4836 1751 4894 the-
1857 4852 1942 4899 tur
1968 4885 1981 4907 ,
2005 4856 2102 4912 per
2128 4848 2334 4895 natura
2365 4836 2676 4910 progeniem
2709 4837 2761 4891 in
2793 4835 2906 4892 tilio
2930 4835 3144 4892 Patrem
3175 4852 3300 4894 esse
3327 4877 3344 4904 ,
3397 4844 3456 4894 et

123 4932 328 4990 sauris
351 4931 642 4987 etasaculi
668 4929 852 4995 lucris,
878 4931 1195 4986 esseoculos
1217 4931 1463 5000 corporis
1483 4931 1625 4986 dixit
1646 4931 1750 4986 ita:
1858 4951 1956 5006 per
1984 4934 2238 5006 legitima
2290 4931 2516 5002 originis
2546 4930 2908 4986 substantiam
2963 4930 3155 4986 Filium
3186 4930 3239 4985 in
3285 4930 3448 4988 Patre

126 5025 396 5082 Lucerna
418 5027 644 5098 corporis
670 5026 748 5079 tui
766 5035 834 5080 est
853 5025 1031 5080 oculus
1045 5035 1182 5080 tuus.
1204 5023 1264 5082 Si
1290 5027 1470 5081 oculus
1497 5027 1755 5081 tuussim-
1861 5042 2002 5084 esse.
2027 5026 2144 5083 Non
2173 5024 2424 5081 dissentit
2448 5023 2566 5078 hac
2593 5023 2671 5096 (g)
2695 5023 2764 5078 ab
2796 5022 3036 5094 ingenito
3080 5031 3200 5077 nata
3231 5037 3459 5094 genero-

128 5122 272 5194 plex
302 5127 400 5183 est,
419 5127 578 5171 totum
599 5134 783 5188 corpus
801 5127 942 5172 tuum
966 5119 1063 5172 erit
1084 5117 1312 5172 lucidum
1339 5135 1356 5172 :
1381 5120 1424 5173 si
1445 5129 1614 5174 autent
1637 5135 1762 5174 ocu-
1862 5124 2002 5178 sitas
2037 5139 2052 5177 :
2110 5135 2274 5175 ttnum
2301 5117 2461 5173 ambo
2492 5126 2640 5173 sunt.
2672 5117 2830 5173 Pater
2861 5115 3073 5173 videtur
3105 5116 3155 5170 in
3186 5115 3327 5172 Filio
3359 5134 3372 5170 :
3407 5124 3464 5172 et

130 5215 229 5270 lus
261 5219 388 5265 tuus
404 5227 616 5282 nequam
632 5221 726 5278 est,
747 5220 904 5266 totum
922 5227 1108 5281 corpus
1139 5221 1282 5265 tuum
1302 5210 1622 5267 tenebrosum
1644 5213 1759 5268 erit.
1867 5212 2081 5268 videtur
2129 5224 2235 5266 non
2289 5224 2383 5281 per
2432 5207 2718 5264 invisibilis
2773 5208 2930 5264 nobis
2970 5215 3178 5264 natura
3217 5215 3466 5264 contem-

217 5355 286 5426 (a
337 5351 437 5407 Ms.
462 5352 584 5409 Mic.
609 5370 713 5408 non
736 5354 860 5408 satis
887 5354 1160 5425 grwcitatis
1227 5356 1522 5426 roprt'etate.

220 5351 316 5496 (βξ
347 5423 525 5479 Prima
553 5425 719 5480 editio
751 5427 871 5480 Par.
895 5441 1018 5481 cum
1055 5443 1157 5482 ms.
1186 5375 1308 5484 flio.
1361 5431 1522 5484 oculis

1865 5357 2079 5415 cateris
2101 5371 2233 5413 vero
2283 5356 2544 5413 membris
2576 5355 2852 5421 tenebra;
2912 5355 2986 5410 ita
3030 5355 3158 5412 etin
3184 5355 3468 5416 Ecclesia:

220 5423 316 5511 ςὺ)
339 5423 525 5511 Prima
553 5423 1018 5511 editioJ’arxum
1055 5443 1157 5511 ms.
1186 5423 1308 5484 Μεθ’.
1361 5431 1545 5484 oculis.
1601 5430 1758 5486 Anti-

1867 5446 1989 5502 qua
2012 5431 2144 5485 alias
2173 5443 2296 5484 cum
2325 5429 2504 5502 capite
2530 5437 2585 5484 et
2617 5427 3136 5502 membrisspectata
3172 5440 3470 5502 permatu-

137 5495 427 5573 quiores,
455 5496 693 5573 o_c_ulunt._
717 5495 1182 5573 Malumusaculos
1205 5515 1328 5555 cum
1363 5512 1654 5570 postrema.
1868 5495 1983 5558 ram
2010 5516 2160 5557 suam
2190 5516 2294 5556 non
2319 5495 2625 5565 tenebrosa,
2654 5498 2748 5555 sed
2768 5495 3216 5555 valdeluminoSa
3243 5499 3476 5556 dicenda

226 5567 320 5641 (c)
356 5565 454 5648 bis.
479 5567 604 5648 Mic.
626 5568 693 5622 ad
722 5568 1046 5639 operationis.
1071 5569 1234 5628 Forte
1265 5588 1326 5627 ac
1353 5565 1666 5644 operationis
1683 5575 1766 5627 di-
1873 5584 1982 5648 est.

140 5639 619 5712 vinaministeria.
754 5711 764 5712 ί
828 5711 837 5712 7
901 5710 912 5712 _
944 5711 947 5712 ν
1387 5639 1397 5644 ⁷
1943 5644 2014 5712 (ε)
2039 5642 2207 5708 Editi,
2244 5651 2300 5696 ut
2318 5642 2567 5697 initialem
2598 5641 2741 5695 illam
2767 5657 2780 5694 :
2806 5639 3164 5712 emendantur
3191 5657 3258 5698 ex
3288 5656 3392 5698 ms.

237 5710 334 5780 (ά)
355 5709 596 5764 Ecclesia
619 5711 880 5766 vocabulo
899 5710 988 5768 hic
1007 5727 1202 5785 corpus
1236 5714 1550 5783 intelligitur
1595 5724 1652 5768 ut
1683 5729 1772 5770 se-
1952 5709 2016 5784 'f)
2041 5713 2349 5780 Adjecimus
2377 5729 2484 5768 esse
2513 5727 2614 5768 ms.
2643 5710 2982 5766 auctoritate.

237 5793 388 5838 etum
411 5795 444 5834 a
469 5786 663 5852 capite,
691 5797 755 5836 ac
787 5789 1086 5853 praserttm
1112 5788 1178 5857 ab
1199 5786 1408 5857 oculis.
1437 5785 1515 5839 Ac
1555 5786 1696 5857 sicut
1717 5785 1772 5841 in
1947 5713 2028 5857 lg)
2054 5784 2108 5857 l_n
2132 5785 2380 5854 vulgatis,
2409 5783 2471 5838 ab
2492 5782 2754 5854 unlgenito
2784 5797 2803 5835 :
2829 5795 2982 5854 grave

144 5793 388 5840 cretum
411 5795 444 5834 a
469 5786 663 5852 capite,
691 5797 755 5836 ac
787 5789 1086 5853 praserttm
1107 5782 1178 5858 ab
1199 5782 1515 5858 oculis.jAc
1555 5786 1696 5858 sicut
1717 5785 1772 5841 in
1951 5782 2028 5858 (‘9')
2054 5784 2108 5858 l_n
2132 5785 2380 5854 vulgatis,
2409 5783 2471 5838 ab
2492 5782 2754 5854 unlgenito
2784 5797 2803 5835 :
2829 5795 2994 5854 grave
3024 5782 3306 5853 mendum,
3334 5784 3480 5858 quod

157 5861 416 5940 corpore
438 5861 626 5910 nostro
653 5869 750 5923 per
774 5863 1018 5910 naturam
1043 5856 1174 5912 solis
1201 5856 1372 5912 oculis
1399 5856 1579 5912 lumen
1603 5856 1767 5926 inest,
1881 5855 2172 5928 corrigitur
2192 5869 2294 5928 ope
2328 5869 2430 5912 ms.

590 5949 869 6010 Ρλτιιοι.
913 5949 1030 6012 IX.
1223 5980 1233 6031 -,

2967 5947 3048 6008 26
