3896 6336
517 324 634 382 815

1743 310 1984 370 SANCTI
2027 312 2283 372 lllLARll
2322 313 2628 376 EPISCOPI

3681 330 3768 390 816

520 457 759 513 quorum
789 438 1011 496 adulans
1036 432 1274 489 doctrina
1304 439 1422 497 est;
1468 431 1539 485 ita
1571 438 1625 486 et
1658 429 1758 485 viri
1787 431 2105 502 sanguinum
2133 432 2184 493 Α
2214 431 2374 504 litias)
2403 437 2454 490 in
2485 438 2656 504 corde,
2691 447 2796 495 tota
2814 441 2896 495 die
2921 443 3300 497 constituebant
3329 447 3520 513 prwlia.
3543 447 3766 506 Afuerant

519 542 671 597 sunt,
703 545 926 602 quormn
959 529 1138 582 dolosa
1169 534 1252 580 est
1272 524 1536 579 doctrinm.

591 625 682 679 45.
720 620 959 677 "(cretici
985 618 1078 671 viri
1108 617 1434 688 sanguinum.
1456 647 1529 656 -—
1556 616 1744 671 Dolosa
1774 625 1955 672 autem
1983 617 2111 674 doc-

519 720 661 773 trina
701 728 784 772 e51
813 712 1212 774 luereticorum,
1258 710 1362 765 sub
1390 711 1605 767 nomine
1639 710 1731 765 Dei
1770 711 2107 783 hlaSphema,

517 811 619 868 sub
647 816 910 880 praetextu
953 803 1232 876 religionis
1275 803 1458 874 impia,
1506 803 1608 860 sub
1653 805 1898 861 veritatis
1928 809 2111 876 specie

514 901 677 957 fallax
707 918 718 952 :
751 913 979 970 quorum
1011 897 1063 951 in
1095 896 1275 952 animo
1321 906 1376 951 et
1414 896 1739 967 cogitatione
1770 899 1942 952 solum
1981 914 2113 954 con-

514 992 772 1050 tentionis
801 991 1034 1047 studium
1068 991 1325 1061 persistit.
1369 989 1514 1046 Nihil
1543 992 1608 1047 ad
1658 992 1885 1050 salutem
1939 994 2114 1048 homi-

513 1100 642 1141 num
671 1083 940 1150 laborant,
985 1083 1114 1138 nihil
1144 1083 1209 1138 ad
1237 1099 1387 1154 spem
1419 1084 1725 1155 acquirunt,
1762 1085 1893 1140 nihil
1927 1085 2114 1156 paciﬁ-

511 1191 636 1233 cum
667 1177 923 1248 cogitant,
982 1185 1040 1231 ut
1081 1176 1258 1232 omnis
1284 1177 1365 1231 his
1407 1177 1460 1233 in
1491 1179 1929 1235 contentionibus
1959 1179 2113 1236 labor

512 1271 608 1337 sit,
664 1280 719 1327 et
773 1285 1004 1341 pugnam
1055 1269 1404 1326 meditentnr.
1464 1271 1556 1326 Isti
1605 1271 1850 1328 infelices
1903 1273 2112 1331 animas

511 1363 886 1433 exstinguunt,
919 1371 973 1418 et
994 1362 1048 1416 in
1081 1378 1272 1418 vanum
1307 1363 1568 1418 ecclesias
1604 1362 1706 1416 sibi
1733 1375 2062 1434 congregant
2095 1383 2108 1418 :

508 1470 646 1526 quas
673 1455 922 1510 civitates
957 1455 1072 1520 Dei,
1105 1454 1401 1514 secundum
1427 1455 1797 1527 prepheticam
1837 1458 2112 1528 evangeli-

507 1562 736 1618 camque
763 1547 1237 1612 consuetudinem,
1271 1546 1570 1618 nuncupari
1615 1547 1868 1618 frequens
1906 1558 1961 1604 et
1991 1549 2111 1620 plu-

504 1641 645 1694 rima
674 1641 966 1694 auctoritas
990 1648 1092 1694 est.
1123 1637 1237 1695 Hoc
1266 1654 1397 1710 ergo
1425 1639 1763 1711 signiﬁcatur
1793 1640 1878 1696 his
1907 1639 2065 1696 dictis
2094 1658 2108 1696 :

2217 526 2418 600 linguas
2446 547 2569 585 suas
2589 533 2720 586 sicut
2739 545 2995 605 serpentes
3027 552 3046 590 :
3078 553 3331 593 venenum
3352 541 3581 612 aspidum
3606 544 3688 597 sub
3709 545 3768 597 le-

2211 619 2308 674 biis
2329 637 2523 677 eorum.
2550 624 2874 682 Drusum.
2906 626 3126 682 Custodi
3165 646 3266 696 me,
3301 629 3531 706 Domine,
3559 634 3621 687 de
3644 652 3767 690 mea:

2212 719 2516 785 peccatoris,
2555 719 2618 773 ab
2642 718 2712 791 (et
2741 719 2830 794 ab)
2874 723 3168 779 hominibus
3199 725 3387 796 iniquis
3422 729 3558 796 eripe
3594 733 3770 796 me,qu

2213 809 2558 877 cogitaverunt
2595 812 2934 882 supplantare
2971 832 3183 886 gressus
3225 833 3384 872 meos.
3430 817 3772 874 Abscondm

2211 905 2418 976 superbi
2440 904 2678 976 laqueum
2715 909 2864 968 mihi.
2893 919 2940 963 et
2976 914 3127 983 funes
3152 917 3490 966 extenderunt
3519 915 3773 983 muscipula

2212 996 2287 1069 (in
2332 999 2694 1073 muscipulam)
2735 1002 2953 1074 pedibus
3006 1004 3133 1058 meis
3192 1019 3214 1061 :
3263 1005 3562 1060 continuata
3616 1009 3774 1062 cernitis

2211 1091 2454 1146 scandala
2499 1106 2777 1162 posuerunt
2832 1096 2976 1151 mihi.
3023 1097 3352 1154 DtAPSALtu.
3381 1097 3503 1153 Dixi
3549 1097 3776 1156 Domine:

2212 1182 2354 1238 Deus
2385 1201 2523 1240 meus
2551 1203 2602 1242 es
2629 1197 2682 1241 tu
2710 1203 2728 1242 :
2755 1189 2944 1243 exaudi
2993 1189 3271 1265 (inaurire)
3290 1234 3306 1259 ,
3353 1189 3592 1257 Domine,
3635 1210 3775 1248 essent

2213 1277 2462 1333 orationis
2503 1296 2643 1335 mete.
2670 1279 2894 1338 Domine
2920 1283 3081 1338 virtus
3105 1285 3290 1339 salutis
3318 1302 3465 1349 mete,
3496 1286 3776 1342 obumbrata

2213 1386 2367 1440 super
2385 1381 2537 1444 caput
2557 1371 2722 1446 585.
2746 1391 2932 1431 meum.
2963 1375 3086 1431 Non
3109 1378 3286 1432 tradas
3310 1394 3389 1432 me
3411 1377 3578 1450 (Infra
3600 1381 3777 1436 additur

2212 1464 2264 1517 in
2295 1463 2378 1518 die
2397 1464 2541 1537 belli)
2585 1484 2617 1521 a
2657 1469 2912 1524 desiderio
2947 1487 3060 1526 meo
3107 1473 3366 1540 peccaturi
3413 1489 3434 1527 :
3469 1476 3778 1546 cogitaverant

2213 1555 2506 1627 (adversum
2552 1576 2648 1615 me.
2680 1560 2816 1617 Tum
2859 1580 2922 1618 ne
2950 1565 3128 1619 tradas
3175 1565 3294 1622 sine
3335 1569 3440 1638 me)
3470 1585 3490 1622 :
3510 1585 3614 1622 nan
3637 1571 3776 1624 trades

2211 1666 2310 1714 me,
2338 1649 2580 1718 Domine,
2610 1671 2672 1710 ne
2695 1671 2938 1727 umquam
2951 1644 3258 1714 exaltentur.
3285 1660 3616 1718 DIAPSALIA.
3641 1661 3779 1732 (2:th

507 1731 676 1805 583
714 1731 826 1786 Viri
855 1733 1167 1804 sanguinum
1195 1731 1447 1787 declinate
1473 1749 1504 1785 a
1548 1749 1647 1799 me,
1674 1732 1838 1788 Vnus.
1867 1735 1960 1802 20,
1985 1735 2108 1806 quia
2142 1819 2157 1820 γ
2210 1741 2453 1796 circuitus
2485 1759 2658 1798 eorum
2681 1787 2698 1813 ,
2738 1746 2882 1801 labor
2925 1748 3177 1803 labiorum
3209 1751 3441 1819 ipsorum
3477 1755 3670 1820 aperiet
3691 1771 3774 1808 ess.

508 1827 859 1880 contentiones
888 1827 940 1879 in
971 1825 1298 1897 cogitatione,
1329 1825 1581 1891 accipient
1603 1827 1654 1880 in
1683 1843 1868 1882 uanum
1883 1829 2108 1885 ciuitates
2137 1819 2186 1880 B
2213 1833 2407 1890 Cadent
2427 1854 2580 1910 super
2605 1855 2690 1893 eos
2719 1841 2963 1896 carbones
2992 1843 3147 1913 ignis,
3172 1855 3219 1897 et
3245 1843 3452 1918 dejiciet
3474 1862 3563 1899 eos
3584 1862 3603 1899 :
3629 1847 3680 1900 in
3705 1848 3780 1900 nti-

501 1933 649 1972 suas.
666 1917 779 1973 Viri
805 1917 1127 1988 sanguinum
1160 1927 1305 1985 sunt,
1329 1927 1548 1988 propter
1561 1918 1966 1990 deperditarum
1989 1923 2106 1976 ani-

505 2029 719 2070 marum
741 2024 947 2070 reatum
971 2014 1274 2070 :deelinare
1286 2014 1567 2084 iubentur,
1587 2016 1708 2086 quia
1733 2017 2108 2074 contentiones

504 2107 563 2162 in
594 2107 920 2178 cogitatione
951 2116 1096 2163 sunt.
1144 2106 1207 2162 Hi
1242 2109 1294 2162 in
1336 2123 1534 2162 vanum
1566 2109 1813 2166 civitates
1841 2111 1932 2166 Dei
1968 2112 2110 2168 acci-

502 2199 682 2270 piunt,
713 2199 1168 2255 infructuosarum
1195 2199 1549 2254 ecclesiarum
1595 2211 1769 2257 cattus
1797 2218 1892 2274 per
1929 2202 2106 2259 schis-

504 2301 713 2349 matum
738 2292 962 2348 dissidia
993 2291 1304 2347 reddentes.

578 2383 671 2440 46.
701 2383 889 2439 Odium
922 2385 1084 2452 pium.
1119 2413 1190 2424 —
1219 2382 1324 2440 Sed
1360 2383 1540 2453 plane,
1573 2385 1695 2452 quia
1724 2400 1826 2455 pax
1856 2394 1911 2440 et
1947 2385 2108 2457 jDSIi-

505 2477 580 2533 tia
603 2485 658 2532 et
688 2477 890 2532 veritas
915 2489 1016 2543 est,
1047 2474 1300 2532 affectum
1341 2476 1392 2530 in
1421 2491 1516 2532 eos
1541 2491 1711 2556 suum
1733 2477 1993 2546 ostendit,
2027 2479 2110 2534 di-

503 2584 660 2636 cens,
683 2566 852 2624 Vsus.
877 2567 943 2622 21
973 2577 1025 2623 ct
1052 2567 1120 2622 22
1148 2586 1162 2623 :
1191 2567 1380 2623 Nonne
1396 2569 1622 2623 odientes
1639 2579 1704 2634 te,
1727 2568 1966 2636 Domine,
1996 2571 2109 2624 odi-

502 2658 577 2724 υἱ,
607 2669 653 2712 ει
689 2676 844 2732 super
881 2659 1112 2714 inimicos
1149 2668 1260 2713 tuos
1299 2659 1612 2714 tabescebam
1637 2660 1662 2712 ?
1707 2659 1948 2732 Perfecto
1989 2663 2109 2718 odio

507 2751 718 2805 oderam
743 2751 899 2817 illos;
947 2750 1143 2803 inimici
1183 2750 1311 2820 facti
1346 2760 1464 2804 sunt
1493 2751 1638 2804 milti.
1672 2751 1766 2806 Est
1797 2754 2106 2824 religiosum

503 2843 708 2910 odium,
730 2844 982 2912 quotiens
1003 2843 1056 2897 in
1085 2843 1240 2897 nobis
1269 2841 1393 2896 odio
1418 2852 1502 2898 est
1525 2843 1616 2914 qui
1638 2844 1803 2898 Deum
1835 2845 1969 2900 odit.
2004 2846 2110 2901 lni-

502 2932 678 2988 micos
706 2932 922 3002 quidem
961 2941 1180 2987 nostros
1221 2947 1404 2988 amare
1447 2935 2028 3008 pra:cipimur(MattIt.
2053 2953 2106 3006 v,

503 3023 600 3095 44)
629 3041 646 3089 ;
675 3025 770 3080 sed
803 3022 1193 3090 nostros,'non
1237 3037 1292 3081 et
1320 3026 1431 3080 Dci.
1466 3025 1620 3094 Nam,
1645 3027 1800 3098 juxta
1833 3029 2023 3096 Deum,
2053 3041 2109 3087 et

506 3125 716 3187 patrem
766 3128 823 3172 et
852 3125 1084 3172 matrem
1129 3128 1184 3173 et
1236 3120 1518 3189 conjugem
1551 3129 1605 3175 et
1637 3120 1774 3176 ﬁlios
1804 3132 1859 3178 et
1913 3123 2106 3182 fratres

504 3215 689 3272 odisse
741 3216 994 3272 devotum
1027 3227 1110 3272 est
1140 3216 1291 3290 (Luc.
1321 3233 1431 3284 xtv,
1462 3218 1579 3291 26).
1609 3219 1734 3275 Odit
1759 3237 1889 3293 ergo
1919 3223 2107 3280 odien-
2134 3215 2178 3278 C
2213 3232 2353 3289 bello
2382 3249 2447 3291 ac
2475 3235 2614 3292 dotis
2642 3237 3006 3309 sequebatur;

574 3681 666 3735 47.
704 3680 830 3734 lites
857 3679 1053 3734 Christi
1072 3681 1221 3735 verba
1240 3692 1378 3736 sunt.
1407 3712 1480 3724 —
1508 3685 1794 3740 Concludit
1819 3685 2014 3743 deinde
2036 3687 2103 3743 li-

500 3772 728 3828 bertatis
747 3785 858 3826 sum
883 3771 1131 3826 ﬁduciam
1148 3773 1215 3844 (f.
1242 3773 1453 3844 ﬁducia)
1478 3777 1779 3848 :simulqne
1803 3786 1861 3833 ut
1885 3793 1968 3844 ca,
1984 3795 2103 3851 qua:

501 3863 580 3936 (a)
621 3879 716 3934 per
743 3864 1138 3935 praescientiam
1179 3876 1448 3938 tamquam
1489 3881 1638 3939 gesta
1681 3880 2098 3939 memoraverat,

504 3973 647 4014 nunc
659 3959 726 4014 ad
751 3958 1274 4016 demonstrationem
1301 3965 1558 4034 temporis
1575 3965 1813 4036 gerenda
1839 3979 2102 4024 monstra-

502 4061 605 4120 ret,
630 4052 965 4118 dixit,Vsns.
990 4054 1064 4110 25
1076 4064 1129 4110 et
1146 4056 1217 4110 ﬁt
1238 4073 1250 4107 :
1275 4055 1451 4112 Proba
1467 4075 1564 4124 me,
1596 4059 1758 4127 Deus,
1788 4072 1836 4118 et
1863 4065 1988 4119 scito
2013 4081 2103 4120 cor

501 4163 704 4215 meum;
733 4139 995 4220 interroga
1014 4166 1113 4216 me,
1137 4158 1183 4204 et
1198 4151 1324 4206 scito
1345 4153 1548 4208 semitas
1565 4171 1720 4211 meas.
1746 4155 1811 4211 Et
1827 4157 1941 4212 vide
1960 4159 2007 4213 si
2018 4159 2102 4214 via

499 4242 780 4305 iniquitatis
793 4244 845 4297 in
865 4260 946 4298 me
961 4252 1056 4311 est,
1073 4253 1119 4298 et
1134 4244 1298 4298 deduc
1312 4262 1389 4300 me
1404 4247 1600 4303 inviam
1618 4260 1879 4306 cateruam.
1904 4251 2102 4309 Huma-

506 4350 590 4389 nae
602 4344 804 4390 naturte
820 4336 1012 4393 ﬁducia
1031 4338 1128 4392 ista
1147 4353 1250 4394 non
1266 4346 1438 4405 est,ut
1450 4342 1661 4411 probari
1674 4359 1733 4400 se
1748 4345 1960 4409 velit,ut
1976 4346 2101 4404 sciri

506 4442 604 4484 eor
621 4443 775 4484 suum
809 4430 1062 4501 postulet,
1078 4441 1136 4486 ut
1153 4434 1406 4504 cognosci
1423 4436 1642 4492 semitas
1658 4451 1783 4494 suas
1797 4450 2097 4511 exspectet,

502 4528 563 4574 ut
593 4522 784 4591 inspici
817 4539 922 4578 non
955 4535 1156 4580 metuat
1191 4529 1236 4581 si
1277 4527 1362 4581 via
1407 4528 1702 4600 iniquitatis
1735 4531 1786 4587 in
1832 4547 1891 4590 se
1920 4533 2011 4601 sit,
2045 4544 2102 4592 ut

2210 1930 2357 1985 seriis
2385 1947 2488 1986 non
2508 1933 2802 1989 subsistent.
2841 1934 2934 1989 Vir
2961 1937 3233 2008 linguosus
3253 1955 3355 1993 non
3381 1940 3632 2012 dirigetur
3656 1957 3778 2010 sape:

2213 2031 2400 2078 terram
2423 2040 2442 2078 :
2465 2026 2629 2079 uirum
2655 2028 2904 2098 injustutn
2926 2031 3062 2085 mala
3091 2033 3294 2104 capient
3325 2035 3381 2088 in
3401 2036 3664 2090 interitum
3697 2039 3779 2105 (is-

2212 2115 2408 2185 teritu).
2444 2116 2668 2189 Cognovi
2713 2123 2953 2191 quoniam
2998 2125 3119 2192 fecit
3160 2125 3307 2196 (quia
3341 2126 3520 2197 faciet)
3567 2127 3780 2182 Damius

2203 2209 2466 2279 judicium
2487 2211 2679 2281 inopis,
2709 2223 2757 2269 et
2782 2215 3057 2270 vindictam
3083 2234 3391 2290 pauperum.
3421 2223 3652 2276 Attamen
3672 2223 3782 2294 justi

2213 2303 2589 2373 conﬁtebuntur
2621 2308 2816 2362 nomini
2836 2318 2944 2375 tuo,
2984 2320 3033 2364 et
3065 2309 3367 2367 habitabant
3391 2315 3519 2369 recti
3544 2330 3655 2369 cum
3677 2315 3783 2385 facit

2215 2404 2321 2449 tua.

2645 2469 3063 2530 TRACTATUS
3101 2473 3224 2531 PSA
3234 2474 3380 2532 LMI.

2289 2584 2338 2639 l.
2369 2583 2538 2640 Dauid
2566 2590 2835 2644 convenire
2871 2599 3034 2660 potest
3063 2593 3316 2661 psalmus.
3347 2593 3454 2648 Aut
3484 2595 3784 2664 ﬁdele

2213 2678 2398 2732 oratio.
2429 2709 2500 2720 -—
2529 2676 2752 2750 Coeptus
2780 2691 2866 2736 est
2894 2684 3132 2752 psalmus
3175 2700 3242 2739 ex
3299 2700 3536 2755 persona
3584 2686 3786 2742 hominis

2213 2768 2354 2824 inter
2375 2772 2568 2826 multas
2595 2773 2970 2831 infestationes
2998 2775 3342 2832 inimicorum
3367 2779 3540 2846 anxii,
3560 2779 3787 2835 adversus

2213 2879 2372 2934 quem
2407 2866 2591 2921 multm
2636 2868 2846 2925 insidia:
2881 2881 2938 2926 et
2970 2871 3079 2926 doli
3107 2873 3291 2942 plures
3321 2873 3439 2928 sint
3472 2891 3486 2927 :
3521 2885 3576 2930 et
3616 2889 3786 2931 coarc-

2213 2956 2328 3011 nire
2353 2957 2470 3012 lucc
2498 2961 2678 3015 omnia
2705 2961 2756 3016 in
2790 2977 3074 3032 personam
3117 2963 3279 3034 hujus
3323 2965 3609 3038 propheta:
3653 2964 3786 3022 David

2214 3048 2486 3117 videntur,
2519 3054 2672 3122 cujus
2703 3055 2809 3108 vita
2843 3053 3089 3111 infestata
3116 3057 3358 3128 undique
3395 3067 3454 3114 et
3489 3058 3647 3130 plena
3675 3074 3787 3116 sw-

2213 3154 2311 3209 per
2340 3142 2594 3210 periculis
2625 3145 2744 3200 fuit.
2779 3147 2906 3203 Sanl
2951 3163 3074 3204 eum
3107 3149 3160 3204 in
3188 3149 3434 3218 deserto,
3459 3153 3518 3207 in
3571 3153 3783 3219 urbibus,

2209 3609 2327 3664 fttit.
2360 3611 2467 3666 Sed
2522 3613 2654 3669 nihil
2702 3617 2938 3686 speciale
2975 3633 3040 3674 ex
3073 3619 3160 3675 his
3207 3622 3468 3679 omnibus
3514 3623 3569 3679 in
3608 3624 3784 3696 psalmo

2203 3703 2530 3769 continetur,
2561 3717 2617 3759 ut
2650 3709 2862 3778 prepria
2891 3725 3135 3780 persona:
3182 3712 3300 3782 ejus
3327 3715 3516 3770 oratio
3544 3730 3666 3772 esse
3686 3729 3780 3772 cre-

2204 3792 2382 3850 datur.
2413 3795 2694 3882 Generalis
2718 3809 2898 3857 autem
2926 3802 3068 3860 forte
3110 3815 3166 3860 et
3193 3821 3261 3863 ex
3288 3807 3487 3878 spiritu
3517 3807 3784 3882 prophetia

2204 3887 2446 3958 psalmus
2475 3872 2600 3947 esse
2643 3896 2905 3964 noscitur,
2937 3913 3383 3972 unumquemque
3424 3913 3677 3960 nostrum
3710 3918 3787 3975 per

2204 3979 2467 4038 orationis
2496 3987 2827 4056 exemplum,
2878 4005 3001 4045 cum
3043 3992 3095 4047 in
3126 3993 3319 4050 mediis
3366 3995 3784 4054 infestantiatnin

2205 4089 2305 4130 nos
2331 4075 2470 4131 odiis
2487 4077 2780 4151 jactemur,
2812 4083 3068 4140 erudiens
3097 4087 3240 4158 quali
3273 4088 3445 4146 Deum
3477 4107 3787 4164 preceopw

2204 4173 2314 4222 teat
2335 4169 2562 4240 deprcea
2572 4174 2636 4228 ri.
3103 4183 3110 4188 ’

2276 4261 2331 4316 2.
2366 4262 2575 4320 Christo
2619 4270 2783 4338 magis
2829 4271 3091 4339 convenit,
3142 4289 3244 4328 non
3291 4277 3512 4333 seclusi:
3555 4279 3783 4349 ﬁdelibus.

2206 4353 2324 4410 Alia
2352 4366 2407 4410 ut
2438 4357 2610 4424 homo,
2645 4369 2701 4414 ut
2731 4359 2869 4417 Deus
2894 4363 3001 4418 alia
3023 4363 3275 4437 loquitur.
3301 4399 3376 4410 —
3397 4369 3511 4427 Sed
3539 4367 3785 4428 (τοίη,ωή

2207 4446 2338 4504 mihi
2370 4450 2584 4518 penitus
2614 4453 2875 4522 quasdam
2908 4456 3139 4513 virtutes
3177 4463 3657 4535 proprietatesque
3692 4477 3785 4517 ven

2206 4538 2420 4608 borum,
2453 4557 2571 4607 quze
2603 4544 2740 4600 ultra
2788 4545 3007 4602 humani
3049 4551 3321 4608 sermonis
3359 4555 3783 4612 consuetudinea

505 4628 603 4681 per
629 4612 767 4671 hanc
795 4617 1155 4687 cognitionem
1206 4620 1256 4674 in
1306 4630 1563 4678 teternam
1593 4624 1732 4680 viam
1775 4626 2094 4687 deducatur.
2127 4609 2182 4670 Ῑ)
2205 4633 2368 4689 altius
2399 4636 2583 4691 nescio
2615 4637 2744 4708 quid
2773 4648 2829 4695 et
2856 4641 3142 4698 sublimius
3170 4644 3528 4717 eloquuntur,
3568 4650 3684 4720 ejus
3709 4663 3783 4720 po-

511 4704 622 4760 Vox
651 4706 750 4761 ista
777 4707 894 4777 ejus
915 4719 1115 4764 tantum
1146 4721 1324 4780 potest
1347 4729 1488 4781 esse,
1517 4717 1604 4786 qui
1623 4715 1756 4772 dixit
1776 4734 1791 4772 :
1813 4717 1946 4775 Ecce
1965 4723 2100 4778 venit

504 4799 742 4872 princeps
770 4801 926 4874 hujus
953 4804 1150 4872 mundi,
1183 4815 1230 4859 et
1269 4823 1372 4861 non
1417 4808 1608 4865 invenit
1633 4811 1687 4865 in
1715 4828 1796 4865 me
1821 4815 2097 4888 quidquant

503 4893 688 4966 (toan.
723 4899 856 4965 xw).
903 4895 1062 4951 Solus
1085 4899 1227 4952 enim
1249 4910 1400 4957 extra
1431 4915 1706 4974 peccatum
1735 4918 1817 4962 est
1842 4909 2099 4968 Dominus

502 4997 690 5044 noster
717 4987 875 5043 Jesus
895 4986 1165 5057 Christus,
1197 4993 1288 5062 qni
1315 5005 1398 5050 est.
1441 4996 1760 5056 benedictus
1809 5002 1860 5058 in
1903 5007 2099 5063 sarcula

506 5081 852 5136 szeculorum.
887 5078 1083 5136 Amen.

979 5213 1294 5274 PSALMUS
1330 5216 1617 5283 CXXXIX.

536 5351 697 5422 Eripe
715 5369 812 5421 me,
835 5352 1075 5420 Domine,
1093 5353 1159 5408 ab
1175 5354 1380 5411 homine
1394 5360 1553 5428 malo,
1571 5378 1602 5416 a
1618 5364 1724 5418 uiro
1736 5368 1912 5438 iniquo
1935 5371 2097 5429 libera

492 5461 593 5500 me.
617 5443 752 5511 Quia
767 5446 1112 5516 cogitaverunt
1133 5445 1382 5502 malitiam
1405 5450 1590 5522 (Infra,
1617 5456 1708 5526 qui
1726 5461 1966 5531 cogitauit
1983 5480 2093 5521 ma.

563 5601 638 5674 (a)
683 5601 959 5694 Postrema
1009 5601 1315 5694 editiogar.
1353 5619 1474 5694 cum
1500 5607 1677 5694 Bad.,
1707 5613 1800 5671 Er.
1845 5630 1897 5676 et
1936 5622 2085 5694 Lips.

487 5677 969 5754 perprtesetttiam.
1025 5675 1100 5728 Ex
1148 5675 1361 5754 prima,
1414 5693 1621 5754 necnon
1661 5675 1741 5742 ex
1795 5705 1895 5745 ms.
1936 5675 2082 5754 hic;

487 5742 820 5827 restititimus
875 5759 972 5826 per.
1007 5742 1399 5826 prtescientiam,
1453 5749 1558 5827 huc
1611 5765 1714 5822 est,
1750 5742 2082 5827 ρθιῗξθιῖίξᾶί

487 5813 840 5882 gerendorum
898 5816 1200 5887 scientiam,
1245 5835 1346 5892 qua
1384 5813 1632 5882 universa
1681 5813 1855 5901 utique
1885 5813 2079 5910 iis};

2203 4725 2310 4782 tius
2331 4726 2585 4791 hominis,
2604 4729 2654 4784 in
2687 4747 2794 4801 quo
2815 4749 2880 4788 ex
2899 4744 3050 4804 partu
3069 4736 3304 4808 Virginis
3327 4741 3399 4795 ad
3412 4750 3782 4799 sacramus-

2203 4817 2454 4874 humanm
2474 4821 2662 4877 salutis
2680 4825 2986 4895 unigenitus
3005 4828 3094 4884 Dei
3110 4828 3252 4885 ﬁlius
3268 4843 3432 4889 natus
3444 4845 3555 4902 est,
3571 4846 3785 4907 reperta

2208 4920 2292 4966 est
2310 4912 2547 4982 psalmus
2566 4915 2665 4970 istc
2681 4917 2901 4990 intelligi
2923 4923 3520 4992 oportere.Secundum
3535 4931 3673 4985 enim
3687 4944 3780 4986 calt

2203 5018 2323 5074 qua:
2346 5004 2397 5058 in
2431 5021 2490 5062 se
2524 5006 2849 5080 fuitgeneris
2870 5013 3153 5086 utriusque
3181 5026 3458 5088 naturam,
3495 5023 3590 5079 Dei
3621 5021 3783 5077 videli-

2205 5109 2291 5153 cet
2315 5110 2474 5168 atquc
2493 5101 2754 5172 hominis,
2780 5121 2883 5160 non
2905 5107 3066 5163 modo
3093 5109 3144 5164 in
3169 5109 3506 5184 Evangeliis,
3530 5116 3626 5172 sed
3647 5117 3781 5172 etim

2207 5191 2260 5246 in
2289 5192 2594 5263 Prophetis,
2630 5197 2699 5252 ita
2726 5201 2992 5270 coaptatis
3021 5203 3088 5259 ad
3108 5213 3402 5278 utrumque
3418 5209 3585 5266 dictis
3602 5212 3782 5266 locutas

2202 5295 2305 5352 est,
2340 5297 2395 5340 ut
2434 5287 2559 5342 dum
2604 5289 2902 5348 divinitatis
2953 5309 3068 5351 sua:
3098 5297 3490 5369 itiipassibilem
3535 5313 3692 5374 atque
3714 5302 3781 5356 iu-

2201 5381 2583 5438 demutahilem
2626 5384 2881 5442 virtutem
2927 5387 3130 5458 docet,
3171 5391 3546 5450 infirmitatem
3589 5408 3779 5467 quoqm

2202 5482 2408 5528 naturte
2446 5489 2725 5546 corporea:
2771 5493 2878 5536 non
2919 5489 3122 5539 taceret
3146 5483 3300 5556 (νεά.
3330 5485 3425 5541 lib.
3483 5501 3539 5544 rx
3561 5488 3628 5542 de
3654 5485 3778 5542 ΐι-ἱιι.

2194 5633 2661 5719 uendouprtesciit,
2681 5647 2730 5692 et
2783 5640 3110 5719 prtesciendo
3140 5643 3400 5719 disposuit
3428 5688 3444 5712 ,
3471 5657 3538 5719 ut
3567 5647 3777 5719 loquitur

2194 5703 2558 5762 Tertullianus
2608 5707 2700 5764 lib.
2751 5703 2794 5766 ιε’
2833 5722 3018 5766 contra
3064 5703 3323 5773 Marcion.
3357 5703 3500 5774 n.'5.
3529 5720 3618 5775 ubi
3637 5703 3771 5773 ’θιὼ

2192 5775 2381 5862 eadem
2417 5779 2748 5862 praescientia
2776 5780 2943 5838 dicit:
2977 5783 3169 5842 Tantos
3191 5788 3348 5844 habet
3377 5799 3551 5858 testes,
3579 5795 3770 5862 quam“

2191 5845 2340 5903 habet
2362 5845 2655 5920 prop/tetas.
