3896 6336
86 381 184 440 817

1117 383 1534 444 TRACTATUS
1573 385 1639 444 IN
1677 386 1943 447 CXXXIX
1984 392 2328 453 PSALMUM.

3259 403 3367 460 818

85 519 135 557 η.
166 501 198 556 5
225 508 268 554 et
294 495 349 569 6)
386 514 764 571 :rursumque,
794 515 915 556 cum
958 517 1021 558 es
1066 505 1409 575 susceptione
1453 505 1652 574 carnis,
1683 507 1736 567 Α
1759 507 1976 564 Aridam
2006 526 2218 567 manum
2243 512 2501 571 reformat
2522 514 2736 587 (Matth.
2763 534 2866 585 xu,
2898 517 2988 590 10)
3007 559 3023 586 ,
3046 518 3226 574 statim
3252 520 3365 574 vioc

83 591 398 650 inﬁrmitatis
446 593 498 646 in
539 607 604 648 eo
649 607 827 648 sermo
865 603 1039 663 esset,
1075 599 1402 664 praeconium
1449 613 1664 670 quoque

85 702 201 743 mox
253 701 356 741 non
384 683 715 742 inﬁrmandas
759 702 824 742 ex
857 687 1037 758 aliquo
1088 689 1385 746 divinitatis
1436 690 1664 747 adsiste-

82 791 175 839 ret.
201 779 348 849 Quod
390 781 530 835 enim
565 781 706 837 Deus
761 791 864 847 est,
918 793 1125 841 natura:
1171 799 1282 841 suae
1336 797 1462 854 est;
1520 787 1660 859 quod

82 880 248 928 autem
300 871 460 928 homo
511 871 651 939 fttit,
701 885 906 930 naturae
963 887 1160 936 nostrae
1215 880 1508 949 assumptio
1555 890 1656 936 est.

81 965 328 1037 Loquitur
378 965 560 1037 itaque
617 967 668 1021 in
723 969 929 1037 psalmo
977 985 1041 1024 ex
1085 970 1413 1027 inﬁrmitatis
1464 983 1662 1030 nostrae

81 1076 232 1130 quam
273 1059 562 1128 assumpsit
592 1059 787 1118 allecto
819 1078 980 1118 :cum
1015 1064 1324 1121 traditoretn
1369 1056 1542 1122 suum'
1566 1081 1664 1122 llo-

79 1154 168 1220 vit,
198 1168 314 1210 cum
345 1153 569 1210 consilia
616 1155 877 1212 adversus
907 1157 1068 1232 585
1115 1173 1172 1215 se
1200 1159 1330 1214 inita
1378 1161 1658 1231 prospicit,

79 1263 190 1304 cum
232 1246 588 1318 quaestionum
620 1249 803 1318 przelia
851 1260 905 1306 et
954 1253 1405 1310 obtrectationum
1450 1270 1660 1310 venena

80 1341 385 1413 perpetitur,
416 1355 540 1396 cum
589 1343 944 1398 tentationum
986 1345 1238 1399 scandala
1272 1355 1324 1400 et
1372 1347 1658 1402 verborum

79 1433 292 1504 laqueos
341 1433 494 1499 vitat,
540 1447 662 1489 cum
690 1433 835 1490 Patri
885 1435 1193 1504 conﬁtetur,
1244 1453 1366 1494 cum
1414 1438 1481 1494 ad
1534 1454 1657 1496 eum

76 1534 207 1592 orat,
247 1539 366 1582 cum
395 1525 446 1580 ei
470 1525 647 1581 omnis
673 1527 844 1582 virtus
866 1527 935 1583 ab
961 1543 1029 1585 eo
1058 1538 1160 1594 est,
1185 1544 1306 1584 cum
1337 1529 1460 1586 licet
1483 1545 1549 1586 ex
1579 1531 1661 1586 in-

77 1615 587 1686 ﬁrmitate_corporis
613 1617 807 1673 anxius
835 1619 926 1685 sit,
956 1634 1060 1673 non
1091 1619 1264 1675 solum
1289 1627 1468 1676 tamen
1489 1637 1549 1676 se
1574 1637 1661 1678 re-

77 1710 413 1783 linquendum
445 1711 499 1766 in
539 1711 628 1768 die
671 1713 934 1781 passionis
958 1713 1285 1770 meminerit.
1327 1713 1452 1770 Haec
1499 1715 1660 1787 igitur

76 1804 246 1859 omnia
272 1819 334 1859 ex
359 1818 588 1875 persona
613 1804 730 1875 ejus
756 1805 808 1859 in
833 1805 1040 1875 psalmo
1062 1807 1328 1862 contineri
1355 1806 1654 1863 docemur:

1765 598 1886 655 latae
1907 601 2038 673 legis
2061 614 2239 660 reatus
2261 605 2606 664 adscribitur.
2638 611 3008 666 Daemoniacos
3029 622 3180 667 curat
3207 611 3362 685 (Luc.

1764 707 1849 759 xt,
1882 694 2004 763 15):
2034 699 2293 755 continuo
2322 715 2419 772 per
2447 702 2749 759 Beelzebub
2773 703 3164 760 dtemoniorum
3213 706 3364 776 prin-

1765 787 1938 856 cipem
1969 789 2086 846 llth
2112 795 2372 862 perlicere
2397 796 2661 866 arguitur.
2689 797 2831 853 Nihil
2857 806 2970 864 est,
2999 798 3143 869 quod
3170 814 3274 854 non
3303 798 3353 854 ei

1765 881 1982 950 plenum
2008 897 2222 955 semper
2248 887 2453 943 insidiis
2476 889 2576 955 sit,
2603 889 2746 959 quod
2773 905 2876 945 non
2905 890 3140 960 vipereae
3163 891 3363 963 lingua:

1765 986 1975 1027 veneno
2013 974 2282 1044 objectum
2326 979 2414 1034 sit.
2459 979 2656 1036 Νοειηι
2701 995 2913 1052 quoque
2951 984 3190 1038 omnium
3220 983 3364 1051 vita,

1764 1065 2103 1134 maximeque
2128 1081 2314 1123 eorum
2344 1071 2436 1140 qni
2464 1072 2710 1141 religioni
2741 1074 2992 1141 student,
3023 1089 3142 1145 quae
3171 1073 3366 1131 adver-

1764 1156 1997 1210 santium
2037 1157 2295 1214 virtutum
2338 1161 2569 1218 sustinet
2610 1163 2782 1224 bella.
2827 1174 2987 1236 atque
3017 1167 3368 1223 obtrectatio-

1765 1262 1891 1301 nutn
1922 1259 2183 1304 venenata
2207 1250 2382 1321 jacula
2411 1255 2651 1324 suscipit.
2683 1254 2802 1324 Quo
2830 1255 3182 1313 fraudulenta:
3211 1258 3368 1315 blan-

1763 1339 2116 1411 diloquentia:
2159 1360 2368 1399 veneno
2411 1349 2720 1418 appetitur?
2767 1349 2836 1404 Et
2881 1350 2996 1405 haec
3041 1350 3220 1406 omnia
3268 1366 3367 1422 per

1764 1433 2046 1501 homines,
2098 1436 2150 1490 in
2194 1437 2392 1507 quibus
2436 1440 2706 1510 spiritales
2748 1443 3001 1511 nequitia:
3047 1455 3364 1514 operantur,

1763 1528 2048 1583 exsistunt.
2081 1529 2349 1599 Scriptum
2379 1539 2465 1586 est
2489 1533 2670 1589 enim:
2698 1532 2954 1590 Excitavit
2984 1535 3234 1590 Dominus
3263 1535 3370 1592 Sa-

1763 1630 1934 1676 tanant
1971 1621 2267 1686 Salomoni,
2299 1625 2464 1698 586
2486 1625 2623 1681 Ader
2664 1625 2954 1682 Idumteum
2994 1629 3098 1700 (lll
3127 1629 3255 1702 Reg.
3289 1645 3363 1696 tt,

1764 1713 1878 1784 14).
1922 1713 1989 1768 Et
2028 1714 2344 1770 adversatus
2385 1726 2470 1771 est
2507 1716 2673 1784 Ader,
2715 1729 2910 1774 nonut
2935 1719 3099 1775 homo
3125 1763 3141 1789 ,
3171 1719 3266 1778 sed
3309 1732 3367 1779 ut

1762 1818 2009 1874 satanas,
2040 1807 2316 1862 Salomoni
2346 1810 2596 1865 omnibus
2625 1809 2816 1867 diebus
2846 1812 2968 1867 vita:
2995 1814 3134 1884 ejus.
3169 1817 3235 1870 Et
3262 1816 3365 1873 Sa-

72 1906 225 1968 atque
250 1897 352 1962 ita,
381 1905 441 1953 ut
477 1897 534 1952 in
579 1897 698 1965 his,
730 1914 851 1969 qua:
890 1907 1095 1955 natura:
1148 1899 1398 1956 humanm
1425 1901 1657 1957 societas
1689 1902 1736 1963 B
1765 1901 1967 1957 lomoni
2011 1902 2258 1971 quidem,
2293 1903 2414 1974 quia
2445 1904 2517 1958 ita
2550 1905 2775 1973 meruit,
2806 1905 2950 1961 Ader
2975 1906 3030 1962 in
3061 1917 3304 1964 satanam
3333 1924 3369 1965 a

72 1990 341 2060 permittit,
375 2007 622 2060 personae
649 1993 812 2049 etiam
843 2003 1045 2050 nostra:
1083 2010 1151 2049 ex
1199 1994 1381 2066 aliquo
1426 1995 1660 2068 intelligi

73 2084 237 2153 possit
261 2083 464 2140 oratio.

137 2176 188 2232 3.
221 2175 400 2234 Oratio
438 2179 668 2248 fidelium
703 2183 894 2248 peccati
935 2184 1225 2239 occasiones
1254 2184 1658 2256 deprecantium.

71 2269 248 2326 Christi
270 2273 428 2328 corda
454 2276 958 2332 scrutantis.—Hoc
985 2279 1128 2334 enim
1155 2279 1296 2349 quod
1325 2280 1395 2334 ita
1422 2291 1660 2352 emptum

68 2373 166 2432 est,
198 2364 356 2420 Vens.
391 2365 463 2420 2:
500 2365 658 2439 Eripe
685 2385 788 2435 me,
823 2368 1061 2436 Domine,
1107 2371 1168 2425 ab
1200 2371 1405 2428 homine
1431 2373 1593 2441 malo,
1627 2392 1660 2428 a

67 2458 168 2512 viro
197 2459 368 2529 iniquo
403 2460 562 2516 libera
595 2480 693 2529 me,
725 2462 791 2518 ad
821 2478 1162 2520 communem
1195 2481 1408 2537 quoque
1438 2469 1662 2524 creden-

68 2551 191 2606 tium
220 2553 464 2610 omnium
497 2569 712 2626 precem
743 2556 996 2625 pertinet.
1023 2555 1224 2613 Omnes
1251 2561 1394 2615 enim
1427 2561 1659 2628 insidias,

67 2660 429 2718 quascumque
475 2647 631 2703 nobis
674 2648 946 2718 spiritales
990 2651 1242 2720 nequitiae
1284 2653 1659 2722 praetendunt,

65 2737 288 2795 maxime
321 2753 423 2809 per
452 2739 702 2796 homines
729 2749 1018 2810 aptantur:
1067 2751 1122 2796 et
1162 2744 1476 2800 occasiones
1521 2746 1661 2800 vitiis

66 2830 258 2886 nostris
300 2831 499 2886 aliena:
545 2840 750 2887 natura:
794 2834 1120 2902 perversitas
1163 2835 1556 2892 subministrat.
1603 2837 1660 2894 ln

63 2922 178 2980 lites
207 2941 304 2981 nos
343 2926 562 2997 iniquus
603 2926 870 2995 exagitat,
905 2928 957 2982 in
1005 2929 1314 2984 anxietates
1359 2929 1659 2986 adversan-

66 3017 191 3072 tium
223 3027 278 3075 et
307 3019 682 3076 insidiantium
713 3020 868 3076 nobis
900 3028 1076 3076 terror
1105 3022 1349 3091 impellit.
1393 3023 1451 3080 ln
1483 3023 1662 3080 libidi-

65 3128 182 3168 nem
212 3113 449 3170 facultas
479 3129 538 3171 se
568 3115 620 3172 in
651 3117 703 3173 id
735 3115 1025 3188 prtebentis
1066 3116 1170 3172 loci
1210 3117 1418 3174 invitat.
1461 3119 1660 3175 Oculus

65 3205 202 3261 enim
243 3206 584 3276 meretricis,
627 3208 852 3280 laqueus
896 3210 1197 3279 peccatoris
1235 3221 1320 3267 est
1359 3210 1453 3284 (V.
1487 3209 1658 3267 Tract.

1767 1994 1879 2050 Deo
1905 2003 1988 2050 est
2027 1997 2320 2062 excitatus;
2364 1995 2458 2050 sed
2495 2012 2588 2067 per
2616 1997 2770 2054 istius
2801 1999 2946 2054 modi
2973 1998 3222 2056 homines
3248 2001 3367 2057 haec

1766 2087 2078 2145 multimoda
2119 2087 2487 2144 infeStantium
2532 2089 2583 2144 in
2619 2104 2720 2145 nos
2746 2089 2865 2145 odia
2895 2089 3229 2158 desaeviunt,
3259 2091 3367 2147 ini-

1763 2180 2024 2251 llthtL'que
2048 2181 2275 2236 virtutes
2304 2183 2492 2238 horum
2521 2183 2820 2239 ministerio
2845 2192 3180 2255 grassantur.

1837 2273 1889 2328 5.
1936 2273 2112 2344 Supra
2151 2275 2214 2329 de
2255 2274 2450 2342 verbis,
2491 2293 2628 2330 nunc
2666 2277 2730 2330 de
2767 2277 2916 2348 [actis
2945 2278 3150 2346 querela
3179 2286 3273 2334 est.
3297 2305 3369 2318 —

1765 2367 2084 2423 lntcrcessio
2097 2377 2275 2423 autem
2293 2368 2607 2438 diapsaltnte
2628 2369 2874 2426 attulisse
2892 2370 3105 2426 videtur
3123 2381 3216 2425 aut
3239 2385 3370 2441 per-

1762 2477 1943 2524 sonze,
1975 2472 2065 2517 aut
2092 2477 2284 2518 sensus
2315 2463 2758 2518 dentutationcm.
2795 2465 2880 2519 Fit
2909 2476 3086 2520 autem
3118 2465 3373 2533 repetitio

1763 2553 2025 2609 orationis
2051 2553 2322 2624 ejusdem:
2343 2553 2416 2610 ita
2444 2564 2654 2622 tamen,
2683 2562 2741 2609 ut
2763 2554 3060 2610 abSolutius
3083 2571 3145 2611 ea
3171 2571 3290 2628 quae
3314 2555 3371 2613 in

1763 2647 2044 2703 confusum
2070 2656 2197 2702 ante
2221 2647 2428 2719 adjecta
2457 2655 2585 2703 sunt
2611 2658 2994 2704 recenseantur
3012 2690 3026 2712 ,
3054 2660 3107 2704 et
3135 2663 3255 2720 quze
3281 2663 3375 2704 su-

1763 2743 1947 2811 perius
1980 2741 2154 2797 fuerat
2192 2741 2259 2796 de
2299 2741 2510 2809 verbis,
2555 2757 2698 2796 nunc
2741 2741 2811 2796 sit
2838 2741 3060 2811 querela
3091 2740 3160 2798 de
3188 2740 3368 2798 iactis.

1763 2834 1927 2892 Vens.
1952 2837 2006 2892 5.
2037 2834 2249 2891 Custodi
2266 2852 2362 2901 me,
2381 2835 2624 2904 Domine,
2644 2836 2709 2890 de
2733 2851 2888 2890 manu
2905 2836 3211 2907 peccatoris,
3233 2845 3280 2890 et
3302 2835 3368 2890 ab

1764 2928 2056 2984 hominibus
2085 2930 2276 3000 iniquis
2304 2929 2448 2999 eripe
2476 2944 2554 2983 me
2574 2970 2587 2994 ,
2618 2929 2704 2998 qui
2733 2930 3090 2999 cogitaverunt
3119 2928 3372 3000 supplan-

1763 3033 1871 3075 tare
1898 3037 2101 3092 gressus
2131 3036 2288 3076 meos.
2325 3020 2408 3077 Ab
2440 3037 2546 3075 uno
2586 3029 2796 3076 tantum
2836 3030 3012 3091 erepta
3055 3020 3373 3091 deprecatio

1762 3112 1996 3170 refertur
2022 3113 2088 3168 ad
2123 3115 2338 3182 plures,
2374 3122 2431 3169 ut
2457 3113 2788 3185 signiﬁcaret
2815 3123 2868 3170 et
2900 3115 2953 3168 in
2995 3129 3102 3168 uno
3142 3112 3372 3170 tradito-

1763 3225 1875 3264 rem
1897 3250 1911 3276 ,
1943 3219 1997 3264 et
2026 3211 2079 3264 in
2112 3209 2354 3280 pluribus
2386 3210 2616 3281 populus
2645 3217 2984 3266 nosceretur.
3029 3209 3099 3264 Et
3127 3209 3218 3264 uni
3250 3208 3374 3280 qui-

67 3298 161 3354 Ps.
188 3314 378 3368 cxxut,
407 3297 464 3358 η.
491 3300 579 3375 9):
606 3302 836 3383 Oramus
865 3321 994 3376 ergo
1032 3307 1086 3361 in
1131 3304 1214 3360 his
1255 3306 1413 3361 malis
1457 3305 1613 3376 positi
1641 3347 1656 3372 ,
1688 3297 1733 3361 C
1763 3303 1918 3370 dem,
1951 3313 2006 3359 et
2038 3318 2181 3368 nunc
2209 3312 2264 3359 et
2292 3304 2574 3372 superius,
2617 3302 2877 3358 malitiam
2914 3311 2968 3358 et
3007 3313 3286 3372 peccatum
3316 3311 3377 3358 et

67 3392 336 3451 dicentes:
371 3395 535 3465 Eripe
564 3413 664 3460 me,
693 3395 934 3466 Domine,
977 3416 1042 3454 ea:
1069 3400 1274 3454 homine
1294 3400 1452 3466 malo,
1498 3417 1531 3454 a
1555 3399 1662 3456 viro

64 3486 236 3554 iniquo
265 3488 425 3545 libera
455 3505 553 3544 me.
587 3488 692 3545 Sed
721 3492 934 3561 prOpria
965 3491 1081 3548 lucc
1104 3508 1224 3548 esse
1249 3493 1422 3548 oratio
1452 3492 1664 3549 Domini

67 3593 129 3634 ex
157 3583 511 3654 consequenti
540 3582 786 3651 docetur,
817 3599 936 3663 cum
961 3586 1068 3652 ait,
1096 3586 1262 3642 Vens.
1292 3588 1360 3642 5:
1397 3586 1500 3653 Qui
1525 3588 1664 3659 cogi-

68 3680 296 3730 taverunt
326 3676 554 3732 malitias
582 3677 634 3733 in
661 3678 832 3734 corde.
876 3677 1244 3750 Cogitationes
1283 3681 1465 3736 cordis
1506 3695 1667 3737 nosse

70 3779 173 3822 non
207 3778 456 3825 nostrum
487 3780 600 3839 est,
631 3773 727 3828 sed
759 3772 876 3843 ejus
901 3773 968 3828 de
993 3788 1099 3843 quo
1125 3772 1326 3828 dictum
1356 3782 1468 3829 est:
1499 3773 1667 3830 Scru-

69 3868 179 3917 tans
206 3866 368 3919 corda
399 3874 449 3919 et
474 3882 618 3921 renes
647 3865 787 3923 Deus
816 3866 990 3941 (Psal.
1020 3883 1126 3933 vn,
1157 3865 1279 3940 10):
1313 3869 1431 3936 ejus
1456 3883 1669 3938 quoque

70 3954 156 4021 qui
185 3953 325 4010 dixit
363 3956 546 4012 sciens
587 3960 940 4029 cogitationes
978 3974 1195 4014 eorum:
1240 3954 1380 4028 Quid
1422 3960 1670 4030 cogitatis

69 4047 206 4102 mala
239 4048 292 4102 in
327 4048 584 4105 cordibus
611 4051 804 4106 vestris
831 4048 1048 4121 (Matth.
1081 4066 1164 4112 Ix,
1193 4049 1287 4121 4)?
1315 4051 1407 4108 llle
1432 4052 1672 4107 occultos

69 4152 258 4195 omnes
278 4141 642 4212 malignorum
669 4143 912 4198 cordium
931 4157 1120 4198 sensus
1139 4140 1215 4214 (a)
1254 4143 1564 4212 penetrabili
1594 4152 1676 4197 at-

69 4243 172 4299 que
197 4233 387 4303 pervio
401 4233 550 4288 aditu
564 4235 790 4290 obeuntc
810 4243 997 4290 natura
1012 4234 1222 4288 virtutis
1235 4247 1346 4288 sum
1367 4241 1670 4289 contuetur.

139 4326 195 4380 4.
235 4325 334 4381 Vir
360 4328 602 4397 iniquus,
634 4329 887 4398 proditor.
923 4328 1114 4383 Christi
1138 4337 1182 4382 et
1215 4327 1412 4398 piorum
1443 4327 1542 4381 vita
1572 4336 1679 4382 tota

67 4415 199 4472 odiis
229 4419 515 4492 impiorum
543 4421 814 4494 exagitata.
843 4418 974 4476 Mali
1001 4420 1294 4474 daemonum
1317 4420 1670 4475 instrumenta.

66 4510 262 4568 -—Sed
304 4514 403 4585 qui
443 4515 577 4586 eripi
622 4530 681 4570 se
716 4515 784 4571 de
827 4514 1044 4570 homine
1084 4529 1190 4570 uno
1227 4514 1368 4569 malo
1403 4524 1455 4568 et
1493 4513 1679 4584 iniquo

66 4601 400 4676 deprecatus
430 4615 544 4672 est,
578 4607 629 4661 in
671 4621 780 4678 quo
820 4604 1127 4677 signiﬁcare
1166 4604 1480 4660 traditorem
1520 4619 1677 4661 suum

1766 3395 2104 3466 iniquitatem
2152 3395 2484 3466 exprobrat;
2532 3395 2586 3450 in
2637 3394 2888 3466 plurimis
2933 3407 3064 3449 vero
3111 3393 3376 3464 cogitatas

1767 3487 2232 3556 supplantationes
2262 3527 2278 3552 ,
2318 3486 2618 3542 absconsos
2657 3487 2880 3557 laqueos
2905 3527 2919 3550 ,
2958 3493 3240 3540 exstensas
3292 3484 3378 3540 fu-

1770 3579 1915 3634 nium
1947 3579 2264 3649 captiones,
2295 3588 2351 3634 et
2377 3580 2686 3635 continuata
2735 3577 2946 3634 semitis
2992 3575 3245 3631 scandala
3289 3588 3381 3630 ar-

1768 3675 1909 3746 guit,
1935 3676 2140 3732 dicens.

1843 3769 1895 3822 6.
1939 3767 2168 3824 Consilia
2207 3767 2270 3822 de
2305 3767 2692 3837 supplantando
2722 3766 2948 3823 Christo.
2983 3764 3181 3836 Laquei
3207 3764 3256 3821 ei
3284 3763 3381 3820 ab-

1771 3863 1958 3918 sconsi.
1992 3861 2166 3916 Funes
2197 3862 2242 3917 ei
2273 3862 2325 3916 in
2357 3862 2700 3930 muscipulam
2732 3858 3093 3928 tensi.—Qui
3122 3859 3382 3931 cogitave-

1772 3964 1893 4008 runt
1912 3956 2248 4024 supplantare
2264 3970 2466 4023 gressus
2498 3970 2654 4008 meos.
2685 3951 2851 4008 Vens.
2886 3956 2938 4008 6.
2985 3951 3380 4007 Absconderunt

1775 4047 1980 4118 superbi
2022 4046 2261 4117 laqueum
2301 4048 2459 4111 mihi,
2491 4057 2537 4101 et
2566 4047 2715 4116 funes
2742 4045 3076 4101 extenderunt
3105 4046 3158 4099 in
3187 4046 3382 4099 musci-

1776 4141 1952 4212 pulam
1983 4139 2192 4209 pedibus
2222 4139 2366 4204 meis,
2392 4141 2687 4192 continuata
2717 4139 2908 4192 sentitis
2928 4137 3173 4192 scandala
3196 4153 3382 4204 posue-

1777 4243 1898 4288 runt
1938 4233 2083 4288 mihi.
2134 4232 2518 4303 Cogitaverunt
2567 4232 2713 4287 enim
2760 4231 3060 4302 Synagoga:
3105 4232 3380 4303 principes

1779 4326 2130 4396 supplantare
2153 4338 2373 4395 gressus
2397 4323 2514 4395 ejus
2532 4365 2546 4390 ,
2572 4339 2696 4379 cum
2725 4331 2847 4394 post
2873 4323 3154 4395 depulsam
3187 4339 3380 4382 necem

1782 4418 1969 4474 Lazari
2000 4417 2065 4474 de
2093 4433 2158 4474 eo
2186 4417 2487 4473 occidendo
2513 4415 2748 4488 cogitant
2773 4415 2953 4489 (Joan.
2982 4432 3090 4485 ιιι,
3118 4417 3232 4486 10),
3255 4434 3384 4475 cum

1781 4510 1852 4568 ob
1888 4519 2140 4583 receptos
2170 4511 2356 4566 oculos
2385 4525 2532 4566 cmco
2564 4509 2638 4565 illi
2670 4526 2700 4564 a
2732 4508 3015 4565 nativitate
3054 4509 3386 4568 maledicunt

1781 4605 1906 4680 (Id.
1952 4623 2036 4671 ts,
2078 4605 2220 4679 28),
2267 4620 2389 4661 cum
2438 4605 2604 4662 taceri
2635 4602 2714 4683 .de
2769 4617 2838 4660 eo
2887 4603 3216 4672 decernunt,
3255 4619 3384 4663 cum

65 4698 435 4764 existimatur,
466 4699 576 4770 jam
607 4699 674 4755 de
705 4697 949 4770 plurimis
979 4697 1118 4753 mala
1149 4697 1202 4752 in
1233 4697 1398 4754 corde
1436 4697 1677 4766 cositan-
1703 4696 1757 4757 D
1785 4709 2018 4755 mortem
2057 4699 2460 4756 confessoribus
2498 4700 2616 4769 ejus
2652 4697 2973 4755 denuntiant
3028 4695 3206 4769 (Ibid.
3250 4697 3384 4770 22).

68 4789 214 4846 tibus
261 4790 530 4862 loquitur,
576 4790 794 4848 dicens:
839 4789 942 4858 Qui
979 4791 1326 4861 cogitaverunt
1367 4789 1589 4846 malitias
1623 4789 1680 4844 in

66 4882 244 4948 corde,
279 4891 392 4938 tota
416 4883 499 4938 die
527 4883 898 4940 constituebant
928 4883 1129 4955 praelia.
1147 4881 1312 4939 Vens.
1339 4884 1394 4939 4.
1423 4883 1682 4938 Acuerunt

66 4976 276 5044 linguas
305 4994 430 5032 suos
458 4979 590 5033 sicut
619 4989 910 5050 serpentes:
940 4994 1188 5034 uenenum
1215 4979 1456 5048 aspidum
1484 4979 1576 5034 sub
1606 4979 1682 5035 la-

65 5070 163 5124 biis
191 5087 398 5125 eorum.
430 5071 548 5128 Non
575 5073 720 5128 omni
749 5082 804 5128 et
833 5083 942 5127 tota
972 5073 1257 5130 adversum
1287 5072 1452 5129 David
1479 5073 1567 5130 die
1591 5089 1682 5130 ar-

67 5163 175 5218 mis
201 5172 479 5219 certatum
509 5175 622 5232 est,
653 5167 830 5236 neque
856 5181 1071 5236 semper
1095 5166 1355 5222 instructa
1380 5178 1507 5222 sunt
1535 5183 1678 5238 prte-

65 5255 158 5310 lia.
209 5256 522 5313 Adversum
562 5266 745 5314 autem
774 5257 1090 5325 Dominum,
1125 5259 1420 5315 secundum
1450 5275 1681 5332 evange-

65 5346 203 5404 licas
239 5347 319 5418 (b)
358 5349 696 5405 narrationes
739 5349 896 5420 ejus,
942 5350 1150 5405 nullum
1196 5359 1409 5423 tempus
1451 5366 1680 5408 vacuum

61 5437 238 5497 fuisse
269 5441 346 5496 ab
376 5440 752 5497 insectantium
796 5442 934 5498 odiis
973 5443 1295 5498 invenimus.
1320 5443 1682 5517 Paralyticum

59 5542 227 5587 sanat
259 5531 482 5605 (Matth.
510 5549 596 5600 ιι,
625 5532 718 5606 5);
751 5549 876 5589 mox
907 5533 977 5590 de
1003 5548 1070 5590 eo
1092 5533 1162 5589 ob
1187 5535 1428 5590 illicitam
1447 5545 1555 5604 λιιι
1583 5554 1682 5607 pu-

61 5628 286 5696 tabant,
318 5628 528 5698 peccati
555 5627 944 5700 indulgentiam
972 5636 1239 5686 venenato
1259 5643 1355 5686 ore
1377 5629 1678 5688 disseritur.

101 5831 227 5957 άςῖι)
267 5829 627 5902 Antiquiores
669 5828 802 5889 edit.
852 5829 1263 5901 impenetrabiles
1317 5840 1470 5904 atque
1526 5831 1693 5893 invios

141 5918 274 5957 ius.

64 5918 274 5958 nauus.

1783 4793 2071 4866 Egregium
2129 4795 2311 4864 itaque
2365 4793 2666 4849 divinarum
2726 4792 3102 4864 Operationum
3159 4805 3385 4848 suarum

1781 4903 2029 4961 gressum
2052 4896 2212 4960 atque
2233 4902 2450 4944 cursum
2479 4887 2635 4943 istius
2665 4885 2811 4943 modi
2839 4887 3004 4943 rebus
3034 4885 3387 4958 supplantare

1783 4981 2176 5053 cogitaverunt.
2218 4979 2636 5036 Absconderunt
2663 4988 2844 5036 autem
2871 4979 3093 5051 laqueos
3122 4977 3342 5051 superbi
3369 5020 3389 5049 ,

1787 5089 1910 5129 cum
1941 5072 2229 5129 SadduCaei
2257 5071 2677 5128 fraudulentiam
2709 5073 2975 5128 simulatae
3005 5071 3073 5126 de
3102 5085 3389 5128 resurrec-

1788 5168 1932 5222 tione
1961 5165 2401 5238 interrogationis
2427 5166 2699 5222 occultant
2724 5165 2935 5236 (Matth.
2958 5180 3097 5229 χιιι,
3119 5161 3236 5237 23),
3261 5179 3390 5220 cum

1787 5260 2160 5330 responsionis
2192 5259 2442 5331 laqueum
2469 5260 2714 5330 captioso
2751 5273 3004 5315 sermone
3042 5257 3393 5328 prietendunt

1793 5351 1955 5424 (Ibid.
1990 5351 2104 5424 15).
2137 5350 2393 5425 Superbi,
2421 5366 2544 5409 cum
2572 5351 2860 5408 admisceri
2889 5352 3262 5422 peccatoribus
3291 5351 3391 5409 de-

1789 5445 2100 5517 dignantur,
2126 5459 2250 5501 cum
2279 5447 2528 5503 convivia
2553 5446 2964 5517 publicanorum
2995 5446 3046 5502 ei
3073 5447 3164 5517 qui
3199 5459 3390 5516 pecca-

1792 5547 1968 5595 torum
1998 5545 2085 5595 est
2112 5538 2372 5595 remissor
2399 5538 2735 5610 exprobrant
2787 5537 2898 5610 (Id.
2949 5554 3036 5606 ιι,
3060 5538 3175 5612 ll).
3209 5537 3392 5596 Fones

1791 5633 1954 5691 etiam
1985 5631 2350 5691 extenderunt
2373 5632 2431 5690 in
2457 5632 2810 5704 museipulam
2837 5631 3063 5703 pedibus
3089 5633 3235 5704 ejus:
3263 5647 3390 5690 cum

1868 5835 1948 5917 (b)
1989 5835 2046 5894 ιιι
2077 5851 2180 5895 ms.
2214 5837 2337 5896 Mic.
2367 5837 2687 5911 operationes
2719 5837 2864 5909 ejus;
2903 5837 3066 5897 lectio
3096 5853 3204 5899 non
3241 5855 3396 5917 sper-

1796 5922 1998 5965 1101103.
