3896 6336
507 364 616 421 819

1709 349 1954 409 SANCTI
1995 350 2248 407 ΗΙιΑιιιι
2290 350 2598 407 Εριδεορι

3695 349 3772 406 810

507 471 1055 545 tributumposcitur,
1087 483 1208 526 cum
1238 469 1306 523 de
1332 466 1512 524 dando
1547 464 1750 522 Ctesari
1788 465 1988 522 tributo
2027 466 2105 522 iu-
2133 471 2184 528 Α
2212 481 2424 538 quoque
2454 467 2709 522 usitatum
2733 475 2785 521 et
2809 467 3066 538 frequens
3086 475 3145 522 et
3170 465 3450 537 proprium
3473 475 3575 531 est,
3597 465 3776 521 ιιιάὶιὶ-

515 575 826 638 terrogatur
852 564 1033 635 (Μαίη
1049 577 1183 630 un,
1201 561 1314 632 l7).
1336 559 1648 616 Absconsus
1659 566 1839 614 autem
1861 559 2110 628 superius

517 661 745 730 laqueus
774 657 872 713 fuit
895 696 910 721 .
944 669 1086 712 nunc
1115 662 1296 711 autem
1330 653 1484 710 funes
1515 652 1568 708 in
1611 653 1859 722 laqueum
1899 651 2110 708 extensi

417 769 422 774 λ
511 759 674 808 sunt:
719 759 776 806 ut
815 747 1043 804 validior
1091 748 1180 805 hic
1228 744 1668 815 interrogationis
1715 743 1941 814 laqueus
1989 757 2110 799 esse

510 852 830 900 nosceretur
861 842 914 898 in
943 841 1160 898 funibus
1179 882 1193 906 ,
1218 855 1341 895 cum
1371 853 1466 908 per
1491 852 1558 894 es
1570 846 1782 892 tensum
1809 837 2110 908 interroga-

514 934 677 992 tionis
708 934 959 1004 laqueum
977 973 994 999 ,
1027 933 1284 1004 captiosae
1311 931 1382 986 ab
1409 945 1476 986 eo
1505 929 1859 1000 professionis
1888 945 2112 1000 respon-

509 1029 596 1085 sio
623 1027 882 1084 adversus
913 1043 1108 1084 nomen
1139 1027 1370 1084 Cat-saris
1407 1033 1764 1091 qumreretur.
1807 1023 1886 1096 (a)
1925 1024 2103 1080 Conti-

509 1132 743 1180 nuantes
781 1129 962 1177 autem
1003 1121 1210 1176 semitae
1249 1117 1508 1175 scandala
1543 1129 1836 1188 posuerunt
1867 1118 1955 1172 ei:
1987 1132 2112 1172 cum

511 1217 585 1275 de
623 1217 890 1273 mandatis
930 1215 1063 1287 legis
1103 1217 1550 1285 interrogaretur,
1590 1226 1714 1267 cum
1754 1212 1906 1266 dii-es
1932 1251 1948 1277 ,
2009 1209 2114 1281 legi

511 1320 705 1383 utpote
748 1309 1114 1377 satisfaciens,
1167 1307 1295 1378 quid
1339 1305 1440 1362 sibi
1485 1304 1663 1360 adhuc
1705 1303 1846 1359 desit
1888 1301 2118 1373 requirit

513 1407 668 1480 (Luc.
698 1421 858 1470 XVIII,
892 1403 1006 1475 18),
1047 1418 1171 1458 cum
1209 1400 1351 1470 apud
1402 1415 1528 1455 eum
1567 1398 1636 1454 de
1677 1397 1884 1468 repudii
1923 1395 2116 1451 condi-

513 1503 664 1558 tione
695 1507 971 1554 tractatur.
1019 1497 1144 1552 Huic
1169 1497 1315 1551 enim
1348 1493 1831 1564 interrogationum
1862 1491 2118 1547 scandala

515 1597 592 1669 (ὁ)
629 1596 729 1650 vim
755 1608 868 1649 sua:
895 1593 1268 1660 doctrinaeque
1293 1587 1429 1660 legis
1452 1587 1762 1643 continuata
1790 1593 2118 1650 statuerunt,

514 1697 576 1742 ut
623 1687 724 1742 sub
772 1686 954 1756 specie
998 1699 1063 1739 ac
1113 1697 1299 1738 carum
1349 1679 1711 1734 familiaritate
1750 1693 1870 1748 quae
1910 1676 1962 1731 in
2002 1677 2122 1747 lege

517 1781 739 1851 scripta:
767 1787 893 1835 sunt
921 1777 1283 1848 qmestionum
1303 1816 1319 1842 ,
1348 1773 1464 1828 hac
1492 1773 1541 1827 ei
1574 1772 1773 1841 ubique
1801 1770 2123 1826 continuone

2213 575 2370 616 mus:
2395 558 2521 613 Dixi
2548 558 2802 626 Domino,
2839 559 2980 614 Deus
3011 576 3163 613 incus
3193 575 3250 614 es
3277 568 3352 611 tu.
3383 557 3660 630 Numquam
3681 575 3782 614 (01'.-

2213 653 2468 708 fessiouis
2497 653 2656 724 hujus
2684 653 2944 708 honorem
2972 655 3196 724 negavit
3225 650 3248 724 (
3264 651 3326 706 γ.
3361 651 3448 705 lib.
3479 667 3557 719 ιι,
3585 654 3640 707 de
3666 653 3778 708 Tris.

2213 761 2266 800 ιι.
2294 745 2379 810 10,
2408 755 2456 798 et
2480 746 2667 817 seqq.),
2694 755 2751 800 ut
2774 755 2828 801 ct
2856 746 3145 801 Dominum
3175 743 3529 799 conﬁteretur
3550 752 3603 799 et
3629 746 3778 806 Deum.

2214 838 2402 895 dicens
2434 857 2448 892 :
2479 836 2772 906 Conﬁtebor
2815 839 2932 905 tibi,
2974 848 3124 910 pater
3169 837 3398 891 Domine
3443 836 3550 891 ccli
3590 847 3633 891 et
3669 847 3785 891 terra

2217 931 2431 1004 (Matth.
2461 947 2536 992 ιι.
2560 929 2688 1002 25);
2714 940 2769 986 et
2799 947 3044 986 rursum:
3072 931 3156 986 Ad
3187 932 3360 986 Deum
3383 946 3559 985 meum
3581 941 3632 986 et
3654 931 3782 986 Des

2216 1021 2455 1082 vesti-um
2484 1025 2667 1097 (Joan.
2693 1026 2924 1096 xx,l7).
2966 1025 3156 1081 Oratio
3196 1040 3417 1096 quoque
3458 1025 3507 1079 ei
3549 1025 3615 1078 ad
3653 1025 3783 1079 Deum

2217 1133 2432 1188 semper
2462 1119 2639 1172 omnis
2668 1115 2789 1172 fuit.
2821 1117 3087 1174 Lazarum
3147 1118 3515 1171 suscitaturus
3559 1126 3670 1170 orat
3695 1117 3776 1186 (id.

2219 1228 2273 1268 ιι
2291 1253 2306 1279 ,
2329 1211 2393 1266 bl
2421 1209 2438 1284 )
2463 1228 2476 1278 ;
2507 1227 2674 1282 panes
2701 1221 2758 1266 et
2783 1213 2958 1280 pisces
2984 1210 3377 1266 benedictum
3403 1211 3522 1280 ipso
3545 1211 3611 1265 ad
3634 1211 3787 1266 stulam

2219 1314 2442 1376 aspectu
2492 1312 2742 1376 precatur
2781 1302 2999 1377 (Matth.
3024 1320 3141 1371 xiv,
3172 1302 3293 1374 l9):
3318 1305 3547 1359 calicem
3572 1304 3788 1360 bibitsm

2219 1415 2429 1474 pernox
2460 1409 2597 1455 orat.
2625 1401 2752 1455 Post
2776 1399 3174 1455 confessionem
3205 1399 3391 1469 itaque
3418 1398 3630 1452 Domini
3654 1400 3790 1458 etnei

2222 1496 2330 1562 sui,
2362 1495 2634 1566 sequitur:
2667 1493 2692 1547 1
2700 1495 2926 1559 naurire,
2947 1490 3191 1558 Domine,
3212 1508 3389 1546 vocent
3406 1492 3653 1545 orationis
3680 1507 3790 1544 ηις.

2224 1587 2461 1644 Honoris
2485 1586 2755 1643 confessio
2781 1586 3090 1657 praecessit,
3119 1601 3245 1641 cum
3277 1585 3575 1640 Dominum
3605 1597 3739 1637 suum
3757 1595 3794 1638 et

2227 1681 2397 1738 Deum
2442 1680 2590 1736 dicit.
2647 1679 3010 1735 Exaudiendte
3055 1689 3236 1735 autem
3283 1679 3559 1735 orationis
3600 1678 3794 1750 pacatis

2227 1773 2599 1844 consequitur,
2630 1787 2756 1827 cum
2786 1786 2846 1827 se
2874 1781 2996 1826 orat
3023 1772 3218 1827 audiri.

519 1876 654 1931 tium
683 1874 892 1930 semita:
925 1869 1409 1941 interrogationum
1436 1877 1492 1924 et
1519 1868 1933 1937 responsionum
1962 1881 2118 1920 scan.
2151 1867 2200 1930 Β
2298 1867 2388 1922 10.
2420 1866 2672 1920 Nostrum
2693 1874 2765 1920 est
2789 1867 2996 1922 virtutis
3020 1868 3258 1931 salutem,
3282 1864 3476 1922 Christi
3498 1866 3721 1920 uirtute-
3738 1881 3797 1917 rs-

521 1967 645 2024 dala
677 1974 1032 2038 ponerentur.

596 2078 757 2151 587
781 2079 835 2133 Ἰ.
866 2076 1082 2131 lnsiditz
1107 2075 1251 2130 nobis
1276 2073 1463 2143 ubique
1484 2080 1700 2145 paratae.
1729 2070 1924 2126 Orandi
1949 2086 2124 2126 neces-

523 2165 937 2227 silas.--Nobis
962 2177 1138 2223 autem
1168 2165 1512 2221 meminimus
1533 2165 1763 2234 vitaeque
1789 2173 1985 2218 nostra:
2009 2162 2127 2220 ubi-

527 2281 633 2337 que
658 2266 811 2321 funes
831 2307 846 2332 ,
876 2262 1075 2334 ubique
1099 2261 1351 2318 scandala
1371 2303 1386 2328 ,
1413 2259 1615 2330 ubique
1641 2258 1860 2329 laqueos
1885 2273 2127 2314 occurre-

527 2374 591 2416 re
617 2401 632 2425 ,
679 2356 919 2428 nihilque
950 2370 1072 2412 esse
1097 2397 1112 2422 ,
1155 2354 1242 2409 ubi
1274 2367 1379 2408 non
1410 2361 1688 2423 praetenta:
1719 2351 1874 2406 nobis
1912 2364 2128 2420 semper

528 2451 740 2508 insidiae
762 2451 889 2507 sint.
914 2449 981 2505 Et
1002 2447 1225 2505 difficile
1251 2459 1332 2504 est
1363 2461 1507 2502 nunc
1537 2445 1733 2517 laqueo
1761 2455 2000 2500 ventrem
2033 2444 2131 2499 ab-

527 2547 771 2604 solvere:
803 2545 927 2614 quia
959 2542 1205 2598 confusio
1237 2539 1343 2595 illis
1371 2547 1488 2603 est,
1517 2551 1745 2609 quorum
1771 2538 1912 2593 Deus
1941 2543 2132 2593 venter

529 2647 615 2694 est
649 2635 834 2707 (Phil.
869 2650 959 2703 ιιι,
992 2635 1111 2705 i9).
1155 2633 1357 2688 Rarum
1395 2634 1558 2689 etiam
1589 2639 1674 2686 est
1704 2643 1849 2685 nunc
1879 2645 1908 2683 a
1939 2628 2132 2700 laqueo

529 2731 747 2788 oculum
776 2730 1038 2787 liberare:
1073 2730 1199 2800 quia
1229 2727 1320 2798 qui
1349 2727 1414 2783 ad
1440 2725 1934 2797 concupiscentiam
1965 2724 2132 2794 vidit,

527 2825 640 2898 jam
673 2823 972 2880 mmchatus
1000 2823 1053 2878 in
1081 2821 1247 2877 corde
1274 2829 1358 2877 est
1385 2818 1614 2894 (Matth.
1644 2836 1697 2886 v,
1727 2817 1856 2892 28).
1891 2817 2134 2874 Arduum

534 2933 753 2990 quoque
779 2923 861 2971 est
889 2915 1126 2986 linguam
1161 2915 1353 2981 laqueo
1383 2913 1660 2968 eximere:
1701 2911 1768 2966 dc
1805 2911 1950 2966 omni
1990 2909 2137 2966 enim

539 3009 718 3065 otioso
747 3008 912 3062 verbo
943 3008 995 3061 in
1051 3005 1139 3061 die
1164 3004 1351 3076 judicil
1382 3005 1487 3060 erit
1515 3007 1650 3058 ratio
1703 3003 1977 3058 reddenda
2011 3001 2136 3076 (Id.

541 3117 660 3171 xu,
687 3101 798 3172 56).
832 3099 1048 3156 Maximi
1087 3099 1248 3154 etiam
1292 3097 1491 3152 laboris
1531 3104 1614 3152 est
1650 3110 1745 3151 cor
1775 3112 1804 3150 a
1833 3097 2024 3167 laqueo
2053 3111 2141 3152 re-

545 3196 691 3255 ferre
710 3179 727 3252 ε’
747 3193 902 3251 maia:
947 3192 1093 3250 enim
1143 3189 1496 3263 cogitationes
1521 3189 1589 3246 de
1615 3189 1778 3245 corde
1805 3198 2004 3245 exeunt
2027 3187 2136 3261 (ld.

2227 1962 2351 2017 lutis
2375 1977 2619 2016 orare.—
2633 1958 2740 2016 Sed
2769 1961 2820 2014 in
2848 1974 2916 2016 eo
2938 1961 3081 2032 quod
3107 1961 3380 2031 sequitur:
3417 1957 3797 2025 Domine,sirm

2227 2055 2412 2112 salutis
2433 2070 2576 2120 metr,
2601 2069 2708 2109 non
2731 2055 3036 2110 communis
3055 2064 3139 2110 est
3165 2053 3377 2108 fiduciae
3408 2053 3691 2124 professio.

2229 2149 2374 2205 enim
2401 2148 2510 2202 ait:
2539 2146 2701 2205 Salus
2725 2145 2942 2201 virtutis
2977 2161 3134 2202 mea.
3180 2146 3416 2201 Humani
3457 2161 3688 2216 namque
3722 2147 3799 2199 seti

2231 2259 2321 2300 res
2363 2245 2463 2298 ista
2501 2251 2614 2307 est,
2645 2250 2705 2297 ut
2737 2242 2922 2296 virtuti
2952 2250 3151 2296 nostra:
3176 2241 3413 2296 salutem
3440 2255 3732 2312 precemur,
3757 2251 3797 2296 at

2231 2337 2437 2392 sanitas
2464 2334 2547 2389 bis
2572 2335 2626 2390 in
2654 2333 2848 2405 quibus
2869 2335 3114 2388 valemus
3137 2348 3166 2387 a
3195 2333 3307 2388 Deo
3332 2335 3426 2388 sit.
3453 2331 3584 2388 llaec
3605 2342 3762 2387 autem
3781 2349 3802 2387 ε

2233 2429 2506 2488 contrario
2533 2430 2774 2500 pret-Atio
2792 2437 2907 2495 est,
2935 2441 2992 2485 ut
3021 2444 3127 2484 non
3158 2429 3374 2484 virtutis
3401 2445 3519 2484 sua:
3547 2430 3710 2490 salus,
3733 2431 3802 2484 sed

2235 2525 2422 2580 salutis
2449 2525 2616 2598 588
2639 2539 2751 2579 sure
2771 2523 2939 2579 virtus
2964 2539 2992 2576 a
3022 2523 3134 2578 Deo
3157 2523 3248 2578 sit.
3276 2523 3380 2590 Qui
3407 2523 3569 2577 saluti
3593 2523 3802 2577 virtutem

2237 2601 2511 2688 precatur,
2529 2615 2639 2686 jam
2661 2615 2728 2670 de
2756 2615 2926 2670 salute
2954 2629 3059 2669 non
3089 2615 3340 2686 ambigit,
3363 2624 3423 2670 et
3447 2624 3629 2669 certus
3652 2625 3729 2670 est
3748 2617 3804 2667 si-

2239 2711 2314 2766 hil
2342 2711 2395 2766 in
2418 2726 2478 2767 se
2497 2709 2781 2776 caducum,
2806 2709 2935 2764 nihil
2959 2710 3186 2765 mortale
3207 2723 3346 2764 esse.
3372 2707 3448 2780 (ε)
3475 2709 3584 2765 Sed
3605 2711 3674 2774 ei,
3696 2710 3804 2779 quod

2240 2805 2563 2876 assumpsit,
2592 2804 2804 2858 infirruo
2833 2813 2889 2858 ut
2913 2803 3085 2858 virtus
3111 2811 3419 2873 praestetur,
3447 2811 3570 2857 orat
3605 2818 3698 2873 per
3719 2817 3806 2855 car-

2243 2915 2343 2971 pus
2381 2898 2525 2970 quod
2565 2896 2820 2952 Dominus
2858 2897 2912 2951 in
2950 2910 3008 2950 se
3043 2895 3282 2967 gerebat.
3327 2894 3486 2964 Quod
3530 2897 3727 2950 tametsi
3751 2896 3804 2963 {di

2244 2992 2536 3050 sectniduin
2567 3004 2666 3045 nos
2695 2990 2854 3045 morti
2885 2989 3123 3046 debitum
3165 2997 3317 3054 erat,
3358 3003 3468 3043 non
3515 2997 3689 3042 tamen
3726 2995 3808 3041 erat

2245 3087 2538 3142 obnoxium
2561 3083 2913 3154 corruptioni,
2946 3084 3061 3154 ipso
3081 3098 3178 3154 per
3201 3081 3537 3153 Prophetam
3568 3082 3805 3152 loqseate:

2249 3179 2504 3248 Quoniam
2531 3194 2633 3231 non
2659 3176 2972 3244 derelinques
2996 3176 3222 3230 animam
3244 3191 3414 3230 meum
3433 3176 3490 3228 in
3511 3177 3726 3246 inferas,
3747 3189 3805 3224 se

541 3306 639 3359 xv,
671 3290 799 3362 l9).
843 3287 907 3344 Hi
946 3287 1196 3344 omnibus
1237 3285 1392 3342 nobis
1432 3285 1609 3356 laquei
1648 3284 1846 3356 ubique
1885 3285 2138 3354 przutensi
2165 3269 2210 3332 C
2243 3275 2389 3331 dabis
2407 3282 2642 3330 sanctum
2660 3282 2800 3325 tuum
2820 3271 2988 3325 uidere
3017 3269 3396 3340 corruptionem
3426 3269 3551 3342 (Ps.
3579 3267 3774 3334 nam),

541 3391 704 3443 sunt:
743 3391 801 3441 et
839 3381 1073 3439 orandus
1113 3389 1199 3437 est
1237 3381 1530 3447 Dominus,
1563 3383 1621 3434 ut
1673 3380 1741 3434 ab
1772 3379 1856 3435 bis
1896 3379 2146 3436 omnibus

539 3480 751 3552 laqueis
781 3479 907 3534 fidei
937 3486 1136 3534 nostra:
1168 3475 1361 3545 pennis
1390 3479 1446 3530 et
1484 3475 1704 3546 spiritus
1735 3475 2033 3531 evolemus.

620 3614 674 3669 8.
707 3611 808 3666 Hic
836 3620 1070 3665 mutatur
1099 3610 1286 3665 oratio.
1317 3609 1629 3664 Sanctorum
1657 3619 1729 3665 est
1759 3610 1959 3676 dicere,
2005 3610 2149 3668 Deus

548 3719 704 3760 meus
733 3721 793 3762 es
819 3705 916 3760 tu?
940 3733 1011 3745 -—
1040 3702 1242 3760 Dehinc
1282 3703 1544 3774 sequitur,
1592 3701 1754 3758 Vsus.
1785 3705 1816 3760 7
1836 3703 1988 3760 —9:
2022 3702 2151 3758 Dixi

549 3792 798 3860 Domino,
849 3793 990 3850 Deus
1036 3809 1176 3850 meus
1223 3809 1275 3850 es
1321 3803 1413 3848 tu:
1442 3793 1693 3862 inaurire,
1719 3790 2153 3859 Domine,uocem

553 3889 802 3947 orationis
832 3902 974 3944 meat.
1006 3884 1248 3954 Domine,
1265 3886 1424 3941 virtus
1454 3886 1636 3941 salutis
1663 3901 1808 3956 meat,
1841 3887 2153 3944 obumbrain

551 3998 706 4055 super
742 3990 896 4052 caput
937 3997 1103 4037 meum
1145 3981 1200 4038 in
1229 3981 1312 4036 dia
1339 3980 1479 4036 belli.
1509 3979 1594 4036 Ne
1621 3982 1815 4050 tradas,
1847 3979 2087 4054 Domine,
2122 4000 2155 4039 a

509 4138 514 4144 ,
553 4075 810 4132 desiderio
851 4091 962 4129 meo
1001 4075 1294 4144 peccatori:
1335 4075 1684 4148 cogitaverunt
1724 4076 1993 4132 aduersum
2036 4095 2156 4135 me:

553 4182 656 4222 non
677 4167 849 4223 tradas
879 4183 976 4232 me,
1009 4164 1250 4236 Domine,
1284 4183 1347 4221 ne
1374 4183 1614 4239 umquam
1639 4169 1944 4224 excitentur.
1975 4170 2045 4226 Et
2071 4172 2159 4229 hic

555 4259 899 4316 intercedens
919 4259 1213 4329 diapsalma
1235 4259 1447 4332 videtur
1473 4261 1707 4332 aliquam
1731 4260 2156 4321 detnutationetn

558 4350 836 4415 attulisse;
866 4359 920 4404 et
949 4365 1055 4404 non
1085 4351 1332 4420 exiguam
1367 4349 1606 4420 quidem.
1639 4351 1878 4424 Namque
1917 4369 2039 4412 cum
2067 4371 2160 4410 su-

560 4441 748 4511 perius
773 4440 841 4498 de
869 4442 1100 4512 cogitata
1126 4441 1590 4512 supplantatione,
1618 4442 1686 4500 de
1709 4446 2039 4503 absconditis
2081 4448 2162 4502 la-

561 4533 751 4606 queis,
781 4533 850 4590 de
879 4535 1118 4590 extensis
1147 4536 1498 4607 muscipulis,
1543 4537 1610 4592 de
1653 4533 1925 4596 scandalis
1970 4541 2162 4612 positis

562 4641 946 4737 Sfl‘tttonODtllls
977 4629 1198 4737 fuisset,
1232 4641 1376 4685 nunc
1402 4630 1468 4737 ad
1501 4631 1933 4737 D‘eutnrefertur
1960 4645 2154 4737 oratio,
2183 4673 2238 4733 Β
2263 4670 2540 4737 menum,
2571 4678 2623 4724 et
2647 4685 2712 4723 ex
2741 4670 3067 4724 conscientia
3099 4669 3308 4724 divin“:

565 4713 695 4774 Diei
723 4711 985 4775 Damino:
1023 4719 1161 4776 Deus
1188 4739 1326 4778 meus
1354 4740 1406 4778 es
1434 4733 1508 4780 tu.
1534 4723 1649 4780 Non
1685 4725 1822 4782 levis
1850 4735 2012 4797 atque
2043 4729 2158 4784 exi-

564 4827 685 4884 gua:
727 4811 939 4866 fiduciae
983 4820 1066 4867 cst
1105 4813 1332 4871 Domino
1371 4817 1574 4873 dixisse
1607 4835 1620 4871 :
1653 4815 1794 4873 Deus
1835 4837 1978 4876 meus
2000 4839 2051 4876 es
2084 4831 2159 4880 tu.

565 4903 738 4980 Loqui
766 4902 908 4960 istud
941 4920 1094 4961 mens
1121 4905 1437 4980 libidinosa,
1468 4925 1659 4980 avara,
1695 4912 1968 4980 inSolens,
2011 4916 2164 4972 ebria

425 5063 431 5070 ,
509 4999 512 5003 ’
566 5000 802 5057 fideliter
824 5015 932 5055 non
965 5006 1160 5070 potest.
1205 5001 1639 5061 Renuntiandum
1679 5005 1761 5061 his
1799 5008 2080 5076 omnibus,
2111 5019 2168 5066 et

568 5110 599 5150 a
627 5094 886 5150 servitute
928 5109 1115 5150 eorum
1160 5109 1224 5150 ac
1265 5095 1524 5151 famulatu
1570 5097 1923 5157 desinendum
1963 5113 2074 5171 est,
2109 5111 2168 5158 ut

568 5184 636 5242 ab
675 5185 759 5243 bis
801 5183 1112 5243 desinentes
1160 5185 1342 5242 dicere
1382 5188 1707 5248 audeamus:
1739 5190 1862 5246 Dixi
1907 5189 2160 5264 Domino,

506 5275 516 5358 _‘
567 5273 708 5333 Deus
751 5294 892 5334 meus
936 5296 990 5334 es
1034 5289 1108 5334 tu.
1155 5279 1224 5335 Et
1263 5278 1379 5334 hac
1404 5280 1620 5352 quidem
1649 5300 1896 5357 personas
1927 5297 2159 5359 nostrw,

506 5445 524 5453 ο
567 5387 734 5464 ψιειηι
772 5372 827 5426 in
873 5381 1130 5444 quantum
1173 5370 1256 5430 fas
1301 5381 1384 5432 est
1422 5377 1631 5451 psalmo
1657 5381 2018 5441 admiscemus
2043 5421 2058 5449 ,
2088 5382 2164 5441 ita

567 5473 814 5538 coaptata
851 5474 996 5521 sunt.

641 5576 695 5633 9.
738 5574 866 5634 Filii
903 5576 1004 5635 Dei
1041 5581 1196 5638 etiam
1221 5581 1496 5653 praprium
1523 5595 1617 5644 est.
1639 5588 1822 5649 —Setl
1849 5599 1906 5650 et
1935 5587 2165 5648 Domino

644 5743 723 5819 (a)
759 5744 938 5819 Prima
969 5749 1135 5807 editio
1161 5751 1284 5808 Par.
1314 5762 1370 5810 et
1397 5769 1498 5811 ms.
1533 5747 1662 5814 Mici
1689 5760 2056 5819 continuantis.

596 5815 1101 5941 ἱηξιδιξηὲίίείδθθηείε
1128 5837 1230 5879 ms.
1269 5826 1365 5882 vim
1398 5833 1481 5902 se.”
1495 5828 1839 5902 doctrinaque
1884 5815 2170 5906 legis-con.

2322 3369 2411 3423 Η.
2440 3366 2645 3421 Christo
2665 3365 2801 3420 unde
2825 3382 2940 3419 cum
2967 3365 3322 3436 trepidationis
3345 3362 3543 3432 uﬁ'ectu
3568 3379 3748 3418 suum
3768 3364 3806 3428 ﬁ-

2250 3461 2426 3516 ducia.
2451 3487 2521 3501 —-
2543 3457 2657 3513 Non
2685 3467 2771 3512 est
2797 3458 2956 3528 igitur
2985 3457 3053 3512 de
3081 3457 3258 3512 salute
3287 3467 3502 3511 natura:
3531 3456 3688 3526 hujus
3709 3457 3750 3508 is
3771 3470 3806 3506 si:

2251 3552 2482 3610 infirmis
2513 3551 2770 3605 incertus.
2800 3549 2982 3607 Solam
3015 3564 3044 3603 a
3077 3549 3188 3604 Deo
3215 3550 3474 3602 virtutem
3507 3548 3626 3618 ejus
3651 3563 3748 3617 qua
3775 3547 3804 3596 is

2253 3661 2314 3702 se
2338 3647 2409 3700 sit
2433 3645 2621 3701 salutis
2647 3653 2797 3699 orat:
2826 3652 2882 3699 et
2905 3652 3023 3698 orat
3051 3658 3147 3714 per
3175 3644 3313 3697 hanc
3337 3641 3718 3697 conﬁdentiam
3740 3655 3808 3708 se:

2253 3739 2362 3796 ait:
2395 3737 2718 3793 Obumbrasti
2753 3753 2906 3809 super
2941 3743 3097 3804 caput
3121 3750 3290 3789 meum
3316 3735 3373 3789 in
3414 3735 3503 3788 die
3539 3734 3674 3788 belli.
3703 3734 3745 3788 Si
3766 3746 3808 3784 et

2257 3847 2487 3904 persona
2530 3833 2790 3901 cujusque
2835 3829 3070 3885 hominis
3114 3829 3355 3899 psalmus
3397 3828 3490 3884 hic
3531 3828 3703 3883 omnis
3728 3835 3806 3887 est;

2256 3925 2533 3999 quomodo
2559 3924 2660 3982 sibi
2693 3934 2800 3980 tam
2831 3924 3042 3980 diversa
3070 3925 3394 3990 conveniet,
3424 3931 3490 3978 ut
3514 3939 3632 3978 cum
3659 3923 3809 3977 dictas

2258 4021 2357 4076 sit:
2387 4019 2548 4091 Eripe
2572 4034 2670 4085 me,
2704 4016 2942 4083 Domine,
2958 4017 3020 4071 ab
3034 4017 3239 4071 homins
3251 4018 3412 4082 male,
3436 4026 3526 4072 et:
3551 4015 3809 4071 Castalius

2261 4113 2324 4167 de
2345 4127 2502 4166 manu
2530 4111 2832 4181 peccatoris,
2849 4108 3099 4176 Domine;
3130 4123 3276 4164 nunc
3304 4124 3527 4164 rursum
3544 4121 3744 4164 securus
3766 4107 3811 4156 ei:

2262 4203 2512 4258 omnibus
2539 4203 2712 4258 dicat:
2747 4201 3077 4256 Obumbrasti
3107 4217 3261 4268 super
3288 4210 3448 4274 caput
3481 4217 3646 4256 meum
3685 4204 3728 4252 is
3757 4197 3811 4250 di:

2263 4296 2425 4351 belli?
2448 4306 2500 4351 et
2522 4310 2642 4350 cum
2670 4294 2917 4366 superius
2941 4309 3006 4349 ex
3035 4301 3184 4349 metu
3207 4291 3377 4348 fuerit
3402 4297 3604 4359 oratio,
3634 4307 3749 4348 nunc
3768 4291 3812 4341 si:

2260 4390 2549 4462 gratulatio
2574 4405 2640 4445 ex
2667 4389 2988 4445 securitate?
3027 4387 3141 4444 Hoc
3166 4397 3348 4443 autem
3377 4396 3551 4443 totum
3577 4388 3674 4443 dici
3697 4385 3748 4438 ab
3772 4397 3808 4435 [³2

2265 4472 2332 4540 es
2361 4485 2568 4539 ratione
2596 4483 2821 4554 poterit,
2850 4482 2938 4554 qui
2963 4496 3159 4555 gerens
3186 4482 3423 4538 hominis
3471 4483 3668 4553 Deique
3702 4489 3812 4534 nua-

2265 4593 2380 4634 ram
2404 4621 2419 4646 ,
2454 4577 2683 4634 habebat
2707 4586 2763 4632 et
2785 4591 2850 4632 ex
2880 4576 3112 4632 hominis
3142 4577 3460 4633 inﬁrmitate
3503 4572 3814 4646 trepidatieeié

3311 4671 3404 4725 itis
3433 4669 3678 4724 ﬁduciam
3704 4681 3815 4720 sem-

2265 4763 2463 4818 ritatis.
2503 4761 2617 4817 Scit
2644 4770 2822 4816 autem
2853 4775 2911 4815 se
2942 4761 2993 4814 in
3025 4760 3110 4816 die
3137 4763 3360 4830 gloriosi
3392 4762 3540 4817 illius
3570 4762 3714 4824 belli,
3739 4772 3814 4825 es:

2269 4866 2496 4912 mortem
2526 4855 2776 4926 perimet,
2803 4869 2910 4924 quo
2931 4853 3198 4910 diabolum
3221 4857 3420 4921 vincet,
3441 4872 3549 4926 quo
3561 4869 3730 4910 omnes
3752 4868 3816 4919 p2-

2271 4956 2491 5003 testates
2513 4947 2756 5001 inimicas
2777 4945 3049 5015 triumpho
3069 4946 3248 5001 crucis
3267 4961 3379 5000 suae
3399 4949 3650 5018 conliget,
3667 4947 3813 4998 obes:-

2270 5041 2480 5096 bratum
2507 5047 2912 5110 protectumque
2933 5039 3020 5094 iri.
3037 5039 3276 5108 Namque
3295 5055 3418 5095 cum
3441 5055 3510 5095 ex
3535 5055 3736 5111 pet-scas
3753 5039 3818 5089 tu;

2273 5132 2442 5205 patris
2464 5132 2664 5188 dictum
2685 5131 2753 5188 de
2773 5147 2840 5187 eo
2863 5141 3021 5187 antea
3046 5131 3235 5187 fuerit:
3260 5129 3391 5186 Cum
3416 5133 3532 5200 ipso
3555 5149 3664 5186 sum
3687 5134 3732 5182 is
3757 5143 3818 5180 nr.-

2272 5225 2530 5280 bulatione
2558 5225 2674 5296 (Ps.
2709 5238 2779 5279 xc
2801 5265 2815 5289 ,
2843 5223 2976 5295 l5);
3008 5231 3066 5278 et
3094 5238 3340 5278 rursum:
3377 5223 3567 5279 Manus
3597 5228 3713 5277 arisi
3738 5236 3820 5271 res

2271 5317 2609 5372 auxiliabitur
2629 5317 2696 5380 ei,
2713 5325 2760 5370 ct
2783 5315 3044 5372 brachium
3068 5298 3238 5370 meum
3261 5318 3571 5387 confortabit
3590 5332 3704 5376 esst,
3723 5312 3819 5364 sitsi

2270 5410 2503 5482 proﬁciet
2527 5408 2766 5462 inimicus
2789 5407 2843 5461 in
2869 5423 2949 5475 eo,
2975 5417 3021 5462 st
3048 5407 3189 5478 ﬁlius
3217 5409 3510 5478 iniquitatis
3532 5426 3628 5463 non
3649 5408 3820 5479 αέῇι-έίτ

2269 5501 2522 5585 ηοσονιίσὶ
2550 5498 2680 5569 (Ps.
2709 5513 2970 5563 Lxxxvm,
2999 5497 3070 5551 22
3094 5507 3141 5552 et
3167 5501 3240 5555 25
3254 5499 3280 5570 )
3307 5517 3324 5567 ;
3358 5503 3487 5572 quid
3518 5501 3720 5572 pmfecit
3747 5497 3820 5548 tui-

2271 5595 2443 5650 micus
2485 5591 2680 5649 ludam
2721 5592 2790 5647 ad
2833 5591 3168 5650 voluntatem
3213 5593 3520 5651 traditionis
3557 5586 3819 5665 inspirans!

2350 5758 2429 5886 (?
2465 5758 2553 5815 Sic
2573 5770 2705 5814 mss.
2734 5755 2802 5816 At
2829 5754 2955 5812 editi
3008 5756 3098 5814 sed
3122 5765 3170 5812 st
3189 5758 3328 5826 quod
3352 5757 3637 5829 assumpsit.
3791 5823 3803 5831 ~

2352 5837 2369 5886 t
2418 5831 2436 5886 l
2477 5829 2532 5885 ld
2557 5837 2658 5886 est.
2688 5826 2857 5884 nostri
2883 5799 3142 5882 adlnstar
3164 5825 3301 5884 mori
3333 5827 3578 5885 debebat.
3607 5827 3803 5886 Part->3

2352 5826 2436 5904 (ό)
2477 5829 2532 5885 ld
2557 5837 2669 5904 est,
2688 5826 2949 5904 nostriad
2969 5826 3142 5904 instar
3164 5826 3301 5884 mori
3333 5826 3823 5904 debebauniznrpssi-

2292 5895 2451 5965 tto'ni's
2477 5900 2758 5960 secundum
2783 5899 2973 5958 eadem
3005 5899 3086 5960 vis
3111 5910 3194 5957 est
3223 5915 3387 5975 supra
3409 5915 3526 5974 pag.
3551 5896 3666 5965 455,
3685 5895 3738 5951 b.
