  <div class='ocr_page' id='page_1' title='image "/cluster/home/n/w/nwhite01/storage/ocr_20150623/9/hvd.32044015471261/428.png"; bbox 0 0 3896 6336; ppageno 0'>
   <div class='ocr_carea' id='block_1_1' title="bbox 86 359 181 429">
    <p class='ocr_par' dir='ltr' id='par_1_1' title="bbox 86 359 181 429">
     <span class='ocr_line' id='line_1_1' title="bbox 86 359 181 429; baseline 0.084 -8"><span class='ocrx_word' id='word_1_1' title='bbox 86 359 181 429; x_wconf 64' lang='lat'><strong>831</strong></span> 
     </span>
    </p>
   </div>
   <div class='ocr_carea' id='block_1_2' title="bbox 1077 365 2283 436">
    <p class='ocr_par' dir='ltr' id='par_1_2' title="bbox 1077 365 2283 436">
     <span class='ocr_line' id='line_1_2' title="bbox 1077 365 2283 436; baseline 0.012 -13"><span class='ocrx_word' id='word_1_2' title='bbox 1077 365 1493 427; x_wconf 71' lang='lat' dir='ltr'><strong>TRACTATUB</strong></span> <span class='ocrx_word' id='word_1_3' title='bbox 1525 368 1594 427; x_wconf 67' lang='grc' dir='ltr'><strong>ΙΝ</strong></span> <span class='ocrx_word' id='word_1_4' title='bbox 1629 369 1899 430; x_wconf 70' lang='lat' dir='ltr'><strong>CXXXIX</strong></span> <span class='ocrx_word' id='word_1_5' title='bbox 1936 374 2283 436; x_wconf 70' lang='lat' dir='ltr'><strong>PSALMUM.</strong></span> 
     </span>
    </p>
   </div>
   <div class='ocr_carea' id='block_1_3' title="bbox 3268 383 3378 441">
    <p class='ocr_par' dir='ltr' id='par_1_3' title="bbox 3268 383 3378 441">
     <span class='ocr_line' id='line_1_3' title="bbox 3268 383 3378 441; baseline 0 -2"><span class='ocrx_word' id='word_1_6' title='bbox 3268 383 3378 441; x_wconf 68' lang='lat'><strong>822</strong></span> 
     </span>
    </p>
   </div>
   <div class='ocr_carea' id='block_1_4' title="bbox 88 478 3384 565">
    <p class='ocr_par' dir='ltr' id='par_1_4' title="bbox 88 478 3384 565">
     <span class='ocr_line' id='line_1_4' title="bbox 88 478 3384 565; baseline 0.005 -31"><span class='ocrx_word' id='word_1_7' title='bbox 88 478 418 539; x_wconf 69' lang='lat' dir='ltr'><strong>Permissum</strong></span> <span class='ocrx_word' id='word_1_8' title='bbox 436 479 583 538; x_wconf 85' lang='lat' dir='ltr'><strong>enim</strong></span> <span class='ocrx_word' id='word_1_9' title='bbox 601 494 800 551; x_wconf 78' lang='lat' dir='ltr'><strong>corpus</strong></span> <span class='ocrx_word' id='word_1_10' title='bbox 820 480 1058 552; x_wconf 83' lang='lat' dir='ltr'><strong>passioni</strong></span> <span class='ocrx_word' id='word_1_11' title='bbox 1077 490 1189 550; x_wconf 79' lang='lat' dir='ltr'><strong>est;</strong></span> <span class='ocrx_word' id='word_1_12' title='bbox 1210 484 1398 557; x_wconf 78' lang='lat' dir='ltr'><strong>(s)sed</strong></span> <span class='ocrx_word' id='word_1_13' title='bbox 1422 486 1684 556; x_wconf 87' lang='lat' dir='ltr'><strong>permissa</strong></span> <span class='ocrx_word' id='word_1_14' title='bbox 1708 488 1766 552; x_wconf 76' lang='grc' dir='ltr'><strong>Α</strong></span> <span class='ocrx_word' id='word_1_15' title='bbox 1788 488 2103 560; x_wconf 85' lang='lat' dir='ltr'><strong>prophetata</strong></span> <span class='ocrx_word' id='word_1_16' title='bbox 2134 503 2281 562; x_wconf 87' lang='lat' dir='ltr'><strong>sunt,</strong></span> <span class='ocrx_word' id='word_1_17' title='bbox 2314 492 2663 565; x_wconf 77' lang='lat' dir='ltr'><strong>impleantur.</strong></span> <span class='ocrx_word' id='word_1_18' title='bbox 2685 492 2818 551; x_wconf 89' lang='lat' dir='ltr'><strong>Orat</strong></span> <span class='ocrx_word' id='word_1_19' title='bbox 2837 504 3019 561; x_wconf 88' lang='lat' dir='ltr'><strong>autem</strong></span> <span class='ocrx_word' id='word_1_20' title='bbox 3044 496 3114 553; x_wconf 87' lang='lat' dir='ltr'><strong>de</strong></span> <span class='ocrx_word' id='word_1_21' title='bbox 3137 495 3245 564; x_wconf 87' lang='lat' dir='ltr'><strong>bis,</strong></span> <span class='ocrx_word' id='word_1_22' title='bbox 3274 512 3384 552; x_wconf 90' lang='lat' dir='ltr'><strong>non</strong></span> 
     </span>
    </p>
   </div>
   <div class='ocr_carea' id='block_1_5' title="bbox 88 572 1682 638">
    <p class='ocr_par' dir='ltr' id='par_1_5' title="bbox 88 572 1682 638">
     <span class='ocr_line' id='line_1_5' title="bbox 88 572 1682 638; baseline 0.003 -9"><span class='ocrx_word' id='word_1_23' title='bbox 88 572 187 631; x_wconf 88' lang='lat' dir='ltr'><strong>sibi</strong></span> <span class='ocrx_word' id='word_1_24' title='bbox 207 613 222 638; x_wconf 83' lang='lat'><strong>.</strong></span> <span class='ocrx_word' id='word_1_25' title='bbox 253 572 530 633; x_wconf 78' lang='lat' dir='ltr'><strong>dominata</strong></span> <span class='ocrx_word' id='word_1_26' title='bbox 560 588 710 630; x_wconf 81' lang='lat' dir='ltr'><strong>mors</strong></span> <span class='ocrx_word' id='word_1_27' title='bbox 739 588 845 631; x_wconf 71' lang='lat' dir='ltr'><strong>non</strong></span> <span class='ocrx_word' id='word_1_28' title='bbox 870 572 1002 629; x_wconf 89' lang='lat' dir='ltr'><strong>fuit:</strong></span> <span class='ocrx_word' id='word_1_29' title='bbox 1036 574 1269 632; x_wconf 83' lang='lat' dir='ltr'><strong>Sanctus</strong></span> <span class='ocrx_word' id='word_1_30' title='bbox 1294 577 1440 632; x_wconf 87' lang='lat' dir='ltr'><strong>enim</strong></span> <span class='ocrx_word' id='word_1_31' title='bbox 1469 592 1574 633; x_wconf 85' lang='lat' dir='ltr'><strong>non</strong></span> <span class='ocrx_word' id='word_1_32' title='bbox 1600 579 1682 634; x_wconf 84' lang='lat' dir='ltr'><strong>vl-</strong></span> 
     </span>
    </p>
   </div>
   <div class='ocr_carea' id='block_1_6' title="bbox 86 664 1684 737">
    <p class='ocr_par' dir='ltr' id='par_1_6' title="bbox 86 664 1684 737">
     <span class='ocr_line' id='line_1_6' title="bbox 86 664 1684 737; baseline 0.003 -15"><span class='ocrx_word' id='word_1_33' title='bbox 86 664 165 723; x_wconf 92' lang='lat' dir='ltr'><strong>dit</strong></span> <span class='ocrx_word' id='word_1_34' title='bbox 201 665 635 736; x_wconf 69' lang='lat' dir='ltr'><strong>corruptionem.</strong></span> <span class='ocrx_word' id='word_1_35' title='bbox 679 666 746 726; x_wconf 83' lang='lat' dir='ltr'><strong>Et</strong></span> <span class='ocrx_word' id='word_1_36' title='bbox 776 665 1074 737; x_wconf 72' lang='lat' dir='ltr'><strong>iniquitatis</strong></span> <span class='ocrx_word' id='word_1_37' title='bbox 1101 667 1244 723; x_wconf 74' lang='lat' dir='ltr'><strong>ﬁlius</strong></span> <span class='ocrx_word' id='word_1_38' title='bbox 1267 683 1390 724; x_wconf 87' lang='lat' dir='ltr'><strong>eum</strong></span> <span class='ocrx_word' id='word_1_39' title='bbox 1418 684 1541 726; x_wconf 84' lang='lat' dir='ltr'><strong>eum</strong></span> <span class='ocrx_word' id='word_1_40' title='bbox 1574 677 1684 726; x_wconf 89' lang='lat' dir='ltr'><strong>tra-</strong></span> 
     </span>
    </p>
   </div>
   <div class='ocr_carea' id='block_1_7' title="bbox 87 759 1681 831">
    <p class='ocr_par' dir='ltr' id='par_1_7' title="bbox 87 759 1681 831">
     <span class='ocr_line' id='line_1_7' title="bbox 87 759 1681 831; baseline -0.001 -10"><span class='ocrx_word' id='word_1_41' title='bbox 87 759 270 827; x_wconf 80' lang='lat' dir='ltr'><strong>deret,</strong></span> <span class='ocrx_word' id='word_1_42' title='bbox 315 759 385 817; x_wconf 84' lang='lat' dir='ltr'><strong>ad</strong></span> <span class='ocrx_word' id='word_1_43' title='bbox 427 759 729 819; x_wconf 78' lang='lat' dir='ltr'><strong>nocendum</strong></span> <span class='ocrx_word' id='word_1_44' title='bbox 770 761 825 816; x_wconf 84' lang='lat' dir='ltr'><strong>ei</strong></span> <span class='ocrx_word' id='word_1_45' title='bbox 862 760 991 831; x_wconf 88' lang='lat' dir='ltr'><strong>quid</strong></span> <span class='ocrx_word' id='word_1_46' title='bbox 1029 760 1264 831; x_wconf 73' lang='lat' dir='ltr'><strong>adjecit?</strong></span> <span class='ocrx_word' id='word_1_47' title='bbox 1292 761 1408 818; x_wconf 84' lang='lat' dir='ltr'><strong>Non</strong></span> <span class='ocrx_word' id='word_1_48' title='bbox 1438 763 1601 820; x_wconf 86' lang='lat' dir='ltr'><strong>modo</strong></span> <span class='ocrx_word' id='word_1_49' title='bbox 1627 764 1681 820; x_wconf 88' lang='lat' dir='ltr'><strong>in</strong></span> 
     </span>
    </p>
   </div>
   <div class='ocr_carea' id='block_1_8' title="bbox 86 852 1686 923">
    <p class='ocr_par' dir='ltr' id='par_1_8' title="bbox 86 852 1686 923">
     <span class='ocr_line' id='line_1_8' title="bbox 86 852 1686 923; baseline 0.004 -16"><span class='ocrx_word' id='word_1_50' title='bbox 86 853 251 909; x_wconf 87' lang='lat' dir='ltr'><strong>vitam</strong></span> <span class='ocrx_word' id='word_1_51' title='bbox 277 867 479 923; x_wconf 86' lang='lat' dir='ltr'><strong>corpus</strong></span> <span class='ocrx_word' id='word_1_52' title='bbox 506 852 665 909; x_wconf 88' lang='lat' dir='ltr'><strong>redtit</strong></span> <span class='ocrx_word' id='word_1_53' title='bbox 690 867 758 909; x_wconf 79' lang='lat' dir='ltr'><strong>ex</strong></span> <span class='ocrx_word' id='word_1_54' title='bbox 788 862 993 919; x_wconf 89' lang='lat' dir='ltr'><strong>morte,</strong></span> <span class='ocrx_word' id='word_1_55' title='bbox 1024 853 1121 909; x_wconf 81' lang='lat' dir='ltr'><strong>sed</strong></span> <span class='ocrx_word' id='word_1_56' title='bbox 1147 854 1312 910; x_wconf 85' lang='lat' dir='ltr'><strong>etiam</strong></span> <span class='ocrx_word' id='word_1_57' title='bbox 1340 855 1407 917; x_wconf 88' lang='lat' dir='ltr'><strong>ad</strong></span> <span class='ocrx_word' id='word_1_58' title='bbox 1436 854 1686 913; x_wconf 84' lang='lat' dir='ltr'><strong>divinita-</strong></span> 
     </span>
    </p>
   </div>
   <div class='ocr_carea' id='block_1_9' title="bbox 88 943 1454 1015">
    <p class='ocr_par' dir='ltr' id='par_1_9' title="bbox 88 943 1454 1015">
     <span class='ocr_line' id='line_1_9' title="bbox 88 943 1454 1015; baseline -0.001 -12"><span class='ocrx_word' id='word_1_59' title='bbox 88 945 156 1003; x_wconf 94' lang='lat' dir='ltr'><strong>tis</strong></span> <span class='ocrx_word' id='word_1_60' title='bbox 183 944 417 1014; x_wconf 88' lang='lat' dir='ltr'><strong>gloriam</strong></span> <span class='ocrx_word' id='word_1_61' title='bbox 449 954 639 1000; x_wconf 84' lang='lat' dir='ltr'><strong>natura</strong></span> <span class='ocrx_word' id='word_1_62' title='bbox 669 943 1039 1015; x_wconf 88' lang='lat' dir='ltr'><strong>curruptionis</strong></span> <span class='ocrx_word' id='word_1_63' title='bbox 1068 946 1323 1015; x_wconf 86' lang='lat' dir='ltr'><strong>absorpta</strong></span> <span class='ocrx_word' id='word_1_64' title='bbox 1350 954 1454 1003; x_wconf 89' lang='lat' dir='ltr'><strong>est.</strong></span> 
     </span>
    </p>
   </div>
   <div class='ocr_carea' id='block_1_10' title="bbox 159 1035 1687 1109">
    <p class='ocr_par' dir='ltr' id='par_1_10' title="bbox 159 1035 1687 1109">
     <span class='ocr_line' id='line_1_10' title="bbox 159 1035 1687 1109; baseline 0.001 -16"><span class='ocrx_word' id='word_1_65' title='bbox 159 1037 249 1094; x_wconf 65' lang='lat' dir='ltr'><strong>ii.</strong></span> <span class='ocrx_word' id='word_1_66' title='bbox 293 1035 446 1093; x_wconf 80' lang='lat' dir='ltr'><strong>Patri</strong></span> <span class='ocrx_word' id='word_1_67' title='bbox 488 1037 768 1109; x_wconf 76' lang='lat' dir='ltr'><strong>obsequens</strong></span> <span class='ocrx_word' id='word_1_68' title='bbox 787 1078 803 1101; x_wconf 92' lang='lat'><strong>,</strong></span> <span class='ocrx_word' id='word_1_69' title='bbox 833 1037 994 1092; x_wconf 80' lang='lat' dir='ltr'><strong>etiam</strong></span> <span class='ocrx_word' id='word_1_70' title='bbox 1018 1037 1325 1093; x_wconf 74' lang='lat' dir='ltr'><strong>uoluntatem</strong></span> <span class='ocrx_word' id='word_1_71' title='bbox 1355 1040 1521 1095; x_wconf 70' lang='lat' dir='ltr'><strong>habet.</strong></span> <span class='ocrx_word' id='word_1_72' title='bbox 1558 1040 1687 1106; x_wconf 71' lang='lat' dir='ltr'><strong>Qua</strong></span> 
     </span>
    </p>
   </div>
   <div class='ocr_carea' id='block_1_11' title="bbox 88 1131 1686 1205">
    <p class='ocr_par' dir='ltr' id='par_1_11' title="bbox 88 1131 1686 1205">
     <span class='ocr_line' id='line_1_11' title="bbox 88 1131 1686 1205; baseline 0.003 -18"><span class='ocrx_word' id='word_1_73' title='bbox 88 1131 151 1188; x_wconf 86' lang='lat' dir='ltr'><strong>de</strong></span> <span class='ocrx_word' id='word_1_74' title='bbox 177 1148 274 1187; x_wconf 82' lang='lat' dir='ltr'><strong>sua</strong></span> <span class='ocrx_word' id='word_1_75' title='bbox 298 1131 535 1204; x_wconf 78' lang='lat' dir='ltr'><strong>passione</strong></span> <span class='ocrx_word' id='word_1_76' title='bbox 556 1131 805 1200; x_wconf 61' lang='lat' dir='ltr'><strong>pradicta</strong></span> <span class='ocrx_word' id='word_1_77' title='bbox 821 1143 974 1198; x_wconf 84' lang='lat' dir='ltr'><strong>sunt,</strong></span> <span class='ocrx_word' id='word_1_78' title='bbox 998 1141 1142 1204; x_wconf 79' lang='lat' dir='ltr'><strong>aptat</strong></span> <span class='ocrx_word' id='word_1_79' title='bbox 1159 1134 1363 1205; x_wconf 78' lang='lat' dir='ltr'><strong>impleri</strong></span> <span class='ocrx_word' id='word_1_80' title='bbox 1388 1143 1439 1190; x_wconf 88' lang='lat' dir='ltr'><strong>et</strong></span> <span class='ocrx_word' id='word_1_81' title='bbox 1460 1137 1515 1190; x_wconf 86' lang='lat' dir='ltr'><strong>in</strong></span> <span class='ocrx_word' id='word_1_82' title='bbox 1540 1137 1686 1193; x_wconf 84' lang='lat' dir='ltr'><strong>nulla</strong></span> 
     </span>
    </p>
   </div>
   <div class='ocr_carea' id='block_1_12' title="bbox 89 1223 1689 1297">
    <p class='ocr_par' dir='ltr' id='par_1_12' title="bbox 89 1223 1689 1297">
     <span class='ocr_line' id='line_1_12' title="bbox 89 1223 1689 1297; baseline 0.004 -17"><span class='ocrx_word' id='word_1_83' title='bbox 89 1225 384 1297; x_wconf 64' lang='lat' dir='ltr'><strong>praepediri.</strong></span> <span class='ocrx_word' id='word_1_84' title='bbox 413 1253 487 1273; x_wconf 66' lang='grc' dir='ltr'>ςιν-</span> <span class='ocrx_word' id='word_1_85' title='bbox 512 1223 750 1280; x_wconf 85' lang='lat' dir='ltr'><strong>Securus</strong></span> <span class='ocrx_word' id='word_1_86' title='bbox 789 1225 970 1296; x_wconf 85' lang='lat' dir='ltr'><strong>itaque</strong></span> <span class='ocrx_word' id='word_1_87' title='bbox 997 1234 1053 1280; x_wconf 91' lang='lat' dir='ltr'><strong>et</strong></span> <span class='ocrx_word' id='word_1_88' title='bbox 1079 1226 1358 1282; x_wconf 82' lang='lat' dir='ltr'><strong>conlidens</strong></span> <span class='ocrx_word' id='word_1_89' title='bbox 1396 1229 1689 1287; x_wconf 86' lang='lat' dir='ltr'><strong>obumbra-</strong></span> 
     </span>
    </p>
   </div>
   <div class='ocr_carea' id='block_1_13' title="bbox 91 1320 1687 1393">
    <p class='ocr_par' dir='ltr' id='par_1_13' title="bbox 91 1320 1687 1393">
     <span class='ocr_line' id='line_1_13' title="bbox 91 1320 1687 1393; baseline 0.002 -17"><span class='ocrx_word' id='word_1_90' title='bbox 91 1330 200 1376; x_wconf 91' lang='lat' dir='ltr'><strong>tum</strong></span> <span class='ocrx_word' id='word_1_91' title='bbox 227 1334 290 1375; x_wconf 79' lang='lat' dir='ltr'><strong>se</strong></span> <span class='ocrx_word' id='word_1_92' title='bbox 316 1335 438 1377; x_wconf 84' lang='lat' dir='ltr'><strong>esse</strong></span> <span class='ocrx_word' id='word_1_93' title='bbox 467 1320 521 1375; x_wconf 91' lang='lat' dir='ltr'><strong>in</strong></span> <span class='ocrx_word' id='word_1_94' title='bbox 548 1320 637 1375; x_wconf 90' lang='lat' dir='ltr'><strong>die</strong></span> <span class='ocrx_word' id='word_1_95' title='bbox 662 1320 811 1388; x_wconf 84' lang='lat' dir='ltr'><strong>belli,</strong></span> <span class='ocrx_word' id='word_1_96' title='bbox 841 1321 1004 1376; x_wconf 84' lang='lat' dir='ltr'><strong>etiam</strong></span> <span class='ocrx_word' id='word_1_97' title='bbox 1033 1320 1136 1376; x_wconf 80' lang='lat' dir='ltr'><strong>hoc</strong></span> <span class='ocrx_word' id='word_1_98' title='bbox 1159 1333 1439 1393; x_wconf 73' lang='lat' dir='ltr'><strong>precatur:</strong></span> <span class='ocrx_word' id='word_1_99' title='bbox 1470 1322 1556 1379; x_wconf 81' lang='lat' dir='ltr'><strong>Ne</strong></span> <span class='ocrx_word' id='word_1_100' title='bbox 1582 1335 1687 1380; x_wconf 85' lang='lat' dir='ltr'><strong>tra-</strong></span> 
     </span>
    </p>
   </div>
   <div class='ocr_carea' id='block_1_14' title="bbox 89 1412 1688 1486">
    <p class='ocr_par' dir='ltr' id='par_1_14' title="bbox 89 1412 1688 1486">
     <span class='ocr_line' id='line_1_14' title="bbox 89 1412 1688 1486; baseline 0.004 -19"><span class='ocrx_word' id='word_1_101' title='bbox 89 1415 202 1482; x_wconf 74' lang='lat' dir='ltr'><strong>das,</strong></span> <span class='ocrx_word' id='word_1_102' title='bbox 230 1412 470 1478; x_wconf 76' lang='lat' dir='ltr'><strong>Domina,</strong></span> <span class='ocrx_word' id='word_1_103' title='bbox 499 1432 535 1468; x_wconf 71' lang='grc' dir='ltr'><strong><em>ι</em></strong></span> <span class='ocrx_word' id='word_1_104' title='bbox 562 1414 818 1469; x_wconf 77' lang='lat' dir='ltr'><strong>desiderio</strong></span> <span class='ocrx_word' id='word_1_105' title='bbox 845 1429 960 1472; x_wconf 83' lang='lat' dir='ltr'><strong>meo</strong></span> <span class='ocrx_word' id='word_1_106' title='bbox 985 1416 1260 1486; x_wconf 76' lang='lat' dir='ltr'><strong>peccaturi.</strong></span> <span class='ocrx_word' id='word_1_107' title='bbox 1290 1415 1396 1484; x_wconf 85' lang='lat' dir='ltr'><strong>Qui</strong></span> <span class='ocrx_word' id='word_1_108' title='bbox 1424 1417 1531 1473; x_wconf 85' lang='lat' dir='ltr'><strong>ait:</strong></span> <span class='ocrx_word' id='word_1_109' title='bbox 1563 1417 1688 1475; x_wconf 83' lang='lat' dir='ltr'><strong>Non</strong></span> 
     </span>
    </p>
   </div>
   <div class='ocr_carea' id='block_1_15' title="bbox 88 1508 1690 1585">
    <p class='ocr_par' dir='ltr' id='par_1_15' title="bbox 88 1508 1690 1585">
     <span class='ocr_line' id='line_1_15' title="bbox 88 1508 1690 1585; baseline 0.002 -22"><span class='ocrx_word' id='word_1_110' title='bbox 88 1509 203 1563; x_wconf 77' lang='lat' dir='ltr'><strong>ueni</strong></span> <span class='ocrx_word' id='word_1_111' title='bbox 242 1508 551 1563; x_wconf 71' lang='lat' dir='ltr'><strong>voluntatem</strong></span> <span class='ocrx_word' id='word_1_112' title='bbox 589 1523 754 1562; x_wconf 79' lang='lat' dir='ltr'><strong>meum</strong></span> <span class='ocrx_word' id='word_1_113' title='bbox 781 1509 981 1581; x_wconf 78' lang='lat' dir='ltr'><strong>facere,</strong></span> <span class='ocrx_word' id='word_1_114' title='bbox 1013 1509 1103 1564; x_wconf 86' lang='lat' dir='ltr'><strong>sed</strong></span> <span class='ocrx_word' id='word_1_115' title='bbox 1126 1510 1434 1567; x_wconf 77' lang='lat' dir='ltr'><strong>uoluntatem</strong></span> <span class='ocrx_word' id='word_1_116' title='bbox 1463 1513 1574 1581; x_wconf 82' lang='lat' dir='ltr'><strong>ejus</strong></span> <span class='ocrx_word' id='word_1_117' title='bbox 1601 1513 1690 1585; x_wconf 85' lang='lat' dir='ltr'><strong>qui</strong></span> 
     </span>
    </p>
   </div>
   <div class='ocr_carea' id='block_1_16' title="bbox 88 1598 1690 1676">
    <p class='ocr_par' dir='ltr' id='par_1_16' title="bbox 88 1598 1690 1676">
     <span class='ocr_line' id='line_1_16' title="bbox 88 1598 1690 1676; baseline 0.004 -21"><span class='ocrx_word' id='word_1_118' title='bbox 88 1616 169 1655; x_wconf 78' lang='lat' dir='ltr'><strong>nte</strong></span> <span class='ocrx_word' id='word_1_119' title='bbox 197 1600 333 1657; x_wconf 74' lang='lat' dir='ltr'><strong>misit</strong></span> <span class='ocrx_word' id='word_1_120' title='bbox 362 1598 545 1670; x_wconf 71' lang='lat' dir='ltr'><strong>(Icari.</strong></span> <span class='ocrx_word' id='word_1_121' title='bbox 571 1614 656 1668; x_wconf 64' lang='grc' dir='ltr'><strong>τι,</strong></span> <span class='ocrx_word' id='word_1_122' title='bbox 683 1599 810 1673; x_wconf 81' lang='lat'><strong>38),</strong></span> <span class='ocrx_word' id='word_1_123' title='bbox 854 1610 1160 1672; x_wconf 84' lang='lat' dir='ltr'><strong>susceptam</strong></span> <span class='ocrx_word' id='word_1_124' title='bbox 1205 1617 1344 1673; x_wconf 87' lang='lat' dir='ltr'><strong>opus</strong></span> <span class='ocrx_word' id='word_1_125' title='bbox 1385 1605 1547 1660; x_wconf 83' lang='lat' dir='ltr'><strong>etiam</strong></span> <span class='ocrx_word' id='word_1_126' title='bbox 1591 1620 1690 1676; x_wconf 92' lang='lat' dir='ltr'><strong>pro</strong></span> 
     </span>
    </p>
   </div>
   <div class='ocr_carea' id='block_1_17' title="bbox 91 1692 1692 1766">
    <p class='ocr_par' dir='ltr' id='par_1_17' title="bbox 91 1692 1692 1766">
     <span class='ocr_line' id='line_1_17' title="bbox 91 1692 1692 1766; baseline 0.006 -19"><span class='ocrx_word' id='word_1_127' title='bbox 91 1692 417 1749; x_wconf 70' lang='lat' dir='ltr'><strong>obedientite</strong></span> <span class='ocrx_word' id='word_1_128' title='bbox 454 1693 748 1764; x_wconf 86' lang='lat' dir='ltr'><strong>obsequela</strong></span> <span class='ocrx_word' id='word_1_129' title='bbox 793 1692 1013 1751; x_wconf 77' lang='lat' dir='ltr'><strong>festinat</strong></span> <span class='ocrx_word' id='word_1_130' title='bbox 1056 1695 1313 1766; x_wconf 87' lang='lat' dir='ltr'><strong>implere;</strong></span> <span class='ocrx_word' id='word_1_131' title='bbox 1356 1699 1453 1754; x_wconf 90' lang='lat' dir='ltr'><strong>sed</strong></span> <span class='ocrx_word' id='word_1_132' title='bbox 1494 1701 1601 1766; x_wconf 91' lang='lat' dir='ltr'><strong>ita,</strong></span> <span class='ocrx_word' id='word_1_133' title='bbox 1631 1710 1692 1757; x_wconf 90' lang='lat' dir='ltr'><strong>ut</strong></span> 
     </span>
    </p>
   </div>
   <div class='ocr_carea' id='block_1_18' title="bbox 91 1787 1692 1864">
    <p class='ocr_par' dir='ltr' id='par_1_18' title="bbox 91 1787 1692 1864">
     <span class='ocr_line' id='line_1_18' title="bbox 91 1787 1692 1864; baseline 0.003 -21"><span class='ocrx_word' id='word_1_134' title='bbox 91 1787 500 1843; x_wconf 85' lang='lat' dir='ltr'><strong>meminerimus</strong></span> <span class='ocrx_word' id='word_1_135' title='bbox 525 1802 648 1843; x_wconf 89' lang='lat' dir='ltr'><strong>esse</strong></span> <span class='ocrx_word' id='word_1_136' title='bbox 678 1788 731 1843; x_wconf 93' lang='lat' dir='ltr'><strong>in</strong></span> <span class='ocrx_word' id='word_1_137' title='bbox 757 1802 826 1845; x_wconf 88' lang='lat' dir='ltr'><strong>eo</strong></span> <span class='ocrx_word' id='word_1_138' title='bbox 849 1789 1143 1845; x_wconf 83' lang='lat' dir='ltr'><strong>voluntatis</strong></span> <span class='ocrx_word' id='word_1_139' title='bbox 1169 1788 1425 1846; x_wconf 79' lang='lat' dir='ltr'><strong>officium.</strong></span> <span class='ocrx_word' id='word_1_140' title='bbox 1464 1789 1542 1864; x_wconf 90' lang='lat' dir='ltr'><strong>(b)</strong></span> <span class='ocrx_word' id='word_1_141' title='bbox 1565 1792 1692 1848; x_wconf 82' lang='lat' dir='ltr'><strong>Vult</strong></span> 
     </span>
    </p>
   </div>
   <div class='ocr_carea' id='block_1_19' title="bbox 1782 582 3380 671">
    <p class='ocr_par' dir='ltr' id='par_1_19' title="bbox 1782 582 3380 671">
     <span class='ocr_line' id='line_1_19' title="bbox 1782 582 3380 671; baseline 0.006 -37"><span class='ocrx_word' id='word_1_142' title='bbox 1782 582 1927 659; x_wconf 88' lang='lat' dir='ltr'><strong>quod</strong></span> <span class='ocrx_word' id='word_1_143' title='bbox 1955 582 2229 653; x_wconf 88' lang='lat' dir='ltr'><strong>implenda</strong></span> <span class='ocrx_word' id='word_1_144' title='bbox 2277 600 2383 641; x_wconf 87' lang='lat' dir='ltr'><strong>non</strong></span> <span class='ocrx_word' id='word_1_145' title='bbox 2413 595 2617 655; x_wconf 88' lang='lat' dir='ltr'><strong>essent,</strong></span> <span class='ocrx_word' id='word_1_146' title='bbox 2646 587 2742 643; x_wconf 91' lang='lat' dir='ltr'><strong>sed</strong></span> <span class='ocrx_word' id='word_1_147' title='bbox 2771 596 2833 643; x_wconf 91' lang='lat' dir='ltr'><strong>nt</strong></span> <span class='ocrx_word' id='word_1_148' title='bbox 2856 586 2927 644; x_wconf 89' lang='lat' dir='ltr'><strong>de</strong></span> <span class='ocrx_word' id='word_1_149' title='bbox 2969 602 3031 655; x_wconf 87' lang='lat' dir='ltr'><strong>se</strong></span> <span class='ocrx_word' id='word_1_150' title='bbox 3055 586 3380 671; x_wconf 67' lang='lat' dir='ltr'><strong>prophetale</strong></span> 
     </span>
    </p>
   </div>
   <div class='ocr_carea' id='block_1_20' title="bbox 1783 667 3173 749">
    <p class='ocr_par' dir='ltr' id='par_1_20' title="bbox 1783 667 3173 749">
     <span class='ocr_line' id='line_1_20' title="bbox 1783 667 3173 749; baseline 0.009 -20"><span class='ocrx_word' id='word_1_151' title='bbox 1783 689 1906 730; x_wconf 87' lang='lat' dir='ltr'><strong>esse</strong></span> <span class='ocrx_word' id='word_1_152' title='bbox 1931 675 2162 749; x_wconf 89' lang='lat' dir='ltr'><strong>intelligi</strong></span> <span class='ocrx_word' id='word_1_153' title='bbox 2185 678 2412 749; x_wconf 84' lang='lat' dir='ltr'><strong>possint.</strong></span> <span class='ocrx_word' id='word_1_154' title='bbox 3064 667 3073 671; x_wconf 45' lang='grc'>⁷</span> <span class='ocrx_word' id='word_1_155' title='bbox 3164 667 3173 671; x_wconf 54' lang='grc'><strong>’</strong></span> 
     </span>
    </p>
   </div>
   <div class='ocr_carea' id='block_1_21' title="bbox 1857 768 3381 845">
    <p class='ocr_par' dir='ltr' id='par_1_21' title="bbox 1857 768 3381 845">
     <span class='ocr_line' id='line_1_21' title="bbox 1857 768 3381 845; baseline 0.003 -23"><span class='ocrx_word' id='word_1_156' title='bbox 1857 768 1945 823; x_wconf 77' lang='lat' dir='ltr'><strong>i3.</strong></span> <span class='ocrx_word' id='word_1_157' title='bbox 1998 768 2202 825; x_wconf 77' lang='lat' dir='ltr'><strong>Inimici</strong></span> <span class='ocrx_word' id='word_1_158' title='bbox 2239 772 2352 842; x_wconf 89' lang='lat' dir='ltr'><strong>ejus</strong></span> <span class='ocrx_word' id='word_1_159' title='bbox 2393 789 2427 826; x_wconf 89' lang='lat' dir='ltr'><strong>a</strong></span> <span class='ocrx_word' id='word_1_160' title='bbox 2455 772 2689 844; x_wconf 80' lang='lat' dir='ltr'><strong>cogitatis</strong></span> <span class='ocrx_word' id='word_1_161' title='bbox 2718 772 3039 830; x_wconf 76' lang='lat' dir='ltr'><strong>exciderunt.</strong></span> <span class='ocrx_word' id='word_1_162' title='bbox 3067 802 3141 814; x_wconf 91' lang='lat'><strong>—</strong></span> <span class='ocrx_word' id='word_1_163' title='bbox 3169 771 3381 845; x_wconf 83' lang='lat' dir='ltr'><strong>Cogita-</strong></span> 
     </span>
    </p>
   </div>
   <div class='ocr_carea' id='block_1_22' title="bbox 1784 859 3379 937">
    <p class='ocr_par' dir='ltr' id='par_1_22' title="bbox 1784 859 3379 937">
     <span class='ocr_line' id='line_1_22' title="bbox 1784 859 3379 937; baseline 0.005 -25"><span class='ocrx_word' id='word_1_164' title='bbox 1784 868 1983 925; x_wconf 82' lang='lat' dir='ltr'><strong>verunt,</strong></span> <span class='ocrx_word' id='word_1_165' title='bbox 2023 859 2218 930; x_wconf 84' lang='lat' dir='ltr'><strong>inquit,</strong></span> <span class='ocrx_word' id='word_1_166' title='bbox 2250 864 2521 918; x_wconf 81' lang='lat' dir='ltr'><strong>adversum</strong></span> <span class='ocrx_word' id='word_1_167' title='bbox 2541 881 2653 919; x_wconf 87' lang='lat' dir='ltr'><strong>me:</strong></span> <span class='ocrx_word' id='word_1_168' title='bbox 2698 881 2800 919; x_wconf 87' lang='lat' dir='ltr'><strong>non</strong></span> <span class='ocrx_word' id='word_1_169' title='bbox 2832 865 3156 937; x_wconf 79' lang='lat' dir='ltr'><strong>derelinquas</strong></span> <span class='ocrx_word' id='word_1_170' title='bbox 3184 881 3286 934; x_wconf 88' lang='lat' dir='ltr'><strong>me,</strong></span> <span class='ocrx_word' id='word_1_171' title='bbox 3314 882 3379 921; x_wconf 87' lang='lat' dir='ltr'><strong>ne</strong></span> 
     </span>
    </p>
   </div>
   <div class='ocr_carea' id='block_1_23' title="bbox 1785 951 3380 1027">
    <p class='ocr_par' dir='ltr' id='par_1_23' title="bbox 1785 951 3380 1027">
     <span class='ocr_line' id='line_1_23' title="bbox 1785 951 3380 1027; baseline 0.006 -23"><span class='ocrx_word' id='word_1_172' title='bbox 1785 951 1992 1022; x_wconf 85' lang='lat' dir='ltr'><strong>quando</strong></span> <span class='ocrx_word' id='word_1_173' title='bbox 2013 954 2316 1009; x_wconf 70' lang='lat' dir='ltr'><strong>exaltentur.</strong></span> <span class='ocrx_word' id='word_1_174' title='bbox 2347 955 2511 1011; x_wconf 81' lang='lat' dir='ltr'><strong>Multa</strong></span> <span class='ocrx_word' id='word_1_175' title='bbox 2535 956 2794 1012; x_wconf 88' lang='lat' dir='ltr'><strong>adversus</strong></span> <span class='ocrx_word' id='word_1_176' title='bbox 2822 971 2944 1012; x_wconf 91' lang='lat' dir='ltr'><strong>eum</strong></span> <span class='ocrx_word' id='word_1_177' title='bbox 2970 956 3199 1027; x_wconf 88' lang='lat' dir='ltr'><strong>cogitata</strong></span> <span class='ocrx_word' id='word_1_178' title='bbox 3225 968 3380 1023; x_wconf 85' lang='lat' dir='ltr'><strong>sunt:</strong></span> 
     </span>
    </p>
   </div>
   <div class='ocr_carea' id='block_1_24' title="bbox 1785 1044 3381 1118">
    <p class='ocr_par' dir='ltr' id='par_1_24' title="bbox 1785 1044 3381 1118">
     <span class='ocr_line' id='line_1_24' title="bbox 1785 1044 3381 1118; baseline 0.004 -20"><span class='ocrx_word' id='word_1_179' title='bbox 1785 1044 1883 1099; x_wconf 90' lang='lat' dir='ltr'><strong>sed</strong></span> <span class='ocrx_word' id='word_1_180' title='bbox 1910 1047 2142 1101; x_wconf 81' lang='lat' dir='ltr'><strong>maxime</strong></span> <span class='ocrx_word' id='word_1_181' title='bbox 2172 1047 2326 1115; x_wconf 89' lang='lat' dir='ltr'><strong>illud,</strong></span> <span class='ocrx_word' id='word_1_182' title='bbox 2354 1059 2411 1103; x_wconf 91' lang='lat' dir='ltr'><strong>ut</strong></span> <span class='ocrx_word' id='word_1_183' title='bbox 2439 1050 2663 1118; x_wconf 80' lang='lat' dir='ltr'><strong>pecunia</strong></span> <span class='ocrx_word' id='word_1_184' title='bbox 2689 1049 2952 1104; x_wconf 85' lang='lat' dir='ltr'><strong>militibus</strong></span> <span class='ocrx_word' id='word_1_185' title='bbox 2973 1050 3190 1116; x_wconf 88' lang='lat' dir='ltr'><strong>collata,</strong></span> <span class='ocrx_word' id='word_1_186' title='bbox 3236 1047 3381 1104; x_wconf 86' lang='lat' dir='ltr'><strong>fama</strong></span> 
     </span>
    </p>
   </div>
   <div class='ocr_carea' id='block_1_25' title="bbox 1740 1141 3385 1221">
    <p class='ocr_par' dir='ltr' id='par_1_25' title="bbox 1740 1141 3385 1221">
     <span class='ocr_line' id='line_1_25' title="bbox 1740 1141 3385 1221; baseline 0.004 -26"><span class='ocrx_word' id='word_1_187' title='bbox 1740 1162 1746 1175; x_wconf 72' lang='grc' dir='ltr'><em>ι</em></span> <span class='ocrx_word' id='word_1_188' title='bbox 1787 1141 1856 1197; x_wconf 89' lang='lat' dir='ltr'><strong>ab</strong></span> <span class='ocrx_word' id='word_1_189' title='bbox 1885 1142 1967 1198; x_wconf 88' lang='lat' dir='ltr'><strong>bis</strong></span> <span class='ocrx_word' id='word_1_190' title='bbox 1996 1141 2158 1197; x_wconf 88' lang='lat' dir='ltr'><strong>furati</strong></span> <span class='ocrx_word' id='word_1_191' title='bbox 2186 1145 2432 1214; x_wconf 87' lang='lat' dir='ltr'><strong>corporis</strong></span> <span class='ocrx_word' id='word_1_192' title='bbox 2457 1146 2802 1201; x_wconf 84' lang='lat' dir='ltr'><strong>venderetnr.</strong></span> <span class='ocrx_word' id='word_1_193' title='bbox 2844 1144 2951 1202; x_wconf 86' lang='lat' dir='ltr'><strong>Sed</strong></span> <span class='ocrx_word' id='word_1_194' title='bbox 2978 1160 3044 1201; x_wconf 91' lang='lat' dir='ltr'><strong>eo</strong></span> <span class='ocrx_word' id='word_1_195' title='bbox 3072 1145 3123 1200; x_wconf 91' lang='lat' dir='ltr'><strong>in</strong></span> <span class='ocrx_word' id='word_1_196' title='bbox 3154 1159 3385 1221; x_wconf 89' lang='lat' dir='ltr'><strong>corpore</strong></span> 
     </span>
    </p>
   </div>
   <div class='ocr_carea' id='block_1_26' title="bbox 1788 1230 3387 1310">
    <p class='ocr_par' dir='ltr' id='par_1_26' title="bbox 1788 1230 3387 1310">
     <span class='ocr_line' id='line_1_26' title="bbox 1788 1230 3387 1310; baseline 0.001 -19"><span class='ocrx_word' id='word_1_197' title='bbox 1788 1251 1976 1291; x_wconf 83' lang='lat' dir='ltr'><strong>rursus</strong></span> <span class='ocrx_word' id='word_1_198' title='bbox 2003 1236 2270 1300; x_wconf 84' lang='lat' dir='ltr'><strong>adstante,</strong></span> <span class='ocrx_word' id='word_1_199' title='bbox 2306 1237 2482 1293; x_wconf 89' lang='lat' dir='ltr'><strong>inanis</strong></span> <span class='ocrx_word' id='word_1_200' title='bbox 2505 1239 2620 1294; x_wconf 69' lang='lat' dir='ltr'><strong>bmc</strong></span> <span class='ocrx_word' id='word_1_201' title='bbox 2643 1239 2824 1310; x_wconf 60' lang='lat' dir='ltr'><strong>impiae</strong></span> <span class='ocrx_word' id='word_1_202' title='bbox 2848 1239 3188 1310; x_wconf 87' lang='lat' dir='ltr'><strong>cogitationis</strong></span> <span class='ocrx_word' id='word_1_203' title='bbox 3218 1230 3387 1295; x_wconf 89' lang='lat' dir='ltr'><strong>medi-</strong></span> 
     </span>
    </p>
   </div>
   <div class='ocr_carea' id='block_1_27' title="bbox 1790 1328 3507 1403">
    <p class='ocr_par' dir='ltr' id='par_1_27' title="bbox 1790 1328 3507 1403">
     <span class='ocr_line' id='line_1_27' title="bbox 1790 1328 3507 1403; baseline 0.002 -19"><span class='ocrx_word' id='word_1_204' title='bbox 1790 1329 1920 1384; x_wconf 89' lang='lat' dir='ltr'><strong>tatio</strong></span> <span class='ocrx_word' id='word_1_205' title='bbox 1950 1328 2070 1385; x_wconf 88' lang='lat' dir='ltr'><strong>fuit.</strong></span> <span class='ocrx_word' id='word_1_206' title='bbox 2100 1329 2219 1386; x_wconf 86' lang='lat' dir='ltr'><strong>Non</strong></span> <span class='ocrx_word' id='word_1_207' title='bbox 2250 1331 2467 1386; x_wconf 87' lang='lat' dir='ltr'><strong>relictus</strong></span> <span class='ocrx_word' id='word_1_208' title='bbox 2494 1332 2871 1403; x_wconf 86' lang='lat' dir='ltr'><strong>peccatoribus</strong></span> <span class='ocrx_word' id='word_1_209' title='bbox 2896 1332 3170 1389; x_wconf 85' lang='lat' dir='ltr'><strong>exaltandi</strong></span> <span class='ocrx_word' id='word_1_210' title='bbox 3197 1347 3258 1388; x_wconf 90' lang='lat' dir='ltr'><strong>se</strong></span> <span class='ocrx_word' id='word_1_211' title='bbox 3300 1332 3385 1387; x_wconf 89' lang='lat' dir='ltr'><strong>io-</strong></span> <span class='ocrx_word' id='word_1_212' title='bbox 3501 1366 3507 1372; x_wconf 89' lang='lat'><strong>-</strong></span> 
     </span>
    </p>
   </div>
   <div class='ocr_carea' id='block_1_28' title="bbox 1790 1423 3383 1497">
    <p class='ocr_par' dir='ltr' id='par_1_28' title="bbox 1790 1423 3383 1497">
     <span class='ocr_line' id='line_1_28' title="bbox 1790 1423 3383 1497; baseline 0.001 -19"><span class='ocrx_word' id='word_1_213' title='bbox 1790 1438 1888 1478; x_wconf 93' lang='lat' dir='ltr'><strong>cus</strong></span> <span class='ocrx_word' id='word_1_214' title='bbox 1918 1424 2057 1479; x_wconf 91' lang='lat' dir='ltr'><strong>ullus</strong></span> <span class='ocrx_word' id='word_1_215' title='bbox 2087 1430 2211 1479; x_wconf 90' lang='lat' dir='ltr'><strong>est:</strong></span> <span class='ocrx_word' id='word_1_216' title='bbox 2247 1423 2502 1496; x_wconf 89' lang='lat' dir='ltr'><strong>impletur</strong></span> <span class='ocrx_word' id='word_1_217' title='bbox 2528 1426 2832 1496; x_wconf 79' lang='lat' dir='ltr'><strong>prophetia.</strong></span> <span class='ocrx_word' id='word_1_218' title='bbox 2883 1425 3086 1482; x_wconf 85' lang='lat' dir='ltr'><strong>Pendet</strong></span> <span class='ocrx_word' id='word_1_219' title='bbox 3131 1426 3184 1482; x_wconf 92' lang='lat' dir='ltr'><strong>in</strong></span> <span class='ocrx_word' id='word_1_220' title='bbox 3233 1424 3383 1497; x_wconf 86' lang='lat' dir='ltr'><strong>ligno</strong></span> 
     </span>
    </p>
   </div>
   <div class='ocr_carea' id='block_1_29' title="bbox 1790 1516 3385 1593">
    <p class='ocr_par' dir='ltr' id='par_1_29' title="bbox 1790 1516 3385 1593">
     <span class='ocr_line' id='line_1_29' title="bbox 1790 1516 3385 1593; baseline 0.001 -21"><span class='ocrx_word' id='word_1_221' title='bbox 1790 1516 1901 1572; x_wconf 89' lang='lat' dir='ltr'><strong>vita</strong></span> <span class='ocrx_word' id='word_1_222' title='bbox 1929 1532 2139 1585; x_wconf 91' lang='lat' dir='ltr'><strong>eorum,</strong></span> <span class='ocrx_word' id='word_1_223' title='bbox 2173 1524 2330 1574; x_wconf 85' lang='lat' dir='ltr'><strong>aceto</strong></span> <span class='ocrx_word' id='word_1_224' title='bbox 2360 1533 2422 1573; x_wconf 89' lang='lat' dir='ltr'><strong>ac</strong></span> <span class='ocrx_word' id='word_1_225' title='bbox 2449 1516 2578 1573; x_wconf 83' lang='lat' dir='ltr'><strong>felle</strong></span> <span class='ocrx_word' id='word_1_226' title='bbox 2604 1525 2839 1589; x_wconf 86' lang='lat' dir='ltr'><strong>potatur,</strong></span> <span class='ocrx_word' id='word_1_227' title='bbox 2867 1519 3046 1581; x_wconf 86' lang='lat' dir='ltr'><strong>anima</strong></span> <span class='ocrx_word' id='word_1_228' title='bbox 3076 1518 3197 1593; x_wconf 84' lang='lat' dir='ltr'><strong>ejus</strong></span> <span class='ocrx_word' id='word_1_229' title='bbox 3217 1534 3248 1574; x_wconf 91' lang='lat' dir='ltr'><strong>a</strong></span> <span class='ocrx_word' id='word_1_230' title='bbox 3272 1517 3385 1581; x_wconf 74' lang='lat' dir='ltr'><strong>fra-</strong></span> 
     </span>
    </p>
   </div>
   <div class='ocr_carea' id='block_1_30' title="bbox 1793 1614 3387 1693">
    <p class='ocr_par' dir='ltr' id='par_1_30' title="bbox 1793 1614 3387 1693">
     <span class='ocr_line' id='line_1_30' title="bbox 1793 1614 3387 1693; baseline -0.001 -23"><span class='ocrx_word' id='word_1_231' title='bbox 1793 1630 1912 1670; x_wconf 87' lang='lat' dir='ltr'><strong>mea</strong></span> <span class='ocrx_word' id='word_1_232' title='bbox 1945 1614 2228 1682; x_wconf 85' lang='lat' dir='ltr'><strong>liberatur,</strong></span> <span class='ocrx_word' id='word_1_233' title='bbox 2258 1628 2321 1670; x_wconf 90' lang='lat' dir='ltr'><strong>os</strong></span> <span class='ocrx_word' id='word_1_234' title='bbox 2352 1629 2459 1669; x_wconf 90' lang='lat' dir='ltr'><strong>non</strong></span> <span class='ocrx_word' id='word_1_235' title='bbox 2488 1614 2810 1682; x_wconf 83' lang='lat' dir='ltr'><strong>conteritur,</strong></span> <span class='ocrx_word' id='word_1_236' title='bbox 2844 1629 2963 1671; x_wconf 90' lang='lat' dir='ltr'><strong>sors</strong></span> <span class='ocrx_word' id='word_1_237' title='bbox 2990 1630 3155 1693; x_wconf 86' lang='lat' dir='ltr'><strong>super</strong></span> <span class='ocrx_word' id='word_1_238' title='bbox 3177 1622 3387 1675; x_wconf 83' lang='lat' dir='ltr'><strong>vestem</strong></span> 
     </span>
    </p>
   </div>
   <div class='ocr_carea' id='block_1_31' title="bbox 1794 1702 3391 1777">
    <p class='ocr_par' dir='ltr' id='par_1_31' title="bbox 1794 1702 3391 1777">
     <span class='ocr_line' id='line_1_31' title="bbox 1794 1702 3391 1777; baseline 0 -16"><span class='ocrx_word' id='word_1_239' title='bbox 1794 1704 2059 1761; x_wconf 82' lang='lat' dir='ltr'><strong>mittitur:</strong></span> <span class='ocrx_word' id='word_1_240' title='bbox 2108 1704 2242 1761; x_wconf 86' lang='lat' dir='ltr'><strong>nihil</strong></span> <span class='ocrx_word' id='word_1_241' title='bbox 2270 1721 2302 1761; x_wconf 89' lang='lat' dir='ltr'><strong>e</strong></span> <span class='ocrx_word' id='word_1_242' title='bbox 2325 1702 2613 1762; x_wconf 86' lang='lat' dir='ltr'><strong>desideriis</strong></span> <span class='ocrx_word' id='word_1_243' title='bbox 2652 1705 2916 1776; x_wconf 89' lang='lat' dir='ltr'><strong>unigeniti</strong></span> <span class='ocrx_word' id='word_1_244' title='bbox 2941 1703 3040 1760; x_wconf 84' lang='lat' dir='ltr'><strong>ﬁlii</strong></span> <span class='ocrx_word' id='word_1_245' title='bbox 3069 1703 3164 1767; x_wconf 86' lang='lat' dir='ltr'><strong>Dei</strong></span> <span class='ocrx_word' id='word_1_246' title='bbox 3194 1718 3391 1777; x_wconf 83' lang='lat' dir='ltr'><strong>pecca-</strong></span> 
     </span>
    </p>
   </div>
   <div class='ocr_carea' id='block_1_32' title="bbox 1794 1792 3389 1867">
    <p class='ocr_par' dir='ltr' id='par_1_32' title="bbox 1794 1792 3389 1867">
     <span class='ocr_line' id='line_1_32' title="bbox 1794 1792 3389 1867; baseline -0.003 -14"><span class='ocrx_word' id='word_1_247' title='bbox 1794 1798 1898 1853; x_wconf 89' lang='lat' dir='ltr'><strong>tori</strong></span> <span class='ocrx_word' id='word_1_248' title='bbox 1929 1796 2161 1853; x_wconf 89' lang='lat' dir='ltr'><strong>traditur</strong></span> <span class='ocrx_word' id='word_1_249' title='bbox 2182 1839 2199 1865; x_wconf 93' lang='lat'><strong>,</strong></span> <span class='ocrx_word' id='word_1_250' title='bbox 2228 1797 2383 1854; x_wconf 86' lang='lat' dir='ltr'><strong>tertia</strong></span> <span class='ocrx_word' id='word_1_251' title='bbox 2410 1797 2499 1853; x_wconf 89' lang='lat' dir='ltr'><strong>die</strong></span> <span class='ocrx_word' id='word_1_252' title='bbox 2529 1796 2764 1867; x_wconf 81' lang='lat' dir='ltr'><strong>resurgit</strong></span> <span class='ocrx_word' id='word_1_253' title='bbox 2787 1838 2802 1863; x_wconf 91' lang='lat'><strong>,</strong></span> <span class='ocrx_word' id='word_1_254' title='bbox 2844 1812 2952 1851; x_wconf 91' lang='lat' dir='ltr'><strong>non</strong></span> <span class='ocrx_word' id='word_1_255' title='bbox 2984 1795 3308 1867; x_wconf 85' lang='lat' dir='ltr'><strong>relinquitur</strong></span> <span class='ocrx_word' id='word_1_256' title='bbox 3334 1792 3389 1848; x_wconf 91' lang='lat' dir='ltr'><strong>in</strong></span> 
     </span>
    </p>
   </div>
   <div class='ocr_carea' id='block_1_33' title="bbox 88 1880 3392 1965">
    <p class='ocr_par' dir='ltr' id='par_1_33' title="bbox 88 1880 3392 1965">
     <span class='ocr_line' id='line_1_33' title="bbox 88 1880 3392 1965; baseline 0.001 -28"><span class='ocrx_word' id='word_1_257' title='bbox 88 1896 324 1952; x_wconf 80' lang='lat' dir='ltr'><strong>namque</strong></span> <span class='ocrx_word' id='word_1_258' title='bbox 361 1897 480 1965; x_wconf 68' lang='lat' dir='ltr'><strong>quas</strong></span> <span class='ocrx_word' id='word_1_259' title='bbox 518 1880 678 1937; x_wconf 91' lang='lat' dir='ltr'><strong>Pater</strong></span> <span class='ocrx_word' id='word_1_260' title='bbox 718 1883 903 1941; x_wconf 77' lang='lat' dir='ltr'><strong>voluit.</strong></span> <span class='ocrx_word' id='word_1_261' title='bbox 944 1882 1003 1943; x_wconf 82' lang='lat' dir='ltr'><strong>id</strong></span> <span class='ocrx_word' id='word_1_262' title='bbox 1043 1884 1188 1943; x_wconf 81' lang='lat' dir='ltr'><strong>enim</strong></span> <span class='ocrx_word' id='word_1_263' title='bbox 1225 1883 1366 1954; x_wconf 89' lang='lat' dir='ltr'><strong>quod</strong></span> <span class='ocrx_word' id='word_1_264' title='bbox 1407 1885 1514 1940; x_wconf 87' lang='lat' dir='ltr'><strong>ait:</strong></span> <span class='ocrx_word' id='word_1_265' title='bbox 1563 1884 1690 1940; x_wconf 88' lang='lat' dir='ltr'><strong>Non</strong></span> <span class='ocrx_word' id='word_1_266' title='bbox 1717 1889 1768 1951; x_wconf 79' lang='grc' dir='ltr'><strong>Β</strong></span> <span class='ocrx_word' id='word_1_267' title='bbox 1798 1889 2008 1945; x_wconf 86' lang='lat' dir='ltr'><strong>inferno</strong></span> <span class='ocrx_word' id='word_1_268' title='bbox 2034 1904 2134 1945; x_wconf 90' lang='lat' dir='ltr'><strong>nec</strong></span> <span class='ocrx_word' id='word_1_269' title='bbox 2161 1887 2563 1959; x_wconf 86' lang='lat' dir='ltr'><strong>corruptionem</strong></span> <span class='ocrx_word' id='word_1_270' title='bbox 2592 1888 2825 1953; x_wconf 88' lang='lat' dir='ltr'><strong>Sanctus</strong></span> <span class='ocrx_word' id='word_1_271' title='bbox 2851 1886 3027 1944; x_wconf 76' lang='lat' dir='ltr'><strong>videt:</strong></span> <span class='ocrx_word' id='word_1_272' title='bbox 3076 1896 3134 1951; x_wconf 88' lang='lat' dir='ltr'><strong>et</strong></span> <span class='ocrx_word' id='word_1_273' title='bbox 3168 1886 3348 1945; x_wconf 88' lang='lat' dir='ltr'><strong>omnia</strong></span> <span class='ocrx_word' id='word_1_274' title='bbox 3376 1928 3392 1952; x_wconf 92' lang='lat'><strong>,</strong></span> 
     </span>
    </p>
   </div>
   <div class='ocr_carea' id='block_1_34' title="bbox 89 1974 1690 2053">
    <p class='ocr_par' dir='ltr' id='par_1_34' title="bbox 89 1974 1690 2053">
     <span class='ocr_line' id='line_1_34' title="bbox 89 1974 1690 2053; baseline 0.003 -25"><span class='ocrx_word' id='word_1_275' title='bbox 89 1974 201 2028; x_wconf 82' lang='lat' dir='ltr'><strong>ueni</strong></span> <span class='ocrx_word' id='word_1_276' title='bbox 230 1974 541 2029; x_wconf 75' lang='lat' dir='ltr'><strong>uoluntatem</strong></span> <span class='ocrx_word' id='word_1_277' title='bbox 572 1990 735 2029; x_wconf 89' lang='lat' dir='ltr'><strong>meam</strong></span> <span class='ocrx_word' id='word_1_278' title='bbox 765 1978 963 2048; x_wconf 77' lang='lat' dir='ltr'><strong>facere,</strong></span> <span class='ocrx_word' id='word_1_279' title='bbox 1006 1974 1096 2029; x_wconf 88' lang='lat' dir='ltr'><strong>sed</strong></span> <span class='ocrx_word' id='word_1_280' title='bbox 1124 1977 1435 2035; x_wconf 85' lang='lat' dir='ltr'><strong>uoluntatem</strong></span> <span class='ocrx_word' id='word_1_281' title='bbox 1462 1978 1572 2049; x_wconf 81' lang='lat' dir='ltr'><strong>ejus</strong></span> <span class='ocrx_word' id='word_1_282' title='bbox 1599 1980 1690 2053; x_wconf 86' lang='lat' dir='ltr'><strong>qui</strong></span> 
     </span>
    </p>
   </div>
   <div class='ocr_carea' id='block_1_35' title="bbox 87 2069 1689 2141">
    <p class='ocr_par' dir='ltr' id='par_1_35' title="bbox 87 2069 1689 2141">
     <span class='ocr_line' id='line_1_35' title="bbox 87 2069 1689 2141; baseline 0.002 -19"><span class='ocrx_word' id='word_1_283' title='bbox 87 2069 228 2122; x_wconf 82' lang='lat' dir='ltr'><strong>misit</strong></span> <span class='ocrx_word' id='word_1_284' title='bbox 254 2084 372 2123; x_wconf 89' lang='lat' dir='ltr'><strong>me:</strong></span> <span class='ocrx_word' id='word_1_285' title='bbox 402 2083 527 2125; x_wconf 91' lang='lat' dir='ltr'><strong>eum</strong></span> <span class='ocrx_word' id='word_1_286' title='bbox 557 2083 587 2122; x_wconf 90' lang='lat' dir='ltr'><strong>a</strong></span> <span class='ocrx_word' id='word_1_287' title='bbox 614 2083 721 2139; x_wconf 92' lang='lat' dir='ltr'><strong>quo</strong></span> <span class='ocrx_word' id='word_1_288' title='bbox 750 2076 835 2129; x_wconf 90' lang='lat' dir='ltr'><strong>est</strong></span> <span class='ocrx_word' id='word_1_289' title='bbox 860 2069 1058 2125; x_wconf 89' lang='lat' dir='ltr'><strong>missus</strong></span> <span class='ocrx_word' id='word_1_290' title='bbox 1083 2069 1278 2141; x_wconf 89' lang='lat' dir='ltr'><strong>cuique</strong></span> <span class='ocrx_word' id='word_1_291' title='bbox 1304 2069 1489 2126; x_wconf 89' lang='lat' dir='ltr'><strong>obedit</strong></span> <span class='ocrx_word' id='word_1_292' title='bbox 1507 2079 1689 2128; x_wconf 88' lang='lat' dir='ltr'><strong>osten—</strong></span> 
     </span>
    </p>
   </div>
   <div class='ocr_carea' id='block_1_36' title="bbox 91 2161 1691 2235">
    <p class='ocr_par' dir='ltr' id='par_1_36' title="bbox 91 2161 1691 2235">
     <span class='ocr_line' id='line_1_36' title="bbox 91 2161 1691 2235; baseline 0.003 -19"><span class='ocrx_word' id='word_1_293' title='bbox 91 2161 203 2217; x_wconf 90' lang='lat' dir='ltr'><strong>dit:</strong></span> <span class='ocrx_word' id='word_1_294' title='bbox 238 2176 348 2216; x_wconf 91' lang='lat' dir='ltr'><strong>non</strong></span> <span class='ocrx_word' id='word_1_295' title='bbox 382 2170 561 2217; x_wconf 89' lang='lat' dir='ltr'><strong>tamen</strong></span> <span class='ocrx_word' id='word_1_296' title='bbox 586 2161 691 2217; x_wconf 90' lang='lat' dir='ltr'><strong>sibi</strong></span> <span class='ocrx_word' id='word_1_297' title='bbox 716 2161 953 2218; x_wconf 84' lang='lat' dir='ltr'><strong>detrahit</strong></span> <span class='ocrx_word' id='word_1_298' title='bbox 976 2161 1325 2219; x_wconf 84' lang='lat' dir='ltr'><strong>voluntatem.</strong></span> <span class='ocrx_word' id='word_1_299' title='bbox 1348 2162 1539 2220; x_wconf 90' lang='lat' dir='ltr'><strong>Omnia</strong></span> <span class='ocrx_word' id='word_1_300' title='bbox 1561 2179 1691 2235; x_wconf 89' lang='lat' dir='ltr'><strong>ergo</strong></span> 
     </span>
    </p>
   </div>
   <div class='ocr_carea' id='block_1_37' title="bbox 88 2254 1695 2327">
    <p class='ocr_par' dir='ltr' id='par_1_37' title="bbox 88 2254 1695 2327">
     <span class='ocr_line' id='line_1_37' title="bbox 88 2254 1695 2327; baseline 0.003 -18"><span class='ocrx_word' id='word_1_301' title='bbox 88 2268 443 2326; x_wconf 75' lang='lat' dir='ltr'><strong>quzecumque</strong></span> <span class='ocrx_word' id='word_1_302' title='bbox 460 2254 605 2310; x_wconf 83' lang='lat' dir='ltr'><strong>Patri</strong></span> <span class='ocrx_word' id='word_1_303' title='bbox 638 2254 830 2325; x_wconf 85' lang='lat' dir='ltr'><strong>placita</strong></span> <span class='ocrx_word' id='word_1_304' title='bbox 860 2265 1009 2327; x_wconf 77' lang='lat' dir='ltr'><strong>sunt,</strong></span> <span class='ocrx_word' id='word_1_305' title='bbox 1037 2271 1415 2315; x_wconf 89' lang='lat' dir='ltr'><strong>consummare</strong></span> <span class='ocrx_word' id='word_1_306' title='bbox 1436 2267 1606 2327; x_wconf 87' lang='lat' dir='ltr'><strong>optat,</strong></span> <span class='ocrx_word' id='word_1_307' title='bbox 1637 2263 1695 2314; x_wconf 87' lang='lat' dir='ltr'><strong>et</strong></span> 
     </span>
    </p>
   </div>
   <div class='ocr_carea' id='block_1_38' title="bbox 88 2347 1692 2420">
    <p class='ocr_par' dir='ltr' id='par_1_38' title="bbox 88 2347 1692 2420">
     <span class='ocr_line' id='line_1_38' title="bbox 88 2347 1692 2420; baseline 0.001 -17"><span class='ocrx_word' id='word_1_308' title='bbox 88 2347 353 2404; x_wconf 87' lang='lat' dir='ltr'><strong>universa</strong></span> <span class='ocrx_word' id='word_1_309' title='bbox 385 2362 739 2418; x_wconf 60' lang='lat' dir='ltr'><strong>«(mecumque</strong></span> <span class='ocrx_word' id='word_1_310' title='bbox 781 2348 882 2403; x_wconf 84' lang='lat' dir='ltr'><strong>sibi</strong></span> <span class='ocrx_word' id='word_1_311' title='bbox 928 2347 983 2403; x_wconf 90' lang='lat' dir='ltr'><strong>in</strong></span> <span class='ocrx_word' id='word_1_312' title='bbox 1028 2350 1277 2420; x_wconf 87' lang='lat' dir='ltr'><strong>passione</strong></span> <span class='ocrx_word' id='word_1_313' title='bbox 1309 2348 1692 2405; x_wconf 86' lang='lat' dir='ltr'><strong>desiderabilia</strong></span> 
     </span>
    </p>
   </div>
   <div class='ocr_carea' id='block_1_39' title="bbox 87 2440 1688 2523">
    <p class='ocr_par' dir='ltr' id='par_1_39' title="bbox 87 2440 1688 2523">
     <span class='ocr_line' id='line_1_39' title="bbox 87 2440 1688 2523; baseline 0.002 -25"><span class='ocrx_word' id='word_1_314' title='bbox 87 2451 249 2508; x_wconf 88' lang='lat' dir='ltr'><strong>sunt,</strong></span> <span class='ocrx_word' id='word_1_315' title='bbox 298 2442 520 2513; x_wconf 80' lang='lat' dir='ltr'><strong>exsequi</strong></span> <span class='ocrx_word' id='word_1_316' title='bbox 572 2455 855 2513; x_wconf 78' lang='lat' dir='ltr'><strong>properat:</strong></span> <span class='ocrx_word' id='word_1_317' title='bbox 890 2442 1055 2523; x_wconf 73' lang='lat'><strong>589</strong></span> <span class='ocrx_word' id='word_1_318' title='bbox 1085 2458 1152 2497; x_wconf 90' lang='lat' dir='ltr'><strong>ne</strong></span> <span class='ocrx_word' id='word_1_319' title='bbox 1191 2440 1319 2517; x_wconf 82' lang='lat' dir='ltr'><strong>quid</strong></span> <span class='ocrx_word' id='word_1_320' title='bbox 1362 2457 1430 2499; x_wconf 79' lang='lat' dir='ltr'><strong>ex</strong></span> <span class='ocrx_word' id='word_1_321' title='bbox 1461 2441 1546 2497; x_wconf 88' lang='lat' dir='ltr'><strong>his</strong></span> <span class='ocrx_word' id='word_1_322' title='bbox 1576 2442 1688 2509; x_wconf 83' lang='lat' dir='ltr'><strong>sit,</strong></span> 
     </span>
    </p>
   </div>
   <div class='ocr_carea' id='block_1_40' title="bbox 89 2533 1694 2607">
    <p class='ocr_par' dir='ltr' id='par_1_40' title="bbox 89 2533 1694 2607">
     <span class='ocr_line' id='line_1_40' title="bbox 89 2533 1694 2607; baseline 0.001 -18"><span class='ocrx_word' id='word_1_323' title='bbox 89 2535 236 2605; x_wconf 89' lang='lat' dir='ltr'><strong>quod</strong></span> <span class='ocrx_word' id='word_1_324' title='bbox 292 2533 366 2607; x_wconf 81' lang='grc' dir='ltr'><strong>(ε)</strong></span> <span class='ocrx_word' id='word_1_325' title='bbox 418 2535 751 2606; x_wconf 65' lang='lat' dir='ltr'><strong>praeveniens</strong></span> <span class='ocrx_word' id='word_1_326' title='bbox 795 2543 1045 2607; x_wconf 88' lang='lat' dir='ltr'><strong>peccator</strong></span> <span class='ocrx_word' id='word_1_327' title='bbox 1089 2535 1366 2606; x_wconf 88' lang='lat' dir='ltr'><strong>impediat.</strong></span> <span class='ocrx_word' id='word_1_328' title='bbox 1415 2534 1694 2595; x_wconf 87' lang='lat' dir='ltr'><strong>Desiderio</strong></span> 
     </span>
    </p>
   </div>
   <div class='ocr_carea' id='block_1_41' title="bbox 90 2626 1689 2701">
    <p class='ocr_par' dir='ltr' id='par_1_41' title="bbox 90 2626 1689 2701">
     <span class='ocr_line' id='line_1_41' title="bbox 90 2626 1689 2701; baseline -0.003 -15"><span class='ocrx_word' id='word_1_329' title='bbox 90 2629 423 2686; x_wconf 79' lang='lat' dir='ltr'><strong>desideravit</strong></span> <span class='ocrx_word' id='word_1_330' title='bbox 452 2644 573 2684; x_wconf 87' lang='lat' dir='ltr'><strong>cum</strong></span> <span class='ocrx_word' id='word_1_331' title='bbox 598 2628 875 2699; x_wconf 89' lang='lat' dir='ltr'><strong>discipulis</strong></span> <span class='ocrx_word' id='word_1_332' title='bbox 917 2627 1114 2699; x_wconf 86' lang='lat' dir='ltr'><strong>pascha</strong></span> <span class='ocrx_word' id='word_1_333' title='bbox 1160 2626 1487 2683; x_wconf 87' lang='lat' dir='ltr'><strong>manducare</strong></span> <span class='ocrx_word' id='word_1_334' title='bbox 1522 2626 1689 2701; x_wconf 87' lang='lat' dir='ltr'><strong>(Luc.</strong></span> 
     </span>
    </p>
   </div>
   <div class='ocr_carea' id='block_1_42' title="bbox 89 2718 1696 2793">
    <p class='ocr_par' dir='ltr' id='par_1_42' title="bbox 89 2718 1696 2793">
     <span class='ocr_line' id='line_1_42' title="bbox 89 2718 1696 2793; baseline -0.001 -15"><span class='ocrx_word' id='word_1_335' title='bbox 89 2737 205 2778; x_wconf 81' lang='lat' dir='ltr'><strong>xm</strong></span> <span class='ocrx_word' id='word_1_336' title='bbox 223 2765 236 2785; x_wconf 83' lang='lat'><strong>,</strong></span> <span class='ocrx_word' id='word_1_337' title='bbox 262 2718 386 2793; x_wconf 73' lang='lat'><strong>15);</strong></span> <span class='ocrx_word' id='word_1_338' title='bbox 418 2720 668 2777; x_wconf 83' lang='lat' dir='ltr'><strong>festinato</strong></span> <span class='ocrx_word' id='word_1_339' title='bbox 696 2720 909 2791; x_wconf 76' lang='lat' dir='ltr'><strong>pascha:</strong></span> <span class='ocrx_word' id='word_1_340' title='bbox 929 2734 1136 2777; x_wconf 74' lang='lat' dir='ltr'><strong>scenam</strong></span> <span class='ocrx_word' id='word_1_341' title='bbox 1162 2720 1384 2793; x_wconf 87' lang='lat' dir='ltr'><strong>peregit.</strong></span> <span class='ocrx_word' id='word_1_342' title='bbox 1413 2720 1696 2777; x_wconf 87' lang='lat' dir='ltr'><strong>Desidera-</strong></span> 
     </span>
    </p>
   </div>
   <div class='ocr_carea' id='block_1_43' title="bbox 91 2810 1696 2886">
    <p class='ocr_par' dir='ltr' id='par_1_43' title="bbox 91 2810 1696 2886">
     <span class='ocr_line' id='line_1_43' title="bbox 91 2810 1696 2886; baseline -0.001 -16"><span class='ocrx_word' id='word_1_343' title='bbox 91 2816 170 2872; x_wconf 88' lang='lat' dir='ltr'><strong>vit</strong></span> <span class='ocrx_word' id='word_1_344' title='bbox 210 2815 438 2871; x_wconf 87' lang='lat' dir='ltr'><strong>calicem</strong></span> <span class='ocrx_word' id='word_1_345' title='bbox 471 2812 737 2886; x_wconf 77' lang='lat' dir='ltr'><strong>paSsionis</strong></span> <span class='ocrx_word' id='word_1_346' title='bbox 764 2813 987 2880; x_wconf 86' lang='lat' dir='ltr'><strong>bibere,</strong></span> <span class='ocrx_word' id='word_1_347' title='bbox 1028 2811 1249 2868; x_wconf 84' lang='lat' dir='ltr'><strong>dicens:</strong></span> <span class='ocrx_word' id='word_1_348' title='bbox 1284 2810 1509 2868; x_wconf 88' lang='lat' dir='ltr'><strong>Calicem</strong></span> <span class='ocrx_word' id='word_1_349' title='bbox 1548 2830 1696 2884; x_wconf 87' lang='lat' dir='ltr'><strong>quem</strong></span> 
     </span>
    </p>
   </div>
   <div class='ocr_carea' id='block_1_44' title="bbox 94 2904 1693 2977">
    <p class='ocr_par' dir='ltr' id='par_1_44' title="bbox 94 2904 1693 2977">
     <span class='ocr_line' id='line_1_44' title="bbox 94 2904 1693 2977; baseline -0.001 -14"><span class='ocrx_word' id='word_1_350' title='bbox 94 2907 259 2963; x_wconf 85' lang='lat' dir='ltr'><strong>Pater</strong></span> <span class='ocrx_word' id='word_1_351' title='bbox 288 2923 436 2963; x_wconf 85' lang='lat' dir='ltr'><strong>meus</strong></span> <span class='ocrx_word' id='word_1_352' title='bbox 466 2908 594 2963; x_wconf 83' lang='lat' dir='ltr'><strong>mihi</strong></span> <span class='ocrx_word' id='word_1_353' title='bbox 621 2907 790 2974; x_wconf 80' lang='lat' dir='ltr'><strong>dedit,</strong></span> <span class='ocrx_word' id='word_1_354' title='bbox 825 2923 927 2961; x_wconf 89' lang='lat' dir='ltr'><strong>non</strong></span> <span class='ocrx_word' id='word_1_355' title='bbox 955 2904 1123 2960; x_wconf 86' lang='lat' dir='ltr'><strong>bibam</strong></span> <span class='ocrx_word' id='word_1_356' title='bbox 1146 2906 1295 2960; x_wconf 86' lang='lat' dir='ltr'><strong>illum</strong></span> <span class='ocrx_word' id='word_1_357' title='bbox 1324 2904 1506 2977; x_wconf 86' lang='lat' dir='ltr'><strong>(Joan.</strong></span> <span class='ocrx_word' id='word_1_358' title='bbox 1538 2920 1693 2974; x_wconf 83' lang='lat' dir='ltr'><strong>xvnt,</strong></span> 
     </span>
    </p>
   </div>
   <div class='ocr_carea' id='block_1_45' title="bbox 94 2997 1697 3073">
    <p class='ocr_par' dir='ltr' id='par_1_45' title="bbox 94 2997 1697 3073">
     <span class='ocr_line' id='line_1_45' title="bbox 94 2997 1697 3073; baseline -0.002 -17"><span class='ocrx_word' id='word_1_359' title='bbox 94 2999 223 3072; x_wconf 76' lang='lat' dir='ltr'><strong>il)?</strong></span> <span class='ocrx_word' id='word_1_360' title='bbox 255 2998 626 3070; x_wconf 67' lang='lat' dir='ltr'><strong>quaerentibus</strong></span> <span class='ocrx_word' id='word_1_361' title='bbox 666 3013 725 3055; x_wconf 90' lang='lat' dir='ltr'><strong>se</strong></span> <span class='ocrx_word' id='word_1_362' title='bbox 765 2998 904 3055; x_wconf 92' lang='lat' dir='ltr'><strong>ultro</strong></span> <span class='ocrx_word' id='word_1_363' title='bbox 944 2998 1058 3065; x_wconf 88' lang='lat' dir='ltr'><strong>bis,</strong></span> <span class='ocrx_word' id='word_1_364' title='bbox 1100 2997 1192 3070; x_wconf 87' lang='lat' dir='ltr'><strong>qui</strong></span> <span class='ocrx_word' id='word_1_365' title='bbox 1231 2999 1297 3053; x_wconf 90' lang='lat' dir='ltr'><strong>ad</strong></span> <span class='ocrx_word' id='word_1_366' title='bbox 1340 2998 1697 3073; x_wconf 84' lang='lat' dir='ltr'><strong>comprehcn-</strong></span> 
     </span>
    </p>
   </div>
   <div class='ocr_carea' id='block_1_46' title="bbox 93 3090 1698 3163">
    <p class='ocr_par' dir='ltr' id='par_1_46' title="bbox 93 3090 1698 3163">
     <span class='ocr_line' id='line_1_46' title="bbox 93 3090 1698 3163; baseline -0.001 -14"><span class='ocrx_word' id='word_1_367' title='bbox 93 3093 337 3150; x_wconf 89' lang='lat' dir='ltr'><strong>dendum</strong></span> <span class='ocrx_word' id='word_1_368' title='bbox 373 3108 496 3149; x_wconf 90' lang='lat' dir='ltr'><strong>eum</strong></span> <span class='ocrx_word' id='word_1_369' title='bbox 529 3102 822 3160; x_wconf 82' lang='lat' dir='ltr'><strong>venerant,</strong></span> <span class='ocrx_word' id='word_1_370' title='bbox 853 3104 907 3148; x_wconf 92' lang='lat' dir='ltr'><strong>et</strong></span> <span class='ocrx_word' id='word_1_371' title='bbox 934 3090 1392 3163; x_wconf 84' lang='lat' dir='ltr'><strong>interrogantibus</strong></span> <span class='ocrx_word' id='word_1_372' title='bbox 1421 3092 1510 3163; x_wconf 91' lang='lat' dir='ltr'><strong>qui</strong></span> <span class='ocrx_word' id='word_1_373' title='bbox 1540 3091 1698 3149; x_wconf 83' lang='lat' dir='ltr'><strong>Jesus</strong></span> 
     </span>
    </p>
   </div>
   <div class='ocr_carea' id='block_1_47' title="bbox 94 3184 1697 3258">
    <p class='ocr_par' dir='ltr' id='par_1_47' title="bbox 94 3184 1697 3258">
     <span class='ocr_line' id='line_1_47' title="bbox 94 3184 1697 3258; baseline -0.002 -14"><span class='ocrx_word' id='word_1_374' title='bbox 94 3197 245 3245; x_wconf 83' lang='lat' dir='ltr'><strong>esset</strong></span> <span class='ocrx_word' id='word_1_375' title='bbox 271 3228 289 3254; x_wconf 86' lang='lat'><strong>,</strong></span> <span class='ocrx_word' id='word_1_376' title='bbox 320 3186 545 3258; x_wconf 83' lang='lat' dir='ltr'><strong>ingessit</strong></span> <span class='ocrx_word' id='word_1_377' title='bbox 572 3185 735 3258; x_wconf 87' lang='lat' dir='ltr'><strong>(Ibid.</strong></span> <span class='ocrx_word' id='word_1_378' title='bbox 760 3184 840 3256; x_wconf 72' lang='grc'><strong>4).</strong></span> <span class='ocrx_word' id='word_1_379' title='bbox 870 3185 985 3242; x_wconf 90' lang='lat' dir='ltr'><strong>Scit</strong></span> <span class='ocrx_word' id='word_1_380' title='bbox 1007 3184 1109 3241; x_wconf 77' lang='lat' dir='ltr'><strong>sibi</strong></span> <span class='ocrx_word' id='word_1_381' title='bbox 1134 3186 1274 3241; x_wconf 89' lang='lat' dir='ltr'><strong>aceti</strong></span> <span class='ocrx_word' id='word_1_382' title='bbox 1303 3185 1551 3257; x_wconf 89' lang='lat' dir='ltr'><strong>poculum</strong></span> <span class='ocrx_word' id='word_1_383' title='bbox 1578 3201 1697 3242; x_wconf 88' lang='lat' dir='ltr'><strong>esse</strong></span> 
     </span>
    </p>
   </div>
   <div class='ocr_carea' id='block_1_48' title="bbox 1791 1979 3394 2052">
    <p class='ocr_par' dir='ltr' id='par_1_48' title="bbox 1791 1979 3394 2052">
     <span class='ocr_line' id='line_1_48' title="bbox 1791 1979 3394 2052; baseline -0.001 -16"><span class='ocrx_word' id='word_1_384' title='bbox 1791 1997 1912 2052; x_wconf 74' lang='lat' dir='ltr'><strong>quae</strong></span> <span class='ocrx_word' id='word_1_385' title='bbox 1941 1991 2202 2052; x_wconf 90' lang='lat' dir='ltr'><strong>geruntur</strong></span> <span class='ocrx_word' id='word_1_386' title='bbox 2232 1981 2287 2037; x_wconf 91' lang='lat' dir='ltr'><strong>in</strong></span> <span class='ocrx_word' id='word_1_387' title='bbox 2315 1980 2546 2037; x_wconf 91' lang='lat' dir='ltr'><strong>Domino</strong></span> <span class='ocrx_word' id='word_1_388' title='bbox 2567 2023 2582 2048; x_wconf 95' lang='lat'><strong>,</strong></span> <span class='ocrx_word' id='word_1_389' title='bbox 2632 1979 2701 2036; x_wconf 89' lang='lat' dir='ltr'><strong>ad</strong></span> <span class='ocrx_word' id='word_1_390' title='bbox 2740 1979 3151 2037; x_wconf 87' lang='lat' dir='ltr'><strong>confundendas</strong></span> <span class='ocrx_word' id='word_1_391' title='bbox 3179 1990 3234 2036; x_wconf 91' lang='lat' dir='ltr'><strong>et</strong></span> <span class='ocrx_word' id='word_1_392' title='bbox 3260 1994 3394 2036; x_wconf 88' lang='lat' dir='ltr'><strong>con—</strong></span> 
     </span>
    </p>
   </div>
   <div class='ocr_carea' id='block_1_49' title="bbox 1792 2072 3398 2145">
    <p class='ocr_par' dir='ltr' id='par_1_49' title="bbox 1792 2072 3398 2145">
     <span class='ocr_line' id='line_1_49' title="bbox 1792 2072 3398 2145; baseline -0.003 -13"><span class='ocrx_word' id='word_1_393' title='bbox 1792 2074 2111 2132; x_wconf 86' lang='lat' dir='ltr'><strong>sternandas</strong></span> <span class='ocrx_word' id='word_1_394' title='bbox 2136 2074 2428 2145; x_wconf 85' lang='lat' dir='ltr'><strong>impiorum</strong></span> <span class='ocrx_word' id='word_1_395' title='bbox 2459 2074 2818 2145; x_wconf 77' lang='lat' dir='ltr'><strong>cogitationes</strong></span> <span class='ocrx_word' id='word_1_396' title='bbox 2843 2115 2859 2139; x_wconf 91' lang='lat'><strong>,</strong></span> <span class='ocrx_word' id='word_1_397' title='bbox 2907 2072 3106 2128; x_wconf 83' lang='lat' dir='ltr'><strong>habent</strong></span> <span class='ocrx_word' id='word_1_398' title='bbox 3147 2072 3204 2128; x_wconf 91' lang='lat' dir='ltr'><strong>in</strong></span> <span class='ocrx_word' id='word_1_399' title='bbox 3240 2085 3303 2128; x_wconf 89' lang='lat' dir='ltr'><strong>se</strong></span> <span class='ocrx_word' id='word_1_400' title='bbox 3340 2078 3398 2126; x_wconf 89' lang='lat' dir='ltr'><strong>et</strong></span> 
     </span>
    </p>
   </div>
   <div class='ocr_carea' id='block_1_50' title="bbox 1791 2161 3397 2238">
    <p class='ocr_par' dir='ltr' id='par_1_50' title="bbox 1791 2161 3397 2238">
     <span class='ocr_line' id='line_1_50' title="bbox 1791 2161 3397 2238; baseline -0.002 -16"><span class='ocrx_word' id='word_1_401' title='bbox 1791 2182 1974 2223; x_wconf 90' lang='lat' dir='ltr'><strong>rerum</strong></span> <span class='ocrx_word' id='word_1_402' title='bbox 2006 2164 2352 2238; x_wconf 66' lang='lat' dir='ltr'><strong>praesentium</strong></span> <span class='ocrx_word' id='word_1_403' title='bbox 2384 2162 2762 2221; x_wconf 87' lang='lat' dir='ltr'><strong>admirabilem</strong></span> <span class='ocrx_word' id='word_1_404' title='bbox 2785 2161 3158 2230; x_wconf 75' lang='lat' dir='ltr'><strong>efficientiam,</strong></span> <span class='ocrx_word' id='word_1_405' title='bbox 3188 2171 3244 2218; x_wconf 91' lang='lat' dir='ltr'><strong>et</strong></span> <span class='ocrx_word' id='word_1_406' title='bbox 3268 2177 3397 2237; x_wconf 89' lang='lat' dir='ltr'><strong>pro-</strong></span> 
     </span>
    </p>
   </div>
   <div class='ocr_carea' id='block_1_51' title="bbox 1793 2256 2804 2332">
    <p class='ocr_par' dir='ltr' id='par_1_51' title="bbox 1793 2256 2804 2332">
     <span class='ocr_line' id='line_1_51' title="bbox 1793 2256 2804 2332; baseline -0.003 -18"><span class='ocrx_word' id='word_1_407' title='bbox 1793 2258 1994 2332; x_wconf 66' lang='lat' dir='ltr'><strong>pbetia:</strong></span> <span class='ocrx_word' id='word_1_408' title='bbox 2022 2258 2468 2314; x_wconf 87' lang='lat' dir='ltr'><strong>indemutabilem</strong></span> <span class='ocrx_word' id='word_1_409' title='bbox 2498 2256 2804 2313; x_wconf 86' lang='lat' dir='ltr'><strong>veritatem.</strong></span> 
     </span>
    </p>
   </div>
   <div class='ocr_carea' id='block_1_52' title="bbox 1869 2348 3396 2425">
    <p class='ocr_par' dir='ltr' id='par_1_52' title="bbox 1869 2348 3396 2425">
     <span class='ocr_line' id='line_1_52' title="bbox 1869 2348 3396 2425; baseline -0.005 -15"><span class='ocrx_word' id='word_1_410' title='bbox 1869 2352 1957 2411; x_wconf 71' lang='lat' dir='ltr'><strong>i4.</strong></span> <span class='ocrx_word' id='word_1_411' title='bbox 1987 2353 2188 2409; x_wconf 81' lang='lat' dir='ltr'><strong>Eorum</strong></span> <span class='ocrx_word' id='word_1_412' title='bbox 2216 2368 2384 2425; x_wconf 76' lang='lat' dir='ltr'><strong>paena.</strong></span> <span class='ocrx_word' id='word_1_413' title='bbox 2412 2351 2670 2408; x_wconf 81' lang='lat' dir='ltr'><strong>Circuitus</strong></span> <span class='ocrx_word' id='word_1_414' title='bbox 2691 2360 2870 2406; x_wconf 81' lang='lat' dir='ltr'><strong>contra</strong></span> <span class='ocrx_word' id='word_1_415' title='bbox 2887 2348 3264 2404; x_wconf 82' lang='lat' dir='ltr'><strong>Christum.—</strong></span> <span class='ocrx_word' id='word_1_416' title='bbox 3292 2348 3396 2403; x_wconf 88' lang='lat' dir='ltr'><strong>De-</strong></span> 
     </span>
    </p>
   </div>
   <div class='ocr_carea' id='block_1_53' title="bbox 1796 2442 3398 2517">
    <p class='ocr_par' dir='ltr' id='par_1_53' title="bbox 1796 2442 3398 2517">
     <span class='ocr_line' id='line_1_53' title="bbox 1796 2442 3398 2517; baseline -0.004 -15"><span class='ocrx_word' id='word_1_417' title='bbox 1796 2446 1921 2503; x_wconf 85' lang='lat' dir='ltr'><strong>hinc</strong></span> <span class='ocrx_word' id='word_1_418' title='bbox 1969 2445 2257 2517; x_wconf 89' lang='lat' dir='ltr'><strong>sequitur,</strong></span> <span class='ocrx_word' id='word_1_419' title='bbox 2307 2443 2470 2501; x_wconf 75' lang='lat' dir='ltr'><strong>Vens.</strong></span> <span class='ocrx_word' id='word_1_420' title='bbox 2532 2443 2600 2499; x_wconf 84' lang='grc'>10</span> <span class='ocrx_word' id='word_1_421' title='bbox 2653 2452 2707 2499; x_wconf 87' lang='lat' dir='ltr'><strong>et</strong></span> <span class='ocrx_word' id='word_1_422' title='bbox 2766 2442 2829 2498; x_wconf 83' lang='lat' dir='ltr'><strong>ii</strong></span> <span class='ocrx_word' id='word_1_423' title='bbox 2881 2459 2895 2497; x_wconf 94' lang='lat'><strong>:</strong></span> <span class='ocrx_word' id='word_1_424' title='bbox 2937 2442 3106 2515; x_wconf 82' lang='lat' dir='ltr'><strong>Caput</strong></span> <span class='ocrx_word' id='word_1_425' title='bbox 3156 2442 3398 2497; x_wconf 83' lang='lat' dir='ltr'><strong>circuitus</strong></span> 
     </span>
    </p>
   </div>
   <div class='ocr_carea' id='block_1_54' title="bbox 1796 2534 3399 2612">
    <p class='ocr_par' dir='ltr' id='par_1_54' title="bbox 1796 2534 3399 2612">
     <span class='ocr_line' id='line_1_54' title="bbox 1796 2534 3399 2612; baseline -0.006 -15"><span class='ocrx_word' id='word_1_426' title='bbox 1796 2558 1973 2597; x_wconf 87' lang='lat' dir='ltr'><strong>eorum</strong></span> <span class='ocrx_word' id='word_1_427' title='bbox 1996 2582 2012 2610; x_wconf 89' lang='lat'><strong>,</strong></span> <span class='ocrx_word' id='word_1_428' title='bbox 2066 2540 2212 2595; x_wconf 88' lang='lat' dir='ltr'><strong>labor</strong></span> <span class='ocrx_word' id='word_1_429' title='bbox 2252 2540 2506 2595; x_wconf 88' lang='lat' dir='ltr'><strong>labiorum</strong></span> <span class='ocrx_word' id='word_1_430' title='bbox 2542 2540 2773 2612; x_wconf 83' lang='lat' dir='ltr'><strong>ipsorum</strong></span> <span class='ocrx_word' id='word_1_431' title='bbox 2813 2537 3007 2608; x_wconf 75' lang='lat' dir='ltr'><strong>aperiet</strong></span> <span class='ocrx_word' id='word_1_432' title='bbox 3043 2552 3149 2592; x_wconf 89' lang='lat' dir='ltr'><strong>eos.</strong></span> <span class='ocrx_word' id='word_1_433' title='bbox 3200 2534 3399 2590; x_wconf 83' lang='lat' dir='ltr'><strong>Cadent</strong></span> 
     </span>
    </p>
   </div>
   <div class='ocr_carea' id='block_1_55' title="bbox 1795 2628 3399 2707">
    <p class='ocr_par' dir='ltr' id='par_1_55' title="bbox 1795 2628 3399 2707">
     <span class='ocr_line' id='line_1_55' title="bbox 1795 2628 3399 2707; baseline -0.006 -16"><span class='ocrx_word' id='word_1_434' title='bbox 1795 2652 1951 2706; x_wconf 81' lang='lat' dir='ltr'><strong>super</strong></span> <span class='ocrx_word' id='word_1_435' title='bbox 1971 2643 2056 2690; x_wconf 81' lang='lat' dir='ltr'><strong>eas</strong></span> <span class='ocrx_word' id='word_1_436' title='bbox 2084 2634 2324 2693; x_wconf 78' lang='lat' dir='ltr'><strong>carbones</strong></span> <span class='ocrx_word' id='word_1_437' title='bbox 2357 2632 2435 2707; x_wconf 68' lang='grc' dir='ltr'><strong>(ί)</strong></span> <span class='ocrx_word' id='word_1_438' title='bbox 2464 2632 2620 2703; x_wconf 84' lang='lat' dir='ltr'><strong>ignis,</strong></span> <span class='ocrx_word' id='word_1_439' title='bbox 2653 2640 2701 2685; x_wconf 90' lang='lat' dir='ltr'><strong>et</strong></span> <span class='ocrx_word' id='word_1_440' title='bbox 2730 2630 2940 2704; x_wconf 81' lang='lat' dir='ltr'><strong>dejicies</strong></span> <span class='ocrx_word' id='word_1_441' title='bbox 2960 2646 3064 2695; x_wconf 87' lang='lat' dir='ltr'><strong>eos,</strong></span> <span class='ocrx_word' id='word_1_442' title='bbox 3095 2629 3151 2684; x_wconf 84' lang='lat' dir='ltr'><strong>in</strong></span> <span class='ocrx_word' id='word_1_443' title='bbox 3178 2628 3399 2683; x_wconf 83' lang='lat' dir='ltr'><strong>miseriis</strong></span> 
     </span>
    </p>
   </div>
   <div class='ocr_carea' id='block_1_56' title="bbox 1796 2721 3399 2799">
    <p class='ocr_par' dir='ltr' id='par_1_56' title="bbox 1796 2721 3399 2799">
     <span class='ocr_line' id='line_1_56' title="bbox 1796 2721 3399 2799; baseline -0.006 -16"><span class='ocrx_word' id='word_1_444' title='bbox 1796 2745 1901 2784; x_wconf 84' lang='lat' dir='ltr'><strong>non</strong></span> <span class='ocrx_word' id='word_1_445' title='bbox 1941 2729 2231 2783; x_wconf 85' lang='lat' dir='ltr'><strong>subsistent.</strong></span> <span class='ocrx_word' id='word_1_446' title='bbox 2285 2726 2414 2781; x_wconf 90' lang='lat' dir='ltr'><strong>Post</strong></span> <span class='ocrx_word' id='word_1_447' title='bbox 2445 2726 2783 2796; x_wconf 88' lang='lat' dir='ltr'><strong>superiorem</strong></span> <span class='ocrx_word' id='word_1_448' title='bbox 2808 2737 3118 2778; x_wconf 86' lang='lat' dir='ltr'><strong>sermonem</strong></span> <span class='ocrx_word' id='word_1_449' title='bbox 3145 2765 3160 2790; x_wconf 89' lang='lat'><strong>,</strong></span> <span class='ocrx_word' id='word_1_450' title='bbox 3207 2721 3259 2775; x_wconf 91' lang='lat' dir='ltr'><strong>in</strong></span> <span class='ocrx_word' id='word_1_451' title='bbox 3289 2735 3399 2799; x_wconf 76' lang='lat' dir='ltr'><strong>quo</strong></span> 
     </span>
    </p>
   </div>
   <div class='ocr_carea' id='block_1_57' title="bbox 1798 2811 3400 2883">
    <p class='ocr_par' dir='ltr' id='par_1_57' title="bbox 1798 2811 3400 2883">
     <span class='ocr_line' id='line_1_57' title="bbox 1798 2811 3400 2883; baseline -0.006 -6"><span class='ocrx_word' id='word_1_452' title='bbox 1798 2822 1976 2878; x_wconf 87' lang='lat' dir='ltr'><strong>omnis</strong></span> <span class='ocrx_word' id='word_1_453' title='bbox 2005 2820 2073 2875; x_wconf 93' lang='lat' dir='ltr'><strong>ad</strong></span> <span class='ocrx_word' id='word_1_454' title='bbox 2103 2821 2269 2875; x_wconf 90' lang='lat' dir='ltr'><strong>Deum</strong></span> <span class='ocrx_word' id='word_1_455' title='bbox 2298 2818 2366 2874; x_wconf 89' lang='lat' dir='ltr'><strong>de</strong></span> <span class='ocrx_word' id='word_1_456' title='bbox 2394 2833 2453 2874; x_wconf 85' lang='lat' dir='ltr'><strong>se</strong></span> <span class='ocrx_word' id='word_1_457' title='bbox 2480 2818 2654 2872; x_wconf 87' lang='lat' dir='ltr'><strong>iuerat</strong></span> <span class='ocrx_word' id='word_1_458' title='bbox 2682 2817 2858 2872; x_wconf 83' lang='lat' dir='ltr'><strong>oratio</strong></span> <span class='ocrx_word' id='word_1_459' title='bbox 2880 2857 2897 2883; x_wconf 93' lang='lat'><strong>,</strong></span> <span class='ocrx_word' id='word_1_460' title='bbox 2946 2829 3087 2869; x_wconf 90' lang='lat' dir='ltr'><strong>nunc</strong></span> <span class='ocrx_word' id='word_1_461' title='bbox 3123 2811 3285 2869; x_wconf 88' lang='lat' dir='ltr'><strong>etiam</strong></span> <span class='ocrx_word' id='word_1_462' title='bbox 3318 2811 3400 2868; x_wconf 88' lang='lat' dir='ltr'><strong>in-</strong></span> 
     </span>
    </p>
   </div>
   <div class='ocr_carea' id='block_1_58' title="bbox 1803 2905 3400 2985">
    <p class='ocr_par' dir='ltr' id='par_1_58' title="bbox 1803 2905 3400 2985">
     <span class='ocr_line' id='line_1_58' title="bbox 1803 2905 3400 2985; baseline -0.008 -14"><span class='ocrx_word' id='word_1_463' title='bbox 1803 2924 2046 2972; x_wconf 81' lang='lat' dir='ltr'><strong>terventu</strong></span> <span class='ocrx_word' id='word_1_464' title='bbox 2075 2913 2389 2985; x_wconf 74' lang='lat' dir='ltr'><strong>diapsalmre</strong></span> <span class='ocrx_word' id='word_1_465' title='bbox 2420 2908 2716 2967; x_wconf 78' lang='lat' dir='ltr'><strong>demutavit</strong></span> <span class='ocrx_word' id='word_1_466' title='bbox 2743 2908 2994 2963; x_wconf 89' lang='lat' dir='ltr'><strong>ordinem</strong></span> <span class='ocrx_word' id='word_1_467' title='bbox 3026 2921 3237 2963; x_wconf 85' lang='lat' dir='ltr'><strong>sensus.</strong></span> <span class='ocrx_word' id='word_1_468' title='bbox 3293 2905 3400 2959; x_wconf 78' lang='lat' dir='ltr'><strong>Re-</strong></span> 
     </span>
    </p>
   </div>
   <div class='ocr_carea' id='block_1_59' title="bbox 1798 2998 3398 3079">
    <p class='ocr_par' dir='ltr' id='par_1_59' title="bbox 1798 2998 3398 3079">
     <span class='ocr_line' id='line_1_59' title="bbox 1798 2998 3398 3079; baseline -0.007 -18"><span class='ocrx_word' id='word_1_469' title='bbox 1798 3007 1922 3062; x_wconf 88' lang='lat' dir='ltr'><strong>tulit</strong></span> <span class='ocrx_word' id='word_1_470' title='bbox 1949 3006 2091 3061; x_wconf 90' lang='lat' dir='ltr'><strong>enim</strong></span> <span class='ocrx_word' id='word_1_471' title='bbox 2121 3003 2199 3079; x_wconf 90' lang='lat' dir='ltr'><strong>(g)</strong></span> <span class='ocrx_word' id='word_1_472' title='bbox 2228 3019 2288 3061; x_wconf 88' lang='lat' dir='ltr'><strong>se</strong></span> <span class='ocrx_word' id='word_1_473' title='bbox 2314 3004 2381 3058; x_wconf 89' lang='lat' dir='ltr'><strong>ad</strong></span> <span class='ocrx_word' id='word_1_474' title='bbox 2413 3009 2757 3075; x_wconf 88' lang='lat' dir='ltr'><strong>peccatorum</strong></span> <span class='ocrx_word' id='word_1_475' title='bbox 2778 2998 3132 3070; x_wconf 73' lang='lat' dir='ltr'><strong>iustissimam</strong></span> <span class='ocrx_word' id='word_1_476' title='bbox 3162 3011 3398 3068; x_wconf 61' lang='lat' dir='ltr'><strong>poenam,</strong></span> 
     </span>
    </p>
   </div>
   <div class='ocr_carea' id='block_1_60' title="bbox 1800 3090 3400 3172">
    <p class='ocr_par' dir='ltr' id='par_1_60' title="bbox 1800 3090 3400 3172">
     <span class='ocr_line' id='line_1_60' title="bbox 1800 3090 3400 3172; baseline -0.009 -15"><span class='ocrx_word' id='word_1_477' title='bbox 1800 3115 1937 3171; x_wconf 90' lang='lat' dir='ltr'><strong>quos</strong></span> <span class='ocrx_word' id='word_1_478' title='bbox 1965 3101 2198 3172; x_wconf 91' lang='lat' dir='ltr'><strong>primum</strong></span> <span class='ocrx_word' id='word_1_479' title='bbox 2232 3099 2409 3169; x_wconf 88' lang='lat' dir='ltr'><strong>ipsum</strong></span> <span class='ocrx_word' id='word_1_480' title='bbox 2439 3095 2570 3152; x_wconf 88' lang='lat' dir='ltr'><strong>illud</strong></span> <span class='ocrx_word' id='word_1_481' title='bbox 2604 3093 2766 3168; x_wconf 76' lang='lat'><strong>590</strong></span> <span class='ocrx_word' id='word_1_482' title='bbox 2794 3100 3094 3148; x_wconf 90' lang='lat' dir='ltr'><strong>conventus</strong></span> <span class='ocrx_word' id='word_1_483' title='bbox 3116 3090 3400 3159; x_wconf 83' lang='lat' dir='ltr'><strong>suicaput,</strong></span> 
     </span>
    </p>
   </div>
   <div class='ocr_carea' id='block_1_61' title="bbox 1801 3181 3400 3250">
    <p class='ocr_par' dir='ltr' id='par_1_61' title="bbox 1801 3181 3400 3250">
     <span class='ocr_line' id='line_1_61' title="bbox 1801 3181 3400 3250; baseline -0.011 0"><span class='ocrx_word' id='word_1_484' title='bbox 1801 3193 1999 3250; x_wconf 90' lang='lat' dir='ltr'><strong>deinde</strong></span> <span class='ocrx_word' id='word_1_485' title='bbox 2029 3193 2180 3247; x_wconf 91' lang='lat' dir='ltr'><strong>labor</strong></span> <span class='ocrx_word' id='word_1_486' title='bbox 2210 3190 2474 3245; x_wconf 84' lang='lat' dir='ltr'><strong>labiorum</strong></span> <span class='ocrx_word' id='word_1_487' title='bbox 2504 3203 2724 3243; x_wconf 89' lang='lat' dir='ltr'><strong>suorum</strong></span> <span class='ocrx_word' id='word_1_488' title='bbox 2765 3197 2820 3241; x_wconf 89' lang='lat' dir='ltr'><strong>et</strong></span> <span class='ocrx_word' id='word_1_489' title='bbox 2870 3198 3031 3238; x_wconf 86' lang='lat' dir='ltr'><strong>omne</strong></span> <span class='ocrx_word' id='word_1_490' title='bbox 3060 3181 3400 3238; x_wconf 87' lang='lat' dir='ltr'><strong>maledictio-</strong></span> 
     </span>
    </p>
   </div>
   <div class='ocr_carea' id='block_1_62' title="bbox 98 3274 3405 3356">
    <p class='ocr_par' dir='ltr' id='par_1_62' title="bbox 98 3274 3405 3356">
     <span class='ocr_line' id='line_1_62' title="bbox 98 3274 3405 3356; baseline -0.001 -21"><span class='ocrx_word' id='word_1_491' title='bbox 98 3280 431 3353; x_wconf 86' lang='lat' dir='ltr'><strong>potandum:</strong></span> <span class='ocrx_word' id='word_1_492' title='bbox 456 3279 559 3336; x_wconf 88' lang='lat' dir='ltr'><strong>hoc</strong></span> <span class='ocrx_word' id='word_1_493' title='bbox 581 3292 636 3335; x_wconf 91' lang='lat' dir='ltr'><strong>ut</strong></span> <span class='ocrx_word' id='word_1_494' title='bbox 658 3280 803 3336; x_wconf 87' lang='lat' dir='ltr'><strong>bibat</strong></span> <span class='ocrx_word' id='word_1_495' title='bbox 827 3278 1083 3349; x_wconf 81' lang='lat' dir='ltr'><strong>poswiat.</strong></span> <span class='ocrx_word' id='word_1_496' title='bbox 1110 3278 1354 3349; x_wconf 81' lang='lat' dir='ltr'><strong>Magnum</strong></span> <span class='ocrx_word' id='word_1_497' title='bbox 1377 3277 1433 3334; x_wconf 89' lang='lat' dir='ltr'><strong>in</strong></span> <span class='ocrx_word' id='word_1_498' title='bbox 1456 3292 1543 3346; x_wconf 90' lang='lat' dir='ltr'><strong>eo,</strong></span> <span class='ocrx_word' id='word_1_499' title='bbox 1573 3292 1694 3335; x_wconf 88' lang='lat' dir='ltr'><strong>cum</strong></span> <span class='ocrx_word' id='word_1_500' title='bbox 1725 3286 1770 3351; x_wconf 75' lang='grc' dir='ltr'><strong>ί]</strong></span> <span class='ocrx_word' id='word_1_501' title='bbox 1802 3288 1886 3343; x_wconf 76' lang='lat' dir='ltr'><strong>nis</strong></span> <span class='ocrx_word' id='word_1_502' title='bbox 1930 3299 2067 3356; x_wconf 81' lang='lat' dir='ltr'><strong>opus</strong></span> <span class='ocrx_word' id='word_1_503' title='bbox 2108 3283 2339 3355; x_wconf 77' lang='lat' dir='ltr'><strong>aperiet.</strong></span> <span class='ocrx_word' id='word_1_504' title='bbox 2385 3281 2458 3338; x_wconf 83' lang='lat' dir='ltr'><strong>Ut</strong></span> <span class='ocrx_word' id='word_1_505' title='bbox 2500 3279 2645 3336; x_wconf 87' lang='lat' dir='ltr'><strong>enim</strong></span> <span class='ocrx_word' id='word_1_506' title='bbox 2688 3277 2940 3333; x_wconf 88' lang='lat' dir='ltr'><strong>omnibus</strong></span> <span class='ocrx_word' id='word_1_507' title='bbox 2989 3274 3195 3330; x_wconf 83' lang='lat' dir='ltr'><strong>sanetis</strong></span> <span class='ocrx_word' id='word_1_508' title='bbox 3240 3283 3405 3347; x_wconf 83' lang='lat' dir='ltr'><strong>caput</strong></span> 
     </span>
    </p>
   </div>
   <div class='ocr_carea' id='block_1_63' title="bbox 98 3368 1699 3442">
    <p class='ocr_par' dir='ltr' id='par_1_63' title="bbox 98 3368 1699 3442">
     <span class='ocr_line' id='line_1_63' title="bbox 98 3368 1699 3442; baseline -0.004 -12"><span class='ocrx_word' id='word_1_509' title='bbox 98 3372 658 3442; x_wconf 73' lang='lat' dir='ltr'><strong>bibisset,voluntatis</strong></span> <span class='ocrx_word' id='word_1_510' title='bbox 671 3386 783 3427; x_wconf 71' lang='lat' dir='ltr'><strong>sum</strong></span> <span class='ocrx_word' id='word_1_511' title='bbox 798 3373 1028 3426; x_wconf 89' lang='lat' dir='ltr'><strong>fructum</strong></span> <span class='ocrx_word' id='word_1_512' title='bbox 1056 3370 1295 3441; x_wconf 86' lang='lat' dir='ltr'><strong>capiens,</strong></span> <span class='ocrx_word' id='word_1_513' title='bbox 1320 3371 1426 3425; x_wconf 89' lang='lat' dir='ltr'><strong>ait:</strong></span> <span class='ocrx_word' id='word_1_514' title='bbox 1453 3368 1699 3425; x_wconf 86' lang='lat' dir='ltr'><strong>Consum-</strong></span> 
     </span>
    </p>
   </div>
   <div class='ocr_carea' id='block_1_64' title="bbox 95 3462 1699 3538">
    <p class='ocr_par' dir='ltr' id='par_1_64' title="bbox 95 3462 1699 3538">
     <span class='ocr_line' id='line_1_64' title="bbox 95 3462 1699 3538; baseline -0.002 -15"><span class='ocrx_word' id='word_1_515' title='bbox 95 3475 304 3523; x_wconf 84' lang='lat' dir='ltr'><strong>matum</strong></span> <span class='ocrx_word' id='word_1_516' title='bbox 347 3477 418 3521; x_wconf 85' lang='lat' dir='ltr'><strong>est</strong></span> <span class='ocrx_word' id='word_1_517' title='bbox 442 3465 557 3538; x_wconf 87' lang='lat' dir='ltr'><strong>(Id.</strong></span> <span class='ocrx_word' id='word_1_518' title='bbox 616 3480 735 3532; x_wconf 78' lang='lat' dir='ltr'><strong>xix,</strong></span> <span class='ocrx_word' id='word_1_519' title='bbox 757 3464 886 3531; x_wconf 75' lang='lat'><strong>50):</strong></span> <span class='ocrx_word' id='word_1_520' title='bbox 916 3478 1021 3534; x_wconf 90' lang='lat' dir='ltr'><strong>quo</strong></span> <span class='ocrx_word' id='word_1_521' title='bbox 1050 3464 1101 3518; x_wconf 92' lang='lat' dir='ltr'><strong>in</strong></span> <span class='ocrx_word' id='word_1_522' title='bbox 1130 3463 1295 3519; x_wconf 79' lang='lat' dir='ltr'><strong>verbo</strong></span> <span class='ocrx_word' id='word_1_523' title='bbox 1320 3462 1699 3519; x_wconf 86' lang='lat' dir='ltr'><strong>desiderabilis</strong></span> 
     </span>
    </p>
   </div>
   <div class='ocr_carea' id='block_1_65' title="bbox 95 3556 1701 3631">
    <p class='ocr_par' dir='ltr' id='par_1_65' title="bbox 95 3556 1701 3631">
     <span class='ocr_line' id='line_1_65' title="bbox 95 3556 1701 3631; baseline -0.001 -16"><span class='ocrx_word' id='word_1_524' title='bbox 95 3561 211 3617; x_wconf 65' lang='grc' dir='ltr'><strong>γοιί</strong></span> <span class='ocrx_word' id='word_1_525' title='bbox 244 3558 532 3631; x_wconf 87' lang='lat' dir='ltr'><strong>gratulatio</strong></span> <span class='ocrx_word' id='word_1_526' title='bbox 560 3559 889 3615; x_wconf 89' lang='lat' dir='ltr'><strong>continetur.</strong></span> <span class='ocrx_word' id='word_1_527' title='bbox 923 3556 1162 3613; x_wconf 88' lang='lat' dir='ltr'><strong>Liberarl</strong></span> <span class='ocrx_word' id='word_1_528' title='bbox 1204 3559 1437 3613; x_wconf 88' lang='lat' dir='ltr'><strong>animam</strong></span> <span class='ocrx_word' id='word_1_529' title='bbox 1477 3572 1626 3613; x_wconf 90' lang='lat' dir='ltr'><strong>suam</strong></span> <span class='ocrx_word' id='word_1_530' title='bbox 1669 3572 1701 3613; x_wconf 88' lang='lat' dir='ltr'><strong>a</strong></span> 
     </span>
    </p>
   </div>
   <div class='ocr_carea' id='block_1_66' title="bbox 94 3650 1699 3729">
    <p class='ocr_par' dir='ltr' id='par_1_66' title="bbox 94 3650 1699 3729">
     <span class='ocr_line' id='line_1_66' title="bbox 94 3650 1699 3729; baseline -0.002 -19"><span class='ocrx_word' id='word_1_531' title='bbox 94 3656 312 3710; x_wconf 88' lang='lat' dir='ltr'><strong>framea</strong></span> <span class='ocrx_word' id='word_1_532' title='bbox 340 3653 393 3709; x_wconf 91' lang='lat' dir='ltr'><strong>in</strong></span> <span class='ocrx_word' id='word_1_533' title='bbox 425 3653 646 3729; x_wconf 85' lang='lat' dir='ltr'><strong>psalmis</strong></span> <span class='ocrx_word' id='word_1_534' title='bbox 676 3652 985 3723; x_wconf 84' lang='lat' dir='ltr'><strong>frequenter</strong></span> <span class='ocrx_word' id='word_1_535' title='bbox 1013 3662 1261 3708; x_wconf 87' lang='lat' dir='ltr'><strong>oraverat</strong></span> <span class='ocrx_word' id='word_1_536' title='bbox 1291 3650 1407 3725; x_wconf 87' lang='lat' dir='ltr'><strong>(Ps.</strong></span> <span class='ocrx_word' id='word_1_537' title='bbox 1439 3669 1549 3719; x_wconf 75' lang='lat' dir='ltr'><strong>ut,</strong></span> <span class='ocrx_word' id='word_1_538' title='bbox 1573 3652 1699 3725; x_wconf 79' lang='lat' dir='ltr'><strong>2i),</strong></span> 
     </span>
    </p>
   </div>
   <div class='ocr_carea' id='block_1_67' title="bbox 93 3744 1699 3820">
    <p class='ocr_par' dir='ltr' id='par_1_67' title="bbox 93 3744 1699 3820">
     <span class='ocr_line' id='line_1_67' title="bbox 93 3744 1699 3820; baseline -0.002 -16"><span class='ocrx_word' id='word_1_539' title='bbox 93 3763 159 3804; x_wconf 85' lang='lat' dir='ltr'><strong>os</strong></span> <span class='ocrx_word' id='word_1_540' title='bbox 188 3762 304 3804; x_wconf 91' lang='lat' dir='ltr'><strong>non</strong></span> <span class='ocrx_word' id='word_1_541' title='bbox 335 3747 805 3803; x_wconf 87' lang='lat' dir='ltr'><strong>comminuendum</strong></span> <span class='ocrx_word' id='word_1_542' title='bbox 837 3746 1233 3819; x_wconf 80' lang='lat' dir='ltr'><strong>significaverat</strong></span> <span class='ocrx_word' id='word_1_543' title='bbox 1253 3745 1448 3820; x_wconf 74' lang='lat' dir='ltr'><strong>(Exodi</strong></span> <span class='ocrx_word' id='word_1_544' title='bbox 1469 3763 1563 3814; x_wconf 73' lang='grc' dir='ltr'><strong>χιι,</strong></span> <span class='ocrx_word' id='word_1_545' title='bbox 1583 3744 1699 3819; x_wconf 77' lang='grc'><strong>46),</strong></span> 
     </span>
    </p>
   </div>
   <div class='ocr_carea' id='block_1_68' title="bbox 92 3838 1701 3913">
    <p class='ocr_par' dir='ltr' id='par_1_68' title="bbox 92 3838 1701 3913">
     <span class='ocr_line' id='line_1_68' title="bbox 92 3838 1701 3913; baseline -0.003 -15"><span class='ocrx_word' id='word_1_546' title='bbox 92 3841 304 3898; x_wconf 87' lang='lat' dir='ltr'><strong>sortitu</strong></span> <span class='ocrx_word' id='word_1_547' title='bbox 328 3849 535 3896; x_wconf 87' lang='lat' dir='ltr'><strong>vestem</strong></span> <span class='ocrx_word' id='word_1_548' title='bbox 564 3853 715 3897; x_wconf 86' lang='lat' dir='ltr'><strong>suam</strong></span> <span class='ocrx_word' id='word_1_549' title='bbox 748 3838 1091 3894; x_wconf 87' lang='lat' dir='ltr'><strong>obtinendam</strong></span> <span class='ocrx_word' id='word_1_550' title='bbox 1132 3838 1544 3893; x_wconf 81' lang='lat' dir='ltr'><strong>denuntiaverat</strong></span> <span class='ocrx_word' id='word_1_551' title='bbox 1572 3838 1701 3913; x_wconf 84' lang='lat' dir='ltr'><strong>(Ps.</strong></span> 
     </span>
    </p>
   </div>
   <div class='ocr_carea' id='block_1_69' title="bbox 93 3930 1703 4007">
    <p class='ocr_par' dir='ltr' id='par_1_69' title="bbox 93 3930 1703 4007">
     <span class='ocr_line' id='line_1_69' title="bbox 93 3930 1703 4007; baseline -0.002 -16"><span class='ocrx_word' id='word_1_552' title='bbox 93 3952 223 4000; x_wconf 74' lang='grc' dir='ltr'><strong>ιιι,</strong></span> <span class='ocrx_word' id='word_1_553' title='bbox 256 3933 371 4007; x_wconf 79' lang='grc'><strong>19).</strong></span> <span class='ocrx_word' id='word_1_554' title='bbox 424 3934 548 3989; x_wconf 67' lang='lat' dir='ltr'><strong>Haec</strong></span> <span class='ocrx_word' id='word_1_555' title='bbox 590 3933 812 4001; x_wconf 80' lang='lat' dir='ltr'><strong>omnia,</strong></span> <span class='ocrx_word' id='word_1_556' title='bbox 857 3947 979 4003; x_wconf 62' lang='lat' dir='ltr'><strong>quas</strong></span> <span class='ocrx_word' id='word_1_557' title='bbox 1022 3930 1279 3987; x_wconf 89' lang='lat' dir='ltr'><strong>desiderii</strong></span> <span class='ocrx_word' id='word_1_558' title='bbox 1323 3934 1406 3986; x_wconf 90' lang='lat' dir='ltr'><strong>sui</strong></span> <span class='ocrx_word' id='word_1_559' title='bbox 1450 3932 1589 3997; x_wconf 90' lang='lat' dir='ltr'><strong>sint,</strong></span> <span class='ocrx_word' id='word_1_560' title='bbox 1636 3931 1703 3987; x_wconf 91' lang='lat' dir='ltr'><strong>ad</strong></span> 
     </span>
    </p>
   </div>
   <div class='ocr_carea' id='block_1_70' title="bbox 90 4024 1707 4102">
    <p class='ocr_par' dir='ltr' id='par_1_70' title="bbox 90 4024 1707 4102">
     <span class='ocr_line' id='line_1_70' title="bbox 90 4024 1707 4102; baseline -0.003 -17"><span class='ocrx_word' id='word_1_561' title='bbox 90 4028 414 4102; x_wconf 68' lang='lat' dir='ltr'><strong>prophetiae</strong></span> <span class='ocrx_word' id='word_1_562' title='bbox 441 4028 600 4083; x_wconf 84' lang='lat' dir='ltr'><strong>ﬁdem</strong></span> <span class='ocrx_word' id='word_1_563' title='bbox 631 4038 689 4085; x_wconf 95' lang='lat' dir='ltr'><strong>ut</strong></span> <span class='ocrx_word' id='word_1_564' title='bbox 716 4027 1042 4099; x_wconf 81' lang='lat' dir='ltr'><strong>impleantur</strong></span> <span class='ocrx_word' id='word_1_565' title='bbox 1079 4033 1227 4080; x_wconf 85' lang='lat' dir='ltr'><strong>orat:</strong></span> <span class='ocrx_word' id='word_1_566' title='bbox 1270 4041 1337 4081; x_wconf 92' lang='lat' dir='ltr'><strong>ne</strong></span> <span class='ocrx_word' id='word_1_567' title='bbox 1374 4024 1503 4097; x_wconf 89' lang='lat' dir='ltr'><strong>quid</strong></span> <span class='ocrx_word' id='word_1_568' title='bbox 1528 4040 1597 4080; x_wconf 83' lang='lat' dir='ltr'><strong>ex</strong></span> <span class='ocrx_word' id='word_1_569' title='bbox 1624 4024 1707 4080; x_wconf 86' lang='lat' dir='ltr'><strong>his</strong></span> 
     </span>
    </p>
   </div>
   <div class='ocr_carea' id='block_1_71' title="bbox 90 4116 1710 4194">
    <p class='ocr_par' dir='ltr' id='par_1_71' title="bbox 90 4116 1710 4194">
     <span class='ocr_line' id='line_1_71' title="bbox 90 4116 1710 4194; baseline -0.004 -15"><span class='ocrx_word' id='word_1_570' title='bbox 90 4122 382 4194; x_wconf 77' lang='lat' dir='ltr'><strong>peccaturi</strong></span> <span class='ocrx_word' id='word_1_571' title='bbox 426 4122 495 4177; x_wconf 89' lang='lat' dir='ltr'><strong>sit</strong></span> <span class='ocrx_word' id='word_1_572' title='bbox 540 4121 841 4193; x_wconf 78' lang='lat' dir='ltr'><strong>potestatis,</strong></span> <span class='ocrx_word' id='word_1_573' title='bbox 892 4134 961 4175; x_wconf 88' lang='lat' dir='ltr'><strong>ne</strong></span> <span class='ocrx_word' id='word_1_574' title='bbox 993 4118 1073 4191; x_wconf 78' lang='grc' dir='ltr'><strong>(ά)</strong></span> <span class='ocrx_word' id='word_1_575' title='bbox 1115 4116 1368 4189; x_wconf 87' lang='lat' dir='ltr'><strong>pascbam</strong></span> <span class='ocrx_word' id='word_1_576' title='bbox 1418 4118 1710 4187; x_wconf 71' lang='lat' dir='ltr'><strong>prmveniat</strong></span> 
     </span>
    </p>
   </div>
   <div class='ocr_carea' id='block_1_72' title="bbox 91 4209 1709 4288">
    <p class='ocr_par' dir='ltr' id='par_1_72' title="bbox 91 4209 1709 4288">
     <span class='ocr_line' id='line_1_72' title="bbox 91 4209 1709 4288; baseline -0.006 -15"><span class='ocrx_word' id='word_1_577' title='bbox 91 4232 222 4288; x_wconf 69' lang='lat' dir='ltr'><strong>qua:</strong></span> <span class='ocrx_word' id='word_1_578' title='bbox 254 4214 528 4271; x_wconf 87' lang='lat' dir='ltr'><strong>desiderio</strong></span> <span class='ocrx_word' id='word_1_579' title='bbox 552 4213 925 4279; x_wconf 82' lang='lat' dir='ltr'><strong>desideratur,</strong></span> <span class='ocrx_word' id='word_1_580' title='bbox 962 4225 1030 4268; x_wconf 85' lang='lat' dir='ltr'><strong>ne</strong></span> <span class='ocrx_word' id='word_1_581' title='bbox 1063 4211 1288 4267; x_wconf 82' lang='lat' dir='ltr'><strong>calicem</strong></span> <span class='ocrx_word' id='word_1_582' title='bbox 1330 4209 1599 4280; x_wconf 85' lang='lat' dir='ltr'><strong>passionis</strong></span> <span class='ocrx_word' id='word_1_583' title='bbox 1628 4211 1709 4265; x_wconf 87' lang='lat' dir='ltr'><strong>in-</strong></span> 
     </span>
    </p>
   </div>
   <div class='ocr_carea' id='block_1_73' title="bbox 80 4301 1711 4380">
    <p class='ocr_par' dir='ltr' id='par_1_73' title="bbox 80 4301 1711 4380">
     <span class='ocr_line' id='line_1_73' title="bbox 80 4301 1711 4380; baseline -0.006 -16"><span class='ocrx_word' id='word_1_584' title='bbox 80 4316 303 4380; x_wconf 76' lang='lat' dir='ltr'><strong>gerere</strong></span> <span class='ocrx_word' id='word_1_585' title='bbox 320 4321 428 4364; x_wconf 90' lang='lat' dir='ltr'><strong>non</strong></span> <span class='ocrx_word' id='word_1_586' title='bbox 457 4306 654 4363; x_wconf 86' lang='lat' dir='ltr'><strong>audeat</strong></span> <span class='ocrx_word' id='word_1_587' title='bbox 705 4305 860 4378; x_wconf 88' lang='lat' dir='ltr'><strong>(nam</strong></span> <span class='ocrx_word' id='word_1_588' title='bbox 887 4304 955 4359; x_wconf 89' lang='lat' dir='ltr'><strong>ad</strong></span> <span class='ocrx_word' id='word_1_589' title='bbox 987 4303 1214 4375; x_wconf 86' lang='lat' dir='ltr'><strong>primam</strong></span> <span class='ocrx_word' id='word_1_590' title='bbox 1253 4301 1465 4359; x_wconf 90' lang='lat' dir='ltr'><strong>Domini</strong></span> <span class='ocrx_word' id='word_1_591' title='bbox 1486 4315 1711 4372; x_wconf 85' lang='lat' dir='ltr'><strong>respon-</strong></span> 
     </span>
    </p>
   </div>
   <div class='ocr_carea' id='block_1_74' title="bbox 1802 3365 3400 3445">
    <p class='ocr_par' dir='ltr' id='par_1_74' title="bbox 1802 3365 3400 3445">
     <span class='ocr_line' id='line_1_74' title="bbox 1802 3365 3400 3445; baseline -0.009 -12"><span class='ocrx_word' id='word_1_592' title='bbox 1802 3378 2056 3433; x_wconf 85' lang='lat' dir='ltr'><strong>Christus</strong></span> <span class='ocrx_word' id='word_1_593' title='bbox 2079 3385 2163 3431; x_wconf 91' lang='lat' dir='ltr'><strong>est</strong></span> <span class='ocrx_word' id='word_1_594' title='bbox 2187 3416 2202 3441; x_wconf 92' lang='lat'><strong>,</strong></span> <span class='ocrx_word' id='word_1_595' title='bbox 2228 3373 2301 3428; x_wconf 83' lang='lat' dir='ltr'><strong>ita</strong></span> <span class='ocrx_word' id='word_1_596' title='bbox 2330 3372 2581 3427; x_wconf 89' lang='lat' dir='ltr'><strong>omnibus</strong></span> <span class='ocrx_word' id='word_1_597' title='bbox 2611 3370 2810 3445; x_wconf 88' lang='lat' dir='ltr'><strong>iniquis</strong></span> <span class='ocrx_word' id='word_1_598' title='bbox 2840 3376 3003 3438; x_wconf 87' lang='lat' dir='ltr'><strong>caput</strong></span> <span class='ocrx_word' id='word_1_599' title='bbox 3030 3365 3279 3421; x_wconf 87' lang='lat' dir='ltr'><strong>diabolus</strong></span> <span class='ocrx_word' id='word_1_600' title='bbox 3298 3374 3400 3419; x_wconf 86' lang='lat' dir='ltr'><strong>est.</strong></span> 
     </span>
    </p>
   </div>
   <div class='ocr_carea' id='block_1_75' title="bbox 1804 3456 3406 3536">
    <p class='ocr_par' dir='ltr' id='par_1_75' title="bbox 1804 3456 3406 3536">
     <span class='ocr_line' id='line_1_75' title="bbox 1804 3456 3406 3536; baseline -0.008 -12"><span class='ocrx_word' id='word_1_601' title='bbox 1804 3468 2057 3525; x_wconf 84' lang='lat' dir='ltr'><strong>Testatur</strong></span> <span class='ocrx_word' id='word_1_602' title='bbox 2084 3474 2261 3522; x_wconf 89' lang='lat' dir='ltr'><strong>autem</strong></span> <span class='ocrx_word' id='word_1_603' title='bbox 2291 3466 2605 3536; x_wconf 85' lang='lat' dir='ltr'><strong>frequenter</strong></span> <span class='ocrx_word' id='word_1_604' title='bbox 2636 3461 2715 3536; x_wconf 82' lang='grc' dir='ltr'><strong>(Ιι)</strong></span> <span class='ocrx_word' id='word_1_605' title='bbox 2747 3460 2879 3515; x_wconf 87' lang='lat' dir='ltr'><strong>istos</strong></span> <span class='ocrx_word' id='word_1_606' title='bbox 2927 3456 3124 3527; x_wconf 73' lang='lat' dir='ltr'><strong>impios</strong></span> <span class='ocrx_word' id='word_1_607' title='bbox 3168 3470 3294 3527; x_wconf 86' lang='lat' dir='ltr'><strong>erga</strong></span> <span class='ocrx_word' id='word_1_608' title='bbox 3343 3470 3406 3511; x_wconf 72' lang='lat' dir='ltr'><strong>re</strong></span> 
     </span>
    </p>
   </div>
   <div class='ocr_carea' id='block_1_76' title="bbox 1803 3550 3403 3625">
    <p class='ocr_par' dir='ltr' id='par_1_76' title="bbox 1803 3550 3403 3625">
     <span class='ocr_line' id='line_1_76' title="bbox 1803 3550 3403 3625; baseline -0.009 -7"><span class='ocrx_word' id='word_1_609' title='bbox 1803 3562 2063 3618; x_wconf 88' lang='lat' dir='ltr'><strong>circuitus</strong></span> <span class='ocrx_word' id='word_1_610' title='bbox 2096 3560 2378 3625; x_wconf 85' lang='lat' dir='ltr'><strong>Dominus,</strong></span> <span class='ocrx_word' id='word_1_611' title='bbox 2408 3572 2532 3614; x_wconf 89' lang='lat' dir='ltr'><strong>cum</strong></span> <span class='ocrx_word' id='word_1_612' title='bbox 2564 3556 2671 3610; x_wconf 88' lang='lat' dir='ltr'><strong>ait:</strong></span> <span class='ocrx_word' id='word_1_613' title='bbox 2721 3550 3181 3609; x_wconf 80' lang='lat' dir='ltr'><strong>Circumdederunt</strong></span> <span class='ocrx_word' id='word_1_614' title='bbox 3203 3565 3288 3604; x_wconf 87' lang='lat' dir='ltr'><strong>me</strong></span> <span class='ocrx_word' id='word_1_615' title='bbox 3312 3566 3403 3619; x_wconf 82' lang='lat' dir='ltr'><strong>ge-</strong></span> 
     </span>
    </p>
   </div>
   <div class='ocr_carea' id='block_1_77' title="bbox 1806 3643 3404 3727">
    <p class='ocr_par' dir='ltr' id='par_1_77' title="bbox 1806 3643 3404 3727">
     <span class='ocr_line' id='line_1_77' title="bbox 1806 3643 3404 3727; baseline -0.01 -15"><span class='ocrx_word' id='word_1_616' title='bbox 1806 3658 1960 3712; x_wconf 86' lang='lat' dir='ltr'><strong>mitus</strong></span> <span class='ocrx_word' id='word_1_617' title='bbox 1988 3655 2168 3711; x_wconf 89' lang='lat' dir='ltr'><strong>mortis</strong></span> <span class='ocrx_word' id='word_1_618' title='bbox 2194 3652 2365 3727; x_wconf 85' lang='lat' dir='ltr'><strong>(Psal.</strong></span> <span class='ocrx_word' id='word_1_619' title='bbox 2394 3664 2529 3717; x_wconf 74' lang='lat' dir='ltr'><strong>xvn,</strong></span> <span class='ocrx_word' id='word_1_620' title='bbox 2560 3650 2656 3721; x_wconf 83' lang='lat'><strong>5);</strong></span> <span class='ocrx_word' id='word_1_621' title='bbox 2699 3656 2756 3704; x_wconf 91' lang='lat' dir='ltr'><strong>et</strong></span> <span class='ocrx_word' id='word_1_622' title='bbox 2803 3662 3048 3703; x_wconf 86' lang='lat' dir='ltr'><strong>rursum:</strong></span> <span class='ocrx_word' id='word_1_623' title='bbox 3094 3643 3257 3700; x_wconf 83' lang='lat' dir='ltr'><strong>Tauri</strong></span> <span class='ocrx_word' id='word_1_624' title='bbox 3285 3643 3404 3714; x_wconf 83' lang='lat' dir='ltr'><strong>pin-</strong></span> 
     </span>
    </p>
   </div>
   <div class='ocr_carea' id='block_1_78' title="bbox 1805 3733 3409 3820">
    <p class='ocr_par' dir='ltr' id='par_1_78' title="bbox 1805 3733 3409 3820">
     <span class='ocr_line' id='line_1_78' title="bbox 1805 3733 3409 3820; baseline -0.01 -17"><span class='ocrx_word' id='word_1_625' title='bbox 1805 3763 1928 3820; x_wconf 87' lang='lat' dir='ltr'><strong>gues</strong></span> <span class='ocrx_word' id='word_1_626' title='bbox 1965 3745 2267 3801; x_wconf 83' lang='lat' dir='ltr'><strong>obsederunt</strong></span> <span class='ocrx_word' id='word_1_627' title='bbox 2297 3760 2377 3799; x_wconf 87' lang='lat' dir='ltr'><strong>me</strong></span> <span class='ocrx_word' id='word_1_628' title='bbox 2418 3742 2581 3814; x_wconf 86' lang='lat' dir='ltr'><strong>(Ibid.</strong></span> <span class='ocrx_word' id='word_1_629' title='bbox 2614 3756 2726 3807; x_wconf 72' lang='grc' dir='ltr'><strong>χχι,</strong></span> <span class='ocrx_word' id='word_1_630' title='bbox 2761 3739 2885 3812; x_wconf 71' lang='lat' dir='ltr'><strong>ib);</strong></span> <span class='ocrx_word' id='word_1_631' title='bbox 2934 3747 2989 3794; x_wconf 92' lang='lat' dir='ltr'><strong>et</strong></span> <span class='ocrx_word' id='word_1_632' title='bbox 3017 3738 3242 3792; x_wconf 90' lang='lat' dir='ltr'><strong>iterum:</strong></span> <span class='ocrx_word' id='word_1_633' title='bbox 3295 3733 3409 3789; x_wconf 82' lang='lat' dir='ltr'><strong>Cir-</strong></span> 
     </span>
    </p>
   </div>
   <div class='ocr_carea' id='block_1_79' title="bbox 1804 3825 3413 3905">
    <p class='ocr_par' dir='ltr' id='par_1_79' title="bbox 1804 3825 3413 3905">
     <span class='ocr_line' id='line_1_79' title="bbox 1804 3825 3413 3905; baseline -0.009 -9"><span class='ocrx_word' id='word_1_634' title='bbox 1804 3841 2100 3896; x_wconf 86' lang='lat' dir='ltr'><strong>cumdantes</strong></span> <span class='ocrx_word' id='word_1_635' title='bbox 2125 3837 2565 3905; x_wconf 83' lang='lat' dir='ltr'><strong>circumdederunt</strong></span> <span class='ocrx_word' id='word_1_636' title='bbox 2604 3850 2684 3889; x_wconf 85' lang='lat' dir='ltr'><strong>me</strong></span> <span class='ocrx_word' id='word_1_637' title='bbox 2723 3831 2903 3905; x_wconf 87' lang='lat' dir='ltr'><strong>(Ibid.</strong></span> <span class='ocrx_word' id='word_1_638' title='bbox 2937 3846 3086 3889; x_wconf 84' lang='lat' dir='ltr'><strong>cxvn</strong></span> <span class='ocrx_word' id='word_1_639' title='bbox 3112 3872 3129 3897; x_wconf 92' lang='lat'><strong>,</strong></span> <span class='ocrx_word' id='word_1_640' title='bbox 3155 3829 3216 3884; x_wconf 85' lang='lat' dir='ltr'><strong>il</strong></span> <span class='ocrx_word' id='word_1_641' title='bbox 3246 3825 3302 3900; x_wconf 81' lang='lat'><strong>):</strong></span> <span class='ocrx_word' id='word_1_642' title='bbox 3353 3833 3413 3881; x_wconf 84' lang='lat' dir='ltr'><strong>et</strong></span> 
     </span>
    </p>
   </div>
   <div class='ocr_carea' id='block_1_80' title="bbox 1807 3919 3408 3998">
    <p class='ocr_par' dir='ltr' id='par_1_80' title="bbox 1807 3919 3408 3998">
     <span class='ocr_line' id='line_1_80' title="bbox 1807 3919 3408 3998; baseline -0.011 -8"><span class='ocrx_word' id='word_1_643' title='bbox 1807 3933 2021 3990; x_wconf 83' lang='lat' dir='ltr'><strong>statim:</strong></span> <span class='ocrx_word' id='word_1_644' title='bbox 2070 3931 2534 3989; x_wconf 83' lang='lat' dir='ltr'><strong>Circumdederunt</strong></span> <span class='ocrx_word' id='word_1_645' title='bbox 2572 3944 2653 3982; x_wconf 85' lang='lat' dir='ltr'><strong>me</strong></span> <span class='ocrx_word' id='word_1_646' title='bbox 2696 3928 2828 3981; x_wconf 87' lang='lat' dir='ltr'><strong>sicut</strong></span> <span class='ocrx_word' id='word_1_647' title='bbox 2873 3942 2996 3998; x_wconf 81' lang='lat' dir='ltr'><strong>apes</strong></span> <span class='ocrx_word' id='word_1_648' title='bbox 3050 3921 3232 3997; x_wconf 86' lang='lat' dir='ltr'><strong>(Ibid.</strong></span> <span class='ocrx_word' id='word_1_649' title='bbox 3277 3919 3408 3990; x_wconf 68' lang='lat'><strong>{9).</strong></span> 
     </span>
    </p>
   </div>
   <div class='ocr_carea' id='block_1_81' title="bbox 1808 4014 3415 4091">
    <p class='ocr_par' dir='ltr' id='par_1_81' title="bbox 1808 4014 3415 4091">
     <span class='ocr_line' id='line_1_81' title="bbox 1808 4014 3415 4091; baseline -0.01 -12"><span class='ocrx_word' id='word_1_650' title='bbox 1808 4022 1964 4091; x_wconf 81' lang='lat' dir='ltr'><strong>Quod</strong></span> <span class='ocrx_word' id='word_1_651' title='bbox 1994 4014 2175 4077; x_wconf 71' lang='lat' dir='ltr'><strong>autém</strong></span> <span class='ocrx_word' id='word_1_652' title='bbox 2204 4021 2445 4090; x_wconf 86' lang='lat' dir='ltr'><strong>principe</strong></span> <span class='ocrx_word' id='word_1_653' title='bbox 2465 4018 2685 4073; x_wconf 85' lang='lat' dir='ltr'><strong>diabolo</strong></span> <span class='ocrx_word' id='word_1_654' title='bbox 2720 4019 2836 4070; x_wconf 70' lang='lat' dir='ltr'><strong>llaec</strong></span> <span class='ocrx_word' id='word_1_655' title='bbox 2863 4026 3014 4085; x_wconf 82' lang='lat' dir='ltr'><strong>gesta</strong></span> <span class='ocrx_word' id='word_1_656' title='bbox 3044 4015 3174 4078; x_wconf 86' lang='lat' dir='ltr'><strong>sint,</strong></span> <span class='ocrx_word' id='word_1_657' title='bbox 3210 4020 3415 4066; x_wconf 59' lang='lat' dir='ltr'><strong>testan.</strong></span> 
     </span>
    </p>
   </div>
   <div class='ocr_carea' id='block_1_82' title="bbox 1810 4103 3415 4184">
    <p class='ocr_par' dir='ltr' id='par_1_82' title="bbox 1810 4103 3415 4184">
     <span class='ocr_line' id='line_1_82' title="bbox 1810 4103 3415 4184; baseline -0.007 -14"><span class='ocrx_word' id='word_1_658' title='bbox 1810 4124 1898 4170; x_wconf 87' lang='lat' dir='ltr'><strong>tur</strong></span> <span class='ocrx_word' id='word_1_659' title='bbox 1923 4115 2237 4184; x_wconf 80' lang='lat' dir='ltr'><strong>Evangelia,</strong></span> <span class='ocrx_word' id='word_1_660' title='bbox 2263 4128 2388 4168; x_wconf 90' lang='lat' dir='ltr'><strong>cum</strong></span> <span class='ocrx_word' id='word_1_661' title='bbox 2413 4112 2601 4166; x_wconf 88' lang='lat' dir='ltr'><strong>dicunt</strong></span> <span class='ocrx_word' id='word_1_662' title='bbox 2633 4126 2650 4163; x_wconf 93' lang='lat'><strong>:</strong></span> <span class='ocrx_word' id='word_1_663' title='bbox 2676 4107 2748 4162; x_wconf 85' lang='lat' dir='ltr'><strong>Et</strong></span> <span class='ocrx_word' id='word_1_664' title='bbox 2777 4108 2986 4161; x_wconf 86' lang='lat' dir='ltr'><strong>immisit</strong></span> <span class='ocrx_word' id='word_1_665' title='bbox 3013 4122 3067 4161; x_wconf 87' lang='lat' dir='ltr'><strong>se</strong></span> <span class='ocrx_word' id='word_1_666' title='bbox 3089 4104 3324 4160; x_wconf 78' lang='lat' dir='ltr'><strong>diabolus</strong></span> <span class='ocrx_word' id='word_1_667' title='bbox 3357 4103 3415 4159; x_wconf 78' lang='lat' dir='ltr'><strong>in</strong></span> 
     </span>
    </p>
   </div>
   <div class='ocr_carea' id='block_1_83' title="bbox 1810 4196 3414 4275">
    <p class='ocr_par' dir='ltr' id='par_1_83' title="bbox 1810 4196 3414 4275">
     <span class='ocr_line' id='line_1_83' title="bbox 1810 4196 3414 4275; baseline -0.009 -13"><span class='ocrx_word' id='word_1_668' title='bbox 1810 4224 1899 4263; x_wconf 85' lang='lat' dir='ltr'><strong>cor</strong></span> <span class='ocrx_word' id='word_1_669' title='bbox 1926 4205 2099 4274; x_wconf 64' lang='lat' dir='ltr'><strong>ludia,</strong></span> <span class='ocrx_word' id='word_1_670' title='bbox 2126 4216 2184 4261; x_wconf 87' lang='lat' dir='ltr'><strong>ut</strong></span> <span class='ocrx_word' id='word_1_671' title='bbox 2211 4205 2433 4260; x_wconf 81' lang='lat' dir='ltr'><strong>traderet</strong></span> <span class='ocrx_word' id='word_1_672' title='bbox 2458 4219 2573 4259; x_wconf 87' lang='lat' dir='ltr'><strong>eum</strong></span> <span class='ocrx_word' id='word_1_673' title='bbox 2612 4200 2793 4275; x_wconf 85' lang='lat' dir='ltr'><strong>(Ioan.</strong></span> <span class='ocrx_word' id='word_1_674' title='bbox 2819 4214 2936 4263; x_wconf 80' lang='lat' dir='ltr'><strong>xm,</strong></span> <span class='ocrx_word' id='word_1_675' title='bbox 2960 4198 3051 4269; x_wconf 75' lang='lat'><strong>2).</strong></span> <span class='ocrx_word' id='word_1_676' title='bbox 3084 4196 3414 4252; x_wconf 86' lang='lat' dir='ltr'><strong>Laboratum</strong></span> 
     </span>
    </p>
   </div>
   <div class='ocr_carea' id='block_1_84' title="bbox 1813 4289 3414 4365">
    <p class='ocr_par' dir='ltr' id='par_1_84' title="bbox 1813 4289 3414 4365">
     <span class='ocr_line' id='line_1_84' title="bbox 1813 4289 3414 4365; baseline -0.006 -11"><span class='ocrx_word' id='word_1_677' title='bbox 1813 4307 1897 4355; x_wconf 86' lang='lat' dir='ltr'><strong>est</strong></span> <span class='ocrx_word' id='word_1_678' title='bbox 1932 4310 2110 4353; x_wconf 87' lang='lat' dir='ltr'><strong>autem</strong></span> <span class='ocrx_word' id='word_1_679' title='bbox 2159 4296 2328 4352; x_wconf 88' lang='lat' dir='ltr'><strong>multa</strong></span> <span class='ocrx_word' id='word_1_680' title='bbox 2369 4309 2503 4350; x_wconf 88' lang='lat' dir='ltr'><strong>voce</strong></span> <span class='ocrx_word' id='word_1_681' title='bbox 2549 4291 2779 4365; x_wconf 85' lang='lat' dir='ltr'><strong>populi,</strong></span> <span class='ocrx_word' id='word_1_682' title='bbox 2822 4306 2944 4346; x_wconf 92' lang='lat' dir='ltr'><strong>cum</strong></span> <span class='ocrx_word' id='word_1_683' title='bbox 2973 4289 3263 4345; x_wconf 86' lang='lat' dir='ltr'><strong>clamatum</strong></span> <span class='ocrx_word' id='word_1_684' title='bbox 3289 4296 3414 4344; x_wconf 89' lang='lat' dir='ltr'><strong>est:</strong></span> 
     </span>
    </p>
   </div>
   <div class='ocr_carea' id='block_1_85' title="bbox 92 4380 3418 4469">
    <p class='ocr_par' dir='ltr' id='par_1_85' title="bbox 92 4380 3418 4469">
     <span class='ocr_line' id='line_1_85' title="bbox 92 4380 3418 4469; baseline -0.007 -13"><span class='ocrx_word' id='word_1_685' title='bbox 92 4399 323 4456; x_wconf 72' lang='lat' dir='ltr'><strong>sionem</strong></span> <span class='ocrx_word' id='word_1_686' title='bbox 368 4406 620 4469; x_wconf 82' lang='lat' dir='ltr'><strong>peccator</strong></span> <span class='ocrx_word' id='word_1_687' title='bbox 659 4397 866 4464; x_wconf 90' lang='lat' dir='ltr'><strong>omnis,</strong></span> <span class='ocrx_word' id='word_1_688' title='bbox 911 4396 1003 4468; x_wconf 92' lang='lat' dir='ltr'><strong>qui</strong></span> <span class='ocrx_word' id='word_1_689' title='bbox 1039 4394 1108 4451; x_wconf 84' lang='lat' dir='ltr'><strong>ad</strong></span> <span class='ocrx_word' id='word_1_690' title='bbox 1143 4394 1712 4466; x_wconf 80' lang='lat' dir='ltr'><strong>comprehendendum</strong></span> <span class='ocrx_word' id='word_1_691' title='bbox 1814 4389 2094 4461; x_wconf 76' lang='lat' dir='ltr'><strong>Cruciﬂge,</strong></span> <span class='ocrx_word' id='word_1_692' title='bbox 2119 4385 2535 4461; x_wconf 77' lang='lat' dir='ltr'><strong>cruciﬁgc(Luc.</strong></span> <span class='ocrx_word' id='word_1_693' title='bbox 2565 4400 2721 4446; x_wconf 63' lang='grc' dir='ltr'><strong>χχιιι.</strong></span> <span class='ocrx_word' id='word_1_694' title='bbox 2751 4382 2866 4454; x_wconf 68' lang='lat' dir='ltr'><strong>2i).</strong></span> <span class='ocrx_word' id='word_1_695' title='bbox 2895 4380 3119 4452; x_wconf 90' lang='lat' dir='ltr'><strong>Operiet</strong></span> <span class='ocrx_word' id='word_1_696' title='bbox 3144 4380 3307 4451; x_wconf 88' lang='lat' dir='ltr'><strong>igitur</strong></span> <span class='ocrx_word' id='word_1_697' title='bbox 3322 4391 3418 4433; x_wconf 86' lang='lat' dir='ltr'><strong>eos</strong></span> 
     </span>
    </p>
   </div>
   <div class='ocr_carea' id='block_1_86' title="bbox 91 4476 3418 4566">
    <p class='ocr_par' dir='ltr' id='par_1_86' title="bbox 91 4476 3418 4566">
     <span class='ocr_line' id='line_1_86' title="bbox 91 4476 3418 4566; baseline -0.007 -17"><span class='ocrx_word' id='word_1_698' title='bbox 91 4507 232 4551; x_wconf 77' lang='lat' dir='ltr'><strong>eum</strong></span> <span class='ocrx_word' id='word_1_699' title='bbox 268 4499 526 4558; x_wconf 75' lang='lat' dir='ltr'><strong>venerat,</strong></span> <span class='ocrx_word' id='word_1_700' title='bbox 557 4490 859 4562; x_wconf 90' lang='lat' dir='ltr'><strong>procidit),</strong></span> <span class='ocrx_word' id='word_1_701' title='bbox 892 4505 962 4546; x_wconf 87' lang='lat' dir='ltr'><strong>ne</strong></span> <span class='ocrx_word' id='word_1_702' title='bbox 991 4497 1202 4545; x_wconf 86' lang='lat' dir='ltr'><strong>acetum</strong></span> <span class='ocrx_word' id='word_1_703' title='bbox 1231 4489 1373 4566; x_wconf 77' lang='lat' dir='ltr'><strong>quod</strong></span> <span class='ocrx_word' id='word_1_704' title='bbox 1418 4480 1713 4559; x_wconf 77' lang='lat' dir='ltr'><strong>potandum</strong></span> <span class='ocrx_word' id='word_1_705' title='bbox 1815 4491 1978 4555; x_wconf 87' lang='lat' dir='ltr'><strong>caput</strong></span> <span class='ocrx_word' id='word_1_706' title='bbox 2018 4481 2300 4548; x_wconf 88' lang='lat' dir='ltr'><strong>circuitus,</strong></span> <span class='ocrx_word' id='word_1_707' title='bbox 2347 4489 2402 4537; x_wconf 91' lang='lat' dir='ltr'><strong>et</strong></span> <span class='ocrx_word' id='word_1_708' title='bbox 2429 4479 2582 4536; x_wconf 90' lang='lat' dir='ltr'><strong>labor</strong></span> <span class='ocrx_word' id='word_1_709' title='bbox 2609 4476 2873 4532; x_wconf 88' lang='lat' dir='ltr'><strong>labiornm</strong></span> <span class='ocrx_word' id='word_1_710' title='bbox 2909 4489 3099 4530; x_wconf 90' lang='lat' dir='ltr'><strong>eorum</strong></span> <span class='ocrx_word' id='word_1_711' title='bbox 3126 4515 3142 4541; x_wconf 92' lang='lat'><strong>,</strong></span> <span class='ocrx_word' id='word_1_712' title='bbox 3190 4481 3249 4527; x_wconf 90' lang='lat' dir='ltr'><strong>ut</strong></span> <span class='ocrx_word' id='word_1_713' title='bbox 3292 4485 3418 4527; x_wconf 88' lang='lat' dir='ltr'><strong>cum</strong></span> 
     </span>
    </p>
   </div>
   <div class='ocr_carea' id='block_1_87' title="bbox 93 4563 3420 4657">
    <p class='ocr_par' dir='ltr' id='par_1_87' title="bbox 93 4563 3420 4657">
     <span class='ocr_line' id='line_1_87' title="bbox 93 4563 3420 4657; baseline -0.008 -12"><span class='ocrx_word' id='word_1_714' title='bbox 93 4596 188 4645; x_wconf 86' lang='lat' dir='ltr'><strong>est</strong></span> <span class='ocrx_word' id='word_1_715' title='bbox 207 4601 324 4644; x_wconf 83' lang='lat' dir='ltr'><strong>non</strong></span> <span class='ocrx_word' id='word_1_716' title='bbox 348 4594 545 4657; x_wconf 72' lang='lat' dir='ltr'><strong>praesto</strong></span> <span class='ocrx_word' id='word_1_717' title='bbox 565 4586 657 4655; x_wconf 82' lang='lat' dir='ltr'><strong>sit,</strong></span> <span class='ocrx_word' id='word_1_718' title='bbox 685 4600 754 4641; x_wconf 92' lang='lat' dir='ltr'><strong>ne</strong></span> <span class='ocrx_word' id='word_1_719' title='bbox 772 4593 1079 4655; x_wconf 83' lang='lat' dir='ltr'><strong>antequam</strong></span> <span class='ocrx_word' id='word_1_720' title='bbox 1103 4563 1351 4655; x_wconf 83' lang='lat' dir='ltr'><strong>spiritum</strong></span> <span class='ocrx_word' id='word_1_721' title='bbox 1375 4581 1447 4655; x_wconf 89' lang='lat' dir='ltr'><strong>(e)</strong></span> <span class='ocrx_word' id='word_1_722' title='bbox 1476 4581 1710 4649; x_wconf 83' lang='lat' dir='ltr'><strong>emittat,</strong></span> <span class='ocrx_word' id='word_1_723' title='bbox 1818 4576 1911 4631; x_wconf 83' lang='lat' dir='ltr'><strong>alii</strong></span> <span class='ocrx_word' id='word_1_724' title='bbox 1943 4575 2372 4632; x_wconf 84' lang='lat' dir='ltr'><strong>immortalitatis</strong></span> <span class='ocrx_word' id='word_1_725' title='bbox 2400 4574 2566 4645; x_wconf 88' lang='lat' dir='ltr'><strong>gloria</strong></span> <span class='ocrx_word' id='word_1_726' title='bbox 2616 4568 2911 4625; x_wconf 90' lang='lat' dir='ltr'><strong>induentur</strong></span> <span class='ocrx_word' id='word_1_727' title='bbox 2935 4609 2951 4634; x_wconf 92' lang='lat'><strong>,</strong></span> <span class='ocrx_word' id='word_1_728' title='bbox 2994 4566 3077 4623; x_wconf 91' lang='lat' dir='ltr'><strong>illi</strong></span> <span class='ocrx_word' id='word_1_729' title='bbox 3126 4563 3420 4657; x_wconf 57' lang='lat' dir='ltr'><strong>impletin—is</strong></span> 
     </span>
    </p>
   </div>
   <div class='ocr_carea' id='block_1_88' title="bbox 92 4654 3424 4746">
    <p class='ocr_par' dir='ltr' id='par_1_88' title="bbox 92 4654 3424 4746">
     <span class='ocr_line' id='line_1_88' title="bbox 92 4654 3424 4746; baseline -0.008 -8"><span class='ocrx_word' id='word_1_730' title='bbox 92 4683 298 4738; x_wconf 78' lang='lat' dir='ltr'><strong>lancea</strong></span> <span class='ocrx_word' id='word_1_731' title='bbox 329 4654 485 4736; x_wconf 84' lang='lat' dir='ltr'><strong>miles</strong></span> <span class='ocrx_word' id='word_1_732' title='bbox 514 4678 654 4734; x_wconf 87' lang='lat' dir='ltr'><strong>latus</strong></span> <span class='ocrx_word' id='word_1_733' title='bbox 680 4676 869 4745; x_wconf 83' lang='lat' dir='ltr'><strong>fodiat,</strong></span> <span class='ocrx_word' id='word_1_734' title='bbox 897 4654 966 4733; x_wconf 84' lang='lat' dir='ltr'><strong>ne</strong></span> <span class='ocrx_word' id='word_1_735' title='bbox 986 4674 1271 4746; x_wconf 82' lang='lat' dir='ltr'><strong>frangendi</strong></span> <span class='ocrx_word' id='word_1_736' title='bbox 1298 4654 1439 4730; x_wconf 84' lang='lat' dir='ltr'><strong>ossis</strong></span> <span class='ocrx_word' id='word_1_737' title='bbox 1461 4684 1713 4732; x_wconf 87' lang='lat' dir='ltr'><strong>manente</strong></span> <span class='ocrx_word' id='word_1_738' title='bbox 1739 4675 1794 4737; x_wconf 87' lang='lat' dir='ltr'><strong>D</strong></span> <span class='ocrx_word' id='word_1_739' title='bbox 1819 4683 1931 4725; x_wconf 71' lang='lat' dir='ltr'><strong>sum</strong></span> <span class='ocrx_word' id='word_1_740' title='bbox 1980 4668 2189 4740; x_wconf 87' lang='lat' dir='ltr'><strong>pudore</strong></span> <span class='ocrx_word' id='word_1_741' title='bbox 2251 4674 2307 4724; x_wconf 93' lang='lat' dir='ltr'><strong>et</strong></span> <span class='ocrx_word' id='word_1_742' title='bbox 2345 4663 2699 4722; x_wconf 85' lang='lat' dir='ltr'><strong>damnatione</strong></span> <span class='ocrx_word' id='word_1_743' title='bbox 2737 4659 2938 4716; x_wconf 83' lang='lat' dir='ltr'><strong>diaboli</strong></span> <span class='ocrx_word' id='word_1_744' title='bbox 2976 4658 3310 4729; x_wconf 85' lang='lat' dir='ltr'><strong>operiantur.</strong></span> <span class='ocrx_word' id='word_1_745' title='bbox 3352 4654 3424 4711; x_wconf 88' lang='lat' dir='ltr'><strong>Et</strong></span> 
     </span>
    </p>
   </div>
   <div class='ocr_carea' id='block_1_89' title="bbox 96 4747 3423 4846">
    <p class='ocr_par' dir='ltr' id='par_1_89' title="bbox 96 4747 3423 4846">
     <span class='ocr_line' id='line_1_89' title="bbox 96 4747 3423 4846; baseline -0.009 -14"><span class='ocrx_word' id='word_1_746' title='bbox 96 4776 296 4832; x_wconf 85' lang='lat' dir='ltr'><strong>adhuc</strong></span> <span class='ocrx_word' id='word_1_747' title='bbox 324 4774 519 4846; x_wconf 90' lang='lat' dir='ltr'><strong>spiritu</strong></span> <span class='ocrx_word' id='word_1_748' title='bbox 561 4783 745 4845; x_wconf 84' lang='lat' dir='ltr'><strong>pateat</strong></span> <span class='ocrx_word' id='word_1_749' title='bbox 783 4772 1023 4840; x_wconf 85' lang='lat' dir='ltr'><strong>occasio,</strong></span> <span class='ocrx_word' id='word_1_750' title='bbox 1053 4785 1124 4828; x_wconf 87' lang='lat' dir='ltr'><strong>ne</strong></span> <span class='ocrx_word' id='word_1_751' title='bbox 1152 4770 1280 4843; x_wconf 90' lang='lat' dir='ltr'><strong>quid</strong></span> <span class='ocrx_word' id='word_1_752' title='bbox 1314 4786 1382 4827; x_wconf 82' lang='lat' dir='ltr'><strong>ex</strong></span> <span class='ocrx_word' id='word_1_753' title='bbox 1428 4769 1712 4841; x_wconf 79' lang='lat' dir='ltr'><strong>pmphetia</strong></span> <span class='ocrx_word' id='word_1_754' title='bbox 1820 4779 1940 4834; x_wconf 65' lang='lat' dir='ltr'><strong>qua:</strong></span> <span class='ocrx_word' id='word_1_755' title='bbox 1960 4780 2023 4819; x_wconf 87' lang='lat' dir='ltr'><strong>ea</strong></span> <span class='ocrx_word' id='word_1_756' title='bbox 2053 4763 2327 4819; x_wconf 82' lang='lat' dir='ltr'><strong>damnatio</strong></span> <span class='ocrx_word' id='word_1_757' title='bbox 2351 4769 2493 4817; x_wconf 86' lang='lat' dir='ltr'><strong>esset</strong></span> <span class='ocrx_word' id='word_1_758' title='bbox 2510 4774 2614 4829; x_wconf 87' lang='lat' dir='ltr'><strong>qua</strong></span> <span class='ocrx_word' id='word_1_759' title='bbox 2642 4755 3010 4829; x_wconf 87' lang='lat' dir='ltr'><strong>operirentur,</strong></span> <span class='ocrx_word' id='word_1_760' title='bbox 3056 4751 3297 4846; x_wconf 79' lang='lat' dir='ltr'><strong>adjecit:</strong></span> <span class='ocrx_word' id='word_1_761' title='bbox 3310 4747 3423 4846; x_wconf 24' lang='lat' dir='ltr'><strong>Alia-</strong></span> 
     </span>
    </p>
   </div>
   <div class='ocr_carea' id='block_1_90' title="bbox 97 4841 3426 4940">
    <p class='ocr_par' dir='ltr' id='par_1_90' title="bbox 97 4841 3426 4940">
     <span class='ocr_line' id='line_1_90' title="bbox 97 4841 3426 4940; baseline -0.002 -14"><span class='ocrx_word' id='word_1_762' title='bbox 97 4869 301 4926; x_wconf 86' lang='lat' dir='ltr'><strong>minus</strong></span> <span class='ocrx_word' id='word_1_763' title='bbox 346 4841 459 4935; x_wconf 75' lang='lat' dir='ltr'><strong>fiat,</strong></span> <span class='ocrx_word' id='word_1_764' title='bbox 508 4841 579 4925; x_wconf 78' lang='lat' dir='ltr'><strong>ne</strong></span> <span class='ocrx_word' id='word_1_765' title='bbox 621 4867 828 4940; x_wconf 82' lang='lat' dir='ltr'><strong>aliquid</strong></span> <span class='ocrx_word' id='word_1_766' title='bbox 862 4868 1134 4939; x_wconf 83' lang='lat' dir='ltr'><strong>peccatori</strong></span> <span class='ocrx_word' id='word_1_767' title='bbox 1171 4841 1249 4923; x_wconf 79' lang='lat' dir='ltr'><strong>ex</strong></span> <span class='ocrx_word' id='word_1_768' title='bbox 1293 4866 1579 4924; x_wconf 88' lang='lat' dir='ltr'><strong>desideriis</strong></span> <span class='ocrx_word' id='word_1_769' title='bbox 1609 4868 1723 4925; x_wconf 89' lang='lat' dir='ltr'><strong>suis</strong></span> <span class='ocrx_word' id='word_1_770' title='bbox 1826 4859 1946 4913; x_wconf 76' lang='grc' dir='ltr'><strong>άειη</strong></span> <span class='ocrx_word' id='word_1_771' title='bbox 1988 4873 2144 4930; x_wconf 70' lang='grc' dir='ltr'><strong>ευμεν·</strong></span> <span class='ocrx_word' id='word_1_772' title='bbox 2184 4874 2271 4912; x_wconf 66' lang='grc' dir='ltr'><strong>σοι</strong></span> <span class='ocrx_word' id='word_1_773' title='bbox 2311 4856 2552 4911; x_wconf 57' lang='lat' dir='ltr'><strong>carbone!</strong></span> <span class='ocrx_word' id='word_1_774' title='bbox 2597 4852 2770 4922; x_wconf 65' lang='grc' dir='ltr'><strong>ίθηίεν</strong></span> <span class='ocrx_word' id='word_1_775' title='bbox 2794 4857 2969 4921; x_wconf 59' lang='grc' dir='ltr'><strong>ἐκρεῖ</strong></span> <span class='ocrx_word' id='word_1_776' title='bbox 2999 4856 3186 4940; x_wconf 42' lang='lat' dir='ltr'><strong>limi”</strong></span> <span class='ocrx_word' id='word_1_777' title='bbox 3216 4841 3426 4940; x_wconf 49' lang='lat' dir='ltr'><strong>delia?“</strong></span> 
     </span>
    </p>
   </div>
   <div class='ocr_carea' id='block_1_91' title="bbox 99 4930 1692 5035">
    <p class='ocr_par' dir='ltr' id='par_1_91' title="bbox 99 4930 1692 5035">
     <span class='ocr_line' id='line_1_91' title="bbox 99 4930 1692 5035; baseline -0.001 -15"><span class='ocrx_word' id='word_1_778' title='bbox 99 4948 406 5033; x_wconf 80' lang='lat' dir='ltr'><strong>tradatur;</strong></span> <span class='ocrx_word' id='word_1_779' title='bbox 558 4962 614 5019; x_wconf 90' lang='lat' dir='ltr'><strong>in</strong></span> <span class='ocrx_word' id='word_1_780' title='bbox 644 4930 942 5030; x_wconf 63' lang='lat' dir='ltr'><strong>acomnia,</strong></span> <span class='ocrx_word' id='word_1_781' title='bbox 970 4976 1092 5035; x_wconf 72' lang='lat' dir='ltr'><strong>quae</strong></span> <span class='ocrx_word' id='word_1_782' title='bbox 1126 4974 1181 5019; x_wconf 89' lang='lat' dir='ltr'><strong>et</strong></span> <span class='ocrx_word' id='word_1_783' title='bbox 1202 4961 1513 5021; x_wconf 83' lang='lat' dir='ltr'><strong>desiderata</strong></span> <span class='ocrx_word' id='word_1_784' title='bbox 1542 4963 1645 5019; x_wconf 87' lang='lat' dir='ltr'><strong>sibi</strong></span> <span class='ocrx_word' id='word_1_785' title='bbox 1668 4978 1692 5019; x_wconf 78' lang='grc' dir='ltr'>ε</span> 
     </span>
    </p>
   </div>
   <div class='ocr_carea' id='block_1_92' title="bbox 1804 4930 3427 5035">
    <p class='ocr_par' dir='ltr' id='par_1_92' title="bbox 1827 4930 3427 5021">
     <span class='ocr_line' id='line_1_92' title="bbox 1827 4930 3427 5021; baseline -0.015 -12"><span class='ocrx_word' id='word_1_786' title='bbox 1827 4966 1936 5021; x_wconf 84' lang='lat' dir='ltr'><strong>eos,</strong></span> <span class='ocrx_word' id='word_1_787' title='bbox 1966 4952 2022 5007; x_wconf 89' lang='lat' dir='ltr'><strong>in</strong></span> <span class='ocrx_word' id='word_1_788' title='bbox 2049 4951 2270 5008; x_wconf 83' lang='lat' dir='ltr'><strong>miseriis</strong></span> <span class='ocrx_word' id='word_1_789' title='bbox 2298 4965 2403 5005; x_wconf 89' lang='lat' dir='ltr'><strong>non</strong></span> <span class='ocrx_word' id='word_1_790' title='bbox 2438 4946 2730 5003; x_wconf 78' lang='lat' dir='ltr'><strong>subsistant.</strong></span> <span class='ocrx_word' id='word_1_791' title='bbox 2773 4942 2901 5001; x_wconf 70' lang='lat' dir='ltr'><strong>Haec</strong></span> <span class='ocrx_word' id='word_1_792' title='bbox 2924 4938 3217 5012; x_wconf 88' lang='lat' dir='ltr'><strong>impiorum</strong></span> <span class='ocrx_word' id='word_1_793' title='bbox 3244 4930 3427 5005; x_wconf 62' lang='lat' dir='ltr'><strong>operi.</strong></span> 
     </span>
    </p>
   </div>
   <div class='ocr_carea' id='block_1_93' title="bbox 181 5166 3436 5305">
    <p class='ocr_par' dir='ltr' id='par_1_93' title="bbox 181 5166 3436 5305">
     <span class='ocr_line' id='line_1_93' title="bbox 181 5166 3436 5305; baseline -0.003 -76"><span class='ocrx_word' id='word_1_794' title='bbox 181 5175 277 5305; x_wconf 57' lang='lat' dir='ltr'><strong>(a)</strong></span> <span class='ocrx_word' id='word_1_795' title='bbox 317 5172 374 5230; x_wconf 88' lang='lat' dir='ltr'><strong>in</strong></span> <span class='ocrx_word' id='word_1_796' title='bbox 401 5173 655 5259; x_wconf 71' lang='lat' dir='ltr'><strong>vulgatis,</strong></span> <span class='ocrx_word' id='word_1_797' title='bbox 683 5172 774 5229; x_wconf 85' lang='lat' dir='ltr'><strong>sed</strong></span> <span class='ocrx_word' id='word_1_798' title='bbox 795 5172 1031 5245; x_wconf 83' lang='lat' dir='ltr'><strong>permissi</strong></span> <span class='ocrx_word' id='word_1_799' title='bbox 1053 5173 1152 5227; x_wconf 85' lang='lat' dir='ltr'><strong>sibi</strong></span> <span class='ocrx_word' id='word_1_800' title='bbox 1172 5173 1464 5256; x_wconf 56' lang='lat' dir='ltr'><strong>corporis:</strong></span> <span class='ocrx_word' id='word_1_801' title='bbox 1487 5172 1725 5251; x_wconf 91' lang='lat' dir='ltr'><strong>interpo—</strong></span> <span class='ocrx_word' id='word_1_802' title='bbox 1902 5180 1982 5305; x_wconf 67' lang='grc' dir='ltr'><strong>(ρ</strong></span> <span class='ocrx_word' id='word_1_803' title='bbox 2028 5180 2138 5238; x_wconf 89' lang='lat' dir='ltr'><strong>Sic.</strong></span> <span class='ocrx_word' id='word_1_804' title='bbox 2194 5179 2317 5237; x_wconf 88' lang='lat' dir='ltr'><strong>Par.</strong></span> <span class='ocrx_word' id='word_1_805' title='bbox 2363 5185 2419 5237; x_wconf 88' lang='lat' dir='ltr'><strong>et</strong></span> <span class='ocrx_word' id='word_1_806' title='bbox 2457 5191 2560 5239; x_wconf 83' lang='lat' dir='ltr'><strong>ms.</strong></span> <span class='ocrx_word' id='word_1_807' title='bbox 2601 5174 2724 5235; x_wconf 82' lang='lat' dir='ltr'><strong>Mic.</strong></span> <span class='ocrx_word' id='word_1_808' title='bbox 2767 5166 3094 5245; x_wconf 78' lang='lat' dir='ltr'><strong>suil‘ragante</strong></span> <span class='ocrx_word' id='word_1_809' title='bbox 3119 5168 3436 5254; x_wconf 68' lang='lat' dir='ltr'><strong>pervetusto</strong></span> 
     </span>
     <span class='ocr_line' id='line_1_94' title="bbox 181 5232 3436 5305; baseline -0.005 -1"><span class='ocrx_word' id='word_1_810' title='bbox 181 5262 383 5304; x_wconf 84' lang='lat' dir='ltr'><strong>.onem</strong></span> <span class='ocrx_word' id='word_1_811' title='bbox 413 5261 772 5305; x_wconf 79' lang='lat' dir='ltr'><strong>susntcamur.</strong></span> <span class='ocrx_word' id='word_1_812' title='bbox 802 5261 962 5305; x_wconf 83' lang='lat' dir='ltr'><strong>quam</strong></span> <span class='ocrx_word' id='word_1_813' title='bbox 989 5246 1309 5305; x_wconf 81' lang='lat' dir='ltr'><strong>corritttmus</strong></span> <span class='ocrx_word' id='word_1_814' title='bbox 1332 5259 1397 5300; x_wconf 77' lang='lat' dir='ltr'><strong>ex</strong></span> <span class='ocrx_word' id='word_1_815' title='bbox 1419 5259 1523 5301; x_wconf 88' lang='lat' dir='ltr'><strong>ms.</strong></span> <span class='ocrx_word' id='word_1_816' title='bbox 1833 5267 1927 5305; x_wconf 84' lang='lat' dir='ltr'><strong>nsa</strong></span> <span class='ocrx_word' id='word_1_817' title='bbox 1952 5253 2086 5305; x_wconf 88' lang='lat' dir='ltr'><strong>lerio</strong></span> <span class='ocrx_word' id='word_1_818' title='bbox 2128 5251 2385 5305; x_wconf 87' lang='lat' dir='ltr'><strong>German.</strong></span> <span class='ocrx_word' id='word_1_819' title='bbox 2428 5248 2529 5305; x_wconf 79' lang='lat' dir='ltr'><strong>nisi</strong></span> <span class='ocrx_word' id='word_1_820' title='bbox 2561 5246 2704 5305; x_wconf 82' lang='lat' dir='ltr'><strong>quod</strong></span> <span class='ocrx_word' id='word_1_821' title='bbox 2748 5245 2944 5301; x_wconf 86' lang='lat' dir='ltr'><strong>habeat</strong></span> <span class='ocrx_word' id='word_1_822' title='bbox 2991 5250 3037 5296; x_wconf 88' lang='lat' dir='ltr'><strong>et</strong></span> <span class='ocrx_word' id='word_1_823' title='bbox 3085 5238 3311 5305; x_wconf 77' lang='lat' dir='ltr'><strong>delelei.</strong></span> <span class='ocrx_word' id='word_1_824' title='bbox 3356 5232 3436 5288; x_wconf 85' lang='lat' dir='ltr'><strong>Ita</strong></span> 
     </span>
    </p>
   </div>
   <div class='ocr_carea' id='block_1_94' title="bbox 100 5232 3438 5323">
    <p class='ocr_par' dir='ltr' id='par_1_94' title="bbox 100 5232 3438 5323">
     <span class='ocr_line' id='line_1_95' title="bbox 100 5232 3438 5323; baseline -0.005 -19"><span class='ocrx_word' id='word_1_825' title='bbox 100 5232 383 5307; x_wconf 75' lang='lat' dir='ltr'><strong>lationem</strong></span> <span class='ocrx_word' id='word_1_826' title='bbox 413 5232 772 5319; x_wconf 55' lang='lat' dir='ltr'><strong>suspicamur,</strong></span> <span class='ocrx_word' id='word_1_827' title='bbox 795 5232 962 5316; x_wconf 61' lang='lat' dir='ltr'><strong>&#39;quam</strong></span> <span class='ocrx_word' id='word_1_828' title='bbox 989 5232 1309 5315; x_wconf 73' lang='lat' dir='ltr'><strong>corrigimus</strong></span> <span class='ocrx_word' id='word_1_829' title='bbox 1332 5259 1397 5300; x_wconf 77' lang='lat' dir='ltr'><strong>ex</strong></span> <span class='ocrx_word' id='word_1_830' title='bbox 1419 5259 1523 5301; x_wconf 88' lang='lat' dir='ltr'><strong>ms.</strong></span> <span class='ocrx_word' id='word_1_831' title='bbox 1630 5232 1649 5251; x_wconf 68' lang='grc'><strong><em>⁵</em></strong></span> <span class='ocrx_word' id='word_1_832' title='bbox 1682 5232 1685 5233; x_wconf 15' lang='grc' dir='ltr'><em>ν</em></span> <span class='ocrx_word' id='word_1_833' title='bbox 1833 5232 2535 5323; x_wconf 35' lang='lat' dir='ltr'><strong>psalt&#39;erioV-German:nisi</strong></span> <span class='ocrx_word' id='word_1_834' title='bbox 2561 5232 2704 5319; x_wconf 87' lang='lat' dir='ltr'><strong>quod</strong></span> <span class='ocrx_word' id='word_1_835' title='bbox 2747 5232 2964 5323; x_wconf 61' lang='lat' dir='ltr'><strong>liabeat&#39;</strong></span> <span class='ocrx_word' id='word_1_836' title='bbox 2991 5250 3037 5296; x_wconf 88' lang='lat' dir='ltr'><strong>et</strong></span> <span class='ocrx_word' id='word_1_837' title='bbox 3085 5232 3311 5323; x_wconf 62' lang='lat' dir='ltr'><strong>dejiciet.</strong></span> <span class='ocrx_word' id='word_1_838' title='bbox 3356 5232 3438 5323; x_wconf 48' lang='grc' dir='ltr'><strong>Ιξξ</strong></span> 
     </span>
    </p>
   </div>
   <div class='ocr_carea' id='block_1_95' title="bbox 107 5306 1692 5486">
    <p class='ocr_par' dir='ltr' id='par_1_95' title="bbox 107 5306 1692 5486">
     <span class='ocr_line' id='line_1_96' title="bbox 215 5306 1692 5412; baseline -0.003 -14"><span class='ocrx_word' id='word_1_839' title='bbox 215 5343 277 5412; x_wconf 83' lang='lat' dir='ltr'><strong>b)</strong></span> <span class='ocrx_word' id='word_1_840' title='bbox 315 5342 433 5397; x_wconf 82' lang='lat' dir='ltr'><strong>Non</strong></span> <span class='ocrx_word' id='word_1_841' title='bbox 458 5306 529 5397; x_wconf 50' lang='lat' dir='ltr'><strong>ut.</strong></span> <span class='ocrx_word' id='word_1_842' title='bbox 545 5343 657 5397; x_wconf 78' lang='lat' dir='ltr'><strong>sine</strong></span> <span class='ocrx_word' id='word_1_843' title='bbox 682 5306 959 5395; x_wconf 77' lang='lat' dir='ltr'><strong>uoluntatis</strong></span> <span class='ocrx_word' id='word_1_844' title='bbox 980 5306 1212 5395; x_wconf 69' lang='lat' dir='ltr'><strong>libertate</strong></span> <span class='ocrx_word' id='word_1_845' title='bbox 1243 5339 1330 5405; x_wconf 84' lang='lat' dir='ltr'><strong>sit,</strong></span> <span class='ocrx_word' id='word_1_846' title='bbox 1360 5348 1415 5393; x_wconf 87' lang='lat' dir='ltr'><strong>et</strong></span> <span class='ocrx_word' id='word_1_847' title='bbox 1452 5339 1500 5394; x_wconf 88' lang='lat' dir='ltr'><strong>ei</strong></span> <span class='ocrx_word' id='word_1_848' title='bbox 1525 5350 1692 5394; x_wconf 58' lang='lat' dir='ltr'><strong>natura</strong></span> 
     </span>
     <span class='ocr_line' id='line_1_97' title="bbox 107 5344 1692 5486; baseline -0.003 -12"><span class='ocrx_word' id='word_1_849' title='bbox 107 5344 405 5486; x_wconf 41' lang='lat' dir='ltr'><strong>inﬁrmitas</strong></span> <span class='ocrx_word' id='word_1_850' title='bbox 435 5414 656 5486; x_wconf 74' lang='lat' dir='ltr'><strong>imperet</strong></span> <span class='ocrx_word' id='word_1_851' title='bbox 679 5413 1052 5486; x_wconf 71' lang='lat' dir='ltr'><strong>necessitatem,</strong></span> <span class='ocrx_word' id='word_1_852' title='bbox 1084 5419 1140 5471; x_wconf 89' lang='lat' dir='ltr'><strong>ut</strong></span> <span class='ocrx_word' id='word_1_853' title='bbox 1166 5411 1288 5471; x_wconf 74' lang='lat' dir='ltr'><strong>fuse</strong></span> <span class='ocrx_word' id='word_1_854' title='bbox 1317 5410 1601 5471; x_wconf 77' lang='lat' dir='ltr'><strong>disseritur</strong></span> <span class='ocrx_word' id='word_1_855' title='bbox 1632 5410 1692 5470; x_wconf 79' lang='grc' dir='ltr'>ιιι</span> 
     </span>
    </p>
   </div>
   <div class='ocr_carea' id='block_1_96' title="bbox 1804 5306 3437 5486">
    <p class='ocr_par' dir='ltr' id='par_1_96' title="bbox 1831 5306 3437 5486">
     <span class='ocr_line' id='line_1_98' title="bbox 1831 5306 3437 5447; baseline -0.015 -66"><span class='ocrx_word' id='word_1_856' title='bbox 1831 5306 2047 5395; x_wconf 67' lang='lat' dir='ltr'><strong>quoque</strong></span> <span class='ocrx_word' id='word_1_857' title='bbox 2064 5306 2239 5381; x_wconf 71' lang='lat' dir='ltr'><strong>vertit</strong></span> <span class='ocrx_word' id='word_1_858' title='bbox 2267 5306 2627 5447; x_wconf 52' lang='lat' dir='ltr'><strong>Hieronj&#39;mus</strong></span> <span class='ocrx_word' id='word_1_859' title='bbox 2651 5335 2717 5374; x_wconf 74' lang='lat' dir='ltr'><strong>es</strong></span> <span class='ocrx_word' id='word_1_860' title='bbox 2747 5317 2965 5372; x_wconf 82' lang='lat' dir='ltr'><strong>bebraeo</strong></span> <span class='ocrx_word' id='word_1_861' title='bbox 2983 5354 2998 5378; x_wconf 91' lang='lat'><strong>,</strong></span> <span class='ocrx_word' id='word_1_862' title='bbox 3017 5306 3232 5394; x_wconf 73' lang='lat' dir='ltr'><strong>omisso</strong></span> <span class='ocrx_word' id='word_1_863' title='bbox 3261 5315 3331 5389; x_wconf 67' lang='lat' dir='ltr'><strong>et.</strong></span> <span class='ocrx_word' id='word_1_864' title='bbox 3350 5306 3437 5387; x_wconf 39' lang='lat' dir='ltr'><strong>.At</strong></span> 
     </span>
     <span class='ocr_line' id='line_1_99' title="bbox 1833 5380 3437 5486; baseline -0.002 2"><span class='ocrx_word' id='word_1_865' title='bbox 1833 5395 2051 5486; x_wconf 50' lang='lat' dir='ltr'><strong>sua</strong></span> <span class='ocrx_word' id='word_1_866' title='bbox 2087 5397 2285 5486; x_wconf 55' lang='lat' dir='ltr'><strong>Erg}?</strong></span> <span class='ocrx_word' id='word_1_867' title='bbox 2312 5396 2430 5486; x_wconf 60' lang='lat' dir='ltr'><strong>is&quot;:</strong></span> <span class='ocrx_word' id='word_1_868' title='bbox 2491 5392 2686 5486; x_wconf 48' lang='lat' dir='ltr'><strong>eis“:</strong></span> <span class='ocrx_word' id='word_1_869' title='bbox 2704 5390 2891 5486; x_wconf 59' lang='grc' dir='ltr'><strong>Ηνξὲι</strong></span> <span class='ocrx_word' id='word_1_870' title='bbox 2914 5380 3437 5486; x_wconf 46' lang='grc' dir='ltr'><em>32399393ῗὲ</em></span> 
     </span>
    </p>
   </div>
   <div class='ocr_carea' id='block_1_97' title="bbox 100 5435 165 5474">
    <p class='ocr_par' dir='ltr' id='par_1_97' title="bbox 100 5435 165 5474">
     <span class='ocr_line' id='line_1_100' title="bbox 100 5435 165 5474; baseline -0.031 0"><span class='ocrx_word' id='word_1_871' title='bbox 100 5435 165 5474; x_wconf 80' lang='grc' dir='ltr'><strong>ιη</strong></span> 
     </span>
    </p>
   </div>
   <div class='ocr_carea' id='block_1_98' title="bbox 216 5376 3437 5484">
    <p class='ocr_par' dir='ltr' id='par_1_98' title="bbox 216 5376 3437 5484">
     <span class='ocr_line' id='line_1_101' title="bbox 216 5376 3437 5484; baseline -0.002 -14"><span class='ocrx_word' id='word_1_872' title='bbox 216 5376 1729 5484; x_wconf 52' lang='lat' dir='ltr'><strong>:1...‘;.:;&quot;.-;.&#39;.;;::sanauit“;insinuata““in:</strong></span> <span class='ocrx_word' id='word_1_873' title='bbox 1833 5376 2051 5484; x_wconf 54' lang='lat' dir='ltr'><strong>suarm</strong></span> <span class='ocrx_word' id='word_1_874' title='bbox 2087 5397 2205 5484; x_wconf 41' lang='lat' dir='ltr'><strong>si...</strong></span> <span class='ocrx_word' id='word_1_875' title='bbox 2232 5376 2430 5484; x_wconf 54' lang='lat' dir='ltr'><strong>nam;</strong></span> <span class='ocrx_word' id='word_1_876' title='bbox 2452 5376 2684 5467; x_wconf 55' lang='lat' dir='ltr'><strong>derides.</strong></span> <span class='ocrx_word' id='word_1_877' title='bbox 2708 5390 2891 5484; x_wconf 36' lang='lat' dir='ltr'><strong>uer,</strong></span> <span class='ocrx_word' id='word_1_878' title='bbox 2915 5376 3437 5484; x_wconf 53' lang='lat' dir='ltr'><strong>igipgfmjg’ifﬁitg</strong></span> 
     </span>
    </p>
   </div>
   <div class='ocr_carea' id='block_1_99' title="bbox 102 5460 1692 5558">
    <p class='ocr_par' dir='ltr' id='par_1_99' title="bbox 102 5460 1692 5558">
     <span class='ocr_line' id='line_1_102' title="bbox 102 5460 1692 5558; baseline -0.003 -12"><span class='ocrx_word' id='word_1_879' title='bbox 102 5460 211 5558; x_wconf 47' lang='lat' dir='ltr'><strong>ix?</strong></span> <span class='ocrx_word' id='word_1_880' title='bbox 232 5485 308 5543; x_wconf 91' lang='lat' dir='ltr'><strong>de</strong></span> <span class='ocrx_word' id='word_1_881' title='bbox 338 5460 596 5554; x_wconf 59' lang='lat' dir='ltr'><strong>Trin.,rn.</strong></span> <span class='ocrx_word' id='word_1_882' title='bbox 630 5483 700 5541; x_wconf 79' lang='lat'><strong>48</strong></span> <span class='ocrx_word' id='word_1_883' title='bbox 727 5495 776 5541; x_wconf 90' lang='lat' dir='ltr'><strong>et</strong></span> <span class='ocrx_word' id='word_1_884' title='bbox 800 5460 928 5544; x_wconf 37' lang='lat'><strong>49:</strong></span> <span class='ocrx_word' id='word_1_885' title='bbox 980 5460 992 5471; x_wconf 54' lang='grc'><em>’</em></span> <span class='ocrx_word' id='word_1_886' title='bbox 1035 5460 1052 5482; x_wconf 72' lang='grc'><em>’</em></span> <span class='ocrx_word' id='word_1_887' title='bbox 1085 5460 1139 5471; x_wconf 42' lang='grc' dir='ltr'><strong>ἡ</strong></span> <span class='ocrx_word' id='word_1_888' title='bbox 1166 5460 1184 5471; x_wconf 39' lang='grc'>⁷</span> <span class='ocrx_word' id='word_1_889' title='bbox 1373 5460 1429 5471; x_wconf 51' lang='grc' dir='ltr'><strong>π</strong></span> <span class='ocrx_word' id='word_1_890' title='bbox 1632 5460 1651 5469; x_wconf 38' lang='grc'>⁷</span> <span class='ocrx_word' id='word_1_891' title='bbox 1672 5460 1692 5470; x_wconf 53' lang='grc'><strong>-</strong></span> 
     </span>
    </p>
   </div>
   <div class='ocr_carea' id='block_1_100' title="bbox 1804 5460 3445 5558">
    <p class='ocr_par' dir='ltr' id='par_1_100' title="bbox 1843 5460 3445 5558">
     <span class='ocr_line' id='line_1_103' title="bbox 1843 5460 3445 5543; baseline -0.004 -20"><span class='ocrx_word' id='word_1_892' title='bbox 1843 5467 2063 5523; x_wconf 70' lang='lat' dir='ltr'><strong>Graccus</strong></span> <span class='ocrx_word' id='word_1_893' title='bbox 2101 5475 2276 5523; x_wconf 80' lang='lat' dir='ltr'><strong>textus</strong></span> <span class='ocrx_word' id='word_1_894' title='bbox 2295 5508 2308 5530; x_wconf 95' lang='lat'><strong>,</strong></span> <span class='ocrx_word' id='word_1_895' title='bbox 2332 5460 2581 5543; x_wconf 59' lang='grc' dir='ltr'><strong>ἔνθραῐτε»</strong></span> <span class='ocrx_word' id='word_1_896' title='bbox 2617 5462 2780 5539; x_wconf 79' lang='grc' dir='ltr'><strong>πυρὸς</strong></span> <span class='ocrx_word' id='word_1_897' title='bbox 2809 5460 2894 5517; x_wconf 71' lang='grc' dir='ltr'><strong>ἐπὶ</strong></span> <span class='ocrx_word' id='word_1_898' title='bbox 2913 5463 3005 5518; x_wconf 79' lang='grc' dir='ltr'><strong>τῆς</strong></span> <span class='ocrx_word' id='word_1_899' title='bbox 3028 5462 3143 5528; x_wconf 62' lang='grc' dir='ltr'><strong>γῆς.</strong></span> <span class='ocrx_word' id='word_1_900' title='bbox 3175 5460 3259 5507; x_wconf 80' lang='grc' dir='ltr'><strong>καὶ</strong></span> <span class='ocrx_word' id='word_1_901' title='bbox 3286 5467 3445 5505; x_wconf 71' lang='grc' dir='ltr'><strong>κατα⁹</strong></span> 
     </span>
     <span class='ocr_line' id='line_1_104' title="bbox 1850 5518 3444 5558; baseline 0 0"><span class='ocrx_word' id='word_1_902' title='bbox 1850 5540 1877 5558; x_wconf 66' lang='grc' dir='ltr'><strong>Α</strong></span> <span class='ocrx_word' id='word_1_903' title='bbox 1916 5539 1935 5558; x_wconf 62' lang='lat' dir='ltr'><strong>x</strong></span> <span class='ocrx_word' id='word_1_904' title='bbox 1979 5549 1999 5557; x_wconf 84' lang='lat'><strong>-</strong></span> <span class='ocrx_word' id='word_1_905' title='bbox 2088 5542 2101 5558; x_wconf 69' lang='grc' dir='ltr'>ι</span> <span class='ocrx_word' id='word_1_906' title='bbox 2189 5541 2198 5555; x_wconf 74' lang='grc' dir='ltr'><strong><em>ο</em></strong></span> <span class='ocrx_word' id='word_1_907' title='bbox 2254 5557 2261 5558; x_wconf 60' lang='lat'><strong><em>,</em></strong></span> <span class='ocrx_word' id='word_1_908' title='bbox 2294 5539 2430 5558; x_wconf 54' lang='grc' dir='ltr'><strong>τμη.-</strong></span> <span class='ocrx_word' id='word_1_909' title='bbox 2470 5550 2620 5558; x_wconf 72' lang='grc'><strong>----..</strong></span> <span class='ocrx_word' id='word_1_910' title='bbox 2647 5534 2803 5558; x_wconf 72' lang='grc' dir='ltr'><strong>ι...ι.ηο</strong></span> <span class='ocrx_word' id='word_1_911' title='bbox 2839 5530 3158 5558; x_wconf 66' lang='lat' dir='ltr'><strong>Ann-ictuum.</strong></span> <span class='ocrx_word' id='word_1_912' title='bbox 3201 5518 3444 5558; x_wconf 64' lang='lat' dir='ltr'><strong>rnrhnnnj</strong></span> 
     </span>
    </p>
   </div>
   <div class='ocr_carea' id='block_1_101' title="bbox 188 5518 3444 5653">
    <p class='ocr_par' dir='ltr' id='par_1_101' title="bbox 188 5518 3444 5653">
     <span class='ocr_line' id='line_1_105' title="bbox 188 5518 3444 5622; baseline -0.007 -31"><span class='ocrx_word' id='word_1_913' title='bbox 188 5531 196 5555; x_wconf 77' lang='lat'><strong><em>&#39;</em></strong></span> <span class='ocrx_word' id='word_1_914' title='bbox 232 5518 308 5543; x_wconf 59' lang='lat' dir='ltr'><strong>uc</strong></span> <span class='ocrx_word' id='word_1_915' title='bbox 348 5518 512 5590; x_wconf 40' lang='lat' dir='ltr'><strong>tm.&quot;</strong></span> <span class='ocrx_word' id='word_1_916' title='bbox 541 5518 596 5541; x_wconf 76' lang='grc'><strong>”’</strong></span> <span class='ocrx_word' id='word_1_917' title='bbox 630 5518 700 5541; x_wconf 55' lang='grc' dir='ltr'><strong>’ω</strong></span> <span class='ocrx_word' id='word_1_918' title='bbox 727 5518 776 5541; x_wconf 46' lang='grc' dir='ltr'><strong>τι</strong></span> <span class='ocrx_word' id='word_1_919' title='bbox 800 5518 888 5544; x_wconf 56' lang='grc' dir='ltr'><strong>’ω’</strong></span> <span class='ocrx_word' id='word_1_920' title='bbox 2288 5518 2444 5607; x_wconf 56' lang='lat' dir='ltr'><strong>initia</strong></span> <span class='ocrx_word' id='word_1_921' title='bbox 2465 5518 2807 5605; x_wconf 64' lang='lat' dir='ltr'><strong>quembbbet</strong></span> <span class='ocrx_word' id='word_1_922' title='bbox 2828 5518 3181 5597; x_wconf 62' lang='lat' dir='ltr'><strong>Augustinus,</strong></span> <span class='ocrx_word' id='word_1_923' title='bbox 3200 5518 3444 5574; x_wconf 78' lang='lat' dir='ltr'><strong>carbones</strong></span> 
     </span>
     <span class='ocr_line' id='line_1_106' title="bbox 188 5577 3440 5653; baseline -0.003 0"><span class='ocrx_word' id='word_1_924' title='bbox 188 5578 277 5653; x_wconf 64' lang='grc' dir='ltr'><strong>(θ)</strong></span> <span class='ocrx_word' id='word_1_925' title='bbox 310 5578 433 5635; x_wconf 59' lang='lat' dir='ltr'><strong>M‘c&#39;</strong></span> <span class='ocrx_word' id='word_1_926' title='bbox 464 5594 565 5633; x_wconf 74' lang='lat' dir='ltr'><strong>ms&#39;</strong></span> <span class='ocrx_word' id='word_1_927' title='bbox 603 5577 855 5645; x_wconf 63' lang='lat' dir='ltr'><strong>mwbens&#39;</strong></span> <span class='ocrx_word' id='word_1_928' title='bbox 1843 5614 1977 5653; x_wconf 70' lang='lat' dir='ltr'><strong>annis</strong></span> <span class='ocrx_word' id='word_1_929' title='bbox 2002 5612 2055 5653; x_wconf 72' lang='lat' dir='ltr'><strong>in</strong></span> <span class='ocrx_word' id='word_1_930' title='bbox 2088 5622 2222 5653; x_wconf 66' lang='lat' dir='ltr'><strong>terra</strong></span> <span class='ocrx_word' id='word_1_931' title='bbox 2256 5620 2302 5653; x_wconf 79' lang='grc' dir='ltr'><strong>ρι</strong></span> <span class='ocrx_word' id='word_1_932' title='bbox 2327 5608 2538 5653; x_wconf 64' lang='lat' dir='ltr'><strong>deiide:</strong></span> <span class='ocrx_word' id='word_1_933' title='bbox 2559 5622 2665 5653; x_wconf 82' lang='lat' dir='ltr'><strong>eos.</strong></span> <span class='ocrx_word' id='word_1_934' title='bbox 2694 5602 2928 5653; x_wconf 72' lang='lat' dir='ltr'><strong>Hilarius</strong></span> <span class='ocrx_word' id='word_1_935' title='bbox 3116 5593 3291 5649; x_wconf 87' lang='lat' dir='ltr'><strong>eidem</strong></span> <span class='ocrx_word' id='word_1_936' title='bbox 3313 5602 3440 5645; x_wconf 85' lang='lat' dir='ltr'><strong>con-</strong></span> 
     </span>
    </p>
   </div>
   <div class='ocr_carea' id='block_1_102' title="bbox 190 5593 3440 5743">
    <p class='ocr_par' dir='ltr' id='par_1_102' title="bbox 190 5593 3440 5743">
     <span class='ocr_line' id='line_1_107' title="bbox 190 5593 3440 5683; baseline -0.004 -26"><span class='ocrx_word' id='word_1_937' title='bbox 190 5593 277 5653; x_wconf 70' lang='grc' dir='ltr'><strong>(θ)</strong></span> <span class='ocrx_word' id='word_1_938' title='bbox 311 5593 433 5635; x_wconf 64' lang='lat' dir='ltr'><strong>M‘c&#39;</strong></span> <span class='ocrx_word' id='word_1_939' title='bbox 464 5594 565 5633; x_wconf 70' lang='lat' dir='ltr'><strong>ms&#39;</strong></span> <span class='ocrx_word' id='word_1_940' title='bbox 603 5593 855 5682; x_wconf 58' lang='grc' dir='ltr'><strong>Ρτίξθσίῖηδ·</strong></span> <span class='ocrx_word' id='word_1_941' title='bbox 1686 5664 1699 5678; x_wconf 74' lang='grc'><em>,</em></span> <span class='ocrx_word' id='word_1_942' title='bbox 1843 5593 2227 5681; x_wconf 15' lang='grc' dir='ltr'><strong>ἓρὴὲὲίῖιὶίέὲπᾰ</strong></span> <span class='ocrx_word' id='word_1_943' title='bbox 2256 5593 2305 5664; x_wconf 70' lang='grc' dir='ltr'><strong>εἴ</strong></span> <span class='ocrx_word' id='word_1_944' title='bbox 2327 5593 2538 5683; x_wconf 74' lang='lat' dir='ltr'><strong>dejicies</strong></span> <span class='ocrx_word' id='word_1_945' title='bbox 2559 5622 2665 5661; x_wconf 85' lang='lat' dir='ltr'><strong>eos.</strong></span> <span class='ocrx_word' id='word_1_946' title='bbox 2694 5593 2939 5657; x_wconf 72' lang='lat' dir='ltr'><strong>Hilarius</strong></span> <span class='ocrx_word' id='word_1_947' title='bbox 2954 5598 3091 5653; x_wconf 82' lang='lat' dir='ltr'><strong>inira</strong></span> <span class='ocrx_word' id='word_1_948' title='bbox 3116 5593 3291 5649; x_wconf 89' lang='lat' dir='ltr'><strong>eidem</strong></span> <span class='ocrx_word' id='word_1_949' title='bbox 3313 5602 3440 5645; x_wconf 83' lang='lat' dir='ltr'><strong>con-</strong></span> 
     </span>
     <span class='ocr_line' id='line_1_108' title="bbox 190 5667 3330 5743; baseline 0.003 -18"><span class='ocrx_word' id='word_1_950' title='bbox 190 5668 290 5743; x_wconf 85' lang='lat' dir='ltr'><strong>(d)</strong></span> <span class='ocrx_word' id='word_1_951' title='bbox 323 5670 402 5726; x_wconf 84' lang='lat' dir='ltr'><strong>Ex</strong></span> <span class='ocrx_word' id='word_1_952' title='bbox 434 5685 536 5726; x_wconf 93' lang='lat' dir='ltr'><strong>ms.</strong></span> <span class='ocrx_word' id='word_1_953' title='bbox 570 5678 901 5743; x_wconf 73' lang='lat' dir='ltr'><strong>restituimus</strong></span> <span class='ocrx_word' id='word_1_954' title='bbox 924 5668 1165 5743; x_wconf 67' lang='lat' dir='ltr'><strong>pascbam</strong></span> <span class='ocrx_word' id='word_1_955' title='bbox 1195 5683 1289 5739; x_wconf 90' lang='lat' dir='ltr'><strong>pro</strong></span> <span class='ocrx_word' id='word_1_956' title='bbox 1292 5667 1535 5743; x_wconf 59' lang='lat' dir='ltr'><strong>pascua;</strong></span> <span class='ocrx_word' id='word_1_957' title='bbox 1557 5680 1735 5743; x_wconf 77' lang='lat' dir='ltr'><strong>maxt-</strong></span> <span class='ocrx_word' id='word_1_958' title='bbox 1850 5684 2035 5737; x_wconf 67' lang='lat' dir='ltr'><strong>scum,</strong></span> <span class='ocrx_word' id='word_1_959' title='bbox 2869 5741 2882 5743; x_wconf 83' lang='lat'>_</span> 
     </span>
    </p>
   </div>
   <div class='ocr_carea' id='block_1_103' title="bbox 524 5694 1735 5732">
    <p class='ocr_par' dir='ltr' id='par_1_103' title="bbox 524 5694 1735 5732">
     <span class='ocr_line' id='line_1_109' title="bbox 524 5694 1735 5732; baseline -0.002 -6"><span class='ocrx_word' id='word_1_960' title='bbox 524 5712 536 5726; x_wconf 74' lang='grc' dir='ltr'><strong>ο</strong></span> <span class='ocrx_word' id='word_1_961' title='bbox 570 5694 901 5727; x_wconf 67' lang='grc' dir='ltr'>ῐυδιιιυιιιιυδ</span> <span class='ocrx_word' id='word_1_962' title='bbox 924 5694 1165 5732; x_wconf 71' lang='grc' dir='ltr'><strong>μηδι-ηψπ</strong></span> <span class='ocrx_word' id='word_1_963' title='bbox 1195 5694 1289 5732; x_wconf 68' lang='grc' dir='ltr'><strong>νΐυ</strong></span> <span class='ocrx_word' id='word_1_964' title='bbox 1312 5694 1531 5732; x_wconf 73' lang='lat' dir='ltr'><strong>puacuu,</strong></span> <span class='ocrx_word' id='word_1_965' title='bbox 1558 5694 1735 5723; x_wconf 58' lang='lat' dir='ltr'><strong>lllilll’</strong></span> 
     </span>
    </p>
   </div>
   <div class='ocr_carea' id='block_1_104' title="bbox 110 5690 1692 5889">
    <p class='ocr_par' dir='ltr' id='par_1_104' title="bbox 110 5690 1692 5889">
     <span class='ocr_line' id='line_1_110' title="bbox 190 5690 1692 5743; baseline -0.002 -17"><span class='ocrx_word' id='word_1_966' title='bbox 190 5690 290 5743; x_wconf 69' lang='grc' dir='ltr'><strong>(α)</strong></span> <span class='ocrx_word' id='word_1_967' title='bbox 326 5690 402 5726; x_wconf 75' lang='grc' dir='ltr'>ω</span> <span class='ocrx_word' id='word_1_968' title='bbox 434 5690 536 5726; x_wconf 86' lang='lat' dir='ltr'><strong>ms.</strong></span> <span class='ocrx_word' id='word_1_969' title='bbox 570 5690 901 5727; x_wconf 79' lang='lat' dir='ltr'><strong>resututmus</strong></span> <span class='ocrx_word' id='word_1_970' title='bbox 924 5690 1165 5738; x_wconf 80' lang='lat' dir='ltr'><strong>pascuum</strong></span> <span class='ocrx_word' id='word_1_971' title='bbox 1195 5690 1289 5739; x_wconf 85' lang='lat' dir='ltr'><strong>pro</strong></span> <span class='ocrx_word' id='word_1_972' title='bbox 1312 5690 1535 5737; x_wconf 75' lang='lat' dir='ltr'><strong>pascua;</strong></span> <span class='ocrx_word' id='word_1_973' title='bbox 1558 5690 1692 5723; x_wconf 73' lang='lat' dir='ltr'><strong>utaxl</strong></span> 
     </span>
     <span class='ocr_line' id='line_1_111' title="bbox 110 5737 1692 5813; baseline -0.001 -17"><span class='ocrx_word' id='word_1_974' title='bbox 110 5760 213 5802; x_wconf 86' lang='lat' dir='ltr'><strong>me</strong></span> <span class='ocrx_word' id='word_1_975' title='bbox 266 5756 392 5803; x_wconf 91' lang='lat' dir='ltr'><strong>cum</strong></span> <span class='ocrx_word' id='word_1_976' title='bbox 423 5756 568 5813; x_wconf 69' lang='lat' dir='ltr'><strong>quae,</strong></span> <span class='ocrx_word' id='word_1_977' title='bbox 597 5756 703 5796; x_wconf 92' lang='lat' dir='ltr'><strong>non</strong></span> <span class='ocrx_word' id='word_1_978' title='bbox 752 5739 890 5813; x_wconf 87' lang='lat' dir='ltr'><strong>quod</strong></span> <span class='ocrx_word' id='word_1_979' title='bbox 928 5738 1268 5808; x_wconf 78' lang='lat' dir='ltr'><strong>subjiciatur.</strong></span> <span class='ocrx_word' id='word_1_980' title='bbox 1291 5739 1428 5799; x_wconf 87' lang='lat' dir='ltr'><strong>Tum</strong></span> <span class='ocrx_word' id='word_1_981' title='bbox 1452 5737 1692 5811; x_wconf 85' lang='lat' dir='ltr'><strong>legendut</strong></span> 
     </span>
     <span class='ocr_line' id='line_1_112' title="bbox 114 5811 1188 5889; baseline -0.007 -16"><span class='ocrx_word' id='word_1_982' title='bbox 114 5824 396 5889; x_wconf 85' lang='lat' dir='ltr'><strong>putamus</strong></span> <span class='ocrx_word' id='word_1_983' title='bbox 421 5813 724 5887; x_wconf 76' lang='lat' dir='ltr'><strong>prteprdiat,</strong></span> <span class='ocrx_word' id='word_1_984' title='bbox 758 5828 863 5869; x_wconf 88' lang='lat' dir='ltr'><strong>non</strong></span> <span class='ocrx_word' id='word_1_985' title='bbox 894 5811 1188 5880; x_wconf 79' lang='lat' dir='ltr'><strong>prtcveniat.</strong></span> 
     </span>
    </p>
   </div>
   <div class='ocr_carea' id='block_1_105' title="bbox 1804 5690 3386 5889">
    <p class='ocr_par' dir='ltr' id='par_1_105' title="bbox 1850 5690 3386 5889">
     <span class='ocr_line' id='line_1_113' title="bbox 1850 5690 3386 5878; baseline -0.018 -65"><span class='ocrx_word' id='word_1_986' title='bbox 1850 5690 2086 5878; x_wconf 50' lang='grc' dir='ltr'><strong>εωίᾇῗδη</strong></span> <span class='ocrx_word' id='word_1_987' title='bbox 2112 5751 2343 5823; x_wconf 87' lang='lat' dir='ltr'><strong>vulgatis</strong></span> <span class='ocrx_word' id='word_1_988' title='bbox 2367 5751 2521 5806; x_wconf 79' lang='lat' dir='ltr'><strong>deest</strong></span> <span class='ocrx_word' id='word_1_989' title='bbox 2549 5763 2581 5800; x_wconf 83' lang='grc' dir='ltr'><em>α</em></span> <span class='ocrx_word' id='word_1_990' title='bbox 2604 5761 2674 5800; x_wconf 83' lang='lat' dir='ltr'><strong>se.</strong></span> <span class='ocrx_word' id='word_1_991' title='bbox 2718 5741 3009 5813; x_wconf 78' lang='lat' dir='ltr'><strong>Suppletur</strong></span> <span class='ocrx_word' id='word_1_992' title='bbox 3034 5754 3101 5794; x_wconf 81' lang='lat' dir='ltr'><strong>ex</strong></span> <span class='ocrx_word' id='word_1_993' title='bbox 3128 5748 3234 5819; x_wconf 78' lang='lat' dir='ltr'><strong>ms.</strong></span> <span class='ocrx_word' id='word_1_994' title='bbox 3262 5730 3386 5791; x_wconf 72' lang='lat' dir='ltr'><strong>Nic.</strong></span> 
     </span>
     <span class='ocr_line' id='line_1_114' title="bbox 1921 5802 3386 5889; baseline -0.014 -9"><span class='ocrx_word' id='word_1_995' title='bbox 1921 5829 1938 5889; x_wconf 93' lang='lat'><strong>(</strong></span> <span class='ocrx_word' id='word_1_996' title='bbox 1960 5824 2001 5889; x_wconf 78' lang='grc' dir='ltr'><strong>ι)</strong></span> <span class='ocrx_word' id='word_1_997' title='bbox 2030 5824 2169 5880; x_wconf 87' lang='lat' dir='ltr'><strong>Editi</strong></span> <span class='ocrx_word' id='word_1_998' title='bbox 2197 5824 2449 5881; x_wconf 87' lang='lat' dir='ltr'><strong>omittunt</strong></span> <span class='ocrx_word' id='word_1_999' title='bbox 2473 5813 2955 5889; x_wconf 6' lang='lat' dir='ltr'><strong>istos.q_’l‘nm__Par.g</strong></span> <span class='ocrx_word' id='word_1_1000' title='bbox 2974 5818 3097 5889; x_wconf 76' lang='lat' dir='ltr'><strong>post</strong></span> <span class='ocrx_word' id='word_1_1001' title='bbox 3118 5808 3268 5878; x_wconf 78' lang='lat' dir='ltr'><strong>Ltps.</strong></span> <span class='ocrx_word' id='word_1_1002' title='bbox 3298 5802 3386 5861; x_wconf 75' lang='lat' dir='ltr'><strong>cxi</strong></span> 
     </span>
    </p>
   </div>
   <div class='ocr_carea' id='block_1_106' title="bbox 711 5852 1188 5880">
    <p class='ocr_par' dir='ltr' id='par_1_106' title="bbox 711 5852 1188 5880">
     <span class='ocr_line' id='line_1_115' title="bbox 711 5852 1188 5880; baseline -0.013 -12"><span class='ocrx_word' id='word_1_1003' title='bbox 711 5854 724 5880; x_wconf 79' lang='lat'><strong>’</strong></span> <span class='ocrx_word' id='word_1_1004' title='bbox 758 5852 863 5869; x_wconf 77' lang='lat' dir='ltr'><strong>IIVII</strong></span> <span class='ocrx_word' id='word_1_1005' title='bbox 894 5852 943 5880; x_wconf 63' lang='grc' dir='ltr'><strong>Γ.</strong></span> <span class='ocrx_word' id='word_1_1006' title='bbox 958 5852 1188 5869; x_wconf 65' lang='grc' dir='ltr'><strong>ινπνσηιιυι</strong></span> 
     </span>
    </p>
   </div>
   <div class='ocr_carea' id='block_1_107' title="bbox 1921 5801 3452 5896">
    <p class='ocr_par' dir='ltr' id='par_1_107' title="bbox 1921 5801 3452 5896">
     <span class='ocr_line' id='line_1_116' title="bbox 1921 5801 3452 5896; baseline -0.011 -17"><span class='ocrx_word' id='word_1_1007' title='bbox 2028 5801 2956 5896; x_wconf 36' lang='lat' dir='ltr'><strong>Etitiﬂgmi-t—tmt‘tistos.__Tntn:Par:_</strong></span> <span class='ocrx_word' id='word_1_1008' title='bbox 2974 5818 3097 5893; x_wconf 73' lang='lat' dir='ltr'><strong>post</strong></span> <span class='ocrx_word' id='word_1_1009' title='bbox 3118 5808 3268 5878; x_wconf 78' lang='lat' dir='ltr'><strong>Lips.</strong></span> <span class='ocrx_word' id='word_1_1010' title='bbox 3298 5801 3452 5862; x_wconf 75' lang='lat' dir='ltr'><strong>exiti-</strong></span> 
     </span>
    </p>
   </div>
   <div class='ocr_carea' id='block_1_108' title="bbox 211 5883 3077 5984">
    <p class='ocr_par' dir='ltr' id='par_1_108' title="bbox 211 5883 3077 5984">
     <span class='ocr_line' id='line_1_117' title="bbox 211 5883 3077 5984; baseline -0.006 -22"><span class='ocrx_word' id='word_1_1011' title='bbox 211 5906 300 5981; x_wconf 83' lang='lat' dir='ltr'><strong>(e)</strong></span> <span class='ocrx_word' id='word_1_1012' title='bbox 329 5883 488 5977; x_wconf 87' lang='lat' dir='ltr'><strong>Editi,</strong></span> <span class='ocrx_word' id='word_1_1013' title='bbox 520 5883 756 5965; x_wconf 73' lang='lat' dir='ltr'><strong>amittat:</strong></span> <span class='ocrx_word' id='word_1_1014' title='bbox 780 5902 1135 5965; x_wconf 85' lang='lat' dir='ltr'><strong>emendantur</strong></span> <span class='ocrx_word' id='word_1_1015' title='bbox 1160 5918 1234 5966; x_wconf 71' lang='lat' dir='ltr'><strong>ex</strong></span> <span class='ocrx_word' id='word_1_1016' title='bbox 1258 5921 1403 5984; x_wconf 36' lang='lat' dir='ltr'><strong>ms.)</strong></span> <span class='ocrx_word' id='word_1_1017' title='bbox 1863 5883 2317 5975; x_wconf 68' lang='lat' dir='ltr'><strong>bet,&#39;impiorum:</strong></span> <span class='ocrx_word' id='word_1_1018' title='bbox 2347 5887 2738 5952; x_wconf 87' lang='lat' dir='ltr'><strong>reluctantibus</strong></span> <span class='ocrx_word' id='word_1_1019' title='bbox 2759 5885 2880 5947; x_wconf 83' lang='lat' dir='ltr'><strong>aliis</strong></span> <span class='ocrx_word' id='word_1_1020' title='bbox 2904 5883 3077 5945; x_wconf 77' lang='lat' dir='ltr'><strong>libris.</strong></span> 
     </span>
    </p>
   </div>
  </div>
