3896 6336
454 290 566 350 825

1660 279 1910 340 ssnon
1937 280 2199 341 unum:
2240 279 2548 342 EPISCOPI

3631 291 3728 348 85h

450 413 646 463 menta
670 412 840 472 sunt,
888 404 1004 459 lucc
1043 396 1469 471 irreligiosorum
1503 404 1706 453 aeterna
1735 394 1907 452 vestis
1928 406 2049 452 est:
2081 404 2137 466 Α
2232 395 2319 451 17.
2373 393 2446 451 Et
2474 409 2657 453 sermo
2684 396 2801 468 ipse
2823 437 2843 468 ,
2882 413 2992 470 quo
3038 397 3284 471 psalmus
3326 397 3621 467 claudimur,
3660 403 3727 460 ita

450 504 515 553 ut
540 498 805 554 adversus
827 493 1138 553 decidentes
1160 490 1422 547 carbones
1448 497 1504 546 et
1528 487 1845 560 ingruentes
1889 489 2053 545 mise-

453 586 571 646 rias
619 604 727 645 non
774 587 1169 650 subsistentes,
1223 583 1314 638 tali
1355 597 1476 638 cum
1524 580 1643 653 ipso
1678 579 1940 638 circuitus
1967 580 2054 636 sui

455 681 637 752 capite
678 691 733 737 et
777 680 963 736 labore
1011 676 1276 734 labiorum
1322 674 1686 732 damnationis
1722 690 1835 732 sua
1886 689 2054 731 onere

454 772 851 846 deprimantur.

528 865 622 921 15.
672 861 828 918 Iudae
882 861 1162 936 proditoris
1214 859 1456 933 nequitia.
1513 889 1585 901 —
1633 857 1831 915 Tenuit
1872 866 2055 916 autem

456 955 622 1013 etiam
651 969 796 1010 nunc
821 969 947 1010 eum
972 952 1214 1009 ordinem
1234 993 1250 1021 ,
1303 967 1409 1024 quo
1449 951 1503 1008 in
1528 951 1899 1025 superioribus
1926 967 2056 1009 usus

452 1059 539 1106 est
564 1090 580 1115 ,
608 1057 666 1103 ut
694 1062 821 1103 cum
851 1045 905 1102 in
934 1045 1179 1117 pluribus
1205 1044 1464 1119 populum
1492 1045 1783 1111 ostendat,
1829 1045 2055 1101 nuncin

456 1157 566 1199 uno
593 1140 787 1198 ludam
815 1139 1123 1209 significare
1154 1139 1401 1195 videatur
1425 1181 1441 1207 ,
1478 1138 1666 1196 dicens
1694 1180 1709 1205 ,
1747 1138 1914 1196 Vens.
1948 1138 2015 1194 12
2040 1157 2053 1193 :

468 1233 558 1289 Vir
584 1234 852 1305 linguosus
897 1249 997 1287 non
1042 1231 1293 1304 dirigetur
1324 1248 1477 1303 super
1515 1240 1736 1287 terram:
1786 1232 1949 1286 virum
1978 1232 2059 1286 in-

451 1331 660 1402 justam
696 1326 840 1381 mala
884 1326 1089 1396 capient
1130 1325 1186 1379 in
1212 1325 1443 1379 interitu.
1498 1324 1554 1380 In
1588 1324 1832 1395 linguoso
1857 1338 2059 1396 anceps

460 1429 519 1477 et
542 1418 768 1475 dubium
793 1428 849 1477 et
875 1417 1035 1473 fallax
1060 1432 1123 1473 os
1142 1404 1437 1489 proditoris
1465 1416 1791 1484 ostenditur,
1808 1416 2060 1489 qui,sero

456 1512 705 1570 criminis
754 1511 842 1568 sui
890 1511 1099 1567 scelere
1143 1521 1446 1581 comperto,
1496 1511 1690 1581 laqueo
1720 1526 1780 1566 se
1809 1526 1839 1565 a
1871 1510 1978 1565 vita
2006 1521 2062 1567 et

458 1605 573 1663 ﬁde
598 1604 858 1677 profugus
886 1603 1189 1675 suspendit.
1240 1603 1387 1659 Nihil
1413 1605 1558 1660 enim
1586 1603 1853 1660 directum
1880 1605 1936 1661 in
1962 1619 2059 1674 eo,

454 1697 595 1754 nihil
640 1695 872 1768 simplex
897 1738 912 1763 ,
946 1694 1079 1751 nihil
1109 1696 1414 1752 absolutum
1442 1686 1544 1752 fuit
1576 1713 1590 1747 :
1619 1697 1704 1751 fur
1735 1705 1893 1752 antea
1918 1739 1935 1765 ,
1968 1696 2061 1753 de-

457 1790 590 1846 hinc
634 1788 912 1862 proditor,
963 1800 1240 1863 posuemo
1288 1790 1406 1861 ipse
1454 1790 1509 1845 in
1556 1805 1615 1846 se
1670 1789 1865 1862 dignus
1920 1791 2065 1848 ultor
2093 1804 2141 1865 Β

459 1880 604 1957 (Iob.
631 1897 731 1950 ιιι,
758 1881 851 1957 ι);
881 1897 1025 1939 nunc
1055 1882 1340 1939 mulierem
1378 1881 1549 1939 en‘uso
1578 1882 1633 1939 in
1662 1892 1823 1953 caput
1852 1883 2064 1940 Domini

454 1984 737 2050 unguento
761 1977 945 2032 damni
964 1976 1166 2033 inutilis
1190 1992 1444 2050 arguens,
1479 1992 1621 2033 nunc
1644 1976 1846 2033 Judazis
1872 1992 2064 2033 omnes

457 2074 675 2130 Domini
703 2073 883 2130 aditus
907 2082 964 2130 et
1000 2086 1250 2145 egressus
1294 2072 1548 2128 nuntians
1572 2112 1588 2138 ,
1620 2086 1763 2127 nunc
1788 2072 1857 2128 de
1889 2072 2064 2143 pretio

454 2166 590 2239 justi
618 2166 899 2239 sanguinis
944 2167 1220 2238 paciscens
1248 2163 1463 2239 (Matth.
1498 2181 1643 2233 xxvr,
1683 2163 1805 2235 15);
1860 2164 2067 2237 linguo-

459 2274 557 2315 sus
582 2272 819 2329 semper,
847 2272 1070 2330 semper
1105 2258 1158 2313 in
1190 2257 1372 2314 verbis
1396 2300 1412 2325 ,
1458 2265 1517 2313 ut
1544 2255 1601 2312 in
1629 2272 1753 2313 eum
1786 2257 2066 2328 propheta:

461 2352 671 2409 dictum
699 2360 1073 2423 competenter
1098 2358 1314 2421 aptetur
1343 2367 1358 2405 :
1401 2347 1482 2406 De
1510 2349 1829 2422 multiloquio
1855 2366 1957 2404 non
1980 2353 2063 2423 ef.

462 2446 632 2519 fugies
651 2453 918 2518 peccatum
945 2443 1128 2519 (Prov.
1155 2460 1213 2513 ι,
1250 2443 1364 2514 19).
1417 2443 1517 2500 Hic
1545 2458 1675 2515 ergo
1706 2443 1758 2499 in
1789 2443 1891 2499 hoc
1921 2443 2060 2500 utui-

460 2538 692 2609 tiloquio
719 2551 820 2594 suo
853 2545 1107 2610 peccator
1134 2552 1242 2593 non
1271 2537 1512 2595 directus
1540 2538 1593 2593 in
1620 2538 1782 2593 vitam
1814 2546 1898 2593 est
1920 2579 1937 2607 ,
1972 2552 2068 2594 ue-

463 2647 573 2704 que
598 2640 807 2689 rectum
836 2633 965 2690 fidei
995 2632 1101 2688 iter
1133 2632 1335 2697 tenuit;
1385 2631 1482 2689 sed
1508 2673 1525 2699 ,
1574 2641 1633 2687 ut
1676 2631 1897 2704 dignum
1940 2639 2024 2688 est
2047 2673 2063 2699 ,

461 2725 607 2782 mala
637 2742 762 2783 eum
793 2726 851 2784 in
882 2727 1100 2783 interitu
1123 2738 1405 2799 ceperunt.
1434 2727 1641 2799 Impius
1664 2726 1718 2782 in
1749 2727 1919 2783 Deum
1940 2740 2064 2782 cum

461 2818 702 2887 fuisset,
735 2831 921 2891 postea
949 2819 1006 2876 in
1046 2828 1219 2875 semet
1238 2833 1454 2891 quoque
1478 2818 1656 2890 ipsum
1690 2819 1885 2889 impius
1915 2834 2067 2874 man-

463 2910 558 2968 sit.
588 2911 698 2967 Fur
727 2912 968 2983 pecunia:
991 2951 1007 2979 ,
1040 2910 1289 2967 venditor
1317 2912 1597 2983 sanguinis
1618 2912 1747 2982 justi
1773 2951 1789 2979 ,
1826 2910 2068 2982 proditor

463 3004 566 3061 Dei
591 3046 608 3074 ,
637 3014 693 3061 et
718 3013 977 3077 quantum
1008 3005 1062 3060 in
1099 3020 1160 3061 se
1188 3013 1273 3061 est
1296 3046 1312 3072 ,
1349 3004 1616 3076 parricida
1645 3044 1659 3072 ,
1693 3019 1794 3061 nec
1824 3005 1949 3061 vita:
1975 3019 2065 3060 vc-

467 3100 612 3157 niam
639 3100 817 3172 putuit
841 3099 1059 3166 habere,
1086 3114 1186 3155 nec
1213 3099 1422 3154 mortis.

2158 487 2431 558 loquitur,
2481 488 2647 545 Vens.
2684 489 2752 545 M
2778 508 2793 547 :
2823 491 3063 547 Attamen
3090 492 3231 565 justi
3256 491 3727 562 conﬁtebuntur»-

2156 582 2285 637 ntini
2310 592 2419 650 tuo,
2450 591 2498 638 et
2524 582 2823 639 habitabant
2856 586 2985 639 recti
3018 601 3136 639 cum
3170 585 3307 656 facie
3328 592 3436 640 tua.
3474 585 3729 644 iustorum

2156 674 2430 732 confessio
2476 686 2655 748 potest
2701 679 2864 734 etiam
2915 678 2991 751 (ὁ)
3037 679 3343 750 corporalis
3368 679 3577 749 videri,
3624 684 3732 752 quia

2159 768 2341 839 plures
2368 769 2422 824 in
2450 783 2613 826 carne
2652 769 2833 827 adhuc
2856 770 2985 826 licet
3010 771 3195 841 positi,
3224 771 3322 826 Dei
3350 772 3553 828 nomini
3579 774 3733 829 coni-

2160 870 2359 918 teutur.
2411 860 2563 917 Becti
2587 872 2769 918 autem
2795 863 3100 918 habitantes
3126 877 3251 918 cum
3278 861 3419 919 facie
3448 864 3541 919 Dei
3563 904 3581 930 ,
3620 866 3734 922 nihil

2160 956 2214 1010 in
2246 969 2306 1010 se
2328 954 2608 1025 corporale
2651 956 2889 1011 retinere
2935 955 3339 1026 intelliguntur.
3383 954 3583 1011 Natura
3616 959 3735 1013 eum

2159 1047 2339 1104 carnis
2394 1046 2487 1103 Dei
2558 1063 2664 1103 non
2718 1049 2919 1118 patitur
2963 1057 3291 1120 aspectum,
3340 1048 3465 1119 ipso
3513 1048 3735 1106 dicente:

2164 1138 2333 1195 Nemo
2361 1139 2549 1195 uidebit
2589 1139 2855 1195 hominum
2886 1140 3074 1208 [aciem
3098 1156 3286 1206 meum,
3321 1150 3371 1195 et
3410 1141 3543 1194 uiset
3569 1138 3736 1214 (Exod.

2163 1247 2352 1299 sunt,
2381 1231 2496 1304 20).
2545 1232 2658 1289 Hoc
2679 1233 2792 1303 jam
2815 1232 3121 1290 caelestium
3152 1242 3239 1288 est
3260 1273 3281 1299 ,
3312 1242 3371 1288 et
3419 1231 3740 1289 transforma-

2162 1333 2341 1381 turum
2363 1365 2379 1391 ,
2422 1330 2480 1381 et
2508 1332 2779 1381 terrenam
2806 1324 3214 1395 corruptionem
3240 1324 3462 1381 cmlesti
3490 1325 3740 1397 incorrup-

2165 1417 2313 1473 tione
2332 1415 2657 1472 mutantium
2681 1434 2695 1472 :
2729 1432 2866 1488 quos
2883 1416 2994 1487 jam
3020 1417 3321 1473 divinitatis
3343 1416 3561 1473 honore
3580 1417 3740 1487 claros,

2164 1518 2592 1582 conregnaturos
2634 1508 2706 1582 (c)
2737 1510 2852 1580 ipse
2882 1509 2993 1568 Deo
3032 1512 3173 1583 patri
3213 1512 3403 1568 tradet
3449 1512 3507 1568 in
3555 1528 3743 1583 regas:

2166 1603 2429 1659 Dominus
2453 1611 2639 1659 noster
2661 1602 2822 1659 Jesus
2850 1601 3097 1673 Christus
3119 1644 3137 1673 ,
3188 1604 3284 1676 qui
3330 1612 3422 1661 est
3462 1604 3744 1662 benedictus

2167 1697 2221 1754 in
2251 1697 2447 1753 saecula
2479 1697 2829 1754 saaculorum.
2877 1700 3072 1754 Amen.

2712 1833 3030 1893 PSALMUS
3067 1833 3232 1891 CXL.

2242 1946 2477 2016 Domine,
2504 1948 2723 2004 clamaui
2749 1949 2815 2003 ad
2845 1959 2913 2017 te,
2937 1949 3124 2004 exaudi
3145 1965 3226 2003 me
3241 1964 3263 2004 :
3293 1949 3511 2005 intende
3534 1951 3638 2006 uoci
3660 1969 3748 2006 m-

2165 2039 2319 2095 tionis
2354 2056 2499 2108 mete,
2530 2058 2648 2095 cum
2684 2041 2965 2097 clamauero
2998 2039 3209 2114 (Infra,
3241 2042 3375 2096 dum
3401 2043 3637 2097 clamabo
3660 2046 3676 2115 )
3698 2049 3748 2099 ά

2165 2144 2233 2191 te.
2285 2134 2552 2206 Dirigatur
2580 2135 2745 2189 oratio
2774 2150 2888 2189 mea
2927 2134 3060 2187 sicut
3099 2134 3373 2188 incensum
3417 2135 3473 2189 in
3520 2146 3749 2207 scrupeas

2165 2238 2255 2285 tuo
2286 2227 2405 2301 (His
2433 2228 2782 2299 praemittitur
2807 2270 2821 2294 ,
2851 2224 3133 2300 Domine).
3185 2226 3437 2284 Elevatio
3467 2228 3745 2303 (attentio)

2168 2337 2418 2377 manuum
2442 2338 2672 2376 mearum
2712 2320 3025 2392 sacrificium
3063 2321 3446 2399 vespertinum.
3495 2321 3637 2378 Pone
3668 2322 3749 2379 Ds-

2168 2417 2308 2472 mino
2331 2414 2621 2472 custodiam
2651 2416 2730 2470 ori
2756 2430 2889 2483 meo,
2917 2425 2965 2470 et
2993 2415 3181 2470 ostium
3203 2416 3615 2471 circumstantia:
3631 2417 3749 2471 ishis

2167 2516 2312 2572 meis.
2349 2514 2472 2572 Non
2494 2517 2719 2572 declines
2744 2533 2832 2572 cor
2859 2533 3027 2572 meum
3056 2517 3111 2572 in
3140 2517 3296 2571 verba
3318 2518 3467 2571 ntala
3503 2516 3747 2589 (malitia),

2167 2609 2238 2664 ad
2258 2608 2577 2665 excusandas
2599 2610 2954 2669 excusationes
2981 2610 3035 2663 in
3059 2610 3288 2680 peccatis
3306 2651 3324 2674 ,
3354 2626 3477 2664 cum
3498 2608 3751 2663 housinilm

2169 2700 2500 2773 operantibus
2526 2700 2887 2771 iniquitatem:
2927 2710 2974 2757 et
2995 2719 3099 2757 non
3129 2702 3441 2758 combinabo
3473 2719 3592 2756 cum
3615 2699 3752 2756 electis

2170 2812 2379 2875 eorum.
2425 2795 2680 2867 Corripiet
2709 2812 2792 2851 me
2808 2798 2985 2867 justus
3008 2799 3062 2852 in
3093 2798 3484 2862 misericordia,
3530 2806 3577 2851 et
3614 2795 3750 2849 incre-

2171 2890 2312 2962 pabit
2338 2907 2419 2946 me
2435 2907 2455 2945 :
2478 2892 2648 2946 oleant
2669 2902 2839 2945 autem
2870 2892 3155 2962 peccatoris
3188 2907 3293 2946 non
3318 2892 3609 2964 impingeret
3632 2899 3751 2958 ειμι

2168 3002 2358 3040 meum.
2403 2985 2658 3052 Quoniam
2702 2986 2872 3040 adhuc
2903 2984 2996 3059 (et)
3034 2989 3201 3041 oratio
3224 3003 3341 3042 mea
3366 2986 3429 3041 in
3459 2984 3754 3057 benepladtis

2169 3094 2381 3145 eorum;
2423 3080 2649 3154 absorpti
2675 3090 2794 3135 sunt
2833 3080 3118 3136 continuati
3162 3094 3326 3150 petra
3343 3081 3559 3152 jadices
3588 3096 3750 3143 eam,

541 3170 949 3265 £6._Paupertas
979 3190 1193 3248 Christi.
1246 3190 1509 3248 Vindicari
1549 3193 1758 3266 praprie
1800 3209 1901 3248 non
1940 3208 2066 3248 con-

2174 3171 2460 3226 Audieutur
2488 3170 2768 3244 (audient)
2811 3172 2962 3228 verba
2999 3189 3113 3227 mea
3134 3214 3153 3241 ,
3192 3173 3448 3243 quoniam
3478 3181 3755 3247 petua-ut:

466 3286 605 3341 uenit
647 3285 855 3340 Christo
881 3328 896 3353 ,
934 3286 1026 3342 sed
1063 3287 1221 3341 seruis
1248 3287 1385 3354 ejus.
1408 3316 1480 3327 —
1506 3285 1625 3343 Non
1650 3287 1864 3344 nescius
1889 3287 2070 3361 itaque

466 3376 632 3449 hujus
659 3377 913 3434 vindictae
943 3393 1055 3434 sua:
1087 3379 1397 3449 unigenitus
1430 3378 1571 3435 Deus
1608 3387 1722 3446 est;
1764 3379 1839 3435 ait
1877 3381 2020 3436 enim
2047 3422 2064 3448 ,

465 3471 635 3528 Vens.
669 3472 773 3527 i5:
806 3472 1030 3545 Cognoui
1059 3476 1183 3543 quia
1219 3474 1369 3544 faciet
1402 3472 1654 3528 Dominus
1669 3473 1931 3547 judicium
1959 3475 2070 3530 ino-

469 3564 572 3634 pis,
598 3573 648 3618 et
675 3563 954 3618 vindictam
979 3581 1287 3636 pauperum.
1345 3565 1554 3635 Pauper
1587 3565 1846 3621 Dominus
1877 3581 2069 3622 secun-

470 3647 599 3713 dum
630 3656 906 3713 hominem
933 3669 1039 3713 est.
1084 3657 1434 3727 Paupertavit
1458 3658 1602 3715 enim
1630 3674 1690 3715 se
1716 3702 1732 3726 ,
1776 3661 2069 3717 secundum

471 3749 816 3819 Apostolum,
848 3759 909 3805 ut
926 3765 1026 3805 nos
1057 3750 1550 3821 locupletaremur,
1584 3750 1672 3807 cui
1697 3752 1749 3806 in
1775 3751 1960 3809 seaculi
1986 3768 2073 3809 re-

471 3844 578 3900 bus
608 3844 744 3901 nihil
786 3846 891 3902 nisi
937 3860 1135 3916 corpus
1181 3845 1277 3901 fuit
1320 3844 1407 3917 (Il
1437 3843 1557 3902 Cor.
1590 3863 1682 3903 vni
1707 3889 1721 3914 ,
1755 3847 1849 3920 9).
1904 3848 2073 3918 Hujus

470 3937 618 3995 enim
662 3939 850 3996 salutis
897 3938 1057 4014 591
1099 3952 1264 3994 causa
1295 3938 1444 3996 nasci
1491 3939 1646 4010 inops
1674 3940 1842 3996 voluit
1868 3956 1938 3997 ex
1965 3940 2077 3997 vir-

467 4032 629 4104 gine:
656 4047 763 4089 non
790 4034 1098 4105 pecuniam,
1126 4045 1234 4087 non
1252 4046 1465 4103 agrum,
1491 4047 1597 4088 non
1621 4048 1786 4103 pecus
1807 4034 2071 4091 caelorum

470 4124 736 4181 Dominus
765 4125 951 4197 elegit.
986 4125 1200 4196 Pauper
1239 4139 1370 4194 ergo
1401 4126 1454 4179 in
1486 4125 1707 4182 homine
1736 4134 1940 4182 tantum
1972 4143 2072 4183 suo

470 4215 602 4284 fuit,
635 4215 733 4273 sed
763 4233 869 4271 non
897 4216 1070 4272 solum
1096 4215 1359 4286 judicium
1393 4216 1572 4288 inopis
1594 4258 1610 4283 ,
1659 4217 1757 4273 sed
1786 4228 1840 4274 et
1866 4219 2073 4274 vindic-

475 4316 583 4362 tam
611 4323 905 4379 pauperum
937 4308 1197 4364 Dominus
1230 4307 1413 4364 faciet.
1460 4307 1728 4366 Iudicium
1773 4311 1950 4382 inopis
1981 4326 2070 4368 re-

475 4399 608 4457 ferri
647 4401 713 4456 ad
740 4401 1141 4460 damnationem
1172 4417 1365 4459 eorum
1391 4444 1407 4468 ,
1450 4403 1542 4474 qui
1573 4403 1762 4474 injusti
1807 4405 1858 4461 in
1892 4406 2073 4463 Domi-

476 4508 626 4549 mum
655 4494 998 4565 exstiterunt,
1024 4504 1259 4567 oportet.
1292 4494 1559 4553 Convenit
1587 4497 1731 4553 enim
1757 4514 1852 4555 eos
1881 4514 2072 4555 secun-

477 4586 605 4643 dum
648 4586 946 4656 judicium,
998 4604 1103 4644 non
1152 4589 1449 4646 secundum
1491 4589 1781 4648 vindictam
1814 4591 2069 4661 judicari.

478 4678 758 4735 inferioris
788 4689 994 4736 naturae
1010 4689 1116 4749 est,
1167 4679 1243 4756 (a)
1269 4683 1365 4754 qui
1391 4683 1588 4740 debeat
1614 4684 1898 4747 vindicari.
1948 4684 2077 4742 Vin-

478 4768 727 4826 dicantur
745 4770 924 4827 caeteri
950 4786 1234 4843 pauperes,
1259 4773 1314 4830 id
1334 4783 1440 4844 est,
1463 4778 1555 4847 qui
1582 4775 1864 4832 Dominum
1886 4793 2074 4835 exem-

477 4864 570 4939 plo
600 4865 867 4937 passionis
896 4865 1072 4922 secuti
1098 4877 1225 4923 sunt
1250 4910 1264 4936 ,
1313 4870 1406 4942 qui
1447 4885 1515 4926 ex
1541 4880 1858 4943 contemptu
1890 4873 2076 4930 stcculi

478 4967 535 5014 et
565 4958 813 5029 pecunia:
842 4972 1109 5029 pauperes
1137 4959 1375 5016 fuerunt.
1407 4960 1495 5017 Fit
1518 4978 1649 5034 ergo
1666 4962 1928 5034 judicium
1949 4965 2070 5020 ino-

477 5054 602 5125 pis,
644 5068 767 5109 cum
812 5054 885 5109 ob
933 5053 1242 5124 passionem
1287 5055 1500 5111 Domini
1542 5054 1690 5128 impii
1732 5055 2069 5128 judicautur.

476 5145 752 5219 Pauperes
778 5162 912 5205 vero
936 5145 1279 5205 vindicantur
1304 5191 1320 5217 ,
1360 5165 1590 5222 quorum
1619 5152 1720 5208 sub
1748 5167 1840 5208 ara
1866 5152 2075 5209 occiso-

475 5254 599 5297 rum
626 5244 848 5313 sanguis
869 5243 1112 5312 clamat,
1158 5244 1451 5302 vindictam
1487 5248 1542 5304 iu
1571 5248 1766 5320 impios
1789 5247 2074 5322 posmlans

476 5334 665 5407 (Apoc.
695 5352 770 5405 vr,
799 5336 892 5410 9):
922 5338 1013 5411 qui
1035 5336 1280 5409 quotidie
1306 5340 1554 5412 ingloria
1577 5342 1821 5416 martyrii
1846 5358 2075 5400 manen-

477 5435 583 5498 tes,
616 5428 712 5487 Dei
741 5428 949 5487 nomini
976 5432 1327 5490 confitentur.

550 5606 633 5750 in;
655 5606 756 5664 Ms.
784 5606 906 5665 Mic.
926 5624 1039 5678 qua:
1066 5608 1265 5667 debeat.

562 5679 610 5750 7b
683 5678 796 5736 Hoc
822 5688 944 5746 est,
974 5691 1148 5750 potest
1168 5682 1236 5738 ad

580 5678 633 5748 ὁ)
683 5678 796 5761 ῌοο
822 5688 944 5746 est,
974 5691 1148 5750 potest
1168 5682 1236 5761 ad
1264 5698 1367 5761 eos
1388 5683 1578 5761 referri
1600 5729 1615 5755 ,
1643 5686 1734 5760 qui
1763 5688 1817 5745 in
1846 5702 2077 5761 corpore

486 5748 664 5832 adhuc
687 5749 886 5832 degunt
916 5748 1130 5832 terrent)
1153 5794 1168 5818 ,
1200 5755 1394 5826 fragili,
1449 5748 1675 5832 inﬁrmo’
1695 5802 1710 5826 ,
1740 5748 2077 5832 corrupiibili

487 5831 554 5874 ac
580 5821 814 5877 nondum
844 5836 941 5893 per
975 5822 1261 5894 gloriosam
1282 5821 1753 5892 'reSurrectionem
1793 5821 2074 5893 renovato.

2172 3266 2618 3327 sicutcrassitudo
2641 3278 2790 3323 terrce
2820 3276 3057 3340 ereptum
3078 3276 3153 3322 est
3180 3284 3339 3338 super
3359 3277 3580 3322 terram.
3626 3266 3758 3339 593

2174 3356 2441 3431 Dissipata
2456 3369 2574 3415 sunt
2588 3376 2705 3415 ossa
2720 3370 2893 3416 nostra
2912 3376 3055 3415 secus
3065 3361 3362 3433 infernum;
3373 3362 3622 3431 quoniam
3632 3360 3694 3412 ad
3704 3370 3753 3422 te,

2178 3450 2415 3518 Domine,
2448 3453 2583 3506 oculi
2611 3453 2741 3507 mei:
2778 3452 2832 3507 in
2859 3462 2908 3507 te
2938 3453 3157 3523 speravi,
3195 3467 3299 3507 non
3319 3453 3757 3523 auferasauim
3860 3472 3861 3513 ἡ

2173 3558 2359 3597 meam.
2410 3542 2625 3599 Custodi
2664 3561 2744 3600 me
2772 3562 2804 3600 a
2838 3545 3017 3618 laqueo
3043 3562 3195 3616 quem
3214 3554 3519 3601 statuerunt
3547 3546 3668 3599 mihi
3685 3585 3702 3611 ,
3720 3552 3755 3597 et

2174 3634 2435 3689 scandatis
2461 3637 2783 3705 operantium
2811 3638 3156 3708 iniquitatem.
3210 3636 3418 3692 Cadent
3458 3638 3518 3693 in
3545 3636 3759 3692 reticulo

2175 3727 2288 3801 ejus
2312 3736 2635 3797 peccatores:
2659 3729 2991 3800 singulariter
3018 3746 3131 3784 sum
3159 3746 3273 3801 ego,
3303 3729 3476 3786 donec
3508 3740 3756 3786 transeas.

2613 3842 3027 3902 TRACTATUS
3070 3842 3342 3901 PSALMI.

2247 3939 2301 3994 1.
2337 3937 2540 4007 Oratio,
2584 3941 2677 3996 etsi
2704 3941 2878 4005 tacita,
2907 3956 2999 4011 per
3021 3938 3176 4011 fidem
3202 3942 3418 3994 clamat.
3439 3939 3763 3996 -—-0mninnt

2175 4040 2488 4089 sanctorum
2516 4032 2692 4090 fidelis
2720 4033 2917 4097 oratio,
2949 4033 3158 4089 clamor
3185 4042 3271 4089 est
3297 4032 3447 4089 Deo:
3501 4033 3608 4090 fide
3635 4032 3755 4089 enim

2176 4125 2244 4181 ad
2270 4140 2392 4180 cum
2418 4167 2435 4193 ,
2466 4141 2572 4182 non
2604 4125 2756 4181 vocis
2779 4125 3017 4183 clamore
3043 4126 3308 4182 clamatur
3339 4123 3549 4198 (Psal.
3583 4139 3763 4189 enm,
3860 4123 3861 4179 ἓ

2176 4235 2229 4275 n.
2266 4219 2290 4274 1
2323 4228 2378 4274 et
2404 4217 2493 4291 2).-
2515 4218 2728 4292 Moyses
2746 4219 2978 4274 instante
3000 4215 3389 4288 Egyptiorum
3410 4233 3547 4289 rege
3567 4229 3762 4275 mestus
3860 4270 3861 4281 χ

2176 4311 2355 4369 stabat
2381 4311 2437 4367 in
2464 4311 2679 4368 littore:
2729 4311 2825 4368 sed
2853 4322 3066 4368 tacente
3091 4310 3220 4367 licet
3244 4326 3335 4379 eo,
3366 4311 3610 4368 excelsa
3634 4325 3762 4365 men-

2178 4406 2247 4462 tis
2271 4404 2486 4461 fldelem
2514 4406 2814 4461 orationem
2838 4404 3099 4461 Dominus
3123 4401 3354 4471 audivit,
3387 4401 3624 4461 (licens:
3654 4401 3762 4470 Qui

2178 4498 2466 4568 proclamas
2489 4497 2559 4552 ad
2588 4514 2667 4553 me
2688 4494 2888 4571 (Exod.
2921 4512 3037 4564 stv,
3070 4496 3200 4569 ιδῃ
3243 4494 3553 4569 Martyrum
3577 4508 3765 4567 quoqle

2101 4591 2401 4663 Dsanguis
2450 4606 2586 4648 voce
2629 4568 2874 4662 corporis
2911 4601 3099 4657 caret;
3144 4568 3246 4647 sed
3296 4568 3601 4661 indignitas
3642 4590 3765 4646 necis

2178 4698 2367 4741 eorum
2401 4684 2510 4740 Deo
2535 4684 2749 4739 clamor
2776 4691 2881 4750 est,
2916 4687 3035 4755 ipso
3066 4684 3301 4740 Domino
3315 4683 3391 4739 de
3410 4683 3557 4741 Abel
3572 4681 3765 4740 adCs'm
3860 4692 3861 4755 ξ

2178 4778 2431 4834 dicente:
2508 4777 2624 4834 Vox
2667 4779 2938 4849 sanguinis
2990 4779 3168 4849 fratris
3220 4779 3296 4832 tui
3346 4778 3549 4833 clmnat
3592 4777 3665 4831 ad
3706 4790 3768 4830 lt

2178 4869 2350 4943 (Gen.
2382 4886 2435 4927 tv
2460 4912 2475 4937 ,
2508 4868 2634 4945 10).
2687 4867 2779 4926 Sic
2807 4880 2861 4926 et
2886 4869 2987 4926 sub
3011 4883 3103 4925 ara
3136 4869 3230 4925 Dei
3257 4869 3566 4941 Martyrum
3594 4868 3766 4924 anim:

2180 4965 2515 5036 proclamare
2541 4965 2850 5021 scribuntur
2874 5005 2889 5032 ,
2916 4978 3107 5035 magna
3135 4976 3266 5019 voce
3289 4960 3550 5019 dicentes
3572 4980 3591 5018 :
3640 4961 3766 5031 Quo-

2179 5073 2350 5131 usque
2377 5058 2638 5115 Dominus
2667 5068 2888 5116 sanetus
2912 5066 2968 5115 et
2992 5071 3153 5115 verus
3179 5071 3287 5112 non
3310 5055 3531 5128 judicas
3566 5066 3632 5115 et
3673 5056 3767 5111 vis-
3860 5070 3861 5103 ξ

2176 5155 2326 5213 dicas
2370 5156 2693 5228 sanguinem
2739 5166 2984 5212 nostrum
3027 5154 3100 5213 de
3143 5154 3525 5212 habitantibus
3557 5153 3766 5210 intem

2176 5250 2362 5323 (Apoc.
2392 5267 2470 5321 Vl,
2502 5250 2635 5324 10)?
2682 5251 2741 5308 Si
2769 5250 2934 5323 igitur
2960 5265 3067 5308 non
3096 5250 3323 5306 humilia
3351 5291 3370 5318 ,
3398 5265 3505 5307 nec
3533 5256 3764 5311 terreni.

2177 5361 2280 5403 nec
2319 5346 2626 5419 corporalia
2676 5345 2802 5403 fidei
2855 5346 3051 5418 spiritu
3101 5360 3360 5412 oremus;
3412 5352 3612 5400 tacens
3657 5343 3764 5398 licet

2177 5440 2354 5498 oratio
2380 5449 2589 5508 nostra,
2619 5440 2731 5498 Deo
2754 5440 2966 5497 clamor
2991 5448 3096 5497 est.
3146 5438 3329 5511 Atque
3355 5436 3485 5496 ideo
3513 5435 3763 5508 Propheta

2185 5621 2323 5678 Hinc
2351 5620 2668 5694 intelligitur
2692 5620 2818 5694 quid
2848 5620 3045 5678 deinde
3072 5621 3177 5677 sibi
3212 5619 3350 5678 velit
3374 5621 3521 5694 quod
3547 5621 3761 5677 habits:-

2184 5706 2257 5750 tes
2277 5711 2393 5766 cum
2415 5696 2547 5766 facie
2566 5693 2660 5748 Dei
2686 5693 2900 5766 nihil_in
2924 5710 2979 5749 se
3000 5695 3280 5766 corporale
3302 5693 3526 5750 retinere
3548 5696 3761 5766 debeam.

2259 5765 2330 5840 (ε)
2378 5761 2439 5840 In
2483 5765 2776 5840 \plg._ipsi
2804 5761 2937 5822 Deo.
2992 5764 3343 5824 Praeferimus
3371 5762 3756 5824 cumulis

2182 5835 2318 5909 5P“;
2345 5835 2464 5895 scil.
2498 5835 2773 5895 Dominus.
3003 5870 3013 5880 .
3032 5873 3042 5883 .
3058 5869 3101 5887 ρ
