3896 6336
63 379 160 438 825

1139 373 1555 432 TRACTATUS
1592 373 1659 431 IN
1697 371 1834 431 CXL
1873 363 2223 434 PSALMUM.

3232 371 3338 427 826

61 507 192 558 totus
223 495 298 570 (a)
329 495 394 552 ad
423 495 590 552 Deum
620 495 816 566 spirim
845 495 1106 552 orationis
1132 494 1390 558 intentus,
1425 495 1496 550 ita
1527 509 1638 550 coe-
1663 499 1715 556 Α
1742 493 1847 550 Sed
1873 496 1964 567 qui
1986 496 2308 568 deprecatus
2337 505 2420 553 est
2447 491 2750 554 orationem
2787 508 2940 551 suam
2967 492 3126 565 dirigi
3166 502 3224 550 ut
3253 495 3340 552 in-

60 595 132 667 pit
161 634 175 660 ,
199 589 358 646 Vens.
392 591 419 646 1
446 608 459 644 :
494 589 711 645 Domine
735 589 953 644 clamavi
969 589 1038 642 ad
1050 597 1118 654 te,
1145 587 1334 643 exaudi
1354 603 1450 642 me.
1487 585 1555 642 Et
1573 594 1631 642 ut

61 689 333 744 clamorem
365 683 524 738 istum
558 698 663 738 non
692 682 842 738 vocis
867 724 882 749 ,
933 682 1030 738 sed
1063 682 1188 736 ﬁdei
1219 681 1441 736 doceret
1466 695 1587 736 esse
1614 697 1630 747 ;

57 778 266 849 adjecit:
288 775 508 831 Intende
526 776 635 830 uoci
655 776 901 831 orationis
922 791 1064 841 mete,
1085 776 1206 830 dum
1227 775 1456 830 clamabo
1476 775 1544 828 ad
1564 783 1628 828 te.

56 871 260 929 Clamor
284 869 444 924 etiam
471 868 649 924 invitis
677 869 832 924 nobis
857 876 1107 938 penetrat
1146 869 1197 922 in
1236 867 1520 934 auditum,
1569 881 1632 922 ac

54 977 109 1019 se
131 967 315 1029 sponte
344 959 397 1015 in
425 975 585 1016 aures
614 969 832 1017 nostras
861 961 913 1015 vi
939 967 1210 1016 contentae
1239 960 1386 1015 vocis
1427 959 1630 1015 immit-

56 1055 135 1110 tit.
163 1052 264 1109 Sed
291 1053 413 1124 quia
445 1052 710 1124 Propheta
740 1070 845 1109 non
883 1053 974 1108 tali
1003 1053 1240 1108 clamore
1263 1053 1484 1121 clamat,
1513 1063 1634 1109 orat

51 1159 106 1204 ut
143 1149 402 1204 clamante
446 1164 505 1203 se
553 1147 696 1203 Deus
733 1147 786 1202 in
833 1161 1020 1203 vocem
1059 1147 1323 1202 orationis
1353 1147 1630 1204 intendat:

51 1259 142 1316 per
169 1242 219 1298 id
249 1256 479 1312 namque
505 1241 644 1311 quod
677 1240 1003 1308 intenditur,
1049 1239 1170 1295 ﬁdei
1210 1239 1473 1311 inspectio
1512 1247 1631 1306 est,

49 1353 150 1393 non
173 1335 424 1392 clamoris
450 1335 677 1390 auditio.
707 1334 765 1390 Id
791 1335 936 1390 enim
967 1335 1109 1406 quod
1139 1335 1366 1390 interius
1387 1343 1509 1400 est,
1543 1333 1626 1388 in-

51 1430 276 1487 tenditur
321 1447 336 1482 :
393 1437 649 1484 caeterum
705 1429 997 1484 clamorem
1029 1428 1365 1498 corporalem
1426 1426 1632 1482 intendi

47 1539 151 1580 non
180 1536 399 1578 necesse
439 1533 560 1589 est,
611 1536 706 1592 per
752 1522 1107 1592 semetipsum
1159 1534 1374 1576 omnem
1407 1534 1629 1577 sensum

47 1619 254 1674 aurium
277 1626 655 1687 occupantem.

111 1710 168 1767 2.
202 1707 378 1764 Oratio
403 1725 553 1781 pura.
604 1707 815 1763 Incensi
846 1717 1030 1763 natura
1063 1717 1112 1762 et
1140 1706 1460 1777 compositio.
1505 1704 1632 1777 Sig-

42 1803 214 1873 nificat
235 1802 518 1856 orationum
541 1811 758 1872 quatuor
786 1816 973 1872 genera
994 1841 1010 1869 ,
1055 1800 1133 1854 vel
1178 1816 1240 1854 ea:
1275 1809 1495 1871 quatuor
1531 1798 1632 1852 ele-

1733 601 1981 655 censum,
2012 589 2176 646 etiam
2205 589 2342 645 illud
2371 597 2493 660 post
2519 589 2635 645 haec
2661 588 2738 645 ait
2763 605 2777 642 :
2814 587 3068 643 Allecatio
3094 604 3337 644 manuum

1735 699 1964 738 mearum
2007 686 2319 754 sacriﬁcium
2361 686 2722 760 uespertinum.
2778 683 3032 740 Plurimis
3070 683 3201 739 locis
3230 682 3338 758 (In

1736 773 1833 830 Ps.
1872 791 1974 830 an
1996 817 2010 842 ,
2046 793 2101 831 ιι.
2134 774 2203 846 7)
2259 777 2628 841 tractavimus,
2652 777 2706 832 in
2734 775 3054 832 allevatione
3079 790 3334 831 manuum

1732 869 1929 926 excelsi
1957 871 2138 940 operis
2189 871 2424 927 ofﬁcium
2457 870 2797 927 monstrari:
2840 879 2898 925 ut
2943 883 3065 925 cum
3118 869 3334 942 Moyses

1732 962 1959 1018 elevatis
1991 961 2240 1018 manilius
2261 975 2406 1020 stare
2435 974 2739 1036 praeceptus
2764 973 2868 1031 est,
2897 963 3097 1035 populo
3121 964 3173 1019 in
3204 964 3337 1020 alle-

1733 1054 1948 1110 vatione
1977 1063 2034 1110 et
2075 1055 2406 1113 demissione
2449 1073 2704 1113 manuum
2752 1073 2976 1113 suarum
3017 1059 3100 1114 vel
3129 1059 3335 1116 victore

1732 1148 1820 1206 vel
1850 1147 2014 1204 victo.
2062 1149 2352 1219 Apostolus
2391 1168 2605 1223 quoque
2653 1162 2872 1208 orantes
2916 1152 3070 1222 jubet
3119 1153 3334 1209 elevare

1733 1257 1926 1298 manus
1955 1257 2118 1312 puras
2143 1241 2197 1313 (I
2255 1241 2386 1297 Tim.
2416 1259 2476 1310 ιι,
2505 1245 2581 1316 8).
2617 1245 2827 1300 Etcum
2860 1245 2938 1299 ait
2966 1263 2979 1299 :
3014 1243 3140 1300 Sine
3177 1246 3258 1300 ira
3287 1253 3335 1301 et

1735 1335 2055 1390 contentione
2080 1333 2363 1406 (Ibidem);
2396 1352 2503 1391 non
2532 1336 2774 1392 habitum
2805 1336 2996 1392 orandi
3025 1336 3330 1405 constituit,

1731 1426 1828 1481 sed
1854 1425 2225 1498 praescriptum
2256 1425 2452 1481 divinae
2477 1421 2811 1498 Operationis
2837 1426 3057 1499 adjecit.
3092 1428 3334 1499 Denique

1735 1519 1993 1576 Dominus
2015 1536 2113 1592 per
2135 1519 2350 1575 Esaiam
2380 1519 2532 1590 (Esa.
2557 1537 2605 1585 ι,
2643 1521 2750 1594 15)
2783 1521 3100 1593 prophetam
3132 1523 3336 1579 oratio-

1733 1627 1829 1668 nes
1857 1611 2148 1683 impiorum
2177 1612 2522 1682 improbans,
2555 1612 2632 1668 ita
2663 1613 2874 1670 locutus
2905 1623 3031 1681 est;
3073 1613 3137 1672 Si
3161 1626 3336 1670 cxten-

1733 1707 1867 1763 datis
1893 1724 2097 1772 manus,
2127 1718 2352 1763 avertam
2393 1707 2569 1763 oculos
2607 1724 2744 1764 meos
2770 1726 2801 1763 a
2825 1710 2987 1778 vobis,
3012 1725 3119 1765 non
3152 1710 3336 1782 utique

1731 1800 1779 1856 si
1810 1800 2067 1869 clevetis,
2101 1800 2196 1856 sed
2236 1800 2618 1857 siextendatis
2660 1817 2850 1858 manus
2882 1819 2897 1870 ;
2950 1805 3072 1874 quia
3115 1803 3336 1863 habitus

46 1897 224 1951 utentis
249 1896 464 1950 hostiam
491 1894 660 1949 laudis
685 1892 794 1948 Deo
821 1892 1019 1960 offerri.
1039 1922 1112 1932 —
1136 1891 1342 1948 Dehinc
1362 1891 1626 1962 sequitur,
1660 1900 1705 1961 Β
1733 1895 1920 1952 orandi
1951 1895 2002 1949 in
2034 1893 2282 1950 manibus
2321 1895 2680 1952 extendendis
2718 1905 2803 1953 est
2828 1938 2844 1966 ,
2878 1895 3102 1967 perfecti
3152 1906 3336 1954 autem

44 1989 204 2045 Vens.
238 1987 300 2042 2:
329 1985 571 2054 Domine,
603 1988 858 2058 dirigatur
883 1987 1045 2042 oratio
1074 2003 1186 2041 mea
1211 1987 1340 2042 sicut
1369 1987 1633 2040 incensum

40 2083 91 2136 in
127 2092 398 2150 conspectu
439 2093 545 2137 tuo.
591 2081 831 2150 Quorum
866 2096 997 2153 pura
1029 2089 1084 2135 et
1133 2088 1282 2136 recta
1322 2091 1375 2136 et
1419 2081 1632 2136 sincera

39 2176 206 2231 oratio
227 2184 339 2244 est,
381 2173 434 2229 hi
463 2176 649 2232 dicere
679 2160 949 2246 poterunt,
981 2173 1248 2246 Dirigatur
1277 2176 1440 2229 oratio
1480 2189 1630 2229 mea:

39 2277 289 2324 caeterum
317 2269 363 2324 si
393 2278 742 2324 externarum
772 2267 1161 2338 cogitationum
1199 2267 1502 2323 interventu
1534 2267 1631 2324 de-

40 2363 345 2432 pravabitur
370 2403 386 2428 ,
420 2378 527 2418 non
557 2361 838 2432 dirigetur.
885 2361 991 2416 Sed
1037 2361 1179 2432 quod
1211 2362 1324 2429 ait,
1365 2361 1633 2434 Dirigatur

42 2466 91 2509 ut
119 2457 411 2521 incensum;
454 2454 859 2526 intelligendum
904 2465 985 2509 cst
1036 2455 1163 2525 quid
1195 2455 1299 2510 sibi
1330 2456 1453 2510 velit
1483 2471 1632 2511 com-

37 2549 240 2618 paratio
265 2547 540 2619 proposita
574 2546 799 2602 incensi.
835 2545 902 2602 Et
935 2547 1166 2616 primum
1201 2554 1388 2602 natura
1418 2547 1629 2603 incensi

38 2656 98 2697 ea
124 2651 225 2706 est.
261 2653 320 2698 ut
349 2644 401 2696 in
427 2643 595 2697 altum
625 2657 684 2697 se
709 2642 776 2696 de
809 2640 1102 2696 humilibus
1129 2641 1386 2709 extollat,
1419 2643 1632 2712 spirans

39 2738 240 2808 optime
265 2779 282 2804 ,
313 2746 370 2793 et
400 2752 522 2793 sese
552 2736 709 2792 nobis
751 2736 802 2791 in
835 2752 1053 2792 sensum
1107 2736 1488 2791 suaveolentitc
1532 2735 1628 2790 im-

36 2832 274 2885 mittens.
323 2829 459 2886 Hinc
489 2845 552 2885 ex
581 2841 814 2900 quatuor
839 2829 1237 2884 odoratissimis
1266 2829 1551 2900 generibus
1577 2829 1629 2883 itt

34 2923 325 2979 maximam
396 2922 747 2980 subtilitatem
820 2923 1169 2978 comminutis
1245 2923 1629 2994 componitur,

35 3027 203 3074 stacte
226 3061 242 3084 ,
277 3019 525 3091 onyche,
553 3019 810 3090 galbano,
841 3017 995 3072 thure
1035 3036 1048 3072 :
1081 3033 1200 3089 qua:
1225 3017 1402 3071 omnia
1434 3016 1551 3073 hazc
1578 3016 1629 3071 in

31 3113 260 3168 formam
304 3111 611 3167 orationum
654 3112 814 3186 593
853 3110 1089 3166 ﬁdelium
1127 3111 1416 3189 constituta
1460 3125 1585 3167 esse
1609 3153 1626 3178 ,

31 3205 176 3261 beati
219 3205 444 3262 Joannis
492 3206 845 3277 Apocalypsis
872 3203 1129 3270 ostendit,
1160 3219 1280 3259 cum
1305 3204 1416 3260 ait:
1457 3203 1522 3259 Et
1551 3205 1630 3259 illi

1738 1990 1920 2061 operis
1941 1988 2236 2045 efﬁcientia
2265 2000 2346 2045 est
2368 1989 2422 2045 in
2449 1989 2748 2046 elevandis.

1807 2086 1860 2140 4.
1925 2083 2279 2157 Vespertinum
2306 2085 2618 2158 sacriﬁcium
2656 2085 2799 2156 quid.
2822 2113 2897 2126 --
2918 2083 3173 2141 Mannum
3204 2098 3337 2157 ergo

1734 2177 1987 2244 elevatio,
2020 2178 2342 2233 sacriﬁcium
2370 2179 2740 2251 vespertinum
2767 2187 2871 2234 est.
2904 2179 3025 2236 Non
3046 2178 3190 2234 enim
3213 2194 3342 2234 san-

1735 2272 1895 2342 guine
1926 2281 1981 2327 et
2021 2270 2354 2327 holocaustis
2395 2286 2525 2336 nos,
2552 2273 2608 2329 in
2637 2287 2774 2347 quos
2802 2272 3205 2328 consummatio
3233 2286 3340 2328 sa:-

1735 2365 1978 2420 culorum
2002 2364 2251 2428 devenit.
2280 2365 2653 2422 sacriﬁcamus
2685 2366 2816 2423 Deo.
2851 2366 2961 2423 Sed
2986 2367 3131 2440 quod
3166 2367 3340 2424 sacri-

1737 2458 1916 2513 ﬁcium
1947 2459 2311 2529 vespertinum
2340 2459 2594 2530 placitum
2621 2459 2713 2526 sit,
2740 2459 3022 2516 audiamus
3050 2461 3338 2518 Dominum

1735 2550 1788 2606 in
1821 2551 2124 2624 Evangeliis
2156 2551 2425 2607 dicentem
2451 2570 2464 2604 :
2510 2551 2703 2616 Venite,
2728 2552 2981 2607 benedicti
3007 2551 3183 2609 Patris
3213 2554 3334 2621 mei,

1734 2647 1988 2715 possidete
2032 2655 2379 2718 pra’paratum
2432 2647 2572 2700 vobis
2622 2662 2831 2715 regnum
2880 2662 2912 2699 a
2969 2647 3340 2702 constitutione

1733 2741 1929 2794 mundi.
1969 2738 2172 2794 Esnrivi
2201 2741 2354 2804 enini,
2380 2750 2425 2794 et
2448 2740 2663 2794 dedistis
2693 2741 2818 2794 mihi
2841 2740 3186 2809 manducare;
3218 2742 3337 2797 siti-

1733 2832 1813 2899 υἱ,
1838 2842 1884 2886 et
1921 2832 2133 2887 dedistis
2166 2833 2293 2887 mihi
2322 2833 2523 2899 bibere;
2560 2833 2741 2905 hospes
2768 2850 2904 2888 eram
2923 2876 2937 2899 ,
2969 2845 3015 2888 et
3042 2838 3338 2908 suscepistis

1734 2937 1850 2987 me;
1877 2923 2113 2994 infirmus
2134 2934 2182 2979 et
2208 2925 2450 2978 uisitastis
2479 2939 2594 2988 me;
2617 2925 2670 2978 in
2699 2941 2901 2980 carcere
2925 2927 3024 2998 fui.
3051 2936 3099 2981 et
3122 2926 3339 2982 liberas-

1734 3015 1798 3070 tis
1824 3031 1902 3069 me
1933 3013 2148 3088 (Matth.
2182 3031 2321 3083 xxv,
2353 3015 2422 3071 54
2449 3027 2493 3071 et
2531 3016 2718 3089 καφ).
2769 3018 2834 3072 Ει
2881 3020 3338 3089 respondentibus

1735 3106 1839 3162 illis
1867 3107 2009 3178 quod
2042 3122 2335 3178 numquam
2367 3107 2448 3162 his
2475 3107 2673 3163 ofﬁciis
2716 3111 2966 3164 humanze
2997 3111 3336 3167 necessitatis

1733 3203 1990 3274 eguisset,
2033 3202 2106 3257 ait
2133 3221 2145 3256 :
2184 3201 2343 3258 Amen
2368 3201 2532 3278 594
2557 3203 2672 3257 dico
2693 3205 2853 3270 vobis,
2877 3205 3120 3275 quamdiu
3143 3207 3337 3278 fecistis

28 3298 243 3369 quidem
272 3299 447 3370 viginti
475 3308 697 3368 quatuor
740 3298 964 3353 seniores
1004 3298 1331 3368 prociderunt
1371 3307 1491 3351 ante
1520 3301 1628 3368 ,49-
1655 3299 1701 3362 C
1733 3297 1822 3352 uni
1845 3313 1908 3351 ea:
1932 3297 2011 3351 his
2033 3296 2279 3368 fratribus
2305 3298 2547 3364 minimis,
2572 3298 2696 3351 mihi
2726 3299 2923 3368 fecistis
2945 3297 3190 3371 (Ibidem,
3211 3298 3329 3368 40).

29 3405 178 3457 num,
210 3390 446 3444 habentes
474 3391 685 3461 quisque
714 3390 967 3443 citharam
1001 3399 1048 3443 et
1078 3389 1282 3460 phialas
1308 3405 1494 3444 aureas
1525 3389 1638 3458 ple-

28 3499 123 3538 nas
143 3484 414 3551 odoribus,
451 3483 539 3554 qui
581 3483 678 3553 (al.
717 3483 861 3554 (piae)
887 3492 1004 3536 sunt
1033 3482 1290 3537 orationes
1316 3491 1631 3537 sanctorum.

29 3577 272 3646 Quatuor
327 3589 509 3634 autem
561 3593 760 3649 genera
813 3577 1122 3632 orationum
1171 3576 1464 3647 Apostolus
1512 3590 1634 3632 esse

24 3670 338 3742 signiﬁcat,
391 3669 458 3724 ad
503 3670 848 3726 Timotheum
888 3671 1168 3726 scribens:
1222 3668 1296 3742 (b)
1343 3668 1634 3724 Exhortare

23 3782 146 3836 ergo
169 3765 342 3836 primo
365 3765 591 3818 omniunt
613 3764 725 3834 fieri
750 3764 1091 3836 precationes,
1133 3765 1413 3828 orationes,
1455 3772 1636 3834 postu-

22 3859 270 3924 lationes,
299 3859 584 3930 gratiarum
607 3859 834 3912 actiones
860 3855 902 3928 (l
925 3855 1084 3923 Tim.,
1112 3872 1174 3922 ιι,
1202 3856 1281 3927 ι).
1308 3855 1634 3912 Humilitatis

23 3965 231 4010 nostra:
258 3963 344 4008 est
387 3950 668 4021 deprecari
693 3992 708 4016 ,
752 3949 1167 4021 magniﬁcentiae
1201 3950 1291 4004 Dei
1335 3958 1418 4003 est
1447 3948 1587 4003 orari
1613 3988 1630 4015 ,

22 4045 150 4101 ﬁdei
184 4056 271 4101 est
304 4045 615 4115 postulare,
658 4040 1016 4096 confessionis
1040 4051 1095 4097 et
1134 4039 1308 4095 laudis
1337 4050 1422 4095 est
1449 4046 1634 4110 gratu-

21 4139 144 4194 lari.
209 4139 281 4194 Et
329 4137 470 4193 forte
497 4147 728 4208 quatuor
765 4136 853 4191 illa
883 4150 1082 4206 genera
1109 4134 1340 4190 odorum
1372 4133 1438 4188 ad
1469 4149 1634 4189 unum

21 4232 330 4307 thymiama
363 4249 425 4287 ex
458 4232 697 4303 partibus
737 4229 1104 4286 subtilis.~imis
1132 4240 1439 4299 comparata
1467 4269 1482 4295 ,
1525 4228 1636 4284 sin-

16 4326 160 4397 gulis
192 4342 415 4398 quoque
443 4325 731 4396 generibus
763 4332 1016 4396 poterunt
1045 4322 1482 4379 consummandte
1513 4337 1636 4378 ora-

17 4420 188 4476 tionis
215 4419 418 4490 aptaii.
465 4417 800 4489 Quamquam
851 4418 1086 4486 speciem
1139 4424 1368 4488 quatuor
1397 4416 1635 4472 elemen-

14 4522 248 4582 torum,
301 4513 496 4568 horum
538 4522 769 4583 quatuor
819 4511 1048 4567 odorum
1101 4520 1290 4565 natura
1341 4518 1397 4566 et
1424 4509 1636 4581 species

10 4608 341 4681 signiﬁcare
393 4605 674 4662 videatur:
725 4613 784 4660 ut
829 4605 951 4660 thus
993 4603 1134 4675 quod
1183 4603 1515 4676 perlucidum
1551 4611 1635 4660 est

1738 3388 1850 3444 Hoc
1877 3387 2200 3444 sacriﬁcium
2228 3389 2622 3459 vespertinum,
2649 3389 2699 3444 id
2744 3397 2857 3454 est,
2906 3400 3205 3459 temporum
3236 3406 3338 3446 no-

1743 3483 2088 3538 vissimorum
2121 3491 2224 3538 est.
2257 3483 2312 3538 In
2342 3483 2443 3538 hoc
2477 3498 2668 3538 manus
2707 3484 2982 3538 elevandae
3003 3491 3127 3538 sunt
3160 3499 3172 3537 :
3205 3483 3335 3554 quia

1737 3575 1892 3632 istius
1913 3575 2057 3631 modi
2079 3576 2432 3640 orationibus,
2454 3577 2562 3648 jam
2591 3577 2658 3632 ab
2683 3575 2834 3630 initio
2853 3576 3056 3640 mundi,
3082 3574 3336 3632 benedic-

1738 3669 1806 3725 tis
1835 3667 1931 3724 Dei
1961 3669 2111 3741 regni
2143 3670 2381 3726 caelestis
2409 3678 2708 3741 praeparata
2750 3669 3020 3740 possessio
3047 3680 3149 3725 est.

1809 3762 1860 3816 5.
1913 3760 2129 3835 Lingua:
2153 3763 2326 3836 lapsus
2356 3774 2402 3818 et
2431 3764 2673 3818 remedia.
2696 3794 2768 3806 —
2791 3763 2896 3820 Sed
2931 3764 3174 3821 meminit
3203 3779 3334 3835 pro-

1736 3855 1920 3928 pheta,
1946 3868 2143 3928 prazter
2168 3861 2458 3916 clamorem
2489 3859 2631 3926 ﬁdei,
2664 3868 2860 3930 praeter
2885 3862 3184 3915 orationem
3215 3874 3338 3930 qua:

1736 3951 2011 4022 dirigenda
2064 3964 2149 4010 est
2178 3966 2232 4009 ut
2264 3956 2578 4019 incensum,
2629 3963 2684 4008 et
2731 3965 2929 4022 praeter
2975 3953 3337 4008 elevationem

1738 4061 1990 4100 manuum
2021 4046 2072 4100 in
2102 4061 2207 4116 qua
2235 4045 2562 4100 sacriﬁcium
2585 4045 2950 4116 vespertinum
2973 4053 3076 4109 est,
3111 4051 3166 4096 et
3187 4041 3337 4097 aliud

1735 4136 1836 4191 sibi
1868 4137 2045 4192 adhuc
2071 4152 2206 4206 opus
2252 4136 2693 4193 consummanda:
2726 4136 2778 4189 in
2827 4149 2888 4189 se
2929 4132 3338 4204 justiﬁcationis

1737 4230 2056 4300 optandum.
2111 4229 2246 4286 Dieti
2293 4230 2503 4286 sciiicet
2551 4229 2710 4299 hujus
2765 4225 3058 4296 evangelici
3104 4239 3336 4295 memor,

1737 4325 1817 4380 Ex
1847 4324 2028 4380 verbis
2071 4325 2176 4380 tuis
2201 4323 2617 4394 joStiﬁcaberis,
2648 4333 2740 4377 aut
2766 4338 2832 4377 ex
2859 4323 3037 4378 verbis
3065 4322 3172 4378 tuis
3200 4336 3338 4379 con-

1737 4417 2082 4474 demnaberis
2127 4415 2476 4489 (Matth.xn,
2524 4415 2648 4486 57);
2707 4416 2956 4472 recolens
3003 4431 3218 4488 quoque
3269 4415 3340 4474 de

1736 4511 1885 4567 onmi
1913 4526 1972 4567 se
1998 4511 2166 4567 verbo
2188 4509 2363 4568 Otiose
2391 4511 2653 4567 rationem
2679 4512 2730 4565 in
2764 4510 2852 4566 die
2873 4509 3060 4579 judicii
3089 4510 3335 4566 redditu-

1743 4620 1861 4660 rum
1894 4603 2061 4674 (Ibid.
2113 4604 2247 4678 56),
2282 4607 2594 4662 necessario
2632 4605 2952 4674 deprecatus
2979 4615 3082 4674 est,
3125 4604 3333 4675 dicens,

11 4703 241 4774 spiritui
269 4711 614 4772 comparetur
633 4743 647 4766 ,
689 4710 860 4756 stacte
888 4715 1018 4755 vero
1043 4700 1198 4770 aquis
1218 4741 1232 4764 ,
1262 4699 1548 4770 galbanum
1581 4707 1636 4755 et
1660 4698 1712 4760 D
1738 4695 1905 4752 Vens.
1939 4697 1972 4752 5
1996 4713 2008 4750 :
2034 4694 2200 4763 Pone,
2232 4695 2472 4763 Domine,
2503 4697 2785 4752 custodiam
2808 4697 2885 4750 ori
2917 4711 3046 4764 meo,
3077 4706 3123 4751 et
3152 4697 3340 4754 ostium

10 4811 165 4868 onyx
201 4805 368 4850 terra:
395 4804 450 4850 et
480 4795 618 4866 igni:
654 4802 712 4848 ut
743 4808 838 4862 per
862 4792 978 4848 haec
1004 4792 1246 4847 omnium
1279 4808 1397 4862 quae
1425 4791 1478 4846 in
1503 4793 1642 4848 ctelo

9 4900 68 4946 et
97 4889 250 4946 infra
283 4889 478 4945 caelum
509 4897 564 4943 et
590 4887 644 4943 in
679 4896 819 4942 terra
857 4896 912 4943 et
957 4887 1009 4940 in
1052 4889 1209 4956 aquis
1250 4889 1357 4941 sint
1381 4927 1397 4954 ,
1443 4887 1639 4958 placita

11 4983 135 5039 Deo
168 4984 384 5039 incensi
431 4981 596 5038 modo
627 4981 745 5038 haec
773 4980 1029 5037 oﬁ’eratur
1067 4980 1244 5036 laudis
1289 4983 1484 5036 oratio.
1533 4981 1639 5036 Sed

9 5077 137 5132 haec
172 5076 265 5130 his
292 5117 307 5141 ,
364 5089 500 5145 quos
527 5074 899 5146 profundioris
922 5073 1165 5129 scientize
1194 5071 1430 5142 cognitio
1457 5072 1641 5128 delec-

10 5180 115 5238 tat,
172 5169 553 5239 relinquamus
593 5187 606 5223 :
661 5168 816 5222 nobis
863 5166 1063 5222 sufﬁcit
1118 5165 1434 5237 prophetica
1478 5172 1640 5234 atque

7 5261 338 5336 apostolica
384 5261 716 5326 auctoritas,
768 5274 889 5329 quae
935 5268 992 5315 et
1038 5259 1314 5315 incensum
1362 5259 1640 5313 orationes

8 5372 144 5412 esse
190 5353 503 5424 signiﬁcat,
541 5361 597 5410 et
637 5351 912 5408 orationes
937 5350 1256 5421 deprecatur
1283 5348 1442 5421 dirigi
1472 5358 1532 5406 ut
1560 5351 1641 5405 in-

7 5463 285 5504 CCIISUIII.

84 5541 146 5596 3.
205 5537 466 5594 Mannum
497 5535 710 5595 elevatio
743 5545 790 5592 et
833 5535 1058 5592 extensio
1108 5536 1232 5608 quid
1273 5535 1537 5605 differant.
1568 5566 1639 5578 —

90 5712 179 5785 (a)
207 5711 304 5785 fita
337 5725 452 5785 ms._
473 5709 539 5764 At
567 5707 703 5785 Bad.
733 5708 803 5785 ad
829 5705 995 5785 Dcum
1021 5709 1258 5785 spiritum
1298 5724 1317 5763 :
1356 5721 1420 5785 ac
1450 5706 1648 5785 deinde

7 5779 282 5842 cnr'n'Er.
317 5790 371 5836 et
397 5780 542 5850 Lips.
571 5781 812 5836 orationi.
855 5779 991 5834 Tum
1023 5779 1164 5850 apud
1199 5781 1320 5836 Par.
1362 5779 1639 5836 desidera-

8 5869 108 5913 tur
142 5857 404 5908 intentus.

93 5927 181 6000 (b)
219 5923 372 5983 Editi
399 5933 626 5994 excepto
655 5923 779 5982 Par.
827 5939 982 5982 exoro
1025 5939 1166 5995 ergo.
1199 5923 1356 5996 Apud
1396 5922 1521 5980 Par.
1569 5937 1636 5980 ex

1744 4792 2138 4846 circumstantia:
2167 4791 2314 4845 labiis
2353 4791 2495 4846 meis.
2547 4791 2662 4846 Non
2704 4791 2876 4846 levem
2908 4790 3209 4847 custodiam
3257 4795 3341 4850 ori

1744 4890 1863 4938 orat
1885 4882 2103 4952 apponi,
2129 4887 2328 4938 ostium
2353 4882 2561 4938 scilicet
2583 4885 3004 4940 circumstantia:
3029 4901 3041 4938 :
3076 4893 3133 4940 ut
3160 4892 3342 4940 custo-

1745 4976 1831 5032 dia
1864 4975 1955 5030 illa
1987 4991 2092 5029 non
2120 4975 2428 5031 observatio
2453 4976 2523 5030 sit
2541 4976 2741 5048 aliqua,
2770 4977 2864 5033 sed
2893 4979 3209 5033 claustrum.
3242 4977 3342 5033 Pe-

1745 5069 2010 5124 riculosus
2049 5068 2192 5123 enim
2227 5070 2420 5139 lingua:
2456 5079 2511 5124 et
2533 5071 2969 5140 promptissimus
2994 5071 3178 5140 lapsus
3207 5078 3290 5126 est
3323 5088 3337 5126 :

1747 5169 1803 5217 et
1842 5175 1914 5216 ex
1949 5175 2010 5216 ea
2042 5159 2424 5228 maledictum,
2459 5162 2798 5218 mendacium
2819 5205 2833 5230 ,
2879 5163 3176 5234 perjurium
3200 5203 3216 5229 ,
3245 5162 3344 5218 ob-

1752 5257 2001 5309 trectatio
2032 5261 2181 5308 motu
2215 5251 2357 5308 facili
2383 5261 2437 5309 et
2459 5254 2605 5310 aditu
2631 5257 2831 5326 patenti
2858 5256 3178 5313 eﬁ'eruntur.
3209 5256 3345 5314 Ore-

1748 5361 1868 5402 mus
1907 5360 2035 5418 ergo
2079 5345 2236 5401 nobis
2281 5347 2709 5405 circumstantias
2749 5349 2968 5404 ostium.
3014 5347 3072 5404 In
3103 5365 3170 5406 eo
3199 5350 3342 5407 enim

1747 5443 1902 5510 libro,
1935 5440 2028 5514 qui
2067 5441 2349 5498 nobiscum
2380 5441 2456 5515 (c)
2503 5443 2810 5499 Salomonis
2839 5444 3171 5510 inscribitur,
3198 5445 3341 5515 apud

1746 5535 1971 5594 Graecos
2009 5543 2188 5591 autem
2220 5545 2382 5607 atque
2411 5535 2670 5593 Hebraeos
2706 5535 2981 5606 Sapientia
3011 5536 3204 5594 Sirach
3245 5537 3343 5594 ha-

1756 5724 1860 5765 ms.
1894 5708 2015 5764 Μία.
2050 5708 2347 5780 repositum
2397 5717 2480 5766 est
2508 5707 2781 5780 exhortare
2806 5723 2946 5778 ergo.
2990 5704 3159 5780 Magis
3189 5703 3345 5762 nobis

1750 5781 2094 5856 probaretur,
2116 5777 2388 5856 exhortor,
2406 5779 2720 5856 secundum
2745 5777 2904 5856 grate.
2934 5777 3235 5856 παρακαλῶ.

1822 5851 1896 5923 (c)
1928 5853 2040 5908 Hoc
2071 5861 2174 5918 est,
2209 5852 2350 5922 apud
2403 5851 2645 5923 Latinos.
2677 5849 2752 5903 Ita
2783 5849 3076 5923 inscriptus
3099 5862 3346 5923 saepenu-

1745 5918 1900 5983 mero
1951 5925 2188 5984 occurrit
2241 5918 2380 5995 apud
2433 5921 2788 5996 Cyprianum,
2844 5918 2970 5994 puta
3021 5921 3115 5980 lib.
3148 5935 3229 5992 nt,
3272 5918 3342 5975 ad
