3896 6336
107 328 213 389 εεο

1201 327 1615 386 TRAC'I‘ATUS
1652 328 1718 386 ΙΝ
1755 330 1892 387 CXL
1931 330 2276 390 PSALMUM.

3288 334 3395 391 850

106 444 404 516 spiritales,
454 447 799 498 consummate
823 456 936 496 cum
968 441 1021 495 in
1060 442 1250 512 spiritu
1279 441 1504 496 lenitatis
1532 440 1551 513 (
1578 438 1696 495 Gal.
1726 450 1781 511 Α
1805 450 1892 498 tur
1917 443 2150 501 deinde:
2187 445 2444 513 Quoniam
2467 446 2637 501 adhuc
2664 456 2710 501 et
2735 446 2899 507 oratio
2930 462 3039 500 mra
3074 446 3127 499 in
3155 445 3395 518 locuple-

104 552 159 605 v,
185 535 265 609 l).
292 534 401 593 Sed
446 549 515 593 ne
558 536 673 606 ipse
698 533 918 605 quidem
942 533 1170 589 rationis
1194 532 1354 604 iusta
1391 533 1702 589 misericor-

110 629 217 685 diae
271 629 557 685 immemor
583 626 731 683 fuit:
788 635 1121 697 praeventum
1163 627 1310 681 enim
1364 625 1419 681 in
1467 624 1697 694 delicto,

106 738 215 779 non
245 722 329 793 (α)
386 722 670 778 voluntate
705 720 1130 792 delinquentem,
1188 698 1553 785 consummari
1604 734 1701 791 per

104 817 464 888 arguitionem
501 815 673 886 jubet.
724 816 900 886 Atque
947 814 1069 870 ideo
1118 813 1378 885 propheta
1416 829 1539 869 cum
1583 814 1696 868 ait:

105 908 359 978 Corripiet
386 924 465 963 tne
478 912 658 982 justus
694 908 750 962 in
777 908 1153 975 misericordia,
1185 917 1232 962 ct
1264 906 1545 979 increpabit
1578 923 1698 975 me;

102 1009 158 1058 et
188 1001 315 1057 lidei
339 1015 474 1068 sua,
502 1008 560 1055 et
596 999 846 1057 humana
887 999 1214 1054 inﬁrmitatis
1254 1014 1483 1062 memor,
1527 1000 1699 1054 corri-

103 1094 360 1167 pieudum
389 1109 450 1150 se
478 1094 531 1148 in
576 1093 658 1147 his
702 1092 810 1160 ait,
839 1108 960 1164 quae
987 1092 1151 1164 justas
1193 1091 1576 1148 misericordiae
1603 1107 1698 1148 ar-

102 1188 343 1260 guitione
370 1194 499 1242 sunt
534 1185 717 1256 digna.

171 1280 225 1336 9.
282 1277 354 1334 Ut
377 1278 655 1350 correptio,
682 1279 758 1333 ita
794 1286 843 1333 et
871 1278 1120 1334 doctrina:
1137 1294 1171 1332 e
1197 1288 1374 1335 sancto
1411 1278 1524 1335 sire
1549 1294 1694 1351 qua.

100 1374 282 1430 renda.
313 1402 385 1419 -ο
426 1371 561 1429 Orat
587 1381 771 1429 autem
815 1373 997 1429 adhuc
1025 1381 1081 1429 et
1117 1373 1262 1429 aliud
1286 1415 1303 1441 ,
1342 1390 1412 1430 ne
1434 1373 1696 1434 doctrinis

103 1466 355 1523 videlicet
394 1472 740 1537 peccatorum
793 1466 1089 1534 imbuatur,
1137 1482 1274 1523 neve
1300 1482 1472 1537 usque
1503 1466 1581 1540 (b)
1627 1467 1695 1523 ad

99 1560 436 1630 peccantium
490 1557 920 1615 misericordiam
968 1559 1182 1616 decidat
1231 1577 1245 1613 :
1296 1558 1481 1615 Oleum
1524 1570 1695 1616 autem

102 1655 380 1726 peccatoris
406 1669 510 1709 non
533 1654 814 1727 inpinguet
848 1663 1006 1726 caput
1044 1670 1233 1711 meum.
1269 1654 1391 1711 Vult
1418 1670 1574 1725 eum,
1603 1656 1694 1728 qui

101 1762 201 1804 nos
231 1748 425 1806 doceat
469 1759 635 1820 atque
683 1757 893 1820 arguat,
943 1750 1293 1809 conscientias
1345 1764 1497 1821 parte
1542 1764 1690 1807 esse.

1804 540 1921 595 citis
1945 556 2117 596 eorum
2142 559 2161 608 ;
2211 542 2377 603 Vsus.
2405 537 2441 598 6
2475 561 2487 597 :
2516 543 2747 612 absorpti
2776 551 2894 596 sunt
2922 541 3205 596 continuati
3232 551 3399 612 petra

1793 634 2001 708 judices
2054 652 2251 691 eorum.
2285 634 2513 695 Causam
2545 651 2643 692 cur
2670 636 3063 693 elisorbeantur
3087 636 3392 691 continuati

1804 738 1973 798 petra:
2011 743 2129 784 eam
2178 729 2333 797 dicit,
2360 731 2480 801 quia
2518 730 2695 786 adhuc
2722 729 2788 786 sit
2817 730 2990 784 oratio
3012 743 3107 784 sua
3148 728 3202 783 in
3229 727 3396 783 bene-

1801 819 2017 892 placitis
2049 836 2259 876 eorum.
2282 821 2413 878 Orat
2458 823 2716 894 propheta
2751 820 2827 895 (c)
2865 821 3053 876 eadem
3083 836 3202 892 qua:
3232 834 3396 891 supe-

1802 912 1944 969 riora
1974 922 2120 981 sunt,
2152 929 2221 972 ne
2263 915 2441 972 oleum
2483 916 2780 985 peccatoris
2809 923 2971 985 caput
3009 928 3167 969 suum
3200 912 3394 985 impin-

1800 1014 1948 1079 guet.
1982 1006 2094 1063 Hoc
2114 1007 2379 1079 Propheta
2405 1016 2543 1065 orat.
2574 1008 2681 1067 Sed
2706 1016 3021 1080 peccatores
3043 1021 3111 1062 ne
3140 1006 3240 1061 hac
3267 1005 3389 1077 qui-

1800 1101 1921 1157 dem
1955 1106 2230 1172 prophetae
2278 1104 2525 1159 oratione
2562 1112 2834 1159 terrentur
2860 1143 2878 1171 ,
2929 1112 2987 1158 ut
3039 1103 3107 1158 ab
3156 1101 3242 1156 his
3270 1114 3393 1172 quin

1801 1197 1994 1268 placita
2024 1209 2149 1252 sunt
2178 1196 2282 1251 sibi
2327 1197 2607 1254 desistant.
2652 1197 2822 1253 Nemo
2849 1198 2992 1251 enim
3046 1196 3099 1251 in
3133 1195 3387 1266 peccatis,

1799 1290 1901 1345 nisi
1922 1289 2004 1364 (tl)
2032 1290 2152 1359 quia
2178 1288 2264 1346 his
2290 1289 2609 1356 delectatur,
2640 1297 2985 1361 perseverat:
3012 1298 3067 1345 et
3094 1303 3308 1345 causam
3336 1287 3390 1342 In

1799 1398 2118 1455 unaquaque
2140 1398 2199 1439 re
2224 1383 2596 1453 permanendi,
2616 1383 2906 1454 voluptatis
2945 1382 3236 1437 oblectatio
3262 1380 3392 1435 sub-

1799 1474 2089 1531 ministrat.
2126 1475 2269 1548 Ergo
2292 1478 2414 1547 quia
2444 1475 2622 1531 adhuc
2670 1484 2862 1532 orante
2889 1489 2957 1532 eo
2983 1475 3039 1531 in
3077 1470 3389 1542 beneplaci-

1799 1569 1867 1624 tis
1882 1584 2068 1625 eorum
2088 1578 2233 1633 sunt.
2264 1568 2317 1624 id
2336 1577 2440 1636 est,
2456 1570 2581 1640 quia
2602 1568 2744 1641 quod
2767 1577 2944 1633 erant,
2964 1584 3069 1623 non
3085 1566 3392 1623 demutatur

1795 1675 1895 1732 per
1923 1675 2019 1717 eos
2057 1661 2335 1716 voluntate
2370 1660 2575 1732 (supple
2598 1658 2972 1732 permanente)
3007 1659 3302 1731 peccandi,
3337 1665 3392 1713 et

1798 1762 2108 1824 peccatores
2132 1768 2255 1810 esse
2284 1754 2577 1826 persistuut
2601 1773 2617 1824 ;
2644 1768 2743 1809 nec
2768 1754 2943 1809 oratio
2969 1753 3085 1823 ejus
3116 1754 3275 1807 tinem
3301 1764 3392 1805 ac.

99 1843 357 1901 Dominus
384 1856 515 1899 vero
541 1844 593 1898 in
625 1842 966 1913 Evangeliis,
993 1857 1116 1898 eum
1145 1843 1213 1899 de
1236 1843 1570 1916 ieiuniorum
1595 1859 1693 1915 pu-
1722 1852 1772 1913 Β
1796 1846 1927 1916 cipit
1952 1862 1966 1903 :
1993 1845 2115 1916 quia
2147 1846 2350 1901 tamdiu
2390 1847 2441 1901 in
2470 1844 2826 1918 beneplacitis
2853 1859 3040 1902 eorum
3066 1843 3182 1915 ejus
3209 1844 3388 1900 oratio

95 1939 254 1995 ritate
280 1938 614 2007 loqueretur,
645 1937 723 1993 ait
750 1954 764 1990 :
798 1935 905 1992 Vos
929 1945 1102 1992 autem
1128 1952 1244 1990 cum
1263 1937 1521 2011 Μαρίους
1541 1977 1558 2002 ,
1590 1952 1690 1991 un-

98 2033 198 2104 gite
239 2039 398 2104 caput
423 2039 674 2098 vestram,
724 2040 773 2085 et
819 2031 1005 2101 facient
1032 2039 1250 2086 vestram
1284 2031 1450 2086 lat-etc
1472 2030 1688 2104 (Matth.

100 2142 185 2195 vt,
216 2124 325 2198 l7).
361 2124 422 2180 ln
448 2124 714 2183 abluenda
746 2123 913 2190 facie,
965 2124 1196 2179 nitorem
1226 2139 1373 2195 purae
1399 2125 1687 2181 conscien-

98 2223 185 2277 tia:
229 2219 446 2290 exegit;
498 2234 568 2275 ne
616 2218 745 2291 quid
799 2221 852 2273 in
901 2218 1058 2273 nobis
1118 2217 1419 2282 sordidum,
1465 2232 1535 2273 ue
1563 2218 1691 2288 quid

98 2315 321 2370 oblitum
351 2312 653 2370 adhaereret
685 2329 699 2367 :
730 2310 786 2367 in
832 2312 1007 2382 capite
1032 2325 1163 2367 vero
1188 2310 1458 2381 ungenda,
1488 2309 1692 2366 doctri-

100 2408 183 2463 nis
227 2419 326 2462 nos
369 2416 534 2477 atque
563 2406 822 2475 operibus
872 2402 1133 2475 spiritalis
1184 2403 1536 2467 institutionis
1572 2418 1695 2475 per»

101 2498 265 2555 lectos
304 2513 432 2555 esse
460 2499 738 2569 praeepit.
784 2498 976 2554 Oleum
1006 2499 1151 2555 enim
1192 2499 1408 2554 luminis
1442 2498 1693 2569 pabulum

100 2604 219 2661 est;
247 2603 302 2650 et
329 2593 579 2649 doctrina
609 2601 773 2665 atque
800 2608 937 2664 opus
981 2593 1223 2664 spiritale
1250 2593 1494 2650 cmlestis
1542 2593 1697 2651 nobis

102 2686 285 2758 gloriae
303 2700 470 2742 ausa
491 2694 594 2742 est.
629 2684 703 2742 Ut
727 2686 872 2742 enim
904 2686 1083 2743 lumen
1116 2700 1181 2742 ex
1206 2687 1365 2761 597
1390 2686 1513 2742 oleo
1541 2687 1701 2742 turni-

78 2781 188 2839 .nis
217 2779 380 2836 habet
420 2771 679 2844 causam;
730 2780 825 2847 ita,
870 2790 931 2837 ut
983 2781 1158 2837 lucem
1208 2782 1469 2853 spiritalia
1512 2782 1701 2854 gloriae

106 2876 463 2942 retineamus,
494 2874 744 2930 doctrina
774 2881 938 2945 atque
967 2876 1212 2946 operatio
1236 2883 1452 2946 prastat
1487 2894 1501 2930 :
1528 2884 1589 2931 ut
1612 2882 1703 2931 ct-

106 2976 202 3039 put
231 2974 503 3035 nostrum,
534 2965 697 3023 sedes
719 2966 930 3022 scilicet
957 2967 1084 3035 vitat
1112 2978 1165 3023 et
1192 2967 1495 3038 prudentiae
1512 2975 1570 3025 et
1585 2982 1703 3025 om-

108 3061 253 3117 nium
294 3074 592 3129 sensuum,
635 3061 760 3117 oleo
797 3062 1131 3133 operationis
1172 3062 1541 3135 doctrinaeque
1587 3064 1703 3128 pin-

107 3164 346 3225 guescat.
387 3155 494 3212 Sed
521 3155 702 3212 oleum
731 3155 834 3211 hoc
873 3171 981 3211 non
1011 3171 1042 3213 a
1073 3167 1357 3229 peccatore
1382 3156 1703 3213 sumendum

1803 1948 1907 2006 est,
1930 1938 2184 2010 quamdiu
2208 1939 2602 2009 beneplacitum
2644 1937 2753 1993 illis
2782 1936 2944 1993 luerit
2972 1950 3222 2008 peccare.

1866 2034 1954 2089 ll.
1980 2032 2156 2104 Iniqui
2183 2032 2405 2093 aduentu
2435 2030 2628 2087 Christi
2671 2029 3278 2087 abserbcndi.--ldcirco
3296 2029 3391 2084 ab-

1792 2128 1955 2197 sorpti
1979 2137 2095 2181 sunt
2117 2126 2402 2181 continuati
2430 2135 2589 2195 petra:
2605 2126 2808 2197 judices
2830 2140 3027 2179 eorum.
3043 2122 3257 2179 Petram
3282 2138 3392 2179 non

1794 2223 2045 2280 novimus
2071 2222 2173 2277 nisi
2201 2221 2474 2277 Christum
2506 2236 2521 2274 :
2552 2221 2674 2291 quia
2694 2219 2893 2277 dictum
2920 2227 3005 2275 est
3023 2218 3091 2275 de
3118 2233 3203 2284 eo,
3238 2215 3394 2273 Petra

1793 2324 1967 2371 autem
1994 2323 2102 2369 erat
2133 2310 2366 2369 Christus
2387 2312 2434 2386 (l
2456 2311 2602 2380 Cor.,
2628 2328 2681 2380 ι,
2702 2310 2913 2382 4).ρυο
2941 2310 3262 2365 adveniente
3289 2310 3390 2380 (e),

1795 2426 1916 2468 cum
1943 2424 2005 2465 se
2033 2409 2089 2464 bi
2115 2415 2460 2480 peccaton
2487 2405 2646 2462 electi
2676 2404 2957 2475 etjudices
2980 2405 3080 2476 ipsi
3111 2406 3394 2459 continuao

1794 2506 1953 2569 bunt,
1981 2502 2360 2563 absorbentur.
2405 2499 2550 2555 Mors
2576 2498 2722 2557 enim
2753 2505 2903 2564 tune,
2930 2504 2984 2552 et
3007 2496 3308 2567 corruptio,
3337 2501 3395 2550 et

1801 2606 2079 2669 peccatum
2107 2593 2505 2662 absorbebitur,
2536 2599 2594 2648 ut
2629 2591 2889 2663 scriptum
2916 2599 3020 2657 est,
3040 2588 3295 2662 Absorpte
3319 2598 3395 2644 est

1799 2706 1937 2746 mors
1981 2691 2035 2743 in
2072 2690 2464 2747 contentionem.
2511 2685 2610 2744 Ubi
2650 2694 2724 2739 est
2772 2685 2979 2740 aculeus
3023 2694 3137 2738 tuus
3163 2683 3189 2736 9
3215 2681 3299 2736 ubi
3322 2682 3396 2736 cst

1797 2784 2057 2840 contentio
2077 2783 2103 2837 7
2126 2782 2345 2837 Aculeus
2381 2780 2517 2836 enim
2565 2780 2743 2845 mortis
2773 2788 3035 2851 peccatum
3079 2786 3149 2832 est
3179 2776 3222 2848 (ι
3247 2773 3394 2842 Cor.,

1800 2896 1893 2946 xv,
1930 2880 2000 2935 54
2023 2888 2071 2933 ct
2109 2876 2223 2949 55).
2268 2875 2639 2932 Absorbentur
2668 2881 2844 2930 autem
2897 2870 3193 2930 continuati
3228 2875 3398 2939 petras

1805 2973 1997 3029 horum
2026 2970 2240 3043 judices
2268 2984 2390 3026 cum
2413 2969 2506 3023 illo
2536 2981 2638 3023 suo
2666 2965 2930 3038 principe,
2971 2966 3040 3019 de
3059 2977 3166 3034 quo
3194 2961 3398 3016 dictum

1804 3074 1920 3123 est:
1952 3064 2022 3121 Et
2041 3075 2159 3119 tunc
2186 3062 2493 3118 revelabitur
2517 3061 2606 3117 ills
2625 3059 2835 3130 impius,
2857 3073 3006 3129 quem
3035 3053 3286 3109 Dominus
3309 3049 3403 3108 Je-

1805 3175 1894 3214 sus
1912 3158 2182 3229 interﬁciat
2203 3155 2388 3228 spiritu
2409 3154 2515 3207 oris
2548 3151 2650 3219 sui,
2683 3159 2731 3205 et
2750 3147 3009 3205 ceacuobit
3031 3163 3147 3202 eum
3175 3161 3403 3216 prasen-

111 3257 229 3304 cst:
254 3258 311 3305 et
356 3248 594 3304 orandus
633 3258 718 3306 est
756 3249 931 3318 Deus,
973 3265 1043 3306 ua
1078 3249 1181 3306 hoc
1227 3260 1570 3322 peccatorum
1604 3250 1701 3307 in-
1727 3257 1772 3321 ε
1805 3253 1876 3308 tia
1896 3253 2143 3305 adventus
2163 3248 2245 3303 sui
2273 3247 2339 3319 (ll
2361 3244 2565 3311 Tltcss.,
2589 3260 2647 3309 ιι,
2667 3242 2746 3315 8).
2769 3243 2873 3298 Per
2895 3242 3032 3295 hanc
3053 3254 3182 3310 ergo
3202 3238 3402 3293 adven-

110 3343 315 3399 l'undat.
348 3342 420 3401 Ut
447 3344 591 3400 enim
636 3358 666 3398 a
707 3350 898 3400 sancto
928 3351 986 3400 et
1007 3342 1279 3401 tideliviro
1298 3346 1448 3417 argui
1479 3359 1539 3401 se
1558 3345 1700 3402 velle

111 3436 389 3508 prudentis
414 3447 499 3494 est
521 3455 537 3505 ε
564 3438 685 3509 quia
713 3440 873 3510 aegris
897 3438 1091 3495 animis
1136 3448 1191 3495 et
1236 3449 1487 3512 peccator
1512 3441 1703 3497 morbo

110 3529 488 3602 languentibus
512 3530 656 3586 utilis
691 3540 775 3587 est
803 3545 1007 3589 severa
1039 3532 1424 3604 obiurgationis
1455 3535 1557 3591 sub
1601 3531 1705 3590 bo-

110 3634 263 3681 nesto
303 3633 531 3681 auctore
580 3625 843 3681 medicina
872 3642 887 3685 κ
918 3626 990 3682 ita
1036 3626 1289 3683 miserum
1332 3634 1417 3683 est
1466 3642 1562 3699 per
1582 3642 1706 3699 pec-

79 3769 82 3772 .
110 3715 214 3771 cati
242 3717 647 3774 miserationem
675 3732 844 3788 usque
865 3716 932 3771 ad
970 3718 1144 3787 ipsam
1185 3720 1520 3790 peccantium
1550 3721 1712 3777 misso

110 3809 402 3866 ricordiam
441 3809 729 3867 decidisse.
763 3809 876 3867 Hoc
903 3824 1034 3882 ergo
1063 3818 1348 3884 utrumque
1374 3830 1405 3867 u
1444 3828 1503 3871 se
1531 3811 1714 3870 detes-

112 3914 254 3961 tatur
278 3904 571 3977 propheta.

182 4000 271 4057 10.
294 3997 367 4055 In
396 3998 616 4070 peccatis
642 4005 987 4069 permanetar,
1053 3998 1175 4069 quia
1223 3998 1714 4072 placath—t-Sequi-

183 4159 261 4286 pa)
304 4158 424 4217 Hoc
462 4166 568 4223 cst,
594 4155 687 4228 qui
712 4155 1047 4215 voluntatem
1094 4155 1165 4211 ita
1195 4155 1358 4217 habet
1401 4154 1453 4215 in
1487 4164 1708 4227 peccato

203 4241 479 4286 trmatam.
528 4238 587 4282 ut
629 4243 750 4282 cum
781 4228 917 4283 sciat
965 4237 1241 4286 peccatum
1288 4242 1431 4286 esse.
1478 4229 1613 4284 nolit
1639 4227 1708 4284 ab

112 4227 479 4297 obﬁrmat:tm,
528 4238 587 4282 ut
618 4227 750 4282 cum
781 4228 917 4283 sciat
965 4237 1241 4296 peccatum
1288 4242 1431 4292 esse,
1478 4229 1613 4284 nolit
1639 4227 1708 4284 ab

113 4318 179 4359 eo
204 4299 489 4357 discedere
519 4317 531 4353 :
565 4313 659 4371 seu
690 4306 748 4353 ut
775 4298 1007 4353 Hilarius
1039 4298 1154 4367 ipse
1184 4299 1419 4371 cupiicat
1471 4299 1523 4354 in
1570 4300 1708 4371 psal.

113 4389 298 4435 cxuv,
334 4389 387 4431 u.
424 4372 536 4442 19,:
572 4370 675 4437 Qui
703 4370 965 4442 uoluntate
991 4370 1328 4440 permanserit
1381 4370 1434 4424 in
1465 4370 1708 4441 peceato,

113 4463 260 4517 quem
288 4444 529 4517 uitiorum
556 4459 680 4496 usus
705 4441 937 4517 oblectet,
993 4457 1139 4517 quem
1183 4458 1285 4497 non
1335 4443 1596 4517 paeniteat
1617 4443 1713 4498 ad-

115 4511 279 4573 missi.
342 4514 477 4570 Hine
532 4529 652 4568 cum
710 4514 784 4566 ait
841 4513 893 4571 in
944 4511 1080 4582 psal.
1129 4528 1324 4579 cxxxv,
1359 4514 1471 4568 n.4
1504 4532 1517 4567 :
1547 4511 1716 4572 Extra

116 4589 321 4642 veniunt
348 4595 441 4651 est,
468 4585 556 4655 qui
580 4595 842 4657 peccatum
870 4584 1123 4657 cognovit,
1166 4600 1265 4657 nec
1283 4584 1544 4657 cognitum
1591 4601 1717 4641 con--

119 4659 317 4731 litetur,
343 4654 587 4713 coullteri
607 4656 707 4731 hic
729 4670 827 4731 pro
871 4656 1133 4731 pmnitero
1183 4654 1397 4731 videtur
1444 4658 1710 4731 posuisse,

118 4727 583 4799 adeoquetautuut
606 4727 1066 4797 iutpuittitentibus
1098 4728 1304 4785 veniam
1331 4743 1544 4799 negare.
1563 4728 1714 4785 Licet

120 4803 264 4859 enim
286 4802 422 4865 haec,
460 4816 553 4855 nec
579 4800 835 4869 cognitum
849 4799 1133 4871 conﬁtetur,
1170 4799 1467 4871 intelligere
1498 4817 1561 4857 ex
1583 4801 1710 4867 illis,

123 4891 273 4943 quem
316 4868 690 4943 non'ptcniteat
727 4868 1077 4943 admissiLHEt
1097 4868 1312 4943 quidem
1348 4868 1470 4924 cum
1497 4873 1547 4925 in
1579 4872 1711 4942 psal.

122 4940 324 5007 sxxxv,
344 4961 398 4997 n.
420 4940 472 5005 4,
492 4944 609 4997 etin
626 4956 860 5014 csxxvtt,
882 4959 936 4995 η.
960 4942 1016 5004 3,
1032 4942 1134 4996 ait:
1155 4940 1515 5014 Confessiocst
1529 4940 1718 5014 profes-

123 5019 201 5072 sio
218 5016 505 5081 desinendi,
523 5029 588 5071 ac
608 5027 817 5070 rursum
836 5012 889 5069 in
906 5026 986 5084 ps.
1004 5027 1189 5079 cxuv,
1206 5029 1261 5069 u.
1294 5012 1391 5069 l8:
1409 5012 1718 5073 Paenitentia

126 5099 309 5142 auctor
333 5097 405 5143 est
433 5085 716 5154 desinendi,
744 5085 874 5138 satis
909 5085 1107 5138 indicat
1127 5085 1456 5153 paenitentiae
1487 5096 1541 5141 et
1584 5102 1716 5141 eou-

127 5159 388 5215 l‘essinnis
416 5157 690 5213 vocabulis
726 5170 834 5211 non
866 5155 1182 5229 agliudsaepe
1210 5171 1434 5229 numero
1460 5172 1521 5212 se
1545 5158 1737 5229 signi-‘

130 5231 321 5286 ﬁcare.
374 5230 559 5299 itaque
600 5244 720 5283 cum
768 5227 906 5299 apud
949 5228 1208 5283 Hilarium
1238 5227 1515 5284 voluntate
1542 5227 1714 5287 deliu-

130 5312 359 5373 quentes
386 5298 725 5373 opponantur
768 5298 1171 5373 pauitantibus,
1199 5299 1322 5369 quia
1337 5299 1600 5373 nimirum
1634 5301 1716 5358 his

130 5369 356 5429 allectus
382 5369 522 5429 inest
561 5369 739 5436 inviti;
787 5384 922 5442 quos
954 5369 1270 5442 intelligere
1318 5370 1576 5442 debemus
1619 5388 1716 5429 vo-

130 5445 341 5500 luntate
385 5443 777 5514 delinquentes,
801 5440 927 5514 ξιιὶδΙ
949 5441 1381 5514 impqanitentes'l
1410 5441 1504 5497 llis
1532 5453 1710 5500 autem

130 5516 350 5571 veniam
379 5512 599 5583 negans,
632 5512 844 5569 caeteris
871 5512 1118 5568 concedit
1144 5514 1197 5567 iu
1221 5528 1302 5582 ps.
1330 5527 1510 5580 cxuv,
1534 5530 1588 5569 η.
1611 5515 1714 5572 l9:

136 5588 311 5641 Habet
344 5588 478 5640 enim
517 5586 675 5641 uenite
718 5584 857 5656 apud
903 5584 1070 5638 Deum
1113 5584 1375 5651 solatium,
1423 5587 1720 5656 paenituisse

134 5659 200 5713 de
222 5658 377 5728 gestia
396 5674 416 5713 :
440 5672 531 5712 nec
572 5665 966 5728 temperamento
1006 5656 1286 5728 seueritatis
1323 5656 1596 5728 indignum
1618 5669 1714 5724 est,

134 5726 278 5800 quod
304 5744 403 5800 per
448 5726 944 5791 adutissi'dolorent,
975 5726 1216 5800 directum
1242 5729 1313 5783 ita
1343 5726 1611 5799 proﬁtetur
1637 5731 1721 5785 ἕης

141 5799 258 5857 citi.
284 5799 615 5872 Quamquam
643 5800 745 5855 hoc
790 5799 1031 5868 pluribus
1072 5799 1207 5856 locis
1248 5800 1461 5857 videtur
1499 5800 1717 5871 docere,

150 5874 219 5930 iis
248 5870 490 5941 tantum;
523 5870 619 5946 qui
663 5877 758 5928 aut
799 5884 1008 5941 errore,
1057 5881 1152 5929 aut
1195 5875 1375 5933 carnis
1411 5870 1721 5951 fragilitate,

1809 3353 1895 3400 tus
1926 3342 2136 3398 Domini
2166 3341 2505 3411 prmsentiam
2529 3334 2932 3392 evacuabuutur
2948 3331 3210 3401 absorpti,
3233 3340 3286 3386 et
3303 3329 3402 3385 ah-

1808 3436 1981 3508 aorpti
2019 3433 2223 3506 judicio
2257 3439 2588 3488 salictorum.
2643 3429 2898 3500 Sequitur
2946 3426 3091 3481 enim
3137 3424 3405 3480 :Audient

1810 3530 1961 3587 verba
1986 3545 2120 3597 mea,
2149 3529 2272 3601 quia
2309 3534 2601 3596 potuerunt.
2646 3524 2942 3579 Potuerunt
2970 3519 3055 3576 vel
3084 3518 3400 3585 absorbere,

1813 3622 1902 3679 vel
1940 3620 2021 3696 (ι’)
2060 3621 2268 3677 audire.
2304 3620 2359 3675 lu
2393 3618 2678 3689 praesentia
2706 3615 2850 3672 enim
2880 3611 3411 3669 liominiabsorben-

1816 3725 1903 3772 tur
1957 3714 2288 3787 prophetica
2346 3710 2590 3770 veritatis
2637 3709 2940 3784 arguitioue
2983 3714 3040 3763 et
3076 3703 3256 3776 impiae
3294 3718 3411 3760 sua:

1816 3809 2068 3866 falsitatis
2083 3806 2399 3881 opprobrio.

1888 3902 1978 3958 ﬂ.
2001 3900 2302 3958 Crassitudo
2335 3902 2577 3957 vitiorum
2613 3915 2781 3955 comes
2807 3908 2897 3955 aut
2919 3914 3092 3953 causa.
3123 3896 3267 3954 Vitia
3306 3914 3411 3952 non

1814 3997 1988 4052 sinunt
2007 3997 2264 4053 hominem
2292 3997 2431 4051 intra
2475 3996 2609 4066 leges
2641 4004 2841 4049 natura:
2866 3992 3108 4048 coerceri.
3131 4021 3205 4033 ——
3227 3991 3414 4061 Neque

1812 4165 1906 4237 aut
1934 4157 2232 4237 tentatione
2280 4155 2484 4237 diaboli
2530 4154 2678 4237 lapsi
2698 4153 2826 4220 sint,
2866 4154 3079 4237 veniam
3107 4152 3414 4215 conceden-

1813 4227 1973 4297 dam;
2030 4229 2094 4283 iis
2125 4239 2327 4296 autem,
2373 4224 2468 4297 qui
2514 4224 2748 4280 scientes
2788 4239 2851 4297 ac
2878 4225 3122 4297 volentes
3152 4238 3411 4297 peccave-

1814 4301 1946 4367 rint,
1976 4295 2368 4370 denegaudam.
2394 4295 2528 4370 ‘tluc
2572 4311 2684 4367 prm
2707 4312 2765 4351 se
2798 4295 2899 4370 [ert
2947 4295 3076 4370 illud
3110 4295 3204 4352 lib.
3234 4312 3283 4351 vr
3342 4295 3411 4354 de

1815 4366 1966 4426 Trin.
2000 4389 2055 4425 η.
2103 4366 2192 4438 is,
2245 4371 2312 4425 ad
2362 4366 2602 4440 insignes
2649 4366 2912 4440 quosdam
2963 4366 3213 4433 Aria-nos,
3247 4383 3403 4438 quos,

1818 4452 1877 4498 ut
1905 4443 2165 4514 loquitur,
2196 4438 2596 4513 irreligiositatis
2621 4440 2855 4514 voluntas
2884 4438 2956 4514 iu_
2982 4440 3174 4496 haeresi
3196 4440 3409 4496 detine-

1818 4526 1898 4571 ret
1933 4533 1957 4599 τι
1980 4510 2095 4599 Τίὁὶ
2109 4510 2228 4599 jam
2250 4510 2420 4571 omnia
2443 4513 2620 4567 clausa
2641 4520 2760 4599 sunt
2782 4510 2850 4567 ad
2879 4511 3118 4593 salutem,
3143 4518 3229 4581 qui
3252 4526 3410 4582 negas

1738 4608 1792 4669 Β
1818 4580 2469 4669 quodjanmignorarc'non
2495 4593 2659 4669 potes.
2712 4580 2831 4669 lycii
2881 4583 3018 4634 enim
3057 4580 3410 4669 ignarasue'sse

1817 4652 1986 4728 ﬁliuni
2010 4652 2267 4720 Deifetc.
2303 4656 2435 4710 Vide
2465 4654 2657 4728 similia
2711 4652 3019 4728 ibid._num.
3079 4658 3098 4709 Ι
3133 4661 3188 4708 et
3216 4655 3365 4728 alibi.

1888 4728 1964 4800 (b)
1994 4730 2049 4785 in
2075 4728 2325 4799 vulgatis.
2358 4743 2515 4797 usque
2541 4725 2611 4800 ad
2638 4726 2885 4800 peccandi
2921 4739 3073 4800 usum
3120 4742 3211 4793 per
3244 4727 3404 4780 mise-

1818 4794 2333 4863 ricordiamﬂecth)
2382 4794 2726 4868 interpolata.
2782 4794 3056 4852 Sinceritir
3099 4805 3200 4858 est.
3248 4813 3407 4868 quant

1818 4873 2135 4926 exhibemus
2161 4887 2227 4927 ex
2258 4886 2359 4928 ins.
2408 4868 2813 4925 Observandum
2859 4884 3019 4940 purru
3060 4878 3161 4931 est,
3202 4868 3259 4940 iur
3288 4869 3407 4939 qui-

1819 4942 2044 4999 busdam
2079 4944 2370 5013 psalteriis,
2411 4958 2462 4995 v.
2488 4955 2542 5012 g.
2577 4940 2633 4995 in
2662 4938 3038 5013 Germauensi,
3084 4954 3182 5008 pro
3225 4938 3408 4995 Oleum

1819 5026 1993 5071 autem
2022 5016 2326 5086 peccatoris,
2361 5014 2545 5069 haberi
2570 5030 2585 5066 :
2613 5012 2966 5068 Misericordia
2988 5022 3160 5086 autem
3177 5023 3410 5086 peccato-

1820 5089 1927 5154 ris;
1956 5083 2085 5143 sane
2114 5087 2237 5157 quia
2261 5087 2527 5157 interpres
2550 5099 2645 5155 pro
2694 5086 2867 5157 ὲλαῖον
2897 5086 3081 5153 legerit
3114 5083 3273 5145 ἕλεος.
3318 5083 3408 5138 1Ιὶ-

1821 5159 1988 5215 larius
2008 5156 2187 5215 autem
2215 5156 2497 5229 utramque
2525 5159 2668 5213 illam
2690 5156 2995 5213 versionem
3014 5157 3403 5229 complectens,

1819 5234 2032 5302 utrique
2068 5245 2359 5301 congruam
2411 5227 2908 5298 interpretationem
2957 5227 3206 5302 subiicit;
3261 5229 3405 5298 quod

1819 5319 1926 5358 non
1953 5301 2165 5358 tantum
2195 5304 2361 5373 liquet
2389 5317 2457 5356 ex
2486 5303 2674 5372 primis
2704 5302 2833 5369 illis,
2878 5301 2974 5357 sed
3004 5310 3059 5356 et
3101 5315 3165 5355 ex
3195 5307 3407 5371 postre-

1816 5374 1920 5429 mis
1943 5374 2167 5444 hujusce
2195 5373 2403 5429 numeri
2436 5374 2636 5431 verbis.
2711 5417 2716 5421 .

1885 5446 1958 5517 (ε)
1988 5446 2045 5502 lu
2077 5462 2204 5514 ms.,
2222 5446 2380 5501 idem.

1891 5514 1972 5591 (ά)
1999 5518 2075 5575 Ita
2103 5534 2226 5574 cum
2275 5533 2380 5573 ms.
2422 5519 2594 5588 prima
2622 5516 2791 5591 editio
2818 5514 3266 5591 Par.A|i:e_vero,
3294 5516 3403 5591 qui.

1818 5585 2065 5717 ltsginlra
2109 5585 2452 5661 reposuimus
2475 5591 2598 5662 quia
2623 5588 2814 5659 adhuc,
2854 5589 2946 5645 ubi
2998 5585 3279 5645 obtinebat
3308 5585 3407 5659 qui

1820 5679 1852 5717 a
1928 5680 2008 5717 ttc.
3068 5697 3083 5706 ρ

1820 5679 2008 5723 aamtc.
3068 5697 3083 5706 '

1897 5738 1977 5810 (ei
2000 5735 2091 5792 Sic
2118 5752 2222 5793 ms.
2247 5735 2318 5793 At
2337 5735 2491 5810 editi,
2519 5749 2634 5789 cum
2684 5736 2730 5810 ei
2760 5736 2905 5810 lii....
2952 5731 3405 5810 continuabuntur.

1905 5806 1959 5887 (Ῑ
1970 5808 1989 5884 )
2020 5810 2358 5887 ηίρίαςθῐιείι
2379 5807 2573 5887 codex.
2598 5807 2789 5887 audiri.
2806 5809 2980 5887 Magis
3003 5808 3180 5881 placet
3208 5806 3408 5865 audire.

1821 5882 1893 5941 At
1914 5879 2022 5942 non
2046 5881 2359 5957 displiceret
2387 5879 2538 5954 prius
2560 5879 2840 5938 absorberi.
