3896 6336
489 306 594 371 831
1670 302 1916 360 SANCTI
1956 300 2212 362 BILARII
2255 298 2563 357 EPISCON
3670 294 3755 349 851

490 424 674 482 solum
701 424 919 481 audient
940 423 1101 479 verba
1123 434 1242 493 qum
1274 428 1517 490 possunt,
1541 417 1636 475 sed
1676 418 1836 475 etiam
1859 418 1908 472 id
1937 417 2078 489 quod
2106 421 2160 482 Α
2187 425 2272 471 tus
2319 424 2425 485 est,
2474 415 2665 471 dicens
2693 432 2707 469 :
2739 413 2806 469 In
2834 424 2887 469 te
2922 416 3159 483 speravi,
3187 427 3295 466 non
3336 410 3537 479 auferas
3562 412 3755 465 animus

490 517 741 588 sequitur
768 517 852 573 bis
896 515 1120 571 accidet.
1158 514 1319 571 Vsus.
1355 514 1408 567 7.
1469 511 1750 584 Tamquam
1796 513 2084 567 crassitudo
2189 525 2375 565 meam.
2422 508 2634 564 Ablatio
2676 509 2876 563 anima:
2928 522 3038 563 non
3092 504 3328 560 abolitio
3377 504 3487 574 ejus
3533 512 3613 559 est
3642 522 3654 555 :
3682 505 3757 560 sed

493 617 645 665 terra:
680 610 751 680 (a)
775 618 1010 678 eruptum
1040 616 1112 661 est
1136 621 1289 677 super
1311 616 1517 660 terram.
1549 605 1701 674 Quod
1732 615 1910 659 autem
1939 620 2085 659 cras-
2187 616 2308 658 cum
2332 618 2361 656 a
2387 602 2560 674 gloria
2605 601 2885 657 constituti
2932 601 3036 656 sibi
3095 599 3329 655 honoris
3372 598 3625 663 aufertur,
3653 614 3757 654 cum

490 699 673 756 situdo
721 699 1009 771 impietatis
1061 710 1114 754 et
1162 698 1417 754 vitiorum
1459 707 1551 753 aut
1601 712 1786 753 comes
1830 699 1936 764 sit,
1992 707 2084 753 aut
2188 694 2251 766 (f.
2287 693 2421 766 tum)
2471 695 2539 750 ab
2594 692 3001 765 exspectatione
3057 702 3115 749 et
3153 692 3356 747 aﬂ'ectu
3386 692 3633 762 speisuze
3677 693 3756 748 de-

490 807 652 850 causa
683 833 701 860 ,
744 794 1002 865 propheta
1037 802 1285 855 testatur,
1334 792 1518 847 dicens
1554 791 1950 847 :lucrassatum
1997 801 2080 849 est
2187 786 2340 842 cidit.

490 897 588 940 cor
605 885 783 956 populi
812 884 992 956 hujus.
1019 884 1123 943 Sed
1151 885 1383 958 c.4598
1403 884 1609 955 Moyses
1630 883 2083 956 irreligiositatetn
2261 882 2351 937 15.
2383 878 2599 935 Insidiis
2627 882 2807 951 plenus
2833 880 3002 935 omnis
3030 878 3281 934 mundus.
3342 878 3532 949 Laquei
3560 888 3605 932 et
3632 896 3757 934 scan-

490 978 674 1048 p0puli
697 978 976 1034 insolentis
1000 980 1357 1049 pronuntians
1374 976 1449 1030 ait
1474 994 1486 1029 ε
1515 976 1923 1032 manducavitet
1953 976 2087 1033 bibit
2189 972 2297 1027 dali
2336 973 2708 1027 discrimen.—
2736 973 2899 1028 Multa
2926 983 3109 1026 autent
3140 973 3259 1041 spei
3282 987 3399 1026 sua:
3422 972 3652 1041 pericula
3672 987 3755 1027 nos

489 1067 681 1135 Jacob,
706 1078 760 1126 et
788 1070 1028 1140 repletus
1062 1080 1166 1135 est,
1195 1080 1248 1125 et
1279 1070 1606 1124 incrassatus
1630 1079 1731 1133 est,
1764 1081 1817 1125 et
1843 1069 2087 1123 calcitra-
2189 1065 2403 1134 ignorat
2449 1079 2595 1128 esse,
2628 1080 2751 1121 cum
2804 1065 2881 1119 ait
2916 1064 3173 1119 :Custodi
3210 1082 3291 1119 me
3339 1082 3373 1117 a
3427 1065 3605 1135 laqueo
3641 1082 3758 1134 qua

488 1165 569 1221 vit
598 1166 825 1222 dilectus
873 1165 1076 1238 (Deut.,
1111 1181 1276 1230 xxxn,
1320 1164 1431 1237 15).
1466 1163 1731 1219 Virtutem
1763 1163 1891 1219 dicti
1926 1163 2086 1234 hujus
2188 1167 2475 1212 statuerunt
2506 1159 2654 1225 mihi,
2677 1172 2725 1214 et
2752 1177 2783 1213 a
2811 1160 3076 1214 scandatis
3097 1161 3427 1227 operantium
3447 1160 3755 1228 iniquitatem.

489 1271 556 1315 ex
582 1257 697 1328 ipsa
719 1265 878 1313 terra:
907 1267 1092 1314 natura
1125 1258 1422 1313 absolutius
1446 1257 1823 1328 intelligemus.
1844 1255 2087 1327 Namque
2194 1249 2401 1323 Ubique
2431 1252 2625 1322 laquei,
2657 1254 2854 1324 ubique
2879 1263 3009 1308 sunt
3048 1254 3329 1319 scandala,
3361 1254 3595 1308 mundus
3614 1256 3757 1309 omnis

490 1350 693 1405 scimus
731 1351 1025 1407 crassiores
1054 1350 1475 1422 pinguioresque
1517 1360 1688 1406 terras
1732 1350 1783 1404 in
1814 1365 1908 1407 cas
1936 1365 2088 1407 scro-
2192 1344 2382 1414 plenus
2410 1344 2621 1400 insidiis
2650 1353 2754 1411 est,
2786 1346 2901 1401 sive
2955 1362 3052 1415 per
3081 1346 3384 1416 principem
3418 1347 3565 1403 aeris
3608 1346 3757 1416 hujus,

493 1440 614 1509 bes,
657 1456 687 1497 e
718 1440 913 1513 quibus
964 1442 1369 1507 elrossm.sunt,
1401 1459 1463 1498 ex
1516 1444 1689 1498 solido
1722 1460 1829 1498 non
1860 1444 2037 1500 redire
2069 1461 2085 1510 ;
2191 1439 2305 1495 sive
2328 1453 2423 1508 per
2450 1440 2723 1508 Spiritales
2758 1440 2990 1495 virtutes
3019 1440 3073 1494 in
3098 1439 3441 1506 caelestibus,
3479 1441 3593 1495 sive
3617 1444 3759 1511 perli-

491 1532 615 1603 quia
651 1545 969 1605 erumpente
1009 1550 1195 1590 earum
1227 1534 1607 1601 crassitudine,
1636 1550 1824 1590 rursus
1847 1537 2085 1605 ipsarum
2190 1531 2290 1587 lius
2314 1529 2695 1585 inobedientia:
2726 1532 2778 1585 in
2828 1531 3031 1602 quibus
3087 1532 3311 1600 spiritus
3371 1532 3581 1586 erroris
3606 1547 3759 1602 opers-

497 1635 626 1681 suut
654 1625 957 1697 incapaces.
990 1626 1176 1697 Itaque
1203 1627 1499 1683 secundum
1550 1628 1600 1682 id
1648 1628 1792 1698 quod
1836 1629 1930 1692 ait,
1958 1638 2089 1684 tam-
2193 1632 2300 1678 tur.
2323 1623 2593 1678 Habemus
2609 1624 2756 1678 enim
2782 1623 3577 1693 laqueosinhominibusmalz
3601 1625 3762 1681 adhor-

493 1733 645 1787 quam
674 1719 959 1774 crassitudo
1002 1729 1152 1775 terra:
1174 1729 1409 1790 eruptum
1439 1730 1510 1775 est
1550 1737 1705 1791 super
1732 1730 1919 1777 terram
1946 1740 1965 1789 ;
1992 1724 2088 1778 do-
2194 1716 2914 1789 tationis,5$periculosi
2938 1719 3363 1790 exempli,et(b)
3385 1718 3588 1774 elicitm
3609 1734 3757 1776 neces-

495 1812 607 1868 cuil
634 1814 904 1883 exempIO,
935 1815 1056 1884 quia
1098 1816 1274 1869 omnis
1303 1825 1461 1871 terra:
1514 1827 1733 1880 nustrm,
1759 1818 1811 1873 id
1840 1828 1943 1886 est,
1971 1833 2091 1873 cor-
2120 1827 2166 1887 Β
2193 1811 2369 1866 sitatis
2397 1828 2410 1863 :
2440 1826 2562 1866 cum
2589 1826 2688 1866 nos
2718 1812 2785 1865 ad
2815 1812 3122 1884 voluptates
3174 1812 3569 1879 adhortantur,
3589 1828 3699 1868 cum
3720 1815 3760 1869 in

497 1906 644 1976 poris
696 1906 1020 1973 craSsitudo,
1051 1922 1119 1963 ex
1150 1916 1357 1964 natura:
1402 1924 1512 1964 suae
1541 1910 1658 1983 lege
1706 1911 1850 1967 vitiis
1897 1911 2091 1967 eﬂ‘ossa
2195 1906 2471 1974 prosperis
2499 1904 2661 1961 rebus
2713 1906 2826 1961 ευῖε
2851 1905 2907 1961 ill
2941 1906 3111 1961 Deum
3153 1906 3303 1976 impii
3359 1917 3517 1974 ευηιν
3541 1923 3653 1961 cum
3693 1922 3761 1977 ρετ

495 2000 749 2069 erumpit,
785 2008 839 2055 et
883 2014 1051 2069 capax
1102 2003 1184 2056 sui
1234 2017 1341 2058 non
1368 2011 1472 2067 est,
1499 2004 1551 2057 in
1594 2004 1885 2074 perniciem
1916 2020 2089 2073 suam,
2194 1998 2546 2055 contumelias
2586 2008 2644 2056 et
2690 2000 2917 2069 injurias
2951 1997 3018 2054 ad
3078 2010 3287 2054 motum
3315 2015 3425 2056 nos
3484 1998 3761 2055 turbulente

499 2106 569 2147 ne
599 2091 650 2146 in
676 2107 737 2147 se
763 2090 1044 2149 reformari
1071 2093 1260 2164 possit,
1285 2106 1613 2152 exaestuans.
2194 2093 2485 2149 voluntatis
2514 2095 2807 2165 exagitant.
2842 2092 3029 2149 Diﬂ‘ert
3076 2103 3259 2149 autem
3288 2093 3528 2164 laqueus
3573 2108 3604 2147 a
3629 2106 3754 2147 scan-

510 2255 525 2268 .
575 2185 663 2241 15.
695 2183 930 2242 Charitas
950 2188 1116 2243 aliena
1144 2190 1314 2261 plorat
1362 2190 1497 2245 mala
1540 2190 1686 2261 quasi
1712 2192 2096 2248 sua.——Erum-
2197 2186 2341 2243 dalo.
2374 2187 2620 2259 Laqueus
2649 2187 2792 2242 enim
2816 2196 2900 2241 est
2928 2184 3238 2240 adhortatio
3267 2185 3617 2256 voluptatum
3641 2194 3687 2239 et
3706 2184 3764 2237 ia-

500 2290 661 2353 pcnte
689 2290 869 2338 autem
912 2282 1013 2339 hac
1043 2284 1401 2340 crassitudine
1450 2300 1614 2357 super
1656 2301 1736 2351 se,
1770 2286 1932 2343 habet
1962 2302 2097 2344 mm-
2198 2282 2469 2338 centivum
2528 2279 2874 2351 appetitionis
2921 2278 3231 2335 inhonesta:
3260 2320 3274 2343 ,
3322 2278 3479 2349 quod
3525 2276 3675 2332 tnodo
3706 2276 3765 2330 ls-

499 2388 680 2432 rorem
710 2373 1004 2446 Propheta,
1041 2377 1270 2434 dicens:
1317 2377 1585 2453 Dissipata
1611 2389 1729 2435 sunt
1766 2397 1882 2436 ossa
1919 2392 2097 2438 nostra
2198 2377 2325 2449 quei
2353 2376 2545 2433 l'allens
2589 2378 2751 2447 capit.
2786 2375 3112 2433 Scaudalum
3139 2383 3325 2432 autem
3382 2382 3474 2431 est
3504 2390 3635 2430 uxor
3668 2376 3766 2429 ine

498 2482 643 2522 secus
668 2466 943 2539 infernum.
976 2466 1048 2526 Se
1072 2468 1347 2539 dissipari,
1373 2484 1434 2528 se
1461 2470 1721 2544 dispergi,
1753 2485 1993 2530 sesecus
2015 2474 2099 2530 in-
2198 2471 2412 2545 ligiosa,
2442 2470 2584 2527 ﬁlius
2610 2470 2847 2543 iniquus,
2895 2480 2952 2527 et
3001 2478 3202 2526 caetera
3254 2468 3531 2539 deinceps
3558 2470 3628 2538 (c)
3655 2466 3764 2522 domi

497 2559 715 2616 {eruum
741 2559 884 2633 abigi
914 2560 969 2617 in
993 2571 1342 2634 peccatorum
1372 2564 1682 2623 calamitate
1706 2568 2008 2625 existimat.
2037 2568 2095 2625 Si
2202 2566 2443 2635 nomina,
2477 2575 2533 2623 et
2557 2567 2736 2622 omnis
2764 2581 2831 2621 ex
2870 2564 3117 2621 Ecclesia
3137 2564 3308 2620 frater
3328 2573 3427 2618 aut
3455 2564 3768 2619 contumelia-

499 2653 644 2710 enim
691 2672 854 2711 unum
895 2657 1198 2713 membrum
1229 2659 1575 2729 compatitur,
1617 2662 2019 2733 compatiuntur
2046 2671 2101 2720 et
2203 2674 2317 2726 sus,
2344 2669 2438 2714 aut
2461 2673 2678 2723 avarus,
2709 2659 3087 2725 autebriosus,
3112 2667 3200 2713 aut
3238 2657 3437 2727 turpis.
3470 2656 3528 2711 ln
3555 2657 3635 2711 his
3659 2657 3765 2710 cui:

500 2748 680 2803 omnia
723 2746 767 2819 (ι
813 2746 958 2816 Cor.,
1011 2764 1108 2815 xu,
1131 2750 1248 2821 26).
1279 2748 1479 2807 Omnes
1510 2754 1657 2808 enim
1686 2754 1914 2810 invicem
1944 2757 2101 2812 unius
2204 2752 2361 2808 nobis
2394 2762 2477 2808 est
2526 2752 2861 2814 scaudahnn,
2904 2751 3157 2821 quotiens
3186 2749 3256 2805 ad
3287 2750 3665 2805 necessitatem
3689 2750 3767 2803 ita-

501 2843 746 2912 corpuris
774 2844 1012 2900 membra
1048 2861 1257 2911 sumus,
1290 2857 1347 2903 ut
1372 2857 1426 2904 et
1453 2850 1505 2903 in
1534 2850 1708 2905 altero
1740 2851 1944 2921 psalmo
1979 2854 2054 2906 ait
2085 2870 2097 2907 :
2204 2846 2415 2914 scendi,
2464 2847 2764 2919 arguendi,
2826 2844 3125 2913 inhibendi,
3186 2843 3534 2911 Vindicandi.
3590 2859 3652 2899 ex
3706 2842 3767 2896 lib

503 2936 755 3008 Dispersa
807 2948 926 2993 sunt
981 2941 1153 2995 omnia
1183 2956 1300 2996 ossa
1350 2959 1460 2997 mea
1517 2941 1634 3014 (Ps.
1672 2960 1786 3009 xxt,
1821 2945 1913 3014 15)
1947 2960 1962 3011 ;
1994 2961 2101 3000 non
2205 2942 2401 3013 quietaa
2423 2941 2545 2995 lidei
2568 2951 2770 2997 nostra;
2790 2938 3211 2995 mansuetudine
3242 2952 3629 3008 provocamur.

506 3029 691 3100 utique
716 3045 778 3086 ea
806 3046 950 3097 ossa,
984 3047 1079 3103 per
1105 3049 1225 3104 qum
1262 3048 1460 3105 corpus
1492 3044 1733 3091 nostrum
1762 3037 1815 3091 in
1846 3036 1983 3091 hanc
2014 3035 2105 3091 lir-
2280 3036 2366 3091 16.
2410 3035 2747 3104 Iniquitatum
2796 3035 3023 3089 nuntium
3065 3050 3198 3089 unus
3237 3043 3426 3087 auctor
3474 3032 3761 3086 diabolus.—

506 3125 746 3180 mitatem
778 3126 992 3182 virtutis
1044 3142 1158 3183 sua:
1203 3130 1548 3185 continetur:
1596 3131 1689 3186 sed
1745 3132 1867 3202 quia
1917 3147 2103 3188 omnes
2207 3129 2365 3185 Novit
2393 3140 2573 3185 autem
2616 3144 2802 3197 unum,
2837 3129 2927 3199 qui
2959 3143 3055 3198 per
3083 3141 3277 3184 omnes
3303 3126 3645 3197 iniquitatem
3672 3140 3767 3195 ope-

507 3232 672 3272 unnm
725 3232 922 3289 corpus
950 3234 1157 3286 sumus,
1214 3231 1267 3276 ct
1319 3221 1547 3279 invicem
1602 3224 1841 3279 membra
1889 3238 2098 3291 sumus,
2126 3232 2172 3295 C
2206 3232 2389 3277 rantes
2430 3222 2546 3293 ipse
2593 3221 2771 3292 potius
2820 3221 2873 3276 in
2914 3219 2999 3276 his
3044 3220 3255 3289 laqueis
3285 3234 3515 3288 semper
3541 3226 3767 3288 operetur,

505 3310 750 3380 corporis
781 3312 955 3368 nostri
988 3328 1111 3369 ossa
1140 3322 1269 3369 sunt
1288 3315 1490 3370 caeteri.
2205 3315 2413 3384 dicens,
2458 3314 2623 3373 Vens.
2658 3317 2727 3373 10
2755 3331 2769 3369 :
2801 3313 2999 3369 Cadent
3046 3314 3098 3368 in
3128 3312 3389 3367 retiacuto
3437 3314 3554 3382 ejus
3581 3320 3769 3381 peccato-

582 3404 668 3460 M.
702 3403 893 3460 Oculos
917 3409 1150 3477 corporis
1177 3425 1240 3462 ac
1261 3409 1442 3463 mentis
1462 3409 1550 3481 qui
1571 3409 1639 3463 ad
1674 3408 1839 3465 Deum
1871 3410 2104 3467 intendat
2204 3425 2324 3464 res:
2352 3408 2471 3479 ejus
2497 3408 2705 3463 scilicet
2742 3407 2834 3478 qui
2866 3414 3122 3476 operatur
3152 3405 3204 3459 in
3238 3403 3522 3475 plurimis.
3550 3400 3771 3471 Quidquid

508 3495 869 3567 PrOpIteta.——
898 3497 1069 3555 Vellet
1102 3502 1280 3571 potius
1309 3517 1416 3557 non
1464 3518 1749 3573 erumpere
1778 3503 2101 3560 crassitudi-

508 3604 634 3645 nem
665 3598 822 3646 terrre
850 3606 1060 3657 eorum,
1093 3609 1268 3663 neque
1296 3594 1546 3665 dissipari
1578 3610 1700 3651 ossa
1740 3610 1896 3652 secus
1932 3595 2101 3653 infer-

512 3696 640 3736 num
666 3698 681 3745 ;
712 3683 805 3737 sed
834 3699 1024 3739 omnes
1064 3687 1233 3756 magis
1282 3686 1404 3751 hac,
1434 3704 1555 3759 qua:
1579 3691 1949 3761 consequitur,
1970 3706 2105 3747 voce

511 3771 622 3827 voti
642 3773 920 3829 uti.Vt-:ns.
945 3776 978 3830 8
1001 3786 1053 3831 et
1083 3775 1136 3831 9.
1188 3778 1323 3845 Quia
1348 3778 1419 3832 ad
1446 3789 1513 3847 te,
1541 3780 1781 3848 Domine,
1799 3785 1936 3838 oculi
1958 3786 2055 3838 mei
2084 3801 2103 3838 :

510 3866 566 3921 in
587 3875 634 3921 te
658 3869 878 3939 speravi,
908 3886 1009 3924 non
1036 3875 1246 3944 auferas
1274 3874 1497 3928 animam
1533 3892 1716 3932 meam.
1744 3874 1959 3933 Custodi
1980 3895 2057 3933 me
2075 3898 2107 3934 a

512 3960 692 4033 laqueo
715 3978 863 4034 quem
893 3974 1175 4020 statuerunt
1196 3967 1343 4034 mihi,
1366 3978 1411 4023 et
1440 3986 1471 4022 a
1496 3970 1756 4026 scandatis
1783 3974 2104 4040 operantium

511 4056 851 4127 iniquitatem.
877 4057 1069 4114 Intenti
1094 4059 1379 4131 Propheta:
1400 4062 1464 4116 ad
1496 4062 1779 4119 Dominum
1826 4064 1969 4120 oculi
1998 4080 2103 4119 non

511 4149 874 4207 deﬂectuntur
901 4152 954 4207 in
987 4154 1193 4225 aliquas
1225 4155 1620 4225 superﬂuarum
1664 4173 1845 4213 rerum
1872 4159 2109 4214 admira-

517 4243 711 4311 tiones,
736 4259 841 4300 non
873 4244 939 4299 ad
986 4247 1366 4321 contumeliam
1414 4249 1683 4318 pudicitiae
1725 4250 1980 4306 honestas
2004 4250 2107 4305 hu-

516 4348 798 4391 manorum
848 4350 1134 4408 corporum
1192 4341 1402 4409 ερθοὶοε
1433 4349 1757 4396 ccutuentur
1787 4383 1801 4408 ,
1852 4358 1961 4397 non
2012 4358 2106 4398 ca-

516 4426 734 4495 piuntur
778 4440 871 4484 aut
911 4432 1265 4500 pretiosarum
1295 4434 1525 4489 vestium
1574 4449 1761 4504 opere,
1791 4443 1883 4490 aut
1907 4434 2106 4491 blando

516 4520 724 4590 argenti
754 4523 951 4588 nitore,
983 4533 1075 4579 aut
1096 4525 1414 4581 illecebroso
1442 4525 1648 4599 fulgore
1675 4527 1811 4594 auri,
1845 4539 1936 4584 aut
1961 4529 2105 4584 inani

518 4614 723 4669 honore
771 4631 1149 4685 gemmarum,
1209 4628 1302 4675 aut
1354 4620 1588 4678 factioso
1632 4624 1927 4695 spectaculi
1956 4624 2111 4679 thea-

2208 3504 2353 3559 enim
2386 3503 2730 3575 iniquitatum
2759 3500 3009 3556 homines
3032 3508 3254 3572 gerunt,
3298 3513 3332 3552 a
3361 3496 3587 3553 diabolo
3623 3508 3772 3566 me

2209 3598 2348 3653 ritur
2380 3612 2395 3652 :
2429 3613 2589 3668 quem
2619 3610 2765 3651 nunc
2784 3595 2886 3651 sub
2911 3593 3170 3666 singulari
3201 3606 3437 3647 numero
3462 3591 3773 3647 demonstrat.

2209 3706 2331 3747 cum
2380 3692 2631 3760 superius
2677 3689 2777 3745 sub
2811 3688 3005 3757 plurali
3034 3686 3343 3743 ministeria
3366 3685 3492 3755 ejus
3521 3681 3774 3754 signiﬁcas-

2211 3797 2294 3843 set
2324 3787 2376 3841 in
2433 3785 2698 3856 plurimis.
2732 3784 2924 3838 Plures
2967 3780 3021 3836 in
3065 3796 3153 3845 eo,
3182 3789 3240 3835 et
3281 3795 3410 3834 eum
3466 3774 3770 3847 signiﬁcatis

2213 3879 2457 3950 pluribus
2501 3887 2703 3948 :atque
2733 3875 2856 3932 ideo
2894 3875 3063 3945 iniqui
3109 3874 3333 3944 laqueos
3380 3869 3775 3939 prastendunut

2214 3973 2267 4027 in
2290 3972 2554 4029 retiacqu
2581 3971 2697 4041 ejus
2723 3968 2922 4025 cadent
2943 3975 3289 4038 peccatores;
3314 3965 3444 4034 quia
3470 3959 3635 4031 iniqui
3654 3960 3776 4015 retia—

2215 4068 2323 4124 culi
2349 4069 2430 4123 sui
2457 4066 2651 4140 (ipsius
2676 4065 2792 4120 scil.
2824 4060 3046 4131 diaboli)
3076 4061 3302 4131 laqueos
3328 4054 3685 4129 prastendnnt.
3702 4050 3775 4105 Ca-

2210 4164 2341 4219 dent
2368 4174 2544 4217 autem
2572 4170 2880 4232 peccatores
2910 4176 2921 4212 :
2952 4156 3033 4229 (ά)
3064 4171 3170 4210 non
3203 4165 3333 4208 tunc
3363 4160 3773 4222 peccatorescm

2209 4256 2509 4313 ceciderint
2537 4252 2737 4318 cll’ecti,
2772 4250 2870 4307 sed
2920 4248 3177 4304 cadentes
3224 4245 3294 4300 ob
3324 4244 3379 4299 id
3407 4244 3538 4313 quia
3567 4248 3771 4313 pewto-

2213 4365 2305 4411 res
2332 4357 2499 4414 sunt;
2549 4345 2786 4416 captioni
2810 4342 3053 4400 retiaculi
3077 4339 3277 4407 ellecti,
3310 4353 3412 4411 per
3436 4337 3489 4393 id
3519 4334 3659 4409 quod
3684 4346 3771 4403 pet-

2210 4454 2423 4517 catures
2454 4448 2600 4507 sunt,
2632 4436 2944 4509 opportuni.

2286 4537 2373 4592 17.
2391 4534 2742 4606 Singularitas
2770 4529 3271 4599 bona.-—Prophcta
3304 4536 3515 4594 autem,
3546 4540 3641 4597 per
3664 4536 3773 4592 spes

2212 4642 2364 4684 suam
2384 4642 2450 4682 ac
2491 4626 2649 4681 tidem
2675 4633 2841 4690 tutus,
2872 4622 3210 4680 conﬁdenter
3233 4620 3301 4675 de
3327 4634 3388 4675 se
3418 4620 3495 4674 ait
3522 4636 3535 4671 :
3571 4616 3777 4687 Singar-

517 4705 671 4760 tralis
701 4709 1017 4773 certamine,
1060 4721 1152 4765 aut
1198 4712 1483 4768 ambitiosa
1516 4688 1845 4786 potestatum
1877 4716 2104 4772 stecula-
2134 4688 2188 4749 D
2212 4721 2337 4775 riter
2381 4735 2494 4773 sum
2542 4734 2633 4790 ego
2663 4688 2836 4773 donec
2870 4725 3144 4770 transeam.
3171 4713 3287 4768 Scit
3310 4711 3533 4782 impiam
3564 4724 3696 4775 esse,
3738 4715 3776 4760 It

517 4799 654 4854 rium
686 4815 877 4871 pompa
914 4820 926 4856 :
962 4801 1056 4857 sed
1108 4803 1159 4857 in
1192 4807 1371 4860 omnia
1398 4807 1679 4883 magniﬁca
1706 4807 1803 4863 Dei
1826 4823 2010 4879 opera,
2039 4808 2108 4865 ad

514 4893 931 4950 admirationem
960 4894 1098 4965 ejus,
1133 4898 1223 4968 qui
1261 4915 1323 4956 ea
1371 4910 1457 4956 est
1485 4913 1764 4972 operatus,
1800 4903 2105 4960 intendunt.

515 4985 697 5057 Neque
720 4988 899 5044 solum
941 4990 1136 5057 oculis,
1165 4992 1259 5047 sed
1292 4994 1453 5049 etiam
1484 5005 1664 5052 mente
1688 5011 1907 5068 semper
1938 4999 2116 5053 inten-

589 5125 664 5198 (a)
690 5124 777 5181 Sic
805 5139 908 5200 ms_.
957 5124 1043 5180 ltic
1089 5126 1315 5200 et_infra
1346 5132 1805 5186 consentientibus
1836 5133 2106 5200 psalteriis

517 5196 826 5275 Carnut._ac
855 5196 1112 5275 German.
1145 5198 1285 5253 Editi
1308 5213 1667 5275 vero,erupta
1680 5213 1772 5258 est.
1806 5196 2105 5275 Utrumque

519 5269 779 5348 pertriittit
801 5268 1026 5348 verbum
1046 5286 1278 5348 grmcutn
1302 5270 1421 5348 διερ“
1634 5274 1894 5346 Exemplo
1919 5268 2102 5344 terrm,

516 5357 635 5414 qua;
662 5338 855 5395 ell'ossa
887 5338 1117 5412 quodam
1148 5341 1309 5397 modo
1352 5338 1708 5413 amplificatur
1732 5355 1789 5402 et
1807 5338 2101 5414 excrescit,

517 5420 597 5485 ut,
625 5412 763 5466 intra
813 5415 1033 5470 scrobes
1072 5430 1103 5469 e
1129 5415 1323 5485 quibus
1370 5412 1565 5473 elibssa
1594 5428 1678 5473 est
1701 5419 1965 5476 contineri
1994 5412 2103 5476 non

515 5484 715 5549 valeat,
738 5486 972 5564 ostendit
1022 5484 1256 5543 Hilarius
1285 5502 1501 5544 carnem
1528 5489 2103 5564 vitiiserumpentibus

516 5564 669 5612 extra
699 5567 902 5612 naturae
931 5557 1078 5631 leges
1120 5574 1415 5631 egressam,
1448 5564 1590 5618 intra
1616 5565 1833 5621 easdem
1854 5557 2104 5622 coerceri

515 5632 624 5701 jam
648 5645 751 5684 non
773 5645 950 5700 posse.

595 5701 669 5773 (b)
695 5702 831 5770 Quid
860 5704 966 5781 sint
981 5703 1072 5781 illi
1117 5707 1429 5763 necessitatis
1458 5709 1644 5765 elicita:
1683 5710 1879 5781 laquei,
1910 5710 2113 5767 intelli-

521 5786 651 5854 gere
693 5784 775 5854 est
828 5789 892 5829 ex
941 5776 1022 5854 his
1047 5790 1329 5854 ps._c_xvnt,
1365 5798 1513 5854 n_um.
1542 5782 1608 5837 17
1642 5776 1813 5837 ;(Σιὶηι
1856 5783 2114 5837 interdum

527 5847 745 5897 occurrit
776 5859 931 5903 causa
956 5847 1068 5915 im,
1102 5850 1295 5907 doloris
1332 5850 1558 5921 affectio,
1581 5854 1800 5923 querelw
1818 5855 2112 5920 necessitas,

2217 4829 2378 4884 supra
2434 4811 2802 4877 ostendimus,
2834 4806 3313 4864 combinationcm.
3365 4805 3481 4860 Deo
3508 4814 3680 4858 autem
3705 4800 3773 4854 de-

2219 4907 2384 4971 ditus,
2414 4905 2576 4962 nullis
2623 4906 2744 4961 aliis
2788 4904 2974 4961 saeculi
3024 4902 3258 4974 negotiis
3304 4906 3775 4970 occupatus,estct

2220 4999 2547 5071 singularis,
2603 4998 2775 5055 donec
2828 5004 3083 5053 transeat.
3118 4995 3185 5050 Et
3234 4992 3364 5064 quid
3396 5002 3487 5049 est
3516 4990 3643 5048 illud
3667 4985 3774 5060 qua!

2210 5137 2360 5192 mala:
2400 5136 2700 5207 cupiditatis
2754 5135 2973 5189 occasio.
3007 5133 3239 5187 Rursum
3285 5131 3342 5185 in
3370 5146 3455 5201 ps.
3486 5145 3646 5207 extat,
3666 5145 3714 5207 ρ.
3735 5125 3773 5182 ι.

2210 5199 2536 5278 praedicatur
2582 5210 2852 5262 necessitas
2895 5222 2983 5278 per
3011 5215 3268 5278 naturam
3302 5199 3557 5278 corporis,
3605 5199 3676 5257 εει
3712 5212 3775 5267 ρετ

2213 5276 2409 5336 motum
2437 5282 2625 5339 animle
2645 5295 2843 5351 semper
2871 5276 3176 5348 ﬂuctuantis
3203 5276 3456 5329 admixta.

2286 5396 2360 5468 (ε)
2389 5395 2445 5451 ld
2496 5394 2776 5468 est,_qund
2829 5393 2882 5468 in
2928 5408 3011 5468 ps.
3069 5407 3261 5468 cxvttt,
3316 5390 3555 5468 num_._3,
3589 5397 3641 5468 et

2214 5460 2486 5523 carissima
2538 5460 2682 5524 nobis
2728 5460 2956 5521 nomina.
2980 5465 3264 5533 Quomodo
3286 5463 3546 5520 seandalo
3575 5462 3693 5523 siut,
3721 5460 3774 5510 ibi

2210 5550 2513 5597 enarratur.

2282 5634 2363 5707 (ά)
2395 5633 2775 5707 Similisilocus
2800 5640 2885 5688 est
2909 5632 2962 5687 in
2994 5646 3077 5702 ps.
3105 5645 3372 5707 cxxtntn.
3398 5626 3455 5682 9.
3490 5626 3601 5683 lloc
3625 5633 3773 5707 autem

2213 5701 2329 5763 vult
2344 5701 2556 5763 tantum
2596 5705 2851 5772 Hilarius,
2876 5701 3092 5774 semper
3117 5701 3468 5773 prmexistere
3494 5704 3772 5774 peccatum,
3860 5748 3861 5753 η

2255 5796 2321 5834 uo
2352 5781 2514 5835 homo
2539 5787 2793 5849 peccator
2838 5769 3132 5849 efﬁciatur,
3159 5782 3452 5849 antequam
3493 5771 3545 5826 in
3590 5769 3775 5837 laqtm‘

2255 5796 2321 5834 uo
2352 5796 2514 5835 nomo
2539 5796 2793 5849 peccator
2838 5796 3121 5839 eluetutur,
3159 5796 3452 5843 altaequattt

2215 5796 2417 5908 giaboli
2448 5851 2625 5918 cadat,
2656 5864 2750 5906 seu
2774 5848 3022 5921 putestati
3042 5848 3162 5917 ejus
3188 5844 3455 5902 tradatur.
