3896 6336
70 313 172 369 853

1135 313 1545 373 TRACTATUS
1583 315 1649 373 lN
1686 315 1847 375 CXLI
1885 317 2235 379 PSALMUM.

3247 324 3359 387 83‘

70 440 301 489 transeat
330 431 641 489 ?Scandala
680 433 906 501 scilicet,
935 442 990 490 et
1014 436 1294 505 retiacula,
1327 447 1381 494 et
1413 441 1651 509 laqueos.
1683 447 1737 507 Α
1762 436 1859 493 Hic
1907 438 1959 494 in
1988 439 2243 511 spelunca
2293 447 2448 503 orat;
2482 438 2570 493 ille
2622 447 2741 494 orat
2773 439 2823 493 in
2876 453 3123 510 corpore.
3148 440 3357 499 Servus

68 528 133 582 Et
158 541 265 596 quo
295 536 555 594 transeat,
604 527 953 598 quaerendum
985 540 1090 585 est.
1115 530 1315 603 Nempe
1347 547 1413 587 eo
1438 546 1543 602 quo
1571 531 1651 585 di-

67 628 203 677 ctum
229 627 349 684 est;
381 619 555 675 ﬁdelis
583 621 726 676 enim
781 630 837 676 et
884 631 1104 679 sanctus
1129 633 1183 679 et
1232 640 1392 681 verus
1421 634 1527 687 est,
1558 623 1651 695 qui

65 715 168 770 ait:
190 713 291 781 Qui
316 723 483 769 autem
508 715 667 769 credit
693 715 745 769 in
774 732 851 770 me
879 732 979 771 non
993 718 1335 790 judicabitur,
1366 718 1455 773 sed
1480 726 1650 772 trans-

65 806 130 859 iet
176 805 238 859 de
278 814 439 859 morte
464 806 518 861 in
544 807 698 861 vitam
748 806 955 879 (Joan.,
988 824 1042 875 v,
1073 807 1166 880 24)
1195 828 1206 861 :
1242 810 1501 865 Dominus
1554 822 1651 864 no-

64 896 343 953 sterlesus
371 896 639 968 Christus,
693 900 786 972 qui
845 908 927 956 est
981 900 1296 957 benedictus
1352 901 1404 957 in
1453 901 1648 957 sarcula

64 989 409 1047 saeculorum.
439 990 631 1049 Amen.

626 1127 943 1186 PSALMUS
990 1129 1170 1186 CXLI.

198 1237 495 1297 Intellectus
528 1240 695 1297 David
720 1260 835 1298 cum
862 1254 991 1300 esset
1013 1245 1065 1299 in
1087 1246 1333 1316 spelunca
1354 1246 1538 1301 oratio.

136 1334 268 1389 Voce
306 1352 418 1390 mea
468 1336 537 1389 ad
578 1335 856 1390 Dominum
885 1338 1125 1403 clamavi,
1158 1354 1279 1393 voce
1304 1355 1414 1393 mea
1442 1338 1510 1393 ad
1543 1336 1648 1392 Da-

63 1430 251 1483 minam
273 1428 578 1499 deprecatus
608 1446 738 1484 sum.
765 1429 995 1497 E/fundo
1025 1432 1079 1485 in
1109 1443 1382 1503 conspectu
1412 1433 1523 1503 ejus
1542 1431 1652 1503 (ln-

60 1522 139 1577 fra
180 1522 305 1579 add.
328 1523 612 1578 oralionem
634 1542 797 1579 meam
822 1527 889 1595 et)
918 1527 1294 1582 tribulationem
1321 1544 1481 1582 meam
1497 1544 1516 1581 :
1535 1538 1653 1583 ante

60 1616 224 1685 ipsum
248 1619 527 1687 pronuntio
546 1659 559 1683 ,
586 1618 637 1672 in
666 1619 954 1688 deﬁcienda
982 1636 1046 1675 ea:
1071 1637 1149 1675 me
1189 1622 1426 1691 spiritum
1456 1638 1645 1676 meum.

60 1706 128 1762 Et
171 1719 224 1762 tu
262 1709 425 1781 σου
451 1711 733 1781 cognovisti
758 1714 965 1766 semitas
1010 1729 1164 1767 meas.
1195 1712 1262 1767 In
1293 1714 1373 1767 via
1397 1714 1514 1780 hac,
1549 1731 1650 1783 qua

58 1802 398 1869 ambulabant,
419 1802 794 1857 absconderant
814 1805 1049 1873 laqueum
1076 1806 1222 1859 mihi.
1248 1804 1647 1860 Considerabam

55 1896 121 1951 ad
146 1898 407 1951 dexteram
434 1907 481 1951 et
500 1897 729 1952 videbam
758 1915 777 1953 :
807 1900 927 1969 quia
955 1916 1056 1953 non
1079 1909 1187 1953 erat
1211 1900 1299 1967 qui
1321 1910 1647 1969 cognosceret

56 2006 132 2045 me
165 1990 290 2061 (non
334 2001 405 2045 est
456 1993 543 2061 qui
570 2002 843 2063 cognoscat
874 1992 996 2063 me).
1028 1992 1194 2047 Periit
1218 1998 1346 2064 fuga
1375 2012 1407 2047 a
1435 2011 1513 2049 me
1548 2011 1566 2049 :
1601 2003 1649 2049 et

54 2098 151 2136 non
170 2094 243 2137 est
272 2084 363 2153 qui
393 2084 613 2154 requirat
634 2086 861 2139 anintam
884 2102 1066 2139 meam.
1097 2084 1328 2140 Clamavi
1354 2086 1423 2140 ad
1444 2096 1510 2153 te,
1536 2086 1649 2142 Do-

54 2175 221 2229 mine:
252 2174 365 2228 dixi
395 2191 415 2229 :
448 2174 517 2229 Te
563 2193 614 2231 es
662 2194 776 2246 spes
806 2195 937 2247 mea,
987 2179 1153 2248 portio
1195 2196 1307 2233 mea
1333 2180 1387 2234 in
1416 2190 1552 2234 terra
1576 2182 1649 2235 vi-

52 2270 292 2323 ventium.
325 2267 543 2324 Intende
568 2272 621 2325 in
668 2270 832 2341 (Infra
858 2273 1012 2327 abest
1035 2272 1111 2346 in)
1136 2275 1419 2330 orationem
1446 2290 1647 2329 meam:

52 2363 167 2430 quia
189 2364 493 2420 humiliatus
534 2382 644 2420 sum
676 2367 849 2421 nimis.
875 2365 1061 2422 Libera
1084 2385 1162 2422 me
1181 2385 1212 2422 a
1235 2370 1649 2440 persequentibus

51 2458 319 2530 nte:quia
358 2461 636 2529 canfortati
687 2469 807 2514 sunt
849 2478 1007 2532 super
1038 2480 1134 2519 me.
1178 2462 1328 2518 Educ
1355 2465 1418 2519 de
1446 2481 1649 2520 carcere

48 2551 270 2604 animam
329 2567 493 2605 meam
517 2553 587 2605 ad
630 2554 975 2623 conﬁtendum
1019 2557 1215 2610 nomini
1266 2568 1374 2623 tuo,
1411 2557 1645 2613 Domine.

48 2642 132 2696 Me
183 2654 602 2717 exspectaverunt
651 2646 991 2719 (exspectant)
1012 2650 1169 2717 justi,
1201 2649 1363 2705 donec
1392 2650 1646 2706 retribuas

50 2737 189 2790 mihi.

486 2829 898 2888 TRACTATUS
937 2831 1208 2888 PSALMI.
1254 2902 1257 2907 ί

118 2947 170 3003 1.
203 2945 451 3002 Psalmus
477 2946 560 3002 hic
585 2960 657 3003 est
682 2948 746 3002 de
775 2947 980 3003 Christo
1010 2949 1063 3003 in
1093 2947 1264 3004 David
1290 2950 1597 3006 adumbrata
1627 2968 1647 3017 ;

48 3037 311 3095 Christum
330 3043 486 3114 gestis
529 3043 635 3098 suis
660 3042 827 3097 David
844 3045 1465 3116 praphetavit.——Psaltni
1489 3046 1649 3117 hujus

45 3135 184 3190 ratio
216 3135 375 3190 titulo
396 3135 725 3205 continetur,
761 3138 857 3193 sed
884 3139 1061 3207 potius
1079 3139 1311 3208 spiritali
1337 3154 1499 3211 quam
1528 3154 1651 3195 cor-

1755 531 2041 587 Dominum
2073 533 2692 603 pr0phetatChrislum:
2731 533 2895 589 David
2923 535 3025 591 iste
3051 536 3203 592 illum
3248 537 3355 593 Da-

1752 622 1837 677 vid
1867 626 2108 680 omnium
2158 626 2468 695 passionum
2514 624 2797 697 prophetat
2845 629 3116 700 exemplo.
3171 630 3353 702 Atque

1753 712 1874 768 ideo
1914 715 2029 770 luce
2081 732 2186 771 non
2234 726 2339 772 tam
2372 717 2539 773 David
2580 718 2647 775 de
2686 734 2746 775 se
2792 719 2931 789 ipso,
2960 735 3121 791 quam
3149 720 3217 777 de
3242 721 3352 777 Do-

1754 806 1899 861 mino
1929 823 2027 877 per
2050 809 2213 865 David
2244 811 2383 867 dicta
2413 811 2728 883 intelligitur
2752 813 2944 867 oratio.

1822 898 1876 952 2.
1903 898 2163 955 Orationis
2184 905 2421 973 perfecta:
2436 904 2563 957 varii
2591 902 3044 974 φθόαι-γεω.
3060 902 3177 960 2-4.
3217 902 3354 962 Voce

1752 1007 1863 1046 mea
1887 993 1956 1045 ad
1987 992 2263 1048 Dominum
2304 996 2539 1061 clamavi,
2592 1012 2709 1051 voce
2749 1013 2858 1052 mea
2885 997 3046 1070 σοι
3077 998 3146 1052 ad
3177 997 3355 1054 Domi-

1752 1100 1875 1138 num
1897 1085 2197 1156 deprecatus
2224 1104 2357 1141 sum.
2390 1087 2617 1155 E/I'undo
2647 1089 2699 1143 in
2722 1101 2995 1160 conspectu
3024 1093 3137 1163 ejus
3163 1092 3357 1147 oratio-

1752 1192 1866 1230 nem
1891 1193 2079 1243 meam,
2102 1186 2150 1231 et
2184 1178 2566 1234 tribulationem
2595 1196 2759 1235 meam
2787 1192 2907 1236 ante
2930 1183 3099 1251 ipsum
3125 1201 3357 1255 pronun-

1753 1267 1845 1322 tio.
1868 1266 1933 1322 In
1958 1268 2245 1336 deiicienda
2270 1285 2334 1324 ea:
2379 1287 2458 1325 me
2490 1272 2726 1341 spiritum
2755 1289 2945 1327 meum.
2980 1275 3203 1345 Egregie
3230 1290 3355 1331 ver-

1753 1359 1943 1416 borum
1974 1361 2105 1417 ordo
2136 1361 2433 1432 dispositus
2472 1372 2575 1419 est.
2613 1364 2852 1421 Primum
2888 1381 3020 1423 voce
3046 1368 3352 1425 clamatur:

1751 1455 1929 1509 omnis
1976 1455 2119 1511 enim
2156 1455 2327 1512 ﬁdelis
2354 1457 2453 1512 viri
2502 1460 2665 1514 etiam
2697 1461 2855 1516 tacita
2891 1471 2946 1517 et
2972 1462 3232 1533 spiritalis
3260 1480 3357 1520 ex-

1753 1551 1985 1620 pectatio
2014 1550 2125 1605 Deo
2150 1551 2356 1607 clamor
2382 1559 2484 1606 est.
2518 1552 2721 1610 Deinde
2748 1570 2879 1610 voce
2917 1565 3124 1624 oratur,
3160 1556 3213 1612 id
3242 1566 3350 1624 est,
3412 1580 3413 1587 η

1752 1642 2005 1699 desiderii
2037 1651 2092 1698 et
2122 1643 2246 1699 ﬁdei
2281 1644 2469 1712 petitio
2495 1645 2671 1700 verbis
2701 1645 2849 1702 vocis
2876 1646 3120 1715 effertur,
3146 1663 3347 1704 secun-

1751 1734 1878 1789 dum
1954 1736 2082 1789 illud
2152 1735 2393 1806 Apostoli
2442 1736 2724 1793 :Psallam
2787 1740 2996 1810 spiritu,
3049 1742 3268 1811 psallam
3306 1748 3355 1797 et

1677 1850 1723 1910 Β
1750 1845 1869 1883 voce
1890 1828 1933 1901 (Ι
1961 1826 2111 1896 Cor.,
2142 1844 2254 1895 xtv,
2290 1830 2401 1900 15).
2422 1829 2606 1886 Tertio
2634 1832 2685 1885 iu
2718 1842 3011 1903 conspectu
3046 1833 3139 1889 Dei
3166 1834 3346 1889 oratio

1752 1921 2061 1988 ell‘unditur,
2084 1936 2191 1977 non
2215 1922 2397 1978 verbis
2419 1924 2626 1979 scilicet
2652 1924 2721 1980 de
2744 1926 2923 1996 lingua
2952 1925 3352 1994 excidentibus,

1753 2016 1849 2071 sed
1877 2016 1946 2071 de
1974 2015 2243 2086 profundo
2274 2027 2327 2071 et
2349 2017 2563 2073 interno
2593 2017 2715 2073 ﬁdei
2749 2018 2896 2074 fonte
2922 2019 3097 2074 oratio
3126 2033 3354 2089 precan-

1752 2110 1819 2164 tis
1847 2108 2255 2176 eﬁ‘unditur;et
2282 2109 2575 2166 effunditur
2627 2112 2680 2166 in
2727 2122 3022 2184 conspectu
3074 2111 3192 2180 Dei,
3246 2125 3355 2167 non

1752 2202 2089 2272 negligenter
2118 2217 2292 2273 neque
2340 2218 2405 2257 ex
2456 2205 2768 2269 securitate,
2798 2206 2892 2261 sed
2942 2216 3213 2277 tamquam
3254 2205 3359 2260 Do-

1751 2294 1898 2348 mino
1934 2304 2198 2363 praesente
2232 2314 2244 2349 :
2274 2296 2366 2366 qui
2397 2298 2541 2351 enim
2594 2308 2781 2353 oratur
2827 2308 2884 2354 ut
2914 2299 3184 2367 exaudiat,
3210 2314 3356 2369 pra:-

1750 2402 1876 2442 sens
1916 2402 2139 2443 necesse
2189 2398 2271 2444 est
2302 2403 2421 2445 esse
2446 2390 2699 2445 credatur
2730 2411 2744 2446 :
2774 2392 2863 2462 qui
2892 2404 3073 2448 autem
3099 2406 3347 2465 prtrsens

1751 2480 2111 2546 existimatur,
2149 2496 2256 2536 non
2314 2480 2556 2537 absentis
2610 2482 3059 2553 dissimulatione,
3089 2484 3184 2540 sed
3215 2498 3357 2555 pra!-

1750 2574 1922 2627 sentis
1965 2572 2174 2629 honore
2204 2573 2539 2631 reverendus
2576 2584 2680 2631 est.
2711 2577 2914 2643 Quarto
2941 2592 3155 2648 quoque
3186 2577 3357 2633 tribu-

1752 2664 2009 2721 lationem
2040 2680 2190 2720 suam
2234 2668 2565 2737 pronuntiat.
2590 2667 2709 2723 Non
2756 2669 3072 2741 impeditur,
3104 2684 3223 2726 cum
3264 2670 3360 2726 tri-

1749 2756 1989 2824 bulatur,
2014 2758 2141 2828 quin
2167 2773 2385 2828 semper
2420 2759 2487 2813 ad
2523 2759 2690 2814 Deum
2711 2762 2952 2815 omnium
2983 2762 3356 2833 angustiarum

1749 2866 1967 2906 suarum
1998 2862 2053 2907 et
2090 2852 2404 2923 passionum
2447 2852 2727 2909 molestias
2756 2853 2976 2909 referat.
3007 2853 3193 2926 Neque
3218 2870 3360 2913 sane

1749 2945 1898 3000 leves
1917 2944 2295 3001 tribulationes
2320 2954 2464 3012 sunt,
2498 2961 2634 3017 quas
2662 2954 2788 3002 ante
2820 2946 2985 3003 Deum
3016 2946 3181 3004 eﬁ'usa
3225 2961 3359 3003 ora-

1753 3039 1897 3094 tione
1921 3040 2235 3110 pronuutiat
2270 3058 2281 3093 :
2329 3039 2425 3095 sed
2454 3039 2508 3094 in
2537 3054 2603 3095 eo
2633 3040 2837 3113 (supple
2864 3039 3203 3113 pronuntiat)
3233 3055 3359 3099 cum

1754 3132 1939 3189 deficit
1970 3134 2037 3188 ab
2067 3148 2132 3189 eo
2156 3133 2379 3204 spiritus
2423 3150 2574 3189 suus.
2608 3132 2678 3188 At
2701 3149 2831 3191 vero
2854 3149 2953 3191 nos
2976 3134 3124 3192 leves
3156 3143 3361 3192 tantum

47 3228 223 3299 porali
255 3229 615 3301 intelligentia
658 3249 671 3285 :
702 3239 756 3286 et
804 3230 927 3285 ideo
955 3232 1008 3285 in
1040 3232 1193 3286 titulo
1222 3233 1503 3287 intellectus
1533 3250 1649 3288 ara—
1673 3242 1718 3305 C
1757 3228 2084 3283 lenlaliones
2133 3228 2201 3282 ab
2251 3228 2570 3283 assiduilale
2618 3228 2883 3285 oralionis
2932 3229 3271 3301 impediunt:
3302 3239 3361 3288 et

43 3321 117 3373 tio
138 3330 245 3375 est.
280 3320 413 3375 Nam
445 3322 489 3376 si
512 3321 761 3392 simplex,
793 3323 1091 3379 secundum
1125 3324 1287 3379 David
1320 3335 1491 3395 gesta,
1521 3341 1646 3381 sen-

44 3421 316 3467 susesset
340 3428 355 3477 ;
382 3414 547 3467 oratio
577 3423 785 3469 tantum
832 3416 1021 3485 psalmi
1056 3416 1215 3470 titulo
1242 3417 1433 3473 fuisset
1460 3417 1650 3474 inseri-

45 3514 155 3575 pta.
184 3504 295 3562 Sed
329 3508 453 3576 quia
505 3506 572 3561 ad
615 3508 876 3562 orationis
904 3508 1267 3578 cognitionem
1313 3510 1541 3580 spiritali
1568 3510 1649 3565 iu-

46 3598 347 3670 telligentia
375 3614 513 3669 opus
551 3610 732 3669 esset;
770 3600 972 3656 idcirco
1000 3601 1285 3656 intellectus
1313 3604 1499 3667 oratio,
1527 3602 1652 3674 quia

43 3692 113 3746 sit
157 3692 537 3761 intelligenda,
572 3694 955 3762 praescribitur.
990 3694 1202 3749 Scimus
1233 3696 1376 3751 enim
1428 3711 1550 3751 esse
1596 3704 1653 3752 et

42 3785 198 3840 illum
234 3784 433 3852 David,
463 3787 618 3856 cujus
644 3787 1047 3843 tabernaculum
1088 3788 1232 3859 quod
1260 3788 1527 3845 ceciderat
1553 3804 1654 3845 ex-

42 3879 277 3935 citatum
328 3888 435 3945 est,
458 3879 681 3950 justum,
730 3882 1019 3946 orientem,
1068 3892 1405 3951 regnantem,
1454 3882 1505 3936 id
1548 3892 1649 3948 est,

45 3974 342 4028 Dominum
382 3982 623 4028 nostrum
660 3973 750 4028 Dei
797 3974 1115 4044 ﬁliumzqui
1162 3976 1479 4045 frequenter
1500 3974 1653 4046 fuge-

40 4066 135 4134 rit,
167 4066 491 4137 frequenter
541 4067 775 4136 latuerit,
827 4067 1138 4137 frequenter
1162 4069 1419 4133 oraverit,
1454 4069 1506 4122 iu
1538 4070 1656 4138 ipso

40 4174 268 4231 quoque
316 4168 565 4229 tempore
610 4159 878 4229 passionis
900 4168 953 4215 et
974 4158 1205 4223 ﬂeverit,
1230 4168 1284 4215 et
1307 4159 1373 4213 ad
1401 4159 1569 4215 Deum
1602 4160 1654 4214 in

42 4252 406 4307 tribulatione
436 4253 771 4318 clamaverit,
802 4267 909 4307 non
931 4252 1002 4307 ob
1034 4251 1335 4307 naturalem
1361 4252 1513 4321 quasi
1536 4265 1659 4321 pas-

40 4346 217 4401 sionis
267 4353 496 4411 metum,
552 4345 648 4402 sed
697 4344 948 4401 allectum
991 4343 1227 4399 hominis
1249 4359 1406 4414 quem
1438 4343 1661 4414 gerebat

40 4438 358 4494 ostendens
394 4454 407 4491 :
438 4448 495 4493 ut
546 4454 642 4509 per
672 4437 810 4493 hanc
862 4438 1162 4494 orationem
1212 4447 1268 4492 et
1297 4435 1439 4491 ﬁlius
1471 4436 1562 4492 Dei
1592 4436 1658 4491 ad

38 4546 210 4601 quem
234 4539 443 4597 oraret,
468 4537 523 4585 et
543 4531 659 4600 ipse
682 4546 787 4585 non
816 4530 1099 4585 simulatus
1126 4526 1201 4601 (a)
1235 4528 1417 4593 homo,
1446 4527 1540 4584 sed
1569 4542 1661 4583 ve-

1751 3319 2320 3390 quantulamcumque,
2375 3320 2426 3374 in
2472 3320 2724 3376 secundis
2769 3320 2930 3377 modo
2974 3322 3158 3391 rebus,
3188 3324 3359 3381 animi

1752 3412 1922 3465 nosui
1980 3413 2340 3466 constantiam
2374 3428 2403 3467 a
2451 3412 2758 3468 devotionis
2810 3413 2993 3471 ofﬁcio
3040 3418 3361 3488 repentinus

1753 3503 1961 3573 exigua:
1994 3502 2323 3559 difﬁcultatis
2354 3514 2529 3560 motus
2549 3508 2764 3561 avertit.
2790 3505 2861 3561 At
2879 3522 3009 3564 vero
3032 3506 3142 3574 hic,
3175 3524 3245 3565 ne
3264 3508 3364 3566 de-

1756 3595 1971 3653 ﬁciente
1992 3597 2210 3668 quidem
2262 3598 2455 3668 spiritu
2505 3613 2625 3667 suo,
2663 3610 2841 3656 cessat
2864 3609 2919 3656 et
2954 3601 3361 3659 tribulationem

1754 3705 1904 3745 suam
1939 3694 2308 3762 pronuntiare,
2353 3702 2407 3750 et
2462 3695 2763 3751 orationem
2810 3694 3110 3775 eﬂuttdcre,
3139 3706 3196 3755 et
3226 3710 3365 3755 voce
3430 3738 3435 3743 -

1756 3799 1913 3840 orare
1942 3785 2081 3855 ipsa,
2111 3796 2167 3842 et
2203 3788 2463 3856 spiritalis
2496 3788 2619 3843 ﬁdei
2649 3805 2783 3846 voce
2812 3791 3070 3849 clamare.

1832 3879 1889 3932 5.
1924 3878 2198 3935 Psalmide
2220 3878 2424 3937 Christo
2438 3883 2571 3936 unde
2593 3884 2974 3955 dignoscantur.
3006 3886 3256 3953 Quwdam
3278 3888 3366 3945 hic

1759 3971 1948 4026 nemini
1969 3974 2338 4027 convenientia.
2368 4005 2439 4014 —
2465 3973 2540 4029 Tu
2558 3978 2839 4045 cognovisti
2864 3981 3071 4033 semitas
3097 3996 3253 4034 meas.
3287 3978 3359 4035 In

1758 4063 1838 4116 via
1869 4063 1985 4126 hac,
2008 4080 2109 4132 qua
2137 4064 2479 4133 ambulabant,
2515 4068 2891 4123 absconderunt
2916 4071 3155 4140 laqueum
3208 4072 3359 4129 mihi.

1760 4153 1888 4209 ilice
1942 4164 2049 4209 tam
2101 4156 2266 4223 illius,
2294 4173 2452 4228 quam
2488 4158 2645 4227 hujus
2678 4158 2866 4227 David,
2897 4163 3073 4217 oratio
3115 4178 3237 4219 esse
3267 4178 3366 4233 po-

1764 4248 1883 4302 terit
1936 4248 2426 4322 existimarizquia
2453 4294 2467 4317 ,
2519 4262 2577 4307 ut
2606 4253 2863 4320 diximus,
2907 4257 3088 4313 omnia
3148 4259 3365 4319 Domini

1762 4340 1903 4396 dicta
1932 4350 2095 4413 atque
2117 4353 2265 4414 gesta
2295 4352 2350 4400 et
2379 4346 2520 4400 servi
2566 4346 2671 4402 ﬁde
2697 4357 2755 4403 et
2799 4349 3081 4420 propheta:
3115 4352 3367 4426 praeﬁgu-

1762 4434 1901 4489 ravit
1921 4436 2190 4505 exemplo.
2220 4436 2519 4509 Numquam
2543 4455 2673 4495 vero
2690 4441 3024 4512 psalmorum
3045 4446 3356 4519 prophetia,

1765 4528 2212 4599 quotiescumque
2253 4546 2319 4585 ex
2377 4546 2608 4602 persona
2671 4533 2881 4590 Domini
2929 4538 3221 4608 profertur,
3255 4556 3365 4601 non

42 4638 139 4679 rus
171 4631 370 4694 posset
422 4621 669 4693 intelligi.
710 4622 845 4693 Ejus
889 4622 1072 4692 itaque
1101 4635 1224 4676 esse
1265 4619 1380 4675 hare
1411 4620 1661 4692 intelligi-
1686 4629 1737 4689 D
1763 4620 1960 4692 aliquid
1994 4622 2266 4692 peculiare
2322 4624 2440 4693 ejus
2486 4640 2548 4680 ac
2582 4627 2877 4697 praprium,
2928 4630 3070 4700 quod
3114 4632 3204 4688 alii
3237 4648 3361 4692 cum

42 4726 133 4772 tur
162 4716 377 4774 oratio.
428 4717 593 4771 David
622 4716 840 4787 quidem
888 4718 940 4771 in
969 4716 1225 4786 spelunca
1258 4715 1533 4787 loquitur;
1565 4716 1660 4772 sed

42 4811 355 4883 prophetat
382 4810 434 4864 in
461 4809 699 4866 Christo.
745 4809 912 4865 David
953 4808 1133 4881 fugit;
1184 4808 1281 4865 sed
1340 4811 1514 4881 fugam
1560 4811 1664 4866 Do-

38 4905 181 4959 tnini
214 4904 308 4960 sui
332 4919 435 4959 non
467 4911 573 4958 tam
606 4918 701 4973 per
726 4903 888 4959 verba
919 4918 1077 4973 quam
1109 4917 1205 4973 per
1225 4902 1403 4973 fugam
1429 4902 1664 4974 prophe-

44 5007 149 5053 tat.
186 4997 368 5051 David
424 4996 621 5066 spiritu
662 4995 890 5063 defecit;
917 4994 1011 5051 sed
1036 5004 1089 5051 et
1130 4996 1359 5051 Domino
1389 4996 1555 5051 tristis
1580 5006 1665 5052 est

36 5094 235 5147 anima
273 5104 446 5159 usque
476 5089 543 5145 ad
570 5099 819 5145 mortem.
857 5088 1021 5145 David
1053 5089 1276 5146 semitas
1299 5089 1440 5145 Deus
1467 5104 1664 5161 cogno-

37 5188 151 5243 scit
206 5203 223 5248 ;
259 5185 361 5241 sed
403 5195 459 5241 et
486 5184 678 5239 Filium
712 5199 869 5239 nemo
897 5185 1046 5239 novit
1068 5184 1169 5239 nisi
1200 5183 1378 5239 Pater.
1411 5183 1579 5239 David
1607 5184 1662 5240 in

39 5277 177 5331 fidei
212 5290 339 5330 suae
368 5275 468 5329 viis
504 5273 680 5344 laquei
708 5272 957 5329 absconsi
983 5284 1147 5338 sunt;
1191 5272 1419 5329 Domino
1444 5289 1663 5345 quoque

38 5368 96 5423 in
129 5366 545 5439 praedicationis
573 5381 684 5422 suae
729 5380 888 5421 cursu
920 5365 1117 5437 ubique
1140 5374 1397 5437 parantur
1427 5366 1657 5422 insidiae.

121 5576 211 5645 (a)
244 5573 314 5630 Si
342 5574 403 5629 ad
458 5573 561 5630 hoc
590 5570 882 5645 assumpsit
908 5568 1438 5645 hominisaﬁ'ectum,
1468 5573 1527 5621 ut
1552 5582 1660 5621 non

38 5641 358 5704 simulatus
404 5645 603 5711 homo,
650 5643 747 5699 sed
798 5656 958 5695 verus
1013 5641 1441 5711 intelligeretur;
1500 5652 1661 5693 verus

36 5732 285 5789 quoque
320 5716 497 5771 debuit
525 5730 645 5791 esse
672 5715 760 5791 ille
782 5711 1027 5777 allectus,
1061 5726 1185 5791 vera
1230 5712 1467 5777 tristitia,
1492 5722 1662 5791 .verus

34 5782 237 5856 dolor,
278 5802 437 5862 verus
490 5786 762 5862 passionis
817 5793 991 5862 metus
1018 5799 1033 5837 :
1065 5782 1158 5853 qui
1188 5792 1364 5862 tamen
1416 5782 1541 5862 quia
1569 5794 1661 5835 as-

33 5854 347 5933 sumptus,
379 5854 557 5915 Verbo
585 5856 878 5913 assumeuti
915 5868 1021 5910 non
1049 5854 1305 5912 naturalis
1332 5861 1480 5911 recte
1521 5866 1660 5923 pra)-

1768 4727 1835 4768 eo
1864 4728 2152 4771 commune
2172 4730 2296 4773 esse
2326 4731 2435 4771 non
2466 4718 2658 4787 possit,
2688 4718 2923 4790 adjecit:
2955 4732 3011 4777 ut
3040 4726 3164 4795 quia
3196 4728 3365 4785 multa

1769 4819 1833 4859 ex
1864 4820 2091 4874 persona
2124 4807 2239 4876 ejus
2264 4808 2497 4863 hominis
2526 4824 2684 4880 quem
2714 4813 3007 4884 assumpsit
3032 4828 3366 4873 commemo-

1770 4904 1909 4965 rata,
1944 4904 2187 4967 personis
2232 4899 2507 4955 hominum
2550 4910 2733 4958 essent
2776 4904 3085 4979 naturisque
3124 4922 3368 4965 commu-

1774 4990 1885 5057 nia,
1908 4991 2096 5061 psalmi
2130 4994 2308 5063 potius
2328 4994 2395 5049 de
2413 5009 2478 5049 eo
2495 4995 2776 5065 prophetia
2799 5013 2885 5068 ea,
2908 5014 3029 5071 quae
3061 5002 3276 5073 proprie
3299 5017 3368 5060 ex

1774 5097 2003 5151 persona
2052 5084 2168 5155 ejus
2207 5084 2536 5150 dicerentur,
2569 5088 2917 5146 ostenderet:
2950 5103 3006 5147 ut
3027 5092 3157 5148 illud
3190 5110 3367 5167 nunc,

1782 5174 1944 5232 Vens.
1981 5177 2015 5234 5
2036 5196 2049 5233 :
2069 5177 2466 5235 Considerabam
2498 5181 2568 5235 ad
2605 5183 2893 5251 dexteram,
2922 5196 2968 5241 et
2992 5186 3220 5241 videbam
3245 5188 3369 5260 quia

1773 5284 1875 5323 non
1904 5279 1979 5324 est
2035 5271 2121 5340 qui
2171 5281 2443 5342 cognoscat
2489 5289 2587 5329 me.
2621 5272 2783 5331 Periit
2825 5280 2948 5350 fuga
2987 5294 3021 5331 a
3046 5294 3125 5334 me
3152 5287 3235 5334 :et
3264 5296 3369 5336 non

1770 5376 1843 5423 est
1866 5366 1953 5435 qui
1972 5366 2198 5437 requirat
2219 5366 2445 5422 animam
2470 5384 2657 5425 meam.
2702 5369 2868 5424 David
2894 5370 3039 5426 enim
3064 5370 3190 5429 licet
3215 5371 3371 5445 fuge-

1767 5564 2004 5632 dieat‘ur,
2038 5573 2095 5619 ut
2120 5564 2445 5635 explicatum
2474 5576 2557 5622 est
2587 5567 2639 5622 in
2672 5583 2753 5637 ps.
2786 5582 2975 5634 vam,
3006 5570 3175 5628 n.18.
3205 5572 3368 5630 Vide-

1767 5639 1842 5692 sis
1872 5646 2028 5707 tract.
2083 5652 2319 5714 ps_._t.tv,_
2346 5654 2399 5692 η.
2434 5638 2488 5693 6.
2512 5638 2706 5714 Neque
2763 5637 2961 5714 frustra
3009 5642 3078 5695 ait
3134 5645 3185 5697 in
3226 5646 3365 5714 psal.

1766 5723 1983 5781 exxnx,
2035 5723 2091 5762 n.
2127 5709 2190 5781 ll
2228 5707 2470 5781 :rGerens
2501 5710 2720 5763 hominis
2762 5708 2960 5777 Deique
2987 5707 3246 5781 naturam,
3275 5718 3370 5771 ha-

1767 5778 1911 5835 bebat
1957 5788 2007 5835 et
2034 5796 2099 5861 eat
2126 5780 2363 5862 hominis
2383 5781 2684 5862 infirmitate
2714 5782 3068 5862 trepidqtionis
3096 5778 3365 5862 affectum,

1766 5861 1813 5906 et
1840 5867 1905 5907 ea:
1930 5850 2239 5907 conscientia
2262 5850 2543 5908 divinitatis
2571 5852 2859 5908 securitatis
2882 5850 3150 5923 ﬁduciam.

3288 5922 3365 5938 -.α
