4006 6332
161 309 265 371 837

1261 299 1677 370 rnac'rs'ros
1716 259 1796 367 tu.
1821 287 2003 369 cxi.“
2045 309 2394 370 PSALMUM.

3350 307 3456 373 838

157 437 343 485 essent
372 428 662 484 securitate
695 423 969 483 ﬁrmandi.
1026 421 1356 512 Exspectant
1396 441 1525 500 ergo
1578 427 1708 498 justi
1737 467 1751 493 ,
1781 429 1835 491 Α
1860 428 2055 499 quibus
2075 427 2210 501 legis
2237 441 2300 485 ac
2327 427 2714 500 prophetarum
2744 429 2967 486 scientia
2997 430 3136 486 ultra
3169 433 3454 501 prmscrip-

156 522 330 577 donec
359 523 460 577 sibi
493 521 822 578 retribuatur
851 533 880 575 a
921 519 1052 576 Deo.
1096 517 1166 575 Et
1195 519 1322 591 quid
1363 523 1410 576 ei
1454 533 1483 574 a
1527 520 1636 575 Dco
1663 533 1751 575 re-

159 613 468 678 tribuatu'r,
527 611 818 684 Apostolus
861 611 1082 679 docuit,
1112 611 1298 668 dicens
1343 627 1356 664 :
1391 609 1614 684 Propter
1660 610 1754 665 hoc

159 706 400 760 exaltabit
431 721 544 760 eum
573 703 737 772 Deus,
764 715 811 762 et
840 707 1050 762 donavit
1069 707 1112 761 et
1139 717 1324 761 nomen
1346 705 1482 776 quod
1508 717 1579 761 est
1603 715 1756 775 super

159 813 312 854 omne
361 811 544 854 nomen
572 814 590 853 :
619 809 674 854 ut
697 800 753 854 in
774 801 979 855 nomine
1003 793 1129 854 Iesu
1155 813 1302 854 onme
1323 813 1454 870 genu
1477 797 1716 869 ﬂectatur
1739 837 1754 862 ,

159 891 438 947 ctelcstium
458 934 473 959 ,
503 893 821 947 terrestrium
847 901 894 947 et
916 893 1238 964 infernarum
1257 933 1272 958 ,
1303 897 1349 944 et
1371 893 1537 945 omnis
1579 890 1759 961 lingua

160 986 490 1056 conﬁtentur,
519 987 642 1058 quia
671 984 928 1041 Dominus
961 985 1116 1042 lesus
1142 985 1193 1040 in
1233 983 1399 1057 gloria
1430 992 1501 1040 est
1531 983 1626 1038 Dei
1667 1000 1759 1053 pa-

161 1082 256 1136 tris
281 1079 502 1154 (Philip.
530 1095 601 1150 tt,
634 1079 668 1137 9
688 1091 736 1136 et
768 1080 881 1153 l0).
909 1080 1035 1136 lituo
1059 1081 1109 1136 ei
1135 1095 1162 1134 a
1187 1079 1299 1134 Deo
1325 1077 1610 1134 retributio
1636 1083 1756 1133 est:

158 1183 222 1231 ut
246 1172 298 1230 ei
325 1175 558 1244 corpori,
593 1173 734 1246 quod
760 1175 1068 1246 assumpsit,
1103 1181 1340 1246 paterna:
1367 1169 1556 1245 gloria:
1591 1173 1760 1228 done-

159 1275 251 1324 tur
276 1265 572 1323 aeternitas.
601 1267 732 1335 Quae
775 1277 956 1323 autem
988 1261 1057 1322 sit
1084 1267 1356 1338 justorum
1389 1265 1758 1336 exspectatio,

158 1355 305 1417 idem
333 1359 628 1430 Apostolus
651 1360 832 1427 docet,
863 1359 1051 1416 dicens
1083 1375 1096 1414 :
1129 1357 1327 1415 Nostra
1350 1367 1519 1414 autem
1551 1369 1762 1414 concer-

160 1454 300 1508 satio
320 1453 376 1507 in
401 1453 542 1508 coriis
569 1463 662 1520 est,
696 1453 834 1508 unde
860 1463 905 1509 et
947 1452 1022 1526 (a)
1051 1453 1376 1510 Saluatorem
1406 1463 1640 1510 nostrum
1672 1467 1763 1508 ear-

161 1557 452 1616 spectamus
485 1545 669 1601 Jesam
709 1546 969 1602 Christum
995 1591 1010 1615 ,
1041 1548 1127 1620 qui
1154 1545 1538 1617 transformabit
1573 1559 1762 1618 corpus

161 1640 472 1695 humilitatis
510 1652 729 1706 nostra,
775 1643 1152 1714 conformatum
1190 1641 1396 1712 corpori
1434 1642 1613 1714 gloria:
1656 1647 1764 1696 sate

163 1719 344 1805 (Phil.
397 1745 490 1798 tu,
519 1733 594 1789 20
619 1743 666 1790 et
715 1733 831 1806 2i).
864 1733 1198 1806 Exspectant
1239 1749 1371 1806 ergo
1423 1747 1546 1791 eum
1595 1735 1760 1806 justi,

1861 532 1971 577 tum
2029 530 2084 576 et
2133 521 2534 591 ambiguitatem
2581 521 2772 577 littera:
2827 522 2956 588 luit,
3001 521 3304 579 addendum
3355 521 3460 579 hoc

1861 613 2067 685 psalmo
2098 611 2475 684 judicavernnt
2505 611 2525 688 (
2559 611 2623 668 V.
2660 611 2833 668 Tract.
2868 613 3016 670 Psal.
3053 629 3120 683 tt,
3155 631 3207 669 η.
3238 615 3273 668 ‘2
3303 624 3348 669 et
3377 612 3454 687 5).

1859 701 2088 760 Causam
2134 717 2262 761 vero
2285 703 2471 776 judicii
2523 705 2678 761 istius
2733 706 2791 762 in
2846 707 3071 763 exordio
3127 707 3458 778 psalmorum

1862 795 2057 869 (Puri.
2091 811 2144 853 η.
2190 795 2244 871 5)
2275 799 2559 855 docuimus
2584 841 2598 864 ,
2633 813 2731 870 per
2760 813 2921 871 quam
2961 797 3094 856 nihil
3145 797 3198 856 in
3237 797 3462 874 psalmis

1863 891 1965 946 nisi
1988 889 2361 962 propheticum
2385 893 2769 964 cognoscimus
2787 904 3042 965 oportere
3063 896 3306 951 tractari.
3327 893 3461 951 Cum

1863 986 2006 1039 enim
2034 999 2132 1039 nec
2157 985 2326 1054 gestis
2353 1001 2557 1052 sermo,
2587 999 2686 1042 nec
2717 983 3050 1058 temporibus
3083 988 3159 1061 (c)
3185 988 3320 1044 ordo
3341 1003 3465 1044 con-

1867 1073 2085 1141 i'cniat;
2118 1075 2384 1145 reliquum
2410 1085 2516 1143 est,
2545 1073 2604 1132 in‘
2633 1077 2943 1148 exemplum
2971 1091 3036 1134 ac
3062 1077 3341 1135 scientiam
3368 1095 3458 1151 ge-

1863 1167 2156 1223 rendorum
2181 1210 2195 1234 ,
2223 1175 2278 1223 et
2305 1180 2454 1239 gesta
2484 1170 2662 1225 omnia
2697 1171 2752 1224 in
2783 1169 2974 1236 David,
3003 1177 3058 1226 et
3101 1171 3168 1226 ab
3196 1167 3280 1227 his
3310 1171 3468 1226 intel-

1866 1259 2004 1317 lecta
2035 1273 2156 1317 esse
2184 1260 2502 1316 doceamur.
2565 1259 2827 1333 Apposita
2881 1275 3009 1334 ergo
3063 1277 3206 1319 nunc
3261 1264 3468 1334 psalmo

1864 1354 2256 1425 superscriptio
2286 1361 2400 1419 est,
2435 1367 2552 1425 qua:
2585 1371 2690 1410 non
2737 1361 2914 1412 exstat
2943 1357 2994 1410 in
3044 1353 3182 1411 libro
3213 1373 3227 1412 :
3263 1364 3320 1411 ut
3368 1355 3463 1412 ubi

1867 1453 2043 1504 exstat
2067 1447 2150 1522 (id
2179 1455 2264 1505 est
2284 1492 2297 1516 ,
2322 1447 2463 1505 sicut
2499 1449 2552 1504 in
2583 1450 2790 1520 psalmo
2815 1449 2974 1507 tertio
2993 1494 3006 1516 ,
3035 1451 3090 1506 in
3119 1465 3228 1524 quo
3257 1465 3284 1506 a
3318 1450 3457 1508 facie

1865 1540 1982 1615 ejus
2012 1543 2102 1614 qui
2130 1553 2273 1599 nunc
2309 1543 2562 1614 persequi
2597 1544 2852 1600 scribitur
2883 1541 3145 1616 ingerit),
3188 1543 3255 1601 ad
3281 1548 3466 1602 scien-

1865 1635 1995 1690 tiam
2027 1636 2361 1707 prophetica:
2391 1637 2765 1708 intelligentiae
2787 1647 3126 1693 vocaremur.

1935 1727 2098 1803 ωε
2135 1730 2190 1785 2.
2233 1730 2382 1798 Quis,
2415 1747 2516 1803 quo
2545 1732 2747 1786 nomine
2774 1732 2826 1786 in
2873 1741 2978 1787 toto
3022 1732 3116 1788 hoc
3156 1732 3360 1803 psalmo
3388 1733 3464 1788 lo.

160 1828 294 1882 dum
321 1827 659 1883 retribuatur
689 1828 765 1884 illi
793 1843 806 1882 :
845 1827 1052 1884 scilicet
1071 1838 1130 1884 ut
1155 1828 1462 1885 conformes
1489 1827 1622 1884 ﬂant
1646 1828 1761 1900 glo-
1792 1825 1839 1893 B
1866 1833 2073 1894 (luatur.
2113 1849 2187 1865 ---
2225 1822 2516 1895 Prophetat
2556 1837 2686 1895 ergo
2725 1839 2868 1882 nunc
2901 1825 3066 1888 David
3119 1823 3467 1897 paSSIOHibns

158 1922 263 1975 riae
293 1921 539 1990 corporis
579 1921 696 1990 ejus
720 1962 736 1988 ,
769 1923 857 1992 qui
888 1929 971 1978 est
998 1919 1314 1978 benedictus
1345 1921 1398 1978 in
1429 1921 1625 1980 smcula
1655 1929 1757 1978 ste-

155 2013 431 2069 culorum.
464 2011 659 2069 Amen.

663 2103 980 2162 PSALMUS
1018 2105 1226 2162 CXLII.

194 2197 372 2268 Ipsius
397 2195 588 2265 Dauid,
611 2198 816 2270 querulo
844 2199 1240 2270 persequebatur
1275 2207 1388 2254 eum
1411 2198 1712 2256 Abessalon.

228 2287 454 2348 Domine
481 2291 668 2364 (Infra,
704 2289 886 2361 Deus),
919 2293 1106 2346 exaudi
1128 2293 1406 2346 oralionem
1428 2305 1624 2360 meam,
1655 2305 1752 2347 an.

152 2383 299 2438 ribus
357 2384 561 2454 percipe
609 2383 1008 2438 obsecrationem
1067 2397 1236 2438 meam
1269 2384 1368 2438 :in
1417 2385 1627 2439 ueritate
1667 2387 1758 2439 tua

149 2475 344 2530 exaudi
361 2487 462 2542 me,
485 2477 539 2530 in
558 2485 648 2530 tua
666 2475 892 2543 justitia.
907 2473 1073 2546 ωε,
1089 2471 1160 2529 Et
1179 2487 1283 2530 non
1304 2477 1461 2531 intres
1481 2478 1536 2530 in
1549 2477 1756 2545 judicia

151 2568 488 2642 (judicium)
515 2583 630 2624 cum
666 2581 810 2624 servo
851 2577 938 2623 tuo
976 2572 1136 2639 :quia
1171 2581 1275 2624 non
1299 2569 1670 2644 justiﬁcabitnr
1704 2573 1757 2626 in

151 2672 429 2732 conspectu
453 2669 544 2716 tuo
561 2663 726 2716 omnis
741 2662 929 2716 uiuens.
947 2661 1085 2728 Quia
1110 2674 1404 2731 persecutus
1423 2673 1496 2718 est
1521 2665 1757 2722 inimicus

151 2756 382 2809 animum
399 2769 582 2822 meam,
602 2756 890 2810 humilianit
901 2757 956 2810 in
969 2766 1104 2811 terra
1113 2757 1271 2812 vitam
1286 2771 1471 2823 meam,
1492 2757 1756 2814 collocavit

149 2863 236 2900 me
247 2848 300 2900 in
315 2845 560 2913 obscuris,
577 2847 708 2902 sicut
729 2855 953 2902 mortuos
968 2849 1162 2903 saeculi.
1184 2847 1250 2903 Et
1261 2851 1505 2904 antelatus
1517 2860 1590 2904 est
1603 2859 1756 2922 super

143 2955 234 2993 me
254 2941 468 3011 spiritus
479 2953 622 2996 meus
649 2948 668 2995 ,δ
691 2941 744 2996 in
766 2955 844 2996 me
867 2941 1124 2997 turbatum
1151 2949 1226 2997 est
1243 2957 1330 2998 cor
1347 2957 1534 3000 nteant.
1557 2942 1758 2999 Memor

147 3031 230 3100 {sti
243 3031 438 3086 dierum
457 3034 805 3103 antiquorum,
827 3033 1117 3104 (omittitur
1135 3032 1204 3106 et)
1221 3039 1268 3089 el
1284 3036 1554 3090 meditatus
1567 3047 1680 3090 sum
1701 3033 1755 3090 in

145 3124 390 3180 omnibus
411 3126 648 3197 operibus
673 3126 814 3181 tuis:
841 3127 892 3179 in
918 3128 1068 3198 factis
1089 3141 1334 3181 orantium
1358 3133 1562 3182 marium
1589 3127 1756 3183 media

1855 1917 1968 1973 suis
1995 1916 2300 1974 dominicas
2331 1918 2608 1989 passiones
2637 1941 2651 1976 :
2681 1935 2787 1975 non
2811 1919 2879 1975 de
2903 1919 3204 1976 Abessalon
3229 1935 3467 1992 conque-

1853 2019 2000 2077 rens,
2033 2009 2130 2065 sed
2161 2007 2227 2066 de
2259 2009 2344 2066 bis
2369 2011 2458 2082 qui
2485 2011 2786 2068 Abessalon
2817 2010 2882 2066 ad
2929 2011 3222 2082 impietatis
3253 2015 3463 2069 crimen

1854 2091 2109 2172 igniscat.
2132 2101 2298 2174 lgnita
2317 2103 2459 2159 enim
2478 2106 2774 2161 secundum
2795 2106 2834 2160 A
2846 2105 3113 2175 postulum
3132 2103 3330 2162 diaboli
3344 2114 3470 2162 sunt

1852 2191 2030 2263 jacula
2059 2193 2222 2265 (Epit.
2256 2211 2328 2263 νι,
2350 2195 2442 2268 i6)
2475 2213 2488 2250 :
2521 2209 2644 2268 quae
2671 2209 2731 2254 se
2757 2197 2810 2253 in
2831 2209 2928 2254 cor
2947 2197 3100 2254 Judze
3123 2205 3180 2254 ut
3213 2199 3468 2256 Dominus

1857 2283 2162 2340 traderetur
2189 2286 2497 2356 iniecerint,
2541 2295 2598 2345 et
2628 2306 2772 2346 nunc
2813 2291 2868 2346 in
2908 2291 3034 2347 [iliis
3079 2291 3464 2349 inobedientite
3503 2323 3526 2332 α

1855 2383 2172 2445 operentur.
2191 2372 2280 2432 ‘Ob
2299 2378 2442 2449 quod
2467 2379 2728 2436 Dominus
2750 2387 3027 2452 assumpta
3051 2383 3260 2454 peccati
3283 2381 3466 2440 carnis

1855 2469 2243 2538 similitudine,
2273 2473 2345 2528 de
2393 2484 2616 2544 peccato
2659 2475 3040 2532 condemnavit
3078 2485 3362 2548 peccatum
3405 2475 3458 2532 in

1857 2573 2043 2622 carne.
2076 2564 2449 2623 'l‘ractabimus
2494 2579 2626 2640 ergo
2651 2569 2922 2639 psalmum
2953 2583 3019 2624 ex
3060 2583 3291 2642 persona
3332 2565 3464 2626 Pro-
3559 2616 3570 2622 -

1855 2657 2057 2727 pheta,
2109 2658 2462 2730 intelligentia
2491 2671 2552 2716 se
2597 2661 2650 2716 in
2680 2661 2889 2732 peccati
2919 2671 3153 2734 corpore
3197 2660 3460 2734 positum,

1855 2760 1912 2806 et
1939 2752 2082 2807 inter
2107 2753 2304 2809 multas
2333 2759 2393 2810 et
2418 2767 2612 2825 graves
2639 2753 2841 2810 diaboli
2881 2757 3213 2813 tentationes
3239 2769 3336 2828 per
3359 2755 3459 2813 lto-

1858 2844 2059 2900 mine'm
2103 2843 2336 2918 fatigari.
2365 2845 2500 2902 Nam
2547 2853 2608 2903 ut
2639 2847 2897 2903 Dominus
2929 2850 3227 2920 principem
3271 2847 3458 2906 mundi

1861 2951 1967 2992 non
1987 2937 2254 3007 ignoravit
2281 2939 2398 2994 haec
2426 2940 2480 2994 in
2509 2954 2571 2996 se
2598 2953 2695 3011 per
2717 2939 3245 3014 Judaeosludamque
3264 2943 3464 3013 gessis~

1859 3046 1940 3101 se,
1972 3051 2093 3090 cum
2125 3033 2193 3089 ad
2243 3034 2539 3104 Apostolos
2580 3033 2737 3100 dicit,
2772 3033 2909 3089 Ecce
2939 3047 3002 3090 ex
3045 3036 3184 3090 vobis
3211 3051 3344 3092 unus
3389 3047 3464 3093 est

1860 3133 2070 3182 satanas
2117 3125 2299 3199 (loco.
2346 3135 2420 3195 tt,
2462 3126 2590 3201 7i);
2627 3135 2769 3183 totus
2795 3129 2940 3183 enim
2973 3128 3078 3185 hoc
3119 3141 3278 3195 esse,
3333 3130 3460 3200 quia

145 3220 301 3275 labar
326 3219 697 3292 (mutuabor).
731 3219 974 3290 Expandi
1000 3233 1188 3276 manus
1217 3237 1358 3276 meas
1381 3223 1449 3276 ad
1471 3233 1518 3276 te
1539 3235 1558 3277 :
1579 3224 1753 3277 anlrna
1779 3213 1824 3283 C
1857 3231 1954 3287 per
1999 3231 2126 3276 eum
2161 3222 2504 3279 animabatur
2527 3265 2542 3290 ,
2591 3223 2900 3278 ostenditur
2929 3238 2942 3276 :
2975 3223 3047 3278 ita
3091 3231 3148 3278 et
3195 3221 3360 3278 David
3405 3227 3460 3279 in

143 3327 265 3368 mea
314 3314 448 3367 sicut
495 3321 632 3368 terra
673 3313 784 3368 sine
803 3327 939 3383 aqua
968 3315 1077 3368 tibi.
1121 3316 1445 3370 Bursam.
1501 3315 1751 3371 Velociter

141 3407 342 3461 extrudi
369 3417 469 3474 me,
493 3405 738 3471 Domine,
761 3407 943 3478 defecit
969 3408 1181 3472 spiritus
1207 3421 1368 3461 meus.
1404 3403 1528 3460 Non
1553 3417 1751 3462 avertas

141 3498 340 3567 {aciem
367 3506 507 3551 tuan:
539 3507 571 3550 α
597 3513 680 3551 me
709 3511 726 3552 :
753 3507 798 3552 et
825 3497 1014 3551 similis
1041 3509 1130 3552 ero
1155 3497 1574 3553 descendentibus
1590 3495 1648 3553 in
1673 3499 1753 3552 les

137 3603 286 3645 cunt.
317 3589 560 3645 Auditum
610 3593 694 3662 [ac
735 3591 864 3644 mihi
906 3603 1056 3646 matre
1095 3591 1506 3646 misericordiam
1549 3601 1687 3646 luam
1730 3601 1765 3646 :-

143 3685 274 3755 «μή.
297 3685 352 3738 in
383 3693 431 3737 te
450 3686 672 3752 spei-ssi,
701 3682 923 3738 Domine
951 3684 1128 3755 (abest
1153 3683 1416 3754 Domine).
1448 3683 1639 3739 Notam
1666 3685 1750 3754 {ac

141 3775 283 3830 mihi
311 3777 446 3832 siam
471 3779 526 3831 in
555 3793 654 3846 qua
681 3777 935 3832 ambulem
962 3778 1121 3848 :quia
1149 3779 1219 3832 nd
1258 3787 1306 3833 te
1339 3777 1500 3833 levavi
1525 3779 1748 3832 animum

143 3885 342 3925 meum.
379 3869 536 3942 Eripe
560 3885 644 3926 me
671 3874 734 3926 de
760 3872 984 3926 inimicis
1007 3873 1151 3937 meis,
1189 3870 1426 3934 Domine,
1461 3872 1529 3924 ad
1560 3881 1605 3926 te
1633 3887 1748 3926 cono

143 3967 263 4037 fugi
296 3979 316 4020 :
343 3967 468 4020 doce
495 3979 575 4020 me
611 3969 782 4037 facere
806 3965 1121 4019 uoluntatem
1159 3973 1326 4030 tuam,
1365 3965 1486 4034 quia
1512 3971 1567 4019 tu
1607 3963 1748 4018 Deus

141 4074 291 4115 meus
320 4075 391 4113 es.
439 4058 668 4129 Spiritus
713 4067 827 4111 tuus
878 4057 1041 4110 bonus
1086 4055 1299 4109 deducet
1329 4065 1410 4109 me
1449 4058 1503 4110 in
1557 4065 1748 4110 terram

140 4159 341 4207 rectam
360 4161 568 4223 propter
592 4165 771 4205 nomen
802 4159 964 4217 tuum,
990 4147 1232 4204 Domine.
1265 4148 1564 4219 Viuiﬁeabis
1586 4163 1666 4204 me
1692 4153 1745 4204 in

139 4245 391 4316 (equitate
436 4252 542 4300 tua.
593 4243 798 4299 Educes
844 4244 908 4298 de
935 4244 1261 4298 tribulatione
1288 4244 1517 4298 animam
1547 4257 1743 4313 meam,

139 4347 192 4395 et
223 4339 283 4393 in
309 4338 662 4393 misericordia
693 4343 781 4391 tua
804 4336 1068 4408 disperdes
1088 4336 1325 4391 inimicos
1347 4349 1508 4390 meos.
1536 4335 1602 4389 Et
1624 4337 1746 4407 per-

141 4433 242 4488 des
269 4445 440 4486 ontnes
460 4432 548 4502 qui
569 4429 816 4486 tribulam
843 4427 955 4500 (In!
957 4443 1034 4497 ra,
1063 4441 1236 4486 outnes
1259 4429 1496 4485 inimicos
1521 4431 1608 4502 qui
1631 4445 1750 4502 per-

1852 3311 2155 3370 Abessalon
2185 3327 2302 3380 eos,
2340 3327 2436 3386 per
2463 3329 2600 3385 quos
2629 3314 2934 3370 Abessalon
2963 3323 3047 3370 est
3072 3314 3216 3381 talis,
3250 3313 3457 3370 intelii~

1852 3407 1949 3476 git.
1971 3406 2035 3461 Et
2057 3407 2180 3477 quia
2199 3406 2311 3477 jam
2338 3408 2389 3462 in
2415 3408 2577 3463 tertio
2599 3407 2802 3476 psalmo
2847 3408 3005 3463 latior
3035 3406 3161 3462 hinc
3197 3405 3298 3462 fuit
3339 3421 3457 3464 sera

1853 3497 2108 3574 mo(Non
2130 3509 2294 3556 exstat
2322 3501 2406 3556 hic
2434 3499 2726 3574 tractatus);
2751 3517 2894 3558 nunc
2915 3500 3108 3574 psalmi
3129 3501 3292 3572 ipsius
3318 3501 3459 3558 dicta

1854 3599 2078 3650 tractem
2088 3607 2148 3649 us
2172 3595 2265 3661 ita,
2282 3601 2344 3649 ut
2358 3594 2762 3651 meminerimus
2776 3595 2977 3664 omnia,
2993 3609 3345 3668 quaecumque
3359 3597 3459 3653 sub

1854 3686 2130 3759 propheta:
2161 3689 2383 3761 nomine
2409 3689 2681 3756 dicentur,
2708 3693 2870 3746 etiam
2917 3691 2984 3746 ad
3028 3703 3317 3763 personam
3353 3693 3460 3749 Do-

1851 3779 1984 3836 mini
2015 3795 2135 3839 esse
2171 3781 2456 3840 referenda
2485 3805 2498 3840 :
2527 3781 2619 3856 qul
2649 3797 2708 3840 se
2736 3799 2799 3839 ex
2845 3783 3018 3841 forma
3045 3781 3140 3842 Dei
3165 3799 3452 3856 evacuans,

1851 3889 1914 3930 ac
1937 3871 2167 3932 ianuam
2199 3877 2358 3934 servi
2375 3891 2682 3946 assumens,
2711 3877 2983 3936 infirmum
3014 3889 3222 3938 natura:
3254 3891 3456 3938 noStrae

1850 3965 2126 4027 hominem
2157 3972 2319 4028 etiam
2359 3985 2534 4044 usque
2565 3973 2632 4029 ad
2670 3975 2932 4046 ignorata:
2962 3974 3068 4032 diei
3114 3984 3276 4048 atque
3308 3978 3455 4034 horae

1851 4071 1962 4117 suae
1989 4063 2272 4119 scientiam
2300 4063 2371 4120 sit
2393 4061 2694 4136 professos.

1919 4149 1978 4210 3.
2020 4157 2222 4211 Orandi
2243 4159 2549 4229 exemplum.
2576 4157 2716 4214 Deus
2742 4171 2844 4215 non
2869 4167 2946 4215 est
2971 4157 3176 4215 inuidus
3198 4172 3287 4217 aut
3316 4171 3455 4234 prte-

1853 4245 2456 4342 dtn-nsjudex.——Vt-:ns.
2486 4253 2536 4308 1:
2562 4247 2727 4319 Deus,
2754 4252 2942 4308 exaudi
2964 4255 3244 4310 orationem
3266 4269 3450 4324 meam,

1851 4337 2061 4396 auribus
2104 4341 2309 4416 percipe
2355 4343 2754 4400 obsecrationem
2783 4359 2946 4400 meam
2968 4359 2989 4401 .'
3019 4345 3073 4402 in
3123 4345 3331 4404 veritate
3367 4357 3454 4406 tua

1853 4431 2041 4490 exaudi
2064 4449 2164 4504 me,
2213 4435 2266 4492 in
2307 4446 2398 4494 tua
2424 4439 2641 4505 iustitia.
2675 4439 2916 4496 Primum
2948 4443 3250 4498 orationem
3298 4459 3454 4501 suam

141 4523 468 4595 sequuntur)
507 4524 733 4579 animam
774 4531 942 4577 nteant
977 4538 1001 4579 :
1037 4523 1280 4592 quoniam
1307 4535 1403 4594 ego
1429 4533 1602 4578 servus
1627 4527 1747 4578 tuus
1781 4603 1784 4605 Α
1854 4527 2173 4600 deprecatur
2197 4527 2372 4588 audiri
2411 4547 2425 4588 :
2463 4534 2586 4604 quia
2622 4533 2674 4588 id
2703 4529 3023 4588 humilitatis
3067 4531 3318 4593 humanae
3345 4545 3448 4605 est,

141 4629 284 4674 Μ’.
578 4703 994 4763 TBACTATUS
1032 4705 1152 4762 PSA
1165 4701 1303 4760 LMI.
1357 4706 1360 4709 ’

225 4803 282 4859 1.
315 4797 516 4856 Psolmi
542 4801 814 4873 inscriptio
838 4815 869 4854 a
898 4796 1040 4854 LXX
1071 4801 1166 4869 fuit
1201 4799 1399 4855 addita.
1436 4819 1508 4841 -
1539 4799 1744 4856 Pssimt

143 4898 539 4971 super-scriptio
557 4895 704 4952 nulla
728 4909 850 4951 esse
881 4893 1180 4950 secundum
1207 4893 1467 4948 liebrteos
1489 4893 1742 4952 videtur:

144 4993 202 5048 id
226 4991 368 5048 enim
399 4991 466 5046 ab
495 4991 575 5045 his
616 4990 708 5060 qui
739 4999 966 5060 utraque
988 4990 1166 5058 lingua
1197 4987 1398 5042 eruditi
1426 4995 1553 5043 sunt
1579 4989 1746 5044 tradi:-

143 5091 257 5144 ιω.
292 5085 366 5158 (b)
399 5084 878 5153 Transiatoresque
905 5082 1084 5137 caeteri
1121 5080 1256 5135 nihil
1291 5081 1514 5136 omnino
1541 5082 1609 5136 de
1659 5093 1748 5136 re-

142 5179 252 5235 bus
275 5178 481 5250 gestis,
529 5176 582 5232 id
609 5184 731 5241 est,
787 5174 1086 5232 Abessalon
1135 5173 1190 5228 in
1243 5173 1409 5228 David
1457 5169 1629 5244 patris
1661 5175 1743 5229 sui

144 5273 504 5328 insectatione
529 5269 881 5340 scripserunt.
906 5266 1012 5324 Sed
1036 5266 1088 5321 hi
1107 5265 1446 5338 septuaginta
1467 5266 1738 5334 seniores,

244 5409 296 5488 ᾳ)
320 5409 436 5488 bis:
449 5409 863 5488 salpiﬁcatorem.
1157 5480 1169 5488 .
1333 5477 1352 5488 -
1656 5477 1691 5488 η

244 5411 296 5482 α)
320 5411 418 5465 Ms.
449 5411 863 5476 salviﬁcalorem.

157 5537 193 5556 ῃ
221 5411 296 5556 ib)
330 5482 458 5536 [ιλιι.
509 5477 1388 5556 Translatoresque_cwterique._ln
1436 5478 1556 5556 aliis
1604 5477 1734 5536 edit.

147 5548 506 5611 Translatores
555 5555 836 5624 cretei-ique.
876 5548 1063 5606 Verius
1101 5548 1232 5624 mss.
1285 5548 1742 5624 Translatoresque

147 5627 352 5690 caeteri,
388 5627 638 5679 nimirum
667 5621 931 5696 quotquot
977 5631 1174 5696 preter
1197 5621 1545 5696 Septuaginta
1589 5621 1733 5696 psalf

147 5698 348 5754 tet-ium
370 5710 436 5750 ex
463 5692 998 5761 nebrteo'verterunt,
1022 5703 1079 5750 ut
1101 5692 1355 5766 liquet'ex
1385 5692 1735 5766 subsequenti

146 5777 404 5835 tractatu,
423 5779 477 5822 n.
515 5769 564 5822 l.
595 5765 686 5836 sic
707 5773 762 5825 et
791 5764 1166 5823 Theodoretus
1190 5765 1260 5821 de
1283 5764 1440 5821 titulo
1469 5764 1693 5836 loquens
1720 5783 1733 5818 :

150 5839 338 5912 Neque
358 5831 498 5910 apud
527 5835 820 5909 Hebrtettm,
845 5836 1040 5910 inquit,
1065 5847 1228 5908 neque
1253 5836 1393 5909 apud
1427 5831 1561 5893 alios
1579 5837 1742 5894 inter-

1773 4603 1827 4670 Ῑ)
1857 4630 1913 4677 nt
1941 4621 2266 4682 audientiam
2301 4628 2394 4683 Dei
2425 4603 2507 4682 bis
2533 4641 2651 4698 quae
2680 4635 2802 4684 oret
2830 4635 3068 4700 exoptet.
3094 4629 3176 4703 (ά)
3201 4603 3452 4690 Secundo

1853 4713 2074 4783 deinde,
2105 4713 2400 4774 secundum
2429 4719 2798 4790 propheticum
2843 4720 3145 4790 scientiam,
3193 4733 3249 4778 ut
3279 4721 3332 4779 in
3357 4739 3449 4781 ve-

1854 4809 2016 4866 ritate
2059 4805 2150 4866 Dci
2201 4813 2452 4868 audiatur
2485 4805 2813 4886 expostulat.
2862 4813 2978 4873 Non
3027 4827 3110 4874 est
3152 4815 3274 4874 linic
3307 4817 3452 4876 lideli

1855 4901 1972 4957 viro
2007 4899 2144 4958 Dens
2173 4911 2238 4960 ex
2277 4905 2561 4962 elementis
2601 4905 2812 4976 saeculi,
2866 4923 2974 4965 non
3017 4923 3084 4966 ex
3126 4927 3312 4982 regum
3355 4925 3452 4968 no-

1857 4993 2113 5062 minibus,
2150 5005 2254 5052 non
2294 5009 2358 5053 ex
2401 5009 2588 5055 errore
2613 4995 2801 5056 smcnli
2845 5001 2895 5056 in
2939 5003 3104 5072 saxis,
3135 5006 3372 5062 metallis
3399 5013 3454 5063 et

1855 5084 2014 5157 lignis
2040 5104 2054 5140 :
2077 5085 2172 5142 sed
2203 5101 2362 5145 ret-us
2390 5089 2440 5145 ei
2469 5087 2612 5147 Deus
2650 5101 2753 5161 est,
2785 5099 3041 5161 aeternus,
3083 5098 3445 5168 omnipotens,

1855 5185 1912 5235 et
1935 5179 2299 5238 universitatis
2328 5179 2570 5240 eﬂ‘ector.
2599 5177 2780 5241 Tertia
2813 5201 3029 5259 quoque
3055 5189 3344 5260 postulatio
3367 5199 3453 5248 est

1851 5261 1912 5326 u't
1934 5271 1986 5326 in
2005 5269 2214 5343 justitia
2239 5272 2339 5332 Dei
2369 5277 2638 5334 audiatur.
2675 5273 2746 5351 (ε)
2780 5275 2894 5334 Non
2931 5290 3012 5337 est
3035 5283 3333 5352 tyrannicae
3361 5297 3450 5341 vo-

1858 5424 2023 5498 pr'etes
2054 5415 2187 5498 hanc
2214 5419 2382 5472 inveni
2407 5421 2745 5498 additionem:
2775 5422 2930 5498 Apud
2958 5423 3341 5498 Hieronymum
3371 5433 3452 5488 itt-

1855 5487 2115 5543 scribitur
2142 5487 2421 5544 dumtaxat
2443 5495 2674 5563 psalmus
2704 5487 2896 5552 David.

1929 5577 2003 5652 (c)
2038 5581 2206 5635 Abest
2233 5581 2358 5636 ordo
2385 5598 2413 5637 a
2438 5599 2567 5640 mss.
2598 5601 2712 5656 reg.
2742 5594 2797 5641 et
2823 5586 3006 5646 Albin.

1927 5669 2008 5742 (ά)
2041 5670 2246 5741 Regius
2269 5673 2440 5730 codex
2459 5685 2588 5752 cum
2616 5673 2796 5734 Albin.
2825 5683 3053 5750 loquenti
3079 5683 3284 5742 deinde.

1858 5761 2564 5856 L_r(_.ej)_lu‘prredietts‘mss.
2599 5781 2701 5825 non
2725 5781 2800 5827 est
2838 5783 3013 5831 orator
3041 5776 3133 5847 (an
3172 5777 3380 5856 auditor
3399 5781 3450 5856 7)

1851 5835 2040 5892 inuida
2064 5837 2339 5894 voluntatis
2368 5839 2524 5895 Deus.
3046 5835 3059 5847 ‘
3171 5855 3176 5860 -
3401 5835 3446 5856 "
3492 5859 3503 5870 -
