4006 6332
537 293 646 354 839

1758 289 2002 349 SANCTI
2043 289 2300 349 HlLAllll
2340 288 2646 369 Episcopi

3747 296 3841 357 840

545 407 769 465 luntatis
788 407 951 474 Deus,
984 419 1091 462 non
1115 404 1374 475 praedura?
1406 411 1461 461 et
1487 404 1684 476 iniqua:
1715 405 2026 477 pertinaciae
2055 421 2138 462 ar-
2164 407 2213 468 Α
2244 417 2329 462 tur
2353 421 2473 463 esse
2504 406 2816 473 meditatur,
2860 406 3037 477 qualis
3072 405 3188 475 ille,
3221 406 3299 483 (c)
3330 406 3425 480 qui
3467 421 3499 465 a
3529 407 3648 466 Deo
3684 410 3839 470 factus

546 500 720 567 biter;
754 499 848 556 sed
879 500 970 571 qui
999 499 1263 554 rationem
1293 497 1490 553 habeat
1510 496 1839 553 inﬁrmitatis
1864 496 2135 553 humanae:

545 610 723 665 neque
749 594 838 665 qui
868 594 964 647 hos
984 592 1329 649 demutabilis
1358 598 1562 647 naturae
1608 602 1809 647 noslrze
1854 593 2143 661 promptis-

545 690 712 745 simos
732 688 914 757 lapsus
937 686 1232 743 secundum
1264 684 1663 741 indemutabilis
1691 685 2007 741 substantiae
2029 700 2142 740 sine

544 782 861 840 indeﬂexam
884 781 1237 838 constantiam
1257 780 1546 846 metiatur;
1574 779 1669 836 sed
1689 780 1866 850 justus
1887 786 1943 835 et
1963 780 2143 836 mode-

543 892 671 933 rans
699 884 906 931 tantum
938 875 1006 931 ab
1030 875 1248 931 homine
1278 882 1590 948 exspectet,
1638 884 1900 945 quantum
1945 874 2140 929 memi-

545 968 686 1025 nerit
714 969 963 1023 humanae
992 966 1157 1023 licere
1179 975 1406 1022 natura}.

613 1059 669 1115 4.
715 1059 1032 1116 Innocentia:
1062 1060 1280 1114 hontinis
1319 1075 1470 1130 quam
1501 1058 1662 1114 multa
1696 1058 2026 1114 insidientur.
2071 1084 2142 1097 —-

544 1152 614 1209 Et
643 1154 765 1210 ideo
794 1154 1023 1222 subjecit
1047 1154 1115 1210 ad
1162 1154 1237 1221 id,
1291 1153 1437 1225 quod
1479 1169 1540 1209 se
1578 1154 1631 1209 in
1668 1152 1875 1223 justitia
1907 1151 1999 1207 Dei
2028 1165 2146 1207 ora-

542 1249 621 1305 vit
640 1247 836 1313 audiri,
864 1247 1030 1304 Vens.
1048 1245 1086 1301 2
1106 1264 1119 1300 :
1140 1246 1211 1301 Et
1226 1264 1327 1303 non
1347 1248 1503 1302 intres
1524 1247 1576 1301 in
1593 1247 1850 1320 judicium
1863 1262 1979 1299 cum
2001 1259 2143 1301 servo

545 1352 632 1397 tuo
658 1359 676 1397 :
700 1343 823 1414 quia
840 1358 942 1396 non
960 1342 1336 1414 justiﬁcabitur
1365 1341 1418 1397 in
1439 1351 1716 1413 conspectu
1757 1350 1843 1395 tuo
1872 1340 2037 1395 omnis
2063 1339 2137 1393 vi-

542 1454 679 1493 vens.
714 1437 852 1506 Quid
880 1437 1025 1494 enim
1056 1438 1173 1509 Spei
1204 1447 1306 1503 est,
1342 1440 1387 1493 si
1428 1437 1673 1507 judicare
1715 1451 1815 1491 nos
1843 1434 2140 1491 secundum

543 1547 602 1589 se
624 1532 764 1589 Deus
791 1533 942 1597 velit,
993 1534 1037 1587 si
1068 1533 1136 1588 ad
1166 1532 1631 1605 comparationem
1662 1532 1744 1588 sui
1776 1532 1898 1586 vitae
1941 1538 2142 1587 nostra:

542 1627 904 1685 innocentiam
922 1626 1234 1699 postulabit.
1254 1626 1547 1683 iustiﬁcari
1568 1634 1746 1682 autem
1772 1627 1823 1681 in
1844 1633 2142 1697 conspectu

545 1719 644 1777 Dei
688 1722 808 1793 quis
850 1722 1145 1778 viventium
1189 1721 1407 1793 potest?
1450 1720 1536 1777 cui
1569 1722 1669 1789 ira,
1700 1721 1785 1776 cui
1831 1720 2012 1788 dolor,
2045 1719 2133 1775 cui

2247 510 2351 568 est,
2386 502 2480 557 fuit
2506 512 2629 558 ante
2654 511 2954 573 peccatum.
2998 503 3101 559 Per
3127 504 3272 575 quod
3309 505 3431 575 quia
3464 520 3577 561 non
3609 517 3840 564 mortuus

2246 593 2452 664 smculi,
2477 594 2571 650 sed
2601 604 2870 666 tamquam
2900 603 3143 652 mortuus
3167 596 3348 652 saeculi
3394 597 3450 653 in
3487 598 3740 655 obscuris
3771 610 3841 657 est

2246 686 2562 752 collocatus,
2580 686 2925 743 meditabitur
2934 703 3045 744 sem
3053 703 3167 758 per;
3183 697 3237 746 et
3251 689 3605 747 meditabitur
3620 706 3839 763 semper,

2246 780 2369 850 quia
2415 782 2758 853 antiquorum
2784 780 2991 837 dierum
3024 797 3253 850 memor,
3307 784 3390 855 (ά)
3416 787 3524 840 scit
3551 801 3656 857 per
3678 795 3840 844 trans-

2245 876 2575 946 gressionem
2603 874 2737 945 legis
2762 886 2989 932 mortem
3017 874 3268 933 introisse
3293 877 3530 948 peccati.

2320 968 2372 1021 7.
2416 966 2583 1022 Homo
2605 968 2792 1023 sterilis
2818 977 2891 1023 est
2912 970 3021 1022 sine
3049 968 3145 1023 Dei
3172 971 3363 1039 gratia.
3395 1000 3469 1011 —
3502 970 3561 1026 ln
3585 985 3659 1027 eo
3678 980 3839 1029 autem

2246 1061 2388 1133 quod
2420 1071 2473 1117 et
2513 1076 2723 1117 memor
2761 1064 3102 1134 antiquorum
3146 1062 3383 1129 dierum,
3424 1075 3484 1122 et
3513 1066 3568 1121 in
3599 1068 3839 1137 operibus

2249 1153 2347 1210 Dei
2393 1154 2683 1211 meditatus
2724 1164 2829 1222 est,
2879 1164 3040 1227 atque
3090 1156 3465 1223 meditabitur,
3520 1174 3834 1230 quamquam

2248 1263 2345 1317 per
2373 1247 2530 1304 ﬁdem
2560 1262 2711 1303 suam
2742 1248 2992 1318 coeperit,
3028 1257 3205 1304 tamen
3238 1265 3345 1306 non
3383 1250 3673 1321 proprium
3698 1266 3835 1307 suum

2246 1357 2387 1409 esse,
2418 1358 2485 1399 ne
2518 1342 2758 1400 insolens
2797 1345 3171 1410 existimetur,
3210 1345 3306 1401 sed
3342 1362 3438 1415 per
3464 1347 3739 1403 auxilium
3765 1348 3840 1403 Dei

2246 1435 2314 1490 ad
2348 1451 2507 1507 quem
2548 1436 2722 1491 oravit
2750 1436 2853 1492 sibi
2892 1436 3159 1492 indultum
3196 1454 3317 1495 esse
3366 1439 3739 1505 demonstrat,
3778 1441 3844 1496 tli-

2246 1542 2398 1595 cens,
2417 1528 2583 1584 Vens.
2610 1528 2643 1583 6
2670 1545 2684 1583 :
2707 1527 2953 1598 Expandi
2976 1546 3158 1585 manus
3175 1548 3313 1585 nteas
3336 1534 3406 1586 ad
3427 1542 3479 1587 te
3503 1550 3523 1587 :
3551 1534 3731 1589 citima
3752 1551 3846 1588 mea

2245 1625 2376 1679 sicut
2404 1633 2539 1679 terra
2568 1626 2678 1679 sine
2704 1642 2857 1696 aqua.
2887 1625 3055 1682 Terra
3092 1627 3209 1683 sine
3241 1642 3382 1699 aqua
3423 1629 3585 1685 arida
3627 1638 3683 1685 et
3724 1630 3845 1686 iule-

2246 1715 2418 1772 cunda
2450 1724 2555 1784 est,
2584 1724 2639 1772 et
2662 1716 2875 1789 irrigari
2913 1733 3035 1774 sese
3069 1733 3286 1789 semper
3311 1721 3493 1776 imbre
3522 1723 3721 1792 pluvia
3745 1739 3843 1779 cccc

541 1813 826 1885 cupiditas,
873 1816 956 1871 cui
986 1814 1273 1888 ignoratio,
1321 1814 1406 1870 cui
1439 1813 1671 1881 oblivio,
1703 1814 1789 1869 cui
1833 1826 2023 1877 casus,
2057 1812 2141 1868 cui
2172 1801 2219 1862 Β
2248 1808 2399 1865 lestis
2428 1817 2705 1879 exspectat
2731 1828 2745 1866 :
2776 1810 2848 1865 ita
2879 1822 2934 1866 et
2953 1812 3122 1866 sancti
3147 1812 3326 1867 anima
3359 1825 3845 1872 natumsnxcon-

543 1908 839 1964 necessitas
868 1908 950 1963 vel
975 1923 1070 1978 per
1098 1915 1345 1963 naturam
1376 1907 1652 1977 corporis,
1682 1907 1768 1962 vel
1809 1921 1906 1974 per
1933 1914 2139 1961 motum

2265 1903 2397 1968 scia,
2414 1903 2801 1959 immadescere
2813 1917 2872 1959 se
2887 1902 3030 1959 dono
3044 1903 3210 1959 divini
3230 1905 3438 1977 eloquii
3462 1906 3720 1963 desiderat
3739 1927 3755 1963 :
3772 1909 3840 1965 de

541 2000 737 2055 animae
767 2015 983 2071 semper
1020 1999 1328 2055 ﬂuctuantis
1376 1999 1611 2055 admixta
1652 1998 1722 2052 sit
1751 2015 1763 2050 :
1794 1997 1879 2053 cui
1906 2005 1956 2052 et
2002 2009 2141 2066 quo-
2240 2012 2348 2069 quo
2375 1997 2584 2069 Moyses
2610 1996 2706 2061 ait,
2730 1995 3076 2068 Exspectatur
3097 1999 3230 2053 sicut
3254 2001 3437 2070 pluvia
3460 2001 3837 2071 dictu-ineunt,

543 2092 675 2148 tidie
715 2092 1067 2164 gravissimus
1117 2093 1287 2148 hostis
1334 2093 1652 2159 immineat,
1703 2088 2143 2161 diabolussos

544 2186 797 2243 videlicet
826 2189 1019 2243 anima:
1046 2186 1147 2241 viri
1178 2186 1351 2243 ﬁdelis
1380 2185 1664 2253 insidians,
1711 2198 1940 2255 eamque
1970 2182 2038 2237 ad
2062 2182 2144 2236 in-

545 2280 762 2336 teritum
790 2279 1158 2351 persequens?
1189 2279 1339 2334 Hanc
1381 2279 1524 2333 enim
1568 2292 1691 2334 esse
1717 2290 1936 2331 causam
1960 2274 2138 2341 docet,

543 2386 647 2444 qua
680 2387 839 2427 nemo
866 2372 1055 2427 vivens
1093 2370 1380 2442 justiﬁcari
1410 2371 1464 2426 in
1488 2380 1783 2439 conspectu
1821 2367 1915 2423 Dei
1947 2366 2138 2438 possit.

545 2464 692 2522 Vens
719 2467 773 2521 3.
827 2465 973 2534 Quia.
988 2476 1281 2537 persecutus
1321 2473 1394 2519 est
1436 2464 1674 2518 inimicus
1700 2463 1925 2516 animam
1954 2475 2141 2525 meam,

544 2559 834 2614 humiliavit
856 2560 911 2614 in
957 2568 1093 2615 terra
1120 2559 1271 2614 vitam
1301 2575 1486 2623 meam,
1521 2558 1786 2613 collocavit
1832 2572 1913 2611 me
1959 2555 2015 2610 in
2056 2554 2146 2609 ob-

552 2654 718 2709 scuris
764 2654 894 2708 sicut
923 2664 1155 2709 mortuos
1185 2652 1380 2708 steculi.
1430 2650 1744 2709 Obscuritas
1767 2665 1862 2721 per
1902 2648 2147 2719 corporis

545 2752 676 2807 vitia
698 2750 992 2808 effunditur
1020 2768 1035 2809 :
1064 2760 1121 2806 et
1145 2764 1268 2806 cum
1298 2764 1394 2820 per
1422 2747 1627 2804 diaboli
1654 2747 1877 2819 laqueos
1905 2745 1960 2800 in
1990 2744 2147 2815 cupi-

542 2843 740 2900 ditates
765 2844 943 2899 carnis
975 2841 1264 2897 incidimus
1285 2882 1301 2909 ,
1330 2856 1361 2896 a
1400 2840 1726 2912 cognitionis
1772 2838 1895 2894 luce
1928 2835 2145 2908 depulsi

545 2934 600 2991 in
632 2936 878 2991 obscuris
904 2934 1259 2999 collocamur,
1288 2933 1567 3005 gentilium
1599 2932 1841 2989 tenebris
1874 2917 2159 2997 demersi,'

546 3038 603 3086 et
628 3029 965 3085 saecularium
995 3045 1220 3101 cperum
1250 3038 1409 3085 nocte
1429 3028 1656 3083 detenti.

2243 2103 2290 2150 et
2326 2094 2633 2149 descendant
2661 2094 2793 2148 sicut
2814 2110 2899 2148 ros
2921 2095 3074 2149 verba
3101 2111 3232 2157 mea,
3261 2104 3317 2148 ut
3356 2097 3541 2165 pluvia
3564 2112 3714 2164 super
3739 2113 3842 2167 gra-

2244 2202 2381 2255 men,
2396 2197 2443 2242 et
2461 2196 2516 2241 ut
2534 2188 2673 2242 nives
2694 2203 2846 2259 super
2858 2188 3047 2258 [mnum
3070 2186 3250 2260 (Deut.
3267 2203 3441 2255 xxxn,
3460 2187 3840 2258 2).Arcnscrgo

2244 2290 2300 2338 et
2324 2284 2511 2339 sitiens
2535 2283 2732 2349 anima,
2751 2283 2841 2337 tali
2860 2283 3187 2354 prophetiae
3211 2282 3480 2338 doctrina:
3507 2282 3840 2355 imbrem

2245 2374 2580 2446 perfunditur
2616 2393 2628 2428 :
2664 2384 2721 2431 ut
2750 2382 2958 2429 mortua
2989 2384 3044 2430 et
3057 2374 3239 2445 jejuna
3261 2375 3523 2431 ariditate
3552 2386 3769 2442 natura,
3797 2377 3840 2431 in

2245 2470 2439 2525 uberes
2454 2468 2658 2525 fructus
2669 2476 3061 2539 praeceptorum
3097 2468 3189 2523 Dei
3205 2468 3522 2539 cognitione
3548 2469 3838 2525 γεῆι-δαί.

2316 2560 2370 2615 8.
2402 2558 2519 2615 Cito
2552 2560 2764 2616 dissolvi
2787 2570 2835 2615 et
2864 2577 2980 2614 cum
3009 2560 3215 2614 Christo
3255 2576 3363 2616 esse
3397 2570 3549 2632 optat
3598 2562 3837 2633 prapheta.

2249 2682 2317 2693 —
2340 2651 2461 2708 Jam
2488 2654 2539 2708 in
2565 2652 2650 2709 his
2672 2669 2795 2723 qua:
2829 2662 3126 2724 sequuntur
3158 2654 3408 2708 humana:
3451 2653 3593 2711 ﬁdei
3633 2664 3690 2711 et
3734 2670 3839 2711 can-

2254 2748 2501 2803 scientiaa
2529 2746 2798 2803 confessio
2814 2756 2918 2810 est.
2950 2762 3046 2817 per
3071 2746 3389 2817 diapsalmzc
3416 2746 3837 2804 intercest

2247 2840 2578 2910 impatientia
2608 2839 2906 2911 prophetici
2933 2839 3189 2895 desiderii
3215 2849 3557 2895 monstrata.
3614 2828 3769 2897 Vens.
3794 2840 3835 2895 7.

2256 2932 2507 2991 Velociter
2554 2934 2741 2989 exaudi
2766 2950 2864 3002 me,
2915 2930 3154 2999 Domine,
3200 2933 3387 3005 defecit
3430 2934 3657 3004 spiritus
3700 2950 3836 2989 tuens.

2246 3026 2421 3083 Morus
2448 3028 2690 3098 corporis
2714 3028 2800 3084 sui
2835 3026 3110 3097 Propheta
3143 3042 3249 3082 non
3284 3029 3492 3097 patitur
3530 3047 3548 3084 :
3586 3038 3647 3084 et
3674 3043 3839 3085 secun-

617 3120 673 3178 5.
718 3121 891 3197 Hujus
919 3125 1148 3179 tenebras
1167 3124 1253 3194 qui
1279 3123 1506 3193 appellat
1528 3122 1603 3176 vir
1632 3120 1900 3194 spiritalis.
1934 3148 2005 3160 -—
2032 3117 2140 3174 Sed
2189 3194 2215 3197 _
2246 3121 2372 3177 dum
2402 3121 2531 3176 illud
2578 3121 2824 3193 Apostoli
2855 3139 2868 3174 :
2908 3120 3136 3175 Dissolvi
3180 3137 3258 3175 me
3297 3123 3484 3177 melius
3532 3134 3633 3190 est,
3677 3132 3725 3179 et
3746 3138 3842 3177 cut

546 3194 937 3288 quantumlibet
968 3231 1299 3287 persequens
1328 3215 1562 3270 animam
1592 3214 1859 3281 inimicus,
1894 3221 1949 3269 et
1973 3212 2149 3267 bumi-
2172 3194 2217 3257 (ἶ
2252 3214 2453 3271 Christo
2476 3232 2586 3270 esse
2628 3214 2797 3285 (Phil.
2830 3231 2868 3282 ι,
2897 3214 3013 3288 25),
3062 3223 3117 3269 et
3140 3213 3270 3279 illud
3295 3257 3312 3283 ,
3352 3214 3523 3271 Miser
3558 3234 3655 3290 ego
3692 3219 3837 3283 hoino,

548 3308 684 3366 Iians
712 3310 763 3364 in
807 3324 1037 3380 corpore
1067 3318 1337 3381 tamquam
1370 3318 1642 3365 mortuum
1688 3308 1871 3364 saeculi
1917 3305 2149 3362 collocet

546 3401 600 3457 in
628 3403 895 3468 obscuro;
930 3402 1186 3472 Spiritalis
1222 3411 1401 3458 tamen
1430 3401 1529 3456 viri
1559 3401 1805 3456 anxietas
1835 3398 1920 3455 his
1948 3412 2145 3468 corpo-

545 3495 622 3550 ris
652 3494 888 3551 tenebris
919 3494 996 3568 (a)
1030 3510 1136 3550 non
1186 3503 1436 3561 tenetur,
1482 3502 1538 3550 et
1582 3507 1676 3548 eor
1714 3508 1875 3562 super
1904 3490 2006 3547 hac
2032 3490 2148 3561 ipsa

546 3596 751 3642 natura;
786 3602 899 3643 sua:
933 3586 1248 3642 inﬁrmitate
1290 3588 1570 3651 turbatur,
1614 3599 2027 3656 repugnansque
2064 3583 2149 3637 vi-

548 3678 636 3733 tiis
656 3678 930 3734 hominem
957 3693 1115 3733 suum
1146 3679 1197 3731 in
1232 3678 1546 3732 memoriam
1576 3677 1767 3747 prima:
1806 3691 1919 3732 sua:
1943 3674 2150 3730 consti-

549 3770 769 3825 tutionis
798 3779 852 3825 et
895 3769 950 3823 in
990 3767 1394 3825 meditationem
1443 3768 1536 3823 Dei
1581 3764 1806 3838 operum
1855 3767 2145 3823 convertit.

548 3856 667 3917 Non
694 3859 838 3916 enim
882 3874 1006 3915 eum
1037 3859 1293 3915 inimicus
1341 3860 1395 3915 in
1444 3858 1694 3915 obscuris
1740 3867 2014 3914 mortttum
2042 3874 2151 3916 Ste-

550 3953 680 4021 culi,
721 3953 815 4010 sed
848 3963 1117 4025 tamquam
1148 3960 1423 4008 mortuum
1458 3951 1647 4007 saeculi
1699 3951 2023 4007 collocavit:
2057 3966 2152 4023 per

547 4048 694 4122 quod
720 4050 945 4107 libertas
977 4050 1201 4122 Spiritus
1230 4064 1448 4122 semper
1478 4050 1530 4105 in
1557 4065 1618 4106 se
1644 4048 1794 4105 anxii
1820 4058 2145 4106 reservatur.

618 4142 672 4200 6.
712 4141 1002 4199 Meditandt'
1029 4143 1285 4198 materies.
1330 4140 1498 4197 Facta
1526 4159 1767 4197 manuum
1818 4141 1935 4212 Dei,
1969 4143 2142 4198 homo.

546 4266 618 4280 ——
642 4235 700 4292 Id
728 4237 871 4293 enim
887 4236 1153 4308 sequitur,
1173 4235 1347 4293 Vens.
1374 4238 1410 4293 5
1437 4244 1492 4291 et
1515 4236 1551 4291 4
1576 4254 1589 4291 :
1615 4234 1685 4291 Et
1707 4237 1943 4291 anxiatus
1967 4245 2042 4291 est
2068 4235 2146 4309 (b)

546 4348 702 4401 super
726 4349 806 4388 me
830 4334 1043 4402 spiritus
1068 4349 1207 4387 meus
1233 4346 1251 4385 :
1275 4332 1330 4385 in
1359 4347 1437 4385 me
1453 4330 1710 4386 turbatum
1738 4340 1813 4385 est
1838 4347 1926 4386 cor
1952 4347 2141 4387 meum.

554 4422 751 4478 Memor
774 4427 849 4495 {ui
874 4425 1073 4480 dierum
1099 4426 1433 4495 antiquorum
1450 4464 1464 4487 ,
1509 4424 1783 4478 meditatus
1813 4441 1925 4478 sum
1954 4424 2012 4479 in
2035 4440 2144 4478 om-

548 4516 697 4572 nibus
728 4520 961 4589 operibus
982 4520 1102 4588 tuis,
1129 4519 1181 4574 in
1209 4518 1360 4590 factis
1401 4535 1649 4573 manuunt
1678 4527 1882 4573 tuarum
1921 4517 2143 4573 medita-

2251 3311 2364 3383 quis
2394 3325 2474 3364 me
2500 3308 2732 3363 liberabit
2762 3308 2825 3361 de
2855 3322 3069 3379 corpore
3115 3310 3298 3361 mortis
3345 3309 3510 3380 hujus
3551 3308 3730 3383 (Rom.
3764 3324 3840 3375 vn,

2218 3403 2346 3476 -24)
2372 3405 2395 3455 ?
2424 3414 2478 3459 et
2527 3402 2681 3469 illud,
2731 3400 2865 3468 Quia
2891 3402 2945 3455 in
2973 3401 3068 3455 hoc
3116 3402 3269 3455 veteri
3296 3400 3641 3458 tabernaculo
3682 3420 3841 3475 conge-

2251 3498 2512 3552 miscintus
2539 3495 2883 3551 desiderantes
2911 3495 3231 3564 superindui.
3273 3496 3491 3550 aedium
3533 3499 3651 3565 ipse
3694 3500 3748 3553 in
3769 3499 3843 3553 bc:

2252 3591 2426 3645 mortis
2453 3605 2667 3663 corpore
2698 3588 2889 3659 patitur
2940 3586 3006 3659 (ll
3054 3586 3171 3642 Cor.
3201 3604 3253 3654 v,
3293 3586 3364 3658 2)
3403 3607 3418 3643 :
3460 3588 3563 3645 sed
3604 3591 3846 3649 velociu-

2251 3691 2359 3739 tem
2382 3682 2587 3748 auxilii,
2617 3680 2761 3753 quod
2796 3680 2866 3736 ob
2898 3679 3255 3736 defectionem
3283 3680 3516 3748 spiritus
3537 3680 3847 3752 deprecatur

2251 3789 2372 3831 cum
2416 3774 2583 3845 gratia
2612 3772 2779 3828 divini
2822 3772 2873 3826 in
2903 3786 2962 3827 se
2994 3770 3232 3827 muneris
3255 3780 3412 3841 optat
3452 3773 3676 3844 expleri.
3715 3773 3848 3843 Quid

2251 3867 2392 3922 enim
2440 3866 2541 3921 sibi
2589 3864 2829 3936 proderit
2874 3863 3185 3919 exauditum
3232 3877 3357 3919 esse
3404 3866 3711 3934 velociter,
3756 3866 3847 3923 nisi

2253 3971 2521 4032 tamquam
2568 3958 2740 4015 ﬁdelis
2783 3967 2836 4014 et
2870 3958 2978 4014 Deo
3010 3958 3228 4028 placens
3254 3965 3312 4013 et
3341 3957 3524 4015 beatis
3554 3959 3692 4017 locis
3711 3961 3847 4031 quie-

2254 4063 2403 4108 turus
2432 4051 2660 4108 excedat
2684 4066 2715 4107 e
2746 4050 3018 4122 corpore?

2328 4147 2382 4203 9.
2423 4144 2613 4212 Lacus,
2656 4144 2869 4217 pwnalis
2914 4144 3075 4199 locus.
3126 4173 3197 4183 --
3243 4142 3313 4197 Et
3342 4143 3555 4199 idcirco
3586 4146 3664 4201 ait
3693 4163 3708 4199 :
3733 4144 3843 4201 Non

2250 4248 2447 4293 avertas
2490 4238 2673 4308 {aciem
2696 4254 2729 4291 a
2755 4253 2835 4292 me
2861 4252 2880 4291 :
2908 4247 2953 4292 et
2976 4237 3183 4291 similis
3212 4252 3299 4291 ero
3346 4238 3780 4295 descendentibus
3800 4239 3849 4293 is

2250 4333 2435 4386 lacum.
2464 4331 2661 4387 Lacum
2699 4330 2968 4402 poenalem
3013 4330 3308 4386 inferorum
3358 4330 3549 4389 locum
3588 4334 3848 4405 Scriptor:

2249 4437 2638 4483 commemorat
2659 4432 2749 4482 :ut
2768 4425 2818 4481 in
2843 4424 2929 4480 his
2951 4425 3170 4495 psalmis
3192 4426 3270 4481 ait
3299 4442 3312 4478 :
3349 4424 3451 4491 Tu,
3480 4426 3726 4495 Domine,
3746 4430 3849 4483 abs-

2260 4520 2462 4575 traxisti
2486 4520 2549 4573 ab
2600 4520 2807 4591 inferno
2848 4523 3075 4573 animam
3124 4535 3313 4586 meam,
3360 4524 3588 4577 seruasti
3612 4522 3848 4595 ad”.

550 4610 660 4665 bar.
694 4610 809 4666 Scit
835 4610 1005 4667 Adam
1034 4630 1063 4670 a
1091 4611 1312 4669 diabolo
1333 4621 1587 4682 captum;
1623 4620 1676 4668 et
1705 4611 1912 4668 idcirco
1937 4626 2147 4691 memor
2176 4596 2227 4658 Ῑ)
2253 4611 2498 4683 salvasti)
2555 4628 2587 4665 a
2630 4611 3049 4668 descendentibus
3087 4614 3139 4668 in
3167 4612 3335 4667 lacum
3364 4612 3556 4686 (Psat.
3584 4633 3728 4683 xxix,
3764 4616 3850 4688 ι).

547 4709 633 4758 est
660 4702 1002 4773 antiquorum
1033 4702 1268 4761 dierum.
1309 4704 1424 4761 Scit
1467 4719 1590 4759 eum
1621 4720 1719 4775 per
1759 4706 2144 4776 transgressio-

547 4808 670 4850 nem
716 4792 848 4864 legis
885 4796 1191 4850 constitutae
1219 4805 1275 4852 et
1308 4810 1340 4850 a
1374 4794 1822 4865 promissionibus
1864 4796 1962 4852 Dei
1995 4806 2050 4853 et
2077 4797 2145 4852 ab

547 4886 784 4944 incolatu
814 4886 1044 4956 paradisi
1091 4887 1385 4955 excidisse,
1416 4898 1471 4945 et
1500 4889 1622 4945 ideo
1665 4904 1877 4945 memor
1905 4898 1991 4946 est
2016 4906 2145 4963 ope-

546 5001 664 5043 rum
692 4984 805 5040 Dei.
827 4982 940 5039 Scit
962 4998 1068 5037 non
1097 4983 1347 5041 sufﬁcere
1369 5000 1437 5041 ex
1459 4984 1735 5056 prieterito
1759 4984 2142 5055 innocentiam,

456 5071 466 5081 ’
544 5079 638 5135 sed
684 5079 904 5135 beatum
951 5088 1073 5130 esse
1101 5075 1194 5145 qui
1223 5091 1391 5147 usque
1421 5077 1471 5130 in
1512 5075 1674 5133 ﬁnem
1720 5076 1982 5133 innocens
2024 5093 2147 5134 esse

544 5169 938 5245 permanserit;
971 5177 1027 5223 et
1054 5167 1177 5223 ideo
1205 5167 1257 5222 in
1296 5167 1457 5224 factis
1487 5168 1581 5225 Dei
1617 5184 1872 5225 manuum
1919 5170 2146 5226 medita-

545 5263 707 5321 bitur.
748 5263 912 5320 Facta
939 5275 1197 5318 manuum
1239 5259 1332 5315 Dei
1375 5260 1537 5318 homo
1573 5261 1691 5333 ipse
1715 5273 1842 5319 est:
1874 5264 1963 5334 qui
1994 5273 2146 5333 post-

542 5375 704 5433 quam
732 5357 996 5431 peceavit,
1025 5355 1229 5427 peccati
1251 5368 1441 5411 servus
1465 5354 1691 5413 eﬁ'ectus
1717 5365 1823 5414 est.
1865 5354 2017 5413 Talis
2046 5356 2147 5429 igi—

615 5538 695 5688 ἒα)
730 5540 883 5666 Ἠιιιᾶ
904 5539 1037 5624 Dar.
1060 5537 1366 5594 continetur.

647 5614 701 5687 b)
731 5684 763 5688 _
792 5630 837 5688 s,
868 5612 1075 5688 Mtc._m
1101 5626 1203 5666 me.
1225 5683 1253 5688 __

622 5612 701 5688 (b)
738 5612 837 5668 Ms.
868 5612 990 5668 Mic.
1019 5612 1075 5665 in
1101 5626 1203 5666 me.

616 5689 692 5757 (c)
730 5684 861 5769 Bad.
894 5696 947 5739 et
988 5682 1079 5737 Er.
1111 5682 1398 5766 gualisjlle
1439 5699 1473 5738 a
1504 5678 1895 5810 Deooéaddidit
1935 5684 2132 5743 deinde

616 5772 670 5810 r.
697 5756 806 5810 συιδ
846 5755 1008 5810 factus
1047 5756 1165 5810 fuit.
1193 5769 1395 5810 omisso
1422 5764 1514 5810 est.
1547 5769 1619 5810 au
1729 5770 1795 5810 ex
1843 5771 1975 5810 mss.
2001 5771 2131 5810 sun-

543 5755 679 5893 11):".
697 5756 806 5827 qui)
845 5755 1008 5825 factus
1046 5755 1165 5825 fuit,
1193 5755 1395 5812 omisso
1422 5764 1514 5823 est,
1547 5769 1619 5825 qu

572 5845 584 5873 ι
606 5841 779 5881 emus.

1729 5770 1795 5813 ex
1843 5771 1975 5815 mss.
2001 5771 2131 5828 sup-
2174 5766 2181 5767 ’

2250 4706 2390 4778 Ergo
2436 4704 2539 4760 nisi
2584 4705 2745 4762 facies
2799 4705 2915 4774 Dei,
2961 4706 3054 4777 qui
3098 4708 3284 4776 utique
3328 4707 3588 4765 Christus
3617 4720 3736 4778 est,
3764 4709 3847 4781 qui

2248 4798 2425 4870 imago
2458 4799 2550 4854 Dei
2580 4798 2873 4854 invisibilis
2920 4806 3023 4863 est,
3057 4798 3346 4869 unicuique
3372 4809 3571 4859 sancto
3594 4802 3849 4869 adfuerit;

2248 4893 2353 4948 erit
2406 4892 2514 4948 illis
2561 4893 2780 4962 similis,
2832 4893 2922 4963 qui
2976 4907 3151 4963 pinna:
3180 4893 3374 4950 inferni
3403 4894 3658 4966 deputati
3687 4914 3720 4955 e
3754 4898 3853 4953 vita

2251 4986 2351 5043 hac
2378 4986 2494 5043 sine
2521 5002 2620 5053 spe
2646 4986 2843 5056 quietis
2874 4987 3223 5043 excesserint.

2323 5079 2409 5135 10.
2457 5080 2894 5136 Resurrectionem
2917 5088 3085 5152 sperat
3112 5081 3381 5154 propheta.
3413 5112 3488 5124 —
3518 5083 3629 5140 Sed
3652 5084 3723 5140 de
3766 5093 3855 5153 spe

2249 5186 2343 5228 sua
2375 5171 2647 5242 Propheta
2679 5187 2783 5227 non
2834 5172 3080 5242 ambigit,
3132 5187 3307 5244 neque
3333 5183 3491 5230 extra
3520 5176 3855 5247 evangelica

2249 5264 2555 5322 securitatis
2588 5265 2835 5322 ﬁduciam
2884 5277 2987 5322 est.
3022 5266 3293 5337 Tempore
3338 5267 3566 5339 quidem
3598 5271 3721 5339 ipse
3764 5283 3856 5324 an-

2250 5360 2435 5429 terior,
2467 5359 2563 5417 sed
2591 5360 2644 5415 in
2675 5360 2866 5433 spiritu
2898 5360 3181 5432 apostolici
3206 5361 3386 5433 gaudii
3425 5352 3503 5434 (ε)
3536 5366 3855 5436 particeps;

2322 5539 2402 5684 $4;
2426 5541 2481 5598 In
2504 5542 2753 5614 vulgatis,
2775 5558 2969 5598 memor
2990 5542 3074 5597 sit.
3101 5539 3287 5623 Longe
3314 5540 3508 5598 melius
3536 5543 3589 5598 in
3617 5559 3732 5600 ms.
3747 5542 3855 5623 scit.

2352 5632 2377 5669 e
2440 5616 2597 5684 Apud
2627 5616 2748 5670 Par.
2778 5616 3068 5684 participes.
3105 5615 3162 5669 ln
3190 5615 3312 5669 alus
3333 5630 3465 5669 vero
3484 5615 3669 5679 libris,
3701 5625 3855 5684 ρατιιτ

2352 5615 2398 5685 ε)
2440 5616 2597 5685 Αβιιᾱ
2627 5616 2748 5670 Par.
2778 5616 3068 5685 participes.
3105 5615 3162 5669 ln
3190 5615 3312 5669 aliis
3333 5630 3465 5669 vero
3484 5615 3669 5679 libris,
3701 5616 3871 5685 ρατιίτ

2248 5681 2398 5759 ceps',
2444 5681 2701 5759 nimirum
2732 5681 3000 5759 PrOpheta
3029 5705 3043 5741 :
3073 5685 3219 5759 quod
3249 5695 3445 5759 autem
3471 5681 3757 5757 sequitur,
3790 5681 3857 5759 ad

2248 5756 2522 5829 apostolos
2562 5756 3001 5831 refertur,quasi
3048 5756 3197 5827 prius
3242 5756 3599 5825 apostolorum
3646 5757 3860 5831 ςαῶἱ,

2252 5844 2360 5884 non
2389 5830 2658 5901 apostolici
2680 5829 2855 5900 gaudii
2886 5832 3224 5900 prmmissum
3254 5837 3420 5885 esset.
