3896 6336
85 244 173 300 841

1142 229 1556 291 TBACTATUS
1591 230 1660 289 IN
1717 229 1899 290 CXLII
1929 231 2278 292 PSALMUM.

3237 235 3348 296 842

85 355 165 426 qui
193 350 630 408 resurrectionem
665 345 876 405 Domini
903 354 1242 410 contuentes,
1291 348 1644 404 a-ternitalem
1673 365 1724 425 Α
1752 349 1966 418 quidem
2016 349 2191 404 adhuc
2221 347 2456 414 scimus,
2480 353 2536 402 et
2561 347 2710 418 loqui
2730 346 2999 405 desideria
3025 357 3207 409 nostra
3238 368 3347 410 non

88 447 388 503 caducorum
415 459 696 514 corporum
726 442 1087 498 crediderunt.
1122 441 1178 496 Id
1202 441 1345 496 enim
1375 442 1427 495 in
1458 455 1646 496 conseo

85 539 354 611 quentibus
378 537 473 603 ait,
504 537 647 591 Vens
680 536 712 591 8
741 555 755 590 :
781 535 1025 591 Auditam
1065 533 1146 604 {ac
1170 535 1297 588 mihi
1324 550 1473 588 mane
1493 534 1647 588 mise-

86 630 343 686 ricordiam
370 638 551 683 tuam:
592 628 714 699 quia
741 627 794 681 in
840 637 886 681 te
927 627 1144 699 speravi.
1191 624 1460 680 Matutinze
1494 623 1653 694 hujus

83 722 450 781 misericordia:
494 719 745 792 gaudium
772 719 906 776 locis
948 719 1192 791 plurimis
1229 718 1652 783 demonstratur,

83 816 217 872 velut
241 825 346 868 tum
372 828 494 870 cum
542 813 636 879 ait,
662 813 744 866 Ad
792 828 1057 883 vesperum
1099 811 1444 866 demorabitur
1478 812 1652 882 ﬂetus,

80 919 129 965 et
149 909 215 962 ad
242 907 540 962 matutinum
585 907 765 962 laetitia
807 904 978 978 (Psal.
1010 921 1164 973 xxrx,
1221 904 1300 972 6).
1351 904 1465 959 Hoc
1511 903 1653 958 enim

81 1000 479 1059 resurrectionis
499 1009 579 1056 est
613 1008 844 1070 tempus,
877 997 932 1055 in
973 1014 1080 1070 quo
1112 1013 1208 1068 per
1231 996 1655 1053 misericordiam

80 1094 170 1151 Dei
191 1101 423 1164 potestas
447 1093 637 1148 mortis
658 1091 882 1147 infracta
904 1091 1183 1158 est.Quatn
1206 1090 1654 1157 misericordiam,

81 1187 199 1258 quia
226 1186 276 1242 in
299 1202 360 1242 ea
395 1185 658 1256 PrOphela
688 1186 950 1257 speravit,
981 1194 1130 1256 optat
1160 1184 1367 1240 audire.
1559 1251 1564 1258 ο

152 1279 235 1334 II.
274 1279 592 1349 Ignorantia:
621 1279 856 1333 conscius
880 1278 1042 1332 lucem
1083 1294 1114 1330 a
1137 1275 1246 1331 Deo
1268 1279 1517 1348 exposcit.
1547 1275 1656 1347 0p-

82 1380 149 1426 tat
177 1372 228 1426 in
267 1372 490 1442 primum
517 1370 740 1424 hominis
788 1378 977 1425 statum
1018 1368 1205 1424 redire.
1241 1398 1302 1407 —
1339 1368 1545 1423 Dehinc
1571 1383 1660 1423 se-

83 1465 254 1535 quitur
294 1480 307 1516 :
355 1461 550 1517 Notam
578 1465 659 1533 [ac
683 1462 811 1516 mihi
836 1461 967 1516 viam
1010 1463 1067 1516 in
1096 1478 1196 1532 qua
1225 1460 1515 1527 ambulent;
1541 1461 1662 1531 quia

79 1559 145 1613 ad
173 1568 218 1613 te
253 1557 410 1612 levavi
448 1558 676 1610 animam
706 1572 892 1610 meam.
939 1554 1232 1626 Apostolus
1262 1570 1359 1625 per
1386 1554 1660 1624 speculum

82 1659 138 1708 et
164 1650 218 1705 in
246 1651 526 1721 aenigmate
554 1649 718 1715 videt,
751 1658 807 1704 et
844 1662 943 1718 pro
973 1656 1125 1718 parte
1155 1647 1278 1713 scit,
1308 1655 1360 1701 et
1387 1660 1486 1718 pro
1510 1652 1664 1716 parte

1753 442 2024 507 novimus,
2070 440 2275 510 Spiritu
2323 440 2503 510 potius
2551 455 2649 510 pro
2700 441 2856 496 nobis
2894 441 3348 501 iuenarrabilibus

1751 533 2040 602 gemitibus
2069 534 2398 602 postulante,
2431 543 2486 588 et
2525 531 2852 604 imperitiam
2880 544 3121 590 nostram
3154 533 3226 608 (e)
3255 551 3346 592 ar-

1752 637 1889 678 cano
1918 625 2263 682 conscientiae
2295 625 2492 682 affectu
2540 633 2889 696 repensante,
2913 629 3210 686 secundum
3244 629 3348 687 hoc

1752 716 1998 788 Apostoli
2027 718 2250 788 dictum,
2282 719 2418 787 Quid
2444 720 2582 776 enim
2607 737 2808 776 oremus
2831 722 3112 777 secundum
3132 724 3188 777 id
3212 724 3351 795 quod

1755 807 1984 882 oporieat
2014 815 2302 882 nescimus;
2345 817 2437 871 sed
2466 817 2577 886 ipse
2605 817 2840 887 Spiritus
2880 835 2975 890 pro
3001 820 3146 874 nobis
3172 829 3353 891 postu-

1757 904 1832 958 lat
1861 906 2128 976 gemitibus
2165 908 2590 965 inenarrabilibus
2616 909 2794 982 (Rom.
2822 927 2936 980 vui,
2964 913 3056 984 26)
3090 931 3104 980 ;
3131 927 3240 969 non
3267 913 3352 970 in-

1757 997 1975 1053 condite
2003 997 2273 1068 Propheta
2301 1002 2544 1057 creditur
2571 1017 2751 1070 orare,
2782 1011 2843 1059 ut
2885 1004 3218 1062 voluntatem
3261 1007 3354 1063 Dei

1759 1089 2018 1147 doceatur
2045 1093 2284 1162 explere.
2338 1095 2405 1150 Et
2443 1109 2757 1167 competens
2787 1098 2878 1153 illa
2923 1097 3174 1156 humanm
3202 1117 3357 1157 vere-

1760 1181 1971 1237 cundiae
2002 1182 2269 1253 professio
2318 1195 2421 1254 est,
2451 1195 2511 1242 ut
2557 1187 2700 1259 quod
2741 1204 2841 1260 per
2872 1189 3132 1260 Spiritum
3179 1192 3272 1249 Dei
3303 1194 3357 1248 in

1764 1283 1958 1330 terram
1987 1286 2192 1332 rectam
2222 1278 2572 1336 deducendus
2590 1281 2681 1348 sit,
2719 1281 2770 1335 id
2800 1297 2905 1338 non
2931 1286 3106 1340 meriti
3131 1301 3252 1342 esse
3273 1287 3359 1341 sui

1761 1376 1996 1438 arroget,
2046 1383 2220 1439 neque
2263 1385 2361 1440 per
2386 1369 2808 1429 satisfactionem
2853 1373 2922 1446 (ι’)
2950 1377 3152 1446 proprii
3198 1378 3361 1434 obse-

1763 1460 1874 1530 quii
1893 1459 1943 1515 id
1966 1461 2064 1516 sibi
2087 1462 2325 1532 postulet
2355 1479 2369 1518 :
2404 1463 2501 1518 sed
2534 1474 2702 1520 tomm
2728 1467 2829 1522 hoc
2854 1467 2921 1522 ad
2953 1468 3361 1526 clarificandum

1765 1548 1820 1604 in
1848 1565 1907 1605 se
1937 1551 2034 1607 Dei
2064 1568 2257 1607 nomen
2301 1562 2604 1622 exspectet,
2636 1565 2691 1610 ut
2721 1567 2940 1626 propter
2975 1557 3237 1616 honorem
3268 1561 3362 1618 Dei

1767 1641 2003 1698 nominis
2033 1644 2085 1698 in
2117 1653 2257 1699 terra
2284 1654 2432 1701 recta
2458 1661 2580 1702 esse
2601 1656 2887 1703 statuatur.

81 1743 360 1815 prophetat
404 1741 446 1812 (l
477 1740 598 1797 Cor.
640 1757 758 1808 xui,
809 1739 877 1796 η
920 1749 964 1794 et
1006 1739 1083 1813 9).
1144 1739 1413 1809 Propheta
1452 1753 1665 1809 quoque
1696 1749 1745 1810 Β
1845 1734 1932 1789 15.
1975 1733 2248 1790 Beatitudo
2277 1753 2340 1793 ea:
2367 1736 2464 1792 Dei
2490 1739 2861 1807 misericordia,
2889 1758 2990 1796 non
3026 1744 3232 1799 excluso
3262 1761 3370 1800 me-

80 1844 348 1904 tamquam
371 1850 467 1904 per
495 1843 739 1889 naturam
771 1833 1020 1888 humame
1043 1831 1346 1904 fragilitatis
1385 1831 1664 1901 ignorans,

78 1937 236 1984 notas
277 1928 378 1982 sibi
427 1927 563 1994 fieri,
598 1928 652 1982 in
696 1927 889 1997 quibus
931 1925 1191 1987 ambulet,
1237 1925 1351 1979 vias
1378 1933 1520 1980 orat.
1549 1924 1666 1980 Non

78 2024 216 2080 enim
244 2023 329 2078 ha:
359 2021 542 2078 saeculi
571 2019 672 2076 vim
703 2021 862 2076 utiles
895 2029 1024 2076 sunt
1050 2038 1062 2073 :
1092 2019 1364 2090 spiritales
1394 2027 1448 2076 et
1479 2021 1671 2075 coeles-

74 2126 156 2174 tes
185 2117 278 2173 ille
319 2130 482 2171 nosse
511 2113 804 2170 desiderat.
836 2111 895 2167 Id
937 2113 1080 2168 enim
1105 2111 1217 2166 ait:
1249 2110 1383 2177 Quia
1424 2111 1492 2164 ad
1530 2121 1575 2164 te
1601 2111 1673 2164 le.

74 2208 185 2263 vavi
207 2209 435 2262 animum
457 2222 640 2260 meam.
669 2206 786 2261 Non
806 2205 860 2259 in
884 2204 1280 2284 ltumilibus‘est
1304 2203 1482 2258 anima
1506 2203 1671 2270 illius,

72 2300 167 2357 sed
199 2301 253 2356 in
286 2299 558 2367 excelsis;
607 2307 662 2354 et
698 2297 899 2354 idcirco
940 2297 1275 2353 excelsarum
1317 2296 1524 2351 viarum
1551 2309 1677 2364 pos-

73 2393 206 2447 tulat
234 2391 540 2447 notionem.
583 2390 698 2448 Scit
730 2390 872 2446 enim
912 2404 1034 2446 esse
1070 2389 1316 2445 inimicos
1351 2388 1478 2453 sibi,
1509 2388 1678 2460 608

71 2486 161 2556 qui
187 2501 249 2543 se
277 2486 333 2541 in
363 2485 499 2541 alias
535 2485 649 2540 vias
679 2493 928 2552 avocent,
961 2485 1052 2556 qui
1093 2485 1147 2539 in
1183 2484 1514 2538 voluntatem
1538 2484 1676 2538 alte-

71 2592 189 2633 ram
215 2577 512 2634 deducant.
542 2576 619 2632 De
642 2575 874 2632 inimicis
894 2575 1012 2631 istis
1031 2575 1366 2645 spiritalibus
1387 2573 1680 2644 Apostolus

71 2672 246 2728 multa
293 2681 352 2729 et
395 2673 704 2743 frequenter
756 2670 998 2743 ingessit.
1050 2667 1131 2724 Ab
1160 2667 1244 2724 his
1288 2683 1418 2741 ergo
1447 2683 1506 2724 se
1544 2666 1682 2738 eripi

70 2772 214 2831 orat,
267 2773 327 2820 et
372 2763 516 2818 viam
565 2762 710 2818 illam
745 2762 820 2833 (a)
849 2760 1155 2817 tribulatam
1179 2801 1193 2825 ,
1243 2763 1362 2831 quae
1387 2760 1455 2815 ad
1483 2759 1680 2817 caelum

1771 1826 1918 1881 rendi
1945 1827 2130 1898 ofﬁcio.
2167 1857 2233 1870 -—
2259 1829 2328 1884 Et
2346 1831 2473 1900 quia
2511 1831 2650 1886 hanc
2678 1841 2875 1888 terram
2907 1844 3110 1891 rectam
3133 1837 3237 1893 scit
3263 1839 3367 1893 sibi

1771 1936 1880 1976 non
1910 1921 1962 1976 in
1991 1937 2220 1994 corpore
2242 1925 2434 1981 mortis
2469 1925 2630 1998 hujus
2653 1942 2814 1998 posse
2843 1931 3090 1998 concedi,
3124 1934 3248 2004 quia
3293 1933 3374 1988 la-

1775 2013 1871 2069 bes
1890 2015 2068 2069 carnis
2090 2015 2340 2071 humanae
2369 2032 2464 2088 per
2486 2018 2779 2075 admixtam
2803 2022 2856 2076 in
2881 2038 2941 2078 se
2962 2024 3214 2079 vitiorum
3243 2041 3375 2080 con-

1773 2106 2114 2162 suetudinem
2143 2108 2351 2165 aboleri
2383 2112 2618 2181 penitus,
2650 2115 2753 2169 nisi
2784 2131 2905 2170 cum
2936 2125 3144 2174 natura:
3176 2118 3370 2174 demu-

1773 2199 1998 2266 tatione,
2029 2216 2134 2256 non
2183 2203 2387 2273 possit;
2421 2205 2683 2261 vivificari
2727 2224 2808 2276 se,
2841 2211 2995 2282 quasi
3026 2213 3264 2269 nondum
3293 2214 3377 2270 vi-

1774 2298 1885 2352 vat,
1917 2294 2242 2362 expostulat,
2269 2296 2785 2368 dicens,Vivi/icabis
2806 2319 2888 2356 me
2914 2305 2968 2358 in
2994 2307 3230 2375 (equitate
3261 2315 3372 2362 tua.

1779 2383 1984 2440 Educes
2011 2387 2074 2442 de
2101 2387 2427 2444 tribulatione
2467 2393 2691 2447 animam
2718 2411 2901 2464 meam,
2928 2397 3090 2454 Vens.
3119 2400 3207 2466 I2,
3239 2411 3285 2454 et
3317 2402 3372 2454 in

1776 2479 2131 2535 misericordia
2158 2490 2248 2536 tua
2285 2483 2548 2554 disperdes
2591 2486 2826 2541 inimicos
2875 2505 3032 2544 meos.
3081 2489 3153 2544 Et
3193 2492 3378 2560 perdes

1779 2585 1953 2624 omnes
1980 2570 2059 2644 (g)
2107 2572 2339 2628 inimicos
2365 2575 2453 2645 qui
2481 2588 2853 2647 persequuntur
2892 2582 3117 2636 animam
3165 2599 3329 2638 meam
3355 2599 3375 2637 :

1779 2664 2017 2732 quoniam
2045 2679 2218 2718 servus
2249 2672 2364 2720 tuus
2388 2682 2500 2720 sum
2522 2683 2634 2737 ego.
2667 2667 2863 2724 Habuit
2893 2672 3133 2742 quidem,
3162 2684 3219 2729 ut
3241 2675 3383 2729 dixi-

1783 2768 1920 2820 mus,
1956 2753 2060 2810 hoc
2091 2755 2295 2825 justitia
2338 2759 2700 2827 verecundiae,
2748 2770 2806 2815 ut
2848 2763 3107 2833 quidquid
3135 2763 3218 2836 (lt)
3248 2765 3379 2821 illud

69 2857 215 2929 agn,
252 2872 593 2929 cognoscere
622 2863 811 2928 rogat,
845 2864 900 2910 ει
928 2855 996 2911 de
1035 2855 1312 2910 volumine
1344 2853 1556 2909 Domini
1586 2854 1685 2911 do.
1783 2846 1889 2902 sibi
1920 2845 2270 2903 beatitudinis
2293 2858 2494 2920 sperat,
2530 2849 2582 2906 id
2615 2866 2712 2921 pro
2734 2855 3131 2924 magniﬁcentia
3159 2856 3255 2911 Dei
3289 2873 3384 2926 po-

70 2951 209 3016 ceri,
241 2957 299 3004 et
327 2965 428 3021 per
454 2947 716 3019 Spiritum
745 2947 864 3018 ejus
901 2947 954 3002 in
985 2956 1184 3002 terram
1212 2955 1419 3003 rectam
1448 2946 1640 3002 deduci
1667 2963 1679 2999 :

70 3041 125 3097 id
154 3051 263 3108 est,
298 3051 362 3096 ut
392 3041 751 3097 constituatur
783 3040 836 3095 in
865 3038 1139 3095 hominem
1165 3053 1272 3094 non
1297 3039 1438 3094 vitiis
1463 3053 1685 3109 perver-

1784 2937 1893 2993 tius
1940 2938 2086 3008 (quia
2119 2940 2230 2995 Deo
2278 2939 2434 2995 beata
2466 2950 2522 2996 et
2563 2950 2762 2998 aeterna
2791 2953 2848 3000 et
2876 2946 3016 3002 bona
3052 2949 3288 3006 tribuere
3316 2953 3388 3007 sit

1786 3029 2054 3102 dignum),
2082 3046 2240 3102 quam
2270 3047 2370 3102 pro
2399 3035 2594 3089 merito
2622 3049 2720 3090 suo
2762 3039 3021 3107 postulet.
3055 3039 3160 3096 Sed
3180 3024 3386 3100 'tamen

68 3148 217 3189 sum.
251 3133 398 3188 Nam
440 3134 493 3188 in
533 3117 735 3188 rectam
781 3139 977 3194 terram
1019 3146 1079 3188 se
1113 3131 1270 3202 dirigi
1306 3130 1580 3202 quomodo
1608 3129 1683 3203 (ὁ)
1713 3133 1760 3198 C
1792 3121 2082 3192 praeferens
2115 3122 2374 3179 honorem
2403 3134 2458 3180 et
2486 3127 2910 3186 misericordiam
2931 3131 3204 3204 ϐοθυεί
3234 3151 3245 3186 ;
3273 3151 3388 3190 me-

70 3237 254 3300 optat,
287 3229 340 3286 si
362 3227 431 3284 de
455 3228 706 3284 elementi
736 3225 893 3297 hujus
917 3232 1162 3282 creatura
1184 3224 1385 3280 dixisse
1413 3225 1666 3280 existima

1793 3215 1946 3271 rendi
1993 3230 2208 3287 quoque
2235 3215 2287 3271 id
2332 3231 2427 3286 per
2454 3232 2513 3272 se
2543 3234 2648 3274 non
2682 3221 2912 3276 exclusit
2947 3225 3206 3280 officium.
3251 3225 3387 3283 Nam

68 3321 228 3377 bitur
259 3341 274 3377 :
307 3323 416 3377 nisi
443 3324 587 3392 quod
614 3319 912 3377 secundum
957 3319 1113 3390 primi
1146 3317 1382 3372 hominis
1419 3326 1663 3372 naturam

1793 3323 1915 3363 cum
1940 3308 2290 3364 vivificandus
2317 3310 2406 3374 sit,
2439 3310 2798 3366 vivificandus
2829 3323 3006 3370 tamen
3037 3301 3119 3370 est
3143 3316 3195 3371 in
3227 3319 3394 3388 atqui-

69 3414 164 3470 cui
194 3425 330 3485 post
361 3421 645 3485 peccatum
690 3411 891 3466 dictum
921 3418 1025 3474 est,
1058 3408 1218 3464 Terra
1243 3425 1315 3476 es,
1344 3419 1389 3463 et
1421 3409 1475 3463 in
1507 3418 1694 3462 terram
1795 3409 1943 3465 tate;
1973 3401 2096 3470 quia
2126 3416 2337 3471 aequum
2367 3403 2437 3456 sit
2464 3401 2625 3457 vitam
2667 3404 2892 3460 retribui
2923 3407 3208 3478 stipendiis
3234 3425 3394 3466 sanc-

64 3506 173 3561 ξινίε
205 3505 379 3578 (Gen,
414 3521 497 3570 ιιι⁹
530 3503 642 3578 19),
691 3501 762 3576 (ε)
789 3501 1045 3558 constitui
1075 3517 1134 3558 se
1173 3501 1448 3558 hominem
1487 3511 1694 3556 remum
1799 3492 1987 3548 titatis.
2023 3492 2090 3547 Et
2126 3509 2249 3549 cum
2275 3507 2372 3564 per
2402 3494 2830 3551 misericordiam
2863 3498 2956 3554 Dei
3005 3499 3202 3556 educto
3231 3518 3296 3558 eo
3324 3502 3395 3560 de

65 3596 533 3668 indeﬂexumque
563 3595 870 3651 desiderat?
901 3593 958 3649 Id
982 3594 1124 3650 enim
1151 3593 1251 3649 sub
1279 3593 1364 3649 his
1384 3594 1542 3649 dictis
1567 3608 1699 3648 con-
1802 3585 2142 3641 tribulatione
2161 3583 2508 3655 disperdendi
2537 3585 2644 3640 sint
2669 3587 2786 3656 ejus
2811 3589 3158 3662 inimici,jam
3187 3607 3292 3649 non
3316 3604 3402 3650 est

57 3692 327 3747 tinetur:
357 3687 559 3744 Notam
600 3691 684 3760 fac
712 3686 840 3741 mihi
880 3687 1013 3741 viam
1039 3686 1093 3740 in
1119 3703 1219 3758 qua
1254 3686 1507 3741 ambulem
1536 3702 1554 3741 :
1580 3686 1702 3756 quia
1801 3677 2170 3733 misericordia
2203 3676 2479 3733 indiscreti
2523 3678 2845 3752 confusique
2883 3681 3110 3753 judicii;
3159 3685 3220 3759 (i)
3275 3703 3400 3745 cum

67 3787 140 3839 αα
168 3794 221 3840 ιε
253 3784 430 3840 ιευαυί
479 3783 708 3837 animum
760 3797 941 3837 meam,
969 3780 1134 3836 Vggs,
1168 3779 1321 3837 9-”.
1351 3779 1513 3850 Eripe
1536 3797 1614 3835 me
1640 3780 1704 3836 de
1804 3787 1926 3842 qua:
1955 3786 1985 3825 a
2015 3771 2363 3828 tribulatione
2388 3771 2591 3838 educit,
2620 3773 2807 3829 eadem
2835 3773 3110 3846 disperdat
3134 3778 3401 3837 inimicos:

63 3877 315 3933 inimicis
348 3879 500 3941 meis,
531 3873 769 3940 Domine,
817 3873 884 3928 ad
928 3882 973 3927 te
1012 3873 1263 3944 confugi:
1289 3873 1414 3928 doce
1436 3890 1514 3927 me
1539 3877 1707 3944 facere
1806 3865 1931 3934 (lilia
1957 3879 2022 3919 ex
2050 3863 2365 3919 meritorum
2394 3863 2725 3931 ἀίνϐτείιειιο,
2749 3867 2833 3920 νει
2866 3867 2921 3922 in
2961 3885 3196 3941 pmnam,
3231 3873 3316 3928 vel
3342 3873 3398 3930 in

65 3973 419 4027 voluntatem
468 3978 626 4037 tuam,
657 3968 776 4040 quia
810 3966 946 4021 Deus
973 3983 1114 4034 meus
1147 3983 1201 4021 es
1227 3975 1302 4019 tu.
1333 3965 1563 4036 Spiritus
1591 3975 1707 4019 tuus
1811 3958 1888 4031 (j)
1915 3957 2344 4012 misericordiam
2371 3957 2629 4026 judicium
2659 3968 3008 4028 temperatur.

62 4069 246 4124 bonus
273 4066 509 4122 deducet
520 4079 600 4120 me
621 4064 676 4117 in
697 4071 885 4117 terram
906 4068 1093 4114 rectam
1107 4068 1313 4131 propter
1333 4075 1518 4114 nomen
1539 4067 1666 4112 tuun

1884 4047 1972 4102 I4.
2001 4049 2131 4116 Quae
2153 4047 2253 4102 Dei
2276 4048 2486 4137 gratia',
2511 4063 2627 4117 qua:
2653 4051 2833 4104 merito
2869 4068 2990 4121 pars
3019 4053 3085 4107 sit
3113 4053 3166 4108 in
3192 4055 3408 4111 victoria

62 4159 317 4217 Domine
347 4155 459 4232 (α),
1813 4141 2168 4198 tentationum.
2197 4137 2404 4192 —-Non
2448 4138 2595 4232 leves
2623 4149 2803 4195 autem
2854 4141 2960 4196 sibi
3000 4157 3121 4200 esse
3165 4145 3415 4204 inimicos

144 4253 248 4308 η.
299 4230 442 4305 Non
469 4263 532 4303 ea:
559 4247 782 4319 propriis
807 4244 1022 4313 meritis,
1051 4242 1142 4298 sed
1169 4259 1231 4298 ea:
1255 4241 1350 4298 Dei
1379 4241 1622 4298 bonitate.
1644 4269 1715 4285 ρ-
1815 4232 2086 4306 Propheta
2107 4232 2461 4298 demonstrat,
2485 4230 2580 4286 sed
2605 4244 2701 4288 eos
2730 4232 2820 4302 qui
2848 4235 3008 4290 etiam
3031 4236 3263 4293 animam
3294 4254 3416 4310 per-

59 4345 434 4403 Consonans
449 4338 696 4411 Apostoli
716 4336 990 4395 confessio
1013 4345 1097 4392 est
1121 4335 1188 4392 ad
1212 4334 1265 4392 id
1284 4335 1428 4407 quod
1453 4334 1549 4400 ait,
1576 4331 1718 4388 Doce
1819 4336 2111 4399 sequantur
2143 4341 2159 4380 :
2193 4339 2300 4380 non
2327 4322 2470 4395 quod
2492 4338 2612 4379 cum
2641 4339 2870 4394 corpore
2896 4329 3070 4397 possit
3092 4331 3285 4399 occidi,
3317 4332 3415 4389 sed

58 4457 154 4496 me
171 4439 380 4510 facere
404 4433 720 4488 voluntatem
749 4429 1055 4495 tuam,illud
1072 4427 1216 4501 quod
1248 4442 1344 4499 per
1364 4442 1486 4483 eum
1516 4425 1717 4481 dictum
1822 4421 1966 4493 quod
2028 4421 2099 4476 ita
2163 4417 2446 4475 diabolieis
2510 4416 2944 4476 infestationibus
3000 4421 3254 4492 fatigetur
3280 4469 3294 4493 ,
3360 4437 3418 4484 et

63 4509 185 4602 est,
209 4532 296 4587 Et
315 4528 421 4600 qui
440 4532 593 4598 putat
611 4541 670 4581 se
693 4524 857 4590 scire,
878 4522 1116 4579 nondum
1139 4524 1243 4578 scit
1267 4519 1722 4592 quemadmodum
1745 4530 1800 4592 D
1826 4515 1927 4572 sub
1975 4512 2298 4584 iniecturum
2352 4509 2471 4579 sibi,
2502 4509 2758 4564 vitiorum
2792 4510 2865 4583 (lc)
2912 4511 3177 4572 incendiis
3220 4517 3418 4573 adma-

57 4633 362 4700 oporteat
399 4635 522 4678 sese
540 4619 680 4676 scire
711 4617 756 4692 (l
779 4617 899 4674 Cor.
933 4633 1048 4686 vnt,
1072 4616 1323 4690 2).Quod
1355 4615 1400 4671 si
1430 4629 1531 4671 nec
1559 4627 1718 4670 orare
1828 4619 1937 4675 tur,
1964 4616 2082 4662 uta
2109 4604 2336 4660 Domino
2376 4612 2650 4658 mereatur
2694 4603 2886 4658 occidi.
2915 4605 3116 4662 Verum
3157 4618 3217 4664 ut
3253 4612 3418 4669 etiam

1903 4747 1975 4821 (ι’)
2000 4747 2071 4833 _ln
2103 4744 2354 4818 vulgatis,
2387 4745 2461 4815 pii
2481 4743 2726 4815 obsequii.
2749 4744 2915 4819 Magis
2937 4749 3254 4821 placetcum
3283 4771 3419 4813 mss.

1831 4837 2337 4965 prigii'Adjecimus
2387 4887 2983 4965 inimicos__auctoritate
3038 4911 3168 4953 mss.
3220 4897 3423 4957 Deinde

1832 4965 1886 5018 in
1915 4959 2049 5018 'snla
2093 4961 2224 5016 edit.
2276 4959 2399 5014 Par.
2441 4965 2526 5029 qui
2575 4959 2858 5032 tribulant,
2907 4981 3055 5034 non,
3113 4971 3202 5042 qui
3250 4988 3425 5042 perse-

1831 5043 2162 5179 quilziuiiale
2189 5103 2242 5158 in
2270 5100 2518 5179 vulgatis.
2544 5101 2725 5179 aliud:
2743 5105 2910 5179 Magis
2934 5111 3209 5179 probanda
3237 5130 3338 5172 vox
3361 5113 3427 5172 il-

1842 5173 2143 5251 lud,'quam
2175 5190 2284 5244 prae
2313 5189 2373 5228 se
2397 5173 2635 5251 fertms.
2658 5175 2782 5230 Mic.
2816 5173 2873 5251 In
2901 5173 3014 5251 reg.
3049 5194 3228 5240 autem
3259 5199 3312 5242 et
3334 5189 3429 5244 Al-

63 4781 66 4784 '
151 4766 269 4838 (a),
299 4761 493 4818 Abest
536 4757 832 4838 tribulatam
859 4771 889 4811 a
917 4755 1130 4838 duobus
1157 4769 1288 4812 mss.
1331 4755 1406 4811 De
1450 4762 1723 4838 eatamen

60 4825 176 4895 via‘
206 4825 316 4892 I'tic
349 4845 546 4887 sermo
576 4838 680 4893 est,
709 4828 778 4883 de
798 4843 899 4896 qua
929 4829 980 4882 in
1011 4828 1153 4882 Psal.
1183 4843 1368 4894 cxvnt,
1397 4842 1452 4881 n.
1484 4828 1570 4882 II:
1605 4825 1722 4892 Via,

61 4925 202 4983 qum
223 4905 332 4983 >ad_
357 4903 542 4983 vitant‘
558 4901 725 4983 ducit,
745 4910 791 4954 et
815 4908 1034 4983 angusta
1058 4910 1104 4953 et
1129 4899 1369 4983 tribulata
1393 4908 1488 4983 est.

149 4980 245 5054 (ὁ)
303 4971 661 5054 pud_Bad.,
689 4973 776 5025 Er.
799 4971 1000 5054 ebLips
1023 4971 1316 5054 :‘quomodo
1342 4977 1584 5054 optasset,
1614 4984 1728 5022 cum

56 5040 556 5116 elementi—hujus
581 5054 766 5116 natura
797 5041 1182 5116 existimabitur.
1223 5041 1376 5108 Apud
1413 5040 1536 5116 Par.
1557 5056 1582 5116 _:
1605 5057 1729 5116 quo-

58 5125 257 5179 modo
292 5111 523 5184 aptasse
565 5113 627 5167 de
673 5113 930 5168 elementis
979 5114 1135 5184 hujus
1177 5124 1376 5166 natura:
1422 5111 1732 5167 existimabi-

58 5209 165 5253 tur
197 5211 222 5250 :
260 5183 450 5248 Ioeus
473 5185 834 5256 depravatus,
881 5183 1172 5240 resareitur
1201 5198 1302 5254 ope
1339 5196 1470 5238 mss.
1524 5198 1638 5253 reg.
1677 5190 1734 5237 et

57 5244 316 5327 Xibin—o-
351 5244 356 5245 ν
544 5244 560 5256 -
819 5244 832 5252 -
908 5326 914 5327 7
1015 5326 1018 5327 ν
1179 5326 1190 5327 7
1240 5244 1254 5254 -
1294 5325 1301 5327 Α
1564 5244 1654 5327 ᾗ-
1841 5244 2160 5327 δίηίμὴεαυϐ
2186 5253 2367 5327 exstat
2391 5244 2544 5327 illud.
2576 5261 2752 5315 neque
2778 5249 2942 5304 aliud-

150 5315 404 5412 ῖῶηιιει
436 5329 491 5385 in
519 5341 652 5384 mss.
682 5328 774 5384 ubi
817 5326 960 5383 male
1010 5326 1063 5382 in
1106 5325 1358 5397 vulgatis,
1412 5321 1740 5380 constituisse
1857 5315 2989 5412 regejil‘ilig-‘vgfifffuff
3019 5327 3436 5412 “Jiribi‘la‘i‘iiw

53 5387 423 5468 hominem.
1201 5387 1229 5397 '
1343 5387 1356 5394 '
1492 5467 1497 5468 ,
1847 5387 2108 5468 εάιέςὲεέε
2136 5389 2313 5468 eam
2330 5387 3021 5468 μέδρενμίιὲηίηεὶσοξο·φίας
3045 5406 3150 5452 etc-

426 5471 709 5554 punximus
739 5470 847 5538 hic,
872 5469 1148 5542 viviﬁcabis
1173 5486 1254 5525 me
1277 5470 1331 5525 in
1369 5467 1604 5540 azquitate
1628 5474 1739 5532 tua,
1848 5533 1898 5556 η
2018 5461 2241 5556 Excttsi,
2260 5458 2802 5556 Ecl
2818 5458 3075 5556 judicium
3105 5478 3439 5542 temperatur.

1848 5529 2036 5590 Melius
2065 5548 2194 5587 mss.
2223 5530 2302 5604 vel
2325 5529 2379 5582 in
2391 5529 2947 5604 misericordiametc.
3205 5529 3217 5542 ”
3273 5571 3292 5604 ιε

1924 5603 2000 5678 (lt)
2029 5603 2191 5669 Editi,
2215 5599 2478 5678 incentivis
2499 5611 2744 5678 arguatur
2765 5616 2784 5653 .°
2806 5607 3135 5677 castigantur
3161 5627 3227 5670 ex
3253 5599 3384 5672 mss.
3409 5631 3442 5674 a

1855 5671 2048 5750 quibus
2074 5689 2198 5750 mox
2227 5673 2382 5750 abest
2411 5671 2668 5750 particula
2714 5686 2906 5742 verum,
2934 5671 3055 5748 (iure
3087 5685 3240 5741 salvo
3275 5671 3440 5746 sensu

1853 5743 2034 5822 putest
2051 5745 2243 5804 adesse
2266 5743 2353 5801 vel
2379 5743 2590 5801 abesse.

54 5545 243 5614 ms‘s.’
271 5545 654 5614 auctoritate.

151 5622 247 5698 (ε)
277 5618 409 5698 _lta
435 5613 969 5698 Iiegiusfodexncum
985 5613 1176 5698 _A_lbin.
1209 5611 1346 5698 Editi
1365 5627 1526 5698 vero;
1540 5622 1746 5698 arcente

53 5680 384 5757 εεξὶτίιὶω.
450 5680 584 5742 Τυίιι
633 5686 788 5756 Bad.,
821 5686 914 5742 Er.
947 5695 1004 5743 et
1030 5685 1177 5757 Lips.
1229 5680 1611 5754 eﬂ'ectu:Par.
1663 5683 1746 5751 af-

53 5773 266 5847 fectu.

479 5854 754 5916 ΡΑτιιοι.
798 5850 913 5914 IX.

2943 5841 3048 5902 27.
