3896 6336
533 256 643 318 843

1721 239 1966 302 SANCTI
2004 233 2262 298 HILARII
2284 236 2592 299 EPISCOPI

3705 243 3782 302 εκ

531 367 741 435 inimici
765 368 847 425 sul
876 371 1135 441 pereant,
1164 373 1488 435 quamquam
1525 356 1593 416 ad
1621 357 1674 414 id
1705 359 2044 430 potissimum
2076 364 2131 410 et
2156 356 2212 414 Α
2237 361 2346 410 tum
2373 354 2537 412 tuisse
2567 353 2756 426 psalmi
2796 355 2966 428 Ipsius
2993 363 3147 414 textu
3173 355 3440 415 docetur:
3477 355 3698 431 nihilque
3722 360 3782 416 his

533 479 736 520 nomen
765 471 818 519 et
849 457 1214 517 misericordia
1250 456 1347 512 Dei
1373 465 1484 519 est;
1512 462 1690 509 tamen
1715 449 1791 524 (a)
1819 465 1940 505 cum
1967 449 2128 504 etiam

536 571 605 614 ea
654 567 817 612 causa
861 559 971 618 est,
1003 550 1146 622 quod
1192 564 1386 605 servus
1429 547 1522 604 Dei
1566 556 1670 610 est,
1705 543 1855 614 cujus
1894 543 2127 597 animam

538 653 963 720 persequantur;
989 653 1049 700 et
1073 642 1375 698 liberalitas
1407 640 1497 709 (ex
1525 645 1678 710 parte
1708 635 1838 709 Dei)
1866 635 2132 691 admisce-

532 747 645 807 tur,
669 745 725 794 et
751 737 1001 792 meritum
1023 734 1111 809 (ex
1134 741 1288 804 parte
1317 729 1608 801 hominis);
1639 736 1802 800 atque
1826 726 1893 782 ad
1917 725 2130 782 Domini

533 831 982 899 misericordiam,
1012 829 1151 885 servi
1175 841 1388 898 quoque
1406 831 1464 882 et
1482 823 1614 880 ﬁdes
1640 830 1696 879 et
1720 836 1916 878 nomen
1939 820 2130 890 adjun-

530 926 676 998 gitur
730 939 746 979 :
802 933 863 980 ut
917 917 1289 979 misericordia
1349 918 1444 974 Dei
1495 929 1820 988 quamquam
1876 913 2130 970 omnibus

530 1026 782 1091 prompta
804 1019 906 1086 sit,
936 1017 1020 1073 his
1048 1025 1231 1071 tamen
1259 1013 1352 1085 qui
1380 1011 1525 1069 servi
1555 1012 1673 1079 ejus
1702 1017 1830 1065 sunt
1860 1007 2131 1079 intelliga-

529 1123 620 1169 tur
645 1113 924 1178 assistere,
955 1125 1054 1181 per
1078 1125 1202 1164 eum
1233 1116 1289 1164 et
1313 1108 1366 1163 in
1397 1122 1463 1163 eo
1485 1106 1579 1176 qui
1607 1105 1684 1160 ait
1712 1122 1726 1159 :
1759 1103 1871 1176 Ego
1898 1119 2011 1158 sum
2033 1117 2128 1157 vo-

527 1205 722 1260 biscum
748 1204 984 1260 omnibus
1013 1202 1189 1257 diebus
1219 1216 1378 1270 usque
1403 1200 1471 1253 ad
1499 1197 1989 1253 consummationem
2033 1211 2132 1251 sa:-

527 1300 635 1354 cuti
668 1297 896 1371 (Matth.
927 1312 1132 1364 xxvm,
1157 1296 1293 1363 ΞΟ),
1327 1293 1615 1349 Dominum
1662 1302 1906 1349 nostrum
1945 1291 2128 1348 Jesum

525 1389 802 1446 Christum
822 1429 840 1456 ,
863 1389 957 1460 qui
986 1398 1071 1445 est
1111 1387 1428 1445 benedictus
1459 1394 1515 1443 et
1541 1401 1686 1443 nunc
1711 1395 1767 1444 et
1809 1401 2045 1456 semper,
2076 1390 2132 1440 et

525 1485 582 1541 in
604 1485 788 1542 omnia
813 1483 1016 1540 saecula
1042 1483 1384 1539 saeculorum.
1417 1483 1607 1537 Amen.

1037 1591 1353 1653 PSALMUS
1391 1591 1621 1652 CXLIII.

946 1710 1190 1766 Psalmus
1219 1709 1392 1766 David
1412 1711 1466 1765 in
1493 1710 1719 1771 Goliam.

599 1796 905 1859 Benedictus
926 1801 1180 1859 Dominus
1205 1803 1342 1859 Deus
1364 1806 1614 1874 meus,qui
1633 1804 1776 1858 docet
1795 1818 1976 1857 manus
1996 1819 2136 1858 meas

526 1895 596 1950 ad
617 1896 826 1960 bellum,
847 1906 898 1951 et
919 1896 1268 1967 digitos'meos
1288 1897 1342 1948 iu
1360 1895 1618 1968 prwlium.
1645 1892 2002 1950 Misericordia
2023 1910 2135 1948 mea

525 1997 577 2041 et
605 1988 864 2060 refugium
893 2004 1099 2056 meum,
1130 1997 1397 2057 susceptor
1441 2003 1582 2042 meus
1623 1996 1670 2042 et
1706 1986 1954 2040 liberator
1993 2001 2134 2040 metu

529 2078 550 2146 (
583 2077 727 2134 Infra
755 2079 974 2134 additur
1000 2096 1050 2134 es
1078 2078 1177 2152 tu).
1206 2079 1478 2134 Protector
1505 2097 1645 2134 meus
1665 2121 1680 2147 ,
1722 2090 1769 2134 et
1798 2081 1852 2141 in
1879 2080 1992 2150 ipso
2011 2095 2132 2149 spe-

526 2171 637 2225 ravi
672 2187 690 2224 :
719 2171 804 2242 qui
847 2172 1081 2243 subjiciet
1108 2172 1307 2243 (Infra,
1343 2169 1652 2243 subjiciens)
1677 2173 1929 2244 papulum
1962 2187 2133 2226 meum

525 2261 621 2315 sub
648 2278 746 2317 me.
775 2260 1011 2328 Domine,
1033 2263 1158 2334 quid
1180 2275 1255 2320 est
1281 2265 1434 2320 homo
1461 2307 1476 2331 ,
1497 2265 1620 2336 quia
1648 2266 1914 2320 iunotuisti
1933 2267 1981 2320 ei
2006 2274 2134 2320 :attt

525 2354 667 2423 ﬁlius
690 2354 931 2420 hominis,
962 2356 1100 2426 quod
1124 2357 1339 2427 deputas
1361 2359 1513 2412 eum?
1533 2357 1704 2412 Homo
1730 2359 1968 2412 vanitatis
1988 2358 2134 2412 sinti-

523 2445 590 2500 lis
618 2448 787 2517 factus
813 2455 887 2501 est
917 2464 936 2502 :
963 2447 1070 2502 dies
1117 2451 1228 2520 ejus
1272 2451 1403 2504 sicut
1440 2451 1621 2504 umbra
1658 2460 1987 2521 prwtereunt.
2023 2451 2133 2505 Do-

524 2539 681 2604 mine,
737 2540 928 2596 inclina
954 2542 1105 2597 eteius
1135 2551 1268 2610 tuos,
1297 2554 1344 2598 et
1364 2543 1644 2609 descende;
1673 2554 1835 2616 tange
1864 2554 2132 2611 montes,“

524 2632 880 2705 fumigabunt;
901 2649 1114 2689 corusca
1137 2645 1460 2690 coruscantes
1484 2635 1672 2706 (Infra,
1701 2636 2128 2708 coruscationes),

525 2736 573 2782 et
600 2725 877 2800 dissipabis
915 2745 1037 2796 eos;
1063 2731 1235 2784 emitte
1281 2731 1494 2801 sagittas
1533 2741 1650 2784 tuas
1675 2772 1690 2796 ,
1717 2741 1768 2786 et
1798 2731 2123 2787 conturbabis

525 2833 633 2874 eos.
662 2815 860 2874 Emitte
889 2818 1077 2893 (lnl'ra,
1107 2819 1325 2892 emittes)
1352 2837 1561 2878 manum
1575 2832 1718 2878 tuam
1737 2823 1800 2876 de
1820 2823 1927 2878 alto
1951 2840 1970 2877 :
1992 2824 2132 2894 eripe

527 2926 628 2973 me,
653 2920 699 2964 et
730 2911 887 2966 libera
917 2931 995 2967 me
1017 2913 1193 2987 (abest
1221 2926 1266 2970 et
1298 2916 1458 2970 libera
1487 2917 1586 2988 me)
1604 2918 1836 2987 de'aquis
1863 2919 2063 2985 multis,
2083 2931 2132 2975 et

525 3002 590 3057 de
613 3005 954 3073 manu(lnlra,
982 3025 1138 3061 manu
1162 3007 1359 3080 iniqua)
1385 3011 1615 3076 filiorum
1643 3013 1953 3070 alienorum.
1986 3016 2129 3082 Quo-

527 3110 643 3147 rum
673 3111 728 3149 os
757 3096 982 3152 locutum
1004 3109 1076 3154 est
1089 3101 1453 3157 vanitatem:et
1466 3104 1675 3160 dea-tera
1708 3124 1882 3162 eorum
1917 3109 2128 3165 dextera

527 3185 826 3258 iniquitatis.
847 3187 1456 3268 Deus,canticum610
1480 3213 1664 3253 novum
1692 3202 1905 3255 cantabo
1935 3203 2046 3268 tibi,
2070 3204 2125 3258 in

526 3279 771 3350 psalterio
798 3287 806 3310 ’
838 3282 1319 3341 decente/tardarunt
1393 3289 1614 3357 psallam
1678 3292 1787 3346 tibi.
1870 3294 1973 3359 Qui
2041 3297 2131 3351 dat

525 3369 710 3442 (Infra,
755 3374 872 3448 das)
906 3377 1123 3431 salutem
1162 3381 1366 3450 regibus
1395 3396 1414 3434 :
1441 3384 1534 3450 qui
1559 3383 1740 3439 liberat
1757 3403 1955 3443 servum
1978 3407 2130 3446 suum

528 3461 715 3534 (Infra,
759 3467 944 3523 liberas
995 3469 1166 3526 David
1220 3491 1425 3529 servum
1453 3477 1681 3551 tuum):
1713 3482 1776 3534 de
1801 3481 1976 3551 gladio
2010 3499 2125 3538 ma-

527 3555 668 3626 ligno
696 3559 833 3627 eripe
854 3559 1050 3633 (Infra,
1081 3562 1224 3633 erue)
1253 3582 1349 3620 me.
1385 3567 1451 3620 Et
1477 3571 1616 3640 eripe
1643 3587 1726 3626 me
1753 3572 1818 3627 de
1843 3591 1998 3629 manu
2029 3577 2129 3645 ﬁlii

525 3647 685 3702 alieni
714 3647 864 3720 (Haec
890 3669 996 3707 non
1023 3665 1242 3710 exstant
1269 3657 1450 3730 infra).
1469 3660 1703 3726 Quorum
1717 3681 1774 3719 os
1804 3666 2027 3720 locutum
2053 3677 2130 3724 est

527 3739 823 3809 vanitatem,
839 3753 885 3796 et
912 3743 1120 3799 dextera
1143 3764 1316 3802 eorum
1341 3753 1548 3806 dextera
1571 3753 1877 3821 iniquitatis.
1897 3759 2129 3827 Quorum

525 3827 628 3898 filii
659 3832 792 3887 sicut
819 3835 1031 3890 novella:
1051 3838 1412 3906 plantationes,
1441 3844 1680 3898 stabilita:
1704 3847 1895 3918 (Infra,
1925 3852 2128 3906 novella

525 3920 777 3990 plantatio
798 3925 1061 3997 stabilita)
1094 3930 1146 3982 in
1162 3932 1433 4002 juventute
1452 3950 1566 3990 sua.
1593 3936 1751 3994 Filiae
1776 3957 1949 3995 eorum
1973 3943 2129 3998 deco-

523 4024 652 4070 γαῖα)
673 4018 691 4089 (
709 4016 867 4089 Infra,
901 4025 1229 4096 compositis)
1255 4042 1274 4079 :
1300 4037 1346 4080 et
1372 4029 1764 4089 circumornaue
1789 4045 1845 4089 ut
1875 4036 2128 4092 similitu-

522 4106 587 4163 do
628 4112 823 4181 templi.
859 4112 926 4168 Et
956 4119 1308 4188 promptuaria
1338 4137 1515 4176 eorum
1560 4126 1733 4194 plena.
1753 4129 2035 4185 eructantia
2061 4137 2127 4184 at:

523 4202 618 4258 hoc
647 4207 698 4259 in
726 4207 879 4263 illud.
902 4208 1030 4265 Oves
1055 4228 1229 4269 eorum
1261 4218 1458 4284 [εἰσίω.
1491 4217 1810 4276 abundantes
1835 4223 1890 4277 in
1919 4223 2126 4279 itineri~

522 4296 616 4351 bus
639 4315 812 4354 eorum
855 4301 1038 4374 (Infra,
1062 4309 1342 4379 egressibus
1360 4312 1489 4381 suis)
1521 4329 1540 4367 :
1568 4315 1714 4369 boves
1733 4332 1914 4372 eorum
1952 4322 2113 4375 crassi
2179 4336 2182 4339 λ

525 4385 709 4459 (Infra,
727 4394 954 4465 crasste).
982 4397 1103 4454 Non
1125 4411 1204 4456 est
1217 4404 1366 4458 ruina
1391 4407 1647 4473 maceriae,
1666 4425 1826 4480 neque
1850 4415 2119 4478 transitus,

522 4495 680 4598 neque
706 4485 962 4543 clamorin
973 4491 1156 4558 plateis
1170 4511 1366 4550 eorum.
1381 4496 1598 4554 Beatam
1625 4501 1861 4558 dixerunt
1875 4509 2121 4578 pupulum
2141 4533 2200 4598 Β

522 4572 604 4626 cui
627 4573 733 4628 Itwc
762 4587 908 4633 sunt:
925 4581 1099 4637 beatus
1115 4587 1358 4659 populus,
1374 4592 1527 4657 cujus
1548 4591 1800 4651 Dominus
1983 4602 2112 4671 ejus.

953 4697 1366 4762 TRACTATUS
1389 4705 1671 4765 PSALS-ll.

593 4782 643 4835 1.
665 4780 878 4882 -Ti‘t‘ulus
891 4785 1072 4882 alixx
1091 4793 1316 4861 additus,
1341 4798 1515 4866 dequo
1535 4803 1792 4871 psalmum
1817 4808 2116 4882 intelligen-

519 4872 1105 4968 dumindicet.-—Vuns.
1137 4885 1258 4939 4-7.
1283 4888 1347 4942 Et
1367 4889 1492 4947 huic
1511 4908 1726 4966 quoque
1770 4872 2114 4968 psalmovad-

517 4963 747 5061 dentiam
800 4967 941 5024 hanc
979 4971 1330 5046 Septuaginta
1359 4963 1873 5058 superscriptioncm
1893 5004 2115 5061 putave—

519 5066 668 5114 runt:
688 5057 931 5115 Psalmus
961 5062 1130 5118 David
1150 5068 1202 5122 in
1223 5067 1588 5144 Goliam;cum
1611 5057 1787 5151 neque
1813 5082 1867 5138 in
1895 5057 2113 5142 bebrai-

512 5152 588 5207 cis
617 5153 769 5255 libris-
795 5156 869 5255 (b)
891 5163 1213 5231 reperiatur,
1260 5183 1436 5241 neque
1465 5179 1819 5236 translatores
1841 5183 1929 5237 alii
1952 5185 2111 5255 quid-

509 5259 666 5347 quam
699 5243 844 5347 ali-nd
872 5270 1034 5324 quam
1063 5256 1364 5328 simplicem
1394 5266 1604 5323 titulum
1641 5243 2069 5347 praescripserint
2089 5322 2105 5347 ,

509 5338 562 5394 id
602 5350 686 5398 est
705 5385 719 5411 ,
752 5341 945 5402 David.
974 5348 1132 5419 Quod
1162 5367 1267 5408 non
1299 5354 1416 5412 sine
1443 5338 1670 5429 Spiritali
1693 5338 1904 5426 ratione
1933 5338 2100 5431 elice;

575 5525 650 5618 ta)
678 5526 888 5618 bipsius
912 5546 1192 5618 expuncta
1202 5539 1466 5618 particula
1498 5556 1634 5618 cum,
1657 5555 1848 5602 caetera
1882 5560 2094 5618 pertur-

502 5594 1032 5726 Ιέἰῐθὲῗξξέξεεθωὶ.
1057 5608 1130 5662 Ea
1161 5594 1467 5668 distinctius
1493 5594 2092 5693 exiliiiéﬁ'isbiii,

501 5773 513 5802 ι
572 5737 648 5809 (b)
699 5739 810 5797 lmo
839 5752 975 5803 teste
1003 5747 1347 5811 Theodoreto
1373 5769 1550 5828 neque
1580 5759 1634 5814 in
1678 5761 1928 5821 omnibus
1965 5763 2103 5838 Sepc

2235 448 2470 519 psalmus
2520 449 2794 519 proprium
2849 451 3044 518 habet,
3091 450 3241 522 quod
3303 450 3390 516 ad.
3416 452 3782 522 gratulationem

2232 541 2499 615 perempti
2540 542 2706 599 Golitn
2736 544 2908 615 possit
2934 544 3150 612 referri,
3183 560 3306 600 cum
3325 544 3491 615 magis
3521 544 3626 599 illic
3650 552 3699 600 et
3720 561 3783 614 ge-

2234 634 2332 697 stis
2359 643 2414 690 et
2439 634 2666 704 tempori
2691 634 2856 690 multa
2877 636 3152 690 contraria
3194 635 3327 690 sint.
3358 631 3492 690 Cum
3521 635 3658 691 enim
3681 634 3782 690 dici-

2233 737 2321 785 tur
2361 747 2375 782 :
2428 727 2718 799 Subjiciens
2761 729 3010 802 papulum
3053 747 3225 786 meum
3273 727 3368 785 sub
3408 747 3516 797 me,
3565 729 3781 800 numquid

2231 830 2346 876 tum
2375 819 2540 876 David
2569 836 2664 876 rex
2692 821 2853 877 erat?
2883 829 2977 877 aut
3000 821 3124 894 quis
3145 827 3260 877 tum
3279 819 3333 879 ei
3362 822 3590 894 populus
3615 823 3786 892 subjec-

2231 920 2320 970 tus
2347 923 2461 980 est,
2494 913 2540 969 si
2570 911 2970 986 allapliylorum
3015 912 3262 987 (subaud.
3292 914 3548 986 populus)
3581 930 3678 969 non
3702 929 3786 970 erat

2233 1007 2401 1064 suus?
2429 1006 2534 1064 Sed
2566 1021 2634 1062 ne
2665 1008 2779 1076 ipse
2807 1007 3032 1079 quidem
3082 1005 3290 1078 Israel,
3337 1005 3470 1064 Saul
3523 1007 3688 1062 adhuc
3727 1024 3786 1062 re-

2233 1109 2460 1172 gnante,
2516 1107 2728 1170 poterat
2774 1115 2900 1157 esse
2946 1099 3244 1172 subjectus.
3277 1098 3490 1156 Deinde
3542 1108 3598 1154 et
3648 1097 3781 1155 illud;

2234 1192 2455 1246 Domine
2473 1233 2488 1258 ,
2512 1191 2708 1246 inclina
2735 1193 2888 1248 rtelos
2925 1201 3036 1248 tuos
3056 1236 3071 1261 ,
3095 1202 3142 1248 et
3189 1191 3446 1247 descende
3473 1210 3494 1259 ;
3518 1201 3662 1263 tange
3683 1210 3787 1246 uos-

2233 1295 2337 1352 tes,
2383 1295 2428 1339 et
2460 1287 2822 1356 fumigabunt;
2885 1301 3099 1340 corusca
3151 1286 3537 1340 caruscationes
3569 1325 3586 1353 ,
3615 1295 3657 1339 et
3709 1287 3784 1337 dis-

2232 1377 2423 1448 sipabis
2467 1394 2582 1443 eos,
2613 1394 2734 1451 qure
2778 1394 2901 1436 esse
2943 1365 3271 1450 intelligetur
3325 1378 3398 1436 ob
3441 1379 3658 1435 humani

2231 1479 2446 1542 tempus
2499 1473 2716 1528 oratio?
2755 1472 3024 1530 Aut-cum
3083 1473 3381 1530 secundum
3435 1471 3786 1529 titulumGolis

2234 1573 2380 1623 esset
2426 1566 2658 1634 occisus,
2707 1566 2837 1638 quid
2891 1566 2999 1624 sibi
3047 1566 3131 1622 hae
3178 1582 3365 1637 preces
3415 1565 3604 1622 volunt
3635 1585 3646 1619 :
3675 1563 3787 1635 Eripe

2234 1675 2343 1728 me,
2376 1669 2423 1714 et
2469 1661 2627 1716 libera
2683 1678 2764 1716 me
2811 1660 2875 1717 de
2915 1661 3063 1733 aquis
3107 1662 3324 1729 multis,
3350 1671 3398 1716 et
3453 1662 3519 1716 de
3575 1678 3713 1715 usus
3745 1663 3788 1728 ῥ-

2164 1752 2214 1814 Β
2241 1749 2429 1805 liorum
2451 1751 2740 1806 alienorum
2755 1754 2780 1808 Ρ
2797 1754 2902 1808 Aut
2917 1768 3039 1808 cum
3066 1769 3164 1808 rex
3194 1761 3404 1808 tantum
3429 1768 3571 1808 unus
3600 1753 3648 1807 in
3668 1754 3789 1808 Israel

2239 1851 2418 1908 esset;
2455 1843 2585 1914 quid
2607 1852 2691 1900 est
2739 1844 2877 1899 istud
2928 1843 3072 1916 quod
3099 1844 3299 1900 dicitur
3321 1886 3336 1910 ,
3368 1841 3438 1898 ν.
3491 1845 3591 1900 1οε
3623 1844 3788 1910 Quidni

2239 1935 2455 1990 salutem
2502 1935 2756 2007 regibus?
2802 1935 3068 1992 Numerus
3135 1937 3370 2008 plurium
3432 1936 3787 2009 intelligentiae

2238 2026 2355 2097 ejus
2387 2030 2646 2098 temporis
2667 2071 2680 2094 ,
2715 2044 2821 2100 quo
2853 2045 2991 2086 unus
3022 2039 3229 2086 tantum
3277 2030 3616 2095 habebatur,
3654 2034 3789 2088 excis-

2238 2120 2338 2176 dit.
2369 2121 2477 2178 Sed
2525 2136 2648 2179 cum
2694 2138 2795 2179 nec
2823 2124 2874 2180 in
2921 2124 3156 2181 hebraeis
3197 2125 3351 2181 libris
3401 2127 3476 2180 ita
3519 2129 3627 2194 sit,
3663 2143 3791 2195 neque

2235 2217 2593 2273 translatores
2624 2219 2806 2275 caeteri
2834 2218 3028 2275 borum
3057 2219 3262 2292 aliquid
3289 2219 3638 2287 addiderint;
3673 2219 3792 2275 intel-

2237 2308 2454 2381 ligimus
2481 2314 2816 2384 septuaginta
2839 2312 2940 2370 hos
2971 2315 3218 2370 seniores
3246 2329 3477 2371 sensum
3499 2317 3650 2371 nobis
3673 2319 3795 2386 spiri-

2233 2403 2362 2459 talis
2381 2405 2621 2461 scientize
2645 2406 2960 2477 reliquisse:
2987 2418 3045 2463 ut
3075 2408 3128 2462 in
3173 2409 3342 2465 David
3371 2420 3431 2465 et
3458 2410 3612 2466 Golia
3635 2411 3791 2465 bellum

2238 2498 2639 2568 praeliguratum
2661 2515 2784 2557 esse
2811 2511 3014 2557 satanas
3039 2501 3365 2574 Domin’iquc
3393 2503 3681 2571 sciremus;
3703 2520 3793 2560 cm

2236 2591 2451 2663 quando
2481 2611 2653 2667 neque
2678 2594 2840 2669 611
2869 2597 3262 2668 superscriptio
3303 2608 3548 2656 exstaret
3575 2601 3624 2654 in

2237 2701 2412 2756 neque
2439 2687 2601 2744 rebus
2624 2690 2788 2760 gestis
2818 2687 3118 2760 prophetiae
3147 2707 3333 2747 sermo
3359 2693 3689 2748 concineret.

2306 2778 2362 2834 2.
2394 2777 2473 2834 An
2495 2780 2657 2849 ipsius
2685 2779 2873 2848 David,
2903 2799 2971 2836 an
2991 2784 3054 2837 de
3081 2779 3252 2837 David
3281 2785 3390 2838 sint
3415 2786 3625 2854 psalmi,
3645 2787 3794 2838 latins

2235 2887 2404 2926 sermo
2434 2889 2536 2926 non
2566 2873 2826 2944 exprimit.
2878 2871 3127 2930 Psalmus
3153 2876 3237 2929 hic
3263 2876 3329 2930 de
3358 2874 3593 2932 Christo.
3624 2906 3689 2917 —
3719 2878 3791 2930 ΔΙ·

2236 2963 2341 3019 lert
2363 2975 2543 3020 autem
2577 2965 2897 3038 plerumque
2920 2967 3075 3023 nobis
3107 2966 3487 3026 difﬁcultatem
3531 2971 3790 3041 intelligen-

2237 3058 2323 3112 tiae
2363 3059 2502 3114 ratio
2533 3058 2816 3115 latinitatis
2836 3104 2850 3127 ,
2879 3076 2999 3132 quae
3037 3063 3356 3119 nominibus
3385 3067 3794 3134 pronominum

2152 3145 2199 3210 C
2233 3158 2315 3204 est
2337 3149 2491 3206 solita
2511 3165 2860 3222 praeponere:
2891 3162 2949 3208 ut
2975 3154 3027 3208 in
3047 3153 3212 3210 David
3236 3158 3464 3213 nomine
3489 3157 3793 3214 accidit.Ces—

2233 3251 2386 3297 sante
2414 3243 2555 3298 enim
2583 3245 2923 3315 pronomine,
2967 3247 3236 3304 incertum
3260 3258 3346 3306 est
3374 3260 3562 3306 utrum
3585 3253 3633 3306 in
3659 3253 3792 3314 illam.

2232 3339 2325 3388 aut
2351 3349 2451 3405 per
2471 3335 2626 3390 illum
2652 3338 2889 3406 psalmus
2907 3342 3201 3396 exstiterit.
3242 3343 3383 3398 Cum
3404 3345 3556 3400 enim
3583 3345 3794 3400 scribitur

2232 3429 2463 3498 psalmus
2494 3429 2696 3498 David;
2725 3441 2902 3487 utrum
2931 3434 2998 3490 ab
3019 3435 3113 3490 illo
3141 3436 3323 3492 dictus
3361 3437 3470 3504 sit,
3499 3448 3597 3493 aut
3615 3451 3793 3509 propter

2231 3517 2402 3586 illum,
2427 3521 2733 3593 ambiguum
2764 3523 2892 3580 facit
2909 3527 3139 3582 nominis
3162 3529 3276 3584 sola
3303 3533 3664 3602 prasscriptio.
3681 3530 3793 3587 Gra-

2232 3612 2365 3667 citas
2393 3629 2522 3670 vero
2549 3630 2669 3671 cum
2695 3631 2789 3684 per
2816 3617 2980 3674 David
3006 3620 3274 3691 psalmum
3317 3625 3588 3692 scriptum
3613 3623 3794 3679 essesi-

2231 3705 2486 3778 gniﬁcat,
2509 3707 2582 3762 ita
2610 3709 2822 3765 titulum
2856 3712 3131 3780 inscribit,
3163 3713 3372 3786 talpa.—
3400 3723 3498 3772 τοῦ
3541 3714 3722 3771 Δαϐὁδ;
3755 3723 3795 3766 at

2233 3817 2362 3856 vero
2389 3817 2509 3857 cum
2540 3802 2609 3858 de
2643 3804 2810 3860 David
2840 3807 2952 3861 vult
2980 3808 3245 3876 psalmum
3269 3810 3361 3880 qui
3391 3811 3467 3865 sit
3487 3812 3794 3883 scriptasit

2232 3895 2432 3965 telligi.
2473 3897 2547 3951 ita
2581 3901 2970 3970 superscribit,
3019 3910 3093 3978 τῷ
3136 3903 3300 3961 Auditi
3325 3921 3338 3957 :
3368 3904 3691 3963 discernens
3725 3921 3798 3976 per

2232 3989 2516 4060 utriusque
2585 3993 2922 4061 pronominis
2989 3997 3263 4066 propriam
3329 3999 3796 4070 signiﬁcarim.

2229 4088 2409 4134 utrum
2439 4081 2606 4138 David
2635 4085 2820 4154 scripti
2851 4086 3045 4155 psalmi
3075 4098 3302 4158 auctor,
3350 4105 3421 4145 an
3453 4107 3617 4148 causa
3639 4093 3735 4147 sit:
3755 4101 3797 4144 ut

2231 4174 2620 4240 superscriptio
2653 4177 2862 4256 .psalmi
2906 4179 3061 4236 istius
3091 4181 3370 4246 continet,
3415 4192 3493 4257 τῷ
3531 4183 3719 4251 Δκςὶδ,
3745 4183 3796 4237 iu

2231 4265 2375 4319 enim
2405 4264 2603 4334 habet,
2635 4268 2687 4323 id
2711 4277 2832 4336 est,
2863 4272 3008 4341 quod
3029 4282 3254 4344 propter
3275 4290 3403 4331 eum
3426 4276 3520 4331 vel
3537 4278 3609 4331 illi
3633 4277 3794 4346 puum,

2231 4373 2389 4428 quam
2413 4360 2481 4416 ab
2507 4376 2572 4417 eo
2597 4364 2829 4433 scriptus
2851 4365 2938 4421 sit.
2997 4367 3075 4422 Ex
3096 4384 3197 4438 qua
3226 4370 3394 4425 9.11am
3416 4372 3614 4442 psalmi
3643 4385 3795 4441 supcr-

2230 4452 2522 4520 scriptione
2560 4462 2926 4523 monstratur,
2958 4455 3012 4512 in
3034 4474 3159 4515 eum
3188 4459 3498 4528 hominem,
3529 4479 3688 4535 quem
3723 4463 3796 4516 De

2225 4543 2407 4598 minus
2437 4547 2727 4622 assumpsit
2767 4549 2819 4602 in
2863 4564 2930 4605 eo
2957 4565 3214 4619 nascens,
3245 4562 3300 4608 et
3325 4568 3491 4617 quem
3538 4555 3702 4609 David
3723 4568 3797 4608 sr-

2229 4635 2451 4706 pissimc
2479 4640 2746 4696 nominari
2777 4641 3079 4711 docuimus,
3113 4645 3385 4714 psalmum
3416 4649 3566 4704 hunc
3591 4649 3795 4720 ᾢίήωξ·

2227 4729 2426 4785 virtute
2451 4739 2511 4786 et
2539 4731 2825 4802 Prophetas
2849 4749 2944 4791 ore
2969 4744 3267 4792 cantatum.

2299 4823 2354 4879 3.
2385 4823 2692 4881 Benedictus
2723 4827 2974 4884 Dominus
3005 4827 3145 4885 Deus
3185 4847 3363 4898 meus,
3390 4835 3484 4903 qui
3533 4835 3679 4889 docet
3713 4851 3794 4887 m-

2230 4933 2326 4972 nus
2385 4935 2524 4974 meas
2571 4920 2622 4974 in
2667 4920 2894 4989 bellum,
2934 4933 2984 4978 et
3033 4924 3224 4995 digitos
3269 4941 3413 4982 meos
3461 4929 3524 4983 in
3567 4929 3793 4998 ρηεειει

2225 5011 2284 5067 Si
2311 5011 2384 5066 ob
2433 5013 2483 5067 id
2513 5013 2860 5084 gratulationi
2888 5018 3159 5074 interfecti
3205 5019 3381 5077 Gali:
3425 5021 3797 5093 deputatth

2225 5105 2470 5174 psalmus
2493 5147 2509 5172 ,
2541 5108 2666 5178 quia
2695 5107 2896 5164 dictum
2929 5121 3012 5166 est
3037 5152 3052 5175 ,
3083 5112 3184 5178 Qui
3213 5113 3362 5169 docet
3389 5132 3576 5172 manus
3602 5133 3736 5171 mas
3758 5114 3796 5166 is

2230 5198 2454 5263 bellum;
2503 5202 2767 5270 accipiant
2814 5203 3119 5275 exemplum
3179 5205 3282 5261 hoc
3335 5221 3589 5277 persona:
3643 5211 3798 5280 palis

2225 5287 2438 5344 Domini
2458 5294 2770 5350 convenire.
2795 5293 2930 5350 Nam
2972 5296 3025 5351 in
3049 5297 3284 5368 septimo
3311 5297 3539 5355 decimo
3563 5300 3797 5370 psalmo.

2223 5383 2317 5452 qui
2345 5393 2486 5439 tutus
2514 5401 2580 5442 ex
2614 5402 2843 5458 persona
2876 5388 3091 5446 Domini
3116 5391 3401 5459 consistit,
3426 5393 3484 5448 id
3519 5394 3690 5464 ipsum
3711 5391 3800 5446 die

2211 5561 2446 5638 tuaginta
2479 5567 2878 5638 exemplaribus
2913 5588 2926 5625 :
2951 5571 3034 5626 sic
3055 5572 3206 5627 enim
3233 5572 3437 5638 habet,
3465 5573 3536 5629 In
3559 5571 3799 5628 nou—liis

2209 5634 2584 5722 essentplw'ibus
2591 5639 3158 5722 inscriptioniadditum
3172 5646 3360 5708 imau',
3374 5634 3508 5722 «p6.-

2217 5700 2409 5787 Verum
2431 5723 2587 5775 neque
2613 5700 2764 5787 apud
2778 5711 2835 5787 Δ11
2842 5712 3078 5787 ebrteum,
3106 5731 3266 5787 neque
3302 5700 3445 5787 apud
3467 5700 3796 5772 eadem

2217 5784 2410 5842 pretes,
2430 5792 2589 5848 neque
2608 5783 2748 5850 apud
2772 5782 2909 5853 ipsos
2937 5783 3078 5841 LXX
3095 5782 3269 5842 inveni
3288 5782 3345 5842 in
3363 5787 3612 5859 amplo.
