3896 6336
27 305 129 361 845

1116 302 1526 363 TRACTA'I‘US
1551 302 1618 361 IN
1642 298 1850 360 CXLIII
1878 300 2209 364 PSALMUM
2219 343 2233 358 .

3200 310 3307 372 ειθ

25 428 132 473 tum
165 417 236 471 ita
279 418 656 475 meminimus:
692 418 792 487 Qui
818 418 969 474 doces
1006 435 1188 474 manus
1218 436 1354 474 meas
1391 420 1443 472 in
1466 435 1599 491 prw-
1629 416 1683 478 Α
1711 423 1803 470 me
1833 416 2229 473 confessionem
2258 457 2274 484 ,
2318 430 2545 488 quorum
2598 418 2839 477 habitum
2885 433 3263 497 insumpserat
3289 471 3305 497 ,

29 511 184 577 lium,
234 520 282 566 et
344 513 561 581 posuisti
623 521 679 567 ut
739 530 917 567 arcum
978 529 1169 569 (ereum
1215 513 1422 568 brachia
1492 530 1604 567 mea

27 603 142 673 (Ps.
174 619 301 665 xvu,
335 603 451 676 35).
499 605 652 671 Quod
682 614 860 661 autem
888 605 1021 660 nihil
1051 606 1105 660 in
1145 606 1294 661 illum
1324 604 1488 660 David
1519 620 1605 660 rc-

23 696 149 751 lerri
182 696 379 765 possit,
412 697 464 751 in
496 697 645 753 omni
693 697 907 767 quidem
938 698 1180 768 psalmo,
1226 698 1321 753 sed
1368 698 1604 753 maxime

22 788 99 842 his
122 788 275 842 dictis
298 788 526 843 docetur
551 806 563 841 :
597 788 806 843 Audiuit
825 790 887 843 de
907 791 1092 858 templo
1120 800 1296 844 sancto
1316 806 1410 845 suo
1435 806 1605 846 vocem

22 898 196 939 meam.
212 891 261 935 et
280 880 479 936 clamor
499 898 639 937 meus
653 884 705 936 in
725 892 996 947 conspectu
1006 884 1120 951 eius
1138 884 1362 938 introivit
1382 884 1436 938 in
1456 900 1604 939 aures

22 974 229 1046 (insilit
250 984 504 1029 commota
530 986 605 1030 est
631 985 679 1029 et
699 978 998 1031 contremuit
1029 986 1186 1041 terra,
1202 978 1604 1047 etjundamenta

20 1069 258 1122 montium
271 1068 573 1123 conturbata
593 1068 1121 1141 sunt(Ibid.7,8).Et
1151 1070 1311 1124 illud:
1342 1068 1604 1125 Clamant:-

20 1171 151 1223 runt,
170 1177 261 1215 nec
270 1170 378 1214 erat
389 1162 475 1231 qui
490 1163 654 1215 salsos
667 1162 873 1229 faceret,
889 1162 957 1215 ad
973 1162 1265 1226 Dominum,
1284 1179 1374 1217 nec
1384 1164 1602 1217 exaudi-

20 1255 82 1306 tvit
95 1270 193 1306 eos.
218 1252 284 1313 Et
295 1254 512 1305 constitit:
521 1270 634 1306 uam
652 1254 767 1307 illos
779 1263 834 1306 ut
851 1254 1101 1321 pulverem
1119 1264 1236 1309 ante
1249 1256 1429 1324 faciem
1448 1256 1581 1309 venti
1588 1298 1600 1320 ,

21 1356 71 1399 ut
99 1348 259 1399 lutum
274 1345 558 1415 platearum
582 1345 755 1400 delebo
774 1362 878 1400 eos.
901 1344 1103 1417 Eripies
1129 1363 1207 1401 me
1234 1347 1296 1400 de
1314 1348 1603 1400 contradic-

21 1439 228 1493 tionibus
256 1440 454 1511 papuli,
468 1440 743 1493 constitues
771 1455 852 1493 me
867 1440 918 1492 in
936 1450 1088 1509 caput
1103 1441 1348 1511 gentium.
1369 1438 1603 1510 Populus

22 1550 160 1601 quem
190 1550 288 1587 non
317 1534 529 1604 cognoui
554 1533 753 1590 servivit
777 1533 922 1599 mihi,
943 1534 1012 1587 ad
1027 1533 1263 1588 auditum
1288 1534 1429 1587 auris
1444 1534 1604 1588 obau-

20 1625 138 1679 divit
159 1626 282 1679 mihi
309 1624 358 1693 (l
369 1625 471 1679 bid.
502 1624 573 1677 ω
586 1635 634 1678 et
663 1624 1048 1695 seqq.).Rebus
1068 1624 1389 1693 ipsisinepta
1413 1640 1601 1681 eorum

1708 507 2047 577 praedicaret.

1775 600 1829 654 6.
1861 599 2053 656 Christi
2090 602 2309 671 populus
2329 645 2345 671 ,
2377 620 2477 661 non
2499 606 2597 661 soli
2623 602 2819 661 Judaei.
2848 636 2919 647 —
2943 607 3076 664 illud
3118 618 3302 667 autem

1706 692 1848 761 quod
1879 695 1954 747 ait
1985 713 1998 750 :
2027 694 2317 765 Subjicisns
2357 698 2607 769 populum
2647 715 2811 753 meum
2832 700 2925 755 sub
2952 718 3059 769 me,
3086 717 3193 758 non
3234 718 3305 759 ex

1704 797 1935 853 persona
1964 786 2143 843 unius.
2175 786 2380 844 Judaici
2423 791 2607 860 populi
2639 791 2837 848 dictum
2882 794 3303 853 existimandum

1706 884 1790 932 est
1821 893 1833 931 :
1868 891 1992 932 cum
2019 878 2422 937 universitatem
2451 882 2709 938 Ecclesia:
2752 901 2914 940 unum
2948 888 3203 956 populum
3246 890 3299 944 in

1705 966 1913 1036 psalmo
1933 968 2039 1023 alio
2062 974 2471 1040 nuncupaverit,
2495 973 2682 1033 dicens
2707 993 2719 1028 :
2750 974 3006 1047 Populus.
3025 996 3174 1051 quem
3200 998 3307 1036 non

1706 1060 1951 1128 cognoui,
1980 1063 2183 1121 seruiuit
2217 1065 2343 1121 milii
2370 1066 2389 1135 (
2416 1064 2560 1122 Psal.
2593 1084 2735 1130 svu.
2772 1068 2840 1125 15
2861 1069 2900 1142 ).
2927 1071 3082 1139 Quod
3120 1086 3302 1132 autem

1706 1151 1868 1207 etiam
1900 1152 1986 1209 hic
2013 1156 2101 1224 qui
2133 1171 2255 1209 eum
2286 1175 2388 1211 non
2435 1162 2690 1229 cognovit
2727 1178 2858 1219 suus
2888 1167 2981 1231 sit,
3010 1167 3302 1239 Evangelia

1705 1244 1922 1312 docent,
1946 1262 2065 1305 cum
2089 1248 2258 1318 aiunt,
2284 1249 2351 1305 In
2374 1268 2469 1307 sua
2490 1256 2644 1319 seuit,
2663 1266 2709 1310 et
2737 1259 2818 1311 sui
2841 1262 3059 1333 eum.(a)
3093 1281 3196 1317 non
3223 1282 3304 1319 re-

1706 1351 1968 1408 ceperunt.
1993 1340 2021 1396 l
2029 1359 2059 1395 tt
2086 1344 2278 1398 mundo
2297 1355 2425 1409 erat,
2454 1356 2503 1400 et
2529 1351 2749 1404 mundus
2770 1369 2862 1422 per
2880 1370 2992 1408 eum
3022 1359 3187 1426 factus
3206 1368 3300 1422 est,

1704 1446 1753 1488 et
1782 1437 2002 1493 mundus
2028 1456 2266 1494 eumnon
2292 1442 2525 1513 cognovit
2552 1441 2727 1515 (Joan.
2752 1460 2791 1508 1,
2835 1448 2891 1501 11
2940 1457 2988 1502 et
3037 1450 3151 1519 10).
3192 1450 3300 1505 Sed

1707 1534 1775 1583 ne
1799 1528 1938 1585 forte
1966 1529 2055 1586 hic
2076 1533 2328 1601 populus,
2363 1549 2520 1603 quem
2550 1534 2681 1605 (Hic
2698 1536 3020 1592 desideratur
3042 1538 3175 1611 non)
3203 1556 3301 1596 co-

1705 1621 1886 1689 gnovit
1910 1630 1964 1676 et
1985 1623 2084 1678 sibi
2117 1626 2359 1689 servivit,
2387 1641 2494 1683 non
2521 1641 2653 1682 suus
2680 1628 2868 1693 fuisse,
2899 1631 3023 1699 quia
3052 1646 3157 1685 non
3187 1639 3308 1686 erat

21 1716 362 1787 intelligentia
390 1717 720 1786 coarguitur,
743 1717 830 1785 qui
875 1718 991 1771 haec
1043 1715 1207 1771 David
1260 1716 1328 1771 de
1377 1731 1438 1771 se
1484 1718 1603 1786 ipso
1705 1714 1972 1783 cognitus,
2004 1716 2383 1783 existimetur;
2411 1717 2593 1772 divina
2628 1719 2714 1773 illa
2741 1720 2907 1792 Moysi
2938 1723 3119 1777 cantio
3147 1738 3304 1779 erro-

21 1808 216 1864 dixisse
250 1808 585 1865 contendunt
614 1826 627 1860 :
658 1822 779 1864 cum
816 1806 994 1863 omnia
1024 1807 1077 1861 in
1128 1823 1249 1863 eum
1286 1807 1560 1864 hominem
1583 1849 1598 1875 ,
1629 1808 1677 1868 B
1703 1818 1819 1861 rem
1850 1806 1990 1861 hunc
2010 1821 2227 1863 omnem
2255 1809 2619 1879 ambiguitatis
2649 1812 2904 1880 excludit,
2937 1814 3147 1882 dicens,
3169 1813 3306 1871 Cum

21 1917 173 1972 quem
222 1902 486 1957 Dominus
535 1901 587 1955 in
627 1916 695 1956 co
744 1910 899 1956 natus
936 1898 1260 1970 assumpsit,
1307 1899 1602 1957 secundum
1706 1894 2265 1955 divisissetEscelsus
2283 1910 2512 1970 gentes,
2545 1903 2731 1956 statuit
2753 1902 2887 1957 lines
2932 1906 3173 1975 gentium
3222 1921 3309 1962 se-

26 1994 311 2065 spiritalem
340 1997 608 2049 rationem
639 2003 691 2047 et
720 2003 874 2064 gesta
898 1993 1242 2048 conveniant.

85 2091 137 2143 4.
170 2086 403 2143 Christus
454 2096 509 2141 ut
537 2087 607 2139 ad
654 2086 844 2141 bellum
894 2087 1144 2155 passionis
1183 2087 1489 2141 instructus.
1538 2117 1607 2129 --

27 2183 200 2238 Manus
234 2181 399 2250 igitur
421 2182 542 2251 ejus
566 2181 774 2236 edoctus
819 2179 885 2235 ad
915 2179 1115 2235 bellum
1147 2186 1308 2242 sunt.
1340 2195 1461 2235 cum
1507 2195 1607 2235 sa:-

26 2276 190 2331 culum
221 2274 424 2329 vincit:
458 2274 569 2343 Ego
589 2273 732 2328 enim
756 2313 770 2337 ,
814 2273 887 2326 ait
914 2312 929 2339 ,
960 2271 1064 2325 vici
1112 2271 1375 2327 mundum
1424 2269 1605 2340 (Joan.

28 2384 131 2431 xvr,
178 2369 305 2437 55):
336 2382 461 2423 cum
494 2374 751 2421 extensus
791 2366 841 2419 in
874 2380 1088 2420 crucem
1121 2364 1487 2419 invictissimis
1524 2379 1612 2419 ar-

31 2462 125 2516 mis
151 2461 320 2531 ipsius
346 2459 617 2530 passionis
646 2460 960 2514 instruitur:
1012 2458 1079 2514 Et
1110 2459 1364 2527 posuisti,
1394 2457 1607 2527 inquit,

30 2565 80 2610 ut
103 2572 278 2610 arcum
322 2570 519 2610 areum
551 2554 761 2607 brachia
788 2570 901 2608 mea
921 2570 939 2607 :
968 2568 1093 2608 cum
1136 2552 1204 2607 de
1228 2551 1479 2607 omnibus
1509 2550 1614 2606 vir-

32 2649 223 2703 tutibus
247 2662 311 2702 ac
360 2646 757 2717 potestatibus,
793 2646 844 2699 in
894 2646 1012 2714 ipso
1062 2660 1151 2709 se,
1204 2644 1447 2715 trophaeo
1497 2646 1611 2713 glo-

33 2742 180 2795 riosae
198 2741 380 2795 crucis
410 2738 746 2807 triumphat;
779 2746 834 2793 et
862 2738 1192 2807 principatus
1238 2747 1293 2792 et
1322 2744 1613 2807 potestates

32 2833 165 2887 enim
190 2832 430 2887 traduxit
448 2845 570 2887 cum
612 2830 804 2885 ﬁducia
836 2829 1172 2900 triumphans
1203 2845 1296 2885 eos
1330 2830 1381 2884 in
1411 2838 1613 2884 semet-

34 2927 141 2995 ipso
168 2924 392 2997 (Coloss.
442 2940 501 2982 ll.
534 2921 623 2993 15)
657 2938 825 2979 :cum
873 2923 1191 2985 dissidentia
1232 2924 1376 2978 inter
1419 2937 1479 2977 se
1507 2936 1615 2978 ca:-

41 3020 187 3075 lestia
210 3031 266 3076 et
290 3030 510 3075 terrena
541 3019 787 3089 paciﬁcat
820 3018 1042 3091 (Coloss.
1068 3034 1105 3083 ι,
1138 3018 1231 3087 ΞΟ)
1259 3034 1272 3083 ;
1306 3017 1373 3072 Et
1399 3017 1451 3073 in
1473 3017 1609 3085 ipso,

31 3116 183 3187 σιξ
200 3116 375 3186 inquit
400 3156 414 3179 ,
444 3114 779 3170 reconciliari
824 3114 1006 3168 omnia
1036 3114 1087 3167 in
1134 3127 1259 3167 eum
1280 3153 1294 3178 ,
1325 3112 1613 3181 paciﬁcans

1705 1986 1941 2043 cundum
1989 2004 2272 2045 numerum
2317 1992 2633 2063 angelorum
2664 2008 2889 2050 suorum
2914 2038 2928 2062 ,
2973 2004 3030 2052 et
3057 1998 3197 2054 facta
3227 2010 3315 2066 est

1706 2079 1885 2147 portio
1913 2079 2120 2135 Domini
2138 2080 2327 2147 Jacob,
2353 2082 2621 2140 funiculus
2644 2085 2973 2143 haereditatis
2996 2090 3115 2159 ejus
3146 2090 3314 2147 Israel

1711 2169 1909 2241 (Deut.
1932 2188 2110 2238 χχιιι,
2143 2174 2177 2230 8
2200 2184 2249 2230 et
2276 2174 2340 2241 9;
2368 2177 2472 2230 uid.
2509 2177 2681 2233 Tract.
2714 2178 2806 2234 Ps.
2839 2184 2975 2245 tt,‘u.
3007 2181 3121 2254 51).
3154 2182 3318 2238 Israel

1710 2262 1813 2319 iste
1845 2265 1898 2320 in
1931 2264 2305 2325 hicreditatem
2329 2277 2588 2325 aeternam
2620 2272 2800 2328 fuerat
2828 2275 3033 2331 electus
3067 2293 3079 2330 :
3114 2286 3167 2332 et
3196 2277 3319 2333 ideo

1711 2355 1834 2423 quia
1875 2356 1965 2411 ille
1999 2359 2174 2426 portio
2211 2359 2423 2414 Domini
2465 2370 2612 2429 erat,
2656 2366 2839 2419 creteri
2872 2369 3022 2435 quasi
3055 2369 3317 2439 incogniti

1712 2445 2071 2515 habebantur,
2092 2449 2214 2519 quia
2242 2449 2323 2504 illi
2344 2460 2527 2506 essent
2554 2467 2651 2521 per
2674 2454 3014 2525 privilegium
3046 2459 3343 2527 porticula.

1712 2540 1892 2595 electi.
1928 2541 2022 2597 Sui
2052 2552 2232 2597 autem
2262 2557 2486 2609 omnes;
2512 2544 2641 2615 quia
2669 2545 2773 2601 sibi
2801 2546 2944 2613 quod
2972 2557 3137 2615 sunt,
3171 2558 3314 2604 tam-

1713 2648 1872 2703 quam
1902 2635 2111 2690 auctori
2141 2650 2240 2691 suo
2266 2636 2487 2709 debeat.
2564 2656 2571 2663 κ

1786 2727 1840 2781 7.
1871 2725 2074 2784 Christo
2115 2729 2344 2797 ﬂando,
2376 2747 2485 2798 cur,
2518 2740 2565 2785 et
2592 2741 2841 2802 quatenus
2870 2733 2995 2787 data
3021 2736 3213 2803 omnia.
3245 2764 3317 2778 -ο

1715 2816 1928 2875 Subditi
1950 2828 2128 2875 autem
2154 2821 2204 2876 ei
2229 2830 2378 2887 sunt,
2403 2836 2525 2877 cum
2548 2822 2768 2889 dicitur,
2787 2821 2935 2879 Sicut
2956 2825 3141 2880 dedisti
3164 2828 3209 2880 ei
3228 2843 3321 2897 po-

1716 2921 1944 2968 testatem
1971 2914 2136 2968 omnis
2157 2916 2348 2983 carnis,
2382 2926 2437 2969 ut
2465 2931 2614 2970 omne
2640 2918 2781 2987 quod
2818 2918 3005 2975 dedisti
3036 2921 3083 2974 ei
3098 2960 3112 2986 ,
3137 2922 3225 2975 det
3244 2922 3324 2977 illi

1714 3005 1870 3059 vitam
1899 3014 2143 3061 tetri-nam
2172 3006 2372 3076 (Joau.
2405 3022 2537 3073 xvu,
2567 3008 2672 3077 2);
2696 3017 2752 3062 et
2776 3009 2909 3064 illud
2935 3051 2948 3075 ,
2980 3011 3171 3066 Omnia
3199 3014 3325 3067 data

1716 3108 1832 3152 sunt
1860 3098 1988 3152 milii
2011 3099 2065 3152 in
2101 3099 2228 3152 cazlo
2264 3108 2314 3151 et
2338 3098 2390 3152 in
2417 3107 2553 3152 terra
2576 3098 2791 3171 (Matth.
2820 3115 3014 3169 xxvut,
3043 3102 3159 3174 18).
3188 3103 3324 3162 Data

30 3222 121 3277 per
146 3209 460 3277 sanguinem
509 3207 689 3261 crucis
716 3222 829 3260 sua:
858 3206 975 3259 sive
1017 3220 1138 3275 qua:
1187 3206 1241 3259 in
1276 3213 1414 3260 terra
1448 3213 1571 3261 sunt
1592 3242 1609 3269 ,

1718 3199 1895 3245 autem
1929 3190 2169 3245 nondum
2197 3191 2246 3245 ei
2278 3192 2510 3261 primum
2531 3233 2544 3257 ,
2573 3192 2694 3262 quia
2722 3193 2833 3262 jam
2863 3195 2919 3248 in
2963 3195 3171 3251 mundo
3202 3206 3321 3252 erat

31 3301 141 3353 sive
176 3315 292 3370 quae
322 3301 376 3355 in
398 3298 575 3355 castis.
608 3298 688 3352 Ad
716 3298 818 3351 hoc
844 3297 1008 3367 igitur
1033 3296 1233 3351 bellum
1276 3309 1467 3350 manus
1496 3294 1614 3362 ejus

31 3395 230 3449 edoctae
278 3402 435 3458 sunt,
464 3394 518 3447 in
557 3407 665 3463 quo
702 3406 862 3446 arcus
893 3391 1019 3445 cerei
1048 3389 1345 3444 certamine
1385 3388 1615 3443 vincitur

31 3486 153 3557 (llic
180 3486 380 3540 videtur
422 3485 593 3539 deesse
623 3482 876 3554 mundus)
900 3524 914 3545 ,
940 3481 1390 3536 dehonestatione
1423 3488 1616 3549 poten-

33 3588 108 3633 tes
128 3578 531 3650 triumphantur
557 3620 570 3641 ,
601 3592 734 3647 pace
779 3575 1202 3632 reconciliantur
1232 3574 1456 3629 inimici.
1506 3572 1615 3630 Sed

34 3681 143 3739 post
188 3685 448 3725 manuum
495 3670 690 3725 bellum
718 3709 733 3733 ,
781 3667 1024 3724 succedit
1059 3674 1117 3721 et
1158 3665 1448 3737 digitorum
1479 3680 1615 3735 pra:-

32 3761 174 3814 lium.
208 3760 406 3821 Ouinis
429 3761 572 3815 enim
603 3761 654 3813 in
701 3774 768 3814 eo
798 3758 1015 3815 habitus
1044 3767 1099 3814 et
1129 3774 1304 3829 pugna
1349 3757 1615 3827 passionis

32 3852 342 3908 ostenditur.
400 3851 589 3907 ﬂantis
619 3851 760 3906 enim
792 3850 1192 3917 extenduntur,
1224 3858 1280 3903 et
1303 3848 1455 3919 digiti
1484 3864 1617 3906 con-

31 3944 256 4014 ﬁgantur
306 3945 367 4000 in
418 3944 652 4015 palmis:
707 3954 862 4000 vetus
909 3944 1119 3999 scilicet
1158 3941 1570 4011 chirographum
1596 3983 1610 4007 ,

28 4041 314 4096 secundum
376 4038 737 4109 Apostolum,
790 4038 982 4093 deleas
1013 4078 1027 4101 ,
1082 4046 1138 4092 et
1206 4037 1430 4106 alligans
1481 4034 1615 4091 illud

30 4133 165 4188 cruci
195 4132 422 4207 (Coloss.
470 4147 532 4199 ιι,
591 4131 722 4203 14),
776 4131 938 4186 etiam
988 4144 1081 4184 eas
1130 4138 1309 4198 partes
1362 4141 1617 4183 manuum

29 4233 416 4281 commemorat
435 4224 487 4279 in
520 4224 707 4295 praelio
727 4266 744 4290 ,
776 4238 899 4278 cum
928 4220 1124 4291 quibus
1164 4220 1342 4277 omnia
1373 4228 1615 4275 veterum

29 4318 310 4375 criminum
330 4325 551 4387 peccata
580 4318 791 4372 conﬁxa
819 4322 966 4371 sunt.

94 4409 147 4463 6.
184 4409 396 4467 Dehinc
433 4408 705 4478 sequitur:
737 4405 1091 4461 Misericordia
1130 4421 1241 4459 mea
1274 4413 1325 4461 et
1358 4403 1617 4474 refugiunt

30 4515 210 4568 meum,
229 4510 502 4570 susceptor
518 4517 660 4555 meus
685 4510 731 4555 et
748 4499 991 4555 liberator
1013 4514 1155 4552 meus
1175 4514 1228 4552 es
1260 4506 1334 4551 tu.
1344 4495 1618 4553 Protector

1718 3297 1813 3351 per
1855 3298 2016 3352 quem
2062 3283 2298 3338 mundus
2347 3296 2465 3341 erat
2510 3286 2717 3350 lactus,
2745 3288 2834 3356 qui
2865 3288 3089 3358 gloriam
3127 3292 3324 3360 repetit

1717 3390 1877 3445 quam
1907 3384 2033 3431 ante
2058 3376 2507 3432 conatitutionem
2538 3377 2725 3431 mundi
2748 3378 3009 3433 habuerat
3038 3380 3180 3449 apud
3220 3381 3326 3437 Pa-

1718 3474 1855 3523 trem
1883 3466 2013 3523 :sed
2036 3467 2164 3522 data
2196 3475 2319 3537 post
2344 3467 2578 3523 hominis
2604 3469 3032 3539 assumptionem
3058 3487 3072 3535 ;
3096 3472 3219 3543 quia
3251 3474 3327 3528 ita

1717 3560 1919 3617 dictum
1940 3569 2048 3626 est,
2074 3562 2174 3629 Qui
2201 3576 2325 3616 eum
2354 3562 2407 3615 in
2424 3562 2597 3617 forma
2616 3562 2706 3618 Dei
2733 3574 2898 3629 esset,
2923 3563 3151 3619 formam
3175 3566 3325 3622 servi

1716 3654 1919 3724 accepit
1950 3670 1962 3706 :
1994 3661 2216 3723 propter
2233 3653 2377 3723 quod
2407 3654 2666 3708 exultavit
2694 3654 2845 3710 illum
2873 3654 3038 3721 Deus,
3067 3666 3123 3711 et
3145 3656 3320 3712 dona.

1717 3746 1791 3800 vit
1820 3746 1895 3800 illi
1925 3759 2142 3812 nomen,
2176 3746 2322 3815 quod
2365 3755 2455 3801 est
2497 3760 2663 3816 super
2693 3762 2869 3812 omne
2909 3763 3107 3803 nomen
3142 3748 3165 3820 (
3194 3748 3324 3803 Plu“-

1720 3838 1812 3911 lip.
1846 3854 1904 3905 u,
1940 3838 1970 3893 7
2013 3848 2062 3893 et
2088 3838 2165 3908 9).
2197 3837 2335 3906 Quid
2364 3854 2530 3909 ergo,
2556 3838 2640 3893 vel
2670 3838 2758 3893 cui
2787 3839 3065 3895 donatur?
3102 3839 3217 3896 Non
3268 3830 3325 3899 ei

1718 3935 1921 4003 utique,
1952 3934 2042 4002 qui
2076 3933 2128 3987 in
2155 3932 2328 3987 forma
2372 3934 2462 3987 Dei
2494 3942 2611 3988 erat
2637 3973 2653 3997 ,
2681 3933 2914 3988 donatur
2934 3943 2994 3989 ut
3022 3934 3117 3989 Dei
3143 3932 3320 3991 forma

1718 4027 1817 4090 sit';
1846 4032 1961 4079 erat
1983 4025 2149 4088 cutim,
2169 4034 2223 4079 et
2240 4024 2366 4094 quia
2394 4032 2532 4089 erat,
2546 4023 2657 4093 jam
2681 4038 2789 4078 non
2813 4025 3005 4095 egebat
3024 4025 3129 4078 hoc
3149 4024 3318 4081 dono.

1719 4118 1825 4175 Sed
1848 4115 1952 4171 fuit
1979 4129 2140 4169 causa
2171 4113 2430 4179 donandi,
2458 4114 2581 4183 quia
2612 4115 2705 4183 qui
2749 4115 2802 4167 in
2852 4114 3024 4169 forma
3058 4114 3152 4169 Dci
3179 4125 3319 4183 erat,

1718 4210 1945 4265 formam
1969 4206 2111 4261 servi
2143 4206 2380 4275 accepit;
2402 4212 2459 4259 et
2478 4219 2540 4259 se
2567 4204 2637 4259 de
2679 4203 2849 4261 forma
2895 4206 2989 4261 Dei
3018 4219 3318 4274 evacuans,

1719 4300 1949 4359 formam
1969 4298 2109 4354 servi
2131 4296 2295 4369 613
2321 4309 2621 4360 assumens,
2639 4293 2898 4365 usquead
2928 4304 3157 4351 mortem
3182 4297 3317 4354 obe.

1718 4392 1874 4451 dicas
1901 4389 2020 4451 fuit.
2038 4385 2371 4449 obedientia:
2394 4400 2525 4457 ergo
2546 4384 2644 4449 illi,
2668 4399 2763 4455 per
2784 4400 2942 4455 quam
2968 4385 3186 4444 habitus
3202 4402 3322 4445 ser-

1719 4486 1840 4542 vilis
1864 4483 2154 4543 assumitur
2174 4523 2190 4548 ,
2222 4490 2279 4537 et
2306 4480 2406 4549 ipsi
2438 4478 2642 4534 habitui
2673 4478 2853 4534 servili
2897 4478 2954 4535 id
2977 4480 3228 4550 donatur,
3260 4495 3321 4539 ut

30 4577 247 4659 mea
266 4594 323 4648 in
345 4593 461 4662 ipso
483 4593 699 4663 speravi.
720 4590 923 4647 Carent
948 4591 1052 4645 ista
1065 4588 1403 4644 difﬁcultate.
1422 4587 1617 4649 Omnia
1642 4585 1695 4647 D
1721 4579 1862 4652 qum!
1889 4586 2003 4635 erat
2020 4575 2100 4649 (ι)
2127 4581 2272 4632 esset
2298 4590 2309 4625 =
2340 4573 2393 4627 in
2420 4570 2590 4626 ίοτιηα
2613 4570 2817 4663 sanast
2838 4571 2933 4626 Dei
2961 4580 3125 4627 θθεει·
3152 4574 3317 4629 Dam-

28 4687 166 4739 eaim
194 4686 248 4740 in
281 4685 595 4754 Evangeliis
620 4686 722 4739 ista
744 4691 892 4754 gesta
914 4682 982 4738 ab
1008 4697 1075 4738 eo
1094 4689 1258 4750 atque
1278 4681 1418 4736 dicta
1448 4688 1612 4737 sunt:

31 4778 370 4835 uthonorem
415 4777 711 4847 majestatis
753 4783 989 4846 paternae
1022 4790 1117 4845 per
1147 4774 1463 4830 humilitatis
1492 4786 1619 4827 nos-

28 5034 45 5090 !
98 4964 245 5090 (tali:
276 4979 382 5046 ras.
413 4978 516 5017 non
538 4959 1083 5033 cognoverunt.Aliter
1111 4968 1294 5017 tanien
1322 4960 1501 5031 legere
1528 4972 1619 5014 so-

48 5046 101 5090 ct
176 5056 185 5089 Ι
248 5052 383 5089 l‘lllS.

48 5046 101 5091 et
125 5046 383 5090 Hilarius.

99 5126 176 5197 (b)
205 5127 321 5181 Hoc
348 5134 451 5192 est,
494 5123 720 5197 utquod
763 5135 879 5179 erat
918 5124 1213 5197 secundum
1260 5123 1616 5197 divinitatem,

30 5194 173 5323 cisset
195 5199 358 5323 again
375 5196 671 5253 secundum
694 5210 930 5251 carnem.
953 5197 1087 5252 Tum
1106 5196 1285 5275 forma.
1301 5196 1415 5260 Dei,
1442 5194 1492 5247 id
1515 5202 1618 5257 est,

30 5285 59 5325 ιζ
82 5284 194 5325 orta
271 5282 345 5323 ct.

27 5285 194 5341 gloria
223 5285 345 5323 vel.

99 5382 172 5455 (ς)
200 5383 259 5436 In
287 5382 536 5451 vulgatis,
570 5392 824 5437 evacuata:
844 5387 1042 5454 (arma.
1072 5382 1143 5439 At
1176 5384 1231 5438 in
1258 5398 1360 5455 ms.
1406 5395 1614 5455 evacua-

28 5448 340 5524 tio'forutte:
368 5448 584 5520 rectius,
608 5465 663 5508 ut
694 5448 856 5522 liquet
875 5471 944 5509 ex
974 5456 1067 5509 lib.
1095 5471 1149 5509 Ix
1177 5456 1246 5509 de
1266 5453 1415 5508 Trin.
1444 5448 1607 5515 n.14,

23 5526 117 5595 qui
144 5526 299 5579 locus
320 5541 442 5579 cum
468 5525 570 5578 hoc
597 5524 973 5581 conferendas.
996 5527 1111 5594 Qua
1140 5525 1345 5580 ratione
1368 5534 1605 5595 assutnpf

26 5590 160 5651 tioni
183 5596 375 5650 servili
407 5596 575 5650 forma
602 5596 693 5652 Dei
718 5590 1045 5665 acquiratur,
1068 5597 1442 5665 Fragmentum
1473 5590 1615 5665 quod

29 5613 160 5651 noni
183 5613 375 5650 servin
407 5613 575 5650 norma
602 5613 693 5652 uel
718 5613 1045 5665 acqmratur,
1068 5613 1167 5652 rra
1210 5613 1442 5650 mentum
1473 5613 1615 5661 quoa

29 5684 97 5723 ex
136 5666 348 5721 Hilario
390 5667 572 5722 laudat
596 5666 887 5734 Arnobius,
913 5668 984 5723 lib
1009 5684 1043 5722 u
1067 5670 1134 5724 de
1166 5613 1340 5723 Eun“.
1369 5683 1490 5722 cum
1517 5664 1617 5719 Se-

29 5752 145 5807 rap.
178 5739 257 5793 sic
283 5738 547 5808 explicat:
576 5738 851 5806 ,Superavit
896 5740 1034 5793 enim
1070 5740 1368 5810 magnitudo
1408 5734 1617 5810 Donasti

32 5810 337 5880 parvitatem
381 5810 575 5865 servilis
623 5813 819 5878 formae,
861 5810 1017 5863 itaut
1067 5809 1180 5879 ipsa
1225 5811 1421 5865 seruilis
1448 5809 1618 5877 [arma

1728 4690 1856 4730 num
1902 4670 2044 4731 cuitu
2076 4667 2144 4727 ad
2188 4666 2569 4723 detrimentum
2604 4662 2685 4718 sui
2722 4659 2794 4734 (ε)
2819 4664 3099 4719 evacuatio
3128 4663 3318 4722 formas

1727 4766 1825 4821 Dei
1868 4761 2077 4827 nescit;
2109 4756 2461 4827 assumptioni
2509 4754 2688 4824 potius
2730 4752 2911 4809 servili
2958 4752 3190 4810 formam
3218 4756 3316 4811 Dei

1721 4965 1877 5023 quant
1907 4944 2183 5017 assumpsit
2208 4948 2432 5023 cesstg'q
2452 4939 2781 5023 εξεορθννίξίὲ
2802 4956 2892 5010 μιν

1722 5010 1948 5094 quieam
1993 5010 2289 5094 assumpsit.
2326 5012 2439 5066 Erit
2476 5011 2613 5094 forte
2643 5010 2874 5094 quibi-ec
2913 5012 2983 5094 ita
3023 5012 3315 5094 intelligat,

1724 5081 1783 5151 ut
1812 5092 2045 5147 Verbum
2076 5081 2183 5142 non
2215 5083 2549 5154 degenerarit
2586 5081 2641 5135 in
2669 5082 3068 5154 subsistentiam
3086 5081 3317 5151 hominis

1723 5162 2018 5232 assumpti,
2048 5156 2145 5215 sed
2188 5153 2351 5212 homo
2388 5153 2883 5232 potiusproi'ecerit
2922 5156 2990 5232 in_
3013 5155 3315 5232 subsisten-

1726 5239 1853 5292 tiam
1887 5224 2044 5288 Verbi
2074 5248 2085 5283 :
2131 5245 2237 5297 quo
2266 5241 2426 5297 sensu
2469 5224 2668 5280 dixisse
2721 5226 2932 5297 videtur
2968 5225 3311 5297 Leporinsin

1726 5241 1853 5292 tiam
1889 5241 2044 5288 Verbi
2074 5248 2085 5283 :
2131 5245 2237 5297 quo
2266 5241 2426 5283 sensu
2469 5241 2668 5280 alsisse
2721 5241 2932 5280 Vtaetttr
2969 5241 3311 5350 nep/onusta

1724 5307 1908 5365 libello
1934 5299 2343 5363 emendationis,
2377 5296 2508 5351 Caro
2548 5297 2703 5366 igitur
2726 5296 2939 5365 profecit
2957 5296 3011 5350 in
3092 5298 3269 5371 orbum
3290 5337 3312 5371 ο

1719 5396 1822 5434 non
1863 5376 2079 5431 Verbum
2108 5371 2322 5444 profecit
2344 5371 2397 5423 in
2424 5383 2673 5444 carnem:
2699 5376 2747 5420 et
2765 5377 2934 5444 tamen
2949 5382 3062 5444 sere
3094 5367 3310 5425 Verbum

1720 5467 1840 5505 caro
1886 5436 2361 5519 factum_est.'Cunt
2387 5450 2577 5519 tamen
2608 5436 2957 5519 deprofectu
2999 5438 3107 5519 hic_
3125 5454 3311 5499 sermo

1720 5524 1811 5587 sit,
1843 5510 2001 5590 quem
2029 5516 2275 5590 Christus
2304 5528 2398 5590 per
2426 5510 2783 5590 obedientium
2834 5524 3004 5590 usque
3041 5512 3108 5590 ad
3148 5527 3308 5590 φοι-

1723 5579 1832 5648 tem
1859 5579 2141 5659 acquisivit
2167 5626 2201 5659 ,γ
2222 5585 2287 5640 de
2312 5581 2707 5659 gloriaﬂpotius
2732 5593 2894 5647 quam
2914 5579 2987 5635 de
3013 5580 3311 5659 subsiSIen-

1724 5663 1795 5719 lia
1826 5650 2036 5717 videtur
2060 5650 2457 5727 intelligendus.
2490 5650 2684 5727 Forma
2720 5659 2903 5727 autem
2943 5653 3158 5727 servilis
3187 5667 3311 5709 ces-

1723 5746 1807 5792 sat
1832 5748 1955 5789 esse
1980 5728 2212 5793 servilis.
2236 5720 2350 5782 bon
2394 5724 2617 5783 interitu
2634 5760 2648 5786 ,
2676 5720 2775 5775 sed
2804 5722 3173 5793 dentatatione
3212 5739 3310 5780 na-

1726 5816 1902 5865 tum:
1953 5810 2214 5874 quatenus
2254 5814 2326 5855 es
2350 5792 2587 5861 mortali,
2607 5792 2946 5862 corruptibili
2976 5802 3037 5853 et
3074 5792 3312 5869 inﬁrma,
