4006 6332
543 272 649 329 847

1729 262 1978 323 SANCTI
2016 259 2272 319 HILARII
2310 259 2615 319 EPISCOPl

3732 255 3835 312 8l8

539 402 731 446 rursus
755 384 1148 458 acquirens.lta
1171 397 1344 455 neque
1367 383 1547 440 Virtus
1572 381 1649 456 (a)
1673 381 1725 437 in
1748 381 2132 446 humilitatem,
2162 381 2212 440 A
2240 378 2354 448 ipse
2394 378 2664 450 cognovit,
2697 376 2941 443 scilicet,
2975 381 3034 430 ut
3073 372 3369 430 conformis
3407 373 3520 429 Deo
3561 371 3677 438 ﬁat,
3719 372 3837 442 quia

542 497 668 538 sese
697 482 824 537 licet
859 478 1146 543 cohibens,
1179 475 1380 533 defecit
1417 492 1486 532 ex
1513 491 1664 540 sese,
1697 491 1816 530 cum
1848 473 1990 546 quod
2023 481 2141 529 erat

545 583 630 631 est
657 592 671 628 :
701 581 756 628 et
785 571 1060 627 humilitas
1098 569 1336 626 cohibita
1365 569 1420 624 in
1451 583 1573 624 sese
1605 566 1817 623 Virtute
1867 573 2134 635 suscepta,

543 681 666 722 cum
690 663 832 734 quod
862 679 966 718 nun
991 670 1109 718 erat
1133 677 1255 718 esse
1283 662 1471 733 etrapit,
1499 660 1796 732 profectum
1821 659 1940 730 ejus
1959 674 2080 729 qua:
2109 673 2139 713 a

539 771 603 813 se
642 770 751 811 non
790 755 1063 810 defecerat
1111 753 1336 809 Virtutis
1381 752 1607 823 accepit.
1643 752 1709 806 Et
1757 750 1874 806 haec
1899 751 2138 820 quidem

541 848 838 919 evangelici
861 845 1189 904 sacramenti
1212 887 1227 911 ,
1258 853 1314 901 et
1342 845 1592 900 humana:
1631 845 1746 914 spei
1781 843 1979 899 veritas
2008 852 2088 898 est
2121 876 2156 907 ,-

543 941 838 996 humanam
871 947 1120 994 naturam
1143 937 1654 1009 corruptibilemque
1674 951 1891 992 carnem
1924 950 2020 1006 per
2041 935 2142 990 hu-

540 1034 631 1106 jus
656 1034 844 1106 gloriae
873 1032 1294 1089 demutationem
1325 1031 1378 1088 in
1413 1041 1672 1088 aeternam
1701 1029 2138 1088 transformatam

542 1141 667 1182 esse
695 1126 1074 1181 substantiam.

615 1218 671 1272 8.
704 1215 803 1272 Dei
827 1217 1006 1272 notitia
1024 1216 1264 1289 indignus
1291 1216 1460 1271 homo.
1491 1214 1742 1287 Deputari
1765 1215 1909 1284 quid.
1945 1213 2141 1270 Vanum

543 1317 620 1364 est
635 1308 886 1378 quidquid
899 1307 1330 1362 transitorium]!
1335 1323 1450 1362 omo
1469 1315 1717 1377 quatenus
1736 1304 2142 1376 Deumfcognos—

546 1410 629 1454 cat
652 1440 669 1468 ,
700 1410 788 1454 aut
821 1399 890 1453 ad
928 1399 1053 1468 quid
1105 1399 1393 1469 deputetur.
1422 1427 1496 1439 —
1539 1398 1646 1455 Sed
1681 1398 1839 1469 hujus
1867 1406 2138 1468 tamquam

541 1491 847 1547 difﬁcillimi
891 1491 1018 1546 facti
1047 1491 1459 1548 admirationem
1486 1533 1501 1558 ,
1547 1503 1598 1547 et
1627 1496 1877 1547 maximae
1915 1506 1979 1547 ac
2025 1491 2142 1562 pul-

543 1584 835 1640 cherrimze
861 1585 976 1656 spei
1018 1584 1242 1653 donum,
1272 1585 1437 1641 etiam
1484 1587 1736 1656 prmsenti
1777 1585 1984 1657 psalmo
2017 1600 2142 1655 pro-

543 1676 794 1746 pheticus
814 1691 997 1732 sermo
1025 1684 1254 1732 testatur
1282 1719 1297 1744 ,
1326 1677 1515 1733 dicens
1543 1677 1608 1732 ad
1641 1677 1691 1732 id
1722 1677 1863 1748 quod
1895 1677 2136 1734 dixerat:

2243 471 2361 526 haec
2383 471 2455 525 sit
2472 469 2752 540 deputatio
2777 466 3100 538 cognitionis
3129 465 3368 520 indultzc.

2315 565 2369 618 9.
2403 563 2611 617 Inimici
2637 561 2904 633 fortissimi
2931 560 3208 614 dwruanes.
3239 557 3445 613 Montes
3472 557 3655 613 iidem.
3685 585 3755 596 -—
3779 555 3840 610 Et

2242 655 2366 726 quia
2393 670 2460 711 ex
2505 669 2735 725 persona
2785 653 2905 724 ejus
2935 651 3169 707 hominis
3193 690 3210 715 ,
3239 664 3400 721 quem
3453 649 3720 704 Dominus
3761 662 3841 702 as-

2241 721 2651 820 sumpsit,-htec
2697 721 2875 802 omnis
2923 745 3096 800 oratio
3123 753 3238 808 est;
3271 743 3374 799 scit
3401 757 3528 798 cum
3558 750 3758 812 quanta
3782 755 3840 796 se
3874 721 3888 738 ’

2243 841 2502 913 dignitate
2533 841 2675 897 Deus
2701 840 2912 910 legibus
2933 837 3132 893 mortis
3153 836 3421 902 absolvat,
3450 843 3510 891 et
3535 835 3838 905 iniquorum

2243 934 2490 990 manibus
2533 947 2630 1002 per
2659 932 2884 1003 gloriam
2944 928 3361 986 resurrectionis
3438 927 3715 996 abripiat,
3767 926 3842 981 di-

2244 1041 2422 1083 cens:
2473 1023 2695 1079 Domine
2723 1066 2738 1091 ,
2794 1023 2988 1079 inclina
3069 1022 3224 1077 stelas
3289 1020 3508 1089 tuos,'et
3557 1021 3844 1084 descende;

2244 1130 2399 1192 tange
2423 1125 2641 1184 montes,
2666 1125 2714 1171 et
2739 1115 3105 1188 fumigabunt;
3133 1131 3347 1170 corusca
3375 1115 3781 1179 eoruscationes,
3801 1121 3844 1167 et

2245 1211 2518 1284 dissipabis
2543 1224 2629 1266 eos
2653 1229 2673 1277 ;
2699 1211 2871 1265 emitte
2892 1211 3105 1282 sagittas
3132 1217 3269 1276 tuas,
3300 1217 3350 1262 et
3382 1207 3722 1263 conturbabis
3743 1223 3842 1262 eos.

2245 1304 2463 1360 Emittes
2493 1320 2704 1358 manum
2730 1314 2874 1358 tuam
2901 1303 2966 1357 de
3009 1303 3136 1356 alto.
3181 1300 3369 1358 Simile
3396 1299 3485 1356 his
3515 1299 3686 1355 dictis
3715 1300 3844 1369 psal-

2244 1418 2335 1458 mo
2363 1401 2517 1473 cujus
2543 1401 2792 1472 superius
2824 1398 3171 1456 meminimus
3195 1397 3511 1454 continetur
3536 1413 3553 1450 :
3603 1394 3678 1449 Et
3707 1395 3846 1448 iacti.

2243 1497 2382 1551 navit
2411 1496 2596 1551 caelum
2621 1536 2635 1559 ,
2667 1502 2712 1550 et
2751 1493 3010 1550 descendit
3035 1490 3153 1563 (Ps.
3188 1507 3322 1556 xvn,
3373 1489 3488 1557 10),
3509 1499 3562 1543 et
3612 1489 3846 1542 carbones

2243 1589 2473 1643 succensi
2517 1596 2638 1642 sunt
2659 1587 2722 1640 ab
2748 1602 2827 1652 eo,
2859 1594 2906 1640 et
2951 1585 3088 1655 ignis
3139 1600 3172 1637 a
3216 1583 3350 1654 facie
3391 1583 3503 1652 ejus
3530 1580 3618 1652 (d)
3645 1580 3846 1635 exarde-

2242 1691 2364 1745 scet,
2398 1690 2446 1735 et
2465 1679 2728 1734 adscendit
2748 1682 2919 1749 fumus
2938 1694 2993 1731 tn
3017 1677 3099 1731 ira
3128 1679 3240 1748 ejus
3265 1672 3454 1746 (Ibid.,
3480 1672 3570 1746 9).
3600 1672 3751 1727 Misit
3774 1689 3849 1728 sa-

543 1766 833 1838 Subjiciens
881 1769 1129 1840 papulum
1185 1785 1353 1822 meum
1424 1769 1516 1824 sub
1560 1786 1671 1836 me;
1709 1769 1925 1824 Domine
1953 1812 1966 1836 ,
2015 1771 2138 1842 quid
2167 1771 2214 1832 B
2241 1774 2415 1846 gittas,
2465 1781 2511 1826 et
2538 1771 2805 1840 dissipauit
2849 1785 2977 1834 eos;
3023 1778 3072 1823 et
3102 1768 3315 1840 fulgura
3356 1766 3760 1838 multiplicauit,
3803 1776 3848 1819 e:

544 1869 621 1914 est
672 1860 824 1914 homo
855 1899 872 1927 ,
929 1861 1049 1930 quia
1099 1860 1364 1914 innotuisti
1417 1861 1501 1926 ei;
1555 1872 1643 1916 aut
1689 1863 1829 1931 [ilius
1882 1863 2138 1931 hominis,

541 1951 680 2021 quod
707 1952 924 2025 deputas
969 1953 1128 2007 eum?
1157 1952 1324 2008 Homo
1353 1953 1565 2008 vanitati
1609 1954 1789 2008 similis
1831 1957 1998 2026 [actus
2024 1964 2098 2009 est
2126 1971 2145 2010 :

546 2041 658 2097 dies
702 2043 816 2112 ejus
858 2043 994 2096 sicut
1023 2043 1204 2097 umbra
1244 2052 1567 2116 prwtereunt.
1601 2042 1718 2098 Non
1747 2044 2059 2100 dilierenter
2087 2045 2140 2100 in

542 2143 736 2190 octavo
762 2150 976 2206 quoque
1026 2136 1236 2206 psalmo
1285 2138 1582 2207 proclamat
1604 2138 1856 2208 gSpiritus
1883 2148 2140 2195 sanctus:

541 2226 687 2294 Quid
711 2236 795 2283 est
825 2227 1011 2295 homo,
1037 2228 1181 2298 quod
1213 2243 1421 2284 memor
1451 2243 1510 2286 es
1543 2229 1686 2301 ejus,
1741 2239 1832 2285 aut
1873 2229 2016 2287 ﬁlius
2047 2231 2145 2285 ho-

541 2319 709 2376 minis
731 2363 746 2387 ,
780 2321 1032 2392 quoniam
1053 2322 1240 2378 visitas
1263 2324 1426 2378 eum?
1457 2321 1740 2380 Confessio
1769 2323 1866 2380 ista
1892 2324 2144 2395 pulcher-

545 2413 686 2468 rima
715 2422 820 2479 est,
851 2422 910 2468 ut
939 2413 1215 2484 indignum
1267 2429 1326 2470 se
1371 2414 1534 2470 homo
1580 2424 1730 2471 tanto
1775 2432 1997 2472 munere
2028 2418 2144 2488 ipse

545 2513 798 2562 testetur.
839 2506 908 2561 Et
946 2523 1069 2563 cum
1115 2523 1174 2563 se
1223 2507 1499 2580 indignum
1547 2509 1876 2580 conﬁtetur,
1916 2513 2141 2582 gratiam

551 2597 672 2667 ejus
701 2597 791 2670 qui
823 2598 922 2654 sibi
946 2599 1062 2654 haec
1091 2599 1350 2671 largiatur
1378 2601 1608 2656 extollit.
1646 2603 1802 2669 Quod
1857 2605 2000 2659 enim
2031 2618 2145 2660 me-

543 2687 710 2744 ritum
766 2689 1002 2745 hominis
1054 2700 1182 2758 est,
1237 2701 1297 2746 ut
1345 2692 1394 2748 ei
1444 2707 1504 2748 se
1553 2693 1968 2764 cognoscibilem
2003 2695 2146 2750 Deus

545 2789 804 2850 praestet,
855 2789 916 2836 ut
960 2782 1392 2854 incognoscibilis
1443 2795 1630 2840 natura
1685 2788 1975 2857 cognitioni
2014 2805 2144 2844 nos-

545 2878 648 2926 trae
700 2886 821 2927 sese
862 2872 976 2943 ipsa
1014 2874 1326 2929 submittat?
1370 2874 1620 2946 Autquze
1642 2877 1874 2949 dignitas
1913 2887 1996 2935 est
2053 2879 2144 2935 ﬁlii

547 2960 832 3031 hominis,
878 2975 936 3019 ut
987 2965 1320 3036 deputetur?
1377 2968 1670 3038 Deputatur
1725 2980 1943 3038 autem,
1985 2971 2144 3042 quid-

548 3055 680 3124 quid
712 3053 780 3110 de
809 3069 874 3111 eo
902 3055 954 3132 in
983 3071 1090 3126 quo
1128 3065 1214 3113 est
1246 3059 1299 3113 in
1328 3059 1474 3114 aliud
1502 3060 1822 3116 destinatur.
1858 3063 1955 3119 Rei
1983 3072 2143 3120 natu-

2244 1865 2558 1920 conturbauit
2589 1880 2672 1919 eos
2705 1862 2893 1934 (lbid.,
2935 1860 3048 1933 i5).
3077 1859 3221 1916 illisit
3245 1875 3520 1925 esuntrno,
3563 1869 3611 1913 et
3653 1858 3848 1926 accepit

2243 1972 2346 2022 me,
2376 1964 2424 2010 et
2450 1954 2728 2024 assumpsit
2752 1969 2832 2007 me
2858 1954 2922 2008 de
2967 1952 3298 2006 multitudine
3321 1966 3588 2022 aquarum.
3638 1946 3844 2017 Eripuit

2243 2065 2325 2104 me
2353 2050 2417 2104 de
2461 2049 2682 2102 inimicis
2708 2048 2836 2102 meis
2859 2046 3154 2118 fortissimis
3184 2044 3371 2116 (Ibid,
3421 2045 3512 2108 17,
3541 2041 3654 2112 18).
3675 2042 3736 2097 ιη
3781 2057 3843 2096 eo

2243 2153 2421 2217 autem
2452 2142 2595 2214 quod
2625 2141 2945 2197 fortissimos
2975 2139 3147 2206 dixit,
3203 2153 3498 2209 possumus
3543 2136 3838 2205 intelligere

2244 2252 2380 2309 quos
2406 2236 2600 2291 dixerit
2629 2254 2644 2302 ;
2673 2249 2868 2306 nempe
2893 2233 2963 2289 de
2991 2233 3185 2304 quibus
3233 2230 3537 2300 Apostolus
3571 2230 3652 2284 ait
3687 2247 3702 2281 ε
3731 2227 3840 2283 Non

2245 2339 2319 2384 est
2345 2329 2490 2384 nobis
2515 2345 2688 2399 pugna
2714 2328 2956 2382 adversus
2981 2342 3183 2380 carnem
3211 2334 3256 2379 et
3278 2325 3610 2396 sanguinem,
3641 2323 3731 2378 sed
3754 2322 3838 2376 ad-

2245 2440 2422 2479 versus
2445 2422 2875 2494 mundipotentes,
2918 2420 3160 2474 adversus
3187 2417 3464 2488 'spiritales
3509 2417 3762 2487 nequitias
3791 2415 3840 2468 in

2246 2518 2532 2573 cwlestibus
2553 2514 2769 2586 (Ep/tes.
2797 2530 2872 2581 vr,
2899 2512 2989 2584 12)
3012 2530 3024 2566 :
3052 2522 3238 2568 satana
3261 2512 3380 2582 ipso
3396 2525 3458 2566 se
3473 2511 3534 2565 in
3557 2512 3660 2566 'cor
3678 2507 3836 2575 inde,

2246 2619 2305 2666 ut
2333 2611 2620 2665 Dominum
2667 2607 2905 2663 traderet
2930 2647 2946 2672 ,
2972 2608 3246 2662 iuserente
3273 2602 3431 2676 (ιιιοὶ
3458 2619 3608 2669 xm,
3642 2601 3720 2671 3).
3747 2599 3837 2655 Setl

2247 2715 2300 2762 et
2330 2705 2382 2760 in
2417 2705 2519 2759 hoc
2541 2703 2748 2774 psalmo
2799 2703 2902 2758 hoc
2937 2699 3304 2757 contuendum
3350 2709 3475 2754 est:
3503 2697 3738 2753 Corusca
3761 2711 3838 2748 co-

2247 2799 2590 2861 ruscationes,
2618 2805 2667 2850 et
2692 2794 2968 2864 dissipabis
2992 2810 3079 2848 eos
3100 2809 3119 2860 ;
3142 2793 3314 2847 emitte
3339 2791 3564 2861 sagittas
3602 2799 3716 2842 tuas
3742 2828 3758 2851 ,
3799 2795 3838 2844 et

2252 2891 2577 2947 conturbabis
2605 2906 2711 2944 eos.
2744 2888 2860 2944 Non
2894 2887 3018 2942 illos
3038 2885 3306 2957 superius,
3339 2884 3410 2941 de
3433 2883 3640 2956 quibus
3683 2885 3752 2938 ita
3780 2883 3838 2952 (ε)

2249 2994 2609 3051 memoraret,
2635 2983 2873 3040 ostendit
2905 2999 2918 3035 :
2969 2980 3115 3052 quod
3161 2993 3387 3036 necesse
3414 2987 3504 3034 est
3553 2977 3622 3033 ad
3651 2988 3839 3034 montes

2249 3080 2349 3137 hos
2370 3079 2576 3143 referri,
2595 3078 2686 3149 qui
2700 3077 2766 3132 ad
2781 3076 2954 3132 solum
2973 3075 3066 3130 Dei
3081 3081 3275 3129 tactum
3301 3071 3612 3128 fumabunt.
3626 3071 3696 3126 Et
3707 3068 3840 3126 netis

547 3159 668 3201 ram
694 3147 980 3203 Verborum
1013 3147 1183 3204 νίνῑυε
1212 3150 1499 3220 θιοίιυίιιινο
1531 3151 1955 3210 "Olim-"animi
1989 3156 2140 3211 Simi‘
2169 3156 2214 3220 C
2247 3147 2885 3230 terrenisistismontibus
2901 3168 3102 3223 dictum
3115 3165 3844 3234 existimemus,psalmoalio

533 3237 610 3300 lis
633 3238 876 3306 eﬁ‘ectns,
895 3248 950 3296 et
969 3241 1121 3311 cujus
1145 3240 1261 3298 dies
1293 3252 1564 3314 tamquam
1580 3245 1770 3301 umbra
1792 3255 2138 3316 prmtereunt,

543 3350 646 3407 per
695 3336 955 3412 indul‘tam
1005 3338 1369 3409 cognitionem
1420 3340 1514 3394 Dei
1560 3341 1865 3411 deputatur.
1923 3341 2143 3400 Vanitas

545 3429 806 3484 saeculum
847 3437 951 3496 est,
996 3429 1152 3503 cujus
1197 3431 1409 3487 habitus
1437 3439 1494 3487 et
1541 3432 1710 3487 forma
1741 3416 1973 3490 tolletur.
2031 3435 2144 3491 Deo

549 3521 694 3578 enim
724 3511 884 3577 inane
911 3531 1021 3588 est,
1054 3522 1312 3592 quidquid
1339 3524 1586 3594 quamvis
1614 3536 2004 3594 exstet,tamen
2037 3545 2143 3585 non

551 3611 628 3668 ita
658 3613 905 3668 subsistit
925 3623 984 3668 ut
999 3625 1213 3671 maneat
1234 3632 1248 3669 :
1269 3619 1523 3673 etumbra
1539 3636 1910 3693 quaecumque,
1933 3625 2145 3680 etiamsi

547 3702 643 3771 sit,
677 3712 854 3759 tamen
901 3719 1006 3760 non
1052 3715 1171 3772 est;
1203 3707 1330 3777 quia
1369 3723 1494 3764 cum
1541 3711 1598 3765 ﬁt
1623 3751 1638 3774 ,
1687 3713 1919 3771 abeunte
1947 3729 2014 3772 eo
2049 3731 2146 3786 per

553 3808 716 3864 quem
769 3795 1101 3852 efﬁciebatur
1130 3796 1206 3869 (ὁ)
1257 3801 1532 3856 eximitur.
1587 3803 1761 3859 Homo
1808 3807 1989 3878 itaque
2038 3823 2147 3864 non

549 3885 764 3954 umbra,
796 3887 892 3944 sed
920 3889 1125 3946 umbrae
1154 3891 1377 3959 similis;
1413 3909 1586 3966 neque
1611 3893 1838 3965 vanitas,
1872 3900 1968 3956 sed
1993 3901 2148 3958 simi-

549 3979 621 4037 lis
643 3981 867 4036 vanitati
913 3997 1010 4053 per
1041 3984 1488 4043 intercessionem
1537 3991 1727 4045 mortis
1761 3990 2020 4060 effectus;
2055 4011 2150 4067 per

549 4071 818 4130 indultam
851 4089 983 4130 vero
1011 4075 1113 4131 sibi
1141 4077 1504 4148 cognitionem
1537 4079 1628 4136 Dei
1660 4081 1966 4153 deputatur.
1999 4087 2063 4143 Et
2095 4088 2148 4143 in

553 4164 683 4236 quid
724 4165 1036 4237 deputetur,
1087 4171 1322 4240 cognitio
1361 4171 1568 4228 indulta
1605 4182 1850 4232 testatur.
1903 4179 1960 4234 Si
2003 4181 2148 4236 enim

514 4327 518 4330 η
555 4258 806 4359 cognitus
837 4259 950 4316 ﬁeri
978 4260 1144 4332 6M.
1171 4261 1314 4318 Deus
1345 4263 1548 4320 homini
1577 4309 1592 4333 ,
1630 4268 1734 4323 nisi
1761 4283 2040 4343 assumpto
2057 4273 2153 4332 ho-

558 4355 729 4454 mine,
756 4365 862 4406 non
889 4355 1094 4432 potuit;
1125 4356 1247 4425 quia
1278 4356 1752 4428 incognoscibilem
1783 4378 2110 4436 cognoscere
2131 4411 2149 4440 ,

561 4456 668 4496 utSt
697 4459 794 4514 per
841 4456 1085 4503 naturam
1133 4459 1373 4506 nostram
1400 4493 1414 4518 ,
1443 4463 1631 4510 natura
1661 4466 1844 4513 nostra
1892 4476 2001 4517 non
2052 4479 2153 4534 po-

2242 3265 2613 3326 admonemur,
2632 3277 2753 3318 cum
2783 3260 2979 3316 dicitur
3002 3258 3099 3330 ,(f)
3118 3257 3185 3314 Ut
3213 3258 3340 3328 quid
3364 3257 3692 3327 suscepistis
3711 3272 3844 3313 mon-

2247 3367 2326 3413 tes
2338 3355 2680 3427 coagulatos?
2701 3361 3020 3424 etquantum
3035 3349 3262 3420 intelligi
3277 3348 3626 3416 conceditur,
3649 3359 3843 3406 montes

2243 3447 2512 3504 interdum
2545 3447 2704 3502 etiam
2735 3443 3029 3500 diabolicas
3053 3451 3369 3513 potestates,
3402 3451 3465 3496 ut
3498 3456 3648 3497 nunc
3675 3442 3730 3496 in
3761 3442 3844 3496 hoc

2247 3541 2384 3606 loco,
2414 3538 2702 3610 signiﬁcari
2725 3536 3100 3591 arbitramur:
3134 3533 3659 3605 quiconstitutiones
3671 3532 3842 3587 divine

2244 3634 2379 3706 legis
2392 3631 2734 3704 transgressi,
2761 3641 3028 3701 tamquam
3040 3627 3274 3684 exlactis
3293 3624 3637 3690 sinceritate,
3674 3624 3844 3680 vitiosa

2247 3728 2456 3800 coaguli
2469 3726 2811 3797 corruptione
2825 3722 3240 3794 coagulaverint.
3257 3721 3325 3778 Et
3337 3721 3439 3777 hos
3459 3735 3588 3777 esse
3602 3718 3849 3792 potentis-

2248 3823 2415 3879 simos
2427 3821 2671 3876 inimicos
2684 3832 2811 3874 suos
2823 3817 3058 3888 psalmus
3076 3813 3398 3886 anterior;(x
3407 3812 3509 3885 vn)
3525 3814 3730 3869 locutus
3751 3819 3846 3866 est.

2321 3914 2704 3971 10.Descensus
2724 3911 2846 3977 Dei,
2865 3921 2912 3966 et
2926 3909 3190 3964 inclinatio
3207 3907 3321 3964 caeli
3344 3907 3473 3979 quid
3481 3903 3852 3964 .—Descendit

2251 4021 2383 4082 ergo
2403 4008 2663 4062 Dominus
2681 4005 2936 4060 inclinato
2956 4002 3096 4058 coelo
3121 4016 3242 4068 suo,
3263 4015 3372 4056 non
3385 3999 3669 4070 corporali
3693 4007 3847 4061 motu,

2252 4107 2312 4154 ut
2351 4097 2680 4153 declinatum
2709 4093 3074 4151 descendente
3112 4107 3179 4148 eo
3227 4091 3424 4148 caelum
3471 4091 3596 4146 sit:
3649 4088 3745 4144 sed
3771 4101 3852 4158 per

2252 4191 2588 4263 corporalem
2603 4189 3047 4260 signiﬁcationem
3067 4185 3327 4258 spiritalis
3341 4199 3542 4242 sensus
3561 4183 3850 4250 instruitur,

2258 4291 2320 4339 ut
2345 4281 2510 4355 615
2540 4297 2661 4337 eum
2702 4281 2817 4337 Deo
2845 4293 3103 4346 somnus,.
3141 4277 3359 4348 vigiliae,
3401 4278 3703 4344 memoria,
3729 4274 3850 4330 obli-

2252 4375 2364 4441 vio,
2391 4377 2665 4431 discessus
2701 4384 2756 4428 et
2803 4386 3056 4429 accessus
3095 4369 3466 4434 adscribitur;
3517 4369 3649 4440 quia
3677 4367 3750 4439 (g)
3775 4381 3853 4422 sc-

2255 4465 2492 4522 cundum
2521 4465 2840 4520 meritorum
2885 4471 3192 4519 nostrorum
3221 4459 3587 4516 differentiam
3611 4501 3628 4526 ,
3659 4456 3852 4514 unicui-

561 4534 697 4601 tuit;
731 4543 787 4591 et
814 4553 908 4607 per
933 4539 1075 4597 hanc
1103 4544 1466 4614 cognitionem
1508 4545 1669 4604 homo
1699 4547 1770 4620 (ε)
1800 4551 1891 4622 qui
1929 4553 2158 4626 deputa-
2181 4539 2238 4602 1)
2261 4573 2366 4630 que
2384 4566 2630 4613 nostrum
2661 4565 2754 4611 aut
2770 4554 3048 4611 dormiens
3069 4561 3164 4609 aut
3189 4550 3439 4622 vigilans,
3461 4561 3563 4606 aut
3583 4551 3854 4606 immemor

558 4631 684 4696 tur,
729 4643 953 4689 necesse
990 4643 1072 4690 est
1114 4645 1172 4691 ut
1201 4637 1254 4693 in
1298 4637 1349 4694 id
1395 4638 1712 4711 deputetur,
1746 4643 1802 4698 in
1849 4659 1958 4716 quo
1987 4647 2154 4706 Deum

562 4825 1462 4919 euadituteterna,incorruptibilis,
1501 4838 1732 4919 gloriosa
1759 4859 1772 4907 ;
1797 4859 1918 4914 qua:
1938 4849 2155 4919 quidem

561 4913 673 4983 non
699 4898 957 4983 litt-mana}
977 4912 1125 4983 sunt,
1147 4898 1465 4983 sedidivinze
1493 4898 1866 4982 proprietates.

637 4968 718 5112 2a;
741 4969 841 5052 Ms.
870 4970 990 5024 Mtc.
1023 4973 1076 5026 in
1107 4974 1407 5035 humilitate.

664 5041 692 5092 ὁ
747 5041 835 5112 Sic
870 5041 1042 5110 prima
1075 5045 1204 5098 edit.
1231 5047 1347 5102 Par.
1371 5066 1400 5106 c

664 5041 717 5140 ρ)
1075 5045 1347 5140 eligitur.
1371 5066 1492 5140 cum
1521 5069 1620 5140 ms.
1650 5056 1715 5110 At
1742 5066 2012 5140 postrema
2035 5079 2158 5121 cum

565 5110 838 5194 Dad.’,.E_r.
857 5121 912 5167 et
930 5115 1074 5183 Lips.
1103 5115 1653 5181 exinanitumVerbum
1681 5110 2161 5192 exitiis-inﬁma:

564 5182 688 5238 dem
706 5183 752 5236 vi
771 5183 950 5239 denuo
975 5182 1218 5240 recurret
1242 5204 1296 5242 n.
1330 5194 1414 5248 15.

638 5252 1066 5343 =(c)j_Legendum
1100 5256 1358 5343 uidetur,‘
1396 5264 1546 5343 Ιςουιο
1575 5270 1699 5338 quid
1745 5271 2064 5343 deputatur;
2094 5293 2160 5334 ac

564 5319 782 5414 deinde,
800 5319 1016 5414 necesse
1038 5336 1114 5410 est
1143 5337 1197 5380 ut
1223 5333 1275 5412 in
1305 5319 1358 5384 id
1390 5319 1696 5414 deputetur:
1709 5319 2160 5414 $2,232,102.

563 5396 828 5483 quamque
847 5398 1240 5483 est.‘.cujlus_rei
1271 5416 1430 5483 causa
1456 5396 1627 5483 :Denm
1651 5396 1920 5483 éognaiif,

635 5465 1527 5560 ﬂuiiopttne‘batgamma.
1560 5481 1629 5535 At
1663 5465 1931 5540 uagina.
1982 5489 2159 5560 legere

559 5535 752 5662 :glgre.
782 5539 1093 5608 exardescet,
1145 5552 1359 5598 constat
1401 5560 1467 5601 ex
1512 5535 2158 5625 tracta—psi.-eximii-5

579 5675 707 5804 "(a)
730 5678 818 5736 Sic
841 5693 943 5736 ms.
977 5681 1096 5739 Μία.
1126 5683 1179 5741 in
1202 5702 1309 5756 quo
1336 5689 1504 5774 paulo
1543 5702 1672 5750 ante
1701 5697 1895 5766 nullos,
1923 5717 2023 5772 pro
2053 5721 2158 5760 non

621 5762 696 5803 os.
729 5750 799 5804 At
832 5753 971 5804 apud
999 5754 1120 5804 Par.
1155 5770 1404 5804 memnrnt
1437 5779 1450 5804 ρ
1490 5779 1542 5804 m
1590 5765 1710 5804 aliis:
1752 5779 1929 5804 aulam
1978 5773 2134 5804 Mum-

621 5762 696 5803 os.
729 5750 799 5805 At
832 5753 972 5824 apud
998 5754 1120 5810 Par.
1155 5750 1404 5817 memorat
1435 5779 1450 5819 :
1488 5762 1544 5820 in
1588 5765 1711 5823 aliis
1743 5750 2156 5844 audiarédiii'é;

2273 4661 2366 4708 aut
2387 4648 2700 4715 recordans,
2731 4656 2826 4704 aut
2846 4646 2988 4704 desit
3029 4655 3121 4702 aut
3147 4645 3308 4702 adsit.
3335 4645 3519 4715 Atque
3541 4643 3619 4699 ita
3642 4642 3855 4699 inclina-

2265 4859 2590 4907 memorarat.
2623 4851 2753 4907 Vult
2790 4850 3026 4907 Hilarius
3061 4848 3544 4921 psalmographum
3573 4845 3859 4919 superiori-

2263 4925 2366 4980 bus
2393 4925 2550 4978 dictis
2577 4939 2682 4978 non
2709 4922 3012 4979 ostendisse
3036 4921 3104 4977 ad
3131 4935 3270 4991 quos
3301 4921 3540 4991 referret
3569 4932 3860 4991 pronomen

2267 5012 2374 5062 cos,
2413 4995 2502 5048 ubi
2547 4993 2763 5064 subjicit
2792 4994 3062 5066 dissipabis
3087 4988 3194 5059 eo},
3234 4988 3722 5059 conturbabiieos,
3766 4988 3862 5046 nisi

2267 5067 2332 5122 ad
2367 5075 2577 5120 montes
2607 5066 2893 5120 referatur.
2961 5081 2974 5092 '

2339 5136 2408 5207 (1)
2438 5137 2510 5191 Ita
2557 5152 2660 5192 ms.
2701 5136 2972 5205 quomodo
3015 5145 3072 5192 et
3113 5136 3166 5191 in
3216 5135 3357 5204 psal.
3394 5151 3567 5198 ωιτη,
3597 5150 3658 5192 n.
3689 5134 3778 5198 {6,
3803 5147 3862 5207 ex

2267 5205 2398 5262 mss.
2451 5208 2756 5263 restitutum
2806 5218 2906 5264 est.
2956 5208 3027 5264 At
3051 5208 3257 5273 excusi,
3314 5216 3370 5260 ut
3414 5208 3542 5276 quid
3585 5205 3862 5275 suscipitis.

2267 5279 2521 5335 Montium
2563 5281 2789 5336 nomine
2841 5280 3117 5336 dmmones
3155 5278 3536 5350 intelligendos
3585 5293 3716 5334 esse
3764 5276 3864 5347 jant

2267 5359 2544 5422 ostensum
2573 5361 2654 5422 est
2684 5350 2734 5404 in
2762 5355 2898 5422 psal.
2934 5367 3083 5418 LXIV,
3117 5367 3172 5405 n.
3197 5351 3252 5406 8.

2342 5423 2420 5493 (g)
2449 5421 2601 5488 Quod
2636 5421 2742 5489 hic,
2764 5417 3049 5476 secundum
3075 5423 3366 5493 meritorum
3389 5430 3699 5474 nostrorum
3726 5417 3866 5484 dileo

2265 5492 2504 5558 rendam,
2526 5502 2657 5557 etc.,
2677 5493 2778 5548 hoc
2805 5495 2859 5549 in
2883 5509 2964 5562 ps.
2980 5510 3103 5557 cxx,
3129 5511 3182 5548 n.
3205 5493 3241 5549 9
3265 5492 3599 5562 :Secundum
3625 5493 3868 5544 uniuscu-

2257 5567 2446 5636 jusque
2475 5580 2638 5618 mores
2681 5581 2745 5636 ac
2772 5559 3008 5620 studi'um’
3042 5565 3321 5634 unicuique
3347 5559 3489 5617 Deus
3535 5563 3748 5636 adiacet
3773 5577 3793 5615 :
3819 5566 3868 5614 et

2268 5638 2425 5704 paulo
2473 5643 2598 5692 ante
2626 5677 2641 5701 ,
2672 5635 2968 5708 Segundum
2996 5637 3153 5708 ﬁdem
3179 5645 3409 5708 nostram
3443 5644 3535 5688 aut
3565 5635 3866 5708 uigilantis:

2265 5707 2727 5831 ﬂagrantem,
2743 5705 2840 5764 Dei
2858 5705 3111 5764 auxilium
3131 5707 3391 5763 nobiscum
3413 5715 3506 5761 aut
3527 5705 3768 5777 vigilabit
3785 5709 3868 5757 aut

2303 5787 2504 5835 orntiet.
