4006 6332
169 371 276 428 8-l9

1241 376 1666 438 TRACTATUS
1693 331 1774 436 ἸΝ
1810 375 2017 439 CXLIII
2050 381 2395 442 PSALMUM.

3339 391 3450 452 850

163 499 274 545 tum
327 489 690 546 descendente
731 505 798 547 eo
843 491 1037 548 ctelnm
1071 500 1156 548 est
1190 510 1206 551 :
1237 493 1360 564 quia
1388 493 1463 568 (a)
1491 509 1612 551 cum
1668 497 1762 553 dc-
1789 497 1843 558 Λ
1866 510 2053 553 eorum
2079 497 2199 570 (Ps.
2227 497 2447 570 ant,8)
2469 514 2483 554 :
2509 501 2874 571 parvulorum,
2895 510 2951 558 ut
2984 502 3151 578 616
3168 504 3460 577 Apostolus

169 583 460 640 scendente
487 600 554 641 eo
602 584 669 641 ad
711 586 1094 642 assumendum
1148 585 1422 644 hominem
1472 587 1758 645 famulatus
1862 588 1959 654 ait,
1979 589 2204 655 malitia,
2229 606 2336 645 non
2366 604 2529 646 sensu
2553 590 2729 662 (lCor.
2755 609 2862 661 xiv,
2883 594 3001 666 20).
3047 597 3248 654 Horum
3273 599 3456 672 igitur,

158 676 394 732 caelestis
434 676 748 743 adstiterit,
803 677 934 734 Cum
966 679 1134 736 Maria
1170 679 1589 751 evangelizatur,
1631 697 1754 737 cum

156 775 406 838 pastores
453 767 754 825 aethereum
797 781 999 826 castum
1043 779 1097 826 et
1148 784 1340 826 sonum
1385 771 1569 828 vident
1594 781 1755 841 atque

155 860 402 930 audiunt,
429 875 550 917 cum
584 871 706 932 post
731 863 1081 919 tentationem
1109 862 1308 918 diaboli
1341 862 1532 932 Angeli
1561 865 1752 921 minis-

156 963 324 1022 trant,
353 969 475 1009 cum
503 955 619 1025 ipse
649 963 794 1010 totus
817 954 893 1024 (ὁ)
924 955 977 1010 in
1009 955 1177 1011 forma
1207 956 1331 1011 licet
1361 956 1503 1011 servi
1525 995 1556 1021 ,.
1577 965 1752 1012 tamen

154 1047 208 1102 in
242 1058 482 1118 paternae
517 1047 814 1117 majestatis
856 1048 1054 1103 virtute
1081 1063 1139 1104 se
1181 1049 1369 1118 gessit.
1403 1047 1495 1104 Sic
1526 1047 1752 1103 inclina-

156 1149 246 1194 tur
275 1139 494 1207 ccelum,
524 1154 646 1194 cum
671 1139 736 1195 ad
765 1148 934 1195 terras
952 1139 1254 1196 ctelestium
1291 1138 1469 1195 Virtus
1490 1139 1628 1213 (scil.
1655 1140 1751 1198 Dei

149 1231 339 1304 Filius)
368 1231 646 1303 honorque
671 1231 973 1288 deducitur.
1016 1235 1031 1286 ἓ

223 1325 313 1380 il.
346 1323 553 1380 Diaboli
579 1333 802 1398 potestas
828 1325 916 1397 qui
940 1325 1222 1396 confracta,
1249 1325 1340 1380 etsi
1361 1325 1606 1379 maxima.
1641 1323 1750 1379 Fu-

147 1429 275 1488 mat,
307 1420 542 1474 nondum
567 1427 702 1475 totus
727 1421 914 1474 uritur.
945 1449 1018 1461 —
1067 1419 1123 1474 In
1151 1435 1216 1475 eo
1247 1427 1424 1474 autem
1452 1418 1594 1490 quod
1622 1419 1748 1474 tacti

144 1520 359 1568 montes
379 1511 645 1583 fumigant
666 1512 845 1584 potius
879 1526 1037 1582 quam
1052 1520 1299 1579 uruntur,
1317 1511 1392 1583 (c)
1418 1525 1536 1566 cum
1565 1519 1746 1566 tamen

141 1605 195 1660 id
228 1604 430 1662 indicet
469 1605 614 1674 quod
649 1605 914 1672 fumetur;
944 1605 1144 1662 deinde
1181 1620 1302 1661 cum
1336 1605 1746 1662 coruscantibus

139 1697 610 1755 coruscationibus
636 1698 969 1768 dissipantur
999 1697 1176 1770 potius
1203 1713 1362 1767 quam
1389 1692 1751 1764 illucescuntf

142 1799 256 1846 tum
286 1789 428 1862 quod
458 1789 673 1846 emissis
711 1790 922 1862 sagittis
948 1789 1340 1846 conturbantur
1369 1790 1541 1860 magis
1583 1804 1744 1860 quam

1861 681 1913 736 id
1942 690 2044 747 est,
2076 682 2310 738 ﬁdelium
2359 683 2425 738 ad
2476 684 2840 741 innocentiam
2887 696 3200 746 renatorum
3239 692 3403 749 verba
3434 735 3450 762 ,

1861 779 2131 842 tamquam
2161 774 2369 844 sagitta:
2391 775 2606 832 emissae
2631 792 2646 841 ;
2673 775 2794 833 illos
2812 776 3079 835 fumantes
3099 789 3311 838 montes
3327 799 3454 840 con-

1860 863 2190 919 turbabunt:
2239 880 2360 921 cum
2391 867 2540 938 regni
2569 869 2808 924 ctelestis
2855 869 3133 927 beatitudo
3170 881 3224 928 et
3244 876 3456 931 aeterni-

1858 964 1940 1010 tas
1968 955 2327 1024 praedicetur,
2359 973 2481 1013 cum
2517 959 2692 1015 honor
2719 961 2904 1016 saeculi
2951 972 3351 1034 contemnatur,
3400 979 3454 1022 et

1855 1047 2050 1104 Christi
2081 1049 2252 1120 gloria
2282 1061 2564 1121 speretur:
2595 1067 2720 1109 cum
2750 1055 2908 1111 luxus
2933 1065 2989 1112 et
3016 1058 3252 1116 ebrietas
3283 1061 3450 1116 relin«

1854 1148 2183 1210 quatur,>et
2205 1156 2400 1212 corpus
2452 1143 2673 1214 jejuniis
2723 1159 3010 1216 purgetur;
3058 1163 3183 1204 cum
3235 1153 3454 1208 avaritia

1853 1231 2121 1300 vincatur,
2152 1242 2206 1288 et
2237 1233 2446 1304 largitio
2491 1245 2840 1303 exerceatur;
2873 1252 2994 1294 cum
3044 1239 3294 1310 Virgines
3338 1258 3450 1300 cor-

1855 1340 1953 1394 pus
1981 1339 2138 1380 suum
2179 1325 2426 1391 oderint;
2457 1341 2580 1382 cum
2630 1327 2815 1384 Viduae
2861 1330 3028 1386 fuisse
3056 1332 3294 1404 virgines
3334 1350 3420 1390 ma

1852 1417 2110 1484 luissent;
2137 1433 2261 1474 cum
2307 1419 2649 1476 conlessores
2681 1421 2843 1477 vitam
2866 1438 3020 1479 suam
3060 1425 3436 1484 detestentur:

1851 1507 1972 1570 c'um
2001 1513 2142 1568 mori
2167 1514 2492 1586 martyribus
2517 1514 2591 1570 sit
2618 1515 2874 1585 optabile.
2904 1517 2974 1572 Et
3020 1518 3122 1574 hoc
3153 1529 3322 1576 totum
3355 1536 3436 1577 sa-

1849 1608 1998 1678 gitta:
2021 1607 2162 1674 istae,
2187 1608 2239 1664 id
2269 1617 2390 1675 est,
2431 1607 2696 1665 doctrina:
2741 1618 2796 1665 et
2825 1611 3262 1669 adhortationum
3291 1615 3449 1671 verba

1851 1701 2222 1772 prmstiterint,
2253 1717 2373 1771 quae
2396 1702 2611 1757 emissae
2631 1717 2725 1760 eos
2756 1703 2846 1774 qui
2892 1704 2974 1760 his
3024 1707 3449 1764 adversabantur

1849 1793 2218 1850 conturbant:
2267 1808 2388 1849 cum
2440 1804 2689 1850 cessante
2738 1811 2908 1882 regnp
2955 1811 3184 1868 eorum,
3245 1799 3444 1858 ChriSti

138 1881 480 1954 conliguntur
509 1900 522 1935 ε
555 1897 659 1938 ηοη
689 1882 808 1938 sine
835 1883 1069 1938 maxima
1097 1883 1307 1938 ratione
1354 1882 1613 1954 Spiritalis
1657 1882 1742 1937 in-
1771 1891 1820 1951 Β
1848 1886 1998 1956 regni
2027 1886 2358 1956 exspectatio
2382 1886 2728 1956 praedicatur.

135 1975 452 2046 telligentiae
479 1975 554 2030 ita
581 1975 798 2031 dicitur.
833 1976 900 2032 Et
939 1976 1154 2046 quidem
1179 1976 1288 2048 jam
1321 1987 1376 2032 et
1417 1975 1554 2030 alius
1598 1977 1742 2046 psal-

134 2083 259 2124 mus
289 2069 371 2124 his
397 2069 544 2139 paria
566 2068 853 2140 signiﬁcat,
893 2084 1015 2124 cum
1046 2069 1157 2123 ait:
1194 2067 1511 2137 Prteparans
1544 2078 1740 2123 montes

128 2161 188 2214 in
219 2161 408 2216 uirtute
439 2169 549 2228 tua,
600 2161 861 2216 accinctus
902 2159 1128 2230 potentia
1155 2158 1328 2232 (Psal.
1361 2175 1512 2226 thv,
1545 2158 1740 2230 7).Ad-

129 2263 300 2312 ventu
323 2255 468 2312 enim
503 2255 712 2310 Domini
741 2252 1016 2310 confracta
1056 2261 1114 2308 et
1152 2253 1348 2308 obtrita
1396 2251 1596 2308 diaboli
1645 2267 1742 2321 po-

131 2358 302 2406 testas
329 2359 434 2415 est,
485 2365 606 2405 cum
650 2347 775 2404 ﬁdei
806 2356 1116 2402 sanctorum
1149 2345 1428 2402 hominum
1465 2344 1740 2415 subjectus

126 2455 219 2501 est
252 2460 402 2502 :non
451 2445 595 2516 quod
646 2459 752 2499 non
783 2442 970 2510 adhuc
1010 2441 1268 2512 potentia:
1313 2454 1425 2495 sum
1475 2439 1741 2495 maximas

129 2539 335 2596 habeat
367 2539 533 2604 vires,
585 2537 682 2593 sed
730 2551 827 2607 per
869 2535 920 2590 id
948 2534 1091 2606 quod
1141 2543 1432 2604 utcumque
1459 2532 1738 2601 subjectus

124 2642 238 2698 cst,
281 2629 565 2703 praesentis
590 2627 942 2698 subjectionis
971 2625 1282 2681 conditione
1320 2624 1511 2679 ultioni
1542 2631 1596 2678 et
1622 2637 1737 2693 pte-

129 2740 220 2779 σιω
254 2723 506 2794 legitimae
537 2728 870 2793 praeparatur
907 2735 921 2772 :
950 2727 1009 2774 ut
1029 2733 1172 2774 nunc
1203 2732 1299 2788 per
1327 2715 1467 2772 hanc
1489 2715 1736 2771 eamdem

123 2816 520 2885 subjectionem
551 2812 748 2868 virtute
786 2811 878 2866 Dei
906 2818 1083 2865 tactus
1114 2808 1302 2872 fumet,
1336 2807 1460 2862 licet
1488 2805 1729 2862 nondum

122 2918 278 2964 totus
330 2919 555 2963 uratur:
587 2906 684 2964 sed
732 2921 830 2978 per
870 2904 921 2960 id
951 2903 1095 2974 quod
1139 2903 1358 2958 interim
1407 2900 1613 2956 fumare
1643 2915 1740 2971 po-

124 3001 254 3066 tuit,
281 3011 335 3056 et
366 3001 447 3055 uri
476 3014 635 3070 posse
668 2997 978 3054 noscendus
1003 3005 1106 3051 est.
1135 2995 1318 3052 Uritur
1346 3009 1453 3050 non
1485 2993 1577 3048 ille
1617 3001 1738 3048 tan.

123 3102 266 3160 tum,
307 3091 404 3148 sed
427 3099 482 3147 et
510 3105 700 3147 omnes
722 3091 860 3160 ejus.
892 3088 1010 3145 Non
1041 3088 1132 3142 uni
1171 3094 1378 3142 tantum
1400 3093 1736 3158 praeparatus

125 3186 222 3242 hic
251 3185 388 3256 ignis
414 3193 514 3250 est,
544 3183 773 3238 Domino
809 3182 1020 3237 dicente
1053 3199 1066 3234 :
1094 3179 1256 3235 Abite
1281 3180 1332 3234 in
1379 3178 1556 3249 ignem
1584 3185 1737 3232 aeter-

1917 1978 2005 2034 14.
2035 1976 2225 2032 Manus
2239 1977 2336 2033 Dei
2348 1978 2790 2038 Christus.—Sed
2808 1989 2864 2037 et
2891 1997 2958 2038 ex
2981 1984 3092 2040 alto
3118 2001 3308 2042 manus
3332 1987 3439 2043 Do-

1846 2069 1977 2124 mini
1998 2071 2282 2126 emittitur.
2316 2071 2532 2128 Manum
2561 2081 2739 2128 autem
2763 2072 2862 2130 Dei
2888 2074 3171 2132 Dominum
3198 2087 3438 2133 nostrum

1842 2161 2028 2218 Jesum
2054 2161 2329 2218 Christum
2373 2163 2664 2234 signiﬁcari
2695 2165 2750 2220 in
2799 2166 3026 2237 Spiritu,
3059 2183 3168 2225 non
3199 2169 3428 2226 obscura

1839 2253 2083 2309 doctrina
2138 2263 2240 2310 est.
2273 2255 2378 2310 Per
2404 2270 2528 2310 eum
2577 2257 2718 2312 enim
2769 2257 2904 2314 facta
2934 2269 3062 2316 sunt
3103 2263 3308 2318 omnia.
3361 2263 3428 2318 Et

1842 2345 2102 2416 scriptum
2129 2345 2374 2415 legimus,
2405 2345 2594 2402 Manus
2623 2348 2788 2414 enim,
2820 2349 3014 2421 inquit,
3053 2367 3173 2408 mea
3214 2353 3437 2410 auxilia—

1844 2437 1991 2492 bitur
2018 2437 2206 2506 ei(Ps.
2236 2454 2498 2505 Lxxxvtn,
2527 2439 2620 2511 22)
2653 2458 2665 2494 :
2693 2441 2818 2511 quia
2849 2457 2944 2511 per
2962 2442 3130 2498 ﬁlium
3155 2444 3248 2500 Dei
3278 2445 3437 2500 homo

1843 2540 2173 2601 assumptus,
2196 2529 2400 2601 laqueis
2431 2531 2618 2587 mortis
2653 2541 2706 2588 et
2743 2531 2949 2603 judicio
2984 2535 3182 2605 iniqute
3209 2535 3432 2592 damna-

1844 2622 2007 2678 tionis
2029 2638 2126 2694 per
2144 2623 2372 2694 gloriam
2395 2623 2809 2681 resurrectionis
2837 2626 3083 2697 eripitur.

1919 2714 2006 2770 15.
2036 2715 2215 2784 Aquae,
2247 2716 2427 2788 populi
2447 2717 2770 2788 perituri.—
2789 2717 3045 2788 Sequitur
3069 2720 3215 2776 enim
3245 2719 3444 2792 :Eripc

1844 2823 1925 2862 me
1944 2807 2008 2862 de
2027 2808 2174 2877 aquis
2209 2809 2407 2864 multis.
2453 2807 2637 2880 Aquas
2664 2809 2894 2880 populos
2936 2810 3067 2878 dici,
3109 2813 3310 2867 usitata
3352 2827 3438 2868 co-

1847 2898 2020 2970 gnitio
2063 2908 2146 2954 est
2199 2899 2283 2970 (ut
2321 2901 2483 2956 etiam
2521 2915 2616 2971 per
2655 2901 2869 2957 Esaiam
2915 2902 3185 2959 dicentem
3217 2902 3358 2976 (vnt,
3388 2903 3443 2977 7)

1844 2991 2141 3058 docemur,
2186 2991 2404 3062 Pr0pter
2447 2993 2544 3047 hoc
2583 3009 2695 3050 ecce
2743 2993 2997 3049 Dominus
3036 2996 3243 3051 inducet
3289 3012 3442 3067 super

1842 3099 1933 3138 vos
1961 3100 2149 3156 aquam
2175 3085 2320 3154 ﬂuvii
2349 3085 2574 3140 ualidam
2595 3092 2643 3140 et
2671 3086 2906 3150 multam,
2935 3093 2984 3141 et
3003 3077 3440 3158 regent‘Assgrio—

1841 3178 2001 3250 rum),
2033 3193 2261 3247 quorum
2285 3178 2459 3234 virtus
2488 3187 2648 3250 atque
2687 3179 2794 3234 vita
2825 3180 2880 3233 in
2901 3179 3225 3235 abolendum
3267 3181 3430 3234 ﬁnem

125 3295 263 3335 num
291 3321 305 3343 ,
350 3293 512 3350 quem
541 3275 867 3348 praeparavit
896 3275 1056 3330 Pater
1076 3288 1228 3328 mens
1249 3271 1466 3327 diabolo
1486 3278 1542 3326 et
1568 3281 1732 3340 ange-
1762 3282 1808 3347 ρ
1845 3268 2099 3338 exemplo
2148 3284 2302 3339 aquae
2334 3269 2698 3324 transﬁuentis
2745 3269 3000 3325 elabitur.
3032 3269 3101 3326 Ut
3151 3270 3241 3326 hic
3290 3270 3431 3326 idem

123 3372 197 3428 Iis
229 3373 350 3443 ejus
379 3371 594 3446 (Matth.
625 3384 754 3437 xxv,
784 3368 902 3441 41).
936 3367 1000 3422 Hi
1027 3379 1157 3438 ergo
1185 3374 1396 3421 montes
1419 3361 1546 3419 tacti
1567 3377 1598 3418 a
1631 3362 1736 3418 Do-

129 3466 288 3520 mino
320 3462 624 3518 fumabunt.

200 3555 298 3612 12.
331 3554 429 3610 Dei
452 3553 690 3609 doctrina
701 3551 1037 3624 dispergitur.
1059 3579 1132 3592 —
1151 3549 1286 3604 Dissi
1295 3548 1562 3619 pabuntur
1573 3545 1735 3602 etiam

127 3649 212 3723 (ά)
243 3665 339 3720 per
365 3655 678 3704 coruscatas
706 3645 1113 3701 coruscationes
1139 3659 1152 3696 :
1181 3643 1363 3698 lumen
1394 3641 1601 3697 scilicet
1637 3653 1735 3695 eo-

123 3756 255 3798 rum
285 3740 356 3796 de
397 3740 592 3811 quibus
638 3738 840 3794 dictum
886 3747 971 3793 est
1011 3756 1024 3792 :
1061 3736 1167 3790 Vos
1211 3737 1333 3790 estis
1357 3736 1528 3790 lumen
1558 3733 1738 3788 mundi

125 3833 352 3907 (Matth.
381 3848 436 3897 v,
467 3831 582 3902 14),
615 3845 722 3886 non
756 3831 1009 3885 ferentes.
1049 3828 1262 3883 Domini
1286 3841 1518 3897 namque
1536 3825 1736 3881 adven-

125 3935 244 3990 tus,
276 3933 553 3994 tamquam
583 3921 761 3993 fulgur
784 3923 853 3976 ab
882 3920 1097 3974 oriente
1126 3932 1294 3988 usque
1324 3918 1376 3972 in
1398 3916 1734 3973 occidentem

127 4030 408 4089 apparens
439 4014 764 4086 intelligetur
794 4011 1007 4084 (Matth.
1047 4025 1196 4074 xxtv,
1217 4009 1332 4080 27).
1378 4007 1488 4064 Sed
1519 4008 1736 4063 interim

120 4108 540 4166 coruscationes
565 4106 751 4161 multae
779 4111 926 4166 sunt,
960 4101 1015 4156 id
1061 4108 1166 4166 est,
1196 4098 1511 4170 apostolicae
1541 4096 1737 4166 praedi-

122 4201 397 4266 cationes,
426 4208 479 4255 et
506 4182 765 4270 splendor
797 4193 1060 4250 doctrinae
1108 4191 1224 4258 Dei,
1255 4204 1379 4260 quae
1409 4187 1736 4243 condensam

125 4297 287 4352 illam
320 4304 374 4352 et
411 4293 779 4363 conspiratam
834 4289 1143 4345 daemonum
1192 4286 1444 4340 virtutem
1486 4296 1738 4340 corusca-

124 4389 301 4445 tionis
328 4389 448 4445 luce
477 4388 553 4458 (ε)
582 4385 865 4457 dispergit.

203 4483 302 4538 15.
353 4463 619 4537 Fidelium
661 4479 898 4534 doctrina
937 4493 969 4530 a
997 4492 1155 4546 regno
1207 4489 1298 4528 suo
1327 4470 1644 4527 deturbatur.
1667 4499 1740 4512 —

127 4577 360 4648 Sagittae
414 4575 574 4630 etiam
625 4574 840 4629 emissa:
878 4569 1276 4626 conturbabunt
1319 4582 1433 4623 eos.
1499 4564 1742 4621 Meminit

1837 3357 2108 3428 Propheta
2155 3359 2230 3413 ait
2271 3375 2285 3412 :
2348 3358 2636 3415 Perierunt
2685 3359 2828 3414 sicut
2875 3374 3012 3430 aqua
3069 3360 3438 3429 praeterﬂuens

1838 3449 2012 3524 (Psal.
2045 3465 2174 3516 nvn,
2198 3449 2254 3522 8)
2289 3467 2302 3504 :
2333 3451 2452 3519 quia
2495 3458 2684 3505 natura
2715 3465 2920 3516 earum,
2953 3459 3205 3508 cessante
3247 3453 3426 3508 incre-

1837 3551 2022 3600 mento
2068 3542 2234 3599 maris
2285 3543 2338 3598 in
2386 3542 2527 3614 quod
2558 3543 2834 3613 feruntur,
2851 3544 3126 3600 eximitur.
3157 3545 3224 3617 (Ι)
3272 3545 3341 3599 Ει
3371 3546 3434 3599 de

1838 3653 1994 3692 manu
2019 3636 2196 3708 iniqua
2220 3637 2447 3707 ﬁliorum
2475 3636 2784 3693 alienorum.
2815 3635 2911 3693 Dei
2949 3637 3092 3693 enim
3113 3650 3236 3693 esse
3259 3635 3434 3694 desti-

1837 3733 2036 3792 terant,
2068 3726 2136 3782 de
2157 3727 2350 3798 quibus
2377 3727 2576 3782 dictum
2598 3734 2705 3796 est,
2743 3726 2874 3784 Filii
2908 3728 3064 3784 alieni
3121 3729 3436 3784 inveterave-

1836 3827 1957 3874 rnnt
1983 3816 2098 3888 (Ps.
2138 3833 2271 3885 xvn,
2303 3817 2395 3891 46)
2424 3836 2436 3873 :
2469 3827 2524 3875 et
2547 3819 2745 3889 quibus
2773 3818 2975 3876 dictum
3006 3828 3112 3887 est,
3145 3818 3252 3875 Vos
3272 3835 3300 3876 e
3325 3820 3440 3874 dia-

1837 3908 1954 3964 bolo
1979 3920 2123 3980 patre
2152 3910 2271 3964 estis
2295 3909 2472 3981 (Joan.
2508 3925 2622 3976 vtn,
2655 3909 2773 3983 44).

1911 4001 2001 4057 16.
2027 3999 2255 4057 Dextera
2273 4017 2450 4056 eorum
2470 4002 2557 4070 qui
2578 4003 2775 4072 iniqua.
2797 4031 2871 4043 -—
2891 4001 2999 4058 Sed
3029 4016 3136 4058 non
3159 4003 3332 4058 solum
3365 4002 3435 4056 ﬁ-

1839 4094 1898 4150 lii
1928 4093 2089 4150 alieni
2111 4101 2258 4159 sunt,
2295 4093 2580 4147 Dominum
2626 4107 2780 4147 suum
2815 4108 2924 4148 non
2963 4094 3297 4164 recipiendo,
3339 4094 3438 4150 sed

1837 4186 2002 4244 etiam
2033 4185 2087 4240 id
2107 4185 2250 4256 quod
2270 4184 2533 4256 sequitur,
2560 4182 2724 4240 Vens.
2754 4186 2789 4241 8
2813 4201 2830 4244 :
2863 4185 3092 4254 Quorum
3121 4203 3179 4240 os
3208 4186 3437 4240 locutum

1839 4288 1912 4333 est
1937 4278 2236 4332 vanitatem.
2263 4275 2484 4332 Vanitas
2505 4277 2618 4332 oris
2637 4285 2694 4333 et
2713 4275 2791 4349 (g)
2821 4275 3180 4333 confessionis
3199 4276 3300 4332 fuit
3323 4277 3437 4348 illa,

1838 4384 1944 4442 qua
1972 4368 2178 4426 dictum
2205 4377 2290 4425 est
2317 4386 2330 4422 :
2367 4366 2482 4423 Nos
2508 4383 2616 4427 non.
2639 4367 2883 4423 habemus
2907 4383 3097 4440 regem,
3131 4369 3232 4424 nisi
3263 4369 3436 4426 Cresa-

1837 4481 1945 4520 rem
1973 4462 2188 4536 (Joan.,
2212 4478 2330 4531 ιιι,
2358 4461 2470 4535 15).
2496 4462 2696 4534 Regem
2739 4463 2882 4518 enim
2906 4463 3112 4528 surculi,
3141 4461 3196 4518 id
3225 4471 3328 4528 est,
3346 4477 3442 4519 va-

1840 4557 2048 4624 nitatis,
2083 4555 2311 4626 populus
2355 4555 2410 4610 in
2441 4570 2666 4626 regnum
2696 4561 2960 4610 aeternum
2999 4555 3205 4610 electus
3251 4554 3435 4628 elegit.

129 4645 332 4727 eadem
359 4683 575 4741 quoque
599 4665 881 4738 prophetia
912 4672 968 4719 et
1003 4664 1122 4718 loco
1151 4660 1257 4715 alio
1288 4659 1477 4714 harum
1521 4657 1742 4727 sagitta-
1765 4664 1820 4726 ι)
1847 4651 1914 4706 Et
1935 4652 2146 4707 dextera
2180 4664 2359 4705 eorum
2381 4648 2588 4703 dextera
2632 4647 2934 4741 iniquitatis.
2977 4645 3164 4741 Iniqua
3214 4645 3437 4741 dextera

67 4741 74 4748 ’
129 4779 262 4820 rum
293 4781 306 4818 :
343 4761 583 4834 Sagittae,
615 4759 809 4830 inquit,
851 4755 1200 4828 parvulorum
1229 4751 1387 4808 facta:
1410 4757 1538 4806 sunt
1565 4748 1734 4820 plagas

213 4905 294 4979 (a)
327 4903 597 4979 Particula
621 4915 736 4954 cum
767 4897 981 4979 hic_non
1006 4886 1745 4979 CODjllDClIOIll‘S,Balli-1i}!!-

132 4961 736 5051 gatis'extit-itttebatur,
780 4968 875 5051 sed
919 4961 1743 5051 prteppsitionisrhaktﬂratip:

133 5036 292 5113 hem,
317 5036 471 5117 quasi
513 5061 618 5098 una
653 5036 770 5097 cum
813 5040 1014 5094 Christo
1034 5036 1394 5102 descendente,
1429 5046 1588 5088 secus
1613 5043 1743 5085 vero

135 5121 420 5185 deinceps.
911 5182 923 5185 _
1025 5182 1033 5185 _
1152 5122 1213 5185 _'
1346 5176 1380 5185 ,
1423 5175 1436 5185 .
1533 5181 1541 5185 ,
1674 5172 1710 5185 ..

497 5187 750 5244 nimirum
795 5185 870 5239 ita
911 5175 1555 5264 latebatformaDei'Lut
1571 5172 1742 5264 geniis

137 5243 459 5320 carnalibus
485 5243 590 5314 non
612 5245 1557 5330 appareretnisi_fortna_ser‘vi..IIinc
1581 5243 1743 5330 intel-

139 5316 318 5405 ligere
338 5316 422 5389 est
439 5316 722 5405 quomodo
739 5325 997 5405 pluribus
1033 5325 1084 5405 in
1130 5323 1263 5376 locis
1291 5316 1738 5405 fibristus‘glorﬁia

137 5389 402 5465 donatus.
435 5389 582 5458 salva
605 5389 784 5456 carnis
814 5394 1135 5461 substantia,
1163 5389 1486 5463 praedicetur
1519 5396 1661 5442 totus
1685 5389 1739 5440 in

136 5477 318 5534 forma
353 5475 468 5530 Dei.

221 5527 600 5619 (cii-Ppstrema
625 5541 790 5597 editio
817 5540 939 5619 Par:
964 5537 1215 5619 przetulit,
1243 5531 1384 5619 quod
1407 5527 1732 5619 apudjz,

141 5597 678 5686 Ertvet—ILip—slﬂcum
698 5623 864 5686 tamen
884 5610 939 5664 id
967 5597 1103 5686 quod
1125 5597 1287 5686 [umet
1307 5597 1508 5686 uratur,
1531 5597 1732 5686 deinde,
1777 5643 1782 5647 ,

141 5701 259 5746 etc.
301 5675 467 5744 Nobis
508 5685 694 5756 magis,
715 5675 1004 5756 probatae
1019 5681 1182 5736 lectio
1213 5694 1316 5756 ms.
1357 5675 1461 5756 hoc
1489 5682 1593 5736 est,
1615 5684 1737 5756 cum

141 5762 332 5818 fumus
355 5748 770 5814 ustionisitidéx
793 5755 884 5809 sit.
909 5751 1042 5818 Quia
1064 5760 1243 5822 autem
1260 5748 1407 5822 ignis
1422 5760 1549 5822 cum
1584 5755 1740 5822 para-

143 5811 649 5900 iiiféuaiiiiiiihst
672 5811 799 5884 ante
823 5811 983 5897 quain
1015 5821 1235 5888 ardeat;
1260 5811 1364 5876 hac
1390 5811 1740 5874 similitudine

1843 4753 1948 4810 est,
1979 4757 2100 4800 cum
2129 4741 2322 4812 palmis
2347 4741 2524 4810 ctedit,
2561 4755 2682 4797 cum
2712 4739 2880 4811 virgis
2921 4737 3110 4805 laniat,
3137 4753 3261 4794 cum
3289 4739 3438 4796 cala-

1848 4893 1998 4955 putat
2020 4884 2254 4940 Hilarius
2275 4882 2632 4955 demonstrari
2662 4881 2968 4955 inchoatam
2991 4881 3294 4955 daemonum
3322 4896 3439 4951 poc-

1847 4953 1994 5023 nam,
2026 4971 2130 5026 qua
2163 4955 2378 5011 interim
2425 4953 2889 5026 legitimaueoruin
2919 4953 3052 5026 ultio
3077 4962 3432 5024 praeparatur.

1850 5023 2058 5082 Fumus
2069 5028 2203 5083 enim
2218 5027 2423 5080 interim
2443 5024 2613 5096 arsuri
2632 5023 2922 5095 aliquando
2934 5025 3070 5096 ignis
3084 5023 3434 5096 praeparatur,

1843 5099 2016 5168 inquit
2044 5099 2096 5153 in
2126 5111 2208 5168 ps.
2244 5113 2386 5161 ωιιν,
2415 5113 2468 5150 ιι.
2500 5094 2552 5150 9.

1917 5164 1999 5240 (α)
2021 5168 2080 5224 In
2123 5164 2227 5240 ins.
2255 5176 2536 5240 coruscam,
2565 5167 2960 5240 coruscatione:
2990 5165 3133 5240 quod
3149 5165 3216 5240 a_d
3245 5164 3431 5240 Chris-

1845 5235 1957 5296 tum
1974 5235 2356 5308 referriqueat,
2378 5237 2475 5292 hac
2490 5237 2742 5308 nimirum
2762 5235 3140 5308 intelligentia:
3160 5237 3260 5305 Qui
3273 5235 3436 5291 modo

1848 5310 2029 5366 lumen
2077 5306 2456 5381 apostolorum
2483 5323 2589 5381 non
2619 5306 2838 5381 ferunt,
2879 5306 3083 5380 quanto
3111 5308 3280 5379 magis
3306 5316 3436 5362 tunc

1847 5381 2068 5448 Christi,
2093 5378 2215 5437 cum
2245 5380 2523 5451 apparebit
2547 5378 2930 5451 sicutAIulgur'?

1922 5453 1992 5524 (ε)
2026 5452 2082 5508 In
2106 5449 2357 5522 vulgatis,
2384 5451 2654 5524 disperget.
2679 5449 3023 5524 Pracl'erimus
3047 5464 3168 5524 cum
3196 5463 3297 5524 ms.
3325 5449 3437 5502 dis-

1849 5519 2037 5598 pergit,
2082 5519 2423 5598 quia'sermo
2468 5519 2646 5598 est'de
2675 5535 2742 5576 eo
2779 5519 2920 5590 quod
2963 5535 3106 5578 nunc
3138 5521 3232 5588 ﬁt,
3263 5519 3435 5574 donec

1839 5594 2319 5652 suCCedat’Christi
2347 5594 2667 5648 coruscatio.
3291 5632 3312 5646 .

1915 5667 1984 5740 (Ῑ)
2011 5666 2142 5722 Cum
2169 5664 2400 5720 videlicet
2424 5665 2492 5740 ad
2511 5664 2674 5740 solam
2700 5663 2777 5718 sui
2803 5663 3134 5719 abolitionem
3183 5678 3342 5740 usque
3363 5661 3432 5717 ad

1843 5733 2360 5810 muricideferantur,
2384 5744 2442 5810 nt
2470 5735 2632 5810 habet
2651 5741 2806 5788 tract.
2840 5750 2918 5804 ps.
2941 5749 3072 5810 μω,
3097 5752 3150 5810 n.
3172 5733 3228 5788 4.

1916 5809 1994 5882 (g)
2023 5806 2232 5867 Ita'ms.
2254 5807 2312 5862 In
2341 5806 2572 5879 vulgatis
2597 5814 2798 5873 autem,
2825 5807 3159 5878 confusionis.
3239 5821 3241 5823 ί
