4006 6332
551 354 655 410 851

1775 335 2032 397 SANCTI
2071 329 2328 389 HILAHII
2367 326 2672 388 umori

3749 317 3842 372 85?.

556 487 648 529 mo
697 470 928 535 collidit.
971 473 1095 524 eum
1145 473 1404 522 coronam
1453 462 1696 532 spineam
1734 463 1972 526 coaptat,
2024 466 2149 508 eum
2174 447 2231 511 Α
2329 445 2613 530 19.’Λιίιιά
2637 444 2702 497 ob
2727 440 2981 496 indultum
3007 439 3198 493 sanctis
3216 435 3502 510 iudicandi
3529 441 3836 503 potestatem.

555 567 712 622 claro
740 573 936 619 manus
961 575 1024 615 ac
1051 559 1216 631 pedes
1256 557 1386 628 ﬁgit,
1420 568 1542 611 cum
1572 551 1643 608 l’el
1671 558 1826 606 aceto
1865 546 2148 610 admiscet,

557 665 681 713 cum
711 654 892 710 omnia
921 651 1224 724 iniquitatis
1252 663 1419 721 opera
1440 649 1802 703 consummat.

633 749 722 802 Π.
749 746 1024 801 Canticum
1066 759 1273 808 novum,
1305 742 1540 814 gentibus
1577 737 1642 793 ob
1667 751 1851 792 novam
1887 732 1986 789 Dei
2019 733 2152 787 noti-

555 843 702 899 tiam.
733 861 806 883 -ιδ
833 841 966 896 Post
1000 849 1122 911 quae
1162 845 1415 909 potenter
1463 848 1494 887 a
1535 832 1762 888 Domino
1803 838 1955 902 gesta
1993 833 2156 898 atque

562 933 828 1006 perfecta,
875 945 1015 988 novo
1061 931 1218 986 nobis
1247 927 1495 999 gloriosa:
1515 924 1758 980 victoriae
1797 921 1903 976 erit
1944 919 2156 975 cantico

557 1025 975 1084 concinentium.
998 1023 1090 1079 Ait
1108 1020 1447 1086 enirhNuas.
1466 1018 1536 1074 9:
1559 1014 1700 1072 Deus
1721 1014 1882 1087 617
1901 1013 2158 1067 canticum

560 1133 747 1178 nsunt
776 1122 990 1174 cantabo
1011 1119 1122 1184 tibi,
1152 1113 1398 1189 psalterio
1435 1109 1756 1166 anachoreta
1798 1107 2017 1176 psallam
2045 1104 2153 1159 tibi.

563 1215 633 1269 Et
661 1209 808 1285 quod
845 1214 947 1266 hoc
982 1219 1179 1266 novum
1208 1207 1476 1264 canticum
1522 1205 1612 1270 sit,
1657 1200 2021 1258 contuendum
2051 1205 2154 1254 est.

562 1307 759 1363 Plures
786 1315 964 1361 autem
1008 1315 1208 1358 novum
1237 1301 1506 1356 canticum
1532 1306 1818 1352 cantantes
1849 1291 2038 1364 psalmi
2066 1305 2157 1346 re-

559 1401 865 1472 periuntur.
904 1397 1296 1466 Nonagesimum
1315 1391 1460 1448 enim
1498 1401 1552 1444 et
1576 1389 1794 1460 quintus
1820 1381 2161 1472 psalmusiita

563 1471 730 1563 capit
759 1505 774 1544 :
803 1489 1016 1546 Cantate
1046 1483 1270 1542 Domino
1287 1484 1543 1539 canticum
1579 1493 1786 1544 nosam,
1817 1483 2022 1530 cantate
2051 1471 2163 1528 Do-

562 1585 703 1640 mino
742 1584 910 1638 omnis
950 1591 1087 1638 terra
1127 1597 1146 1635 :
1179 1589 1230 1636 et
1261 1588 1498 1641 rursum,
1529 1573 1841 1628 Annuntiatc
1883 1570 2018 1624 inter
2038 1583 2164 1639 gen-

565 1686 640 1731 tes
666 1675 886 1748 gloriam
919 1676 1053 1746 ejus,
1093 1673 1148 1726 in
1197 1670 1338 1725 omni
1380 1665 1574 1738 populo
1621 1663 1880 1719 mirabilia
1924 1665 2038 1735 ejus
2064 1676 2083 1714 :
2111 1667 2168 1716 et

564 1777 802 1835 rursum,
833 1765 1223 1842 (Συρακουσίαν
1250 1778 1284 1815 a
1315 1759 1451 1830 locis
1485 1758 1596 1828 ejus
1635 1756 1799 1810 omnis
1825 1763 1984 1819 terra,
2013 1751 2166 1805 dicite

2255 569 2328 581 -—
2354 522 2548 593 Ca'ntst
2584 547 2639 590 et
2673 533 3002 590 centesimus
3030 528 3480 600 quadragesimus
3511 539 3694 579 nntius
3715 526 3840 594 psal-

2256 648 2376 688 mus
2399 630 2668 686 canticum
2715 641 2934 682 novum.
2966 623 3030 679 Et
3063 638 3160 678 cur
3187 623 3258 676 sit
3307 621 3414 675 hoc
3457 618 3736 674 canticum
3761 633 3843 671 no-

2257 740 2404 792 vum,
2434 738 2558 778 mox
2585 719 2853 790 Propheta
2885 716 3134 786 subjecit,
3177 714 3388 778 dicens,
3423 710 3697 765 Etaltabit
3717 699 3850 763 man?

2257 825 2426 872 suetos
2450 815 2504 869 in
2530 814 2766 868 salutent.
2819 809 3163 865 Exsultabunt
3189 807 3352 860 sancti
3401 805 3454 856 in
3483 803 3680 873 gloria,
3715 801 3842 856 ιω-

2261 907 2450 962 buntur
2475 905 2529 958 in
2555 903 2804 958 cubilibus
2825 901 2954 956 suis.
2984 897 3051 953 Et
3069 896 3438 952 exultationes
3459 891 3562 947 Dei
3587 895 3642 946 in
3663 903 3844 963 gutture

2259 1015 2458 1063 eorum,
2488 1009 2534 1053 et
2560 996 2722 1068 gladii
2751 996 2827 1050 bis
2850 993 2986 1049 acuti
3014 995 3068 1046 in
3090 989 3326 1043 mnibus
3350 1002 3560 1053 coruus,
3603 985 3768 1058 618
3789 986 3843 1038 ad

2261 1091 2554 1163 faciendam
2573 1089 2846 1144 uindictam
2871 1089 2925 1140 in
2945 1083 3258 1146 nationibus,
3284 1080 3676 1150 increpatione:
3696 1080 3748 1132 iu
3770 1096 3846 1148 pc-

2264 1185 2423 1256 pulis,
2453 1184 2519 1237 ad
2543 1182 2835 1252 alligandos
2859 1195 3000 1251 reges
3023 1192 3204 1232 eorum
3237 1177 3293 1228 in
3329 1174 3556 1228 manicis
3580 1183 3631 1227 et
3655 1189 3840 1238 compe-

2263 1275 2438 1342 dibus,
2463 1285 2513 1328 et
2537 1273 2730 1328 nobiles
2764 1285 2946 1326 eorum
2985 1270 3042 1323 in
3070 1268 3284 1323 uinculis
3310 1266 3540 1337 ferreis;
3590 1277 3650 1320 stt
3675 1267 3847 1335 faciam

2263 1368 2318 1422 in
2329 1367 2408 1422 his
2423 1365 2673 1433 iudicium
2685 1363 3054 1432 conscriptum,
3068 1359 3235 1431 gloria
3243 1362 3356 1413 haec
3367 1369 3442 1413 est
3456 1357 3702 1412 omnibus
3723 1374 3848 1410 sanc-

2267 1461 2332 1514 tis
2353 1462 2465 1532 ejtts
2493 1457 2615 1530 (Ps.
2647 1470 2831 1521 esus,
2861 1452 2897 1508 4
2926 1463 2976 1508 et
3016 1451 3203 1524 seqq.).
3229 1450 3345 1506 Hoc
3363 1449 3649 1506 canticum
3681 1465 3849 1504 novum

2267 1561 2374 1617 est,
2407 1551 2504 1607 Dei
2533 1558 2748 1606 sanctos
2792 1546 2980 1619 iudicii
3025 1547 3214 1602 aeterni
3268 1559 3492 1600 sumere
3523 1553 3849 1614 potostatcm.

2267 1643 2452 1700 Sancti
2501 1643 2668 1710 enim,
2717 1640 3017 1698 secundum
3045 1638 3394 1710 Apostolum,
3432 1637 3704 1693 tnundum
3729 1638 3853 1707 iudi-

2270 1738 2475 1794 cabunt
2504 1736 2568 1808 (ι
2595 1735 2714 1793 Cor.
2745 1751 2819 1804 Vt,
2849 1734 2886 1789 2
2913 1737 2954 1805 ).
2991 1734 3105 1789 Hoc
3149 1735 3312 1804 igitur
3336 1748 3535 1788 novum
3562 1743 3809 1787 cantatur
3830 1748 3854 1786 s

547 1862 619 1915 ίη
655 1825 972 1924 “manu”,
1011 1825 1264 1910 υοῆτίηω
1300 1825 1549 1922 έηηαιίὶ,
1597 1847 1712 1904 Hoc
1755 1844 2024 1902 canticum
2069 1858 2166 1897 ηο-
2192 1840 2246 1904 Β
2275 1831 2454 1898 nobis,
2486 1829 2620 1886 ultio
2643 1829 2697 1884 in
2726 1827 2992 1893 nationes,
3021 1826 3253 1898 arguitio
3277 1825 3336 1880 in
3365 1825 3606 1896 populos,
3631 1826 3858 1881 manica:

566 1967 722 2022 vum,
751 1953 896 2025 quod
925 1951 1100 2007 omnis
1129 1955 1278 2005 terra
1305 1953 1506 2011 cantat,
1561 1941 1705 2012 quod
1736 1939 1848 2011 iam
1875 1951 1984 1994 non
2024 1937 2168 1992 intra

565 2045 769 2102 Iudaeas
793 2043 873 2115 (α)
899 2042 1094 2098 limbo‘s
1118 2047 1283 2110 atque
1325 2037 1464 2092 lines
1489 2032 1729 2104 cognitio
1757 2031 1895 2100 eius,
1923 2027 2016 2098 qui
2044 2041 2169 2081 ont-

571 2139 662 2192 nia
688 2136 913 2202 creavit,
954 2147 1076 2189 esse
1103 2131 1454 2192 celebratur;
1485 2124 1628 2197 quod
1663 2124 1774 2193 iam
1814 2122 1955 2176 inter
1979 2126 2170 2189 gentes

569 2227 741 2300 gloria
771 2226 866 2281 Dei
907 2221 1192 2279 invisibilis
1231 2217 1532 2285 notitistur,
1558 2213 1702 2286 quod
1747 2225 1936 2269 omnes
1981 2207 2170 2280 patria:

569 2319 811 2392 gentium
867 2315 1232 2372 laudationem
1288 2307 1514 2366 honoris
1568 2305 1736 2362 debiti
1795 2301 2122 2359 conﬁtentur
2149 2339 2168 2368 ,

572 2411 716 2485 quod
751 2412 804 2466 in
835 2409 1146 2466 nationibus
1177 2407 1319 2463 Dens
1344 2410 1672 2475 regnaturus
1695 2397 2023 2455 ostenditur.
2063 2394 2173 2450 No-

570 2517 698 2562 vum
730 2507 834 2561 hoc
879 2505 1025 2560 inter
1053 2509 1136 2559 tot
1162 2511 1382 2558 errores
1421 2496 1609 2554 surculi
1657 2492 1930 2550 canticum
1978 2496 2086 2554 est,
2117 2493 2176 2544 et

571 2597 880 2654 errantibus
907 2603 1067 2651 antes
1087 2593 1341 2665 gentibus
1353 2589 1658 2661 inopinatus
1679 2586 1768 2642 hic
1789 2585 2023 2657 hymnus
2043 2587 2128 2637 est
2153 2597 2169 2636 :

569 2705 669 2764 per
691 2703 854 2762 quem
887 2691 1028 2746 Deus
1067 2687 1376 2751 invisibilis,
1411 2687 1784 2754 incorporeus,
1815 2685 2072 2743 aeternus,
2117 2683 2174 2730 et

569 2784 699 2856 iusti
720 2779 913 2855 iudicii
931 2779 1118 2854 index,
1142 2789 1199 2838 et
1226 2781 1398 2838 beata
1419 2773 1741 2834 utet-uitatis
1775 2789 1870 2830 rex
1895 2787 2017 2830 esse
2044 2785 2175 2827 cau-

575 2881 740 2931 tallll‘.
1856 2887 1865 2895 ’

648 2969 738 3024 l8.
781 2968 1016 3022 Alterum
1057 2963 1120 3022 ob
1164 2959 1452 3020 mirabilem
1498 2961 1692 3018 Christi
1728 2958 2170 3015 resurrectionem.

577 3089 646 3103 -—
687 3061 784 3116 Est
813 3068 870 3116 et
905 3060 1290 3130 nonagesimus
1331 3059 1593 3128 septimus
1629 3055 1866 3126 psalmus
1905 3051 2173 3107 canticum

575 3163 780 3211 novum
821 3164 1089 3210 cantans:
1121 3149 1339 3207 Cantate
1385 3151 1614 3205 Domino
1660 3149 1917 3203 canticum
1961 3159 2170 3211 nosam,

2269 1936 2323 1981 et
2350 1925 2639 1994 compedes
2667 1939 2873 1994 regum,
2922 1931 2976 1978 et
3001 1921 3257 1978 nobilium
3303 1921 3511 1979 vincula
3555 1923 3756 1989 ferrea,
3803 1931 3858 1978 et

2269 2016 2560 2086 conscripti
2586 2016 2644 2071 in
2667 2029 2764 2071 eos
2781 2013 2971 2085 iudicii
3000 2015 3288 2070 sententia.

2341 2110 2434 2166 20.
2475 2108 2790 2164 Psalterium
2817 2108 3212 2163 decachordum.
3255 2107 3423 2179 Reges
3447 2109 3596 2180 regni
3625 2105 3722 2162 Dei
3748 2125 3854 2163 cos-

2271 2215 2452 2262 sortes.
2483 2232 2555 2244 —
2582 2203 2738 2270 Quod
2759 2205 2920 2259 etiam
2964 2202 3020 2257 in
3064 2202 3224 2274 hujus
3268 2203 3466 2274 psali
3493 2218 3645 2259 novo
3668 2204 3854 2260 annos

2273 2297 2454 2354 simile
2475 2306 2724 2352 cantatur
2755 2313 2768 2351 :
2797 2294 2938 2350 Deus
2965 2298 3252 2350 canticum
3296 2313 3486 2351 nouam
3517 2300 3736 2354 cantabo
3755 2301 3846 2365 tibi,

2274 2391 2330 2445 in
2354 2390 2596 2461 psalterio
2641 2389 2958 2446 decachordo
2999 2389 3216 2458 psallam
3252 2391 3366 2455 tibi,
3417 2391 3512 2460 qui
3539 2390 3638 2446 das
3663 2392 3852 2448 sal-test

2275 2484 2496 2556 regibus.
2544 2483 2602 2539 In
2645 2483 2985 2539 decachordo
3035 2484 3194 2554 igitur
3235 2484 3526 2554 psalterio,
3578 2485 3636 2541 id
3663 2494 3760 2552 est,
3785 2485 3852 2539 vel

2274 2577 2418 2650 quod
2439 2577 2630 2633 decem
2649 2576 2978 2632 chordarum
3006 2576 3136 2632 illud
3163 2578 3480 2647 psalterium
3505 2578 3605 2644 sit,
3630 2578 3716 2634 vel
3734 2578 3850 2648 quod

2275 2672 2464 2728 decem
2486 2671 2776 2728 verborum
2799 2686 3004 2740 organo
3029 2681 3188 2743 atque
3207 2671 3379 2742 gestis
3401 2672 3595 2728 anno
3617 2687 3747 2727 nova
3773 2675 3848 2727 ista

2275 2774 2566 2822 cantatur:
2598 2763 2683 2819 vel
2732 2763 2876 2834 quod
2930 2763 3093 2819 homo
3151 2765 3270 2834 ipse
3308 2765 3508 2820 decem
3555 2766 3848 2836 quibusdam

2277 2857 2498 2913 chordis
2525 2856 2772 2912 ntanihus
2789 2871 2854 2912 ac
2882 2856 3109 2926 pedibus
3137 2865 3417 2924 extentus,
3461 2859 3735 2929 perfectus
3758 2860 3848 2926 spi-

2279 2951 2511 3005 ritalium
2537 2962 2763 3019 cperum
2807 2961 3026 3004 suorum
3052 2958 3208 3020 gestu
3244 2957 3512 3020 motuque
3542 2951 3626 3006 sic
3667 2950 3849 3021 psallat,

2281 3053 2340 3098 ut
2364 3044 2670 3099 cantionem
2699 3055 2896 3099 novam
2938 3044 3076 3098 hanc
3102 3051 3302 3097 cantet.
3332 3041 3490 3097 Vsus
3520 3043 3616 3099 to.
3647 3041 3744 3110 Qui
3777 3043 3853 3096 dat

2277 3140 2492 3194 salutem
2517 3137 2720 3210 regibus
2741 3153 2760 3191 -:
2789 3135 3003 3208 regibus
3042 3136 3236 3204 quibus
3277 3135 3487 3190 dictum
3539 3145 3650 3202 est,
3681 3134 3848 3199 Venite,

571 3243 695 3319 quia
718 3247 978 3302 mirabilia
1002 3245 1123 3319 [hell
1153 3244 1426 3300 Dominus.
1459 3243 1565 3299 Sed
1589 3243 1772 3297 nescio
1790 3253 1859 3295 an
1880 3239 2083 3295 idclrco
2103 3238 2174 3292 sit
2196 3220 2244 3286 (ἶ
2276 3231 2524 3287 benedicti
2549 3229 2725 3284 Patris
2753 3231 2872 3297 mei,
2915 3228 3168 3300 possidete
3209 3241 3574 3300 prcpamtssm
3615 3230 3750 3284 nobis
3785 3246 3848 3280 re-

572 3331 785 3396 cantico
812 3349 953 3394 novo
1001 3329 1351 3403 cantandum,
1380 3335 1508 3406 quia
1551 3329 1821 3389 mirabilia
1848 3332 1988 3386 Deus
2019 3327 2168 3384 iecit.

569 3429 814 3506 Ollm(b)
841 3431 1038 3487 omium
1081 3429 1507 3500 pulcherrimum
1546 3435 1709 3496 atque
1737 3423 2013 3480 immobile
2056 3435 2172 3476 ma-

570 3533 685 3586 net.
738 3525 865 3580 olim
911 3526 964 3578 in
1007 3533 1076 3580 eo
1113 3529 1262 3577 astra
1291 3521 1579 3602 indefessis
1608 3519 1910 3574 ciliciorum
1941 3527 2166 3572 suorum

573 3611 822 3672 cursibus
852 3623 1224 3687 pet-sererent,
1256 3615 1386 3668 olim
1415 3621 1661 3683 tempora
1692 3611 1906 3666 alterno
1940 3617 1996 3664 et
2025 3610 2172 3664 inde-

571 3705 816 3764 mutablll
864 3714 1091 3764 recut-su
1139 3713 1546 3778 temperantur,
1606 3705 1735 3760 olim
1783 3712 1924 3758 terra
1975 3703 2170 3759 annuis

569 3799 832 3856 fructibus
859 3801 1012 3858 dives
1037 3800 1141 3867 est,
1164 3799 1292 3855 olim
1321 3798 1487 3854 homo
1513 3795 1746 3852 maxime
1769 3785 2014 3851 mirabile
2035 3802 2170 3866 opus

573 3892 670 3948 Dei
719 3894 993 3949 nascitur:
1027 3902 1082 3948 et
1111 3894 1156 3949 si
1205 3887 1337 3947 nlhil
1368 3890 1554 3962 postea
1600 3890 1738 3944 Deus
1768 3887 2014 3944 mirabile
2042 3895 2167 3945 cum

571 3985 689 4042 haec
717 3986 922 4042 ereavit
947 3977 1166 4057 adjecit,
1197 3999 1382 4056 quzero
1409 3982 1555 4054 quod
1585 3987 1784 4038 novum
1811 3981 2077 4037 canticum
2099 3981 2170 4037 ob

568 4079 836 4135 mirabilia
859 4079 996 4135 facta
1019 4078 1346 4135 cantandum
1365 4076 1454 4132 sit.
1480 4074 1548 4131 Et
1569 4085 1674 4132 non
1693 4075 1786 4131 diu
1806 4085 1905 4130 nos
1929 4075 2170 4146 psalmus

567 4170 770 4242 patitur
793 4181 999 4228 errare.
1031 4165 1113 4226 0b
1152 4175 1274 4240 quo:
1304 4169 1448 4225 enim
1478 4167 1748 4223 mirabilia
1795 4175 1993 4222 novum
2037 4173 2168 4223 can-

564 4265 733 4319 ticum
761 4262 1028 4330 cantaret,
1077 4261 1318 4319 ostendit
1359 4259 1587 4317 dicens:
1622 4260 1877 4316 Liberavit
1903 4271 2018 4315 eum
2045 4262 2170 4315 dex-

569 4361 681 4408 tera
709 4358 819 4426 ejus
843 4364 892 4410 et
921 4353 1190 4409 brachium
1223 4363 1459 4409 sanctum
1493 4356 1624 4426 ejus.
1666 4352 1863 4407 Notum
1902 4346 2019 4425 fecit
2055 4350 2166 4406 Do.

567 4444 738 4500 minus
763 4445 988 4502 salutare
1011 4455 1179 4514 tuum,
1201 4456 1321 4501 ante
1349 4453 1674 4516 conspectum
1710 4445 1936 4516 gentium
1991 4442 2164 4518 (Ptol.

567 4541 734 4601 sum,
769 4537 794 4590 l
821 4537 867 4591 et
893 4537 976 4606 2).
1011 4536 1126 4596 Hoc
1153 4547 1351 4594 norum
1379 4538 1646 4592 canticum
1665 4545 1767 4601 est,
1797 4537 1899 4593 hoc
1926 4537 2170 4595 ntlt‘ablle

2275 3337 2432 3396 gnum
2460 3339 2492 3376 a
2532 3322 2895 3376 constitutions
2934 3321 3113 3375 mundi
3157 3319 3376 3391 (blattis.
3425 3337 3560 3386 λιν,
3589 3321 3662 3376 34
3689 3321 3745 3392 );
3781 3321 3848 3389 qui

2278 3416 2486 3472 nobiles
2517 3415 2772 3485 ligabunt,
2825 3415 2913 3485 qui
2942 3428 3097 3484 reges
3141 3413 3369 3468 manicis
3415 3425 3474 3468 et
3523 3415 3851 3484 compedibus

2275 3508 2682 3578 constringant,
2731 3509 2823 3577 qui
2863 3506 3182 3577 judicabant
3205 3545 3222 3572 ,
3286 3517 3526 3577 arguont
3552 3547 3568 3572 ,
3641 3507 3852 3562 vindica-

2273 3603 2426 3659 bunt.

2343 3695 2434 3748 2i.
2473 3691 2664 3749 Christi
2693 3691 2948 3757 liberatio,
2989 3689 3132 3744 saltss
3170 3705 3376 3761 regunt.
3405 3719 3482 3731 —
3510 3690 3578 3746 Et
3603 3690 3857 3762 quomodo

2273 3787 2425 3842 salus
2466 3785 2684 3856 regibus
2712 3782 2890 3850 detur,
2937 3782 3172 3838 ostendit
3204 3800 3218 3838 :
3252 3781 3377 3849 Qui,
3431 3782 3626 3854 inquit,
3678 3783 3856 3837 liberos

2275 3876 2442 3932 David
2479 3887 2680 3931 seruum
2705 3883 2851 3929 tuum
2875 3889 2894 3930 :
2924 3886 3048 3930 eum
3074 3887 3268 3942 nempe
3317 3873 3518 3942 David,
3549 3875 3616 3936 de
3651 3889 3760 3944 quo
3782 3874 3856 3927 hic

2272 3969 2416 4026 idem
2446 3968 2582 4024 liber
2625 3984 2694 4024 ex
2740 3981 2972 4038 persona
3005 3966 3100 4022 Dei
3131 3967 3300 4036 patris
3346 3966 3458 4021 alio
3492 3967 3710 4038 psalmo
3750 3982 3851 4038 pro-

2273 4063 2458 4133 phetat
2481 4079 2494 4114 :
2521 4059 2682 4115 Posui
2719 4059 3036 4130 adjutoriunt
3063 4075 3218 4129 super
3260 4067 3548 4129 potentem,
3579 4071 3630 4113 et
3661 4059 3856 4113 exaltari

2272 4156 2490 4211 electum
2527 4154 2592 4209 ds
2636 4153 2780 4226 plebe
2820 4168 2954 4208 mea.
3004 4150 3184 4207 Inveni
3235 4151 3406 4206 David
3447 4169 3662 4208 seruum
3689 4170 3856 4217 nam,

2272 4248 2388 4304 oleo
2412 4258 2588 4302 sancto
2608 4263 2717 4302 meo
2736 4247 2860 4302 uasti
2881 4263 3016 4302 eum.
3041 4245 3230 4301 Manus
3249 4247 3391 4301 enim
3409 4263 3528 4302 mea
3546 4248 3858 4302 auxiliis

2273 4344 2338 4398 ei.
2369 4342 2490 4415 Ipse
2517 4343 2790 4411 invocabit,
2821 4341 2978 4396 Pater
3003 4357 3144 4396 naeus
3169 4357 3224 4396 es
3248 4350 3323 4409 tu,
3371 4338 3522 4397 Dens
3551 4359 3722 4409 utens,
3761 4356 3859 4395 sas-

2273 4448 2449 4508 ceptor
2474 4437 2656 4491 salutis
2679 4452 2822 4491 meat.
2847 4433 2919 4490 Et
2947 4452 3038 4506 ego
3061 4435 3466 4508 primogenitum
3499 4452 3696 4508 ponant
3735 4451 3856 4496 cura,

2273 4530 2528 4584 excelsum
2553 4545 2707 4599 super
2731 4543 2904 4582 omnes
2930 4543 3072 4600 reges
3101 4538 3272 4582 teme.
3314 4525 3383 4580 Et
3429 4528 3582 4581 sedes
3606 4544 3720 4599 qu
3743 4529 3858 4580 sicut

571 4623 946 4696 Deiestzquod
971 4627 1354 4684 llbet‘aviteum
1377 4628 1597 4684 destera
1617 4628 1753 4698 eius,
1772 4627 1916 4699 quod
1939 4623 2041 4683 sibi
2063 4628 2166 4700 ipsi
2193 4610 2249 4672 Ῑ)
2273 4624 2351 4679 sol
2379 4623 2433 4678 in
2460 4631 2732 4692 conspectu
2754 4637 2886 4689 meo,
2913 4632 2957 4676 et
2977 4622 3108 4676 sicut
3136 4621 3259 4675 luna
3283 4621 3522 4692 perfecta
3548 4623 3602 4674 in
3627 4632 3858 4676 tetanu-

570 4717 796 4772 salutem
827 4719 995 4774 Virtus
1020 4727 1115 4775 sua
1146 4722 1353 4777 tribuit.
1389 4722 1716 4777 Potestatem
1756 4722 1927 4788 cultu,
1963 4723 2161 4794 inquit,

570 4808 749 4864 habeo
776 4809 1010 4864 animam
1041 4827 1214 4867 meam
1243 4813 1502 4884 ponendi,
1542 4823 1596 4870 et
1627 4823 1952 4887 potestatem
1985 4816 2164 4874 habeo

567 4901 804 4956 animam
833 4915 1011 4956 meam
1037 4906 1343 4961 resumendi
1371 4907 1553 4979 (Joan.
1572 4924 1627 4974 χ.
1656 4907 1769 4979 l8).
1797 4908 1911 4965 Non
1938 4920 2163 4968 externo

566 4998 1045 5069 egultunlgenitus
1091 4997 1186 5055 Dei
1220 5003 1359 5058 illius
1387 5005 1453 5059 ad
1495 5003 1812 5061 solvendum
1862 5006 2157 5075 hominem,

565 5089 622 5144 in
648 5105 754 5160 quo
783 5089 928 5144 nasci
959 5089 1133 5144 voluit
1157 5131 1173 5157 ,
1202 5094 1418 5160 auxilio,
1447 5101 1502 5151 et
1537 5097 1602 5169 (f.
1639 5091 1756 5169 sed)
1786 5097 1840 5152 in
1869 5095 2039 5167 gloria
2061 5113 2158 5169 pa-

567 5191 737 5236 ternae
757 5181 1052 5252 maiestatis
1078 5197 1300 5240 manens
1325 5199 1419 5241 sua
1441 5187 1498 5243 in
1517 5203 1578 5245 se
1605 5203 1735 5245 usus
1753 5198 1838 5246 est
1867 5200 2154 5260 potestate:

565 5283 666 5342 per
693 5284 851 5344 quam
878 5275 1292 5331 resurrecuonls
1331 5279 1559 5349 gloriam
1589 5284 1827 5339 salutare
1869 5295 2026 5340 suum
2060 5299 2155 5341 ηο-

565 5372 677 5418 tum
721 5366 968 5435 gentibus
1009 5365 1156 5437 fecit,
1207 5377 1328 5423 cum
1375 5367 1431 5424 in
1460 5383 1525 5426 eo
1553 5377 1754 5428 natura:
1783 5389 1895 5430 suae
1932 5388 2152 5434 carnem

562 5454 620 5509 in
649 5453 868 5510 aeterna:
911 5451 1098 5516 salutis
1138 5455 1496 5518 substantiam
1542 5467 1980 5524 transfor'matam
2025 5485 2151 5530 esse

560 5556 916 5615 cognoscunt.

635 5741 712 5814 (α)
746 5741 806 5800 In
835 5759 939 5803 ms.
971 5738 1130 5807 libros
1161 5760 1314 5825 atque
1338 5753 1486 5825 ﬁnes.

2269 4727 2318 4771 et
2341 4717 2480 4771 testis
2525 4717 2579 4771 in
2605 4715 2729 4770 creto
2759 4715 2928 4784 ﬁdelis
2955 4713 3073 4786 (Ps.
3099 4729 3364 4789 Lxxxtttt,
3398 4713 3472 4768 20
3502 4725 3552 4768 et
3595 4713 3781 4783 δείρᾳ).
3807 4713 3861 4766 ιι

2268 4823 2482 4863 rursum
2511 4808 2563 4862 iu
2595 4811 2798 4877 psalmo
2822 4806 3015 4862 eodem
3037 4822 3102 4861 ex
3126 4821 3354 4876 persona
3380 4807 3502 4875 eius
3524 4807 3592 4860 ad
3613 4808 3820 4860 Patrem
3844 4821 3857 4860 :

2270 4899 2416 4955 Sicut
2435 4899 2628 4969 jurasti
2655 4897 2824 4952 David
2853 4901 2905 4951 in
2927 4898 3133 4951 ueritate
3153 4905 3267 4965 tua,
3295 4913 3490 4951 memor
3517 4907 3630 4953 esto
3658 4895 3864 4952 Damius

2268 4992 2530 5064 opprobrii
2548 4992 2679 5046 servi
2699 4992 2792 5058 tui,
2821 4989 2960 5060 quod
2986 4991 3212 5043 continui
3237 4991 3294 5042 in
3312 4989 3430 5042 sinu
3449 5006 3566 5044 meo
3592 4992 3862 5043 multarent

2272 5089 2516 5164 gentium.
2542 5084 2693 5152 Quod
2711 5083 3140 5153 exprobrauerunt
3161 5081 3354 5135 inimici
3370 5083 3447 5134 tui
3469 5081 3722 5152 Densius,
3738 5085 3865 5154 quod

2266 5181 2696 5256 exprobrauerunt
2719 5175 3164 5230 comtrtutatt‘anem
3186 5171 3379 5227 Christi
3405 5176 3483 5230 tui
3515 5173 3706 5245 (lbitl.,
3739 5177 3806 5232 50
3823 5187 3866 5230 et

2264 5275 2451 5347 seqq.).
2500 5269 2802 5343 Opprohria
2837 5269 3129 5324 multarum
3144 5269 3391 5339 gentium
3421 5266 3478 5324 in
3505 5270 3688 5326 sinum
3716 5286 3866 5326 suum

2265 5365 2431 5423 David
2463 5363 2551 5419 hic
2579 5371 2718 5417 unus
2737 5359 2969 5431 excepit.
3000 5357 3123 5431 Ipse
3147 5359 3283 5414 enim
3309 5370 3526 5429 peccata
3550 5372 3732 5417 nostra
3761 5377 3867 5414 sas-

2263 5461 2418 5533 cepit,
2443 5469 2489 5514 et
2514 5455 2836 5529 inﬁrmitates
2875 5464 3079 5509 nostras
3117 5454 3378 5526 portavit;
3433 5456 3596 5510 livore
3635 5459 3756 5529 ejus
3781 5469 3866 5508 nos

2262 5553 2430 5611 sanati
2454 5565 2633 5608 sumus
2685 5544 2837 5621 (Esa.
2868 5563 2981 5615 uti,
3010 5545 3090 5620 5).
3119 5545 3198 5603 Ita
3224 5544 3353 5602 dum
3395 5535 3486 5602 hic
3526 5547 3702 5604 David
3739 5547 3868 5604 lihe-

2335 5763 2414 5837 (b)
2451 5765 2566 5824 Hoc
2626 5768 2749 5832 est,
2794 5762 2903 5837 iam
2953 5753 3022 5826 ab
3066 5759 3300 5835 antiquis
3341 5776 3405 5818 ac
3443 5761 3640 5842 primis
3667 5771 3876 5837 tempo—

2247 5836 2421 5898 ribus.
