3896 6336
83 361 184 417 853

1169 359 1583 423 TBAC’I‘A’I‘US
1617 365 1684 424 IN
1721 366 1928 426 CXLIV
1969 370 2320 431 PSALMUM.
2941 407 2955 440 κ

3257 385 3364 444 854

86 483 249 543 ratur,
282 482 336 566 et
366 473 467 545 legi
495 473 685 530 mortis
710 474 984 541 eximitur,
1016 475 1161 532 salus
1187 492 1404 549 quoque
1447 479 1666 552 regibus
1689 482 1746 546 Α
1769 493 1812 538 st
1825 483 1997 554 iterit,
2021 489 2379 544 aeternitatem
2411 496 2586 548 tamen
2611 491 2719 548 illis
2745 494 2836 566 qui
2865 493 2950 552 his
2977 505 3126 554 recte
3147 505 3367 557 utentur

83 569 255 626 datur.
289 565 407 638 ipse
435 577 519 623 est
554 567 696 627 enim
738 566 1124 638 primogenitus
1163 584 1230 624 ex
1260 571 1486 628 mortuis
1541 571 1664 643 (Co-

81 660 197 715 loss.
233 674 271 726 t,
306 656 418 730 I8).
449 657 519 714 Et
562 668 618 714 ut
661 658 715 713 in
742 658 906 713 Adam
935 675 1106 715 omnes
1133 661 1397 729 morimur,
1429 662 1502 716 ita
1528 672 1576 718 et
1614 665 1668 719 in

80 750 273 807 Christo
298 766 472 806 omnes
495 766 833 822 resurgemus.
865 749 886 824 (
913 749 934 804 1
962 747 1082 805 Cor.
1108 767 1221 820 vin,
1248 751 1370 824 23.)
1394 752 1666 810 Liberatio

77 859 200 914 ergo
229 841 364 912 ejus,
393 841 540 897 salus
566 858 750 913 regum
781 851 879 897 est.
915 841 1237 914 Regnabunt
1267 845 1417 901 enim
1446 844 1665 902 confor-

75 951 186 992 mes
213 934 399 1005 gloria:
425 948 560 1001 suae,
607 948 705 1004 per
732 944 1062 1005 assumptam
1101 935 1169 991 ab
1197 951 1263 992 eo
1313 946 1515 994 natura:
1542 954 1667 994 nos-

76 1039 170 1086 tra:
195 1029 271 1100 (a)
301 1026 757 1099 conjunctionem,
791 1044 1002 1084 rursum
1024 1044 1213 1086 omnes
1235 1030 1289 1088 in
1315 1041 1522 1090 natura:
1548 1032 1666 1105 ejus

72 1123 447 1180 communione
477 1120 740 1179 mansuri.

137 1215 300 1287 619
315 1213 400 1268 :22.
433 1213 670 1284 Eripitur
694 1229 823 1284 ergo
843 1213 929 1270 hic
953 1213 1116 1270 David
1139 1213 1206 1272 de
1218 1215 1392 1288 gladio
1404 1216 1664 1289 maligno~

71 1323 208 1363 rum.
236 1306 490 1378 Spiritum
516 1305 658 1362 enim
682 1306 839 1363 Iesus
859 1309 1037 1378 posuit
1065 1324 1186 1365 cum
1215 1310 1382 1364 voluit
1412 1329 1424 1366 :
1454 1326 1552 1366 nec
1572 1327 1666 1367 ex-

73 1399 330 1471 apectavit
359 1412 414 1454 ut
437 1401 673 1456 animam
705 1400 1026 1470 impressum
1051 1403 1547 1460 vulnusemitteret.
1571 1401 1666 1462 Jus

71 1494 263 1550 animae
292 1493 409 1566 ejus
437 1509 630 1549 manus
671 1493 972 1567 irreligiosa
1005 1510 1112 1551 non
1145 1495 1353 1551 habuit.
1383 1498 1472 1552 Ait
1498 1495 1663 1566 enim,

72 1590 151 1646 De
177 1589 349 1660 gladio
378 1589 602 1660 maligno
626 1606 749 1644 erue
784 1607 881 1645 me.
915 1589 1248 1662 Quamquam
1294 1591 1438 1647 enim
1479 1591 1664 1649 exani-

72 1684 173 1738 mis
197 1681 307 1752 jam
337 1681 583 1750 corporis
615 1681 754 1737 latus
781 1680 939 1738 miles
967 1682 1309 1739 transloderit
1337 1681 1515 1757 (Joan.
1546 1701 1660 1753 xix,

73 1775 163 1844 3t)
187 1817 201 1839 ,
235 1788 363 1830 usus
403 1783 487 1829 est
519 1772 820 1828 ministerio
857 1773 1076 1829 sazvitim
1106 1793 1118 1828 :
1145 1785 1399 1831 czeterum
1425 1787 1662 1847 potestas

1772 573 2044 644 impertiet
2093 596 2105 631 :
2138 579 2229 650 qui
2257 580 2570 640 cohreredes
2612 599 2712 640 nos
2742 583 2863 642 Filii
2890 586 2976 643 sui
3003 587 3057 646 in
3093 589 3212 660 ipso
3238 601 3366 649 ante

1771 667 2215 726 constitutionem
2246 675 2430 729 smculi
2457 675 2650 747 elegit,
2682 677 2772 746 qui
2797 678 2899 735 erit
2926 678 3071 737 Deus
3101 683 3281 740 omnia
3309 685 3365 742 iu

1771 757 2024 823 omnibus
2053 779 2065 817 :
2101 761 2176 836 (ὁ)
2206 765 2306 832 ipsi
2343 766 2538 837 gloria,
2573 769 2716 834 laus,
2753 769 2950 841 honor,
2977 773 3168 843 virtus,
3198 775 3371 847 impe-

1767 850 1909 906 rium
1966 852 2112 909 Patri
2157 855 2210 910 in
2259 857 2442 928 Filio,
2483 860 2625 917 Filio
2674 862 2729 918 in
2773 863 2932 921 Patre
2961 875 3016 922 et
3061 867 3114 923 in
3156 867 3364 940 Spiritu

1769 941 1992 1012 Sancto,
2021 954 2077 1000 et
2105 964 2244 1004 nunc
2272 959 2327 1006 et
2354 967 2570 1023 semper
2595 961 2650 1009 et
2677 953 2731 1010 in
2760 957 2942 1012 omnia
2969 959 3169 1018 saacula
3195 974 3367 1018 saecu-

1768 1033 1964 1090 lorum.
1997 1034 2193 1094 Amen.

2207 1130 2586 1193 PSALMUS
2638 1136 2910 1194 CXLIV.

2265 1223 2522 1281 Laudatio
2551 1226 2650 1299 ipsi
2679 1228 2865 1286 David.

1839 1307 2095 1366 Exaltabo
2133 1321 2182 1367 te
2222 1311 2363 1368 Deus
2402 1332 2542 1371 meus
2581 1327 2628 1372 et
2660 1335 2751 1374 rex
2779 1337 2950 1388 meus,
2991 1330 3040 1378 et
3069 1323 3364 1382 benedicant

1767 1417 1948 1456 nomen
1971 1412 2111 1457 tuum
2137 1405 2190 1458 in
2210 1407 2457 1462 steculum
2477 1419 2524 1461 et
2546 1411 2598 1464 in
2619 1411 2865 1468 steculum
2892 1415 3088 1470 saeculi.
3124 1415 3226 1471 Per
3253 1423 3360 1474 sin-

1765 1497 1913 1568 gulos
1936 1497 2100 1570 620
2128 1499 2234 1553 dies
2260 1498 2553 1555 benedicam
2584 1514 2649 1570 te,
2678 1514 2724 1558 et
2754 1505 2973 1562 laudabo
3014 1525 3197 1564 nomen
3222 1521 3364 1565 tuum

1765 1593 1819 1646 in
1853 1596 2099 1648 saeculum
2133 1604 2178 1648 et
2206 1597 2259 1649 in
2303 1598 2550 1654 maculant
2585 1602 2797 1668 seaculi,
2823 1602 3047 1674 Magnus
3076 1605 3363 1676 Dominus,

1765 1693 1812 1738 et
1837 1684 2110 1740 laudabilis
2141 1687 2291 1741 nimis
2311 1730 2326 1755 ,
2369 1697 2415 1743 et
2460 1691 2822 1760 magnitudinis
2851 1696 2961 1764 ejus
2988 1713 3087 1751 non
3117 1708 3189 1753 est
3222 1699 3362 1769 ﬁnis.

1768 1777 2038 1836 Generatio
2063 1790 2111 1835 et
2135 1783 2388 1852 generatio
2417 1784 2646 1839 laudabit
2669 1801 2822 1857 Opera
2847 1798 2936 1844 tua
2962 1831 2977 1857 ,
2998 1801 3046 1846 et
3088 1794 3367 1860 potentiam

70 1866 292 1936 spiritus
313 1864 616 1934 emittendi,
641 1880 861 1922 causam
889 1866 1153 1922 violanda:
1179 1867 1232 1922 in
1257 1882 1316 1923 se
1339 1869 1535 1924 animae
1557 1884 1664 1926 non
1695 1876 1746 1938 B
1773 1880 1919 1927 tuam
1945 1876 2364 1945 pronuntiabunt.
2390 1875 2454 1931 Et
2481 1879 2915 1950 magniﬁcentiam
2935 1885 3218 1958 majestatis
3242 1896 3364 1953 tute,

73 1956 313 2030 reliquit.

139 2054 227 2110 25.
257 2051 434 2108 Falsa:
454 2049 714 2117 felicitatis
742 2053 916 2122 opinio
944 2053 1274 2125 reprobatur.
1310 2083 1380 2095 —-
1401 2053 1669 2110 Consum-

74 2154 183 2201 mat
231 2144 431 2201 deinde
478 2144 790 2200 cantionem
846 2161 1042 2201 novam
1095 2162 1250 2201 nova:
1306 2145 1669 2205 confessionis

77 2240 318 2312 hymno,
373 2248 588 2294 terrena
635 2237 837 2308 judicia
888 2246 944 2294 et
995 2239 1338 2295 saecularium
1401 2239 1668 2298 bonorum

73 2333 263 2403 gaudia
326 2332 460 2388 falsa
527 2330 934 2400 condemnans,
989 2349 1110 2389 eum
1166 2335 1239 2390 ait
1273 2353 1284 2388 :
1318 2335 1551 2401 Quorum
1611 2354 1668 2394 os

73 2428 302 2482 locutum
343 2438 416 2482 est
446 2429 722 2482 vanitatem
745 2470 761 2493 ,
790 2439 838 2482 et
884 2428 1093 2482 dextera
1123 2446 1299 2484 eorum
1337 2431 1544 2485 dextera
1571 2431 1670 2486 ini-

72 2521 282 2589 quitatis
313 2537 333 2588 ;
379 2518 547 2576 Vnus.
585 2521 653 2575 1‘2
675 2550 697 2563 -
723 2520 790 2575 15
825 2534 839 2571 :
887 2517 1123 2586 Quorum
1153 2522 1249 2589 ﬁlii
1293 2521 1422 2577 sicut
1469 2523 1670 2579 novella

71 2612 322 2681 plantatio
352 2612 576 2666 stabilita
619 2611 671 2665 in
699 2612 973 2682 juventute
999 2629 1112 2667 sua.
1142 2611 1298 2667 Filia:
1333 2630 1508 2668 eorum
1530 2632 1667 2670 com-

72 2702 251 2772 posita:
276 2743 291 2767 ,
323 2703 719 2758 circumornata:
746 2701 1000 2774 quomodo
1043 2703 1328 2758 similitudo
1367 2705 1560 2776 templi.
1599 2703 1670 2762 Et

69 2797 434 2869 promptuaria
461 2813 636 2852 eorum
665 2797 817 2868 plena
841 2839 856 2863 ,
891 2798 1178 2852 eructantia
1207 2815 1270 2852 ex
1307 2797 1402 2853 hoc
1431 2801 1484 2854 in
1509 2800 1664 2856 illud.

71 2892 203 2946 Ures
232 2909 411 2946 eorum
442 2895 635 2962 fetoste,
661 2889 979 2945 abundantes
1010 2891 1062 2944 in
1093 2891 1373 2963 egressibus
1399 2894 1504 2947 suis
1529 2910 1548 2947 .'
1572 2892 1664 2948 bo-

67 3000 146 3040 ves
168 3000 350 3040 eorum
375 2998 579 3037 crasste.
597 2979 721 3036 Non
753 2992 826 3036 est
847 2985 1000 3036 ruina
1022 2982 1274 3048 macerias,
1307 3001 1467 3054 neque
1493 2993 1665 3040 trans-

67 3079 193 3141 itus,
228 3091 397 3148 neque
444 3075 640 3130 clamor
664 3075 718 3128 in
742 3073 924 3147 plateis
951 3091 1149 3131 eorum.
1178 3075 1393 3130 Beatum
1425 3078 1669 3134 dixerunt

63 3170 320 3239 populum
345 3167 431 3221 cui
458 3163 568 3220 lues
592 3179 708 3221 sunt
735 3184 748 3222 :
779 3165 954 3222 beatus
980 3165 1200 3240 populus
1225 3170 1375 3241 cujus
1409 3165 1666 3226 Dominus

1773 1974 1821 2021 et
1845 1967 2167 2021 sanctitatem
2204 1976 2345 2024 tuam
2377 1968 2678 2038 loquentur,
2705 1981 2752 2025 et
2787 1974 3042 2028 mirabilia
3069 1985 3159 2031 tua
3186 1993 3369 2032 narra-

1771 2059 1913 2114 bunt.
1974 2057 2041 2113 Et
2068 2061 2303 2115 virtutem
2331 2063 2636 2118 terribilium
2667 2073 2874 2118 tuorum
2914 2066 3117 2133 dicent,
3144 2079 3192 2122 et
3221 2084 3366 2139 mag-

1772 2151 2056 2205 nitudinem
2079 2163 2218 2206 tuam
2237 2156 2536 2210 narrabant.
2562 2153 2870 2210 Memoriam
2895 2157 3226 2214 abundantia:
3245 2175 3367 2213 sua-

1771 2243 1942 2297 vitatis
1971 2253 2071 2297 ture
2091 2244 2411 2310 eructabunt,
2445 2255 2490 2299 et
2512 2246 2766 2314 justitiam
2795 2257 2935 2302 tuam
2958 2248 3145 2322 (Infra,
3175 2250 3370 2318 iustitia

1771 2341 1859 2386 tua
1908 2332 2231 2388 exultabant.
2279 2333 2554 2389 Miserator
2599 2346 2649 2389 et
2686 2338 2977 2392 misericors
3008 2338 3293 2405 Dominus,
3323 2351 3368 2395 et

1772 2423 1936 2496 (lnl'ra
1983 2423 2135 2480 abest
2159 2423 2228 2497 et)
2279 2428 2474 2496 patiens
2495 2437 2541 2481 et
2571 2427 2744 2482 multa:
2771 2427 3153 2486 misericordiae.
3180 2429 3368 2486 Suavis

1773 2513 2024 2570 Dominus
2067 2517 2336 2583 universis,
2365 2528 2412 2572 et
2456 2519 2802 2574 miserationes
2852 2520 2966 2590 ejus
3003 2539 3156 2594 super
3181 2525 3368 2594 .omnia

1771 2624 1928 2678 opera
1955 2608 2083 2679 ejus.
2101 2606 2451 2678 Conﬁteantur
2473 2609 2560 2663 tibi
2578 2607 2796 2664 Domine
2825 2612 2995 2666 omnia
3009 2629 3162 2683 Opera
3190 2623 3298 2684 tua,
3323 2624 3370 2670 ct

1770 2704 1936 2758 sancti
1958 2705 2030 2756 tui
2057 2702 2352 2757 benedicant
2377 2713 2424 2757 te
2445 2702 2629 2773 (Infra,
2655 2705 2997 2774 confiteantur
3027 2707 3160 2778 tibi).
3192 2706 3368 2780 Conﬁ-

1771 2806 1966 2850 teantur
1999 2793 2113 2849 tibi:
2133 2793 2352 2866 gloriam
2380 2795 2523 2866 regni
2552 2795 2622 2849 tui
2649 2795 2835 2863 dicent,
2859 2806 2906 2851 et
2927 2799 3204 2870 potentiam
3226 2812 3365 2857 tuam

1771 2889 2040 2957 loquentur
2069 2905 2086 2941 :
2118 2898 2172 2941 ut
2219 2898 2391 2942 notam
2415 2887 2605 2960 faciant
2642 2887 2766 2958 ﬁliis
2796 2890 3060 2944 hominum
3087 2883 3366 2964 potentiam

1771 2989 1994 3047 tuam,et
2023 2979 2242 3051 gloriam
2260 2979 2651 3050 magniﬁcentia:
2676 2979 2821 3052 regni
2840 2981 2935 3037 tui.
2966 2982 3199 3054 Regnum
3221 2996 3364 3039 tuum

1769 3089 1979 3142 regnum
1999 3070 2164 3144 (Infra
2195 3089 2301 3127 non
2331 3073 2593 3142 repetitur
2618 3073 2853 3145 regnum)
2884 3076 3111 3148 omnium
3140 3077 3360 3135 περαιο-

1768 3178 1882 3216 rum
1912 3173 1998 3217 :et
2014 3163 2294 3216 dominatio
2325 3173 2412 3216 tua
2437 3163 2649 3232 inomni
2671 3165 2993 3236 generatione
3024 3174 3070 3220 et
3102 3171 3358 3239 progenie.

61 3259 209 3314 Deus
230 3263 369 3333 ejus.
420 3257 488 3313 Et
535 3255 653 3313 hac
680 3267 844 3324 sunt,
893 3269 1151 3328 quantum
1195 3257 1431 3314 arbitror
1451 3301 1466 3326 ,
1502 3259 1664 3331 hujus
1690 3264 1734 3327 ρ
1773 3253 1968 3309 Fidelis
1993 3253 2245 3309 Dominus
2286 3255 2338 3309 in
2391 3253 2553 3309 verbis
2580 3255 2707 3321 suis,
2739 3265 2783 3309 et
2812 3267 3019 3312 sanctus
3048 3259 3100 3311 in
3129 3259 3364 3315 omnibus

60 3352 251 3407 szeculi
297 3352 434 3406 bona
477 3351 750 3406 communi
798 3350 1170 3405 universorum
1220 3349 1380 3405 beata
1419 3350 1661 3422 judicio,

58 3460 152 3501 res
180 3443 372 3500 schuli
414 3443 561 3514 loqui
593 3451 755 3513 atque
785 3457 975 3511 agere,
1008 3457 1200 3511 rapere
1230 3451 1320 3496 aut
1359 3459 1540 3498 emere
1566 3443 1664 3498 ho-

63 3553 232 3594 nores
253 3581 270 3606 ,
303 3537 403 3592 sub
436 3536 608 3608 pretio
636 3533 773 3591 falso
803 3535 1067 3590 ditescere
1090 3575 1106 3601 ,
1133 3533 1356 3605 gloriari
1385 3534 1438 3588 in
1466 3533 1663 3591 adulta:

56 3642 238 3691 anatis
283 3633 502 3700 liberis,
539 3649 766 3704 quorum
810 3630 1217 3686 eﬂlorescentes
1258 3629 1383 3685 anni
1429 3630 1663 3686 novella:

55 3727 447 3784 exsultationis
473 3724 726 3781 ﬁrmitate
748 3724 1039 3790 conlidant,
1065 3736 1252 3794 optare
1279 3721 1510 3794 speciosi
1541 3738 1662 3778 cor-

53 3821 208 3891 poris
239 3819 407 3887 tilias,
436 3828 599 3889 atque
629 3833 722 3873 eas
742 3818 796 3874 in
826 3817 1042 3872 modum
1089 3817 1274 3887 templi
1307 3816 1503 3872 damno
1543 3816 1664 3872 iuu-

53 3915 136 3969 tili
189 3913 444 3984 pecunia:
491 3911 726 3984 ingentis
767 3925 1004 3977 ornare,
1057 3909 1422 3982 multiplicatis
1468 3909 1663 3965 horrea

49 4009 334 4065 fructibus
377 4024 670 4078 rumpere,
711 4021 832 4077 quze
863 4013 1147 4074 congestas
1175 4019 1304 4074 opes
1353 4004 1405 4057 in
1447 4020 1663 4074 promp-

48 4104 229 4158 tuaria
259 4102 366 4157 alia
398 4111 622 4171 angusta
655 4099 738 4154 his
759 4098 950 4169 quain
977 4113 1037 4152 se
1063 4096 1370 4150 conduntur
1392 4103 1660 4163 eructeut,

49 4192 354 4265 geminatis
379 4208 593 4264 quoque
622 4198 752 4246 oves
794 4187 991 4244 fetibus
1025 4186 1165 4242 velle
1192 4228 1208 4253 ,
1240 4202 1374 4257 quas
1416 4202 1663 4257 egressas

48 4289 247 4344 nullus
277 4285 408 4340 fera:
436 4300 694 4340 occursus
726 4280 1029 4347 imminuat,
1059 4278 1317 4336 delectari
1349 4278 1510 4332 boum
1540 4293 1666 4332 suo-

49 4397 177 4436 rum
227 4378 458 4449 sagina,
532 4377 891 4447 circumsepta
949 4374 1112 4430 etiam
1167 4371 1452 4427 domorum
1510 4369 1660 4428 ﬁrma

47 4470 342 4543 praebere,
371 4483 438 4524 ne
469 4466 784 4524 transeundi
811 4481 908 4535 per
936 4480 997 4522 ea
1023 4465 1272 4536 cuiquam
1299 4464 1370 4519 sit
1391 4474 1661 4534 potestas;

48 4580 165 4619 non
198 4562 361 4627 ﬂere,
392 4576 498 4616 non
531 4559 736 4632 lugere,
770 4574 876 4614 non
904 4573 1145 4630 gemere,
1176 4555 1268 4612 sed
1301 4573 1560 4628 prospero
1588 4556 1665 4614 fe-

1771 3345 1935 3416 (lnlra
1956 3345 2170 3401 additur
2197 3345 2464 3418 aperibus)
2492 3347 2616 3402 suis.
2658 3346 2941 3418 Suffulciet
2969 3348 3222 3406 Dominus
3249 3369 3362 3405 om-

1767 3456 1855 3497 nes
1883 3442 1967 3512 qui
1998 3452 2241 3496 corruunt
2270 3439 2452 3514 (Infra,
2473 3438 3000 3511 su/fulcit,ruunt),et
3026 3442 3233 3515 corrigit
3257 3441 3368 3514 (In-

1768 3533 1870 3601 ira,
1895 3535 2062 3606 erigit)
2087 3551 2259 3590 omnes
2284 3536 2455 3590 elisos.
2488 3534 2637 3590 Oculi
2668 3536 2895 3590 omnium
2915 3533 2969 3591 in
2999 3547 3046 3591 te
3067 3549 3290 3610 sperant,
3316 3551 3364 3595 et

1768 3625 1861 3680 das
1883 3624 2074 3699 (Infra,
2107 3624 2323 3680 Domine
2351 3637 2398 3680 et
2423 3637 2474 3681 tu
2498 3624 2612 3699 das)
2641 3644 2808 3682 escam
2829 3627 3036 3683 illorum
3064 3627 3116 3684 in
3139 3639 3365 3702 tempore

1768 3728 2076 3791 opportuno.
2110 3719 2290 3792 Aperis
2316 3729 2370 3773 tu
2396 3737 2608 3773 manum
2639 3731 2796 3788 tuam,
2832 3732 2879 3775 et
2927 3721 3110 3791 imples
3162 3739 3362 3776 omnem

1765 3815 1989 3869 animam
2014 3815 2347 3888 bcneplacito.
2378 3815 2560 3871 Justus
2590 3814 2842 3870 Dominus
2891 3818 2943 3870 in
2982 3817 3219 3872 omnibus
3266 3815 3362 3872 viis

1766 3907 1871 3960 suis
1896 3923 1914 3960 :
1937 3915 1984 3960 et
2015 3918 2221 3960 sanctus
2261 3908 2313 3960 in
2369 3906 2600 3961 omnibus
2648 3907 2884 3976 Operibus
2913 3907 3040 3962 suis.
3077 3907 3248 3979 Prope
3289 3919 3364 3963 est

1768 4002 2019 4057 Dominus
2073 4007 2303 4059 onmibus
2327 4003 2492 4077 (Infra
2520 4005 2673 4061 abest
2726 4008 2986 4077 omnibus)
3013 4007 3364 4064 invocantibus

1766 4113 1902 4160 eum,
1929 4096 2163 4150 omnibus
2184 4098 2533 4152 invocantibus
2562 4114 2677 4151 eum
2706 4097 2759 4151 in
2787 4097 3007 4152 veritate.
3035 4096 3360 4150 Voluntatem

1768 4190 2050 4244 timentium
2071 4207 2123 4243 se
2139 4189 2265 4261 facit
2292 4188 2476 4262 (Inl'ra,
2503 4189 2655 4260 facie;
2680 4189 2716 4258 ),
2766 4201 2809 4242 et
2857 4189 3140 4242 orationem
3189 4205 3363 4242 eorum

1767 4283 2022 4345 exaudiet,
2042 4290 2088 4336 et
2115 4282 2281 4336 salvos
2313 4283 2460 4354 faciet
2489 4299 2595 4337 eos.
2629 4279 2888 4336 Custodiet
2910 4279 3160 4336 Dominus
3187 4297 3362 4338 omnes

1768 4374 2033 4446 diligentes
2059 4371 2242 4444 (Infra,
2261 4373 2478 4428 custodit
2501 4373 2640 4428 Deus
2663 4373 2951 4445 diligentes)
2969 4373 3156 4445 ipsum,
3185 4383 3231 4428 et
3253 4391 3363 4428 om-

1769 4486 1856 4524 nes
1887 4477 2178 4540 peccatores
2204 4467 2478 4543 disperdet.
2509 4467 2879 4525 Laudationem
2907 4465 3003 4522 Dei
3029 4465 3216 4540 (Iulra,
3251 4465 3360 4521 Do-

1771 4563 1919 4633 mini)
1947 4563 2178 4634 loquetur
2206 4581 2260 4619 os
2287 4581 2451 4620 meum
2476 4605 2490 4630 ,
2523 4575 2568 4618 et
2609 4563 2870 4618 benedicat
2914 4562 3077 4615 omnis
3105 4578 3227 4617 caro
3268 4577 3360 4615 no-

46 4658 290 4714 licitatis
342 4671 456 4710 sua:
512 4670 674 4710 cursu
724 4653 867 4710 nulla
906 4653 1148 4710 adversa:
1187 4651 1507 4708 calamitatis
1550 4668 1666 4708 mo—
1691 4660 1745 4720 Β
1772 4674 1886 4712 men
1912 4668 2145 4712 sanctum
2172 4658 2280 4724 ejus
2309 4657 2362 4713 in
2393 4657 2635 4712 swculum
2664 4665 2710 4710 et
2739 4657 2791 4709 in
2822 4654 3066 4709 saxulum
3093 4653 3287 4709 servuli.

45 4753 214 4808 lestia
265 4748 537 4820 impediri.
569 4749 796 4805 Beatum
840 4745 980 4802 hunc
1025 4747 1278 4819 populum
1321 4751 1406 4802 cui
1438 4747 1551 4802 haec
1577 4761 1664 4800 es-

42 4855 179 4900 sent
211 4843 480 4898 dixerunt
526 4859 538 4895 :
571 4839 668 4896 sed
703 4839 970 4910 Propheta
999 4839 1099 4894 scit
1131 4839 1318 4895 falsam
1359 4856 1482 4895 esse
1507 4837 1666 4910 hujus

46 4935 426 4994 beatitudinis
465 4933 798 5004 opinionem.
821 4931 961 5002 Quid
997 4931 1142 4986 enim
1171 4931 1287 4986 haec
1339 4942 1416 4987 tot
1439 4943 1490 4986 et
1522 4942 1666 4988 tanta

40 5029 252 5088 saeculi
280 5027 419 5081 bona
441 5023 504 5082 ad
530 5025 717 5092 vitam,
741 5041 861 5096 qua:
891 5035 1065 5080 morte
1087 5025 1476 5096 intercipienda
1497 5036 1663 5093 esset,

44 5118 399 5192 acquireut?
426 5116 494 5172 Et
516 5117 638 5173 i'deo
663 5118 750 5189 qui
780 5116 1004 5188 populus
1033 5117 1220 5174 beatus
1241 5129 1405 5182 esset,
1430 5119 1667 5174 ostendit

43 5215 279 5277 dicens,
305 5207 496 5267 Beatus
517 5213 740 5284 populus
759 5213 910 5285 cujus
935 5207 1184 5264 Dominus
1209 5209 1344 5265 Deus
1366 5213 1498 5283 ejus.
1525 5211 1667 5269 Deus

41 5307 146 5364 ille
183 5303 487 5370 Dominus,
519 5303 610 5375 qui
646 5317 767 5359 cum
793 5302 1073 5374 superiora
1104 5302 1220 5358 haec
1250 5311 1462 5358 terrena
1521 5320 1664 5374 pra:-

127 5501 217 5574 (a)
265 5498 424 5566 Bad.,
465 5498 558 5554 Er.
584 5497 824 5574 _et_Lips.
868 5499 1213 5574 conditionem
1239 5514 1257 5554 :
1283 5499 1424 5570 quod
1455 5505 1511 5574 et
1541 5513 1680 5571 prae-

49 5569 204 5632 tul'it'
228 5580 502 5638 postrema
531 5570 696 5624 editio
734 5570 865 5642 Par.
917 5569 1230 5642 Retinemus
1257 5569 1377 5626 cum
1409 5569 1579 5642 prima
1625 5581 1682 5626 et

47 5660 167 5702 ms.
208 5642 655 5708 conjunctionem,
695 5641 745 5694 id
788 5651 890 5702 εει,
926 5641 1281 5708 socielalem;
1315 5643 1392 5698 sic
1414 5641 1562 5696 enim
1594 5643 1687 5697 ha-

51 5719 240 5772 betur
290 5714 342 5765 in
373 5714 505 5781 psal.
542 5726 707 5775 van,
737 5726 791 5763 n.
828 5710 895 5764 57
927 5728 939 5764 :
966 5710 1222 5783 Mirabitis
1262 5729 1379 5783 ergo
1407 5715 1459 5766 in
1501 5715 1688 5768 sanctis

58 5789 224 5844 Deus
260 5793 356 5848 est,
396 5797 522 5854 quos
550 5798 665 5854 cum
688 5797 779 5836 con
789 5784 974 5853 formes
1002 5781 1180 5854 gloria:
1205 5781 1431 5853 corp—oris
1455 5786 1533 5839 sui
1559 5790 1691 5853 fece-

62 5861 168 5928 rit,
207 5869 310 5926 per
332 5871 384 5910 se
410 5851 502 5923 qui
533 5851 903 5920 mediator'est,
932 5855 1086 5907 etiam
1111 5851 1164 5907 in
1193 5851 1436 5913 unitatem
1467 5851 1692 5928 paternis

2198 4745 2611 4817 Tnscrnus
2663 4743 2931 4802 l‘SALMI.

1848 4843 1898 4896 1.
1931 4840 2162 4897 Christus
2191 4842 2286 4896 hoc
2313 4842 2510 4912 psalmo
2546 4841 2750 4894 nomine
2787 4838 2953 4894 David
2997 4837 3258 4893 laudatur.
3290 4864 3362 4875 —

1775 4936 2066 4993 Absolutus
2094 4946 2175 4993 est
2218 4937 2467 4991 Psalmus
2490 4977 2504 5002 ,
2541 4935 2634 4989 Dei
2676 4944 2880 4992 tantum
2911 4933 3157 4990 laudibus
3197 4947 3358 4988 occu-

1774 5039 1950 5100 patus.
1982 5030 2087 5085 Sed
2123 5038 2178 5084 et
2210 5030 2392 5084 titulus
2433 5031 2548 5099 ipse
2579 5029 2747 5084 solam
2773 5031 3040 5086 contineri
3068 5029 3121 5084 in
3149 5027 3358 5098 psalmo

1775 5121 2206 5191 praedicationem
2232 5122 2321 5176 Dei
2345 5119 2553 5176 edocet.
2579 5119 2806 5188 Adjecto
2832 5129 3032 5188 autem,
3059 5117 3355 5175 secundum

1773 5211 2064 5281 graecitatis
2091 5211 2558 5279 consuetudinem,
2589 5228 2731 5266 nunc
2756 5227 2968 5284 quoque
2999 5220 3056 5266 ut
3077 5213 3129 5267 iu
3151 5210 3362 5268 creteris

1775 5304 1895 5360 aliis
1929 5305 2250 5376 pronomine
2275 5347 2290 5371 ,
2321 5306 2561 5362 ostendit
2591 5306 2738 5361 illum
2772 5307 2939 5362 David
2981 5306 3086 5362 isto
3115 5305 3366 5360 laudante

1794 5504 2074 5579 mnjeslalis
2113 5514 2379 5562 assumet:
2408 5507 2529 5562 dum
2572 5517 2619 5562 et
2656 5509 2709 5562 in
2752 5524 2809 5563 eo
2836 5522 2925 5579 per
2951 5518 3186 5564 naturam
3217 5506 3376 5568 Pater

1797 5585 1972 5649 est,_et
1997 5578 2090 5649 ille
2114 5593 2318 5630 rursum
2340 5596 2428 5649 per
2457 5580 2747 5633 societatem
2773 5578 2940 5634 carnis
2966 5582 3016 5634 in
3039 5581 3182 5634 nobis
3208 5591 3302 5636 est.

1870 5645 1944 5722 (b)
1987 5648 2279 5722 Singularis
2333 5645 2415 5704 est
2456 5649 2571 5704 lucc
2619 5650 2856 5722 clau5ula
2905 5667 3000 5720 per
3037 5651 3376 5722 doxologiam

1810 5715 1971 5773 totius
1999 5715 2299 5784 Trinitatis,
2348 5735 2466 5775 cum
2516 5720 2697 5775 cmtcri
2743 5715 3000 5779 tracta-tus
3045 5721 3212 5778 solius
3237 5715 3381 5783 'lt‘ilii

1794 5787 2168 5848 benedictione
2192 5791 2368 5848 claudi
2393 5791 2623 5848 'soleant.
