3896 6336
520 356 634 412 855

1736 347 1982 408 SANCTI
2009 348 2265 408 HlLARll
2301 347 2604 407 EPISCOPI

3703 352 3795 410 856

524 472 759 529 laudari.
791 472 859 528 Et
899 470 1020 542 quis
1045 468 1136 525 hic
1172 469 1281 534 sit,
1313 481 1470 538 quem
1514 467 1748 540 psalmus
1775 468 1864 525 hic
1891 469 2114 537 laudet,
2143 472 2192 534 Α
2223 470 2382 526 Patre
2410 469 2617 525 laudari
2653 487 2668 524 :
2695 477 2750 526 et
2785 484 2908 526 cum
2931 485 2999 526 ex
3031 468 3364 526 substantia:
3385 468 3720 527 similitudine
3742 488 3795 530 ac

524 567 771 624 clamant
798 565 1032 622 omnium
1060 573 1363 634 temporum
1391 577 1579 618 omnes
1604 563 1922 634 prophetiae,
1943 573 2001 619 ut
2025 565 2112 620 hic

530 661 650 730 ipse
676 659 942 728 Propheta
973 673 1118 727 smpe
1147 657 1215 713 de
1240 672 1306 713 eo
1330 657 1402 710 ita
1433 666 1766 712 contestatus
1793 666 1878 712 est
1909 675 1921 711 :
1951 656 2113 712 Sedes

528 763 618 806 tua
655 751 797 806 Deus
840 752 895 804 in
935 751 1180 805 sarculum
1216 749 1394 804 saeculi
1415 790 1432 814 ,
1463 751 1604 820 virga
1631 750 1883 820 tequitatis
1908 791 1922 816 ,
1949 749 2110 823 621

522 845 670 914 virga
692 843 939 913 regnitui.
957 841 1200 896 Dilexisti
1217 841 1501 909 justitiam,
1524 850 1570 896 et
1587 842 1740 895 odisti
1764 842 2113 912 iniquitatem;

525 944 796 1008 prapterea
820 935 968 989 unxit
987 943 1053 1001 te,
1079 933 1237 997 Deus,
1256 931 1397 988 Deus
1419 932 1706 1004 tuus(Psal.
1733 949 1880 999 κων,
1904 933 1936 987 7
1959 975 1973 997 ,
2031 932 2111 1005 8).

523 1027 593 1082 Et
634 1042 847 1081 rursum
878 1043 891 1080 :
922 1023 992 1079 Et
1023 1025 1311 1080 adorabunt
1331 1041 1445 1081 eum
1480 1041 1654 1080 omnes
1674 1041 1834 1096 reges,
1875 1035 1921 1078 et
1947 1041 2119 1079 omnes

522 1127 696 1190 gentes
717 1119 931 1173 servient
948 1119 1012 1174 ei.
1032 1118 1145 1173 Erit
1163 1137 1342 1175 nomen
1359 1119 1474 1187 eius
1492 1120 1808 1174 benedictum
1829 1118 1882 1172 in
1903 1118 2114 1186 swcula,

523 1218 644 1264 ante
665 1211 822 1266 solem
848 1219 1110 1282 permanet
1137 1228 1317 1266 nomen
1341 1215 1478 1285 ejus.
1507 1210 1573 1265 Et
1598 1210 1954 1266 benedicentur
1980 1212 2034 1264 in
2060 1227 2120 1266 eo

528 1319 702 1358 omnes
741 1303 899 1358 tribus
931 1312 1080 1359 terra:
1107 1346 1122 1369 ,
1156 1321 1329 1360 omnes
1357 1315 1527 1376 gentes
1559 1305 1959 1377 magni/icabunt
2005 1321 2122 1360 eum

527 1397 652 1469 (Ps.
712 1415 854 1465 Lxxt,
899 1401 957 1454 ll
993 1442 1007 1464 ,
1041 1399 1152 1472 l7).
1183 1399 1350 1470 Hujus
1385 1401 1545 1469 igitur
1585 1400 1702 1454 laus
1726 1409 1972 1455 cantatur
2020 1399 2120 1454 hoc

530 1492 760 1562 psalmo,
791 1508 857 1547 ex
897 1492 1049 1562 cujus
1085 1507 1315 1563 persona
1356 1493 1564 1548 dictum
1615 1493 1982 1558 meminimus,
2011 1491 2121 1563 Ego

523 1597 696 1640 autem
743 1588 1050 1641 constitutus
1095 1603 1207 1640 sum
1235 1602 1327 1641 rex
1345 1586 1407 1639 ab
1439 1603 1497 1640 eo
1524 1603 1678 1657 super
1723 1585 1853 1642 Sion
1900 1595 2124 1640 montem

523 1687 760 1732 sanctum
779 1679 906 1745 eius.
923 1677 1175 1733 Dominus
1201 1677 1330 1730 dixit
1355 1677 1422 1730 ad
1449 1693 1549 1744 me,
1573 1675 1744 1730 Filius
1773 1693 1915 1730 meus
1966 1693 2018 1730 es
2045 1686 2121 1743 tu,

529 1785 628 1841 ego
656 1768 809 1824 hodie
832 1773 989 1842 genui
1012 1779 1080 1825 te.
1108 1769 1266 1824 Posce
1290 1787 1323 1824 a
1345 1785 1446 1833 me,
1473 1779 1521 1823 et
1551 1768 1684 1824 dabo
1712 1769 1799 1824 tibi
1822 1779 1995 1840 gentes
2020 1769 2124 1824 hce-

2219 567 2552 637 proprietate
2579 575 2786 621 natura:
2813 566 2950 621 alter
2979 566 3034 620 in
3061 566 3245 620 altero
3274 564 3367 629 sil,
3399 573 3454 620 et
3480 565 3634 621 ambo
3651 583 3796 626 unum

2215 662 2342 728 sint,
2372 669 2430 718 et
2471 662 2560 732 qui
2591 661 2728 716 vidit
2759 661 2994 734 Patrem,
3027 659 3218 715 videat
3242 668 3296 715 et
3325 658 3543 726 Filium,
3576 660 3792 732 (subaad.

2217 756 2530 811 meminisse
2568 753 2851 826 debemus)
2893 768 3002 809 non
3051 752 3283 808 diil'erre
3333 752 3453 822 quis
3496 769 3566 808 ex
3611 753 3792 811 dnolms

2217 846 2429 902 laudari
2458 847 2841 912 existimetur;
2889 862 3011 901 cum
3041 855 3337 916 utrumque
3376 845 3480 899 sibi
3520 845 3736 902 invicem
3757 859 3795 903 et

2218 939 2436 994 virtutis
2465 949 2628 1008 atque
2654 954 2876 1009 operum
2899 937 3220 1002 similitudo,
3252 945 3311 991 et
3335 935 3683 993 iudiﬂ‘ercntis
3723 955 3796 993 na.

2221 1040 2356 1087 turze
2375 1047 2441 1087 ex
2461 1032 2625 1104 622
2651 1033 2807 1088 Patre
2831 1032 2943 1088 Deo
2969 1032 3151 1102 genita
3182 1040 3238 1088 et
3267 1031 3412 1086 Filio
3445 1031 3558 1086 Deo
3586 1043 3700 1087 nats
3734 1033 3796 1088 di-

2223 1125 2420 1182 vinitas
2445 1141 2610 1180 unum
2640 1140 2739 1182 eos
2761 1141 2884 1181 esse
2909 1133 3157 1181 testetur.

2292 1219 2347 1273 Α.
2388 1215 2455 1272 1η
2489 1235 2573 1274 eos
2615 1220 2701 1285 qui
2749 1216 2848 1272 Dei
2877 1219 3252 1288 providentiam
3299 1226 3392 1272 aut
3437 1218 3624 1273 anima:
3649 1231 3796 1289 nega-st

2221 1309 2682 1366 immortalitatem.
2734 1339 2806 1350 —
2857 1309 3082 1380 Coeptus
3123 1324 3253 1379 ergo
3307 1310 3379 1363 ita
3433 1307 3675 1378 psalmus
3717 1325 3795 1377 est,

2227 1399 2392 1456 Vens.
2427 1402 2451 1454 l
2483 1409 2539 1457 et
2564 1401 2599 1454 2
2639 1420 2652 1457 :
2701 1400 2958 1455 Exaltabo
2986 1411 3034 1456 te
3057 1400 3197 1456 Deus
3224 1417 3368 1455 meus
3395 1409 3448 1455 et
3475 1417 3572 1454 re:
3600 1418 3743 1460 meas,
3766 1413 3797 1456 et

2227 1491 2524 1546 benedicam
2559 1509 2740 1548 nomen
2770 1503 2916 1547 tuum
2946 1494 3000 1547 in
3027 1495 3273 1548 saeculum
3304 1503 3350 1548 et
3383 1493 3442 1548 in
3471 1495 3708 1547 malum
3731 1511 3798 1547 es-

2227 1584 2348 1640 culi.
2376 1583 2482 1639 Per
2511 1585 2742 1656 singulos
2769 1586 2877 1640 dies
2909 1584 3201 1640 benedicam
3219 1595 3287 1653 te,
3317 1594 3368 1640 et
3401 1585 3633 1640 laudabo
3652 1604 3797 1640 nomen

2230 1687 2374 1733 tuum
2400 1679 2454 1732 in
2474 1681 2718 1733 swculum
2748 1686 2794 1732 et
2823 1679 2875 1733 in
2902 1681 3147 1733 saeculum
3177 1680 3376 1734 steculi.
3411 1679 3576 1734 Ratio
3601 1689 3652 1734 et
3669 1681 3797 1736 vim

2229 1771 2560 1842 pr0pheticm
2615 1771 3090 1842 magniloquentia:
3142 1787 3239 1844 per
3278 1775 3557 1829 intentam
3589 1774 3796 1829 audiusﬂ

531 1861 803 1916 reditatem
848 1871 1008 1929 tuam,
1054 1870 1101 1916 et
1126 1862 1494 1934 possessionem
1524 1871 1666 1915 tuam
1698 1862 1938 1916 terminos
1960 1871 2125 1916 terra).
2159 1873 2207 1932 Β
2234 1864 2566 1935 diligentiam
2597 1864 2870 1919 noscenda
2899 1873 3000 1920 est.
3023 1864 3117 1920 Ait
3138 1867 3284 1920 enim
3314 1864 3614 1920 :Exallabo
3638 1865 3796 1920 teDm

525 1952 695 2024 Reges
723 1970 808 2008 eos
846 1955 899 2007 in
928 1955 1070 2026 virga
1097 1955 1266 2024 ferrea
1308 1953 1424 2026 (Ps.
1481 1970 1540 2020 ιι,
1567 1953 1601 2008 6
1645 1961 1692 2008 et
1743 1955 1932 2024 seqq.).
1958 1953 2128 2028 Cujus

524 2045 679 2115 regni
703 2045 1096 2114 perennitatem
1120 2046 1308 2100 Daniel
1331 2046 1400 2099 ita
1423 2052 1757 2100 contestatus
1779 2053 1885 2111 est,
1908 2046 2125 2102 dicens:

527 2135 605 2190 Et
624 2138 675 2190 in
698 2137 875 2192 diebus
893 2141 1105 2211 regnum
1123 2137 1332 2192 illorum
1351 2137 1590 2194 excitabit
1611 2137 1754 2193 Deus
1777 2138 1888 2193 caeli
1916 2155 2129 2211 regnum

526 2228 696 2295 aliud,
711 2230 846 2299 quod
867 2245 1149 2301 numquam
1175 2240 1531 2302 corrumpetur
1557 2248 1716 2302 usque
1742 2233 1795 2285 in
1816 2232 2026 2298 sarcula,
2051 2248 2131 2286 reo

527 2339 789 2395 gnumque
815 2325 926 2395 ejus
951 2324 1103 2379 alteri
1115 2329 1423 2396 populonon
1448 2325 1762 2394 relinquetur
1785 2341 1802 2380 :
1825 2327 2133 2381 comminuet

530 2425 582 2470 et
602 2417 860 2471 ventilabit
881 2419 1052 2472 omnia
1072 2434 1252 2489 regna,
1277 2428 1322 2472 et
1342 2419 1434 2473 hoc
1450 2435 1660 2493 regnum
1676 2419 2131 2494 (subaud.,stabil)

530 2508 588 2561 in
605 2516 850 2562 ceternum
865 2506 1216 2580 (Dan.tt,u).
1233 2508 1299 2564 Et
1313 2525 1558 2581 rursum:
1578 2508 1645 2563 Et
1657 2527 1772 2566 ecce
1791 2528 1904 2566 cum
1917 2513 2134 2568 nubibus

535 2602 670 2669 cteli,
701 2604 834 2658 sicut
863 2605 1001 2674 [ilius
1027 2605 1248 2660 hominis
1274 2606 1503 2674 ueniens,
1534 2616 1580 2661 et
1606 2623 1770 2678 usque
1794 2608 1864 2662 ad
1883 2619 2134 2664 vetustum

534 2698 735 2751 dierum
764 2698 1011 2769 pervenit,
1043 2705 1091 2751 et
1117 2697 1323 2752 oblatus
1355 2707 1429 2753 est
1457 2698 1524 2762 ei,
1555 2708 1604 2752 et
1640 2699 1790 2753 datus
1821 2709 1893 2754 est
1921 2684 1975 2755 ei
1993 2703 2137 2774 prin-

536 2791 735 2860 cimtus
759 2797 806 2843 et
829 2790 994 2844 honor
1014 2799 1062 2844 et
1089 2807 1299 2863 regnum
1328 2807 1346 2844 :
1374 2801 1423 2845 et
1452 2806 1627 2846 omnes
1667 2794 1873 2865 populi,
1901 2795 2062 2850 tribus
2089 2808 2136 2853 et

537 2883 731 2953 lingua:
749 2883 965 2936 servient
981 2883 1047 2950 ei,
1073 2893 1120 2936 et
1146 2891 1368 2952 potestas
1381 2883 1492 2952 ejus
1513 2894 1737 2955 potestas
1759 2897 2004 2958 perpetua
2021 2905 2136 2960 qua:

537 2989 816 3043 numquam
839 2975 1074 3028 transibit
1098 3015 1114 3041 ,
1145 2984 1194 3027 et
1221 2990 1436 3044 regnum
1477 2978 1588 3048 ejus
1625 2994 1727 3032 non
1781 2991 2137 3052 corrumpetur

542 3060 708 3137 (Dan.
738 3079 834 3131 vn,
867 3065 955 3133 l3,
991 3064 1101 3137 14).
1136 3065 1234 3120 Hic
1255 3066 1419 3135 igitur
1446 3083 1544 3123 rex
1585 3070 1831 3126 laudatur
1875 3088 1972 3143 per
2013 3075 2134 3146 ista,

541 3173 665 3228 quae
679 3157 889 3229 psalmo
915 3157 1260 3215 continentur
1281 3177 1294 3214 :
1312 3159 1569 3217 Exaltabo
1593 3173 1640 3217 te
1653 3162 1795 3218 Deus
1819 3182 1962 3222 meus
1979 3180 2027 3222 et
2047 3186 2139 3224 rex

2233 1973 2374 2010 meus
2403 1966 2448 2009 et
2477 1971 2569 2009 rex
2595 1971 2756 2009 meus.
2796 1955 2945 2010 Multi
2981 1955 3145 2011 Deum
3177 1971 3276 2027 per
3301 1972 3391 2024 ea,
3424 1973 3551 2027 qua:
3581 1957 3634 2011 in
3661 1960 3797 2027 operi-

2232 2046 2333 2102 bus
2361 2046 2544 2102 mundi
2597 2046 2666 2102 ab
2715 2063 2782 2102 eo
2839 2043 3430 2120 instituti‘COgnitioni
3471 2056 3673 2104 nostrae
3709 2061 3795 2102 sunt

2233 2139 2496 2210 subjecta,
2555 2137 2901 2210 magniﬁcam
2949 2155 2963 2195 :
3015 2139 3112 2196 sed
3151 2141 3309 2210 pauci
3340 2149 3497 2207 sunt,
3529 2143 3618 2210 qui
3662 2155 3797 2210 regem

2211 2231 2336 2287 'sibi
2387 2231 2625 2286 futurum
2663 2233 2830 2289 velint
2883 2232 3127 2298 credere,
3178 2232 3311 2287 dum
3354 2242 3455 2288 aut
3509 2246 3684 2288 curam
3733 2248 3797 2285 ne-

2233 2332 2362 2395 gant
2393 2323 2469 2395 (a)
2501 2323 2861 2380 humanorum
2891 2339 3116 2396 operum
3149 2325 3262 2380 Deo
3303 2338 3456 2390 esse,
3491 2333 3588 2380 aut
3615 2325 3674 2379 ad
3703 2340 3798 2379 caa-

2236 2420 2518 2476 solandam
2541 2436 2728 2478 eorum
2767 2437 2888 2493 qum
2939 2421 3102 2492 impie
3149 2430 3384 2493 egerunt
3434 2422 3796 2483 conscientiam,

2237 2522 2565 2583 praesumpta
2587 2514 2783 2569 anima:
2810 2521 2866 2569 et
2891 2514 3133 2584 corporis
3173 2513 3482 2570 abolitione
3502 2555 3518 2579 ,
3557 2513 3726 2569 nolunt
3744 2513 3798 2567 di-

2239 2613 2418 2666 vinum
2451 2611 2506 2666 in
2538 2611 2711 2668 bonos
2740 2622 2795 2667 et
2816 2612 2986 2667 malos
3011 2610 3372 2669 constitutum
3403 2623 3532 2666 esse
3567 2608 3795 2682 judicium.

2241 2703 2348 2762 Sed
2389 2703 2652 2775 propheta
2694 2704 2822 2760 hinc
2850 2704 3181 2776 praedicandi
3222 2706 3317 2761 Dei
3345 2705 3520 2762 sumit
3547 2703 3795 2764 exordium.

2241 2795 2382 2867 quod
2410 2797 2511 2852 sibi
2539 2812 2633 2851 rex
2663 2796 2752 2852 sit.
2785 2797 2891 2854 Sed
2919 2808 2972 2853 et
3003 2812 3145 2853 nunc
3175 2798 3399 2868 quidem
3457 2811 3655 2852 nomen
3693 2794 3793 2863 ejus,

2239 2887 2331 2958 qui
2363 2886 2463 2942 sibi
2490 2903 2582 2943 rex
2612 2897 2773 2959 atque
2813 2890 2951 2945 Deus
2983 2890 3074 2956 sit,
3098 2889 3170 2944 ob
3191 2890 3658 2959 exspectationem
3681 2889 3790 2957 regni

2241 2979 2532 3047 benedicit,
2553 2996 2674 3036 cum
2720 2983 2796 3036 ait
2833 3001 2845 3035 :
2874 2980 3184 3038 Benedicam
3209 2998 3398 3037 nomen
3429 2992 3580 3036 tuum
3604 2985 3653 3034 in
3674 2996 3793 3034 sea-

2241 3071 2368 3126 lum.
2403 3071 2509 3128 Sed
2554 3073 2677 3143 quia
2707 3073 2808 3129 scit
2837 3087 2896 3129 se
2937 3075 3164 3145 gratiam
3219 3074 3332 3130 Deo
3363 3062 3534 3145 atque
3580 3079 3678 3144 τῷ
3709 3087 3792 3139 ξω,

2240 3166 2402 3222 etiam
2433 3175 2544 3221 tum
2575 3181 2697 3222 cum
2740 3168 2790 3223 in
2828 3182 2995 3238 regno
3035 3167 3155 3238 ejus
3183 3179 3431 3234 maneat,
3463 3169 3686 3231 debere;
3707 3167 3791 3237 φάε

539 3267 713 3306 meus:
733 3262 784 3307 et
801 3266 897 3322 per
914 3251 1064 3318 illud,
1090 3251 1275 3307 Sancti
1289 3254 1364 3308 tui
1384 3255 1768 3327 conﬁtebuntur
1785 3260 1896 3324 tibi,
1916 3262 2136 3334 gloriam
2161 3257 2208 3321 C
2241 3256 2512 3313 (lemmata
2548 3258 2737 3314 CadUCi
2766 3259 3009 3330 corporis
3035 3260 3115 3314 SUi
3143 3260 3488 3330 inﬁrmitate,
3521 3261 3793 3333 ειεριιιεθαδξ

538 3344 684 3416 regni
705 3344 779 3397 tui
805 3343 993 3409 dicent,
1022 3354 1070 3399 et
1089 3346 1365 3417 potentiam
1383 3357 1524 3402 tuam
1543 3349 2031 3421 loquentur.Notam
2057 3356 2138 3424 {a-

539 3436 676 3490 ciant
692 3435 816 3506 ﬁliis
839 3437 1105 3490 hominum
1128 3440 1406 3506 potentiam
1432 3449 1592 3508 tuam,
1621 3451 1672 3497 et
1694 3443 1918 3514 gloriam
1935 3446 2140 3524 Imagni-

540 3527 760 3598 ﬁcentiw
784 3529 929 3599 regni
949 3530 1046 3582 tui.
1070 3529 1306 3600 Regnum
1323 3542 1465 3585 tuum
1484 3549 1697 3604 regnum
1725 3537 1955 3590 omnium
1977 3553 2140 3593 saecu-

541 3618 711 3672 lorum
735 3659 750 3684 ,
782 3629 828 3673 et
861 3619 1145 3674 dominatio
1175 3630 1264 3674 tua
1301 3622 1358 3675 in
1384 3625 1524 3677 omni
1566 3628 1892 3696 generatione
1936 3639 1984 3683 et
2017 3645 2140 3699 pro-

541 3727 707 3781 genie.

613 3804 669 3858 2.
697 3803 798 3859 Dei
818 3805 888 3859 ad
906 3805 1296 3861 admirationem
1318 3808 1800 3867 instituimur.—Et
1814 3829 2137 3884 quamquam

540 3897 631 3954 bic
659 3898 728 3955 ob
758 3899 950 3954 aeterni
978 3901 1128 3971 regni
1153 3901 1405 3971 gloriam,
1434 3919 1542 3974 qua
1567 3908 1768 3962 sanctis
1796 3923 2138 3982 conregnan-

539 3993 683 4050 tibus
710 3993 826 4064 ipse
862 3993 1131 4065 regnabit,
1170 3995 1289 4051 laus
1319 3997 1432 4051 Deo
1480 3999 1759 4069 propheta:
1795 4002 2138 4064 confessione

538 4096 816 4154 cantetur;
851 4096 1031 4144 tamen
1058 4087 1130 4144 ita
1165 4089 1492 4148 laudationis
1524 4093 1696 4164 ipsius
1722 4099 1861 4152 ratio
1906 4110 1960 4155 et
2001 4102 2136 4158 ordo

536 4179 830 4251 dispositus
857 4189 958 4248 est,
994 4189 1056 4236 ut
1075 4197 1158 4247 ea,
1191 4198 1312 4254 quae
1339 4185 1407 4240 de
1427 4201 1493 4241 eo
1522 4187 1664 4243 dicta
1695 4199 1841 4258 sunt,
1875 4206 1940 4247 ex
1973 4207 2134 4247 sensu

536 4273 842 4327 communis
867 4272 1242 4344 intelligentia:
1271 4276 1637 4345 prtedicentur
1667 4299 1681 4336 :
1715 4290 1773 4336 ut
1801 4283 1854 4338 in
1877 4272 2134 4354 quantum

536 4363 757 4417 humani
788 4367 1055 4420 sermonis
1086 4368 1423 4424 consuetudo
1452 4373 1737 4443 permittit,
1766 4374 1835 4430 de
1871 4375 2134 4433 immensa

534 4453 625 4508 illa
654 4463 710 4509 et
751 4456 1285 4528 incomprehensibili
1333 4461 1426 4518 Dei
1473 4471 1684 4533 natura,
1736 4466 1864 4523 licet
1913 4485 2021 4524 non
2067 4471 2134 4526 ad

535 4544 830 4614 perfectam
861 4550 1184 4620 cognitionis
1218 4551 1524 4619 veritatem,
1557 4564 1736 4611 tamen
1786 4558 1854 4614 ad
1899 4559 2134 4615 admira-

2243 3349 2478 3406 inimicm
2525 3355 2714 3406 mortis
2740 3352 2990 3422 imperio,
3024 3352 3136 3422 regi
3163 3367 3266 3408 suo
3295 3353 3600 3410 conformis
3627 3363 3676 3408 et
3691 3366 3790 3408 o3:-

2245 3453 2427 3500 ternus
2449 3445 2672 3500 adsistat
2705 3462 2720 3500 :
2747 3445 2967 3515 adjecit,
2997 3455 3044 3499 et
3071 3447 3126 3500 in
3145 3446 3396 3501 sceculum
3429 3447 3628 3513 seaculi,
3655 3445 3699 3501 id
3721 3455 3789 3504 est

2243 3537 2298 3593 in
2320 3537 2410 3592 illo
2447 3539 2666 3608 saeculo,
2714 3554 2842 3609 quo,
2901 3539 3087 3594 babitu
3116 3540 3308 3594 sceculi
3352 3539 3521 3610 hujus
3571 3550 3784 3608 exempta,

2245 3628 2320 3702 (b)
2343 3630 2454 3699 jam
2513 3639 2570 3685 ut
2599 3631 2854 3687 saeculum
2880 3631 3063 3688 szcculi
3091 3672 3106 3699 ,
3151 3632 3482 3689 aeternitatis
3505 3634 3787 3690 successisse

2260 3724 2627 3780 renovabitur.

2312 3815 2368 3871 5.
2408 3815 2786 3872 Benedictionis
2806 3828 2854 3873 et
2881 3818 3050 3873 laudis
3070 3817 3376 3872 discrimen.
3412 3815 3686 3887 Utrumque
3699 3830 3790 3870 seat-

2241 3926 2332 3982 per
2358 3910 2598 3965 debemus
2633 3910 2758 3966 Deo.
2791 3943 2861 3954 —
2891 3913 2957 3968 Et
2988 3913 3042 3967 in
3080 3911 3185 3967 hoc
3207 3911 3436 3983 quidem
3470 3911 3663 3966 saeculo
3688 3909 3792 3978 quis-

2238 4017 2344 4071 que
2366 4002 2692 4058 benedicens
2724 4004 2892 4059 Deum
2924 4012 3101 4074 potest
3121 4019 3231 4059 non
3251 4018 3483 4074 semper
3511 4005 3564 4059 in
3593 4000 3790 4058 benedic-

2241 4094 2402 4149 tionis
2420 4093 2601 4149 oflicio
2625 4110 2968 4165 permanere,
2991 4096 3119 4151 dum
3149 4095 3222 4170 (c)
3244 4109 3341 4152 aut
3362 4097 3517 4152 luctu
3539 4094 3788 4164 impeditur.

2239 4198 2331 4241 aut
2359 4197 2504 4243 metu
2522 4197 2837 4259 occupatur,
2856 4199 2949 4245 aut
2969 4190 3292 4260 aegritudine
3318 4192 3522 4246 anxius
3545 4189 3788 4246 detinetur;

2239 4288 2293 4333 et
2327 4288 2419 4335 aut
2462 4288 2803 4351 torpescente
2827 4281 3030 4349 animo,
3081 4291 3170 4336 aut
3220 4283 3460 4351 ingrato,
3499 4283 3552 4337 in
3591 4279 3788 4336 benedic—

2238 4370 2476 4427 tionibus
2498 4373 2592 4428 Dei
2610 4383 2788 4428 mutus
2809 4385 2911 4430 est.
2941 4373 3046 4431 Sed
3076 4373 3335 4444 perfectio
3360 4373 3682 4445 prOpbetalis

2236 4463 2305 4520 ab
2333 4463 2486 4520 istius
2503 4464 2646 4520 modi
2667 4465 3039 4522 inﬁrmitatum
3062 4465 3530 4522 demutationibus
3551 4465 3700 4520 libera
3712 4471 3782 4525 est,

2237 4553 2442 4623 dicens,
2487 4555 2594 4611 Per
2620 4557 2851 4625 singulos
2897 4559 3009 4612 dies
3038 4558 3340 4613 benedicam
3389 4567 3458 4612 te.
3503 4557 3698 4613 Nullum
3718 4569 3784 4605 n-

535 4635 739 4692 tionem
769 4652 867 4694 nos
897 4639 1128 4715 ingentis
1153 4641 1320 4710 illius,
1352 4659 1472 4715 quae
1500 4645 1618 4716 ejus
1659 4655 1763 4716 est,
1794 4649 2008 4706 virtutis
2049 4651 2132 4706 in-
2155 4650 2208 4710 D
2235 4662 2393 4702 cuum
2439 4648 2599 4705 habet
2627 4659 2860 4722 tempus,
2890 4660 2945 4708 et
2968 4650 3087 4708 dies
3110 4651 3160 4706 ei
3191 4651 3337 4706 nulla
3366 4663 3453 4707 est
3489 4653 3671 4714 otiosa,
3691 4647 3783 4718 quia

536 4729 745 4785 stituat.
789 4729 1086 4789 Possumus
1137 4737 1279 4790 enim
1321 4753 1446 4792 eum
1497 4740 1733 4795 maxime
1762 4750 2021 4810 quantum
2072 4745 2126 4799 in

533 4820 692 4876 nobis
715 4828 802 4876 est
827 4821 1082 4878 admirari
1115 4829 1404 4899 :cognosci
1432 4839 1614 4887 autem
1654 4845 1684 4886 a
1714 4832 1868 4890 nobis
1893 4843 2126 4906 quantus

529 4913 651 4982 ipse
679 4921 764 4968 est
789 4927 896 4968 non
926 4924 1125 4984 potest.

599 5004 655 5059 3.
699 5002 877 5058 Patris
900 5014 992 5058 aut
1016 5003 1146 5060 Filii
1184 5008 1299 5064 laus
1329 5019 1402 5065 est
1439 5022 1639 5068 mutua.
1676 5044 1749 5056 —
1776 5012 1974 5070 Verum
2000 5031 2124 5072 cum

525 5095 582 5151 in
603 5096 752 5151 omni
780 5096 988 5166 psalmo
1010 5097 1239 5168 simplex
1270 5101 1364 5157 Dei
1387 5113 1444 5159 et
1468 5105 1715 5163 absoluta
1737 5107 1974 5164 laudatio
2002 5119 2119 5177 est;

522 5188 837 5245 meminisse
881 5188 1145 5246 debemus
1191 5189 1408 5249 Patrem
1438 5196 1494 5250 in
1520 5195 1680 5265 Filio,
1710 5208 1766 5256 et
1813 5199 2012 5257 Filium
2047 5201 2118 5258 .in

571 5348 674 5426 “(a)
713 5349 790 5404 Ita
821 5347 1046 5426 allectus
1065 5348 1281 5426 videtur
1305 5353 1533 5422 Tullius,
1562 5367 1620 5413 ut
1650 5358 1752 5415 hoc
1773 5375 1961 5416 verum
1989 5376 2112 5419 esse

520 5421 811 5501 voluisset;
837 5437 957 5475 cum
985 5421 1053 5477 de
1076 5421 1329 5501 Stratone
1355 5428 1684 5501 praemittens
1720 5430 1796 5486 lib
1831 5447 1884 5486 tv
1916 5444 2107 5501 quiest.

519 5491 688 5575 Acad.
717 5510 733 5573 ξ
759 5490 793 5575 .1
803 5509 890 5575 pse
916 5502 1085 5575 autem
1099 5494 1332 5575 singulas
1355 5490 1552 5575 'mundi
1584 5512 1753 5575 partes
1788 5490 2110 5575 persequens,

517 5562 770 5644 quidquid
796 5572 885 5615 ant
911 5564 1114 5644 sittant
1143 5562 1252 5634 fiat,
1289 5562 1611 5644 naturalibus
1641 5573 1756 5644 fieri
1783 5562 1870 5627 aut
1919 5562 2113 5644 factum

517 5634 626 5714 esse
649 5635 790 5714 doget
809 5634 1112 5704 ponderibus
1136 5646 1183 5689 et
1226 5638 1485 5714 motibus;
1521 5634 1713 5697 exinde
1758 5634 1992 5714 subjicit,
2024 5645 2114 5702 Sic

520 5705 607 5786 ille
637 5714 684 5756 et
715 5703 878 5786 Deum
905 5719 1055 5773 apere
1076 5722 1262 5786 magno
1291 5703 1496 5786 liberat,-
1532 5722 1578 5766 et
1619 5730 1697 5768 me
1739 5703 1938 5770 timore.
1980 5703 2112 5783 'Quis

527 5777 660 5854 enim
683 5783 1003 5854 potestacum
1030 5777 1336 5854 existimeta'
1358 5781 1465 5836 Deo
1486 5799 1541 5839 se
1566 5787 1762 5851 curari,
1787 5804 1886 5842 non
1926 5793 1974 5840 et
1992 5777 2112 5842 dies

525 5851 573 5896 et
601 5843 1012 5900 noctesdivinum
1041 5861 1228 5908 numen
1273 5851 1499 5911 horrere.
1555 5855 1615 5913 Si
1658 5843 1777 5915 btet:
1802 5859 2016 5928 gentilis
2043 5859 2112 5916 de

2231 4755 2448 4811 semper
2489 4741 2544 4796 in
2574 4743 3006 4800 benedictionum
3036 4744 3385 4802 confessione
3411 4756 3671 4802 versetur.
3709 4741 3782 4796 Ac-

2231 4835 2362 4891 cidit
2390 4845 2569 4893 autem
2591 4837 2925 4908 frequenter,
2949 4849 3006 4896 ut
3030 4840 3110 4908 ide
3142 4841 3340 4912 quibus
3365 4841 3512 4897 bene
3539 4841 3674 4912 loqui
3692 4852 3782 4911 pes-

2234 4927 2428 4993 simus,
2464 4929 2686 4986 laudare
2710 4945 2805 4987 eos
2839 4948 2943 4987 non
2968 4933 3259 5003 possimus.
3288 4933 3581 4992 Abstinere
3606 4951 3634 4991 a
3658 4933 3776 4995 nul-3,

2232 5017 2610 5076 benedictione
2641 5021 2861 5093 dignum
2883 5031 2982 5078 est.
3010 5023 3118 5081 Sed
3148 5025 3326 5080 solum
3365 5027 3568 5082 malum
3597 5041 3690 5081 non
3719 5022 3780 5075 ad-

2230 5110 2466 5177 mittere,
2500 5127 2607 5167 non
2648 5113 2812 5169 habet
2850 5114 3085 5183 laudem,
3133 5114 3239 5172 nisi
3282 5117 3411 5173 mali
3448 5117 3776 5174 abstinentia

2225 5202 2390 5259 etiam
2423 5204 2594 5276 gloria
2627 5205 2752 5262 boni
2783 5207 2964 5278 operis
2993 5219 3378 5281 consequatur.
3409 5211 3481 5268 Et
3509 5208 3775 5268 beneﬁth

2220 5362 2315 5418 Dei
2357 5366 2692 5449 providentia
2725 5369 3124 5449 incertus,quid
3141 5373 3347 5431 sentire
3388 5375 3553 5432 debet
3579 5373 3771 5431 christia-

2218 5445 2459 5513 nus,_ct_ti
2486 5449 2636 5513 certo
2666 5450 2879 5513 constat
2899 5445 3145 5513 opposita
3176 5449 3446 5502 sententia
3473 5449 3497 5503 7

2300 5507 2372 5582 (b)
2412 5508 2469 5562 ln
2497 5511 2742 5580 vulgatis,
2770 5513 2878 5576 iam
2910 5507 3271 5583 iit-sarculum.
3326 5517 3549 5575 Rectius
3592 5520 3640 5573 in
3677 5531 3767 5574 ns.

2207 5587 2324 5656 jam
2346 5583 2682 5656 utswculum.
2723 5583 2812 5638 Sic
2834 5583 2887 5638 in
2929 5586 3060 5653 psal.
3091 5601 3286 5650 cxvur,
3339 5605 3394 5642 n.
3443 5589 3477 5642 7
3520 5608 3534 5642 ε
3578 5591 3652 5642 Ait
3673 5586 3767 5640 exist

2215 5650 2461 5731 sarculum
2483 5653 2679 5731 swculi,
2709 5650 3237 5731 tamquamtemporis
3273 5669 3501 5731 tempus,
3538 5661 3664 5728 quod
3684 5673 3764 5731 sre-

2213 5729 2420 5782 cedente
2444 5723 2666 5791 quadam
2703 5723 3051 5783 vicissitudine
3085 5723 3242 5799 hujus
3269 5723 3449 5787 seaculi
3485 5723 3704 5789 stac-lu:
3723 5729 3764 5782 tif

2241 5809 2390 5853 'uturu
2399 5811 2467 5848 m.

2214 5802 2467 5870 ﬂmmm.

2291 5867 2364 5941 (c)
2405 5865 2462 5922 ln
2489 5880 2592 5922 ms.
2621 5875 2711 5924 aut
2738 5871 2849 5927 loco
2879 5864 3174 5941 impeditur.
