3896 6336
104 300 212 356 857

1178 293 1594 355 TRACTATUS
1630 295 1699 353 ΙΝ
1737 295 1944 356 CXLIV
1985 297 2336 356 PSALMUM.

3290 293 3400 352 858

103 412 330 485 quidem
375 411 431 468 in
473 426 572 469 nos
619 410 938 468 benedicere
984 425 1302 482 possumus;
1356 412 1478 482 quia
1510 418 1699 466 natura
1723 412 1779 472 Α
1872 411 1929 468 9.
1971 411 2302 486 Magniﬁcus.
2331 441 2402 452 —-
2429 409 2534 466 Sed
2558 409 2794 481 potentia
2824 423 3046 481 operum
3071 423 3134 466 ea
3177 408 3395 465 demum

102 506 298 576 exigit,
331 521 440 560 non
468 505 774 561 obtrectare
811 517 911 560 nos
939 503 1065 571 illis,
1109 519 1337 575 quorum
1366 503 1699 560 benevolen-

103 598 179 652 tia
210 597 571 658 confovemur
598 614 613 651 :
636 597 729 653 sed
753 599 797 653 si
828 607 884 653 et
931 597 1052 653 aliis
1090 597 1236 653 vitiis
1280 596 1520 668 adspersi
1552 604 1697 664 sunt,

100 701 294 748 nostro
314 691 532 763 quidem
563 692 847 747 commodo
873 691 1286 757 benedicuntur,
1326 691 1420 748 sed
1459 692 1571 747 veri
1610 690 1698 761 ju-

98 783 247 840 dicio
279 799 386 840 non
412 785 792 856 praedicantur.
819 785 1086 841 Pcrl'ectio
1107 792 1284 840 autem
1329 784 1422 840 Dei
1462 783 1592 838 nihil
1643 782 1698 838 in

96 890 158 932 se
184 865 312 932 esse
338 877 540 946 patitur
563 891 661 947 pro
701 887 874 948 parte.
904 875 1036 932 Nam
1067 887 1125 932 ut
1153 875 1491 943 benedictus,
1531 876 1602 930 ita
1645 884 1700 932 et

97 966 392 1023 laudabilis
421 976 542 1034 est;
584 968 788 1026 habens
811 977 867 1026 et
887 983 953 1025 ex
979 969 1086 1037 his,
1112 969 1306 1039 quibus
1341 969 1697 1026 beneﬁcentia

96 1061 150 1116 in
180 1076 282 1116 nos
308 1076 403 1116 sua
448 1062 672 1128 utimur,
716 1061 1108 1119 benedictionis
1155 1070 1353 1117 nostrae
1397 1061 1696 1118 confessio-

94 1167 244 1219 nem,
278 1164 336 1210 et
362 1168 432 1210 ex
470 1153 831 1226 perfectarum
874 1156 926 1210 in
971 1171 1032 1212 se
1057 1155 1313 1210 virtutum
1343 1155 1698 1214 admiratione

95 1248 451 1316 praeconium.
477 1247 558 1303 Ob
585 1248 728 1319 quod
759 1247 1144 1305 benedicturus
1172 1263 1271 1319 per
1300 1247 1418 1304 dies
1457 1249 1696 1320 singulos

92 1340 258 1412 623
287 1340 571 1411 propheta,
598 1341 762 1397 etiam
812 1341 864 1397 id
891 1341 1104 1412 adjecit,
1131 1340 1200 1396 Et
1247 1342 1468 1397 laudabo
1511 1359 1695 1398 nomen

93 1440 237 1486 tuum
259 1433 313 1486 in
342 1434 586 1488 naculum
611 1443 658 1489 et
699 1434 752 1488 in
781 1435 1025 1489 steculum
1052 1435 1230 1489 swculi
1257 1433 1332 1508 (a)
1359 1433 1494 1490 Cum
1525 1434 1694 1492 bene-

93 1525 298 1581 dictum
326 1525 532 1593 laudat,
557 1535 610 1582 et
633 1525 825 1584 laudat
849 1526 902 1581 in
929 1525 1187 1582 saeculum
1217 1526 1400 1581 saeculi
1424 1569 1439 1593 ,
1466 1528 1519 1581 in
1547 1527 1694 1584 nullo

92 1619 379 1692 prophetae
405 1621 639 1676 ofﬁcium
672 1623 946 1677 inﬁrmum
993 1631 1096 1689 est,
1139 1634 1240 1677 nec
1290 1621 1688 1691 benedictione,

91 1727 194 1768 nec
223 1712 404 1780 laude,
437 1728 535 1769 nec
565 1722 830 1785 tempore.

1804 503 2142 572 praedicanda
2173 515 2287 574 Aest,
2341 505 2418 576 (d)
2467 519 2587 575 quae
2634 503 3048 575 magniﬁcentiae
3083 510 3396 572 exaequetur

1803 599 2079 666 operantis
2113 616 2125 651 :
2160 607 2218 653 ut
2249 598 2480 669 potentis
2506 596 2923 669 magniﬁcentize
2961 605 3149 666 potens
3195 593 3396 650 intelli-

1803 693 1957 758 gatur
1984 690 2246 758 operatio.
2275 691 2355 744 0b
2386 689 2526 760 quod
2554 689 2923 761 consequitur,
2958 687 3118 744 Vsus.
3149 687 3183 743 5
3222 705 3235 742 :
3267 685 3391 742 Ma-

1801 781 2146 852 gniﬁcentiam
2179 784 2457 854 majestatis
2487 792 2607 838 tute.

1878 875 1962 931 10.
2005 873 2227 930 Sanctus
2247 893 2336 932 seu
2359 877 2629 947 beneficus.
2659 905 2733 920 --
2755 875 2862 934 Sed
2887 875 3278 948 magniﬁcentia
3298 917 3314 944 ,
3345 877 3393 934 si

1803 965 1946 1036 quod
1976 966 2029 1022 in
2052 981 2112 1022 se
2141 977 2224 1022 est
2264 977 2468 1024 tantum
2505 970 2607 1025 sibi
2631 969 2860 1035 habeat,
2894 969 3054 1026 habet
3081 969 3395 1025 admiratio-

1800 1074 1949 1124 nem,
1977 1074 2082 1116 non
2107 1059 2268 1116 habet
2295 1061 2507 1118 laudem
2539 1079 2554 1118 :
2581 1071 2637 1118 et
2665 1065 2840 1120 otiosa
2887 1065 3012 1122 aliis
3041 1077 3124 1122 est
3160 1069 3394 1136 potentis

1799 1152 2062 1222 Operatio,
2087 1153 2189 1208 nisi
2219 1168 2316 1223 per
2336 1157 2608 1224 operantis
2627 1159 2970 1215 sanctitatem
2986 1174 3138 1215 usum
3160 1160 3390 1231 aliquem

1799 1262 1865 1304 ex
1892 1262 1950 1303 se
1980 1246 2088 1302 illis
2117 1247 2210 1318 qui
2235 1247 2527 1304 laudabunt
2571 1259 2626 1306 et
2661 1251 3069 1307 admirabuntur
3097 1253 3390 1323 impertiet.

1797 1338 1884 1395 Ex
1907 1355 2011 1411 quo
2040 1347 2409 1408 competenter
2446 1341 2550 1396 hoc
2601 1342 2844 1412 sequitur
2900 1360 2915 1398 :
2964 1343 3031 1398 Et
3075 1346 3393 1400 sanctitatem

1798 1439 1937 1486 tuam
1981 1431 2270 1504 loquentur.
2301 1431 2372 1486 Et
2399 1433 2656 1487 sanctitas
2685 1434 2900 1504 quidem
2940 1436 3050 1506 jam
3097 1437 3236 1492 bona
3282 1448 3390 1503 est,

1798 1539 1972 1595 neque
2022 1534 2226 1580 tantum
2259 1525 2360 1580 sibi
2391 1523 2600 1595 proﬁcit
2630 1542 2642 1578 :
2677 1541 2854 1596 neque
2886 1527 2987 1584 hoc
3033 1530 3175 1598 quod
3207 1544 3272 1586 ex
3329 1545 3388 1586 se

1795 1624 1898 1681 est,
1951 1617 2088 1672 intra
2130 1631 2288 1672 usum
2343 1615 2614 1672 commodi
2657 1619 2862 1688 proprii
2913 1622 3202 1676 consumit.
3258 1621 3392 1676 Nam

1794 1709 1982 1776 etiam,
2009 1709 2074 1764 ad
2105 1711 2500 1779 provocandam
2525 1712 2576 1766 iu
2609 1727 2667 1770 se
2694 1712 2924 1769 aliorum
2957 1713 3391 1782 beneﬁcentiam,

160 1803 216 1859 6.
259 1802 445 1858 Prima
471 1805 720 1860 laudandi
754 1804 852 1861 Dei
880 1806 1038 1871 ratio,
1069 1807 1181 1878 ejus
1201 1803 1451 1876 inﬁnitas.
1487 1835 1558 1846 —-
1586 1805 1682 1860 De-
1715 1810 1765 1870 B
1789 1803 2088 1858 sanctitatis
2109 1802 2274 1876 624
2319 1803 2510 1860 ofﬁciis
2562 1821 2686 1863 sese
2729 1807 2845 1876 ipsa
2894 1806 3254 1862 commendat.
3287 1806 3395 1862 Sed

90 1895 213 1951 hinc
243 1896 512 1967 sequitur,
542 1895 708 1952 Vens.
738 1898 772 1952 Ξ
801 1916 812 1950 :
847 1896 1073 1970 Magnus
1109 1895 1378 1965 Dominus,
1431 1908 1477 1952 et
1506 1899 1689 1953 lauda-

90 1989 205 2046 bilis
235 1991 418 2057 nimis,
446 2000 493 2045 et
514 1992 886 2061 magnitudinis
912 1993 1026 2062 ejus
1052 2007 1152 2046 non
1174 2002 1248 2046 est
1271 1993 1410 2058 linis.
1437 1991 1562 2047 Haec
1591 1992 1689 2048 Dei

92 2083 260 2152 prima
286 2091 347 2138 et
375 2084 644 2154 praecipua
674 2081 910 2138 laudatio
937 2093 1040 2150 est,
1073 2083 1217 2155 quod
1244 2083 1376 2138 nihil
1413 2085 1466 2139 in
1496 2099 1556 2140 se
1577 2100 1691 2142 me-

89 2173 318 2242 diocre,
372 2174 508 2231 nihil
553 2176 1044 2246 circumscriptum,
1106 2175 1239 2230 nihil
1291 2190 1570 2230 emensum
1635 2186 1691 2232 et

92 2265 479 2338 magnitudinis
505 2283 618 2324 suae
647 2267 844 2324 habeat
880 2279 934 2324 et
978 2267 1172 2324 laudis.
1217 2268 1406 2324 Virtus
1432 2269 1549 2339 ejus
1572 2271 1691 2340 opi-

90 2362 250 2417 nione
273 2375 388 2416 non
418 2361 707 2429 clauditur,
739 2361 875 2418 locis
897 2377 1002 2418 non
1030 2363 1358 2429 continetur,
1379 2362 1690 2419 nominibus

93 2469 196 2510 non
221 2457 562 2522 enuntiatur,
609 2455 942 2527 temporibus
971 2471 1077 2512 non
1104 2456 1352 2513 subditur
1384 2473 1396 2510 :
1429 2464 1580 2512 artus
1621 2457 1690 2514 ad

93 2546 144 2602 id
166 2562 362 2603 sensus
389 2557 573 2604 noster
601 2558 707 2616 est,
739 2549 1012 2620 ingenium
1042 2550 1204 2606 hebes
1226 2558 1331 2617 est,
1365 2565 1546 2606 sermo
1565 2566 1687 2606 mu-

95 2647 177 2694 tus
197 2646 304 2694 est.
336 2638 524 2694 Finem
551 2639 938 2712 magniﬁcentia
961 2641 1125 2711 ipsius
1151 2643 1356 2698 nescit:
1379 2651 1434 2697 et
1458 2643 1690 2713 aliquam

94 2729 426 2786 ementiendi
457 2746 516 2787 se
561 2732 868 2802 Opinionem
924 2733 1185 2790 immensa
1225 2734 1542 2804 magnitudo
1583 2749 1691 2790 nou

96 2824 317 2894 patitur.
382 2821 611 2880 Extenfa
643 2826 860 2896 ubique,
895 2833 1112 2881 extenta
1143 2841 1360 2897 semper
1404 2836 1507 2894 est,
1556 2826 1694 2882 hanc

99 2918 308 2973 habens
339 2916 618 2973 inﬁnitatis
641 2934 753 2974 sua:
779 2918 992 2974 laudem
1019 2936 1033 2975 :
1068 2928 1322 2975 caeterum
1361 2933 1577 2975 omnem
1609 2921 1693 2974 in-

99 3011 456 3084 telligentiam
507 3011 730 3068 inﬁnita:
783 3012 944 3085 hujus
995 3015 1049 3070 in
1101 3029 1161 3070 se
1212 3013 1497 3086 qualitatis
1537 3028 1694 3070 exce-

99 3103 254 3160 dens.

1790 1897 1921 1952 nihil
1940 1898 2006 1953 de
2027 1913 2086 1953 se
2113 1899 2330 1968 dignum
2361 1899 2717 1956 admiratione
2747 1899 3046 1971 praestabit,
3077 1900 3124 1955 si
3153 1900 3254 1956 sibi
3278 1900 3393 1956 sola

1793 1989 1884 2043 sit.
1932 1987 2004 2043 At
2033 2005 2163 2044 vero
2196 1991 2296 2045 hoc
2326 1991 2604 2061 proprium
2637 2003 2721 2048 est
2749 2004 2805 2049 et
2830 1992 3149 2048 admirabile
3194 1991 3399 2047 sancti-

1789 2081 1936 2147 tatis,
1961 2095 2082 2135 cum
2124 2081 2226 2137 hoc
2269 2084 2412 2152 quod
2440 2082 2493 2138 in
2523 2099 2583 2140 se
2609 2095 2713 2151 est,
2740 2087 2792 2140 in
2818 2099 2978 2140 usum
3009 2084 3240 2140 aliorum
3267 2083 3390 2154 qui-

1789 2171 1892 2228 bus
1921 2181 2004 2227 est
2035 2183 2220 2229 sancta
2245 2176 2509 2231 concedat
2543 2195 2555 2231 :
2587 2178 2700 2247 ipsa
2726 2177 2904 2248 aliquo
2933 2192 3039 2231 non
3072 2190 3258 2246 egens,
3292 2176 3395 2231 nisi

1788 2264 1929 2320 forte
1980 2279 2074 2333 per
2113 2266 2543 2322 benevolentiam
2573 2283 2639 2323 eo
2665 2277 2897 2334 tantum,
2930 2277 2988 2322 ut
3016 2282 3076 2322 se
3103 2266 3240 2321 alius
3271 2276 3394 2323 uta-

1791 2367 1899 2414 tur.
1931 2357 2014 2414 Ad
2044 2358 2095 2413 id
2118 2374 2246 2430 ergo
2269 2359 2409 2429 quod
2433 2360 2635 2415 dictum
2655 2369 2762 2425 est,
2791 2359 2860 2414 Et
2889 2361 3213 2414 sanctitatem
3249 2370 3393 2414 tuam

1789 2453 2096 2524 loquentur;
2125 2455 2322 2512 merito
2343 2455 2591 2532 subjecit,
2615 2454 2684 2510 Et
2710 2454 2778 2528 (e)
2806 2457 3062 2512 mirabilia
3087 2466 3175 2511 tua
3207 2472 3394 2511 narra-

1792 2547 1934 2600 bunt.

1867 2640 1954 2696 Μ.
1998 2641 2157 2697 Malis
2185 2642 2444 2698 terribilis.
2495 2673 2569 2683 —
2627 2643 2692 2698 Et
2739 2643 2983 2699 mirabile
3025 2642 3240 2713 quidem
3282 2649 3388 2709 est,

1792 2733 2131 2790 sanctitatem
2164 2734 2296 2790 nihil
2325 2735 2427 2790 sibi
2479 2734 2845 2806 proﬁcientem
2896 2737 2949 2789 in
3000 2749 3153 2790 usum
3199 2733 3390 2789 aliena:

1791 2825 2135 2881 beatitudinis
2164 2828 2462 2883 exuberare
2495 2845 2507 2880 :
2541 2827 2636 2882 sed
2666 2826 2962 2882 mirabilius
2987 2837 3090 2892 est,
3124 2826 3384 2881 sanctita-

1795 2926 1901 2973 tem
1935 2919 2145 2989 plenam
2169 2934 2294 2976 esse
2321 2918 2391 2992 (ι’)
2431 2919 2688 2986 terroris;
2721 2935 2786 2974 ne
2811 2919 2854 2974 si
2887 2934 2992 2974 non
3038 2919 3389 2975 indiscretam

1795 3025 1856 3068 se
1888 3013 2160 3069 utentibus
2180 3023 2271 3068 aut
2296 3012 2692 3069 abundantibus
2719 3020 2960 3082 praestet,
2988 3011 3113 3066 dum
3142 3010 3299 3066 bonis
3330 3023 3394 3066 ac

1796 3106 1954 3161 malis
1979 3109 2282 3177 promiscua
2312 3117 2416 3175 est,
2449 3121 2503 3164 et
2526 3117 2796 3180 tamquam
2827 3122 2894 3162 ex
2921 3115 3126 3162 natura:
3156 3107 3394 3162 necessi-

171 3199 224 3252 7.
270 3199 315 3251 Α
359 3198 538 3267 quibus
579 3199 890 3254 laudandus.
934 3228 1006 3240 —
1053 3199 1120 3254 Et
1146 3198 1269 3270 quia
1299 3199 1414 3255 haec
1467 3201 1552 3255 vel
1591 3201 1694 3255 im-
1721 3201 1766 3264 C
1796 3207 1906 3255 tate
1932 3215 1991 3256 se
2013 3201 2281 3271 prmbens,
2313 3202 2723 3256 admirationem
2769 3203 2875 3253 utin
2904 3198 3097 3254 habeat
3139 3197 3396 3253 sanctita-

100 3308 306 3349 mensa:
337 3295 714 3365 magnitudinis
753 3296 1010 3367 cognitio,
1049 3296 1134 3352 vel
1177 3296 1413 3352 laudatio
1467 3312 1692 3366 operum

101 3386 194 3442 Dei
218 3401 329 3441 non
357 3389 596 3443 omnium
623 3391 858 3460 gentium
884 3399 996 3456 est;
1035 3390 1231 3462 quibus
1257 3406 1287 3446 a
1313 3392 1696 3449 constitutione

103 3480 294 3535 mundi
327 3480 431 3535 vita
455 3489 510 3536 et
557 3495 752 3537 sensus
777 3483 969 3538 fuisset
995 3483 1279 3555 futuraque
1300 3493 1466 3551 esset,
1505 3499 1699 3541 conse—
1732 3519 1741 3527 -

97 3581 332 3643 quenter
352 3555 600 3644 subjecit,
630 3575 796 3632 Vens.
830 3578 863 3632 4
890 3595 902 3630 :
929 3576 1198 3633 Generatio
1227 3587 1276 3635 et
1299 3579 1557 3651 generatio
1579 3578 1695 3633 lau-

99 3665 235 3719 dabit
264 3682 424 3734 opera
469 3676 577 3724 tua.
627 3667 742 3724 Non
775 3670 956 3741 utique
981 3670 1359 3741 generationes
1386 3680 1440 3727 et
1473 3687 1698 3743 genera-

98 3754 295 3823 tiones,
329 3773 447 3829 qute
486 3766 541 3814 et
582 3759 918 3830 temporibus
947 3769 1000 3816 et
1043 3761 1291 3832 gentibus
1316 3763 1498 3817 multa:
1537 3770 1698 3834 atque

97 3850 347 3907 adversm
389 3860 515 3908 sunt
554 3870 566 3906 :
613 3852 709 3909 sed
739 3856 996 3925 generatio
1022 3869 1142 3924 quae
1189 3855 1258 3909 ab
1295 3855 1566 3911 Abraham
1616 3856 1693 3928 (b)

97 3946 287 4016 coepit,
316 3961 437 4016 quae
475 3961 570 4017 per
595 3947 808 4018 signum
855 3947 1284 4002 circumcisionis
1315 3949 1600 4019 deputatur
1641 3951 1696 4005 in

98 4037 302 4110 Legem
332 4055 346 4105 ;
380 4049 429 4094 et
456 4041 716 4112 generatio
743 4056 863 4111 qua:
893 4051 1183 4095 renovatur
1213 4041 1264 4094 in
1290 4039 1526 4108 Christo,
1578 4057 1696 4111 qua:

98 4147 159 4187 ex
190 4133 457 4189 doctrinis
487 4134 812 4205 propheticis
839 4133 906 4190 ad
947 4134 1108 4191 ﬁdem
1146 4135 1468 4206 evangelicae
1503 4135 1699 4204 justiﬁ-

95 4228 332 4283 cationis
359 4228 660 4285 instruitur.
709 4229 910 4286 Harum
943 4230 1103 4301 igitur
1132 4229 1541 4300 generationum
1574 4243 1696 4299 pro-

96 4321 280 4392 prium
308 4333 411 4387 est,
443 4323 535 4379 Dei
559 4338 723 4396 opera
751 4325 991 4379 laudare.

168 4416 226 4472 8.
271 4414 590 4471 Laudandus
617 4415 758 4472 Deus
802 4418 923 4488 quia
951 4417 1005 4471 in
1032 4416 1184 4488 [actis
1211 4423 1408 4486 potens.
1450 4445 1521 4456 -—
1564 4414 1702 4472 Lau-

95 4505 214 4562 dari
243 4522 409 4578 opera
436 4509 534 4564 Dei
575 4523 682 4564 non
713 4509 820 4564 alia
849 4509 985 4564 ratio
1025 4509 1301 4576 admonet,
1349 4523 1509 4578 quam
1535 4507 1696 4578 fquod

1799 3293 1886 3346 tis.
1920 3292 1988 3348 Et
2036 3293 2237 3350 idcirco
2283 3310 2407 3348 mox
2454 3294 2713 3358 subdidit,
2752 3291 2986 3354 Vens._6
3019 3291 3126 3347 :Et
3155 3293 3394 3346 virtutem

1797 3384 2101 3440 terribilium
2142 3395 2346 3442 tuorum
2374 3387 2540 3441 dicent
2571 3402 2589 3440 :
2616 3397 2672 3439 ut
2701 3383 3041 3439 sanctitatem
3086 3384 3390 3454 loquentes,

1797 3486 1851 3533 et
1907 3479 2172 3535 mirabilia
2219 3493 2524 3547 narrantes,
2572 3480 2756 3535 dicant
2803 3493 3018 3549 quoque
3072 3478 3392 3533 terribilium

1797 3569 2050 3627 virtutem
2069 3614 2084 3640 ,
2119 3573 2295 3628 media
2323 3573 2678 3630 admiratione
2703 3570 2844 3625 inter
2864 3571 3207 3626 sanctitatem
3232 3580 3396 3640 atque

1797 3669 2082 3732 terrorem,
2116 3666 2242 3722 dum
2267 3677 2317 3722 et
2347 3675 2522 3724 terror
2547 3669 2726 3726 suavis
2770 3674 2824 3722 et
2864 3665 3118 3722 terribilis
3159 3664 3397 3722 suavitas

1795 3755 2170 3815 admirabilem
2222 3759 2350 3817 facit
2402 3771 2459 3818 et
2509 3773 2774 3820 terrorem
2821 3777 3040 3820 suavem
3085 3770 3138 3816 et
3189 3758 3398 3816 terribi-

1797 3847 1900 3903 lem
1931 3851 2274 3910 suavitatem.

1879 3948 1967 4001 12.
2010 3947 2234 4019 Magnus
2265 3948 2375 4002 sine
2396 3950 2565 4002 tnodo.
2596 3949 2776 4004 Bonus
2808 3965 3005 4017 semper
3032 3955 3078 4002 et
3125 3945 3396 4000 abundan-

1798 4050 1891 4096 ter.
1919 4070 1990 4080 ——
2021 4040 2101 4096 0b
2126 4041 2270 4111 quod
2299 4042 2568 4110 ingentem
2598 4042 2737 4098 hanc
2765 4041 3097 4097 admirandae
3129 4050 3396 4106 tempera-

1798 4133 1959 4186 tionis
1977 4131 2396 4202 magnitudinem
2423 4131 2682 4201 propheta
2707 4127 3299 4199 intelligens,subjecit,
3327 4127 3396 4181 Et

1797 4226 2201 4296 magnitudinem
2216 4235 2356 4280 tuam
2375 4226 2674 4280 narrabant.
2709 4223 3086 4294 Magnitudiuis
3108 4221 3253 4277 enim
3277 4220 3396 4275 iuli-

1799 4320 1924 4375 nita:
1941 4327 2046 4383 est,
2071 4319 2124 4374 in
2149 4319 2255 4373 Deo
2272 4318 2412 4388 quod
2445 4319 2681 4374 terribile
2708 4326 2791 4374 est
2811 4331 2973 4371 suave
3000 4331 3144 4382 esse,
3168 4323 3224 4371 et
3249 4315 3393 4386 quod

1799 4427 1968 4468 suave
2005 4420 2090 4469 est
2117 4425 2240 4467 esse
2262 4411 2519 4467 terribile.
2569 4409 2876 4480 Magnitudo
2897 4418 3074 4464 autem
3105 4425 3210 4464 non
3237 4408 3397 4463 habet

1799 4509 2018 4563 modum
2039 4521 2054 4560 :
2077 4521 2142 4560 ne
2163 4505 2208 4560 si
2232 4503 2505 4558 moderata
2525 4503 2614 4568 sit,
2630 4502 2741 4572 jam
2759 4499 3065 4572 magnitudo
3086 4516 3193 4555 non
3214 4501 3283 4554 sit
3300 4515 3396 4569 per

94 4599 281 4653 omnia
310 4599 380 4653 ab
402 4613 471 4655 eo
499 4608 747 4670 potenter
771 4599 960 4656 elfecta
989 4609 1116 4656 sunt
1141 4601 1216 4671 (c)
1261 4618 1276 4654 :
1322 4600 1446 4672 quia
1491 4614 1694 4670 praeco-
1720 4595 1776 4656 D
1799 4602 1872 4669 itl,
1918 4601 2059 4672 quod
2089 4599 2250 4656 modo
2274 4614 2380 4654 non
2411 4605 2578 4653 caret.
2614 4596 2682 4652 Ut
2709 4611 2835 4664 ergo
2853 4595 3085 4665 promite
3111 4593 3394 4648 admiratio

95 4691 247 4747 nium
274 4692 486 4758 habeat,
519 4709 628 4750 non
659 4693 862 4763 aliquid
891 4693 1086 4764 egisse,
1113 4693 1206 4750 sed
1228 4703 1474 4764 potenter
1493 4695 1687 4765 egisse.

95 4783 163 4839 Et
237 4785 362 4843 ideo
425 4786 693 4858 subjecit,
742 4785 813 4842 Et
860 4788 1140 4857 potentiam
1185 4796 1326 4842 tuam
1390 4789 1696 4859 pronuntia-

96 4874 245 4932 bunt.

171 5030 254 5107 (a)
293 5031 391 5107 Ms.
419 5033 520 5089 Mic
539 5048 603 5091 ac
627 5034 799 5107 prima
819 5034 986 5092 editio
1005 5034 1127 5092 Par.
1149 5053 1264 5092 cum
1286 5036 1554 5105 benedicit,
1583 5055 1698 5093 cum

100 5101 287 5172 laudnt
304 5106 354 5158 in
384 5101 654 5172 steculum',
681 5117 788 5162 etc.
1145 5161 1162 5174 ,

182 5175 262 5246 (b)
302 5176 417 5229 Non
437 5177 578 5247 quod
601 5179 727 5231 velit
750 5177 983 5232 Hilarius
1002 5187 1124 5234 ante
1144 5179 1414 5234 Abraham
1433 5178 1691 5247 defuisse,

99 5252 192 5320 qui
229 5248 318 5320 Dei
341 5263 504 5320 opera
536 5248 836 5313 laudarent,
871 5264 988 5303 cum
1013 5251 1210 5320 passim
1236 5253 1447 5316 doceat,
1478 5253 1534 5304 in
1552 5269 1702 5305 man-

100 5317 239 5376 datis
271 5317 362 5392 Dei
377 5321 495 5392 jam
520 5336 552 5372 a
570 5321 748 5392 swculi
777 5317 1092 5376 institutione
1111 5331 1415 5392 perrectum.
1447 5321 1573 5376 Haec
1597 5338 1694 5378 au-

103 5405 214 5448 tem
236 5389 436 5446 diserte
463 5389 746 5445 declarans
773 5393 824 5447 iu
856 5406 937 5460 ps.
966 5389 1147 5458 cxvut,
1195 5411 1246 5446 u.
1273 5393 1328 5456 8,
1359 5393 1594 5461 subjicit,
1625 5393 1694 5449 In

101 5467 202 5519 hac
231 5465 361 5515 enim
387 5463 564 5515 semita
593 5471 640 5517 et
685 5463 810 5518 Abel
850 5466 1110 5530 cucurrit,
1155 5473 1204 5517 et
1251 5464 1378 5519 Setlt
1413 5464 1616 5530 institit,
1650 5475 1697 5520 et

103 5535 285 5590 Enoch
312 5533 528 5604 placuit,
567 5543 614 5588 et
668 5532 784 5588 Noe
833 5536 1079 5588 reservari
1128 5537 1329 5598 meruit,
1355 5545 1402 5589 et
1430 5533 1697 5589 Melchise-

104 5608 254 5670 dech,
288 5603 390 5677 etc.
420 5603 601 5677 Neque
631 5620 760 5659 vero
791 5604 890 5677 illi,
942 5605 1043 5677 nisi
1074 5605 1236 5659 Deum
1268 5606 1492 5677 ejusque
1532 5620 1694 5674 opera

101 5675 372 5732 laudando
401 5675 738 5745 placuerunt.
793 5675 905 5729 Hoc
948 5675 1107 5743 igitur
1154 5683 1361 5732 tantum
1407 5675 1514 5730 'sibi
1561 5677 1694 5746 vult,

104 5747 506 5836 generationem
527 5748 876 5836 aclpopuluAtn
888 5747 1242 5836 peculiarem,
1269 5751 1362 5831 qui
1390 5749 1555 5806 Deum
1583 5748 1698 5805 lau-

105 5815 284 5887 ilarct,
313 5818 381 5877 ab
404 5834 518 5877 atro
540 5815 772 5876 Abrahae
798 5818 1027 5888 coepisse
1046 5815 1334 5891 segregari.

1799 4695 2094 4751 sanctitatis
2114 4702 2273 4764 atque
2299 4691 2522 4747 terroris
2547 4689 2600 4743 in
2625 4685 3006 4759 magnitudinis
3032 4683 3396 4741 suminﬁnita-

1801 4798 1853 4845 te
1871 4789 2131 4844 consistat
2159 4786 2234 4860 (g)
2259 4804 2272 4852 ;
2305 4799 2558 4840 mansura
2579 4794 2661 4838 est
2691 4790 2746 4837 et
2764 4797 2979 4851 semper
3001 4788 3054 4835 et
3091 4776 3391 4844 abundans,

1800 4894 1899 4936 nec
1919 4889 2158 4950 tempore
2180 4876 2398 4934 deﬁnita
2430 4889 2530 4930 nec
2551 4874 2724 4942 c0pia.
2758 4873 2824 4928 Et
2851 4871 3052 4928 idcirco
3081 4869 3392 4937 connexuit,

1899 5037 1946 5110 c)
1985 5037 2041 5110 in
2057 5035 2313 5110 vulgatis,
2346 5034 2452 5104 qui.
2477 5034 2702 5110 llectius
2731 5033 2783 5088 in
2816 5048 2916 5088 ms.
2944 5033 3082 5103 quia.

1899 5037 1946 5110 c)
1985 5037 2041 5091 In
2065 5036 2313 5106 vulgatis,
2346 5036 2452 5104 qui.
2483 5036 2702 5089 Rectius
2731 5036 2783 5088 in
2816 5048 2916 5088 ms.
2944 5036 3082 5103 quia.

1873 5036 1953 5182 id)
1980 5108 2153 5182 ‘Editi,
2185 5121 2301 5176 qua:
2315 5105 2746 5176 magniﬁcentiora
2771 5115 3048 5174 exequatur
3087 5102 3344 5170 operantis
3374 5119 3394 5158 :

1801 5179 2156 5236 emendantur
2181 5192 2244 5231 ex
2273 5191 2374 5230 tus.
2819 5211 2822 5213 .

1872 5250 1946 5322 (e)
1982 5252 2232 5322 Origenes
2271 5247 2410 5315 apud
2432 5246 2769 5322 ACorderiutu
2821 5246 3100 5322 mirabilia
3129 5245 3392 5322 interpre-

1800 5316 1936 5378 tans
1969 5316 2218 5374 miracula
2270 5334 2383 5385 qua
2423 5319 2478 5372 in
2523 5320 2818 5388 beneﬁcium
2847 5317 3202 5388 quorumdam?
3236 5316 3388 5386 ﬁunt,

1801 5395 1942 5448 hunc
1965 5391 2152 5447 Hilarii
2176 5392 2350 5444 locum
2382 5405 2489 5444 non
2532 5387 2873 5444 mediocriter
2904 5389 3153 5442 illustrat.
3185 5387 3392 5443 Sancti-

1801 5473 1964 5520 tatem
1988 5465 2279 5533 loquuntur
2304 5461 2508 5532 populi,
2534 5477 2654 5533 quae
2675 5459 2950 5516 miraculis
2979 5460 3080 5516 sibi
3116 5470 3390 5528 comperta

1800 5537 1978 5591 fuerit.

1874 5605 1943 5681 (Γ)
1987 5606 2141 5681 Apud
2166 5603 2320 5671 Bad.,
2352 5604 2444 5659 Er.
2473 5612 2526 5657 et
2553 5602 2699 5681 Lips“.
2734 5603 2945 5664 erroris,
2995 5603 3093 5656 nisi
3137 5618 3258 5666 non,
3280 5609 3385 5681 etc.

1800 5672 2071 5745 eorruptc.
2103 5677 2235 5731 Tum
2268 5681 2428 5731 etiam
2477 5674 2616 5742 apud
2665 5674 2782 5728 Par.
2844 5682 3111 5728 retentum
3158 5683 3241 5728 est
3290 5672 3390 5729 nisi

1796 5767 1921 5806 non.
1952 5749 2120 5804 Totus
2142 5748 2224 5802 hic
2261 5747 2410 5802 locus
2434 5745 2546 5813 jatn
2571 5745 2884 5800 emendatur
2909 5759 2974 5800 ex
3003 5760 3101 5798 ms.

1875 5820 2082 5894 (g)_Sic
2111 5819 2281 5893 prima
2305 5817 2472 5877 editio
2501 5817 2622 5873 Par.
2657 5831 2776 5872 cum
2807 5831 2908 5874 ms.
2939 5813 3164 5873 Caetera}
3183 5823 3385 5886 autem,
