4006 6332
494 251 603 308 859

1691 225 1939 304 SANCTI
1979 244 2240 304 uthntt
2277 246 2588 305 EPISCOPI

3688 253 3790 310 860

495 367 661 424 Vsus.
696 367 724 420 7
766 385 778 422 :
817 365 1118 422 Memoriam
1144 364 1476 420 abundantia
1517 362 1781 418 suauitatis
1807 373 1908 420 tua
1937 379 2083 418 eruc-
2115 364 2164 424 Δ
2196 370 2458 420 terrorem
2485 363 2762 432 sanctitas,
2788 372 2844 422 et
2867 372 3045 422 terror
3073 372 3339 438 temperet
3356 367 3718 425 sanctitatem.

493 461 671 517 tabum
697 476 716 515 :
745 459 869 530 quia
896 472 996 514 nec
1015 457 1275 514 memoria
1310 457 1581 512 oblivione
1603 455 1958 526 intercipitur,
1991 469 2092 512 nec

493 552 820 612 abundantia
849 567 944 622 per
973 550 1208 620 inopiam
1235 549 1557 606 detrahitur.

570 647 658 702 13.
698 644 985 700 Bonitatem
1007 643 1104 700 Dei
1118 644 1327 714 justitia
1353 644 1667 699 moderatur.
1691 672 1764 684 -
1783 642 1978 698 Tenuit
1998 657 2094 698 au-

497 749 606 796 tem
633 738 876 794 ordinem
930 739 1189 808 propheta
1229 737 1526 801 orationis;
1577 745 1635 792 ut
1680 736 1995 792 memoriam
2040 745 2095 794 et

496 830 878 890 abundantiam
931 831 1234 899 suavitatis,
1265 830 1578 892 conditione
1622 840 1677 888 et
1720 830 2012 887 moderatae
2040 839 2095 886 et

500 933 834 980 conservatae
865 921 1245 993 magnitudinis
1271 933 1617 992 temperaret,
1645 922 1853 988 dicens,
1900 921 1968 978 Et
2015 923 2093 998 (η)

490 1017 697 1092 justitia
723 1026 812 1072 tua
838 1017 1190 1074 exsultabant.
1220 1016 1432 1074 inﬁnita
1457 1016 1676 1089 quidem
1724 1025 1810 1074 est
1837 1017 2094 1074 memoria

499 1118 557 1164 et
584 1109 910 1166 abundantia
936 1109 1246 1176 suavitatis;
1292 1111 1418 1181 quia
1459 1123 1798 1182 nequaquam
1837 1110 1974 1166 Deus
2005 1118 2100 1166 aut

501 1203 836 1260 obliviscitur
865 1219 986 1262 esse
1017 1205 1219 1271 suavis,
1247 1214 1339 1261 aut
1366 1204 1602 1269 desinit;
1633 1205 1730 1261 sed
1774 1204 2094 1262 inﬁnitatem

503 1298 781 1354 memoriae
798 1308 961 1369 atque
988 1299 1329 1356 abundantiae
1354 1298 1559 1370 iustitia
1586 1297 1865 1370 interiecta
1911 1298 2098 1354 mode-

501 1400 666 1448 ratur.
718 1390 1024 1448 hioderatur
1051 1401 1232 1448 autem
1281 1406 1386 1447 non
1439 1390 1709 1461 praebendi
1765 1390 1945 1456 modo,
1999 1390 2097 1450 sed

501 1483 729 1540 utendi:
767 1484 893 1540 dum
919 1485 1060 1555 quod
1113 1502 1207 1556 per
1254 1483 1636 1540 abundantiam
1677 1493 1731 1540 ct
1781 1485 2098 1542 memoriam

506 1577 599 1634 Dei
625 1591 839 1648 semper
866 1579 1034 1648 aequis
1062 1579 1310 1635 omnibus
1334 1585 1501 1648 patet,
1527 1579 1577 1634 id
1600 1579 1669 1635 ab
1697 1580 1893 1651 iniquis
1913 1579 2096 1637 utendi

500 1668 820 1740 indignitate
861 1685 965 1726 non
1021 1667 1247 1740 capitur.
1304 1671 1571 1728 Sanctitas
1619 1672 1716 1729 Dei
1769 1673 1870 1730 iter
1899 1675 2099 1751 populo

2270 457 2357 513 Η.
2385 456 2602 514 Iustitia
2619 456 2719 514 Dei
2734 460 3042 528 misericors,
3069 469 3118 515 et
3143 461 3496 517 misericordia
3505 463 3677 533 justa,
3695 481 3791 520 non

2194 549 2267 603 sic
2296 549 2578 608 hominum.
2599 549 2858 606 Patientia
2883 549 2978 607 Dei
3007 569 3130 624 erga
3153 563 3462 624 peccatores.
3483 585 3558 597 —
3587 554 3652 611 Et
3675 557 3791 627 jus-

2195 643 2306 700 titia
2331 642 2547 715 quidem
2577 643 2786 716 (supple
2815 643 3120 719 hominum)
3137 656 3282 703 recta
3309 655 3470 718 atque
3491 649 3646 704 utilis
3671 659 3787 706 est:

2197 733 2291 790 sed
2342 745 2519 792 tamen
2564 735 2754 792 eadem
2799 736 2915 806 ipsa
2952 736 3244 807 aliquando
3279 740 3523 810 praedura
3551 751 3678 807 est;
3719 743 3790 796 ita

2198 836 2256 884 ut
2293 828 2394 882 sibi
2436 830 2512 884 ttti
2533 828 2770 885 bonitate
2809 844 2916 886 non
2965 829 3143 892 liceat.
3172 829 3301 886 dum
3348 847 3446 902 pro
3476 831 3792 891 diversitate

2191 921 2379 993 judicii
2417 921 2762 979 decernendo
2801 921 2943 995 quod
2965 922 3172 994 justum
3198 933 3303 994 est,
3334 923 3396 979 ﬁt
3437 940 3651 982 severa.
3683 927 3786 983 Sed

2201 1013 2295 1069 Dei
2318 1014 2526 1083 iustitia
2554 1013 2778 1084 justitise
2809 1030 2916 1071 non
2961 1025 3274 1087 coaequatur
3303 1015 3578 1073 humanae.
3613 1017 3792 1089 Neque

2198 1107 2344 1161 enim
2385 1114 2592 1162 naturae
2638 1105 2744 1177 legi
2774 1105 2985 1162 subdita
3013 1115 3118 1174 est,
3142 1123 3237 1180 per
3262 1123 3424 1180 quam
3453 1117 3542 1164 est
3568 1107 3659 1164 lex
3689 1120 3794 1166 sta-

2200 1211 2314 1260 tuta
2345 1211 2550 1259 natura:
2583 1220 2596 1257 :
2631 1211 2688 1258 ut
2718 1203 3102 1260 necessitatem
3144 1220 3252 1260 non
3285 1203 3481 1259 habeat
3508 1205 3654 1260 bona
3690 1221 3792 1262 non

2199 1310 2342 1360 esse,
2376 1309 2495 1350 cum
2520 1294 2664 1366 justa
2693 1293 2782 1350 sit.
2813 1294 2987 1352 Habet
3017 1295 3109 1354 Dei
3148 1295 3356 1367 iustitia
3385 1296 3683 1372 miserandi
3707 1312 3794 1354 vo.

2199 1387 2459 1444 luntatem
2507 1404 2521 1442 :
2561 1403 2735 1458 neque
2776 1397 2954 1444 tamen
2985 1403 3079 1458 per
3133 1388 3430 1444 miserandi
3457 1390 3788 1447 voluntatem

2199 1479 2272 1534 ita
2299 1495 2328 1534 a
2353 1494 2415 1536 se
2455 1479 2559 1534 erit
2586 1479 2879 1543 demutata,
2927 1494 2994 1536 ne
3029 1479 3238 1551 justitia
3279 1480 3368 1534 sit.
3416 1481 3662 1538 llumana
3706 1498 3792 1538 au-

2201 1583 2306 1629 tem
2332 1574 2537 1643 justitia
2559 1574 2774 1630 soletin
2797 1573 2848 1630 id
2870 1573 3148 1640 devenire,
3177 1588 3246 1630 ne
3277 1574 3590 1630 misericors
3621 1576 3796 1642 sit;et

2201 1665 2566 1721 misericordia
2598 1667 2742 1721 itase
2773 1674 3046 1735 praestare,
3064 1680 3131 1721 ne
3143 1664 3286 1734 iusta
3317 1667 3408 1722 sit.
3434 1664 3792 1726 Misericordia

501 1775 602 1820 suo
630 1763 804 1820 diviso
849 1765 984 1820 mari
1017 1765 1245 1834 praebuit
1294 1765 1510 1836 (Exodi
1539 1782 1649 1834 xrv,
1688 1765 1761 1822 B2
1806 1775 1855 1821 et
1882 1765 2047 1838 seqq.)
2079 1785 2093 1822 :
2126 1754 2174 1816 Β
2201 1758 2344 1813 enim
2377 1755 2447 1828 (ο)
2478 1772 2583 1814 non
2613 1757 2736 1824 erit,
2765 1756 2813 1812 si
2841 1757 3225 1814 miserabiliter
3251 1757 3402 1828 inopi
3443 1758 3779 1814 calumnianti

499 1853 598 1910 sed
627 1854 815 1910 eadem
857 1856 1113 1912 sanctitas
1135 1865 1190 1912 et
1221 1858 1473 1914 terribilis
1497 1856 1596 1914 fuit
1616 1857 1808 1923 virtus,
1855 1873 1976 1914 cum
2005 1858 2094 1915 in-

499 1945 701 2016 gressis
723 1946 774 2001 in
802 1946 978 2012 ipsum
1010 1947 1113 2003 iter
1144 1948 1345 2019 impiis,
1377 1950 1465 2004 ubi
1498 1948 1673 2006 fuerat
1699 1950 1846 2006 salus
1874 1950 2093 2022 religio-

504 2052 712 2103 sorum,
740 2038 906 2112 625
935 2039 1004 2094 ibi
1049 2055 1202 2110 pana
1226 2043 1466 2098 constitit
1499 2041 1809 2113 impiorum.
1851 2043 2097 2100 Circum-

501 2138 648 2186 stant
674 2129 809 2184 alios
837 2130 1086 2186 lirmitate
1112 2133 1252 2188 muri
1275 2131 1520 2190 solidata:
1539 2134 1714 2202 undae,
1737 2134 1871 2192 alios
1900 2135 2095 2192 refusa)

503 2223 635 2295 ipsa:
656 2223 764 2279 illa:
791 2239 912 2294 quae
937 2226 1294 2282 constiterant
1314 2226 1624 2284 absorbent.
1655 2227 1734 2284 Ad
1773 2229 1905 2284 istos
1946 2229 2097 2299 pela-

501 2331 601 2386 gus
627 2325 870 2372 naturam
898 2331 1050 2372 suam
1079 2318 1286 2385 nescit;
1317 2319 1415 2375 hos
1441 2335 1534 2390 per
1562 2330 1804 2376 naturam
1833 2335 1986 2377 suam
2009 2337 2101 2392 pu-

500 2408 597 2464 nit.
625 2407 704 2464 Ad
730 2407 862 2464 istos
889 2424 956 2464 ex
983 2409 1114 2466 mari
1145 2419 1284 2466 terra
1315 2422 1436 2479 est;
1468 2411 1587 2468 istis
1613 2413 1755 2484 quod
1803 2423 1922 2472 crat
1948 2429 2098 2471 mare

496 2500 1001 2558 est.llorumsalus
1024 2505 1283 2559 sanctitas
1312 2513 1431 2571 est;
1485 2506 1676 2561 horum
1728 2524 1873 2563 mors
1921 2518 2098 2566 terror

498 2602 601 2648 est.
661 2593 769 2650 Aut
818 2610 942 2650 cum
969 2595 1143 2652 tribus
1190 2598 1371 2666 pueris
1401 2599 1454 2653 in
1486 2601 1701 2656 camino
1729 2602 2092 2668 cantantibus,

495 2685 905 2744 circumstantes
961 2688 1192 2746 flammis
1212 2705 1344 2759 quas
1399 2691 1474 2746 illi
1523 2708 1630 2748 non
1679 2694 1919 2750 sentiunt
1960 2695 2096 2752 adu-

497 2790 712 2847 runtur,
744 2782 851 2837 illis
877 2782 931 2838 iu
960 2785 1101 2840 roris
1147 2783 1374 2841 humore
1422 2785 1561 2857 ignis
1610 2795 1962 2858 temperatur.
1996 2789 2097 2847 hos

499 2885 806 2930 eamstuaus
835 2875 970 2945 ignis
996 2876 1248 2934 amburit.
1273 2876 1409 2947 ipsa:
1428 2879 1570 2934 intus
1597 2889 1854 2950 extraque
1867 2879 2100 2938 ﬂammat

500 2976 647 3033 sunt,
671 2981 919 3038 quarum,
952 2985 1048 3041 pro
1075 2970 1384 3026 diversitate
1407 2973 1748 3040 meritorum,
1777 2982 1832 3029 et
1856 2973 2040 3030 deﬁcit
2065 2991 2097 3032 a

502 3072 564 3114 se
595 3067 806 3128 natura,
839 3076 938 3118 nec
959 3061 1160 3118 deficit.
1184 3062 1320 3119 Nam
1348 3065 1489 3135 quod
1517 3074 1620 3132 est,
1650 3077 1831 3124 manet
1859 3082 1984 3139 erga
2005 3083 2102 3126 eos

2196 1850 2286 1921 jus
2327 1847 2683 1920 opulentioris
2719 1847 2982 1916 invideas,
3017 1851 3063 1906 si
3114 1849 3334 1907 femina:
3390 1851 3642 1923 lacrymas
3685 1853 3782 1910 viri

2200 1941 2457 2022 praeferas
2486 1942 2849 2008 contumelize,
2879 1942 2926 1998 si
2951 1942 3079 1998 cazci
3105 1943 3352 1998 convicia
3385 1958 3490 1998 non
3521 1953 3667 2014 putes
3694 1960 3780 2000 ar-

2196 2035 2426 2108 guenda.
2461 2036 2532 2091 At
2554 2050 2681 2091 vero
2721 2050 2752 2090 e
2795 2034 3067 2090 contrario
3110 2033 3540 2090 misericordiam
3577 2036 3779 2106 justitia

2201 2148 2308 2190 non
2337 2130 2562 2200 tenebit,
2591 2132 2636 2187 si
2666 2130 2838 2188 furem
2866 2130 3024 2186 unius
3051 2129 3282 2198 nummi,
3315 2139 3376 2184 ut
3402 2129 3576 2186 furem
3605 2131 3784 2199 ingen-

2199 2227 2266 2282 tis
2291 2226 2534 2282 thesauri
2566 2225 2800 2295 plectas;
2832 2239 2954 2280 cum
2988 2233 3167 2278 tamen
3198 2223 3250 2277 in
3292 2239 3404 2278 uno
3426 2239 3646 2278 nummo
3675 2223 3784 2278 the-

2197 2335 2418 2377 saurum
2442 2317 2692 2374 habuerit
2712 2317 2803 2388 qui
2833 2315 3012 2372 amisit
3043 2333 3055 2371 :
3086 2325 3144 2371 ut
3170 2315 3572 2371 adolescentem
3603 2315 3654 2370 in
3683 2330 3784 2371 uno

2191 2403 2405 2468 tantum
2437 2419 2491 2467 et
2529 2410 2720 2467 eodem
2749 2408 2936 2466 infami
2977 2407 3241 2464 adulterio
3272 2408 3568 2475 irretitum,
3597 2409 3701 2478 pari
3729 2408 3782 2464 in

2199 2516 2395 2573 morte,
2423 2514 2481 2564 ut
2508 2505 2736 2576 plurium
2767 2503 3156 2560 adulteriorum
3184 2501 3472 2570 artiﬁcem,
3501 2503 3581 2572 (tl)
3613 2517 3786 2572 pinna-

2199 2618 2318 2658 rum
2341 2601 2642 2672 quaestione
2660 2598 2916 2665 vexabis;
2950 2604 3274 2652 cumtamen
3305 2596 3514 2652 crimen
3548 2605 3616 2650 sit
3647 2610 3785 2649 mor-

2201 2695 2270 2752 tis
2293 2696 2346 2751 in
2377 2703 2624 2764 utroque.
2655 2691 2821 2764 626
2856 2690 2982 2746 ilice
3030 2698 3193 2760 atque
3243 2687 3552 2744 iStiusmodi
3595 2689 3784 2758 imper-

2201 2788 2396 2845 fectam
2445 2787 2651 2842 faciunt
2687 2798 2742 2841 et
2764 2782 3190 2840 misericordiam
3233 2791 3289 2838 et
3306 2782 3581 2853 justitiam
3615 2783 3786 2836 huma-

2203 2898 2357 2946 nam;
2381 2881 2476 2937 Dei
2506 2889 2688 2936 autem
2707 2878 2972 2948 justitiam
3002 2876 3408 2932 misericordem
3438 2885 3657 2946 praestat
3683 2873 3785 2927 cri-

2202 2976 2534 3032 minosorum
2563 2972 2737 3044 patriis
2781 2970 2986 3025 indulta
3017 2970 3292 3038 patientia.
3325 2968 3427 3037 Qui
3453 2983 3578 3023 cum
3609 2977 3784 3022 contra

2206 3081 2412 3122 morem
2457 3065 2706 3119 humanae
2757 3061 3107 3132 impatientius
3153 3075 3259 3115 non
3313 3059 3538 3114 festinat
3585 3059 3781 3130 pttttirn,

504 3151 642 3222 ignis
663 3167 784 3208 esse
801 3168 935 3225 quos
958 3155 1095 3221 urit;
1131 3163 1187 3210 et
1217 3155 1359 3226 quod
1390 3154 1464 3228 (b)
1495 3172 1600 3212 non
1628 3165 1731 3222 est,
1759 3161 1982 3214 necesse
2009 3171 2096 3218 est
2122 3151 2168 3216 C
2202 3159 2486 3214 miseratus
2515 3164 2639 3212 est:
2664 3162 2859 3211 tenens
2883 3153 3144 3222 justitiam
3186 3151 3238 3207 iu
3273 3166 3453 3222 pinna,
3484 3159 3611 3222 post
3643 3150 3783 3204 inise-

501 3244 556 3300 in
588 3245 669 3301 his
693 3261 813 3302 esse
854 3247 1048 3317 quibus
1076 3262 1163 3304 ros
1189 3258 1291 3304 est.
1343 3247 1519 3321 Atque
1559 3249 1631 3305 ita
1670 3251 2090 3322 magnitudinem

2200 3251 2486 3309 ricnrdiam
2521 3265 2628 3305 non
2658 3246 2971 3319 proﬁciente
3015 3245 3305 3318 patientia;
3340 3245 3550 3300 habens
3589 3244 3782 3298 miscri-

501 3343 777 3396 memoria:
799 3350 853 3395 et
880 3341 1178 3398 sanctitatis
1214 3342 1307 3398 Dei
1333 3343 1540 3414 justitia
1582 3343 1695 3400 sola
1745 3345 2092 3414 moderatur;
2194 3346 2435 3404 cordiam
2467 3345 2520 3400 in
2554 3359 2731 3414 poena,
2765 3350 2886 3411 post
2908 3341 3222 3410 patientiam
3251 3337 3322 3408 (e)
3349 3336 3662 3394 exserendo
3679 3336 3784 3406 jus-

501 3445 623 3488 cum
655 3448 750 3503 per
765 3434 1028 3503 justitiam
1071 3435 1162 3492 Dei
1208 3435 1276 3492 ad
1321 3434 1535 3506 iniquos
1583 3446 1745 3507 atque
1796 3439 1994 3509 justos,
2042 3451 2098 3500 et

506 3585 745 3644 mensura
777 3581 848 3624 est
874 3587 892 3625 :
915 3571 1056 3644 quod
1103 3569 1293 3642 nequit
1320 3579 1463 3628 stare
1487 3586 1608 3628 cum
1640 3571 1882 3642 proxime
1920 3571 2101 3644 dictis,

505 3657 607 3694 non
632 3642 780 3695 habet
810 3643 1040 3705 modum,
1068 3653 1172 3697 etc.

580 3712 868 3837 (utibEditi,
882 3714 1140 3784 justitiam
1163 3723 1322 3782 tuam,
1345 3729 1526 3786 grasco
1548 3723 1696 3772 testu
1721 3723 1775 3773 et
1794 3731 1897 3774 ms.
1931 3717 2100 3774 refra-

581 3799 612 3837 n
643 3801 653 3835 I
699 3799 779 3837 US.

509 3798 779 3855 gantmus.

581 3872 655 3941 (b)
694 3873 989 3950 Vocabula,
1023 3892 1123 3930 non
1143 3885 1236 3946 est,
1264 3876 1647 3950 desiderantur
1663 3877 1714 3950 in
1744 3878 1891 3948 prius
1920 3879 2101 3950 vulga-

513 3945 581 4000 tis
627 3963 640 3998 ε
690 3947 1007 4020 supplentur
1039 3961 1103 4002 ex
1154 3945 1254 4002 ms.
1286 3947 1413 4020 Post
1454 3947 1540 4004 illa
1572 3945 2094 4020 subint‘clligendu‘m.

512 4033 692 4090 nempe
716 4033 821 4072 ros.
850 4017 1036 4074 Potest
1058 4028 1113 4073 et
1135 4028 1242 4074 tota
1273 4019 1484 4088 phrasis
1521 4020 1600 4076 sic
1629 4021 1819 4076 inverti
1848 4017 1936 4076 Eet
1962 4022 2099 4091 quod

509 4100 606 4162 est,
637 4106 837 4162 necesse
867 4101 941 4145 est
960 4091 1015 4162 in
1041 4091 1120 4146 his
1150 4108 1250 4146 non
1275 4108 1382 4162 esse
1408 4092 1588 4162 quibus
1615 4108 1700 4146 ros
1731 4103 1823 4148 est.
1861 4094 1926 4150 Ut
1949 4094 2097 4150 enim

512 4161 740 4215 habetur
774 4161 866 4216 lib.
898 4178 927 4215 χ
957 4161 1024 4216 de
1065 4163 1216 4218 Trin.
1253 4179 1304 4217 n.
1339 4161 1450 4218 44⁷2
1482 4162 1737 4216 Naturam
1767 4181 1912 4217 suam
1937 4163 1988 4218 in
2021 4165 2101 4220 Itis

513 4239 560 4285 et
589 4248 804 4305 corpora
832 4243 879 4285 et
906 4233 1036 4305 ignis
1057 4234 1240 4287 amittit
1259 4248 1279 4298 ;
1300 4251 1418 4286 nam
1447 4250 1605 4303 neque
1625 4233 1717 4287 illa
1745 4245 1978 4298 uruntur,
2009 4251 2102 4288 ne-

514 4315 610 4367 que
627 4303 716 4355 ille
743 4309 845 4356 urit
881 4319 899 4358 :
929 4303 991 4357 ἐι
1022 4314 1189 4359 tamen
1219 4305 1273 4358 in
1296 4306 1491 4359 caneris
1530 4307 1584 4358 in
1623 4315 1808 4360 natura
1834 4321 1929 4361 sua
1955 4317 2025 4362 est
2053 4314 2105 4362 et

513 4372 649 4443 ignis
679 4383 724 4426 et
745 4390 965 4446 corpus;
992 4393 1109 4430 nam
1135 4377 1522 4432 circumstantes
1543 4377 1743 4432 ardent.

592 4466 668 4536 (ε)
688 4466 892 4543 Hicaut
911 4468 1292 4543 adjiciendum.
1316 4479 1406 4524 aut
1423 4469 2101 4543 subintelligendumjusta.
2133 4463 2188 4525 D

519 4535 810 4614 Muxapud
835 4535 992 4606 B.td.,
1025 4541 1114 4614 Er.
1139 4555 1188 4596 ct
1214 4539 1362 4611 Lips.
1397 4559 1409 4594 :
1435 4542 1478 4614 si
1505 4535 1723 4610 [emitth
1745 4535 1986 4614 lacrgmis
2015 4543 2110 4597 viri

520 4612 764 4680 praeferas
791 4612 1119 4668 contumelias
1142 4630 1159 4668 :
1185 4617 1365 4667 minus
1384 4611 1448 4668 ad
1475 4627 1614 4668 rem.

595 4699 674 4770 (ά)
699 4697 864 4772 ίῐςςιίιί,
883 4718 1051 4769 paena,
1081 4719 1180 4758 non
1196 4706 1506 4772 quastione:
1538 4701 1893 4760 emendantur
1920 4719 1986 4760 ex
2019 4719 2111 4759 co-

525 4769 646 4844 diCe
693 4769 1041 4844 Miciaccnsi,
1094 4769 1246 4844 cujus
1296 4775 1582 4831 lectionem
1638 4778 1920 4831 conilrmat
1971 4774 2106 4832 Cod.

521 4841 728 4898 Tlteod.
752 4843 788 4897 l.
816 4859 866 4897 tv
891 4858 904 4896 :
929 4859 1143 4912 quorum
1160 4841 1379 4916 appell.,
1401 4849 1487 4903 ubi
1512 4849 1751 4901 sancitur
1773 4857 1830 4902 ut
1857 4846 2110 4904 adulterii

519 4916 724 4969 crimen
760 4916 1124 4990 quwstionibus
1168 4919 1404 4973 «diribitis
1446 4919 1789 4990 approbatur;
1832 4928 1992 4987 atque
2033 4920 2106 4973 ita

519 4990 793 5060 sacrilegos
827 4989 1123 5062 nuptiarum
1164 4997 1419 5062 tamquam
1475 4989 1775 5060 manifestos
1825 4991 2104 5062 parricidas

519 5062 721 5134 i_n_suere
763 5060 909 5134 culeo
949 5061 1106 5124 uiuos,
1149 5060 1228 5134 _ve_l
1264 5077 1471 5134 exurere
1503 5060 1832 5134 judicantem'
1852 5070 2102 5134 oporteat.

519 5131 708 5203 Eidem
736 5131 1058 5200 sum-agatur
1080 5130 1646 5203 celebrisliicroiuymi
1674 5130 1900 5203 epistola
1933 5146 2058 5203 ut:
2083 5172 2100 5200 ,

521 5202 583 5274 de
600 5201 810 5256 muliere
825 5203 1011 5273 septies
1033 5203 1152 5268 icta,
1177 5201 1255 5256 sic
1273 5201 1341 5255 ab
1359 5218 1426 5274 eo
1458 5201 1729 5274 inscripta,
1761 5201 1882 5274 quia
1914 5201 2105 5257 mulier

519 5273 781 5329 innocms
821 5271 921 5330 una
960 5289 1082 5329 cum
1124 5273 1322 5342 juvene
1363 5271 1905 5331 adulterii’accusata
1949 5274 2106 5330 toties

519 5359 776 5416 percussa
829 5356 932 5413 est,
975 5360 1096 5400 cum
1142 5345 1355 5416 juvenis
1392 5345 1596 5398 malens
1633 5359 1690 5416 se
1731 5361 1880 5404 reum
1927 5343 2100 5410 fateri,

519 5415 680 5488 quam
730 5416 1016 5474 diuturnos
1059 5415 1425 5472 acerbissima:
1471 5415 1780 5488 quatstiouis
1835 5417 2103 5472 cruciatus

522 5484 784 5558 perferre,
809 5490 986 5557 capite
1017 5497 1291 5543 truncatus
1317 5495 1484 5542 esset.
1507 5484 1822 5542 Ambrosius
1864 5502 2103 5558 quoque,

517 5557 614 5616 lib.
643 5559 713 5614 de
737 5559 888 5629 lapsu
916 5559 1062 5630 Virg.
1095 5575 1340 5616 consecr.
1371 5573 1421 5614 c.
1457 5558 1510 5623 5,
1543 5573 1718 5630 mu,
1749 5559 1920 5630 innuit
1963 5557 2108 5613 mor-

523 5632 590 5686 tis
622 5627 832 5702 pinnam
871 5635 922 5686 in
948 5627 1222 5688 adulteros
1254 5632 1548 5702 decretam.
1585 5628 1806 5702 Dcmutn
1851 5627 2105 5702 Justinia-

527 5700 636 5756 nus
677 5702 898 5760 Novella
927 5719 1146 5770 cxxnv,
1177 5720 1228 5760 c.
1269 5704 1358 5770 i0,
1387 5700 1721 5758 Constantini
1764 5701 2104 5757 constitutio-

525 5783 650 5827 nem
671 5773 738 5829 de
767 5789 924 5844 pwua
952 5775 1212 5834 adulteris
1237 5773 1522 5849 inlligentla
1559 5770 1750 5846 probat
1776 5781 1936 5844 atque
1971 5787 2106 5832 con-

2155 3489 2167 3500 .
2197 3441 2392 3496 titiam.
2423 3437 2539 3494 Non
2568 3437 2712 3492 enim
2743 3435 2884 3491 Deus
2928 3433 3069 3506 rapit
3109 3433 3466 3488 humanorum
3507 3431 3776 3486 criminum

2209 3575 2406 3630 ﬁrmat.
2459 3571 2613 3628 Hunc
2654 3571 2787 3642 legis
2841 3577 2949 3626 tam
2989 3581 3192 3642 severae
3238 3568 3467 3642 primum
3528 3577 3780 3642 auctorem

2207 3646 2360 3702 multi
2413 3642 2635 3700 faciunt.
2668 3639 2738 3698 Αἱ
2780 3658 2900 3698 eam
2929 3650 3055 3696 ante
3098 3639 3520 3696 Constantinum
3569 3641 3780 3708 viguisse

2206 3734 2313 3774 non
2347 3715 2552 3772 inﬁcias
2600 3715 2742 3774 ierit.
2777 3715 2864 3782 qui
2893 3709 3032 3782 apud
3061 3711 3509 3782 EusebiumLIib.
3555 3727 3602 3766 tv
3627 3710 3772 3782 _llist.

2206 3785 2352 3846 Eccl.
2387 3803 2435 3842 c.
2465 3786 2552 3852 17,
2583 3785 2712 3840 edit.
2740 3777 2884 3848 val.,
2927 3777 3149 3854 legerit,
3192 3779 3324 3854 Cum
3356 3777 3596 3835 Urbicius
3623 3778 3782 3854 Pto_le-

2204 3873 2391 3930 mirum
2417 3857 2485 3910 ad
2507 3850 2816 3930 supplicium
2846 3850 3242 3930 dueij'ussisset,
3293 3853 3563 3930 Lucius”t
3594 3855 3660 3906 sic
3692 3850 3784 3906 Ur-

2205 3927 2393 3984 bicium
2422 3925 2674 3983 allocutus
2691 3937 2765 3982 est
2795 3943 2815 3981 :
2845 3927 2982 3992 Quid
3006 3941 3171 3978 cauare
3195 3932 3291 3989 est,
3333 3934 3388 3977 ut
3423 3925 3672 3977 hominem
3701 3941 3784 3976 ne-

2204 4018 2300 4071 que
2330 4001 2592 4064 adulterii,
2624 4016 2781 4068 neque
2810 3999 2974 4071 stupri
3000 3998 3300 4071 convictum,
3329 4011 3421 4050 nec
3466 3996 3782 4071 homicidam,

2208 4065 2298 4128 nec
2315 4074 2548 4140 furem...
2573 4065 3022 4125 condemnaveris?
3047 4065 3369 4140 Ptoletutens
3397 4078 3580 4140 autem
3601 4065 3663 4120 Μ.
3682 4065 3782 4140 Att-

2209 4136 2343 4200 relic
2372 4141 2672 4210 imperante
2713 4155 2902 4212 pacsus
2930 4147 3014 4212 est
3073 4153 3086 4191 :
3131 4136 3241 4212 jam
3288 4145 3399 4191 tum
3433 4137 3596 4206 igitur
3615 4137 3788 4212 mortis

2211 4229 2366 4286 ptena
2416 4209 2789 4286 plectebantur
2815 4209 3085 4286 adulteri.
3113 4209 3218 4286 _lta
3287 4210 3786 4286 ευειον-ρρδςὶοη-ξς

2211 4280 2263 4342 S.
2304 4280 2591 4351 Vincentii,
2635 4284 2687 4337 in
2711 4283 2858 4338 Actis
2877 4285 3078 4337 sincer.
3111 4281 3296 4347 Μαι-ι.⁹
3329 4295 3452 4351 pag.
3481 4280 3610 4344 392,
3653 4298 3704 4333 ιι.
3735 4281 3787 4344 5,

2211 4357 2354 4414 inter
2379 4349 2629 4421 crimina,
2669 4369 2787 4424 qua:
2817 4353 3134 4424 capitalibus
3165 4351 3338 4424 ptenis
3359 4349 3603 4424 obtunsis
3625 4363 3787 4424 erant,

2213 4425 2532 4482 adulterium
2557 4420 2821 4481 recenset.
2847 4420 2903 4479 In
2937 4421 3125 4478 iisdem
3149 4420 3303 4488 actis,
3339 4435 3460 4492 pag.
3482 4420 3790 4487 HLAcha-

2215 4500 2320 4555 tius
2357 4498 2616 4553 Martiano
2661 4497 2928 4551 consulari
2978 4495 3119 4550 Decii
3168 4495 3515 4562 imperatoris
3545 4494 3791 4563 praelecto

2212 4571 2310 4625 sibi
2337 4570 2547 4640 jubenti
2577 4609 2593 4635 ,
2625 4568 2724 4622 Aut
2769 4568 3031 4634 sacriﬁca,
3088 4575 3177 4621 aut
3214 4581 3436 4640 morere,
3468 4567 3789 4640 respondet:

2211 4640 2310 4695 Jus
2338 4635 2620 4708 'publicum
2676 4639 3197 4710 punitrscortutorem‘,
3246 4635 3560 4710 adulterum,
3596 4638 3790 4710 frtrem,

2213 4705 2559 4779 corruptorem
2594 4705 2743 4764 senius
2794 4709 2974 4772 virilis,
3019 4707 3304 4777 maleficum
3357 4717 3404 4760 et
3445 4705 3790 4779 homicidam.

2219 4778 2418 4837 Horum
2437 4783 2482 4837 si
2509 4795 2624 4836 reus
2644 4797 2776 4846 sum,
2807 4789 2923 4834 ante
2941 4795 3110 4834 vocem
3137 4781 3407 4850 tnamjnm
3435 4778 3550 4844 ipse
3577 4792 3656 4831 me
3675 4793 3795 4850 con.

2214 4855 2415 4908 demno.
2449 4853 2529 4907 Ad
2553 4853 2671 4907 hare
2692 4851 2983 4916 Arnobius,
3010 4852 3098 4905 lib.
3135 4866 3206 4914 tv,
3239 4849 3426 4918 centra
3444 4856 3635 4918 gentes
3674 4849 3798 4902 deo-

2213 4941 2330 4979 rum
2349 4925 2626 4994 gentilium
2647 4922 2904 4994 adulteria
2929 4921 3278 4994 exprobrans,
3306 4917 3582 4994 Homines,
3608 4921 3791 4994 inquit,

2208 4991 2465 5050 adultEria
2489 4994 2683 5067 legibus
2722 4993 3003 5067 uindicant,
3037 5002 3084 5067 et
3124 4991 3430 5067 capitalibus
3453 5006 3546 5067 eos
3581 4991 3796 5067 amcitia!

2207 5068 2390 5137 panis,
2422 5059 2556 5136 quos
2578 5067 2632 5118 in
2661 5064 2829 5137 aliena
2855 5059 3327 5137 corripreltettderint
3358 5059 3556 5137 foedera
3592 5059 3798 5137 genialis

2281 5133 2450 5210 lectuli
2467 5135 2838 5210 expugnatione
2848 5133 3111 5210 dejecisse.
3138 5133 3419 5210 Postremo
3439 5135 3476 5210 ᾼ
3488 5133 3764 5210 ttgusunus
3776 5173 3790 5193 ,

2209 5205 2304 5264 lib.
2339 5225 2393 5266 ιη
2416 5207 2483 5264 de
2513 5199 2629 5263 Civ:
2667 5207 2784 5275 Dei,
2813 5221 2862 5262 c.
2892 5199 2949 5273 5,
2977 5199 3066 5261 ubi
3107 5205 3180 5260 ait
3214 5221 3226 5257 :
3255 5203 3466 5272 Antiqui
3507 5199 3796 5256 Romani...

2209 5278 2474 5335 adulteras
2491 5279 2744 5352 feminas,
2775 5277 3005 5352 quamvis
3020 5277 3202 5352 aliqua
3225 5275 3574 5352 damnatione,
3591 5290 3696 5327 non
3725 5285 3802 5352 tu:

2213 5367 2328 5406 men
2351 5341 2511 5406 morte
2534 5341 2850 5422 plecteban't;
2893 5341 3199 5422 siguiﬁcare
3234 5344 3443 5402 videtur
3468 5346 3626 5401 alium
3657 5341 3798 5414 apud

2211 5417 2544 5492 posteriores
2562 5437 2763 5477 morem
2793 5417 3322 5492 obtinuisseaNeque
3345 5431 3569 5492 necesse
3588 5427 3670 5469 est
3688 5430 3798 5492 nio-

2210 5485 2434 5550 iieamus
2459 5496 2680 5564 aritiqua
2711 5493 2826 5563 lege
2853 5503 3093 5554 cautum,
3113 5485 3271 5546 Dcui.
3303 5504 3434 5557 χιιι,
3463 5487 3626 5554 29.,ut
3649 5485 3802 5540 adul-

2211 5565 2644 5643 terctaduitcra
2676 5565 3216 5643 mortepunirentur.
3237 5631 3251 5643 _
3307 5631 3337 5643 Α

2285 5637 2358 5709 (e)
2390 5637 2505 5706 llic,
2533 5647 2587 5695 ut
2605 5646 2660 5694 et
2679 5636 2832 5704 alias,
2857 5631 2908 5693 in
2924 5633 3150 5708 vulgatis
3168 5631 3517 5692 substitutum
3530 5636 3646 5688 erat
3658 5645 3804 5686 (πει-ο

2207 5711 2390 5770 cendo.
