3896 6336
132 353 242 408 861

1187 353 1602 410 ΤΒΑΟΤΑΤΠΞ
1632 353 1696 409 ΙΝ
1735 354 1942 412 CXLIV
1981 355 2330 414 PSALMUM.

3324 360 3431 416 862

135 466 482 533 occasiones,
525 482 698 537 neque
732 477 1000 538 tamquam
1032 469 1358 525 inﬁrmitatis
1408 478 1606 525 nostra
1637 485 1728 525 ua-
1755 473 1809 532 Δ
1834 471 2129 528 dominatui
2172 473 2434 543 intelligat
2472 482 2819 529 eoreteruam.
2852 473 3026 545 Atque
3079 474 3147 528 ita
3195 475 3433 544 cognitio

137 571 388 632 tuncque
439 563 672 628 nescius,
703 561 877 633 ipsum
909 561 1039 618 illud
1086 562 1152 618 ad
1185 579 1396 633 pteuam
1438 564 1639 620 erroris
1681 574 1737 622 et

136 655 351 724 peccati
377 656 545 708 nostri
589 663 803 726 tempus
824 656 903 727 (a)
931 657 1133 713 invadit
1167 676 1180 712 :
1211 658 1306 714 sed
1350 659 1656 715 dissiumlat
1681 668 1735 715 et

135 743 344 810 dili'ert,
369 756 425 800 et
464 746 793 816 poenitentia:
821 748 1072 803 solatium
1104 747 1360 806 dilatione
1387 751 1604 805 ultionis
1635 765 1734 806 ex-

134 847 384 909 Spcctat;
419 854 647 896 suavem
678 856 736 894 se
763 841 1014 896 omnibus
1043 851 1326 912 prmstans,
1357 843 1480 899 dum
1511 859 1608 916 per
1636 846 1737 900 mi-

135 933 457 989 sericerdiae
479 944 532 990 et
550 934 770 1005 justitize
795 935 1035 1003 modum,
1067 938 1436 1009 temperanda:
1475 939 1735 995 severita-

139 1029 214 1084 tis
240 1030 593 1100 indulgentiae
619 1046 677 1087 se
702 1041 964 1086 reservat.

219 1125 308 1179 15.
339 1123 539 1189 Miseri,
567 1124 883 1194 praecipuum
912 1121 1007 1178 Dei
1027 1123 1364 1194 (ψη-1100
1394 1124 1447 1180 in
1472 1125 1580 1180 Deo
1600 1141 1737 1198 prac-

136 1217 385 1287 cipuum,
419 1217 521 1270 hoc
552 1216 602 1270 iu
628 1226 846 1286 potente
876 1215 1200 1272 laudandum
1235 1235 1248 1272 :
1276 1233 1381 1274 non
1423 1219 1617 1274 caelum
1661 1219 1740 1276 le-

136 1310 311 1375 cisse,
330 1310 452 1381 quia
475 1318 668 1380 potens
694 1319 807 1378 est;
839 1325 943 1365 non
963 1321 1160 1366 terram
1188 1309 1463 1379 fundasse,
1481 1313 1606 1382 quia
1628 1312 1738 1368 vir-

136 1410 232 1458 tus
262 1411 375 1469 est;
404 1418 510 1457 non
553 1416 753 1457 annum
796 1401 955 1456 astris
993 1411 1343 1473 temperasse,
1375 1403 1495 1473 quia
1525 1404 1740 1471 sapiens

136 1506 226 1550 est
250 1513 264 1561 ;
289 1511 394 1550 non
423 1494 696 1549 hominem
723 1495 1012 1561 animasse,
1035 1495 1157 1565 quia
1179 1495 1286 1550 vita
1311 1505 1427 1561 est;
1456 1511 1562 1550 non
1591 1512 1741 1553 mare

137 1589 198 1644 in
227 1603 476 1645 accessus
515 1603 579 1643 ac
619 1588 877 1666 decessus
920 1587 1174 1654 movisse,
1207 1589 1330 1658 quia
1361 1589 1579 1659 spiritus
1608 1599 1691 1644 est
1721 1607 1735 1641 :

141 1681 247 1738 sed
275 1678 676 1736 misericordem
704 1695 847 1748 esse,
877 1681 968 1752 qui
1010 1679 1187 1750 justus
1214 1691 1328 1745 est;
1358 1681 1450 1735 sed
1477 1682 1740 1738 miseran-

143 1783 261 1830 tem
288 1788 426 1839 esse,
456 1773 544 1844 qui
583 1788 678 1828 rex
708 1782 821 1837 est;
854 1772 949 1828 sed
993 1771 1426 1829 dissimulantem
1475 1789 1620 1840 esse,
1648 1775 1738 1844 qui

139 1867 294 1923 Deus
320 1876 423 1922 est.
455 1866 536 1921 Ad
583 1865 634 1921 id
680 1866 821 1920 enim
851 1866 991 1936 quod
1015 1865 1217 1921 dictum
1258 1877 1361 1933 εει,
1407 1864 1621 1921 Iustitia
1649 1876 1738 1922 tua
1766 1864 1815 1925 B

137 1958 494 2024 exsultabant,
532 1966 782 2028 tanquam
825 1958 1190 2013 necessarium
1213 1959 1474 2029 sequitur,
1505 1957 1670 2015 Vens.
1703 1961 1736 2015 8

137 2064 198 2110 et
227 2055 260 2107 9
296 2071 310 2107 ς
345 2051 617 2106 Miserator
649 2062 695 2106 et
721 2053 1011 2106 misericors
1044 2049 1297 2106 Dominus
1325 2061 1424 2119 est,
1465 2053 1662 2121 patiens
1691 2063 1739 2107 et

136 2145 324 2199 multa
353 2144 734 2199 misericordiaz.
766 2144 954 2199 Suavis
983 2141 1235 2198 Dominus
1262 2146 1531 2212 universis,
1564 2156 1609 2200 et
1646 2148 1741 2200 mi-

136 2239 425 2293 serationes
449 2241 562 2311 ejus
583 2255 734 2308 super
753 2239 924 2292 omnia
954 2255 1109 2310 opera
1134 2239 1266 2310 ejus.
1300 2239 1453 2308 Quod
1475 2241 1618 2295 enim
1648 2258 1741 2311 pu-

139 2340 275 2386 tens
304 2338 406 2395 est,
439 2339 644 2385 natura:
671 2345 782 2384 sua:
812 2331 988 2385 virtus
1019 2341 1100 2386 est
1130 2349 1144 2384 :
1174 2331 1318 2402 quod
1362 2342 1541 2388 autem
1577 2335 1741 2390 mise-

138 2424 323 2479 ricors
351 2432 454 2488 est,
488 2422 675 2477 salutis
713 2432 913 2477 nostrae
946 2423 1218 2494 proiectus
1250 2432 1351 2479 est.
1387 2423 1452 2478 Et
1482 2427 1600 2496 plus
1633 2435 1738 2496 est,

139 2531 257 2570 non
288 2513 400 2570 suis
429 2514 523 2581 uti,
557 2514 653 2570 sed
679 2514 802 2569 aliis
833 2516 1148 2584 praestitisse
1182 2533 1301 2587 qua:
1340 2533 1433 2572 sua
1461 2528 1586 2573 sunt
1613 2535 1624 2572 :
1655 2528 1739 2574 at-

145 2624 259 2680 que
290 2599 410 2663 ideo
442 2615 658 2680 przcstat
679 2607 889 2662 ett-teris
923 2608 1020 2665 Dei
1066 2611 1320 2680 Operibus
1349 2611 1739 2679 misericordia,

139 2701 272 2772 quia
297 2702 577 2772 magniﬁca
609 2695 726 2770 ejus
755 2703 1000 2772 operatio
1032 2704 1243 2760 virtutis
1267 2719 1381 2760 sua:
1413 2719 1503 2760 res
1524 2705 1744 2773 est,mi-

139 2793 442 2850 sericordia
472 2810 600 2850 vero
624 2794 742 2866 ejus
771 2811 899 2850 usus
921 2796 1130 2853 alienus
1156 2806 1256 2852 est.

227 2885 313 2942 16.
378 2885 790 2942 Immortalitatis
843 2899 1030 2943 uostrre
1085 2887 1340 2960 probatio.
1371 2889 1553 2946 —-Ob
1597 2892 1742 2963 quod

146 2991 424 3054 tamquam
470 2980 521 3036 iu
553 2981 706 3052 apice
728 2983 842 3050 ipse
887 2980 1187 3036 divinarum
1217 2983 1286 3039 ob
1316 2984 1741 3040 misericordiam

146 3078 373 3133 laudum
406 3066 672 3146 Propheta
700 3075 1024 3143 consistens,
1056 3075 1294 3133 debitum
1329 3077 1441 3133 Deo
1480 3079 1739 3135 honorem

143 3169 318 3226 veluti
361 3170 588 3240 publica:
637 3169 992 3225 confessionis
1035 3169 1534 3253 ostenditudicens,
1570 3172 1734 3228 Vens.

151 3267 366 3322 1043:
404 3262 757 3333 Conﬁteantur
797 3262 884 3316 tibi
927 3259 1147 3317 Domine
1175 3267 1346 3318 omnia
1385 3283 1541 3335 opera
1560 3278 1668 3334 tua,
1699 3277 1744 3322 et
1772 3257 1819 3323 Ο

149 3359 319 3414 sancti
341 3358 412 3411 tui
437 3358 779 3426 conﬁteantur
806 3356 911 3409 tibi.
941 3355 1168 3410 Gloriam
1196 3360 1338 3430 regni
1370 3359 1444 3412 tui
1479 3361 1668 3426 dicent,
1700 3371 1746 3415 et

151 3451 432 3522 potentiam
461 3460 600 3502 tuam
631 3448 902 3517 loquentur
930 3457 1022 3503 θυι
1071 3458 1242 3503 notant
1277 3450 1471 3519 faciant
1507 3452 1629 3519 [iliis
1656 3453 1750 3506 Ito-

104 3586 110 3591 ο
149 3547 351 3602 minam
373 3547 646 3616 potentiam
673 3554 834 3610 tuam,
859 3554 906 3599 et
929 3545 1144 3617 gloriam
1172 3547 1567 3618 magniﬁcentia!
1583 3548 1744 3620 627

147 3639 299 3712 regni
327 3639 420 3692 tui.
455 3637 692 3710 Regnum
729 3646 872 3691 tuum
916 3638 1141 3692 omnium
1193 3639 1517 3707 sa’culorum,
1549 3651 1596 3695 et
1650 3642 1746 3695 do-

148 3729 374 3787 minatio
407 3741 494 3784 tua
524 3731 577 3782 in
629 3730 768 3783 omni
807 3731 1134 3803 generatione
1178 3741 1225 3785 et
1255 3733 1513 3805 pregenie.
1549 3733 1748 3806 Dignus

150 3823 470 3895 prepbetiea
504 3821 957 3892 magniloquentia
983 3819 1116 3876 ordo
1148 3822 1410 3878 dictorum
1441 3834 1543 3879 est.
1572 3824 1749 3896 Opera

150 3917 327 3973 Deum
368 3915 694 3970 conﬁtentur
722 3934 735 3970 :
767 3930 925 3986 quam
982 3913 1295 3985 magniﬁcus
1325 3917 1468 3971 enim
1495 3917 1586 3986 sit,
1616 3935 1750 3989 epe-

149 4024 279 4066 rum
311 4021 365 4063 et
395 4017 656 4063 creaturae
701 4006 1092 4078 magniﬁcentia
1125 4009 1430 4064 conﬁtetur.
1478 4009 1584 4066 Sed
1615 4026 1749 4066 con-

153 4105 381 4160 ﬁtentur
404 4103 666 4170 etsancti,
697 4101 890 4174 quibus
923 4117 1018 4156 rex
1060 4116 1180 4158 esse
1206 4102 1476 4173 dignatur.
1510 4102 1750 4159 Gloriam

152 4195 314 4267 regni
337 4197 658 4266 eloquuntur
689 4213 701 4248 :
731 4211 795 4249 ne
824 4192 1066 4263 ignorata
1109 4209 1213 4248 non
1252 4194 1593 4250 desideretur
1621 4210 1752 4250 usu-

152 4292 259 4346 ris.
300 4283 743 4358 Magniﬁcentiam
785 4301 998 4358 quoque
1045 4286 1234 4358 gloria:
1275 4288 1424 4358 regni
1469 4288 1563 4344 Dei
1611 4305 1754 4345 nun-

159 4382 303 4438 tiant
327 4400 341 4436 :
376 4397 443 4436 ne
469 4379 787 4450 desperetur
808 4389 1033 4436 aeterna.
1062 4375 1374 4435 Dominatus
1401 4378 1561 4435 etiam
1593 4381 1646 4436 in
1667 4397 1759 4455 ge-

157 4478 501 4534 nerationem
551 4486 606 4532 et
642 4475 1044 4548 generationem
1096 4477 1400 4534 ostenditur
1450 4480 1571 4554 :(b)
1599 4492 1657 4540 ut
1699 4499 1759 4542 se

1839 568 1933 622 Dei
1961 569 2015 622 in
2038 569 2294 638 operibus
2319 575 2422 632 est,
2469 579 2775 624 sanctorum
2805 567 3042 623 ofﬁcium
3086 568 3136 621 in
3185 566 3428 624 doctrina

1837 669 1941 726 est,
1975 661 2271 730 prophetiae
2300 673 2426 715 usus
2449 661 2500 716 iu
2531 661 2911 731 prmdieatioue
2936 669 3040 727 est,
3075 661 3222 728 regni
3255 660 3426 730 gloria

1838 750 1892 805 in
1915 753 2214 809 aeternitate
2238 752 2550 808 dominatus
2572 763 2676 820 est,
2709 753 3014 808 dominatus
3041 753 3311 808 reternitas
3337 767 3430 807 eos

1839 859 2064 900 necesse
2089 855 2173 901 est
2200 845 2415 912 habeat,
2442 847 2492 900 in
2521 862 2655 916 quus
2677 856 2860 917 agatur
2887 857 3158 902 aeternus.

1915 960 2004 1015 Π.
2029 959 2288 1015 Sanctitas
2315 975 2528 1031 operum
2548 957 2647 1016 Dei
2672 961 2937 1015 verborum
2963 960 3132 1029 ﬁrmat
3155 955 3329 1030 ﬁdem.
3361 990 3433 1003 —-

1841 1054 2018 1123 Atque
2041 1053 2107 1106 ad
2139 1053 2188 1108 id
2219 1053 2417 1124 spebus
2447 1054 2694 1109 ﬁdelibus
2715 1052 3100 1122 expetendum,
3125 1052 3430 1109 adhortatio

1841 1147 2127 1217 Propheta:
2147 1149 2405 1204 continuo
2428 1146 2672 1220 subjecta
2694 1156 2779 1204 est
2809 1164 2824 1200 :
2856 1145 3054 1203 Fidelis
3099 1143 3353 1203 Dominus
3379 1147 3432 1203 in

1839 1242 2004 1296 verbis
2034 1241 2160 1309 suis,
2187 1249 2236 1296 et
2261 1253 2471 1297 sanctus
2517 1241 2569 1296 in
2599 1243 2834 1297 omnibus
2877 1241 3113 1312 aperibus
3138 1243 3266 1298 suis.
3305 1241 3434 1298 Ver-

1842 1335 2029 1389 borum
2061 1332 2193 1388 ﬁdes
2214 1330 2355 1388 forte
2404 1340 2639 1401 nutaret,
2668 1333 2770 1389 nisi
2797 1334 3053 1389 sanctitas
3075 1335 3324 1404 operibus
3350 1349 3436 1388 es-

1841 1435 1924 1483 set
1957 1427 2216 1483 admixta.
2249 1427 2425 1499 Atque
2472 1428 2542 1482 ita
2589 1429 2847 1484 sanctitas
2875 1427 2928 1484 in
2965 1427 3242 1499 operibus,
3271 1427 3431 1483 ﬁdem

1841 1519 2126 1576 conﬁrmat
2155 1521 2208 1576 in
2250 1519 2436 1576 verbis
2471 1537 2485 1575 :
2517 1529 2573 1575 ut
2613 1521 2682 1578 de
2725 1521 2892 1578 sancti
2933 1523 3034 1578 ﬁde
3075 1521 3126 1576 in
3155 1519 3436 1593 promissis

1842 1628 1949 1669 non
1994 1614 2257 1686 ambigas,
2293 1615 2446 1684 cujus
2501 1616 2781 1670 sanetitate
2827 1617 2994 1671 utaris
3047 1613 3102 1670 in
3147 1616 3330 1670 rebus.
3375 1615 3434 1672 Si

1842 1707 1986 1760 cuitu
2017 1713 2261 1760 sanctum
2305 1721 2426 1762 esse
2461 1703 2626 1760 Deutn
2657 1706 3004 1776 intelligimus
3050 1715 3147 1777 per
3190 1705 3240 1760 id
3291 1707 3435 1777 quod

1846 1799 2137 1864 nascimur,
2165 1799 2421 1864 vivimus,
2453 1798 2669 1864 alimur,
2698 1808 2752 1854 et
2781 1798 2948 1870 copiis
2973 1799 3223 1854 erunibus
3248 1799 3438 1853 huma-

1844 1907 1926 1946 na:
1949 1898 2156 1945 natura:
2177 1890 2428 1962 congruis
2451 1891 2822 1957 abundamus;
2847 1891 3100 1947 sanetitas
3125 1892 3194 1946 ita
3220 1891 3284 1963 (f.
3309 1891 3432 1956 ista)

1844 1993 1971 2040 esse
1999 1999 2106 2038 nun
2135 1993 2311 2054 potest
2341 1983 2572 2038 lulidelis
2603 1983 2657 2038 in
2681 1982 2859 2038 dictis.

1921 2097 2014 2155 18.
2048 2095 2366 2154 Pwnitentes
2397 2095 2630 2166 su/I'ulcit
2672 2095 2830 2153 Deus.
2863 2129 2930 2140 —
2961 2095 3073 2153 Scit
3115 2105 3290 2153 autem
3316 2095 3448 2154 Pro-

1845 2185 2007 2262 pheta
2038 2207 2160 2246 esse
2202 2200 2255 2246 et
2298 2190 2443 2245 aliud
2481 2187 2784 2247 sanctitatis
2819 2189 2911 2245 Dei
2933 2206 3086 2261 opus,
3123 2189 3173 2244 in
3205 2206 3269 2244 eo
3297 2190 3440 2260 quod

1845 2279 2096 2353 sequitur
2127 2299 2138 2336 :
2175 2281 2421 2349 Suﬂulcit
2450 2279 2704 2335 Dominus
2733 2298 2905 2336 ontnes
2951 2281 3037 2350 qui
3064 2289 3240 2345 ruunt,
3271 2289 3320 2336 et
3361 2279 3436 2353 (ι’)

1845 2373 1994 2449 erigit
2035 2385 2208 2429 omnes
2240 2375 2410 2429 elisos.
2457 2371 2626 2432 Adest
2653 2374 2901 2428 erunibus
2957 2371 3047 2426 Dei
3077 2374 3355 2438 sanctitas,
3389 2382 3442 2426 ct

1845 2485 1905 2525 se
1937 2469 2184 2524 humanis
2213 2469 2427 2524 auxiliis
2456 2485 2562 2522 non
2605 2467 2893 2522 subtrahit.
2928 2466 3033 2522 Sed
3067 2476 3250 2521 servat
3278 2465 3439 2522 etiam

1847 2581 1988 2623 nunc
2011 2563 2235 2638 iustitiae
2266 2572 2320 2620 et
2347 2561 2731 2620 misericordite
2756 2561 2833 2635 (ά)
2856 2559 3123 2633 Propheta
3153 2561 3440 2617 rationem.

1847 2661 2096 2718 Suﬁulcit
2120 2661 2263 2716 enim
2295 2659 2572 2722 Dominus,
2599 2673 2703 2711 non
2720 2655 3007 2726 collapsos,
3036 2654 3128 2709 sed
3161 2654 3439 2710 cadentes.

1846 2759 2093 2822 Quos,et
2135 2749 2178 2809 si
2225 2751 2400 2807 trahat
2431 2765 2631 2822 pronus
2676 2753 2880 2803 naturae
2927 2747 3108 2817 lapsus
3139 2745 3189 2800 iu
3235 2761 3439 2813 casum,

1847 2845 2162 2920 poenitentia
2193 2854 2395 2909 tamen,
2437 2859 2556 2914 quae
2600 2849 2786 2898 auctor
2814 2850 2895 2896 εει
2915 2838 3220 2905 desinendi,
3254 2854 3322 2893 ne
3352 2854 3445 2908 pe-

1849 2947 2006 3001 nitus
2047 2941 2158 3014 jam
2185 2942 2254 3014 (e)
2293 2938 2611 3002 ceciderint,
2659 2935 2832 3001 sistet,
2885 2934 2936 2988 in
2989 2929 3141 3002 lapsu
3187 2929 3442 2985 suli'ulcit.

1849 3036 2028 3091 ﬂuere
2057 3034 2224 3099 enim,
2278 3047 2382 3085 non
2426 3029 2620 3095 ruisse,
2668 3027 2846 3097 potest
2882 3023 2934 3079 in
2963 3021 3016 3078 id
3067 3021 3442 3078 conﬁrmatum

1856 3145 1978 3185 esse
2008 3144 2076 3184 ne
2108 3125 2294 3182 rtterit.

1924 3248 2011 3303 l9.
2045 3245 2213 3300 Elisos
2239 3259 2327 3314 per
2344 3240 2678 3314 fragilitatem
2708 3245 2795 3291 aut
2821 3251 3043 3290 errorem
3073 3233 3313 3308 erigit.-—
3339 3230 3446 3286 Sed

1854 3340 2198 3406 eteriguntur
2218 3334 2375 3389 allisi.
2399 3331 2581 3386 Diﬁert
2599 3339 2800 3392 autem,
2822 3325 3157 3382 viextcriore
3175 3323 3449 3387 collidi,et

1856 3434 2032 3490 ruisse
2062 3446 2159 3487 suo
2189 3444 2337 3484 casu.
2363 3425 2616 3482 Alliditur
2636 3438 2864 3493 namque
2891 3422 3002 3488 ille,
3027 3435 3184 3490 quem
3215 3434 3310 3489 per
3335 3418 3450 3471 dia-

1853 3527 1964 3582 boli
1995 3523 2314 3580 instinctum
2363 3521 2544 3575 calens
2585 3528 2716 3572 tetas
2749 3515 3102 3587 prmcipitavit
3143 3515 3195 3568 in
3237 3527 3445 3576 casum,

1853 3636 2015 3694 quem
2057 3617 2320 3690 ignoratio
2351 3614 2609 3685 compulit
2654 3613 2706 3667 iu
2737 3626 3004 3673 errorem,
3031 3624 3190 3680 quem
3234 3606 3450 3662 fraudu-

1853 3715 2014 3771 lentis
2053 3727 2147 3767 usa
2204 3709 2482 3766 blanditiis
2527 3715 2732 3762 natura
2780 3704 3062 3761 inﬁrmitas
3091 3703 3200 3774 egit
3253 3701 3306 3755 in
3340 3701 3450 3754 cri-

1859 3824 2003 3864 men.
2057 3806 2152 3862 Hic
2194 3804 2368 3876 potius
2420 3801 2657 3865 eliditur,
2701 3815 2860 3871 quam
2905 3797 2995 3852 ille
3043 3796 3132 3866 qui
3172 3793 3452 3849 voluntate

1859 3901 2237 3972 permanserit,
2273 3896 2342 3968 (f)
2383 3909 2542 3966 quem
2586 3892 2670 3947 hic
2717 3893 2966 3947 vitiorum
3021 3903 3148 3942 usus
3198 3886 3452 3949 oblectet,

1859 4008 2019 4063 quem
2084 4005 2188 4045 non
2258 3989 2515 4060 poeniteat
2591 3986 2831 4040 admissi.
2904 3983 3075 4038 Habet
3149 3981 3293 4034 enirn
3354 3994 3451 4034 ve-

1862 4083 1964 4142 niae
2027 4082 2165 4153 apud
2200 4083 2366 4136 Deum
2421 4079 2708 4143 solatium,
2757 4076 3071 4147 ptenituisse
3112 4073 3183 4131 de
3228 4071 3396 4142 gestis
3439 4089 3452 4124 :

1860 4192 1963 4234 nec
2002 4183 2429 4245 temperamento
2483 4171 2786 4226 severitatis
2838 4167 3111 4236 indignum
3157 4171 3261 4230 est,
3309 4162 3453 4232 quod

1859 4287 1957 4342 per
2004 4266 2222 4326 admissi
2288 4265 2563 4332 dolorem,
2609 4262 2860 4318 allectum
2917 4259 2986 4314 ita
3034 4256 3316 4332 proﬁtetur
3371 4255 3453 4309 iu-

1859 4363 1974 4419 viti.

1932 4481 2100 4554 62⁸
2125 4479 2214 4536 90.
2249 4477 2438 4534 Omnia
2473 4483 2520 4529 et
2547 4470 2776 4544 corporis
2820 4479 2868 4526 et
2910 4468 3096 4524 anima:
3123 4467 3254 4522 bona
3279 4481 3311 4520 α
3347 4463 3455 4520 Deo

239 4684 319 4758 (a)
341 4682 453 4738 Hoc
480 4687 581 4746 est,
616 4693 723 4758 non
767 4676 1148 4758 statim_punit_.
1179 4686 1341 4749 atque
1380 4694 1625 4758 erramus
1647 4691 1758 4758 ,ραι
1784 4685 1840 4747 D
1867 4695 2052 4758 merus
2096 4679 2190 4758 illo
2220 4678 2470 4758 superior
2495 4674 2582 4758 .ab
2611 4673 2696 4728 bis
2727 4672 2891 4727 etiam
2943 4668 3120 4725 verbis
3148 4669 3453 4739 inchoatur,

157 4747 604 4834 peccaturus."seu
628 4756 687 4804 ut
713 4747 1003 4832 habeturin
1031 4749 1163 4834 psal.
1197 4747 1416 4814 cxxuu,
1441 4752 1558 4834 n28
1592 4771 1604 4806 :
1637 4749 1757 4809 Νοη

162 4820 305 4888 inter
336 4821 544 4880 exordia
571 4820 1118 4893 humanrviniqnitatis
1149 4830 1414 4891 promptus
1439 4821 1506 4876 ad
1530 4839 1753 4893 poenam,

161 4905 258 4960 sed
288 4895 548 4951 desinendi
570 4909 601 4944 α
625 4891 919 4944 criminibus
947 4907 1114 4946 seram
1148 4893 1261 4946 licet
1299 4893 1609 4950 voluntatem
1640 4891 1757 4967 pec;

163 4972 358 5031 catoris
388 4973 706 5031 exspectans.

241 5045 320 5116 (ὁ)
351 5039 514 5100 Editi,
545 5046 598 5089 ut
625 5033 984 5116 seodOtttin-atui
1004 5034 1238 5116 subjiciat
1261 5047 1508 5116 coaeterno
1541 5055 1560 5095 :
1590 5040 1760 5094 corri-

165 5105 369 5187 guntur
399 5127 461 5164 ex
481 5125 596 5187 λινε.
632 5105 896 5187 blic..nisi
923 5105 1064 5187 quod
1100 5110 1148 5186 in
1190 5121 1256 5187 eo
1285 5110 1552 5187 mendose
1579 5119 1756 5166 exstat

169 5173 460 5242 dominatu.
480 5179 568 5233 Sic
595 5177 946 5231 ratiocinatur
968 5173 1200 5229 Hilarius
1231 5185 1244 5230 ε
1273 5174 1580 5234 Dominatus
1610 5191 1756 5236 teter-

169 5261 308 5313 nitas
337 5271 419 5308 eos
448 5264 644 5304 necesse
665 5257 734 5300 est
764 5249 816 5301 in
842 5243 1143 5300 aeternitate
1170 5244 1370 5314 habeat,
1395 5249 1446 5302 in
1465 5268 1587 5319 quos
1613 5262 1762 5306 αἰεν-

171 5347 272 5384 nus
301 5337 487 5399 agatur
515 5337 532 5374 :
561 5329 794 5399 auertitis
822 5328 999 5399 autem
1043 5319 1215 5387 agitur
1260 5320 1310 5399 in
1360 5323 1761 5399 generationem

170 5411 227 5457 et
249 5389 654 5470 geticratiOuetn
688 5408 700 5442 :
736 5389 1334 5470 illaigiturgeneratio
1372 5389 1644 5470 coaeterni:
1693 5393 1766 5448 sit

173 5461 403 5528 necesse
447 5474 549 5520 est.
598 5462 714 5517 Non
763 5462 906 5516 enim
961 5461 1173 5516 videtur
1201 5461 1265 5516 ad
1297 5462 1422 5530 quid
1467 5461 1666 5518 refernt
1713 5480 1765 5519 se

173 5553 505 5601 coa’lernam,
538 5533 638 5588 nisi
668 5532 732 5587 ad
760 5532 1185 5602 generationem.
1221 5531 1365 5588 Idem
1387 5542 1765 5602 argumentum

175 5614 469 5685 postremis
525 5604 696 5685 huius.
747 5613 1006 5685 tractatus
1066 5602 1244 5685 verbis
1297 5605 1634 5685 inculcetur,
1697 5621 1764 5685 ex

175 5673 373 5755 quibus
413 5679 500 5736 hie
556 5673 876 5740 dominatui,
918 5689 1026 5727 non
1067 5673 1332 5730 dominatu
1379 5675 1663 5749 legendum
1702 5676 1768 5733 li-

215 5765 324 5811 uet.

175 5773 440 5899 queicﬂu
484 5837 587 5899 ιιιε.
630 5817 855 5899 corrigit:
889 5813 1596 5899 liabemuanuidcminitio
1625 5835 1776 5875 num.

207 5888 460 5960 20‘:'Cur
486 5893 720 5953 cadentes
741 5888 1022 5961 suffulciat,
1041 5898 1088 5946 et
1107 5888 1281 5950 allisos
1309 5893 1526 5965 corrigat
1554 5909 1572 5948 :
1599 5901 1656 5950 at
1684 5907 1784 5952 tiu-.-

1866 4755 1971 4810 Sed
2001 4763 2047 4808 et
2076 4755 2341 4824 eriguntur
2365 4748 2523 4824 all‘isi.

1935 4823 2014 4898 (tl)
2047 4824 2121 4898 ita
2151 4813 2254 4876 ius.
2285 4837 2347 4898 ac
2371 4819 2538 4898 prima
2567 4815 2756 4898 editio.
2777 4815 2897 4869 Par.
2930 4813 3111 4898 Neque
3140 4814 3190 4867 iu
3227 4813 3455 4898 povis.~i-:

1935 4825 2014 4949 ((9
2050 4825 2121 4878 ita
2156 4840 2254 4876 ms.
2285 4837 2347 4872 ac
2371 4825 2538 4891 prima
2567 4825 2733 4871 editio
2777 4825 2897 4869 Par.
2930 4825 3111 4881 Neque
3140 4831 3190 4867 tu
3227 4827 3455 4867 n0\'lS.~l-

1865 4913 1949 4951 ma
2011 4894 2156 4950 ebuit
2199 4891 2434 4961 praeferri
2471 4886 2926 4961 pt'opltetationem,
2958 4883 3099 4957 quod
3141 4882 3282 4938 male
3317 4884 3455 4954 apud

1866 4966 2024 5028 Bad.,
2055 4965 2144 5020 Er.
2179 4960 2233 5018 et
2260 4963 2405 5032 Lips.
2439 4960 2735 5014 obtinebat.

1938 5025 2092 5108 (e)’lu
2124 5025 2372 5108 vulgatis,
2401 5031 2750 5108 ceciderit,_ac
2775 5029 2974 5108 deinde
3005 5030 3049 5082 si
3091 5035 3200 5108 stet,
3249 5025 3458 5108 duobus

1866 5099 2066 5164 verbis.
2098 5099 2320 5178 Reciius
2351 5107 2404 5158 in
2436 5119 2535 5178 ms.
2571 5101 2867 5178 ceciderint,
2895 5101 3075 5178 sistet:
3105 5099 3155 5153 id
3189 5107 3288 5178 (ist,
3322 5114 3456 5178 quos

1867 5180 2180 5251 ptenitentia
2203 5177 2376 5251 sistet,
2399 5174 2566 5251 eosin
2592 5173 2740 5242 lapsu
2760 5173 2992 5226 suﬁulcit
3020 5169 3176 5224 Dcus.
3203 5167 3293 5251 Han
3312 5169 3455 5221 enim

1865 5246 1985 5307 duae
2004 5249 2396 5322 propositiones
2410 5246 2695 5322 praecipua:
2708 5254 2853 5322 sunt,
2874 5259 3096 5312 quarum
3115 5250 3324 5322 cteterm
3342 5251 3455 5320 tuu-

1871 5333 1978 5377 tum
2003 5309 2128 5375 ἐιιιιὶ
2154 5309 2500 5388 appendices.
2539 5309 2729 5388 Obiter
2758 5309 3048 5388 observare
3078 5321 3159 5365 est
3185 5309 3250 5388 de
3284 5311 3457 5388 paeni-

1867 5393 2034 5449 tentia
2059 5392 2146 5447 hic
2170 5379 2296 5453 diei,
2328 5398 2506 5442 auctor
2549 5399 2619 5441 est
2661 5385 2922 5441 desinendi
2946 5402 2964 5450 ;
2987 5379 3254 5452 quomodo
3285 5381 3335 5435 in
3369 5395 3450 5450 ps.

1869 5479 2067 5530 cxxxv,
2103 5481 2158 5518 ιι.
2191 5459 2247 5522 ι.
2275 5469 2329 5515 et
2357 5461 2409 5514 in
2438 5473 2679 5527 cxxxvu,
2708 5475 2762 5512 ιι.
2796 5457 2849 5524 5,
2883 5455 2950 5513 de
2975 5453 3312 5509 confessione
3344 5453 3457 5506 dic-

1871 5545 1981 5590 tqu
1998 5547 2080 5608 es_t
2093 5574 2117 5608 ,_
2132 5533 2383 5608 professio
2413 5541 2488 5608 est
2510 5530 2790 5608 desinendi.
3075 5598 3086 5608 ﬁ
3116 5597 3146 5608 η

1946 5598 2207 5678 (ι’),ΕιΠιῇ
2231 5598 2404 5678 ⁷ᾳιιεηι
2442 5603 2670 5678 vitiosus,
2701 5600 2808 5664 vel,
2842 5614 3004 5678 quem
3038 5598 3146 5678 vitii
3196 5611 3319 5678 usus
3355 5612 3373 5649 :
3405 5605 3456 5678 et

1876 5665 2034 5743 mox,
2051 5665 2203 5730 habet
2226 5665 2358 5728 enim
2403 5675 2599 5727 veniant
2638 5681 2683 5724 et
2713 5669 2852 5742 apud
2870 5665 3066 5735 Deum,
3091 5677 3220 5743 etc.,
3247 5677 3300 5743 et
3339 5674 3460 5736 post

1879 5741 2070 5820 pauca,
2097 5747 2340 5815 affectum
2367 5747 2632 5820 proﬁtetur
2656 5741 2818 5812 inviti,
2850 5748 2966 5800 siue
2988 5746 3084 5820 ita.
3108 5741 3459 5810 Corriguutur

1885 5817 2202 5876 auctoritate
2232 5835 2334 5874 ms.
2367 5819 2443 5875 De
2463 5817 2742 5889 peccatore
2771 5820 2860 5891 qui
2881 5817 3090 5891 veniam
3117 5827 3226 5872 non
3252 5827 3460 5891 merca-

1886 5905 1994 5962 tur,
2026 5891 2149 5951 vide
2173 5899 2424 5949 annotata
2445 5887 2497 5948 in
2521 5904 2602 5964 ps.
2635 5906 2759 5963 CXL,
2788 5887 2842 5950 ιι.
2867 5887 2922 5948 8.
3013 5891 3016 5894 ’
3353 5892 3355 5895 ’
3427 5889 3431 5897 ’
