3896 6336
504 313 621 373 865

1719 317 1967 376 SANCTI
2009 320 2270 379 l‘ilLARll
2313 325 2618 388 EPISCOPI
3683 348 3767 408 864

509 418 880 505 exspectanda.
913 462 982 473 —
1012 432 1194 487 Etcur
1212 431 1467 488 cadentes
1497 431 1786 501 sulfulciat,
1819 444 1875 492 et
1912 434 2097 493 allisos
2123 442 2178 500 Α
2204 447 2284 496 tes
2313 442 2504 510 Deum,
2533 444 2637 502 hoc
2659 457 2715 502 ut
2743 449 3035 508 audiantur
3067 465 3252 524 orant,
3284 464 3342 512 ut
3370 472 3473 513 non
3499 457 3768 523 dominetur

507 528 781 599 corrigat;
831 526 1282 596 consequentibus
1329 526 1518 594 docet,
1567 527 1778 597 dicens,
1817 528 1978 586 Vens.
2033 532 2102 587 15

513 627 573 674 et
600 621 668 674 16
703 636 714 670 :
749 617 898 672 Oculi
921 619 1149 672 omnium
1172 618 1225 672 in
1261 628 1308 672 te
1334 629 1542 688 sperant
1569 619 1808 689 Domine,
1835 630 1886 676 et
1929 632 1983 676 tu
2011 623 2104 678 das

506 725 679 764 escam
704 708 910 763 illorum
935 711 989 763 in
1019 720 1240 782 tempore
1270 722 1580 782 Opportuna.
1605 712 1788 783 Aperis
1811 723 1866 767 tu
1889 730 2100 768 manum

505 810 672 870 tuam,
698 812 744 856 et
772 802 948 874 imples
975 819 1172 858 onmem
1193 805 1415 858 animam
1439 806 1803 861 benedictione.
1833 807 1981 863 Totis
2004 809 2103 863 ita-

503 906 614 963 que
659 892 712 952 in
765 893 931 949 Deum
979 895 1120 950 allisi
1165 904 1221 951 et
1257 896 1514 953 cadentes
1540 899 1712 954 oculis
1743 899 2097 972 adspectent:

504 997 683 1054 neque
731 984 1012 1054 quisquam
1042 986 1108 1041 ita
1137 985 1205 1042 de
1245 1002 1304 1042 se
1351 989 1608 1052 confidat,
1657 998 1847 1046 utnon
1889 1006 2103 1063 semper

498 1075 718 1143 cadere,
749 1091 965 1148 semper
989 1095 1048 1134 se
1080 1090 1328 1136 vereatur
1357 1082 1523 1136 allidi.
1548 1083 1632 1139 Ab
1658 1083 1751 1138 illo
1776 1086 2099 1155 sperandum

503 1178 610 1237 est,
651 1186 719 1226 ne
747 1185 876 1227 casu
924 1173 1310 1243 periclitemur,
1362 1189 1431 1231 ne
1475 1175 1762 1231 allidamur
1791 1177 2102 1234 inﬁrmitate

496 1271 726 1317 naturae.
761 1262 950 1318 Omnia
1003 1273 1182 1320 autem
1226 1265 1381 1322 nobis
1429 1266 1556 1322 vitm
1608 1267 1846 1324 subsidia
1875 1285 1941 1324 ex
1981 1268 2100 1341 ipso

494 1363 628 1410 sunt
659 1372 672 1407 :
705 1369 824 1410 cum
862 1371 929 1411 ex
973 1359 1372 1427 opportunitate
1405 1359 1674 1414 fructuum
1705 1359 1929 1415 indultis
1967 1362 2100 1418 cibis

501 1448 756 1516 vivimus,
788 1465 910 1506 cum
940 1465 1155 1508 manum
1194 1455 1489 1525 aperiendo
1517 1456 1723 1512 animas
1751 1465 1964 1512 nostras
2003 1457 2100 1512 do—

496 1542 584 1597 nis
609 1535 941 1612 spiritalibus
970 1544 1165 1616 replet,
1197 1557 1250 1601 et
1289 1562 1412 1602 cum
1458 1562 1524 1603 ex
1551 1548 1762 1603 virtutis
1792 1564 1904 1603 suae
1953 1549 2100 1605 fonte

494 1634 652 1705 capia
689 1635 740 1689 in
772 1651 871 1692 nos
897 1650 1083 1692 eorum
1113 1654 1235 1709 quae
1281 1639 1381 1695 sibi
1428 1640 1761 1712 beneplacita
1805 1651 1931 1697 sunt
1968 1641 2132 1698 exu—'

494 1727 671 1785 bet-at.
701 1729 855 1798 Quod
887 1741 1176 1803 utrumque
1205 1734 1256 1788 in
1287 1734 1372 1789 his
1399 1751 1518 1804 qua:
1558 1746 1961 1808 consequuntur
1989 1738 2098 1794 dis-

2205 549 2390 590 eorum
2416 548 2616 593 aeterna
2639 556 2806 609 mors,
2833 558 2939 599 non
2966 547 3020 601 in
3052 547 3334 603 interitum
3361 554 3593 621 perpetui
3614 556 3769 625 judieii

2205 625 2547 698 deputentur,
2581 631 2678 688 sed
2699 634 2797 689 sub
2827 639 3071 693 custodia
3089 640 3261 712 629
3289 642 3380 697 Dei
3416 646 3509 699 tuti
3539 648 3656 700 sint.
3692 649 3770 706 Se-

2204 722 2386 789 quitur
2431 725 2775 791 enim,Vsns.
2819 728 2890 784 20
2922 747 2934 784 ;
2966 730 3203 787 Custodit
3243 733 3388 790 Deus
3429 737 3682 808 diligentes
3705 745 3766 814 ἱρ-

2203 814 2556 901 sunt.Salvos
2585 834 2713 890 ergo
2750 820 2910 878 faciet
2953 839 3052 880 eos
3092 826 3469 894 custodiendo,
3503 831 3572 900 (ιτ)
3611 833 3659 888 id
3682 846 3766 901 est,

2204 908 2390 962 :eterni
2431 911 2583 980 regni
2624 913 2911 984 participes
2949 917 3284 974 reservando
3327 939 3340 972 ε
3382 921 3478 976 sed
3499 937 3588 977 eos
3616 928 3695 994 qui
3728 936 3768 982 et

2205 997 2488 1066 timebunt,
2520 1013 2572 1056 et
2613 1005 2997 1074 precabuntur,
3031 1017 3086 1063 et
3115 1009 3364 1081 diligent.
3399 1013 3598 1070 Dehinc
3623 1021 3769 1088 sequi-

2205 1099 2292 1144 tur
2316 1109 2328 1144 :
2361 1091 2429 1145 Et
2456 1110 2630 1150 omnes
2648 1109 2939 1166 peccatores
2962 1102 3245 1170 disperdet,
3293 1107 3385 1175 qui
3418 1121 3518 1161 nec
3543 1109 3767 1167 11111οωὶ-

2204 1198 2301 1239 nes
2327 1185 2622 1256 timuerint,
2655 1205 2755 1245 nec
2785 1202 2839 1246 ut
2869 1193 3069 1248 subditi
3099 1197 3394 1266 oraverint,
3411 1214 3517 1256 nec
3545 1210 3602 1255 ut
3618 1201 3765 1259 donati

2205 1277 2316 1332 vita
2355 1281 2661 1352 mundoque
2705 1282 3010 1341 dilexerint.

2269 1371 2358 1426 25.
2389 1371 2707 1428 Laudandus
2752 1394 2954 1447 semper
2990 1378 3147 1437 Deus.
3188 1381 3259 1435 1d
3282 1385 3347 1437 ab
3373 1386 3610 1441 omnibus
3658 1407 3767 1457 pre-

2199 1465 2324 1518 stari
2349 1475 2490 1535 optat
2523 1465 3173 1538 Propheta.—Conclusit
3204 1485 3384 1531 autem
3413 1477 3676 1548 Propheta
3696 1481 3767 1536 bs—

2201 1558 2349 1612 noris
2371 1558 2536 1614 debiti
2563 1559 2983 1631 confessionem,
3013 1565 3223 1634 dicens,
3251 1567 3419 1625 Vens.
3454 1570 3518 1625 21
3549 1590 3561 1624 :
3589 1572 3766 1627 Lauda-

2202 1654 2389 1708 tionem
2412 1654 2620 1710 Domini
2650 1658 2881 1728 loquetur
2917 1678 2974 1714 os
2997 1679 3184 1716 meum.
3210 1663 3490 1722 Laudasse
3517 1683 3624 1723 non
3651 1671 3769 1724 sufi-

2200 1747 2535 1818 cit-(subaud.
2561 1750 2654 1823 ei),
2687 1753 2788 1807 nisi
2814 1764 2867 1808 et
2896 1753 3115 1811 laudare
3135 1773 3240 1811 non
3273 1757 3512 1815 desinat.
3536 1759 3766 1816 Laudsbil

495 1823 671 1877 cernit
697 1823 791 1889 ita,
821 1823 985 1879 Vsus.
1017 1827 1082 1880 17
1108 1844 1120 1878 :
1149 1824 1611 1896 Justus'Dominus
1651 1831 1704 1884 in
1733 1831 1967 1886 omnibus
2009 1833 2099 1887 viis
2127 1837 2175 1897 Β
2203 1842 2345 1897 enim
2386 1844 2579 1912 adhuc,
2622 1863 2743 1902 cum
2775 1848 2881 1918 jam
2930 1859 3109 1906 tamen
3151 1852 3354 1907 laudet.
3401 1852 3511 1908 Sed
3554 1870 3669 1909 cum
3697 1857 3766 1913 ille

490 1915 622 1982 suis,
652 1925 698 1969 et
726 1926 935 1972 sanctus
957 1919 1011 1971 in
1032 1920 1264 1974 omnibus
1289 1921 1528 1990 operibus
1556 1923 1683 1978 suis.
1707 1923 1892 1979 Justus
1913 1926 1968 1980 in
1993 1926 2096 1983 viis

491 2015 597 2075 cst,
630 2023 752 2064 cum
799 2009 1161 2067 infirmitatem
1206 2025 1445 2068 nosuam
1492 2015 1544 2069 in
1586 2024 1847 2071 aeternum
1873 2033 2095 2089 regnum

490 2113 652 2153 suum
693 2099 1006 2155 conﬁrmata
1042 2101 1107 2174 (Ῑ.
1140 2104 1539 2177 confirmatam)
1583 2105 1848 2162 donorum
1878 2109 2097 2180 spirita-

493 2191 628 2247 lium
654 2196 1036 2251 communione
1078 2196 1328 2264 deducit;
1363 2209 1582 2255 sanctus
1620 2213 1798 2258 autem
1832 2204 1886 2258 in
1917 2204 2096 2274 operi-

493 2282 598 2338 bus
637 2285 772 2352 suis,
801 2300 922 2340 cum
951 2287 1219 2344 universis
1247 2289 1451 2346 fructus
1479 2292 1531 2346 in
1566 2301 1866 2363 temporum
1891 2311 2093 2367 oppor-

497 2376 727 2432 tunitate
771 2379 1127 2450 suppeditat:
1163 2385 1504 2440 sanctitatem
1550 2402 1704 2443 suam
1751 2389 1805 2444 in
1853 2391 2092 2446 omnium

493 2469 747 2527 alimonia
779 2472 1000 2542 docens,
1021 2476 1285 2547 justitiam
1314 2495 1442 2536 vero
1468 2483 1520 2536 in
1542 2482 1816 2553 replendis
1841 2483 2095 2556 henepla-

491 2563 602 2618 cito
630 2565 824 2620 animis
853 2583 1205 2625 conservans.

565 2657 656 2711 ‘21.
687 2657 828 2713 Deus
872 2662 1054 2733 ubique
1102 2673 1258 2733 totus,
1308 2683 1406 2736 quo
1444 2669 1616 2723 animo
1658 2669 1992 2724 invocandus.
2021 2699 2094 2712 --

494 2750 624 2805 Post
651 2767 770 2821 qua:
799 2757 1059 2825 sequitur,
1093 2756 1257 2813 Vens.
1289 2759 1356 2815 18
1387 2778 1398 2814 :
1428 2759 1602 2830 PrOpe
1617 2771 1690 2815 est
1719 2760 1974 2816 Dominus
2005 2764 2082 2818 in-

493 2845 790 2899 vocantibus
815 2863 948 2900 eum.
980 2847 1098 2903 Non
1121 2850 1276 2920 longe
1303 2852 1593 2922 abest.qui
1617 2870 1711 2923 per
1742 2865 1948 2910 natura:
1979 2871 2093 2910 suae

491 2933 841 3004 virtutem,et
871 2939 985 3008 ipse
1016 2939 1093 3011 (id
1115 2952 1208 3006 est,
1235 2942 1398 3013 idem)
1435 2944 1628 3013 ubique
1649 2960 1864 3014 semper
1901 2955 2006 3010 est,
2040 2956 2094 3003 et

495 3033 643 3079 totus
675 3042 890 3097 semper
916 3039 970 3084 et
996 3031 1192 3101 ubique
1212 3044 1312 3097 est,
1344 3035 1639 3089 secundum
1670 3036 1796 3090 illud
1821 3038 2086 3108 Apostoli,

492 3119 628 3184 Quia
659 3118 711 3173 in
744 3120 861 3190 ipso
891 3137 1096 3190 sumus,
1131 3134 1184 3179 et
1213 3125 1267 3179 in
1306 3126 1425 3196 ipso
1465 3127 1692 3184 vivimus
1722 3145 1785 3186 ac
1811 3147 2093 3188 movemur

497 3210 634 3280 (Act.
683 3227 821 3280 xvn,
863 3214 980 3284 28).
1016 3215 1191 3288 Prope
1230 3227 1314 3274 est
1353 3234 1482 3292 ergo
1525 3223 1919 3292 invocantibus,
1966 3239 2086 3281 cum
2116 3227 2163 3292 C

491 3302 623 3357 nihil
673 3305 743 3359 sit
780 3306 926 3377 quod
953 3309 1069 3364 sine
1097 3325 1163 3366 eo
1208 3313 1299 3366 sit.
1345 3313 1452 3370 Sed
1482 3315 1676 3385 quibus
1711 3318 2088 3374 invocantibus

488 3411 655 3468 ιιι-ονε
681 3397 781 3466 sit,
815 3417 880 3456 ex
923 3403 1183 3472 subjectis
1223 3405 1401 3462 docet.
1435 3409 1685 3464 Omnibus
1729 3412 2088 3468 invocantibus

488 3507 603 3546 eum
633 3493 686 3546 in
714 3498 944 3550 veritate.
973 3496 1093 3553 Non
1123 3514 1187 3554 ex
1233 3501 1345 3556 otio
1391 3502 1784 3572 invocantibus,
1819 3522 1991 3577 neque
2022 3524 2086 3563 ex

489 3585 726 3643 inﬁdelis
754 3589 1117 3660 ambiguitatis
1142 3593 1383 3664 incerto;
1415 3597 1510 3653 sed
1531 3615 1719 3656 verum
1746 3601 1910 3658 Deum
1938 3602 2086 3660 ﬁdeli

493 3677 868 3734 invocantibus
894 3682 1142 3739 veritate.

561 3773 652 3828 22.
687 3775 800 3841 Quo
828 3776 1020 3846 fructu.
1044 3808 1114 3818 —
1137 3779 1203 3834 Et
1229 3795 1351 3836 cum
1395 3797 1562 3854 prope
1585 3783 1745 3853 adsit,
1774 3787 1900 3857 quid
1937 3788 2088 3844 invo-

488 3867 735 3923 cantibus
765 3884 823 3924 se
855 3871 909 3925 in
957 3873 1182 3929 veritate
1232 3876 1450 3944 tribuat,
1494 3879 1847 3948 demonstrat,
1876 3884 2082 3952 dicens,

501 3955 825 4015 Voluntatem
854 3963 1138 4018 timentium
1166 3983 1221 4020 se
1256 3968 1433 4037 faciet,
1466 3986 1571 4025 non
1605 3971 1683 4045 (α)
1712 3975 1944 4044 turpium
1986 3992 2083 4031 vo-

489 4051 740 4121 luntates,
775 4069 951 4125 neque
992 4058 1309 4114 vitiosorum
1340 4063 1664 4132 cupiditates
1694 4065 1838 4121 Deus
1884 4068 2080 4134 faciet;

487 4147 581 4202 sed
609 4147 892 4204 timentium
916 4167 969 4206 se
995 4151 1222 4224 (supple,
1255 4155 1602 4225 voluntates),
1637 4172 1733 4227 per
1759 4169 1960 4215 metum
2003 4164 2084 4217 in-

484 4251 764 4307 nocentes,
797 4259 893 4314 pcr
932 4243 1090 4300 fidem
1132 4245 1410 4308 honestas.
1457 4263 1551 4317 per
1585 4253 1942 4308 reverentiam
1986 4272 2080 4311 vc.

484 4331 749 4386 recundas
793 4350 805 4385 :
855 4343 910 4388 ct
939 4335 1240 4392 voluntates
1271 4353 1376 4392 non
1420 4339 1644 4406 otiosas,
1672 4356 1847 4410 neque
1884 4355 2078 4412 mutas,

484 4435 662 4490 neque
691 4437 908 4492 sperare
929 4428 1130 4498 aliquid
1157 4444 1184 4482 a
1217 4443 1277 4484 se
1301 4429 1535 4500 quodam
1563 4443 1876 4505 contemptu
1917 4438 2082 4494 silen-

486 4511 541 4565 tii
569 4511 956 4583 dedignantes;
989 4519 1082 4575 sed
1112 4535 1243 4590 quas
1271 4522 1555 4592 eloquatur
1574 4526 1768 4590 oratio,
1792 4543 1927 4597 quas
1959 4546 2081 4599 pre-

484 4619 574 4660 ces
604 4615 991 4665 contestantur.
1020 4613 1086 4666 Et
1112 4613 1236 4668 ideo
1272 4614 1502 4686 subjecit
1532 4633 1544 4670 :
1577 4616 1644 4670 Et
1684 4621 1965 4676 orationem
1991 4639 2076 4677 eo—
2102 4623 2157 4684 D

478 4698 694 4771 rum(b)
731 4704 985 4758 exaudiet.
1017 4705 1277 4764 Voluntas
1323 4725 1452 4782 ergo
1477 4726 1538 4768 ea
1589 4727 1620 4767 a
1677 4713 1788 4769 Deo
1837 4717 1913 4782 fit,
1954 4733 2074 4788 quae

480 4807 614 4848 voce
638 4795 897 4850 orationis
919 4799 1218 4855 exauditur.
1245 4801 1349 4856 Sed
1373 4819 1492 4874 quae
1520 4804 1773 4862 voluntas
1801 4808 1894 4863 fiet
1914 4823 2074 4865 oran-

479 4884 652 4942 tium?
681 4885 752 4942 Et
773 4888 961 4958 salvos,
987 4891 1178 4961 inquit,
1201 4895 1355 4964 faciet
1381 4912 1488 4951 eos.
1523 4897 1636 4956 Hoc
1660 4899 1850 4957 volunt
1880 4901 2074 4960 timen-

553 5073 628 5210 (a)
659 5073 746 5130 Sic
769 5091 871 5130 ms.
896 5075 1036 5131 Editi
1059 5091 1209 5145 vero,
1227 5080 1562 5136 turbidarum.

553 5145 604 5210 (b
659 5145 714 5199 In
747 5162 848 5201 ms.
881 5149 1156 5203 exaudivit.

552 5145 628 5210 (b)
659 5145 714 5199 In
747 5162 848 5201 ms.
881 5149 1156 5203 exaudivit.

548 5216 618 5288 (ε)
641 5216 850 5298 Clarius
896 5220 1010 5298 hzcc
1055 5220 1525 5298 edisserunturiin
1571 5243 1652 5297 ps.
1696 5210 1817 5298 cxx,
1862 5248 1915 5286 n.
1952 5234 2064 5291 16:

482 5286 533 5340 Ν
540 5286 760 5365 olnArnint
786 5292 1026 5365 temporis
1056 5293 1211 5365 hujus
1239 5303 1288 5346 et
1308 5297 1482 5349 steculi
1504 5286 1693 5353 est'ista
1714 5286 2064 5363 custodia:

477 5359 761 5448 sed‘futuri
786 5359 1228 5448 boniexspect'atio
1261 5375 1353 5448 est,
1382 5384 1496 5448 cum
1518 5381 1756 5448 exeuntes
1773 5372 1834 5426 de
1856 5359 2068 5448 corpore

477 5431 553 5509 a_d_
573 5432 839 5509 introitum
868 5431 1022 5490 illum
1041 5437 1184 5509 regni
1209 5438 1424 5492 caelestis
1444 5456 1531 5509 per
1551 5442 1829 5496 custodiam
1858 5431 2069 5504 Domini

479 5503 654 5577 ﬁdeles
693 5521 867 5577 omnes
911 5503 1323 5577 reservabantur,
1369 5503 1582 5566 in'sinu
1631 5513 1821 5568 scilicet
1862 5503 2066 5575 interim

476 5573 698 5627 Abrahte
728 5576 1080 5654 collocati.....
1115 5599 1213 5651 quo
1253 5573 1410 5654 usque
1450 5585 1738 5639 introeundi
1780 5573 1983 5646 rursum
2009 5573 2064 5646 in

480 5661 694 5733 regnum
723 5646 962 5733 eceteram
992 5646 1189 5733 tempus
1227 5646 1476 5733 adueniat.
1513 5657 1646 5711 llinc
1698 5660 1939 5733 prosime
1964 5678 2064 5733 pro

480 5718 715 5800 custodit
741 5717 900 5800 Deus,
944 5717 1228 5800 mallemus
1280 5725 1549 5800 Dominus,
1592 5717 1861 5800 quomodo
1903 5717 2064 5792 habet

475 5787 670 5854 psalmi
703 5796 878 5847 textus
909 5793 1152 5850 tractatui
1185 5799 1516 5866 praemissus.

277 6077 548 6160 βπ

2201 1934 2404 2001 laudet,
2449 1953 2608 1994 omne
2637 1955 2852 2010 quoque
2890 1941 2956 1997 ad
3001 1943 3437 2000 benedictionem
3481 1945 3578 1999 Dei
3608 1947 3765 2000 huma-

2199 2045 2326 2083 num
2357 2045 2526 2100 genus
2556 2031 2873 2089 adhortatur
2905 2053 2917 2088 :
2953 2035 3021 2090 Et
3059 2037 3324 2092 benedicat
3345 2039 3512 2091 omnis
3545 2055 3658 2092 caro
3689 2056 3764 2093 κο-

2199 2139 2311 2177 men
2339 2135 2572 2179 sanctum
2594 2128 2726 2201 ejus,
2759 2128 2862 2183 Per
2890 2129 3053 2184 ollicii
3083 2131 3165 2184 sui
3197 2139 3250 2185 et
3276 2129 3403 2184 lidei
3437 2133 3766 2186 constantiam

2195 2231 2410 2288 semper
2439 2221 2654 2290 quidem
2687 2223 2763 2294 (ά)
2792 2223 2880 2279 ille
2901 2223 3137 2280 laudabit
3163 2244 3175 2278 :
3202 2225 3295 2281 sed
3319 2225 3591 2298 Propheta
3619 2236 3668 2282 et
3690 2244 3766 2283 cu-

2197 2321 2300 2377 rat,
2332 2325 2388 2367 ut
2411 2329 2602 2370 omnes
2635 2317 2802 2371 Deum
2833 2319 3173 2386 benedicant,
3206 2331 3258 2374 et
3288 2329 3462 2388 Optat.
3501 2320 3619 2376 Non
3647 2323 3762 2376 enim

2197 2408 2290 2472 ait,
2323 2409 2665 2475 benedicent,
2697 2420 2966 2482 tamquam
2997 2421 3182 2467 certus
3209 2413 3279 2467 sit
3307 2413 3360 2467 in
3392 2413 3663 2480 futurum;
3685 2415 3759 2470 sed

2194 2521 2263 2560 ex
2287 2508 2392 2561 voti
2423 2505 2618 2562 aﬁ'ectu
2649 2507 2744 2572 ait,
2776 2507 3074 2562 benedicant
3105 2524 3123 2561 :
3153 2507 3224 2579 (e)
3255 2518 3310 2562 et
3340 2507 3494 2575 illud,
3527 2509 3692 2579 potius
3719 2520 3762 2563 ut

2172 2598 2587 2674 intelligeretur
2631 2610 2840 2670 optare,
2875 2618 3033 2672 quam
3076 2601 3383 2658 confideret
3423 2603 3502 2658 sic
3530 2602 3760 2658 futurum.

2194 2694 2400 2750 Deinde
2427 2693 2853 2751 benedictionem
2884 2711 2991 2750 non
3030 2696 3421 2764 temporariam
3466 2711 3589 2751 esse
3610 2707 3763 2766 posta-

2193 2786 2288 2850 lat,
2321 2787 2414 2842 sed
2454 2795 2734 2853 aeternam,
2767 2789 2821 2841 in
2863 2789 3106 2842 steculum
3136 2797 3183 2843 et
3214 2789 3267 2841 in
3299 2789 3554 2842 sceculum
3596 2789 3762 2842 seculi.

2194 2881 2357 2935 Nobis
2390 2881 2566 2950 potius
2596 2881 2909 2952 Optandum,
2949 2891 3005 2937 ut
3035 2883 3085 2936 in
3116 2892 3384 2938 aeternum
3413 2883 3762 2938 benedicatnus

2194 2977 2478 3032 Aiternnm
2529 2978 2697 3048 :quia
2744 2979 2796 3032 in
2841 2989 3104 3033 aeternum
3155 2978 3513 3047 benedicens,
3565 2977 3760 3034 Alter-no

2193 3069 2271 3124 illi
2302 3084 2524 3125 necesse
2569 3080 2652 3125 cst
2683 3079 2899 3125 maneat
2941 3080 3266 3138 coreternus,
3306 3071 3541 3126 Domino
3589 3071 3761 3126 scilicet

2194 3172 2381 3218 nostro
2406 3164 2681 3232 unigenito
2699 3173 2752 3217 et
2777 3163 3135 3233 primogenito
3160 3164 3249 3219 Dei
3270 3162 3384 3219 ﬁlio
3403 3163 3534 3219 Jesu
3553 3163 3754 3228 Christe,

2192 3256 2282 3328 qui
2311 3265 2393 3312 est
2412 3256 2724 3313 benedictus
2752 3258 2804 3311 in
2836 3257 3030 3312 srecula
3053 3258 3402 3314 saeculorum.
3437 3257 3627 3313 Amen.

2705 3396 3021 3455 PSALMUS
3058 3395 3267 3454 CXLV.

2317 3517 2558 3574 Psalmus
2587 3517 2774 3572 David.
2803 3517 3046 3572 Alleluia.
3083 3488 3257 3590 Aggtei
3289 3527 3338 3571 et
3359 3516 3650 3572 Zacharic.

2262 3634 2446 3688 Lauda
2471 3638 2642 3690 aninta
2673 3652 2783 3689 mea
2814 3634 3106 3700 Dominum,
3136 3634 3358 3688 laudabo
3399 3634 3564 3688 Deum
3586 3633 3756 3705 (Dosi-

2192 3727 2335 3799 num)
2366 3729 2418 3782 in
2443 3729 2543 3781 vita
2573 3745 2703 3791 mea,
2731 3728 2948 3796 psallam
2977 3727 3082 3781 Deo
3103 3743 3214 3782 meo
3239 3734 3397 3798 quam
3417 3728 3509 3781 diu
3539 3745 3637 3782 ero.
3668 3726 3756 3780 Ne-

2191 3819 2279 3873 lite
2325 3819 2583 3887 conﬁdere
2628 3819 2679 3872 in
2709 3818 3053 3891 principibus,
3086 3836 3247 3889 neque
3298 3819 3486 3890 (infra,
3521 3820 3752 3875 abest»

2190 3914 2309 3985 que)
2336 3914 2391 3966 in
2420 3915 2543 3978 ﬁliis
2571 3914 2854 3975 hominum,
2886 3913 2938 3966 in
2968 3913 3151 3982 quibus
3182 3928 3285 3966 non
3316 3924 3390 3966 est
3417 3913 3579 3966 salus.
3611 3910 3755 3965 Exuit

2188 4007 2400 4078 spiritus
2415 4010 2548 4080 ejus,
2565 4017 2608 4060 et
2627 4016 2902 4061 revertetur
2923 4005 3110 4076 (Infra,
3130 4021 3305 4059 eorum
3327 4016 3372 4058 et
3389 4001 3758 4074 rerertattxr)ia

2189 4111 2376 4154 terram
2413 4117 2557 4154 suam
2582 4117 2601 4153 :
2627 4100 2679 4153 in
2719 4100 2811 4153 illa
2862 4100 2944 4152 die
2971 4098 3208 4171 peribunt
3246 4115 3422 4153 omnes
3454 4099 3757 4168 cogitationes

2189 4210 2381 4248 eorum.
2443 4191 2633 4247 Beatus
2679 4195 2828 4263 cujus
2875 4191 3011 4246 Deus
3055 4190 3220 4245 Jacob
3286 4191 3500 4261 adjutor
3541 4196 3647 4263 ejus
3683 4198 3757 4244 :ct

2189 4287 2355 4363 (Infra
2376 4288 2528 4344 abest
2556 4287 2627 4359 et)
2650 4305 2764 4361 spes
2793 4289 2901 4359 ejus
2923 4287 2975 4341 in
2997 4285 3216 4341 Domino
3233 4285 3344 4340 Deo
3367 4288 3648 4358 ipsius,qui
3661 4288 3756 4357 {ait

2186 4381 2366 4435 caelum
2396 4389 2442 4435 et
2474 4391 2686 4446 terram,
2714 4397 2853 4434 mare
2893 4389 2937 4434 et
2975 4380 3145 4433 omnia
3172 4395 3287 4452 qua:
3318 4379 3371 4432 in
3402 4380 3473 4433 eis
3499 4389 3633 4433 sunt.
3677 4377 3758 4442 Qui

2185 4473 2405 4527 custodit
2429 4476 2688 4528 ueritatem
2710 4475 2762 4527 in
2784 4473 3048 4542 steculum,
3078 4473 3206 4543 facit
3231 4473 3400 4544 630
3415 4473 3670 4545 judicium
3693 4474 3757 4523 in-

2176 4567 2322 4640 juria
2349 4565 2658 4636 patientibus
2678 4566 2860 4633 (Infra,
2887 4566 2965 4618 his
2978 4567 3064 4633 qui
3096 4565 3363 4636 patiuntur
3383 4563 3668 4637 injuriam),
3686 4565 3757 4616 det

2181 4678 2346 4716 escam
2360 4659 2719 4716 esurientibus.
2739 4659 2994 4712 Dominus
3013 4658 3160 4712 soluit
3177 4655 3758 4730 compeditos,Domiw

2182 4754 2524 4825 sapientiﬁcat
2545 4768 2723 4806 ctecos.
2745 4750 2992 4806 Dominus
3007 4752 3154 4822 erigit
3172 4751 3352 4806 allisos
3369 4750 3482 4822 (lnf
3479 4767 3562 4815 ra,
3578 4751 3754 4816 elisos},

2177 4842 2429 4900 Dominus
2448 4845 2614 4916 diligit
2631 4845 2814 4912 iustos.
2838 4842 3092 4898 Dominus
3105 4843 3328 4897 custodit
3342 4844 3568 4897 advenas
3589 4840 3755 4912 (Infra,

2173 4936 2531 5012 proselytum),
2553 4936 2809 5009 pupillum
2823 4947 2870 4991 et
2883 4936 3088 4991 viduam
3104 4938 3368 5010 suscipiet,
3394 4946 3441 4992 et
3460 4939 3572 4992 vias
3601 4952 3759 5007 pecca-

2248 5099 2328 5170 (d)
2359 5097 2512 5167 Apud
2542 5097 2696 5170 Bad.,
2732 5096 2829 5152 Er.
2859 5105 2912 5152 et
2945 5096 3091 5170 Lips.
3125 5098 3214 5152 ille
3241 5098 3524 5154 laudabilis
3547 5116 3566 5153 :
3592 5114 3756 5169 prave.

2153 5171 2306 5226 .Tum
2339 5170 2542 5226 ezcdcm
2577 5169 2863 5231 editiones,
2895 5169 2983 5222 sed
3011 5170 3261 5238 propheta
3287 5173 3398 5224 lucc
3425 5181 3590 5225 curat.
3626 5171 3751 5231 PaL.

2171 5241 2263 5297 sed
2289 5243 2552 5314 prapheta:
2583 5257 2727 5294 cura.
2759 5239 3073 5311 Eleganlior
3101 5252 3183 5296 est
3209 5242 3372 5297 lectio
3396 5257 3502 5297 ms.

2245 5375 2316 5448 (e)
2348 5356 2487 5430 Editi
2516 5391 2636 5448 cum
2667 5390 2781 5448 gms.
2813 5385 2866 5428 ut
2904 5374 3055 5429 illud.
3085 5375 3220 5430 Tum
3255 5375 3561 5442 Bad.,Er.,
3594 5377 3754 5446 Lips,

2171 5463 2234 5502 ac
2258 5446 2529 5514 pestrema
2550 5446 2715 5500 editio
2740 5446 2859 5501 Par.
2895 5448 3230 5516 subsequens
3255 5458 3307 5500 ut
3339 5458 3642 5504 removent.
3664 5449 3756 5503 Ma-

2174 5519 2354 5574 lumus
2387 5519 2505 5573 loco
2538 5517 2694 5586 primi
2715 5527 2769 5570 ut
2800 5533 3061 5594 reponere
3091 5530 3156 5594 et,
3193 5517 3430 5594 maxime
3450 5537 3573 5574 cum
3604 5522 3655 5575 in
3677 5536 3752 5594 ve-

2175 5591 2382 5645 teribus
2434 5590 2581 5643 libris
2629 5604 2735 5642 non
2766 5605 2884 5645 rara
2938 5591 3007 5645 sit
3047 5589 3357 5658 hujusmodi
3393 5593 3636 5645 mutatio.
3680 5590 3754 5641 Sic

2174 5661 2411 5732 legenti,
2437 5671 2554 5732 post
2583 5669 2630 5714 et
2644 5661 2796 5728 illud,
2821 5661 3333 5732 subintelligendum
3363 5661 3520 5716 dixit.
3543 5663 3658 5718 Mox
3677 5676 3754 5732 pro

2173 5749 2337 5802 quant
2363 5733 2657 5802 conﬁderet,
2685 5747 2792 5789 non
2813 5733 3120 5806 displiceret
3138 5748 3294 5804 quam
3323 5734 3606 5806 conﬁdere.
