3896 6336
115 295 207 352 865
1184 288 1602 348 TRACTATUS
1639 287 1705 346 IN
1740 287 1925 348 CXLV
1967 291 2312 350 PSALMUM.
3267 292 3374 350 866

115 425 261 466 tarum
286 412 628 468 exterminavit
654 409 836 484 (Infra,
868 409 1114 463 viam..."
1139 407 1536 479 exterminabit).
1561 407 1674 461 -Re-
1700 409 1754 469 A
1777 410 2106 480 sperandum.
2134 440 2207 452 —
2229 409 2356 464 Post
2384 421 2503 478 qum
2533 407 2726 463 stultas
2754 406 3030 463 hominum
3063 406 3368 478 opiniones,

113 505 266 574 gnabit
285 505 532 561 Dominus
559 507 612 560 in
659 505 899 560 saeculum
922 504 1115 578 (Infra,
1146 507 1200 560 in
1220 503 1506 574 aeternum)
1537 501 1676 558 Deus
1781 512 1836 558 et
1868 505 2056 560 inanes
2085 504 2138 559 in
2185 518 2372 574 regum
2417 501 2728 558 nominibus
2759 502 3065 573 religiones,
3095 517 3230 571 quos
3270 503 3376 558 sibi

115 605 218 650 tuus
241 596 451 666 Sion,in
471 598 797 668 generatione
818 607 864 652 et
883 599 1282 668 generationem.
1779 596 1911 652 deos
1942 597 2231 668 antiquitas
2264 596 2436 662 ﬁnxit,
2472 594 2748 665 redarguit
2770 594 2960 650 dicens
2992 613 3005 648 :
3040 593 3220 650 Nolite
3244 610 3368 648 con-

1778 689 1937 758 fidere
1967 691 2022 744 in
2064 690 2409 758 principibus,
2442 689 2605 744 Vens.
2633 688 2667 742 5
2695 697 2749 743 et
2777 687 2833 754 4,
2864 689 2916 742 in
2941 687 3067 757 ﬁliis
3108 687 3375 741 hominum

1777 707 2039 851 5:32.33.
2064 707 3373 851 22:22:72.:fsit:‘.;.;:::.:';:::.::::"::':;':

182 875 228 930 ί.
259 872 404 928 Tituli
438 889 559 943 pars
605 874 800 942 addita,
833 890 1008 943 quare.
1046 873 1164 928 Vita
1209 875 1398 929 misera
1443 875 1530 942 qui
1575 889 1679 928 non
1779 881 2034 926 vertentur
2061 874 2114 926 in
2150 881 2338 927 terram
2379 887 2570 926 suam:
2596 873 2653 925 in
2692 871 2785 924 illa
2825 871 2908 925 die
2932 869 3170 941 peribunt
3200 885 3374 923 omnes

115 964 208 1020 vita
246 975 431 1020 nostra.
471 963 738 1020 —Etiam
788 966 911 1020 huic
959 964 1168 1036 psalmo
1225 965 1424 1021 addere
1477 964 1676 1035 aliquid
1781 962 2116 1032 cegitationes
2158 979 2352 1017 eorum.
2387 962 2674 1018 Conlidere
2715 961 2886 1017 vetuit
2939 961 2993 1016 in
3045 962 3280 1031 regibus.
3312 961 3382 1015 Et

117 1058 502 1114 translatoribus
527 1057 699 1114 visum
731 1067 835 1114 est.
869 1057 1001 1114 Nam
1027 1073 1150 1113 cum
1183 1057 1428 1114 ﬂebrmis
1461 1057 1537 1130 (a)
1562 1058 1676 1113 sola

1781 1055 1976 1125 quibus
2006 1055 2257 1125 regibus?
2303 1056 2577 1127 subjecit:
2629 1065 2680 1111 et
2725 1057 2780 1110 in
2807 1056 2952 1126 ﬁliis,
2977 1054 3172 1128 inquit,
3213 1056 3378 1110 homi-

115 1152 326 1220 alleluia,
352 1153 422 1207 sit
446 1151 666 1222 praelata
709 1151 1002 1219 confessio,
1050 1151 1159 1207 illis
1186 1150 1387 1220 placuit
1425 1153 1679 1222 Aggaeum
1782 1163 1923 1202 num.
1958 1146 2027 1202 Et
2055 1147 2250 1218 quibus
2279 1147 2402 1203 ﬁliis
2433 1148 2747 1204 hominum?
2775 1149 2960 1220 quibus
2993 1165 3094 1204 non
3123 1157 3194 1204 est
3213 1150 3378 1204 salus.

115 1254 166 1301 et
187 1243 486 1300 Zachariam
537 1245 590 1300 in
633 1243 788 1299 titulo
838 1243 1150 1299 anteferre:
1186 1242 1288 1298 hoc
1317 1257 1405 1307 eo,
1452 1250 1512 1296 ut
1541 1244 1683 1312 psal-

1783 1241 1851 1295 Et
1895 1256 1992 1295 cur
2033 1240 2179 1297 salus
2219 1256 2326 1296 non
2357 1241 2465 1296 sit?
2504 1242 2742 1298 ostendit
2772 1259 2786 1296 :
2814 1243 2991 1298 Exibit
3034 1245 3251 1314 spiritus
3295 1261 3381 1298 eo-

113 1355 249 1394 mum
289 1353 405 1394 esse
447 1337 818 1408 propheticum
863 1349 1212 1391 nosceremus
1243 1353 1256 1389 :
1288 1335 1408 1405 quia
1440 1350 1538 1405 per
1583 1334 1682 1389 hos

1783 1348 1921 1400 rum,
1948 1342 1994 1387 et
2017 1349 2192 1387 omnes
2218 1342 2531 1390 revertentur
2557 1337 2608 1390 in
2631 1345 2818 1390 terram
2851 1353 3016 1392 suam.
3044 1336 3110 1392 Et
3139 1353 3387 1392 reversu-

113 1431 408 1502 propbetas,
465 1429 566 1484 sub
593 1428 787 1499 quibus
827 1427 1088 1483 :ediﬁcata
1139 1443 1352 1483 rursum
1382 1426 1681 1483 Jerusalem
1785 1424 1862 1480 ris
1901 1425 1952 1479 in
2003 1433 2203 1480 terram
2250 1426 2375 1496 quid
2400 1428 2545 1482 erit?
2577 1427 2643 1482 In
2684 1430 2776 1484 illa
2823 1430 2904 1484 die
2945 1432 3180 1502 peribunt
3211 1449 3385 1488 omnes

113 1531 210 1589 est,
233 1523 340 1593 ipso
366 1521 457 1577 illo
500 1531 608 1576 tum
655 1531 898 1592 tempore
946 1529 1162 1576 aeterna:
1189 1519 1488 1576 Jerusalem
1517 1519 1686 1575 aediﬁ-
1787 1519 2118 1588 cogitationes
2161 1536 2339 1574 eorum
2375 1537 2393 1574 :
2423 1530 2690 1594 corruptae
2728 1523 2831 1594 ipsi
2874 1526 3083 1582 scilicet
3127 1526 3384 1598 originis;

114 1615 248 1670 catio
269 1613 608 1686 prxdicatur,
637 1613 798 1668 etiam
828 1612 1122 1682 Evangelio
1164 1620 1418 1677 testante,
1454 1626 1577 1666 cum
1607 1611 1687 1665 in-
1787 1611 1911 1683 quia
1962 1626 2084 1668 esse
2133 1614 2226 1668 lilii
2268 1613 2546 1670 hominum
2589 1619 2960 1688 perstiterunt,
3008 1637 3109 1677 nec
3151 1621 3243 1675 ﬁlii
3288 1619 3387 1676 Dei

115 1721 352 1778 gressuro
380 1707 636 1776 templum
671 1706 920 1770 Domino,
948 1715 1002 1760 et
1031 1705 1508 1760 nummulariorum
1536 1717 1688 1757 men—
1789 1717 1910 1758 esse
1935 1705 2225 1760 voluerunt
2251 1723 2263 1758 :
2289 1707 2489 1762 nullius
2516 1724 2733 1780 quoque
2754 1711 2974 1779 salutis;
2999 1714 3120 1783 quia
3153 1722 3386 1769 exeunte

114 1815 221 1864 sas,
261 1809 309 1854 et
332 1800 622 1854 ementium
651 1813 713 1852 ac
732 1796 1076 1852 vendentium
1115 1797 1330 1866 negotia
1354 1795 1685 1850 subversuro
1713 1794 1763 1856 B
1789 1795 2002 1864 spiritu,
2021 1797 2139 1850 etin
2165 1805 2361 1852 terram
2388 1799 2702 1868 corporibus
2715 1800 3384 1875 dissolutis,cogitationes

113 1893 316 1965 (Matth.
349 1907 458 1956 xxi,
494 1890 529 1944 4
561 1931 577 1958 ,
641 1888 719 1961 5),
767 1891 840 1944 ita
889 1889 1148 1958 scriptum
1189 1897 1313 1943 est:
1347 1886 1460 1942 Hoc
1508 1895 1686 1942 autem
1791 1902 1978 1943 eorum
2011 1904 2285 1960 corporeae
2317 1899 2479 1963 atque
2512 1901 2739 1951 terrena:
2766 1909 2888 1951 cum
2917 1906 3133 1954 terreno
3163 1911 3394 1969 corpore

113 1986 304 2041 factum
329 1995 430 2050 eet,
463 1991 522 2038 ut
567 1982 886 2052 impleretur
916 1979 1060 2052 quod
1101 1980 1304 2034 dictum
1335 1987 1421 2034 est
1464 1993 1559 2049 per
1587 1977 1689 2032 Za-
1795 1980 2115 2036 interibunt.
3344 1997 3351 2004 ’

114 2077 345 2134 chariam
390 2075 705 2145 prophetam
757 2073 1029 2128 dicentem
1076 2089 1089 2126 :
1128 2071 1296 2125 Dicite
1347 2071 1471 2139 ﬁlia:
1521 2070 1650 2125 Sion
1675 2111 1690 2135 ,
1865 2073 1920 2128 4.
1952 2075 2118 2142 Quam
2140 2077 2329 2132 rectius
2356 2077 2410 2133 in
2437 2079 2617 2134 mundi
2648 2081 2884 2153 opificem
2913 2092 3164 2154 speretur.
3195 2113 3266 2125 --
3289 2082 3398 2139 Sed

116 2170 249 2224 Ecce
281 2185 369 2224 rex-
395 2178 510 2222 tuus
537 2167 668 2222 venit
699 2166 790 2221 tibi
837 2175 1156 2231 mansuetus,
1185 2165 1366 2218 sedens
1407 2179 1561 2234 super
1590 2163 1696 2218 asi-
1796 2174 1855 2220 ut
1896 2168 1967 2222 ita
2000 2168 2052 2222 in
2082 2169 2383 2225 istiusmodi
2409 2187 2564 2242 rcges
2595 2173 2848 2228 ﬁduciam
2897 2190 3004 2230 non
3035 2175 3305 2243 conferas,
3338 2175 3392 2230 in

114 2279 233 2316 nam
258 2271 300 2316 et
327 2260 524 2332 pullum
545 2259 800 2314 novellum
820 2259 1143 2331 subjugalem
1166 2255 1382 2327 (Zacch.
1412 2272 1485 2323 lx,
1521 2255 1602 2329 9).
1798 2275 1958 2330 quem
2004 2261 2332 2330 sperandum
2363 2273 2506 2318 esset
2547 2265 2806 2331 ostendit,
2838 2267 3004 2323 Vsus.
3055 2269 3150 2324 5-7
3180 2288 3192 2324 :
3217 2268 3404 2324 Beatus

186 2355 239 2408 2.
273 2354 354 2418 Ει,
386 2361 444 2407 ut
467 2351 721 2418 arbitror,
755 2351 913 2422 hujus
940 2351 1242 2406 Jerusalem
1279 2348 1459 2418 potius
1484 2359 1540 2404 et
1568 2349 1697 2404 Sion
1800 2355 1947 2424 cujus
1977 2352 2116 2408 Deus
2149 2353 2312 2410 Jacob
2351 2355 2561 2429 adjutor
2597 2359 2712 2426 ejus
2741 2374 2760 2413 :
2785 2376 2902 2427 spes
2941 2363 3052 2432 ejus
3099 2361 3154 2414 in
3181 2361 3405 2416 Domino

117 2461 293 2519 regem
325 2445 563 2516 psalmus
612 2442 846 2498 ostendit
876 2484 889 2506 ,
920 2443 1010 2513 qui
1061 2443 1142 2497 ita
1171 2442 1378 2512 erepit,
1411 2440 1576 2494 Vens.
1620 2440 1655 2494 2
1685 2457 1700 2494 :
1803 2444 1914 2500 Deo
1950 2447 2136 2517 ipsius,
2168 2449 2255 2518 qui
2287 2449 2406 2518 fecit
2436 2450 2621 2503 caelum
2665 2461 2712 2505 et
2752 2460 2962 2518 terram,
2995 2469 3135 2507 mare
3165 2462 3209 2508 et
3235 2453 3409 2508 omnia

116 2539 297 2594 Lauda
333 2537 506 2592 aninta
557 2553 667 2591 mea
712 2535 1010 2601 Dominum,
1059 2534 1280 2589 laudabo
1325 2531 1606 2588 Dominum
1648 2533 1705 2588 in
1805 2553 1918 2609 quae
1951 2539 2004 2593 in
2027 2540 2100 2594 eis
2129 2550 2281 2606 sunt;
2310 2541 2394 2609 qui
2423 2543 2645 2596 custodit
2673 2544 2930 2598 veritatem
2949 2545 3001 2598 in
3027 2548 3292 2612 steculunt,
3326 2549 3409 2616 {a-

117 2633 219 2686 vita
242 2646 370 2696 mea,
405 2628 626 2704 psallam
659 2626 770 2682 Deo
792 2643 902 2681 meo
927 2643 1080 2697 quam
1108 2626 1196 2680 diu
1224 2641 1330 2680 ero.
1375 2625 1624 2681 Scienter
1652 2632 1708 2680 et
1808 2631 1877 2684 cit
1893 2631 2152 2704 judicium
2191 2633 2271 2688 his
2313 2633 2402 2701 qui
2430 2634 2699 2703 patiuntur
2737 2635 3010 2708 injuriam.
3046 2636 3162 2691 Non
3191 2646 3275 2692 est
3310 2652 3406 2692 ca-

118 2726 188 2780 de
216 2723 489 2795 prophetat
525 2720 769 2776 doctrina
799 2721 1062 2775 dictorum
1093 2718 1338 2774 ordinem
1371 2717 1558 2772 tenuit.
1594 2715 1711 2770 Pri-
1809 2720 1944 2776 duca
1967 2721 2220 2792 cogitatio
2251 2723 2304 2777 in
2347 2739 2527 2795 regem
2569 2725 2870 2782 istiusmodi
2902 2743 3123 2797 sperare
3152 2747 3164 2782 :
3193 2739 3250 2785 et
3281 2743 3409 2800 spes

118 2834 264 2874 mum
288 2817 428 2873 enim
457 2830 575 2872 eam
608 2813 889 2887 (animam)
920 2813 1165 2868 hortatur
1202 2814 1269 2868 ad
1315 2812 1555 2877 laudem,
1589 2827 1709 2881 qua:
1816 2813 1907 2868 illa
1939 2829 2046 2869 non
2075 2814 2277 2883 interit,
2315 2832 2435 2886 qua:
2485 2817 2536 2871 in
2572 2814 2885 2874 Creatorem
2917 2820 3040 2876 οωιί
3071 2830 3127 2876 et
3154 2830 3314 2878 terra:
3353 2831 3410 2878 et

120 2911 176 2966 in
204 2909 339 2965 hanc
379 2917 462 2964 est
499 2907 792 2963 constituta
833 2914 1101 2971 naturam,
1146 2913 1204 2959 ut
1231 2912 1449 2959 maneat
1483 2911 1708 2958 aeterna.
1814 2906 1977 2962 maris
2005 2916 2060 2961 et
2097 2908 2277 2962 omnis
2326 2909 2691 2965 universitatis
2735 2911 2892 2981 hujus
2939 2913 3269 2969 extenditur.
3312 2913 3414 2971 llic

120 3003 258 3060 Tum
289 3001 502 3068 deinde,
536 3002 660 3073 quia
695 3015 793 3070 per
831 2999 1246 3056 resurrectionis
1289 2999 1490 3054 donum
1513 2997 1716 3068 gloriﬁ-
1817 2999 2117 3070 sperandus
2157 2999 2372 3071 adjutor
2403 3011 2509 3067 est,
2542 3001 2595 3056 in
2637 3017 2744 3074 quo
2773 3003 2929 3059 dolus
2979 3020 3086 3060 non
3135 3015 3237 3061 est.
3277 3005 3413 3062 Nam

121 3103 245 3150 cato
269 3109 495 3164 corpore
517 3101 686 3148 totum
711 3091 849 3164 (scil.
873 3106 1102 3163 corpore
1125 3101 1184 3146 ut
1212 3091 1500 3160 anima)se
1527 3091 1577 3145 ei
1605 3104 1718 3145 me-
1823 3109 1966 3161 cum,
2010 3093 2303 3150 secundum
2349 3095 2707 3166 prophetiam,
2757 3097 2935 3153 omnis
2983 3098 3145 3154 homo
3189 3099 3421 3156 mendax

120 3188 338 3245 minerit
376 3195 732 3252 coaeternum,
785 3194 1058 3254 tamquam
1106 3185 1175 3239 de
1214 3185 1395 3240 futuro
1439 3185 1718 3239 conﬁdens
1746 3182 1791 3245 C
1823 3186 1920 3253 sit;
1953 3189 2236 3244 veritatem
2276 3188 2331 3243 in
2375 3189 2577 3245 saeculo
2611 3191 2760 3246 solus
2791 3192 2880 3246 ille
2911 3191 3189 3248 custodit:
3218 3201 3274 3247 et
3301 3207 3424 3247 cus-

124 3281 244 3336 ait:
276 3277 526 3332 Laudabo
563 3276 840 3331 Dominum
891 3277 944 3330 in
973 3277 1077 3329 vita
1117 3292 1251 3330 mea.
1302 3275 1418 3329 Non
1460 3275 1603 3330 enim
1653 3288 1717 3328 ea
1821 3279 2033 3336 tediens
2061 3281 2368 3348 veritatem,
2396 3281 2655 3351 judicium
2700 3283 2828 3338 facit
2856 3283 2926 3338 ob
2967 3300 3063 3339 eos
3090 3284 3182 3354 qui
3210 3283 3424 3354 patiun-

125 3374 262 3440 vita.
301 3387 423 3443 qua:
464 3385 606 3426 nunc
657 3379 740 3424 est
777 3385 873 3440 per
917 3369 1259 3424 inﬁrmitates
1314 3368 1579 3438 corporis,
1623 3381 1719 3421 sua
1825 3383 1909 3428 tur
1939 3373 2211 3442 injuriam.
2238 3374 2434 3429 Beatus
2467 3375 2557 3430 ille
2583 3384 2688 3442 est,
2715 3391 2874 3446 quem
2902 3375 3208 3447 adjuvando
3237 3392 3303 3432 ex
3332 3377 3423 3433 Ja-

124 3477 215 3525 est
259 3485 273 3522 :
313 3467 381 3522 ab
437 3462 607 3518 Adam
638 3468 648 3532 ζ
665 3477 893 3533 namque
923 3462 996 3534 (b)
1048 3463 1148 3518 ista
1207 3460 1390 3531 erepit,
1444 3474 1550 3514 non
1597 3473 1719 3514 cum

1849 3467 1928 3523 :ob
1957 3467 2034 3540 (ά)
2069 3466 2229 3523 faciet
2253 3468 2436 3524 Israel.
2484 3469 2620 3539 Spes
2659 3469 2778 3540 ejus
2823 3479 3025 3525 aeterna
3073 3480 3174 3535 est,
3207 3471 3330 3541 quia
3370 3471 3425 3526 in

120 3563 300 3620 Adam
340 3563 591 3617 ίηειιοθιθ
638 3571 740 3626 εει.
777 3572 935 3629 quam
986 3569 1092 3610 ηοη
1134 3554 1322 3620 Vnam.
1365 3553 1458 3608 sed
1491 3560 1723 3606 mortem
1826 3559 2136 3615 Creatorem
2167 3559 2291 3616 caeli
2334 3569 2387 3615 et
2414 3568 2574 3615 terrae
2619 3561 2891 3631 marisque
2937 3561 3178 3617 conlidit.
3203 3561 3430 3620 Creator

122 3669 270 3721 esse,
300 3654 594 3724 Apostolus
621 3652 768 3708 novit
807 3649 994 3704 dicens
1025 3664 1037 3700 ε
1074 3645 1231 3700 Μίδαν
1275 3661 1365 3715 €90
1410 3645 1585 3709 Ιιοηιον
1613 3644 1727 3711 quis
1829 3661 2008 3707 autem
2039 3651 2232 3707 horum
2278 3653 2518 3708 omnium
2546 3651 2634 3708 hic
2676 3662 2730 3708 et
2759 3668 2926 3710 verus
2972 3663 3029 3710 et
3049 3653 3215 3724 judex
3242 3663 3348 3722 est,
3374 3665 3432 3712 et

121 3766 206 3804 me
247 3749 478 3804 liberabit
505 3750 568 3803 de
594 3761 808 3817 corpore
836 3743 1015 3799 mortis
1059 3742 1217 3814 hujus
1257 3739 1432 3810 (Rom.
1464 3755 1560 3804 vn,
1587 3739 1728 3811 ων
1831 3746 2118 3802 veritatem
2148 3744 2526 3812 custodiendo,
2555 3755 2609 3802 et
2630 3746 2877 3803 faciendo
2895 3747 3178 3817 judicium,

123 3842 187 3898 In
238 3842 341 3899 hac
383 3860 516 3915 ergo
548 3843 656 3898 vita
689 3855 784 3898 sua
827 3840 1016 3902 Deum,
1049 3835 1224 3907 qualis
1267 3835 1497 3905 primum
1549 3835 1600 3888 in
1633 3833 1729 3889 ho—

1904 3840 1958 3895 5.
2003 3837 2242 3894 Esuriem
2294 3839 2428 3894 verbi
2466 3839 2606 3896 Deus
2646 3843 2818 3897 satiat.
2853 3840 3131 3914 Compedes
3171 3845 3430 3917 spiritales

124 3936 281 3992 mine
309 3943 393 3990 est
419 3935 489 4006 (c)
520 3935 786 3996 instituta,
813 3931 974 4004 631
1005 3928 1266 3983 laudabit.
1310 3927 1444 3981 Tum
1475 3927 1634 3982 tertio
1665 3942 1733 3981 ne
1834 3931 2005 3986 solvit.
2038 3930 2328 3986 Caecitatem
2371 3933 2548 3987 saeculi
2571 3938 2733 4004 fugat.
2765 3963 2836 3975 —
2865 3935 3050 4005 Neque
3089 3937 3261 3992 solum
3284 3937 3431 4006 judi-

125 4028 186 4083 in
224 4027 333 4082 hoc
359 4026 550 4082 eodem
581 4040 723 4081 nunc
752 4037 982 4092 corpore
1033 4018 1370 4088 irreligiosus
1397 4017 1734 4072 existimare-
1836 4023 1978 4078 cium
2013 4021 2162 4087 facit,
2208 4022 2303 4076 sed
2355 4023 2516 4077 etiam
2548 4022 2599 4075 id
2640 4024 2782 4093 quod
2818 4025 3063 4094 sequitur
3092 4044 3104 4078 :
3135 4025 3237 4078 Dat
3266 4043 3436 4082 escam

127 4132 259 4186 tur;
283 4121 484 4191 adjecit
513 4137 525 4174 :
555 4119 794 4175 Psallam
825 4116 933 4171 Deo
958 4129 1070 4170 meo
1101 4128 1254 4180 quant
1284 4112 1375 4164 diu
1393 4127 1476 4164 ero
1501 4109 1730 4182 (supple,

1840 4112 2200 4168 esurientibus.
2228 4110 2483 4167 Dominus
2508 4113 2660 4167 solvit
2679 4116 3009 4186 compeditos,
3044 4115 3208 4173 Vens.
3234 4119 3266 4172 8
3294 4127 3349 4174 et
3367 4119 3437 4173 9:

127 4215 186 4270 in
219 4215 327 4268 hac
352 4215 458 4268 vita
485 4214 679 4268 misera
703 4211 836 4277 ;vid.
859 4206 1147 4277 Prolog.n.
1175 4202 1288 4273 i9).
1317 4202 1374 4257 lu
1389 4201 1535 4257 omni
1557 4208 1737 4254 autem
1841 4204 2094 4259 Dominus
2140 4203 2489 4274 sapienti/ictu
2535 4219 2718 4271 ctecos,
2768 4205 3021 4261 Dominus
3068 4209 3220 4281 erigit
3261 4211 3440 4281 elisos,

125 4307 244 4364 hoc
271 4308 605 4378 psalmorum
633 4305 794 4370 libro,
819 4302 872 4356 in
895 4300 1116 4372 psallere
1148 4297 1428 4366 religiosas
1459 4295 1737 4366 operatio-

127 4417 238 4459 nes
259 4401 506 4472 corporis
534 4397 822 4472 signiﬁcari
845 4393 1190 4451 meminimus
1223 4408 1236 4445 :
1267 4399 1389 4462 apta
1415 4398 1472 4446 et
1499 4404 1741 4446 consona

128 4495 395 4565 corporei
426 4503 606 4550 motus
630 4491 894 4547 varietate
933 4485 1208 4560 placituri.

1843 4294 2098 4351 Dominus
2129 4295 2298 4366 diligit
2320 4295 2513 4366 justas.
2545 4296 2801 4352 Dominus
2843 4300 3060 4354 custodit
3094 4303 3436 4374 proselytum,

1845 4388 2102 4462 pupillum
2131 4396 2177 4443 et
2203 4387 2407 4443 viduam
2449 4389 2713 4458 suscipiet,
2746 4397 2794 4444 et
2835 4391 2967 4445 viam
2995 4404 3318 4464 peccatorum
3343 4414 3432 4453 ea:-

1850 4483 2162 4540 terminabit.
2221 4481 2348 4539 Haec
2373 4482 2594 4554 quidem
2630 4491 2686 4538 et
2737 4485 3091 4555 corporaliter
3141 4489 3444 4563 intelligere

209 4589 273 4645 3.
308 4587 379 4642 In
407 4603 570 4659 reges,
601 4601 726 4657 quos
748 4583 867 4638 deos
907 4580 1004 4635 sibi
1030 4577 1183 4649 ﬁnxit
1211 4576 1512 4645 antiquitas,
1543 4592 1644 4631 non
1674 4588 1748 4632 est
1775 4569 1826 4631 ι)
1851 4592 1958 4633 non
1999 4575 2233 4632 otiosum
2271 4581 2356 4631 est
2387 4573 2520 4631 :sed
2567 4573 2732 4630 altius
2770 4575 2955 4632 nescio
2992 4578 3122 4648 quid
3172 4590 3227 4636 et
3273 4583 3447 4654 majus

212 4729 297 4802 (a)
330 4727 534 4802 litams.
558 4722 858 4802 Editi_ver_o
883 4719 1008 4802 sola:
1033 4716 1278 4773 alleluiw.
1310 4714 1503 4802 Dossct
1528 4714 1746 4802 quidem

127 4785 289 4859 fer‘ri'
309 4799 552 4861 alleluiae,
584 4806 641 4849 ut
668 4794 735 4849 ab
767 4791 950 4849 Hilarii
991 4805 1144 4844 more
1172 4802 1280 4861 non
1311 4785 1620 4861 dissonans,
1654 4787 1750 4861 sed

53 4902 56 4904 η
127 4857 252 4932 non
288 4873 364 4926 ita
388 4857 707 4936 solw,'quod
733 4863 799 4918 ad
821 4861 1072 4936 con[essio
1104 4858 1358 4915 refertur.
1373 4857 1742 4936 _Quod_Aggwi

127 4927 795 5001 e'tVVZacharite'vocabula
844 4927 1055 4997 attinet,
1107 4938 1338 4987 testatur
1373 4927 1750 4986 Theodoretus

127 5033 202 5074 ea
232 5032 300 5070 se
325 5028 433 5068 non
463 5009 624 5066 modo
651 5006 791 5076 apud
817 5005 1122 5076 llehraaum,
1168 5001 1371 5076 aliosve
1405 5001 1744 5072 interpretes,

128 5072 243 5144 sed
282 5100 385 5140 nec
410 5083 548 5152 apud
583 5072 725 5135 LXX
745 5079 807 5152 in
827 5075 1068 5152 iiexaplo
1095 5072 1386 5152 reperisse.

221 5140 310 5229 (b)
340 5140 501 5229 Ediii,
527 5150 795 5229 ita‘cmpit.
827 5140 1048 5229 Rectius
1081 5140 1185 5229 ms.
1216 5143 1338 5229 ista,
1376 5140 1486 5229 hoc
1510 5151 1612 5209 est,
1643 5141 1750 5229 vita

129 5213 435 5299 corporeis
465 5213 850 5299 cupiditatibus
878 5229 932 5272 et
963 5214 1360 5299 infirmitatibus
1391 5213 1590 5299 misere
1626 5215 1750 5299 sub-

129 5284 287 5357 dita'.
326 5284 586 5368 Apposiie
613 5291 966 5368 Augustinus,
993 5289 1026 5342 Ι.
1057 5304 1073 5342 ι
1105 5287 1346 5368 Retract.
1386 5299 1442 5368 c‘.
1591 5301 1645 5339 n.
1676 5287 1710 5338 5
1737 5306 1750 5338 ;

132 5355 288 5442 ipsa
311 5355 447 5425 enim
471 5384 582 5442 vere
611 5355 1124 5442 ac-proprienatura
1146 5356 1362 5412 hominis
1389 5355 1599 5422 dicitur,
1631 5373 1756 5426 qua-

130 5433 211 5499 lis
245 5445 367 5497 sine
395 5440 514 5494 vitio
543 5436 776 5510 primitus
797 5433 1004 5510 condita
1024 5440 1115 5510 est.
1248 5500 1277 5510 Α
1383 5501 1396 5510 _
1609 5500 1620 5510 θ
1696 5498 1722 5510 Α,

221 5514 306 5587 (c)
328 5512 391 5587 lu
420 5500 668 5587 vulgatis,
714 5505 1004 5587 constituta.
1027 5500 1346 5587 Elegantius
1383 5501 1435 5556 in
1464 5516 1566 5587 rus.
1603 5500 1754 5587 insti-

130 5572 300 5652 tut‘a,
320 5585 376 5638 in
401 5599 502 5653 qua
515 5572 804 5653 'nimirum,
837 5584 897 5629 ut
920 5572 1347 5653 esplicattract.‘
1369 5574 1508 5642 psal.
1535 5586 1753 5652 cxxxvt,

133 5642 317 5714 nutri.
341 5655 377 5708 5
409 5642 426 5707 ἕ
450 5653 558 5706 sine
600 5647 901 5714 cupiditate,
933 5649 1042 5698 sine
1079 5643 1276 5706 dolore,
1303 5643 1417 5714 sine
1456 5653 1615 5714 metu,
1650 5642 1761 5696 sine

133 5713 380 5785 crimine
405 5726 509 5779 vita
530 5731 625 5777 est.
661 5713 758 5775 Hic
780 5720 888 5774 vita
929 5715 1082 5770 beata
1119 5713 1414 5785 secundum
1443 5713 1595 5785 quid,
1650 5727 1759 5766 non

135 5784 261 5873 per
291 5811 514 5856 omnem
543 5791 780 5861 modum,
813 5803 935 5846 cum
964 5785 1121 5858 primi
1149 5784 1383 5841 hominis
1405 5784 1513 5842 vita
1543 5797 1763 5855 compa-

1857 4723 2027 4793 ratur.
2079 4713 2229 4793 Alias
2275 4714 2424 4793 enim_
2469 4717 3088 4793 post_resti_rrect_ionem
3131 4724 3449 4793 corporibus

1852 4787 2056 4863 nostris
2087 4786 2255 4863 gntes
2285 4785 2482 4863 passim
2532 4786 2715 4863 tribuit
2751 4787 3007 4858 Hilarius,
3039 4785 3243 4863 quibus
3277 4795 3450 4852 Adam

1856 4859 2070 4938 caruit;
2087 4856 2160 4938 Ea
2190 4867 2380 4938 autem
2399 4857 2543 4913 illius
2577 4857 2662 4938 hic
2694 4874 2853 4938 meus
2879 4856 3136 4938 est,_'qiue
3166 4865 3452 4938 Augustini

1858 4929 1953 4984 lib.
1984 4945 2002 4983 ι
2033 4928 2207 5009 Βθιιοί,
2239 4943 2290 4983 c.
2325 4931 2412 5009 11,
2465 4944 2519 5009 n‘.
2577 4931 2631 5009 ἦ,
2657 4930 2746 5009 ubi
2791 4933 2907 5009 ait:
2965 4928 3120 5000 Quod
3157 4928 3451 5009 dixi(lla:c

1857 5008 2028 5054 autem
2066 5001 2265 5077 sanitas
2312 5008 2437 5077 tunc
2475 4999 2771 5077 ﬁrmissima
2810 5005 2905 5058 erit
2951 4999 3100 5077 atque
3145 4999 3450 5076 certissima,

1863 5088 1978 5150 cum
2007 5071 2248 5150 pristinte
2266 5070 2532 5150 stabilitati
2555 5082 2701 5150 certo
2726 5090 2816 5128 suo
2847 5070 3070 5150 tempore
3093 5089 3244 5150 atque
3276 5070 3455 5136 ordine

1864 5144 1962 5196 hoc
1995 5158 2182 5224 corpus
2205 5143 2375 5224 fuerit
2401 5143 2732 5214 restitutum),
2765 5162 2865 5200 non
2895 5143 2967 5224 ita
2995 5143 3183 5204 dictum
3225 5162 3450 5224 putetur,

1897 5214 2007 5290 uasi
2038 5229 2138 5267 non
2172 5213 2271 5266 sint
2295 5217 2472 5290 futura
2502 5224 2615 5290 post
2636 5213 3056 5290 resurrectionem
3086 5213 3308 5290 corpora
3344 5213 3454 5278 me;

1887 5286 2203 5365 iora,.q‘ua_m
2228 5287 2506 5365 primorum
2549 5286 2814 5365 hominum
2845 5290 2897 5343 in
2940 5286 3186 5365 paradiso
3211 5297 3458 5365 fuerunt;

1864 5372 1976 5433 curn
2023 5355 2116 5409 illa
2131 5359 2248 5433 jam
2278 5357 2511 5433 non_sint
2552 5358 2754 5433 alenda,
2783 5355 3131 5429 corporalibus
3180 5355 3456 5433 alimentis,

1865 5427 2047 5497 quibus
2087 5426 2356 5481 alebantur
2384 5429 2520 5495 ista;
2555 5429 2644 5483 sed
2674 5426 2890 5498 pristina
2925 5435 3173 5488 stabilitas
3216 5426 3460 5492 hactenus

1866 5497 2166 5571 accipienda
2205 5508 2298 5563 est,
2331 5510 2578 5571 quatenus
2614 5497 2965 5570 aegritudinem
2996 5506 3069 5558 ita
3105 5507 3302 5560 nullam
3346 5525 3463 5563 cor-

1867 5585 1997 5640 pora
2022 5569 2114 5623 illa
2137 5569 2419 5641 patientur,
2441 5571 2574 5625 sicut
2600 5569 2689 5626 nec
2719 5573 2818 5626 ista
2845 5574 2953 5643 pati
2976 5587 3178 5646 possent
3204 5589 3323 5635 ante
3346 5596 3464 5649 pec-

1867 5650 2056 5695 catum.

1871 5711 2132 5841 “$1153
2175 5728 2280 5772 ms.
2329 5713 2400 5771 At
2427 5713 2580 5783 editi,
2623 5715 2748 5785 facit
2787 5712 2978 5788 Israel,
3021 5727 3077 5776 et
3120 5733 3269 5789 mox,
3295 5723 3382 5794 qui
3408 5723 3465 5782 in
