3896 6336
491 285 599 343 867

1701 273 1947 333 essen
1989 253 2244 333 lllLARll
2274 259 2575 335 errscort
3654 283 3744 340 ses

489 414 673 456 sermo
700 398 1090 469 complectitur.
1117 394 1243 461 Dat,
1275 392 1471 466 inquit,
1503 406 1670 447 escam
1717 389 2074 447 esurientibus.
2109 389 2161 450 A
2186 395 2346 449 etiam
2387 394 2468 448 via
2496 399 2837 464 peccatorum
2867 392 3283 448 exterminatur.
3309 391 3510 460 Quibus
3546 395 3599 449 in
3628 396 3744 452 inte-

492 492 784 549 Videamus
810 507 966 562 quam
1005 503 1206 556 escam,
1254 496 1311 543 et
1346 486 1544 557 quibus
1576 483 1964 542 esurientibus.
2007 484 2083 540 Et

490 583 576 641 ita:
621 584 832 656 quidem
883 598 1021 639 escae
1065 579 1382 651 corporales
1415 579 1491 652 (a)
1537 594 1644 636 non
1703 587 1815 633 tum
1868 592 2085 647 semper

493 677 802 746 praebentur
845 690 874 729 a
915 675 1046 740 Deo,
1094 689 1218 730 cum
1271 673 1508 731 esuritur
1545 687 1576 728 a
1605 671 1788 728 nobis.
1837 672 2086 726 Annuutn

491 782 722 838 namque
749 783 932 824 earum
960 782 1155 824 munus
1182 766 1346 838 632
1373 774 1458 822 est
1485 783 1500 822 :
1529 773 1586 822 et
1608 764 1732 820 ideo
1779 765 1920 818 intra
1952 773 2088 818 tem-

491 873 593 927 pus
625 859 956 928 praebentur,
1003 867 1063 915 ut
1089 861 1226 916 intra
1256 871 1466 930 tempus
1495 873 1564 914 ne
1586 857 1709 928 quis
1730 856 1952 912 esuriat.
1988 854 2088 909 Est

488 952 651 1023 igitur
673 953 778 1008 alia
807 954 1060 1020 esuritio,
1100 962 1156 1010 et
1185 962 1312 1010 sunt
1338 953 1496 1008 aliter
1523 953 1850 1015 esurientes,
1889 947 2085 1020 quibus

489 1044 853 1100 esurientibus
875 1059 998 1100 esca
1028 1046 1316 1115 prmbetur.
1359 1043 1630 1114 Scriptum
1661 1057 1892 1113 namque
1920 1039 2084 1097 estin

489 1137 655 1190 Amos
696 1140 960 1207 prOplteta
985 1136 1126 1208 (vm,
1163 1135 1251 1209 il)
1281 1154 1294 1191 :
1328 1134 1463 1191 Ecce
1500 1136 1690 1191 induco
1718 1139 1908 1206 famem
1934 1148 2089 1203 super

484 1241 710 1296 terram;
750 1248 850 1286 non
879 1234 1066 1302 fantem
1094 1233 1281 1304 panis;
1311 1247 1471 1301 neque
1495 1231 1632 1285 sitim
1668 1245 1854 1299 aquas;
1886 1227 1976 1282 sed
2005 1229 2086 1300 [a-

489 1340 619 1378 mem
647 1332 702 1377 ut
731 1325 978 1380 audiatur
998 1324 1203 1380 verbum
1235 1321 1349 1379 Dei.
1383 1323 1533 1380 Hanc
1563 1323 1722 1393 igitur
1742 1335 1922 1377 escam
1951 1334 2088 1391 prte-

488 1415 777 1473 dicationis
802 1417 1166 1474 esurientibus
1199 1415 1462 1473 Dominus
1501 1414 1764 1484 impertit.
1795 1413 1926 1479 Quae
1963 1426 2085 1467 cum

486 1509 541 1564 in
570 1510 749 1566 cibum
783 1511 944 1568 fuerit
979 1519 1279 1581 assumpta,
1313 1510 1520 1566 vincula
1563 1508 1766 1564 diaboli
1808 1506 2090 1562 resolvun-

487 1610 597 1659 tur.
631 1602 842 1674 Ligavit
881 1604 1051 1669 enim,
1097 1602 1397 1660 secundum
1437 1599 1754 1672 Evangelia,
1797 1599 1985 1656 decem
2033 1611 2092 1653 et

487 1706 612 1754 octo
637 1699 798 1753 annis
829 1698 1060 1755 Abrahae
1089 1698 1252 1754 ﬁliam
1285 1697 1438 1770 (Luc.
1470 1711 1592 1763 xui,
1623 1694 1732 1766 16).
1781 1692 2087 1763 Compedes

2185 484 2344 539 ritum
2372 484 2658 552 demersis,
2691 484 2989 541 Jerusalem
3018 486 3192 540 sancti
3237 485 3382 543 illius
3409 486 3551 559 regis
3579 489 3746 544 civitas

2185 578 2451 634 iucoletur
2479 595 2495 634 :
2527 593 2633 634 non
2682 579 2783 633 ista
2833 580 3056 650 utique,
3102 596 3227 650 quae
3273 581 3508 638 desolata
3554 592 3609 638 et
3643 585 3752 640 sub-

2187 689 2340 730 versa
2373 672 2581 745 profani
2613 671 2888 743 parricidii
2915 673 3011 728 luit
3044 688 3257 744 pinnas.

2257 769 2310 823 7.
2346 766 2474 834 Qui?
2495 767 2624 823 Sion
2643 768 2786 823 sedes
2807 769 2949 838 regni
2975 765 3093 822 Dei.
3115 798 3186 808 —
3206 767 3491 825 Concludit
3517 772 3654 826 enim
3671 774 3745 839 ita,

2187 861 2353 917 Vens.
2397 860 2466 916 10
2494 878 2509 915 τ
2538 860 2791 931 Regnabit
2829 858 3084 915 Dominus
3109 863 3162 915 in
3201 869 3468 930 cternum,
3498 860 3633 918 Deus
3655 873 3750 919 tus

2190 954 2339 1022 Sion,
2361 954 2418 1008 in
2444 956 2826 1025 generationem
2854 965 2902 1009 et
2921 957 3320 1026 generationem.
3363 957 3466 1013 Ubi
3510 958 3598 1013 illa
3620 961 3748 1023 Sion,

2187 1049 2241 1104 in
2281 1061 2385 1119 qua
2429 1057 2749 1119 regnaturus
2795 1057 2878 1104 est
2929 1049 3228 1106 Dominus?
3274 1049 3386 1108 Nisi
3435 1049 3574 1107 forte
3619 1054 3668 1108 in
3703 1070 3748 1109 ea

2191 1140 2430 1215 (subaud.
2477 1152 2800 1213 regnaturus
2844 1140 2949 1214 est)
2981 1159 3100 1212 quin
3129 1143 3431 1214 PrOpbetas
3462 1145 3672 1207 occidit,
3711 1159 3752 1203 et

2189 1234 2390 1306 lapidat
2413 1250 2507 1291 eos
2529 1236 2622 1306 qui
2653 1236 2719 1290 ad
2762 1250 2821 1290 se
2865 1235 3014 1290 missi
3045 1236 3363 1292 suun-Haec
3393 1239 3580 1306 utique
3619 1239 3751 1294 hodie

2185 1328 2296 1400 jam
2327 1344 2432 1384 non
2475 1337 2560 1384 est
2587 1347 2599 1382 :
2634 1339 2688 1384 et
2715 1328 2989 1400 quomodo
3017 1329 3272 1386 Dominus
3304 1332 3357 1386 in
3401 1341 3658 1387 aeternum
3684 1348 3752 1389 re-

2188 1422 2393 1489 gnabit,
2421 1421 2575 1492 regni
2611 1422 2692 1475 sui
2722 1421 2852 1477 sede
2879 1421 3176 1477 subversa?
3199 1421 3309 1478 Sed
3348 1424 3594 1494 regnabit
3616 1423 3664 1478 in
3688 1442 3750 1488 ea,

2190 1531 2310 1587 qua:
2359 1524 2530 1571 mater
2573 1515 2814 1571 cmlestis
2870 1523 2990 1582 est,
3042 1530 3162 1585 quae
3215 1515 3355 1571 vivis
3403 1532 3470 1571 ex
3520 1518 3754 1586 lapidibus

2189 1617 2483 1676 exstructa,
2529 1609 2691 1681 633
2723 1619 2773 1664 et
2803 1608 3002 1663 sanctis
3030 1607 3236 1663 civibus
3259 1608 3330 1680 (Ῑ)
3376 1609 3534 1678 plena
3567 1625 3654 1681 per
3685 1628 3755 1681 ge-

2193 1702 2523 1757 nerationem
2557 1702 2689 1770 legis
2718 1710 2770 1756 et
2803 1716 2898 1771 per
2922 1701 3326 1772 generationem
3373 1701 3498 1756 ﬁdei
3532 1702 3755 1773 frequen-

487 1805 704 1860 quoque
736 1791 1001 1858 avaritia,
1046 1790 1310 1858 libidiniS.
1338 1791 1636 1856 ebrietatis,
1663 1787 1816 1845 cibus
1841 1785 1965 1843 talis
1993 1786 2090 1842 ab-
2116 1791 2166 1852 B
2195 1791 2394 1848 labitur
2455 1807 2484 1846 a
2535 1792 2845 1848 domesticis
2901 1792 2995 1848 Dei
3049 1802 3102 1848 et
3157 1792 3371 1849 Domini
3441 1796 3610 1850 nostri
3653 1795 3752 1851 iss

484 1884 669 1941 solvit.
723 1884 792 1939 Et
832 1885 1092 1942 absolutis
1144 1884 1517 1956 compedibus,
1561 1883 1722 1938 caecis
1767 1879 2085 1951 sapientiam

491 1988 732 2049 praestat.
768 1978 827 2035 Si
858 1979 924 2034 de
959 1979 1332 2050 corporalibus
1357 1978 1514 2034 donis
1547 1976 1816 2046 Propheta
1843 1976 2088 2044 loquere-

487 2082 597 2137 tur,
634 2082 1115 2127 commemorasset
1146 2073 1325 2142 potius
1367 2071 1528 2126 ctecis
1572 2069 1751 2124 lumen
1787 2067 1862 2138 (b)
1913 2065 2089 2122 indul-

488 2172 624 2218 tum.
663 2163 769 2219 Sed
815 2164 942 2235 quia
990 2180 1086 2234 per
1124 2165 1302 2219 cibum
1334 2164 1406 2233 (c)
1451 2162 1603 2217 verbi
1653 2158 1950 2217 esuritione
1991 2157 2089 2213 de-

487 2256 666 2324 pulsa,
696 2254 1048 2312 solvebantur
1084 2255 1375 2325 compedes
1422 2254 1636 2312 stet-uli:
1676 2253 1838 2308 etiam
1869 2254 2086 2308 caecitas

487 2351 671 2406 saeculi
721 2350 999 2420 sapientiae
1067 2348 1434 2418 impertitione
1492 2347 1802 2418 depellitur.
1874 2345 2085 2401 Alimur

486 2444 632 2499 enim
662 2449 782 2512 post
810 2441 1083 2513 ingentem
1115 2441 1312 2498 famem
1342 2441 1538 2495 divina:
1566 2437 1898 2510 cognitionis
1926 2437 2087 2508 spiri-

486 2536 683 2592 talibus
743 2535 880 2592 cibis
919 2553 934 2589 ε
977 2545 1031 2591 et
1080 2534 1436 2606 compedibus
1489 2533 1686 2603 quibus
1742 2545 1964 2586 currere
2015 2529 2083 2584 ad

485 2639 687 2685 :eterna
708 2627 793 2703 (tl)
823 2643 927 2684 non
949 2629 1178 2685 sinimur
1202 2627 1484 2692 absolutis,
1516 2626 1758 2682 discussa
1785 2640 1882 2695 per
1909 2623 2087 2680 indul-

483 2730 594 2776 tam
619 2722 944 2792 sapientiam
981 2723 1247 2778 excitate.
1287 2722 1610 2776 Creatorem
1643 2728 1886 2774 nostrum
1915 2718 2086 2773 oculis

486 2815 858 2884 intelligentia:
913 2822 1260 2872 contuemur.
1305 2811 1518 2868 Desinit
1541 2827 1673 2884 ergo
1701 2810 1874 2866 fames
1908 2811 2086 2881 longa,

486 2905 776 2977 compedes
816 2921 1032 2977 graves,
1077 2907 1296 2962 caecitas
1323 2906 1509 2972 stulta,
1538 2915 1593 2960 et
1641 2903 1694 2959 id
1721 2903 1865 2976 quod
1907 2903 2086 2973 sequi-

485 3007 576 3054 tur
601 2997 861 3054 succedit.

560 3091 616 3148 6.
648 3089 914 3160 Pupillus.
942 3119 1011 3130 —-
1042 3089 1198 3146 ΔιιῘεὶ
1242 3088 1544 3161 eriguntur,
1584 3088 1715 3159 justi
1761 3087 2082 3159 diliguntur,

484 3185 706 3242 advena:
734 3185 850 3241 sive
872 3182 1127 3256 proselyti
1150 3183 1546 3246 custodiuntur,
1581 3180 1816 3251 pupillus
1841 3187 1899 3235 et
1923 3177 2081 3234 vidua

484 3279 795 3350 suscipitur,
819 3287 875 3334 et
914 3277 999 3332 via
1047 3285 1392 3348 peccatorum
1436 3274 1790 3346 disperditur.
1827 3271 2084 3342 Quisquis

482 3373 573 3428 ille
601 3380 704 3438 est,
743 3371 836 3440 qui
875 3369 1038 3429 modo
1063 3370 1152 3426 Dei
1179 3379 1284 3432 est,
1315 3368 1416 3424 etsi
1445 3383 1550 3423 non
1580 3365 1871 3432 uniforme,
1899 3373 2080 3419 tamen

483 3467 758 3537 proprium
792 3464 952 3520 habet
1013 3478 1228 3528 munus,
1276 3469 1335 3516 ut
1361 3461 1551 3516 allisus
1582 3460 1656 3532 (e)
1698 3459 1849 3525 licet,
1879 3457 1927 3513 si
1973 3467 2083 3511 non

481 3560 704 3624 esuriat,
745 3557 792 3614 si
841 3573 946 3612 non
997 3555 1334 3627 compeditus
1382 3563 1437 3608 et
1491 3553 1692 3608 stultus
1751 3554 1854 3618 sit,
1899 3559 2082 3605 tamen

483 3649 616 3719 erigi
650 3649 818 3716 possit
843 3663 910 3702 ne
929 3647 1102 3716 jaceat
1125 3648 1178 3701 in
1205 3655 1470 3701 aeternum
1495 3660 1511 3710 ;
1541 3653 1604 3698 ut
1626 3644 1804 3714 justus
1833 3641 1903 3696 ob
1928 3640 2086 3711 justi-

487 3742 615 3795 tiam
643 3739 924 3810 diligatur;
965 3747 1025 3794 ut
1063 3737 1271 3793 advena
1315 3735 1417 3792 etsi
1457 3751 1564 3790 non
1603 3744 1877 3805 tamquam
1911 3732 2085 3803 iustus

485 3834 744 3906 diligitur,
772 3841 950 3888 tamen
985 3832 1070 3888 vel
1107 3832 1176 3888 ob
1215 3831 1322 3886 hoc
1364 3828 1490 3901 quia
1515 3829 1798 3884 advenerit
1831 3839 2082 3882 reserve-

481 3935 604 3994 tur;
633 3935 689 3982 ut
715 3925 973 3998 pupillus,
1001 3927 1125 3996 quia
1162 3930 1372 3995 patrem
1409 3921 1513 3978 sibi
1538 3921 1817 3978 diabolum
1863 3919 2085 3990 abiura-

484 4033 656 4093 verat,
689 4023 939 4092 exemplo
962 4020 1330 4093 apostolorum
1360 4035 1467 4075 non
1497 4019 1778 4091 orphanus
1807 4018 2082 4089 relinqua-

484 4131 605 4186 tur;
649 4128 708 4175 ut
734 4119 892 4175 vidua
929 4118 1257 4189 suscipiatur
1284 4117 1338 4173 in
1367 4131 1649 4188 sponsam,
1693 4125 1882 4186 postea
1918 4129 2081 4184 quam

483 4215 588 4271 sibi
615 4215 670 4270 in
711 4213 929 4270 Christo
977 4215 1229 4270 conlisus
1260 4211 1348 4268 hic
1388 4212 1620 4268 mundus
1655 4221 1737 4266 est
1767 4210 1862 4278 (V.
1898 4208 2077 4264 Tract.

485 4307 620 4377 psal.
648 4321 841 4375 cxxxt,
874 4322 928 4360 n.
956 4306 1076 4376 ει).
1101 4304 1330 4361 Omnem
1361 4305 1506 4360 enim
1528 4303 1865 4358 credentium
1893 4302 2079 4368 ﬁdem,

485 4401 571 4454 cui
606 4415 698 4468 per
732 4400 1175 4470 adimpletionem
1222 4409 1525 4469 temporum
1564 4398 1650 4452 lex
1697 4406 1970 4468 tamquam
1999 4395 2084 4449 vir

486 4493 694 4564 primus
733 4501 1013 4550 emortuus
1047 4496 1140 4563 sit,
1175 4493 1391 4548 viduam
1425 4491 1704 4561 apostolus
1755 4489 2083 4560 nuncupavit

2191 1887 2424 1956 Christi,
2477 1891 2566 1960 qui
2612 1896 2696 1944 est
2729 1885 3047 1945 benedictus
3093 1887 3147 1943 in
3188 1890 3391 1945 saecula
3438 1890 3754 1946 saeculorum.

2190 1983 2382 2040 Amen.

2692 2073 3011 2134 PSALMUS
3049 2075 3279 2132 CXLVI.

2560 2193 2804 2249 Alleluia.
2845 2193 3024 2268 Δί]ςωὶ
3048 2205 3096 2249 et
3121 2193 3415 2251 Zachariw.

2259 2310 2497 2368 Laudate
2541 2311 2854 2378 Dominum,
2895 2313 3142 2389 quoniam
3195 2312 3359 2369 bonus
3401 2320 3478 2368 est
3519 2315 3757 2382 psallens:

2188 2401 2300 2459 Deo
2325 2413 2500 2460 nostro
2521 2403 2759 2476 jucunda
2783 2405 2851 2460 sit
2881 2404 3136 2460 laudatio.
3172 2403 3475 2474 Ediﬁms
3502 2405 3758 2461 Jerusale-

2189 2497 2445 2552 Dominus
2464 2537 2480 2564 ,
2511 2505 2561 2552 et
2599 2497 2944 2566 dispersiones
2977 2496 3150 2552 Israel
3187 2514 3532 2570 congregem.
3574 2499 3669 2564 Qui
3693 2517 3761 2553 ss-

2189 2600 2279 2644 nat
2302 2591 2548 2646 contritas
2571 2591 2755 2657 corde,
2790 2599 2836 2646 et
2857 2590 3044 2662 alligat
3080 2591 3420 2646 contritiones
3442 2609 3637 2646 eorum.
3663 2592 3760 2646 Αι-

2185 2698 2388 2738 merans
2418 2683 2795 2739 multitudinem
2842 2682 3144 2750 stellarum,
3187 2692 3239 2738 et
3285 2684 3530 2740 omnibus
3577 2687 3646 2740 eis
3685 2703 3759 2739 se-

2189 2776 2331 2832 mina
2359 2791 2564 2832 vocans.
2590 2775 2814 2847 Magnus
2844 2774 3096 2831 Dominus
3126 2785 3321 2843 noster,
3347 2786 3399 2834 et
3424 2794 3614 2848 magna
3634 2781 3762 2832 eirtss

2189 2872 2339 2942 ejus,
2370 2878 2418 2924 et
2455 2868 2723 2938 sapientia:
2759 2871 2873 2941 ejus
2909 2885 3011 2924 non
3053 2877 3132 2924 est
3169 2885 3442 2925 numerus.
3490 2868 3760 2939 Suscipit!)

2188 2973 2478 3018 mansuetos
2499 2962 2752 3018 Dominus
2770 2982 2788 3019 :
2810 2963 3089 3018 humilium
3116 2973 3291 3020 autem
3323 2973 3619 3032 peccatores
3635 2982 3763 3034 usque

2189 3056 2258 3110 ad
2283 3065 2490 3110 terram.
2518 3055 2739 3126 Incipite
2763 3054 2947 3127 (infra,
2973 3054 3256 3127 Incitante)
3274 3055 3580 3126 Dominoiin
3597 3061 3764 3126 confes-

2107 3179 2154 3246 ο
2185 3149 2350 3215 sione,
2366 3149 2570 3218 psallite
2596 3149 2706 3204 Deo
2732 3160 2904 3206 nostro
2950 3150 3004 3204 in
3033 3150 3259 3215 cithara,
3283 3151 3380 3217 qui
3415 3152 3587 3221 operit
3611 3151 3760 3206 cde-

2188 3243 2405 3298 nubibus
2423 3253 2505 3310 ,et
2535 3252 2683 3313 parat
2715 3240 2906 3312 (Infra,
2925 3243 3016 3312 qui
3040 3250 3218 3313 parat)
3241 3253 3406 3298 terrea
3433 3245 3676 3314 pluuias,
3699 3245 3766 3310 ssi

2190 3338 2432 3408 producit
2449 3339 2504 3392 in
2527 3338 2780 3393 montibus
2813 3340 3035 3409 mnum,
3067 3348 3116 3392 et
3135 3338 3351 3393 herbam
3379 3342 3615 3395 servituti
3632 3342 3764 3394 Itoni-

2189 3446 2334 3486 num.
2365 3429 2468 3486 Dat
2495 3429 2684 3502 (Infra,
2712 3430 2801 3500 qui
2833 3428 2947 3502 dat)
2965 3433 3214 3502 jumentis
3255 3448 3439 3486 escam
3465 3435 3706 3504 ipsorum,
3729 3442 3764 3485 et

2190 3522 2641 3593 pulliscorvorum
2661 3522 3013 3578 invocantibus
3042 3538 3177 3577 eum.
3205 3521 3335 3578 Non
3355 3525 3416 3580 in
3445 3526 3635 3579 uiribus
3676 3524 3764 3593 arsi

2188 3616 2496 3670 uoluntatem
2523 3613 2697 3669 habuit
2723 3613 2913 3686 (Infra,
2944 3613 3186 3686 habebit),
3219 3631 3315 3671 nec
3345 3617 3407 3670 in
3457 3617 3765 3673 tabernaculis

2188 3708 2285 3762 uiri
2310 3705 2683 3775 beneplacitum
2704 3715 2776 3762 est
2804 3706 2870 3762 ei.
2901 3705 3292 3779 Beneplacitum
3325 3716 3407 3763 est
3450 3706 3670 3763 Domino
3689 3725 3763 3762 sa-

2192 3816 2282 3868 per
2302 3798 2534 3853 timentes
2564 3815 2698 3863 eum,
2715 3807 2766 3853 et
2792 3799 2847 3852 in
2873 3815 2960 3854 eos
2975 3799 3062 3867 qui
3081 3808 3294 3870 sperant
3314 3799 3372 3855 in
3401 3797 3598 3872 (Infra,
3615 3817 3761 3857 οιια

2188 3891 2276 3962 qui
2296 3899 2503 3961 sperant
2523 3888 2702 3961 super)
2734 3889 3138 3946 misericordiam
3164 3893 3297 3962 ejus.

2621 4001 3040 4061 TRACTATUS
3080 4003 3353 4060 PSALMI.

2261 4112 2314 4165 1.
2369 4108 2490 4164 Non
2530 4108 2733 4163 canitur
2772 4107 2868 4162 hoc
2901 4106 3100 4177 psalmo
3137 4106 3458 4176 temporaria
3503 4103 3766 4160 Jerusale-

2188 4203 2484 4272 azdi/icatio.
2505 4230 2576 4242 —
2602 4200 2732 4256 Post
2759 4200 2988 4268 primam
3013 4197 3316 4254 Jerusalem
3344 4199 3765 4254 subversionem.

2189 4297 2542 4367 traductoque
2569 4294 2628 4350 in
2660 4291 3005 4364 Babyloniam
3040 4291 3240 4361 populo
3269 4291 3531 4359 captivo,
3560 4289 3768 4346 adiﬁca-

2188 4399 2298 4444 tam
2344 4402 2563 4444 rursum
2609 4386 2855 4442 eamdem
2901 4384 3174 4440 civitatem
3221 4382 3416 4448 fuisse,
3457 4393 3518 4439 et
3569 4385 3768 4438 historia

2187 4483 2496 4556 Regnorum
2555 4489 2612 4536 et
2662 4479 2786 4535 libri
2840 4479 3030 4534 Esdraa
3081 4478 3402 4548 loquuntur.
3466 4477 3581 4533 Sed
3629 4475 3769 4531 hodie

489 4555 667 4658 iRom.
692 4602 782 4654 vn,
810 4588 888 4660 4).
933 4587 1039 4644 Sed
1069 4555 1178 4643 non
1212 4587 1390 4643 solum
1428 4555 1589 4641 vidua
1632 4555 1950 4656 suscipitur,
1981 4571 2076 4641 sed
2103 4579 2160 4640 D
2180 4555 2452 4636 eamdem.
2473 4573 2683 4630 nullam
2721 4585 2874 4638 esse,
2919 4587 3102 4628 rerum
3134 4570 3270 4626 fides
3299 4571 3526 4627 edocet.
3573 4571 3685 4626 Hoc
3708 4568 3769 4622 id-

555 4729 637 4805 (u)
664 4731 722 4786 In
747 4729 994 4799 vulgatis,
1022 4747 1124 4785 non
1155 4739 1342 4786 tamen.
1365 4727 1586 4785 Rectius
1606 4727 1661 4782 in
1689 4740 1792 4784 ms.
1818 4741 1922 4780 non
1947 4733 2076 4779 tum.

557 4822 634 4896 (b)
667 4821 741 4896 Es
769 4821 871 4896 hoc
909 4820 1028 4875 loco
1049 4820 1218 4892 liquet
1252 4823 1492 4896 ignotam
1534 4818 1740 4896 ﬂilatjo
1771 4816 1934 4896 fuisse
1963 4816 2078 4896 iec-

487 4888 689 4952 tioném
720 4893 966 4966 Vulgata:
1015 4888 1211 4949 nostra:
1244 4888 1581 4966 praeferentis
1610 4909 1624 4946 :
1659 4888 1908 4946 Dominus
1957 4888 2080 4944 illu-

486 4968 644 5022 minat
673 4981 852 5021 caecos.
1117 4999 1120 5002 ~

560 5038 628 5112 (ε)
662 5038 709 5094 Λ
738 5052 839 5093 ms.
874 5034 1028 5092 abest
1051 5035 1208 5092 verbi.

556 5130 637 5203 (d)
663 5130 737 5203 In,
754 5145 855 5187 ms.
884 5145 1022 5184 nunc
1046 5127 1314 5203 sinimur:
1341 5128 1565 5203 forsitan
1593 5128 1795 5203 verius,
1819 5142 1892 5203 ea
1915 5126 2081 5182 nimi-

485 5199 871 5270 rut'n'ratione,
897 5210 956 5256 ut
979 5199 1204 5256 verbum
1231 5200 1477 5256 absolutis
1497 5215 1606 5256 non
1635 5199 1798 5256 modo
1826 5199 1896 5255 ad
1935 5213 2080 5254 com-

486 5275 722 5343 pedibus,
756 5269 935 5330 sedet
972 5270 1040 5327 ad
1076 5270 1358 5328 relativum
1384 5271 1565 5342 quibus
1599 5270 1889 5340 referatur,
1921 5269 2078 5342 quasi

486 5347 666 5418 quibus
694 5346 963 5402 absolutis.

559 5439 633 5511 (e)
660 5439 830 5511 Editi,
863 5440 978 5494 licet
1004 5438 1088 5511 sit,
1115 5435 1578 5511 nunc_esuriat_:si_
1595 5452 1735 5511 nunc
1763 5435 2080 5511 compeditus

487 5519 535 5564 et
559 5506 770 5574 itultus,
801 5523 934 5577 ete.,
965 5509 1126 5564 valde
1149 5506 1394 5562 confuse.
1434 5507 1695 5564 Confusio
1717 5509 1829 5578 jam
1871 5507 2083 5563 tollitur

488 5594 591 5650 ope
618 5597 720 5636 me.
755 5584 920 5637 Porro
963 5581 1018 5638 in
1057 5581 1158 5635 hoc
1201 5594 1266 5634 ac
1302 5578 1670 5650 superioribus
1699 5579 1834 5633 locis
1871 5583 2082 5634 esuries

490 5649 596 5707 non
629 5661 873 5709 sanctum
899 5653 1047 5708 verbi
1077 5651 1425 5717 desiderium,
1459 5649 1822 5722 sedgejusdem
1846 5651 2082 5722 inopiam

491 5731 867 5801 _et_egestatem
905 5732 1067 5779 sonat
1095 5739 1110 5776 :
1139 5722 1480 5801 etAquosihic
1513 5719 1750 5801 Hilarius
1783 5719 2080 5786 esurientes,

495 5792 632 5847 infra
659 5795 712 5849 in
742 5795 879 5864 psal.
907 5810 1087 5862 cum,
1107 5810 1162 5850 n.
1189 5792 1257 5863 9,’
1276 5793 1450 5850 aridos
1480 5803 1527 5849 et
1554 5795 1901 5864 infructuosos
1943 5807 2085 5848 nun-

2184 4729 2364 4793 cupat,
2390 4715 2579 4793 ethoc
2610 4713 2680 4770 ob
2707 4711 3084 4793 inﬁdelitatem
3124 4720 3179 4766 et
3205 4707 3571 4780 impietatem,
3607 4718 3668 4765 ut
3689 4711 3768 4765 ibi-

2183 4783 2307 4850 dein
2337 4791 2638 4845 insinuatur
2661 4801 2809 4839 num.
2839 4783 2892 4839 8.

2257 4862 2326 4936 (ο
2367 4861 2423 4916 In
2436 4873 2550 4940 nis.
2576 4856 2698 4912 Mic.
2727 4856 2879 4937 plena
2900 4870 2989 4925 per
3002 4853 3556 4940 genmtripnemfdei,
3570 4853 3769 4940 lentissis

2185 4923 2552 4997 intermediis,
2583 4945 2703 5000 qua:
2728 4923 2808 5000 re
2847 4923 2962 5000 ipsa
3002 4923 3333 5000 interpolata
3370 4923 3647 5000 judicabit
3683 4940 3769 4978 nos

2188 5020 2373 5072 nemo,
2395 5017 2518 5058 cum
2540 4995 2824 5071 generatio
2846 4995 3073 5072 legisad
3093 5011 3212 5054 eam
3232 4995 3377 5052 Sion
3393 4995 3649 5051 videatur
3663 5011 3772 5072 per:

2191 5067 2506 5145 tinere'qute
2535 5067 2826 5145 prephetas
2851 5067 3338 5145 oecid_it_,_-quteque
3363 5082 3494 5122 mox
3525 5069 3676 5145 regni
3699 5067 3770 5145 [tri

2190 5149 2349 5205 sedes
2375 5138 2566 5215 negata
2606 5138 2708 5198 est.
2757 5142 2828 5199 At
2869 5139 3013 5213 apud
3043 5138 3304 5215 Hilarium
3331 5138 3623 5209 generatio
3661 5139 3770 5207 legis

2191 5221 2390 5290 duplex
2439 5210 2922 5290 Hominumhgenus'
2964 5210 3487 5290 complectebatur,_
3512 5223 3586 5290 et_
3605 5226 3768 5290 eorum

2191 5281 2401 5349 scilicet
2425 5290 2516 5359 qui
2545 5281 2835 5359 carnaliier
2855 5327 2870 5353 ,
2904 5293 2970 5359 et
2995 5281 3184 5359 eorum
3213 5281 3306 5351 qui
3349 5281 3671 5359 Spiritaliter
3705 5283 3768 5335 le-

2192 5358 2312 5434 gem
2340 5353 2654 5428 implebant.
2687 5355 3008 5434 Aesicutin
3031 5354 3174 5434 psal.
3207 5367 3392 5417 cxuv,
3420 5370 3477 5406 n.
3510 5355 3576 5434 7,_
3599 5353 3767 5434 her-in

2187 5424 2381 5490 intuitu
2408 5424 2514 5486 tam
2544 5425 3074 5501 generatirmis__legis
3095 5466 3109 5490 ,
3136 5424 3772 5501 quam_geuera_tionis_§-

2186 5507 2271 5561 dei
2313 5495 2586 5575 proprium
2621 5515 2744 5575 esse
2777 5495 3033 5575 praedicat
3072 5495 3382 5575 opera__Dei
3415 5497 3673 5575 laudare;
3709 5496 3765 5548 ita

2191 5565 2354 5631 etiam
2384 5565 2472 5628 hic
2517 5573 2669 5644 regni
2705 5565 2797 5644 Dei
2842 5571 3023 5644 sedem
3069 5565 3210 5622 esise.
3238 5565 3316 5644 _E_t
3356 5577 3555 5621 contra
3597 5567 3650 5622 in
3680 5578 3763 5644 ps.

2191 5662 2409 5713 cxxxtv,
2440 5662 2496 5700 n.
2529 5637 2628 5710 ἓξ,
2663 5643 2808 5697 solos
2827 5639 3075 5696 carnales
3107 5637 3764 5713 respiciens,_memoria_m

2192 5707 2416 5790 cperunt
2458 5716 2558 5790 Dei
2601 5707 2632 5770 a
2669 5713 2975 5790 Iudaeorum
3007 5707 3361 5790 generatione
3388 5709 3458 5765 ad
3487 5707 3767 5782 generatio-

2195 5783 2317 5847 nem
2340 5787 2774 5845 Christianorum
2803 5783 3062 5840 transisse
3087 5783 3304 5837 asserit.
