3896 6336
50 313 157 370 869

1125 285 1540 367 TRACTATUS
1579 310 1642 369 IN
1682 311 1894 372 eam
1931 293 2279 372 PSALMUil.

3245 296 3353 374 sio

48 430 199 484 circo
227 424 601 496 przediximns,
632 437 701 480 ne
725 423 847 495 quia
879 423 1296 480 translatoribus
1324 424 1498 480 visum
1526 427 1610 481 est
1632 468 1646 493 ,
1679 429 1730 491 Α
1757 439 1921 500 atque
1948 427 2334 483 observatione
2358 423 2602 508 laudant.
2635 421 2876 480 Advocat
2905 423 3068 495 igitur
3092 439 3192 482 nos
3223 445 3351 498 pro-

52 516 179 571 ltuic
219 527 270 572 et
305 519 566 573 anteriori
601 517 809 586 psalmo
851 517 906 571 in
942 519 1193 587 Aggzeum
1233 527 1289 572 et
1332 517 1648 573 Zachariam

50 611 276 666 titulum
312 610 697 682 praescribere,
727 611 1098 666 existimemus
1126 611 1183 666 in
1213 611 1355 665 illius
1389 613 1651 678 temporis

51 696 304 752 homines
337 698 634 768 prophetia:
684 697 851 768 huius
894 699 1294 769 prtescientiam
1333 700 1645 756 convenire.

51 789 330 860 Propheta
370 790 515 846 enim
547 807 652 846 non
697 791 914 862 ignarus
942 791 1184 864 mysterii
1215 793 1482 860 caelestis,
1527 808 1649 848 cum

52 883 110 936 in
144 881 514 939 aediﬁcatione
535 883 630 938 Dei
660 885 898 940 civitatis
923 884 1208 940 humanam
1235 884 1651 942 aediﬁcationem

58 979 276 1034 inanem
306 994 432 1035 esse
453 978 706 1046 dixisset,
736 994 858 1035 cum
885 980 994 1034 Deo
1019 980 1208 1034 civitas
1231 979 1330 1034 nisi
1362 979 1648 1052 peripsum

55 1071 319 1126 aediﬁcata
345 1081 548 1128 aeterna
579 1087 702 1127 esse
732 1089 838 1127 non
868 1081 1085 1143 posset;
1129 1089 1236 1129 non
1270 1087 1370 1128 nos
1411 1089 1553 1128 nunc
1583 1071 1650 1128 ad

53 1165 475 1234 gratulationem
491 1165 768 1222 aediﬁcata;
783 1181 815 1220 a
827 1167 937 1223 Deo
956 1182 1166 1222 rursum
1180 1168 1474 1223 Jerusalem
1487 1165 1653 1241 635

56 1259 461 1326 adhortaretur,
494 1275 650 1330 quam
673 1275 808 1315 vane
834 1259 901 1316 ab
916 1259 1222 1315 hominibus
1251 1259 1505 1316 aediﬁcari
1528 1269 1651 1315 ante

57 1348 405 1419 praedixerat.
453 1350 605 1419 Quod
651 1352 695 1406 si
725 1355 846 1423 quis
885 1353 1023 1407 forte
1063 1351 1301 1422 putabit,
1331 1351 1383 1406 id
1424 1351 1565 1422 quod
1597 1352 1650 1407 in

55 1443 165 1496 alio
191 1443 404 1512 psalmo
427 1445 498 1499 ita
526 1444 728 1500 dictum
758 1455 842 1500 est
869 1462 882 1498 :
909 1442 1026 1500 Nisi
1049 1443 1298 1499 Dominus
1319 1444 1651 1515 cdiﬁcaverit

58 1535 301 1604 domum,
349 1537 406 1590 in
448 1554 633 1592 vanum
681 1537 914 1593 laborant
941 1539 1026 1610 qui
1064 1539 1320 1609 a'diﬁcant
1361 1554 1508 1602 eam;
1553 1539 1654 1593 nisi

57 1629 308 1703 Dominus
337 1631 631 1684 custodierit
658 1632 944 1695 ciuitatem,
991 1632 1044 1686 in
1089 1647 1274 1686 uanum
1307 1632 1537 1704 vigilabit
1567 1631 1654 1703 qui

61 1722 279 1776 custodit
308 1738 422 1776 eam
461 1724 480 1793 (
510 1721 602 1778 Ps.
645 1738 802 1779 cxxvt
827 1766 840 1790 ,
872 1725 956 1794 l),
990 1722 1192 1780 idcirco
1217 1723 1420 1779 dictum
1447 1723 1614 1778 fuisse
1634 1765 1650 1791 ,

1753 519 1916 590 pheta
1963 519 2031 575 ad
2075 519 2169 575 Dei
2209 517 2469 574 laudent:
2519 519 2638 586 quia
2679 517 2842 572 bonus
2880 519 3108 589 psalmus
3147 529 3223 574 est
3257 529 3356 576 :et

1753 619 1904 680 optat
1925 619 1985 666 ut
2014 611 2173 681 hujus
2215 610 2344 666 boni
2371 609 2564 680 psalmi
2609 608 2718 664 Deo
2759 619 2936 665 nostro
2983 611 3078 680 fiat
3110 615 3352 685 jucunda

1752 703 2013 772 laudatio,
2049 704 2258 759 scilicet
2287 711 2344 757 ut
2376 704 2640 774 placentia
2671 703 2779 759 Deo
2799 718 2965 774 Opera
2993 712 3179 760 nostra
3204 707 3350 772 sint,

1754 810 1851 867 per
1869 810 1990 866 quae
2018 811 2048 850 a
2076 796 2234 851 nobis
2259 804 2538 868 gestorum
2567 804 2880 852 nostrorum
2912 795 3168 854 laudatur
3191 797 3352 856 obse-

1754 903 1904 961 qum.

1821 982 1878 1036 5.
1915 979 2084 1036 Israel
2103 981 2188 1036 hic
2212 981 2583 1053 aedificarunin
2611 983 2714 1053 ﬁne
2731 992 3013 1054 temporum
3043 1001 3358 1061 congregan-

1753 1075 1959 1130 dus.—-
1987 1075 2156 1131 Vens.
2185 1077 2303 1132 2-l.
2338 1076 2635 1147 £diﬁcans
2673 1076 2962 1134 Jerusalem
3011 1079 3286 1147 Dominus,
3306 1093 3353 1136 et

1754 1167 2097 1238 dispersiones
2136 1167 2304 1223 Israel
2343 1186 2681 1244 congregans.
2734 1171 2838 1239 Qui
2883 1182 3032 1226 sanat
3106 1175 3352 1229 contritas

1754 1261 1921 1328 corde,
1952 1270 2000 1315 et
2020 1261 2199 1334 alligat
2227 1263 2554 1317 contritiones
2583 1279 2781 1317 eorum.
2838 1262 3130 1319 Numerone
3176 1266 3357 1320 multi-

1754 1353 1983 1406 tudinem
2004 1353 2290 1420 stellarum,
2312 1361 2362 1407 et
2389 1353 2623 1408 omnibus
2652 1355 2732 1409 his
2763 1356 2973 1410 nomina
3009 1372 3215 1410 uocans.
3246 1356 3354 1411 Re-

1750 1447 1994 1500 versuris
2015 1445 2086 1501 de
2112 1444 2402 1516 Babylonia
2425 1447 2479 1501 in
2500 1446 2800 1502 Jerusalem
2832 1447 3033 1504 ludatis
3059 1448 3224 1521 635
3253 1448 3356 1503 sub

1755 1538 1918 1594 Dario
1963 1538 2044 1612 (tl)
2071 1554 2200 1612 rege
2221 1539 2406 1596 edicto
2436 1547 2678 1610 potestas
2717 1542 2839 1597 data
2885 1553 2970 1598 est
3017 1543 3349 1600 revertendi.

1755 1630 1938 1702 Neque
1979 1632 2107 1688 alibi
2133 1640 2281 1712 tum,
2311 1647 2483 1704 quam.
2521 1635 2574 1688 in
2603 1634 2756 1705 regni
2795 1635 3106 1706 Babylmiiae
3149 1635 3354 1690 ﬁnibus

1757 1725 2182 1782 detinebantur:
2221 1742 2290 1783 ex
2335 1740 2440 1797 qua
2475 1740 2604 1797 ergo
2640 1726 2982 1797 dispersione
3023 1727 3189 1782 Israel
3219 1742 3354 1781 con-

57 1814 180 1884 quia
221 1815 560 1870 eversionem
607 1815 724 1887 ejus
749 1816 898 1872 urbis
919 1859 933 1884 ,
966 1817 1018 1871 in
1066 1831 1167 1887 qua
1199 1816 1459 1888 templum
1484 1814 1650 1870 tediﬁ-
1679 1829 1728 1892 κ
1753 1819 2046 1889 gregatur?
2073 1819 2279 1890 Nempe
2308 1819 2376 1874 de
2395 1833 2482 1884 ea,
2510 1818 2579 1874 de
2605 1835 2709 1890 qua
2748 1819 2822 1874 ait
2866 1820 3146 1886 Dominus,
3180 1819 3352 1876 Emit-

56 1908 285 1965 candum
333 1919 517 1976 esset,
571 1911 838 1981 pmpheta
885 1920 1300 1981 prtenoscerct:
1341 1909 1654 1966 meminisse

62 2003 174 2059 haec
201 2004 361 2060 debet
395 2005 469 2059 ita
501 2005 837 2077 intelligens,
885 2003 1134 2059 eumdem
1163 2003 1305 2059 hunc
1332 2008 1652 2075 prophetam

69 2095 482 2152 aediﬁcationem
515 2115 632 2155 eam
655 2143 670 2166 ,
697 2114 816 2168 qua:
840 2114 870 2154 a
895 2097 1198 2154 Zorobabel
1231 2097 1469 2153 secundo
1499 2097 1655 2152 inno-

60 2199 176 2244 vata
216 2199 320 2258 est,
372 2193 584 2247 inanem
627 2199 682 2246 et
725 2192 982 2247 caducam
1035 2190 1275 2246 futuram
1329 2189 1495 2244 fuisse
1543 2204 1652 2244 non

60 2281 313 2351 ignorare
376 2284 656 2353 potuisse;
688 2299 865 2355 neque
911 2283 1091 2351 illam,
1142 2299 1263 2354 qua:
1301 2298 1329 2336 a
1359 2279 1654 2337 Salomone

61 2391 226 2449 coepta
265 2390 349 2436 est
384 2423 400 2444 ,
443 2396 554 2436 non
585 2395 616 2434 a
646 2382 753 2437 Deo
782 2381 1131 2436 constitutam
1177 2379 1378 2435 idcirco
1409 2377 1648 2444 dixisse,

60 2474 179 2545 quia
209 2489 305 2544 per
330 2490 517 2546 regem
549 2473 861 2546 Babylonia:
891 2472 1432 2544 (Nabuchodonosor,
1461 2469 1507 2525 II
1540 2468 1650 2523 Pa-

59 2568 156 2624 ται.
187 2583 348 2623 xxxvr
373 2611 391 2637 ,
422 2567 518 2640 26)
545 2579 690 2624 esset
715 2568 1042 2624 destruenda
1065 2609 1080 2635 ,
1123 2580 1243 2622 cum
1285 2575 1405 2636 post
1435 2575 1656 2636 septua-

61 2661 197 2728 ginta
229 2661 432 2717 deinde
473 2676 644 2717 annos
684 2661 859 2735 (juxta
887 2660 1180 2715 vaticinium
1227 2659 1418 2715 Jerem.
1479 2674 1611 2713 χιιι
1635 2699 1652 2726 ,

63 2750 147 2822 10)
175 2766 391 2806 rursum
414 2752 602 2807 eadem
645 2753 718 2808 sit
743 2751 1076 2817 reformata;
1117 2751 1263 2807 hanc
1293 2765 1446 2818 vero,
1479 2765 1599 2822 qua:
1621 2763 1652 2804 a

61 2845 351 2901 Zorobabel
399 2857 548 2918 gesta
576 2857 682 2916 est,
711 2861 833 2903 esse
865 2846 1281 2903 aediﬁcationem
1321 2847 1412 2902 Dei
1456 2845 1654 2916 praedi-

62 2950 251 3006 catam,
291 2957 418 2995 cum
451 2939 648 2997 exinde
687 2941 868 2997 diruta
908 2950 963 2997 et
992 2941 1109 2997 sine
1150 2943 1327 3012 aliqua
1371 2949 1650 2998 restaura-

63 3032 200 3086 tione
226 3029 294 3086 sit
330 3032 628 3102 dissoluta;
660 3040 715 3088 et
755 3049 872 3089 eam
919 3033 1151 3088 dirutam
1199 3034 1327 3089 licet
1365 3034 1650 3089 renovatio

61 3122 129 3177 sit
156 3134 475 3190 consecuta,
496 3127 709 3180 inanem
737 3135 900 3197 atque
931 3125 1219 3181 humanam
1244 3136 1422 3181 tamen
1457 3125 1652 3196 pracdi-

1755 1919 1833 1968 tct
1861 1911 2099 1983 Angelus
2111 1927 2238 1968 suos
2256 1927 2380 1968 cum
2408 1913 2533 1969 tuba
2557 1922 2610 1967 et
2631 1928 2768 1969 voce
2799 1927 3013 1984 magna,
3037 1922 3095 1968 ct
3120 1928 3353 1984 congre-

1751 2007 2130 2078 gabitelectos
2175 2021 2207 2063 a
2259 2013 2494 2079 quatuor
2542 2007 2755 2078 angulis
2800 2017 3083 2062 ventorum
3131 2006 3348 2079 (Matth.

1752 2115 1904 2168 xxiv,
1929 2100 2025 2171 Si)
2064 2118 2079 2154 :
2107 2115 2339 2172 quorum
2373 2100 2722 2174 congregatio
2749 2106 2954 2155 emtum
2984 2109 3189 2155 sanctae
3217 2099 3360 2153 civi-

1750 2192 1880 2248 tatis
1909 2192 2126 2260 el'ﬁciet,
2157 2208 2278 2264 quae
2303 2192 2465 2248 hodie
2493 2207 2590 2263 per
2615 2193 2730 2264 spei
2756 2201 2811 2248 et
2850 2191 2976 2248 ﬁdei
3005 2205 3146 2261 opus
3179 2189 3355 2245 aediﬁ-

1753 2292 1907 2340 catur
1936 2286 1988 2340 in
2005 2286 2182 2340 nobis.
2201 2286 2267 2341 Et
2288 2285 2494 2340 idcirco
2522 2287 2772 2341 anterior
2797 2284 3086 2340 aediﬁcatio
3118 2282 3188 2355 (e)
3217 2298 3351 2339 con—

1751 2378 2070 2448 gregatione
2093 2384 2200 2445 est,
2231 2377 2357 2448 quia
2403 2391 2500 2432 nos
2535 2376 2603 2432 ad
2633 2376 2829 2432 futurae
2867 2377 3106 2431 civitatis
3130 2389 3361 2445 congre-

1754 2473 2023 2555 gationem
2041 2472 2136 2528 Del
2166 2472 2540 2528 misericordia
2567 2488 2666 2544 per
2690 2474 2918 2544 gratiam
2946 2471 3354 2542 justillcationis

1755 2565 2004 2621 aediﬁcet.
2037 2566 2310 2622 Caeterum
2337 2565 2384 2621 si
2413 2566 2484 2621 de
2511 2574 2732 2622 terrena
2764 2564 3126 2620 aediﬁcatione
3163 2565 3356 2636 loque-

1751 2665 1924 2722 retur,
1974 2658 2126 2730 prior
2166 2659 2344 2714 fuerat
2389 2659 2736 2729 congregatio
2783 2656 3122 2728 praedicanda
3165 2673 3178 2708 :
3227 2655 3355 2726 quia

1753 2765 1862 2805 non
1883 2751 1987 2806 nisi
2027 2760 2386 2824 congregatus
2411 2751 2578 2808 Israel
2604 2751 2907 2808 Jerusalem
2932 2749 3204 2806 :ediﬁcare
3231 2765 3360 2821 pos-

1754 2855 1839 2900 set
1867 2860 2132 2900 eversam.

1827 2937 1881 2993 4.
1932 2937 2142 2992 Sanitas
2165 2940 2277 3012 ejus
2301 2939 2449 2993 modo
2469 2938 2729 3002 inchoata,
2759 2947 2867 2992 tum
2893 2938 2988 2992 erit
3009 2939 3256 3009 perfecta.
3285 2967 3359 2981 —-

1755 3027 1930 3085 Tenet
1955 3028 2152 3086 deinde
2179 3030 2425 3086 ordinem
2473 3037 2894 3101 competentcm,
2934 3028 3151 3094 dicens,
3184 3029 3352 3083 Vens.

1755 3122 1790 3177 '5
1825 3138 1837 3174 :
1875 3120 1976 3189 Qui
2015 3130 2164 3176 sanat
2208 3123 2455 3176 contritus
2501 3123 2673 3187 corde,
2703 3129 2752 3177 et
2803 3121 2986 3196 alligat
3029 3122 3360 3176 contritiones

59 3228 244 3281 casse;
269 3217 412 3272 hanc
436 3232 568 3272 vero
596 3233 715 3288 qtne
737 3218 855 3272 sine
886 3233 983 3289 spe
1009 3217 1416 3273 reformationis
1441 3218 1721 3282 accide-C
1754 3229 1954 3268 eorum.
1997 3213 2334 3285 Congregato
2383 3215 2527 3270 enim
2578 3215 2773 3279 Israel,
2807 3223 2862 3270 et
2901 3215 2959 3269 in
3021 3230 3182 3269 unam
3237 3228 3362 3283 quat

61 3307 158 3372 rit,
183 3310 347 3364 divini
384 3311 565 3379 operis
594 3311 960 3380 perpetuitate
1006 3311 1280 3365 renovari.
1313 3310 1442 3366 Haec
1468 3311 1649 3366 omnia

58 3402 429 3472 intelligentia:
451 3418 650 3473 genera
682 3404 847 3458 stulta
877 3413 1042 3474 atque
1078 3404 1307 3459 ridicula
1334 3414 1478 3460 sunt.

128 3495 184 3551 2.
223 3496 514 3552 Jerusalem
543 3498 790 3568 spiritalis
817 3500 885 3552 ad
907 3497 1228 3552 laudandum
1255 3499 1397 3554 bonis
1420 3497 1653 3571 operibus

64 3587 219 3644 Deum
259 3592 534 3646 invitatur.
567 3622 638 3633 -
674 3592 883 3648 Laudat
925 3605 1104 3648 autem
1153 3594 1416 3664 propheta
1467 3593 1651 3649 Domi-

61 3697 183 3738 num
234 3685 599 3741 :ediﬁcantem
637 3686 931 3742 Jerusalem
973 3687 1120 3742 illam
1144 3729 1159 3754 ,
1191 3702 1310 3758 qua:
1354 3685 1653 3743 secundum

63 3774 346 3848 Evangelia
395 3779 566 3833 sancti
602 3780 742 3849 regis
772 3779 984 3851 (Matth.
1015 3795 1069 3846 v,
1107 3779 1203 3849 ’55)
1243 3788 1326 3836 est
1355 3781 1562 3848 civitas,
1599 3779 1654 3836 in

64 3883 163 3938 qua
181 3886 275 3938 per
298 3871 587 3926 Dominum
617 3882 962 3943 resurgentes
985 3875 1155 3929 sancti
1177 3872 1252 3946 (a)
1276 3873 1655 3930 demonstran-

59 3970 164 4030 tur,
204 3979 321 4035 quae
355 3965 628 4021 invectum
668 3967 813 4036 pullo
837 3967 1002 4022 asina:
1041 3967 1320 4021 Dominum
1352 3966 1425 4037 (b)
1469 3968 1523 4022 in
1559 3981 1656 4037 spe

62 4067 369 4114 sanctorum
415 4060 535 4114 laeta
576 4061 832 4131 suscepit.
883 4059 1255 4132 Corporaliter
1297 4061 1513 4131 quidem
1563 4060 1656 4116 tali

59 4148 302 4207 vectione
355 4151 539 4217 illam,
589 4167 708 4223 qua:
756 4153 955 4208 occidit
1005 4153 1298 4224 prophetas
1346 4162 1402 4208 et
1450 4153 1658 4222 lapidat

61 4242 329 4309 apostolos
369 4241 582 4313 (Matth.
624 4260 750 4306 ιιι.
785 4243 840 4316 9)
863 4286 876 4308 ,
911 4243 1174 4300 Dominus
1212 4243 1492 4314 ingressus
1533 4252 1653 4299 est:

62 4331 151 4385 sed
179 4333 410 4388 alterius
439 4334 673 4390 civitatis
736 4335 804 4406 (ο)
833 4343 954 4391 erat
1000 4335 1091 4390 illa
1133 4333 1344 4390 itetitia.
1387 4332 1470 4390 0b
1495 4335 1658 4395 .illius

61 4437 186 4494 ergo
227 4425 641 4483 mditicationem
671 4427 932 4497 propheta
977 4442 1076 4482 nos
1117 4426 1386 4494 advocat,
1425 4425 1612 4483 dicens
1637 4469 1655 4495 ,

69 4513 228 4572 Vsus.
261 4520 286 4574 i
323 4537 334 4572 :
375 4518 606 4574 Laudate
627 4519 902 4575 Dominum
928 4563 942 4587 ,
974 4520 1215 4592 quoniam
1239 4520 1397 4575 bonus
1420 4529 1491 4575 est
1519 4522 1660 4590 psal-

1758 3304 2056 3360 zediﬁcatur
2095 3305 2368 3362 civitatem
2398 3306 2630 3362 collecto
2650 3349 2664 3372 ,
2714 3321 2906 3362 omnes
2933 3305 3184 3360 humana:
3211 3303 3364 3359 inﬁr-

1759 3399 1974 3454 mitates
1996 3410 2049 3456 et
2072 3401 2221 3455 labes
2241 3415 2521 3470 corporea:
2545 3400 2880 3456 aul'erentnr.
2909 3398 3180 3469 Absorpta
3210 3399 3358 3453 enim

1757 3493 2136 3561 corruptione,
2177 3500 2237 3547 et
2273 3492 2528 3546 omnibus
2553 3491 2806 3547 humanae
2835 3500 3045 3546 natura:
3075 3489 3221 3546 vitiis
3263 3489 3363 3544 dc-

1757 3585 1985 3651 voratis,
2019 3584 2358 3654 incurruptio
2393 3594 2597 3641 :eterna
2639 3595 2693 3640 et
2738 3583 2792 3638 in
2835 3583 2996 3638 nullis
3026 3581 3360 3638 anxietatum

1755 3680 2026 3735 mortibus
2051 3677 2380 3736 conterenda
2413 3679 2687 3734 succedet.
2725 3678 2885 3734 Venit
2905 3677 3047 3734 enim
3081 3677 3366 3744 Dominus,

1759 3773 2054 3828 secundum
2085 3772 2402 3845 Evangelia,
2442 3789 2625 3828 sanare
2659 3774 2905 3827 contrito:
2929 3772 3083 3826 corde
3107 3814 3121 3840 ,
3168 3771 3364 3842 praedi-

1760 3879 1878 3920 care
1905 3865 2119 3935 captivis
2175 3865 2523 3920 remissionem
2571 3857 2800 3920 etcatcis
2850 3870 3054 3928 uisum,
3103 3864 3368 3918 dimittere

1761 3961 2051 4028 confractus
2076 3957 2130 4010 in
2159 3958 2418 4027 requiem,
2450 3958 2732 4029 prredicare
2755 3954 2945 4011 annum
2983 3955 3194 4010 Domini
3219 3972 3368 4011 acce-

1763 4061 1932 4120 ptum,
1996 4060 2042 4104 et
2100 4050 2233 4104 diem
2281 4050 2626 4104 retributionis
2662 4049 2815 4120 (Luc.
2859 4063 2934 4115 tv,
2983 4047 3048 4100 l8
3077 4087 3092 4113 ,
3127 4044 3237 4116 19).
3295 4046 3366 4102 Et

1763 4142 1880 4197 haec
1900 4141 2115 4212 quidem
2143 4155 2242 4212 pro
2271 4150 2426 4212 parte
2452 4141 2560 4211 jam
2584 4150 2755 4210 coepta
2779 4149 2938 4204 sunt;
2963 4139 3086 4209 quia
3112 4154 3208 4209 per
3239 4152 3368 4208 spe-

1763 4235 1943 4291 culum
1967 4241 2023 4290 et
2048 4233 2099 4289 in
2123 4234 2408 4305 aenigmate
2433 4242 2488 4288 et
2509 4235 2561 4287 in
2585 4232 2820 4300 imagine
2839 4230 3148 4285 futurorum
3169 4245 3368 4286 secun-

1763 4328 1890 4384 dum
1924 4327 2241 4398 Apostoium
2289 4326 2641 4383 demoramur
2685 4325 2729 4397 (1
2759 4324 2879 4379 Cor.
2930 4339 3058 4390 xm,
3089 4323 3207 4397 12).
3256 4325 3365 4382 Sed

1763 4428 1944 4477 tamen
1967 4420 2205 4476 nondum
2237 4419 2392 4476 nobis
2416 4419 2536 4489 ejus
2563 4416 2826 4487 temporis
2867 4416 3075 4474 fructus
3109 4427 3191 4474 est
3211 4459 3225 4486 ,
3253 4435 3364 4490 quo

1765 4513 2062 4570 secundum
2091 4514 2410 4584 prophetam
2444 4512 2633 4568 dicere
2659 4509 2851 4581 adepta
2880 4511 2996 4581 spei
3020 4525 3369 4569 consumma-

62 4621 171 4662 mus
193 4625 214 4663 ;
247 4608 362 4665 Deo
387 4622 560 4665 nostra
583 4612 819 4682 jucunda
845 4614 909 4668 εει
943 4612 1194 4668 laudatio,
1219 4611 1336 4668 Non
1359 4611 1497 4668 Ievis
1532 4627 1656 4683 επιε-
1679 4613 1738 4676 D
1767 4605 1912 4661 ίὶοηθ
1955 4595 2257 4676 pessimus,
2304 4603 2609 4660 Convertere
2662 4605 2834 4657 animo
2883 4620 2997 4659 mea
3042 4604 3097 4658 in
3142 4607 3369 4677 requiem

63 4700 337 4758 tulationis
371 4704 487 4758 laus
513 4713 616 4769 est,
640 4705 791 4776 cujus
809 4705 1051 4776 psalmus
1076 4704 1250 4760 bonus
1277 4711 1379 4760 est.
1415 4704 1481 4759 Et
1512 4707 1656 4774 psal-

73 4807 194 4850 mus
229 4811 334 4852 non
361 4806 472 4852 tam
500 4799 686 4867 vocis,
740 4807 797 4853 ut
839 4798 1152 4870 frequenter
1179 4797 1446 4865 diximus,
1495 4814 1659 4870 quam

63 4903 335 4960 corporea:
357 4891 690 4963 operationis
711 4891 958 4948 ofﬁcium“
972 4892 1277 4964 signiﬁcare
1299 4893 1455 4947 solet.
1483 4892 1652 4948 Deum

64 4981 206 5036 enim
239 4999 349 5038 non
377 4993 489 5039 tam
519 4999 770 5040 sermone
792 5027 807 5054 ,
840 5001 999 5056 quam
1028 5001 1089 5041 re
1115 4994 1170 5041 et
1199 4983 1370 5056 gestis
1401 4983 1663 5041 obedien-

63 5074 151 5130 tiat
179 5076 503 5134 laudamus:
543 5088 602 5134 ut
644 5095 795 5134 mare
829 5089 890 5135 et
935 5087 1080 5136 terra
1135 5088 1193 5135 et
1249 5078 1444 5135 caelum
1491 5077 1663 5134 Deum

64 5179 167 5221 non
199 5175 310 5224 tam
343 5184 495 5239 voce,
525 5185 686 5244 quam
712 5169 1016 5228 ciliciorum
1045 5185 1268 5229 suorum
1283 5169 1657 5226 vicissitudine

137 5365 210 5438 (a)
230 5366 290 5422 In
321 5369 570 5439 vulgatis,
598 5371 947 5426 demorantur.
969 5369 1380 5429 Praeferendum
1408 5377 1658 5439 putamus

71 5448 324 5516 summa
376 5442 820 5516 demonstrantur,
859 5453 1024 5516 atque
1064 5445 1150 5499 hic
1195 5442 1374 5516 alludi
1409 5439 1476 5494 ad
1528 5439 1659 5495 illud

69 5505 253 5562 Matth.
285 5526 431 5566 xxv"
453 5556 468 5579 ,
494 5515 566 5569 55
595 5505 1032 5570 :etaeuntes'de
1064 5513 1402 5570 monumentis
1431 5520 1549 5581 post
1578 5527 1664 5566 ro-

70 5581 424 5636 surrectionem
453 5587 562 5657 ejus
587 5594 832 5657 uerterunt
851 5587 905 5641 in
929 5599 1162 5642 sanctam
1186 5589 1463 5648 civitatem,
1499 5591 1545 5636 ει
1569 5598 1665 5657 “1"

73 5662 348 5726 paruerunt
391 5651 584 5710 multis.
627 5656 885 5726 Adeoque
914 5658 1326 5715 demonstrantur
1372 5651 1668 5724 respondet

71 5731 135 5772 ve
143 5720 236 5776 rho
265 5735 634 5793 apparuerunt.

148 5811 220 5883 (b)
263 5812 437 5887 Editi,
466 5829 511 5875 et
540 5836 629 5894 spe
656 5838 679 5888 ;
707 5820 1048 5892 corriguntur
1071 5837 1139 5881 ex
1171 5839 1273 5881 ms.

1765 4708 1909 4752 tuam
1945 4698 2109 4770 :quia
2139 4697 2390 4754 Dominus
2433 4698 2675 4770 benefecit
2720 4695 2793 4769 (Γ)
2850 4697 2962 4752 tibi.
2999 4697 3138 4764 Quia
3185 4701 3372 4772 eripuit

1767 4794 1992 4847 animam
2019 4810 2183 4848 meam
2215 4795 2281 4849 de
2303 4804 2464 4848 morte
2487 4836 2501 4857 ,
2524 4791 2700 4847 oculos
2739 4808 2879 4848 meos
2907 4810 2939 4847 a
2970 4794 3216 4864 lacrgmis
3238 4835 3252 4860 ,
3278 4811 3372 4866 pe-

1770 4887 1858 4939 des
1889 4902 2025 4941 meos
2057 4902 2090 4940 a
2131 4887 2308 4958 lapsu,
2338 4885 2550 4960 placebo
2583 4885 2805 4943 Domino
2829 4888 2883 4943 in
2904 4889 3108 4964 regione
3137 4888 3372 4944 vittarum

1773 4975 1943 5050 (Psal.
1995 4993 2152 5046 ουν,
2191 4979 2224 5034 ⁸1
2258 4987 2304 5034 et
2334 4978 2519 5050 θείη).
2563 4978 2767 5036 Sanata
2809 4983 2952 5037 enim
3004 4980 3150 5036 omni
3197 4981 3378 5039 cordis

1771 5076 2118 5143 contritione,
2156 5083 2211 5132 et
2257 5091 2324 5131 ne
2350 5086 2613 5146 perpetuo
2653 5093 2865 5132 rursum
2899 5077 3090 5133 subeat
3126 5076 3374 5147 alligata,

1769 5170 1858 5228 his
1902 5170 2154 5227 omnibus
2201 5167 2562 5226 humanarum
2610 5170 2922 5242 passionum
2970 5168 3375 5226 inﬁrmitatibus

1839 5371 1915 5512 ξε)
1969 5372 2045 5428 Ita
2071 5387 2173 5428 ms.
2202 5371 2340 5428 Editi
2369 5388 2500 5430 vero
2531 5375 2651 5428 erit.
3075 5429 3080 5435 ,

1867 5445 1925 5512 d)
1966 5445 2089 5500 ﬂre
2120 5454 2360 5512 potestas
2381 5445 2612 5512 primum
2644 5459 2674 5499 a
2702 5445 2842 5512 Cyro
2867 5445 3003 5503 facta
3031 5461 3080 5504 es

1867 5445 1925 5514 ά)
1966 5445 2089 5500 ﬂre
2120 5454 2360 5514 potestas
2381 5445 2612 5515 primum
2644 5459 2674 5499 a
2702 5445 2842 5514 Cyro
2867 5445 3003 5503 facta
3031 5456 3117 5504 est
3143 5447 3164 5502 Ι
3189 5447 3378 5506 Esdras

1771 5533 1820 5581 ι,
1849 5515 1906 5576 2.
1937 5531 1999 5570 ac
2019 5515 2218 5572 deittde
2246 5530 2277 5570 a
2300 5517 2461 5573 Dario
2507 5516 2656 5572 illius
2682 5530 3000 5575 successore
3049 5518 3374 5580 conﬁrmata

1771 5587 1794 5644 l
1843 5587 2034 5643 Eadm:
2063 5603 2147 5653 γε,
2181 5586 2269 5644 ﬂ.

1808 5747 1820 5760 .
1843 5677 1923 5762 χε)
1979 5678 2119 5734 Editi
2143 5721 2160 5749 ,
2204 5680 2533 5758 congregatio
2581 5694 2686 5736 non
2715 5688 2786 5736 est
2818 5695 2837 5734 :
2881 5684 3214 5758 castigantur
3245 5687 3379 5746 sub.

1776 5748 1916 5805 sidio
1937 5765 2040 5805 ms.
2297 5748 2323 5758 '
2387 5748 2414 5756 '

1850 5819 1922 5894 (f)
1964 5820 2054 5879 Sic
2091 5837 2194 5880 ms.
2229 5821 2374 5879 Editi
2398 5835 2549 5890 vero,
2577 5819 2724 5877 mihi.
