3896 6336
526 245 632 340 ert
1715 211 1965 319 ssnon
2006 251 2260 314 lllLARll
2298 252 2604 312 EPISCOPI
3702 250 3782 308 gn

532 390 782 458 liberati,
811 386 1138 462 placebimus
1167 383 1279 440 Deo
1304 379 1356 436 in
1383 377 1604 450 regione
1622 375 1867 432 vivorum
1886 415 1902 439 ,
1935 374 2112 428 anima
2139 370 2381 462 A_lsrael
2407 371 2639 428 voluerit
2670 392 2684 428 :
2716 377 2776 428 ut
2799 385 2944 429 nune
2984 371 3041 428 in
3071 367 3276 428 eodem
3313 365 3417 422 hoc
3459 366 3656 438 psalmo
3688 382 3781 422 cum

530 495 719 543 nostra
739 485 791 539 in
820 482 1054 553 requiem
1084 491 1234 532 suam
1254 517 1268 542 ,
1297 490 1361 531 ex
1383 489 1487 545 qua
1509 487 1603 543 per
1629 467 2114 540 transgressionem
2191 455 2443 521 'dixisset
2471 484 2483 519 :
2515 465 2814 535 AE'diﬁcans
2845 466 3146 522 Jerusalem
3165 508 3181 530 ,
3213 472 3264 518 et
3294 477 3600 532 congregans
3625 462 3783 532 disper-

530 577 695 648 primi
754 573 988 645 parentis
1033 569 1114 626 sui
1156 568 1289 624 Ada:
1332 565 1507 636 ejecta
1529 570 1644 630 est,
1677 565 1987 617 revertente
2020 556 2115 628 (V.
2221 559 2388 613 siones
2417 558 2616 625 lsrael,
2645 566 2701 614 et
2725 558 2792 614 ad
2822 558 3037 615 laudem
3067 557 3190 629 ejus
3232 554 3546 610 cohortatus
3589 553 3781 622 adjecit:

533 646 708 723 —Tract.
740 663 835 718 Ps.
863 676 1026 727 cxnv,
1061 677 1114 714 η.
1137 657 1219 730 2).
2225 648 2327 715 Qui
2356 651 2522 720 operit
2549 651 2735 705 celum
2778 650 2994 706 nubibus
3013 691 3028 715 ,
3057 650 3151 720 qui
3191 657 3346 719 parat
3377 655 3524 700 tet-rte
3557 646 3785 715 plurim:

604 759 659 814 5.
709 755 901 813 Stellas
919 796 936 822 ,
971 753 1026 808 id
1048 761 1120 808 est
1139 792 1155 820 ,
1189 751 1372 806 electos
1400 749 1487 818 qui
1516 757 1655 804 uocet
1691 745 1832 803 Deus
1858 761 1917 800 ac
1946 759 2122 798 nume-
2224 749 2414 798 utnon
2441 742 2580 798 alius
2605 751 2768 814 atque
2792 743 2928 798 alius
2955 741 3093 813 legis
3120 741 3245 795 lata:
3271 745 3330 796 et
3357 737 3641 793 creatiouis
3667 737 3786 794 istius

530 862 630 908 ret.
651 881 723 892 —
749 849 856 906 Sed
884 855 1006 918 post
1033 844 1472 916 prmdicationem
1508 840 1680 896 sanati
1716 837 1896 894 cordis
1915 878 1930 905 ,
1959 836 2121 892 etiam
2223 833 2365 890 Deus
2404 842 2585 905 posset
2628 833 2876 906 intelligi.
2906 834 2981 890 Ita
3004 842 3190 890 autem
3235 839 3534 902 temperata
3563 830 3785 886 doctrina

529 946 588 1002 id
636 945 703 1000 ad
766 941 1092 1014 praeconium
1143 938 1340 994 divina:
1391 935 1646 992 bonitatis
1693 932 1959 1004 adjectum
2011 938 2118 986 est:
2227 927 2379 983 istius
2407 929 2543 982 ratio
2565 935 2668 993 est,
2697 934 2757 982 ut
2782 941 2844 982 ea
2870 927 3165 983 creationis
3184 932 3594 982 enumerataet
3613 924 3786 976 nomina

530 1037 830 1092 Numerans
883 1031 1264 1089 multitudinem
1316 1028 1614 1096 stellarum,
1667 1037 1716 1081 et
1759 1025 1994 1080 omnibus
2044 1023 2122 1077 his
2225 1028 2784 1074 commemorarentur
2831 1027 2885 1074 et
2923 1033 3155 1089 genera,
3196 1034 3317 1088 qua:
3363 1031 3486 1072 cum
3529 1024 3785 1071 creatorem

530 1131 740 1186 nomina
789 1144 993 1184 vocans.
1048 1126 1104 1182 Si
1159 1125 1277 1179 laus
1321 1123 1443 1178 Deo
1488 1121 1559 1176 ob
1620 1118 1937 1174 :ediﬁcatam
2005 1130 2128 1171 cor—
2231 1107 3785 1183 Deumesselauelegis'ostenderent,signiﬁcationemtame:

529 1225 792 1297 poraliter
816 1220 1113 1278 Jerusalem
1146 1216 1420 1281 defertur;
1448 1213 1576 1285 quid
1603 1212 1692 1268 hic
1714 1224 1971 1268 numerus
1998 1208 2128 1264 stel-
2227 1199 2280 1255 in
2302 1216 2360 1256 se
2385 1201 2736 1258 institutionis
2749 1200 2938 1273 typicae
2951 1211 3006 1257 et
3027 1201 3364 1273 prophetica:
3384 1200 3788 1256 continerentEt

531 1293 704 1375 larum
730 1325 782 1373 et
799 1315 1048 1371 omnibus
1073 1311 1155 1366 his
1183 1309 1400 1366 nomina
1424 1317 1693 1378 tamquam
1713 1305 1778 1361 ad
1802 1305 2127 1376 prmcipuam
2231 1308 2373 1348 nunc
2403 1294 2650 1350 conﬁteri
2689 1295 2857 1351 Deum
2890 1294 2961 1350 οι)
2988 1293 3042 1349 id
3083 1293 3476 1360 admonemur.
3518 1294 3641 1363 quia
3668 1297 3787 1364 ορεήί

529 1411 703 1469 divini
750 1408 928 1480 operis
978 1406 1337 1462 laudationem
1387 1401 1766 1474 proferuntur?
1822 1399 1928 1454 Aut
1974 1413 2067 1452 nut

2249 1386 2412 1440 :azlum
2439 1387 2678 1452 nubibus,
2712 1387 2836 1458 quia
2865 1399 3014 1457 parat
3031 1396 3196 1452 terra:
3207 1387 3463 1458 pluviam,
3488 1386 3613 1456 quia
3641 1390 3787 1456 prada-

529 1502 660 1575 quid
708 1479 1030 1557 laudabilius
1076 1497 1183 1553 Deo
1213 1504 1299 1551 est
1346 1508 1664 1550 numerasse
1705 1499 1762 1547 et
1791 1503 2066 1558 nuncupas

2251 1480 2297 1533 :it
2326 1480 2380 1534 in
2409 1479 2663 1535 montibus
2691 1484 2920 1552 frenum,
2950 1479 3073 1550 quia
3103 1480 3191 1533 dat
3218 1479 3475 1553 jumentis
3501 1494 3668 1532 escam
3691 1480 3789 1547 ipse

527 1573 736 1664 stellas,
768 1609 931 1665 quam
951 1606 1199 1656 creasse;
1224 1605 1345 1645 cum
1373 1587 1574 1644 creatio
1600 1594 1657 1641 et
1681 1597 1962 1639 numerum
1987 1581 2130 1638 fece-
2230 1589 2375 1636 rum.
2407 1582 2455 1627 ει
2484 1573 2691 1628 herbam
2719 1573 2948 1629 εσυίίαιὶ
2973 1573 3235 1626 hominum
3255 1611 3271 1638 υ
3305 1581 3353 1626 ει
3379 1573 3544 1643 Pulli!
3569 1588 3789 1626 totum!

531 1692 624 1756 rit,
651 1696 709 1746 et
732 1689 947 1744 nomina
980 1683 1318 1756 imposuerit,
1333 1691 1387 1738 et
1410 1679 1686 1737 vocabulis
1704 1678 1920 1734 nomina
1941 1689 2130 1731 nume-
2231 1665 2582 1721 invocantibus
2616 1681 2752 1720 eum.
2784 1663 2844 1720 In
2877 1664 2959 1720 bis
2984 1664 3129 1719 enim
3158 1663 3417 1719 omnibus
3444 1663 3541 1719 Dei
3571 1672 3625 1719 et
3653 1665 3790 1733 previ-

528 1798 761 1854 rumque
787 1778 1150 1837 discreverit?
1176 1776 1270 1832 sed
1294 1782 1642 1830 numerantur
1663 1771 1750 1825 hic
1772 1769 1964 1834 stellae,
1995 1781 2129 1838 quas
2155 1789 2205 1851 Β
2233 1758 2410 1813 demia
2438 1759 2773 1830 signiﬁcatur
2791 1799 2807 1826 ,
2835 1767 2892 1813 et
2918 1757 3131 1813 bonitas
3163 1774 3178 1811 :
3219 1767 3280 1813 ut
3319 1757 3581 1813 subtecto
3607 1758 3790 1812 nubilis

530 1850 804 1934 Abraham
833 1873 1106 1930 contuitus
1135 1871 1189 1925 in
1211 1868 1350 1925 cmlo
1363 1874 1468 1934 est,
1497 1880 1629 1936 quas
1660 1863 1810 1918 Isaac
1835 1858 2046 1930 accepit
2073 1858 2126 1913 in
2157 1850 2180 1851 ”
2233 1852 2372 1908 coelo
2393 1851 2550 1908 terris
2581 1851 2791 1922 pluvias
2815 1850 3086 1917 infundat,
3106 1862 3163 1905 ut
3184 1850 3423 1906 vertices
3446 1851 3664 1906 collium
3688 1852 3793 1907 [ista

533 1970 769 2034 semine,
793 1981 928 2038 quas
948 1964 1149 2020 Paulus
1173 1960 1428 2018 discrevit
1455 1958 1508 2013 in
1538 1956 1730 2030 gloria.
1760 1953 1915 2022 Quod
1951 1962 2131 2008 autem
2237 1946 2465 2011 vestiat,
2487 1943 2746 2016 jumentis
2786 1943 3042 2015 pabulum
3072 1945 3350 2015 prmbeat,
3379 1955 3439 1999 et
3474 1945 3663 1998 aribus
3683 1946 3793 1998 cibos

539 2036 848 2117 nominibus
875 2057 987 2112 suis
1016 2064 1299 2120 vocentur,
1324 2051 1607 2106 audiamus
1635 2063 1760 2104 eum
1785 2047 1876 2118 qui
1912 2053 2132 2101 vocatu-
2235 2048 2484 2110 praestet,
2515 2039 2637 2110 quia
2659 2038 2728 2093 ab
2755 2052 2823 2093 eo
2863 2037 3174 2092 alimoniam
3215 2036 3380 2109 637
3429 2038 3675 2093 univers:
3709 2052 3793 2105 qu

534 2167 630 2209 rus
645 2160 748 2207 est.
775 2149 939 2222 636
959 2148 1094 2204 Dicit
1119 2146 1261 2202 enim
1285 2145 1339 2200 in
1367 2142 1672 2212 Evangeliis
1705 2157 1721 2196 :
1755 2139 1933 2194 Nolite
1952 2137 2134 2192 mirari
2237 2131 2446 2188 creavit
2461 2138 2797 2202 etSpectent.
2833 2128 2941 2186 Sed
2970 2129 3087 2184 haec
3107 2131 3285 2184 omnia
3316 2128 3633 2199 diligentius
3675 2128 3796 2182 intra

534 2245 668 2310 ista;
694 2221 935 2313 quoniam
957 2241 1087 2296 venit
1115 2241 1241 2293 liora
1259 2279 1273 2303 ,
1295 2238 1352 2291 in
1380 2252 1480 2306 qua
1507 2249 1680 2288 omnes
1699 2232 1785 2303 qui
1812 2240 1928 2286 sunt
1955 2231 2010 2284 in
2025 2244 2134 2284 mo-
2238 2233 2446 2295 specta,
2463 2223 2872 2294 signiﬁcationis
2901 2222 3122 2278 alterius
3148 2221 3407 2277 virtutem
3442 2222 3493 2275 in
3529 2237 3591 2276 se
3617 2221 3791 2276 habent.

535 2335 816 2402 numentis,
848 2334 1054 2388 audient
1077 2346 1247 2387 uocem
1267 2332 1393 2402 ejus,
1411 2337 1457 2382 et
1487 2324 1952 2398 procedent(Joan.
1971 2321 2133 2389 v,9.8,
2246 2363 2251 2371 .
2314 2319 2370 2374 8.
2402 2317 2636 2372 Nubium
2675 2318 2818 2372 varia
2841 2317 3090 2388 acceptio.
3121 2315 3224 2370 His
3265 2315 3511 2369 doctrina
3552 2326 3795 2370 sanam

533 2427 650 2500 29).
701 2426 972 2483 Vocantur
1001 2440 1165 2495 ergo,
1215 2431 1270 2478 et
1304 2420 1571 2492 prodient.
1607 2418 1758 2474 Adeo
1797 2425 1978 2470 autem
2033 2429 2134 2470 nu-
2237 2413 2672 2483 signiﬁcatur.—
2700 2411 2916 2469 Scimus
2935 2412 3081 2468 enim
3104 2426 3227 2467 esse
3249 2411 3450 2476 nubes,
3482 2411 3797 2480 quibusDea

534 2529 813 2580 merantur
829 2533 924 2592 per
941 2519 1132 2584 Deum,
1155 2525 1212 2570 ut
1239 2513 1422 2585 capilli
1447 2527 1683 2583 quoque,
1716 2510 1806 2580 qui
1837 2509 1890 2564 in
1911 2505 2137 2576 singulis
2241 2524 2309 2564 ne
2328 2523 2492 2579 super
2539 2509 2755 2565 vineam
2798 2507 2989 2579 pluant
3017 2506 3275 2573 mandat,
3306 2507 3455 2562 sicut
3483 2522 3585 2577 per
3625 2507 3797 2570 Esaiae

534 2615 690 2673 nobis
739 2611 1158 2669 innumerabiles
1205 2621 1328 2664 esse
1373 2605 1784 2669 existimantur,
1832 2603 1884 2656 in
1913 2613 2138 2655 numero
2240 2601 2441 2658 dictum
2489 2611 2618 2658 est:
2663 2601 2731 2656 Et
2785 2601 3005 2656 nubibus
3044 2600 3323 2664 mandabo,
3360 2616 3426 2654 ne
3469 2600 3651 2670 planam
3684 2617 3798 2669 super

534 2709 668 2774 sint,
694 2706 886 2764 eodem
916 2704 1143 2761 Domino
1163 2702 1375 2757 dicente
1407 2717 1422 2754 :
1453 2698 1642 2752 Nonne
1669 2703 1715 2751 et
1745 2693 1924 2764 capilli
1955 2691 2138 2764 capitis
2240 2713 2354 2751 eam
2405 2696 2674 2768 pluviam;
2727 2697 2875 2751 uinea
2931 2695 3063 2750 enim
3109 2693 3324 2748 Domini
3381 2692 3618 2748 Sabaoth
3656 2695 3796 2749 deus:

532 2800 687 2858 vestri
751 2800 1002 2852 numerati
1030 2806 1146 2852 sunt
1179 2792 1333 2866 (Luc.
1358 2806 1435 2846 xu
1459 2832 1474 2855 ,
1509 2788 1611 2861 7)?
1638 2788 1750 2842 Hoc
1782 2785 2010 2840 Domino
2041 2797 2142 2853 po-
2244 2786 2418 2844 Israel
2445 2796 2518 2844 est
2571 2785 2798 2860 (Esa.v,
2831 2786 2909 2857 6).
2933 2786 3191 2842 Novimus
3211 2783 3412 2848 nubes,
3445 2799 3571 2855 qum
3599 2801 3700 2856 pr:
3721 2785 3798 2840 ful-

538 2895 646 2950 tius
672 2891 923 2963 dignum,
955 2889 1057 2944 hoc
1087 2889 1140 2943 in
1170 2882 1538 2940 misericordia
1568 2881 1683 2951 ejus
1709 2875 2138 2947 praeferendum,
2243 2894 2375 2950 gore
2403 2880 2522 2950 ejus
2571 2880 2624 2935 in
2656 2889 2951 2950 conspectu
2985 2878 3199 2934 Domini
3227 2887 3521 2937 transeunt
3551 2898 3564 2932 ε
3597 2879 3799 2934 parui.

538 2994 602 3042 ut
619 3001 734 3049 eos,
763 2999 896 3055 quos
913 2981 1178 3038 contritos
1204 2977 1370 3034 corde
1395 2973 1685 3041 sanaverit,
1707 2985 1938 3042 quorum
1957 2966 2143 3037 alliga-
2246 2987 2398 3044 gore,
2431 2971 2628 3043 inquit,
2672 2970 2790 3042 ejus
2828 2971 2882 3026 in
2927 2980 3221 3043 conspectu
3251 2972 3374 3043 ejus
3406 2975 3584 3029 nubes
3613 2973 3797 3028 transie-

538 3078 688 3136 verit-
707 3077 1083 3142 contritiones,
1129 3070 1437 3128 nominibus
1465 3074 1642 3134 vocet,
1686 3064 2144 3137 proprietate_nu-
2247 3079 2372 3126 ιιυηι
2396 3068 2523 3142 (Ps.
2581 3084 2715 3134 xvn,
2749 3069 2866 3140 12).
2909 3068 3166 3126 Novimus
3187 3069 3403 3136 nubes,
3450 3086 3590 3141 quas
3616 3070 3796 3126 Densis

539 3180 734 3239 meret,
781 3168 989 3226 ccclein
1017 3168 1137 3223 luce
1161 3164 1443 3220 clariticet.

2259 3163 2568 3220 adscensum
2591 3178 2746 3220 suum
2777 3164 2988 3234 posuit;
3012 3173 3066 3218 et
3094 3164 3277 3234 posuit
3301 3165 3504 3220 nubem
3527 3166 3797 3222 adma

536 3271 576 3331 te
611 3264 667 3320 6.
718 3262 800 3319 0b
846 3277 966 3332 quae
1020 3257 1284 3314 mirabilia
1342 3255 1462 3326 ejus
1508 3263 1671 3324 atque
1723 3249 2008 3322 praeclara,
2068 3263 2074 3299 ε

2261 3271 2426 3311 suum.
2452 3254 2574 3325 (Ps.
2607 3271 2719 3319 cm,
2771 3254 2852 3326 3.)
2882 3254 3139 3312 Novimus
3179 3257 3358 3313 nubes
3389 3257 3458 3313 ad
3501 3273 3636 3328 quas
3673 3273 3799 3328 asses

538 3356 707 3412 Vnus.
739 3355 774 3412 5
803 3355 955 3410 etii:
991 3351 1216 3424 Magnus
1247 3348 1502 3404 Dominus
1534 3353 1725 3412 noster,
1757 3351 1803 3398 et
1828 3356 2016 3413 magna
2037 3338 2141 3393 uir-
2249 3348 2343 3404 Dei
2394 3349 2594 3404 veritas
2649 3355 2768 3415 est;
2831 3347 2900 3402 Et
2960 3365 3119 3420 usque
3173 3351 3243 3404 ad
3293 3351 3460 3406 nubes
3506 3354 3685 3407 per-im
3741 3364 3800 3405 τε

540 3459 622 3504 tus
649 3451 784 3522 ejus,
813 3456 858 3502 et
899 3446 1164 3517 sapientia:
1187 3442 1298 3514 ejus
1321 3459 1424 3496 non
1447 3449 1519 3496 est
1549 3454 1811 3496 numerus.
1842 3434 2144 3504 Suscipiens
2245 3439 2366 3512 (Ρε,
2395 3457 2503 3506 va,
2533 3441 2645 3509 11).
2674 3440 2744 3496 Et
2770 3440 2868 3496 has
2911 3440 3082 3497 nubes
3119 3440 3329 3512 aliquot
3359 3443 3502 3499 locis
3533 3452 3793 3500 sanctam

539 3549 830 3596 mansuetos
861 3537 1138 3603 Dominus,
1169 3535 1446 3589 ltumilians
1475 3540 1644 3586 autem
1671 3538 1959 3601 peccatores
1985 3540 2146 3595 usque
2245 3533 2546 3590 doctrinam
2577 3532 2868 3604 signiﬁcari
2909 3533 3049 3588 ηιίο
3077 3533 3326 3590 absoluta
3357 3545 3484 3600 est,
3521 3553 3638 3608 qua
3663 3539 3798 3591 mm

541 3633 610 3687 ad
632 3642 841 3687 terram.
889 3629 1004 3684 Hoc
1055 3629 1200 3684 enim
1251 3631 1661 3680 mansuetornm
1692 3620 1970 3692 proprium
2022 3624 2139 3682 est,
2246 3625 2556 3682 inﬁdelibus
2575 3625 2786 3697 pluere,
2816 3625 2892 3698 (ὁ)
2923 3625 3141 3696 eloquio
3170 3626 3324 3682 arida
3361 3628 3654 3699 impiorum
3677 3627 3798 3685 ead:

544 3723 720 3794 (quia,
771 3720 1066 3778 secundum
1121 3717 1433 3789 Evangelia,
1479 3713 1744 3770 mansueti
1793 3708 2147 3782 possidebunt
2246 3733 2353 3773 ηοη
2377 3718 2572 3788 rigant.
2593 3716 2724 3785 Quae
2753 3731 2876 3772 cum
2907 3716 3170 3772 Dominus
3191 3718 3361 3782 adsit,
3385 3733 3518 3776 esse
3537 3722 3798 3776 mm:

545 3826 744 3873 terram
773 3814 988 3886 (Matth.
1016 3828 1072 3880 v,
1103 3810 1184 3884 lt),
1226 3820 1285 3866 ut
1313 3808 1457 3880 digni
1479 3805 1619 3876 apud
1659 3806 1828 3860 Deum
1856 3805 1966 3858 εῖηῑ
2007 3815 2145 3856 ηυῐι·
2248 3819 2307 3866 ut
2331 3811 2510 3884 (forte,
2536 3816 2595 3864 ut
2619 3808 2780 3881 sicut)
2803 3816 2924 3864 orto
2951 3809 3068 3864 sole
3091 3809 3380 3864 stellarum
3414 3811 3601 3868 lumen
3630 3812 3802 3866 hebeta-

542 3910 849 3981 cupatione,
886 3921 1133 3973 numero,
1165 3903 1429 3961 claritate.
1454 3900 1677 3972 Magnus
1708 3906 1793 3954 est
1842 3895 2139 3959 Dominus,
2247 3916 2351 3969 ιιιιι,
2388 3906 2459 3958 im
2488 3910 2544 3959 ει
2562 3902 2807 3959 doctrina
2859 3901 3081 3957 nubium
3112 3903 3348 3958 θοιηίηο
3377 3903 3504 3974 ipso
3528 3905 3638 3974 jam
3664 3920 3742 3975 Pa
3761 3919 3802 3957 ε,

540 4020 664 4063 cum
693 4003 1059 4075 dispersiones
1087 4005 1398 4070 cotlglfesat-
1423 3995 1612 4067 Magna
1634 3994 1808 4049 Vil‘llls
1834 3990 1974 4062 eius.
2007 4003 2132 4045 cum
2246 3995 2484 4068 fulgente
2501 4003 2804 4065 praetereat.
2835 3993 2941 4052 Per
2959 4009 3096 4066 quas
3121 3998 3289 4050 etiam
3312 3996 3383 4053 ad
3420 3979 3802 4052 Dominarum-

455 4112 462 4114 '
542 4098 774 4157 contrita
801 4094 1082 4154 clariﬁcat.
1113 4081 1526 4149 innumerabilis
1559 4086 1830 4159 sapientia
1869 4085 1989 4154 ejus
2017 4089 2140 4148 est,
2244 4089 2548 4156 scanditur,
2605 4089 2732 4143 dum
2760 4087 2944 4143 divina
2976 4087 3292 4158 praedicatio
3344 4088 3458 4144 iter
3499 4090 3653 4145 nobis
3692 4087 3803 4159 τεῇ

543 4209 666 4251 cum
690 4192 943 4248 universa
966 4198 1020 4247 et
1039 4187 1350 4252 nominibus
1377 4181 1638 4240 discernit
1666 4190 1722 4237 et
1751 4192 2001 4235 numero.
2035 4173 2144 4230 Sed
2246 4183 2486 4240 catastis
2541 4180 2779 4237 ostendi:
2811 4199 2825 4235 ε
2859 4187 2917 4236 ει
2945 4177 3068 4235 ideo
3116 4179 3202 4235 ιιω
3251 4178 3435 4236 nubes
3473 4182 3630 4237 nobis
3655 4181 3802 4253 Imp;

543 4286 637 4356 qui
668 4283 892 4353 suscipit
920 4273 1254 4346 mansuetos,
1285 4275 1534 4332 humiliat
1571 4287 1786 4344 quoque
1828 4277 2080 4341 peccator

2263 4273 2444 4356 suntin
2461 4269 3025 4330 adscensttm.Veritas
3039 4285 3256 4342 quoque
3271 4270 3372 4328 Dei
3393 4287 3575 4345 usque
3590 4274 3656 4329 ad
3675 4275 3801 4329 nobis

547 4391 716 4446 usque
745 4349 1061 4430 ad-terram.
1095 4372 1226 4427 Post
1245 4369 1502 4425 meritum
1525 4363 1850 4434 sanctitatis,
1892 4361 2143 4431 impieta-
2245 4349 2463 4425 easdém
2512 4375 2596 4421 εει
2619 4381 2633 4431 ;
2658 4364 2784 4434 quia
2809 4365 2865 4419 in
2891 4378 2953 4420 se
2975 4377 3160 4419 veram
3189 4363 3287 4420 Dei
3331 4364 3700 4436 cognitionem
3723 4365 3802 4418 μδ

548 4470 620 4524 tis
645 4482 802 4538 poma
845 4466 1085 4536 subjecta
1124 4472 1208 4520 est
1241 4481 1253 4515 :
1299 4475 1422 4517 cum
1460 4457 1726 4528 susceptis
1759 4451 2058 4511 mansuetis
2089 4451 2140 4504 in
2245 4463 2496 4519 doctrina
2527 4458 2841 4533 prophetica
2861 4457 3133 4515 εοηιίηει,

546 4559 793 4616 claritate
822 4558 1132 4626 stellarum,
1165 4563 1478 4628 peccatores
1508 4548 1766 4621 usquead
1812 4556 2010 4603 terram
2041 4543 2142 4599 hu-
2166 4575 2222 4638 D
2317 4557 2378 4613 9,
2411 4554 2602 4610 Ριαυξα
2633 4554 2726 4608 Dei
2767 4552 2991 4623 eloquia.
3033 4549 3238 4607 Montes
3275 4551 3522 4622 fecundi,
3571 4554 3666 4608 tiri
3695 4568 3804 4627 pur-

547 4651 734 4709 miliati
761 4649 842 4723 (a)
865 4650 1090 4707 infernae
1109 4649 1244 4720 legis
1265 4647 1468 4720 judicio
1495 4644 1855 4701 destinantur.

2266 4647 2613 4705 :elsi.-—Haec
2633 4662 2762 4718 ergo
2791 4645 2860 4700 ad
2887 4646 3474 4702 commemorationem
3513 4647 3611 4704 Dei
3635 4649 3804 4704 lauda

619 4747 675 4802 7.
728 4744 852 4800 Non
897 4746 1032 4800 alius
1059 4744 1268 4800 Creator
1290 4743 1520 4799 omnium
1538 4780 1552 4806 ,
1581 4739 1717 4794 alius
1745 4735 1870 4808 legis
1893 4734 2139 4788 Deus.-——
2247 4749 2614 4799 creaturarum
2637 4753 2837 4812 genera
2857 4738 3028 4795 electa
3050 4745 3337 4809 suumque
3353 4754 3485 4795 cum
3514 4742 3804 4812 praemi“

546 4839 628 4898 Ob
671 4853 794 4911 quae
840 4851 974 4902 nos,
1020 4843 1292 4907 tamquam
1335 4840 1652 4907 cunctantes
1695 4837 1750 4885 et
1793 4827 2084 4882 hmsitante:

2265 4849 2369 4890 nse
2388 4831 2662 4889 Creatoris
2688 4831 3063 4898 ostenderent,
3079 4830 3450 4901 parabolicam
3476 4841 3678 4902 tamen,
3699 4834 3803 4892 sive.

546 4931 810 5006 propheta
837 4928 1150 5002 cohortatur
1169 4927 1235 4982 ad
1260 4926 1493 4993 laudem,
1525 4923 1713 4980 dicens
1736 4963 1750 4987 ,
1779 4919 1945 4974 Vens.
1979 4919 2033 4985 7,
2062 4916 2095 4972 8
2125 4933 2139 4970 :
2244 4933 2304 4981 ιη
2325 4925 2620 4997 Apostolus
2643 4924 2739 4988 ait,
2764 4924 3229 4994 allegorumenam
3257 4925 3416 4980 nobis
3442 4925 3735 4982 doctrinm
3755 4926 3805 4977 ω

549 5024 796 5080 Inchoate
823 5019 1047 5076 Domino
1072 5018 1126 5072 in
1146 5019 1485 5090 confessione,
1513 5015 1717 5087 psallite
1745 5011 1852 5066 Deo
1880 5018 2056 5064 nostro
2086 5007 2142 5060 in
2246 5024 2670 5074 commemorata
2707 5016 3016 5087 ρτωδειιθηι
3049 5013 3192 5087 (σαι,
3227 5031 3302 5080 ιν,
3322 5015 3448 5089 24),
3477 5015 3690 5074 celum
3709 5030 3808 5087 αιςρ

548 5121 774 5184 cithara,
821 5115 910 5188 qui
963 5112 1126 5187 aperit
1165 5113 1346 5167 caelum
1375 5110 1630 5176 nubibus,
1675 5107 1763 5178 qui
1803 5113 1954 5176 parat
1995 5112 2086 5158 terr

2269 5111 2483 5168 tubibus
2511 5107 2903 5180 subtegitur,id
2933 5116 3040 5176 est,
3065 5107 3387 5179 prophetica
3408 5109 3658 5167 doctrina
3682 5112 3807 5166 reita

551 5215 775 5285 pluviam
794 5253 808 5278 ,
848 5209 934 5282 qui
964 5205 1204 5281 producit
1232 5205 1287 5258 in
1313 5203 1568 5258 montibus
1599 5206 1810 5272 (mnum,
1839 5199 1927 5270 qui
1947 5198 2036 5252 dat
2051 5198 2145 5268 ju—
2251 5211 2335 5261 est
2358 5201 2598 5274 subjecta
2629 5201 2846 5256 divinis.
2880 5199 3066 5255 Pluvia
3093 5200 3256 5256 terris
3281 5200 3610 5270 infunditur,
3633 5200 3808 5270 eloqui:

550 5305 731 5360 mentis
759 5317 930 5357 escam
954 5300 1208 5370 ipsorum,
1236 5303 1286 5350 et
1314 5293 1471 5365 pullis
1493 5308 1762 5348 corvorum
1791 5289 2144 5346 invocantibus
2250 5297 2464 5366 sciIicei‘
2511 5295 2697 5349 harum
2749 5292 3117 5348 subiectarum
3169 5290 3395 5347 nubium
3446 5293 3808 5362 profundumgy

551 5413 683 5452 eum.
707 5395 1039 5464 Frequenter
1060 5389 1315 5446 admonet
1333 5385 1680 5459 pmpheticus
1702 5397 1914 5449 sermo,
1941 5390 1999 5437 ut
2020 5395 2143 5436 eum
2253 5405 2351 5462 per
2368 5404 2489 5461 qua»,
2509 5384 2831 5442 infructuosi
2861 5385 2963 5456 ipsi
2993 5391 3158 5454 atque
3177 5383 3316 5439 aridi
3356 5382 3431 5456 (c)
3457 5385 3526 5440 ad
3552 5385 3807 5440 eliciendos

551 5490 914 5550 universitatis
943 5486 1103 5558 hujus
1132 5499 1254 5541 esse
1295 5479 1581 5537 Dominum
1623 5477 1941 5544 credamus,
1987 5491 2146 5546 quem
2252 5497 2320 5540 ex
2344 5481 2501 5538 nobis
2541 5480 2743 5535 fructus
2772 5477 2916 5534 dono
2935 5474 3107 5532 divini
3131 5474 3328 5531 imbris
3355 5476 3731 5533 humescimus.
3755 5475 3806 5529 Et

550 5586 728 5644 omnis
755 5585 841 5641 lex
874 5582 1044 5638 Deum
1070 5580 1252 5636 locuta
1281 5583 1398 5641 est,
1441 5573 1533 5645 qui
1567 5587 1627 5629 se
1651 5571 1949 5642 nuncupari
1981 5569 2147 5627 Deum
2257 5575 2376 5633 haec
2424 5573 2638 5645 eloquia
2672 5570 2852 5627 divina
2891 5578 3165 5641 tamquam
3212 5568 3449 5628 imbrem
3494 5568 3809 5642 intelligenda

554 5711 561 5764 l
735 5697 1319 5820 agitiiﬂgimufjr.
1342 5695 1558 5752 interna!
1589 5688 1734 5763 (8958-
2320 5692 2392 5766 (c)
2421 5691 2520 5750 Ms.
2552 5689 2621 5746 ad
2644 5687 2922 5762 eligendos.

627 5747 707 5850 ὶῐέ
735 5747 1277 5846 ἱῖξ.”ξ›ἱαῖὲἴέῐόᾇαὲἇέ
