3896 6336
8 411 10 414 ν
66 323 169 380 875

1143 327 1559 391 TRACTATUS
1597 331 1667 392 ΙΝ
1703 332 1908 396 CXLVI
1949 335 2297 403 PSALMUM.

3253 363 3361 420 871

65 459 183 501 esse
217 441 428 516 Moyses
476 451 708 504 testatus
736 453 841 515 est,
887 446 1074 506 dicens
1106 468 1118 505 :
1156 452 1493 523 Exspeclelur
1530 456 1660 510 sicut
1687 462 1737 518 Α
1765 457 1943 515 ﬁcium
1973 472 2088 527 cst,
2110 465 2198 536 qui
2228 465 2379 524 solus
2406 481 2475 525 ex
2506 468 2773 531 universis
2796 473 3161 536 animantibus
3190 485 3363 553 parti-

63 536 235 608 pluvia
261 536 518 608 eloquium
549 555 715 593 meum
737 583 749 606 ,
786 551 831 595 et
858 541 1172 599 descendant
1217 547 1349 600 sicut
1390 564 1474 602 ros
1504 548 1658 603 verba

64 645 192 692 mea,
221 639 277 684 ut
305 631 481 701 pluvia
519 649 675 703 super
702 651 913 706 gramen
945 636 964 710 (
990 636 1147 692 Deut.
1173 656 1348 708 χχχιι,
1393 640 1472 712 2).
1532 642 1658 718 Hinc

63 734 190 792 ergo
235 731 397 777 teme
427 721 605 794 pluvia
635 736 990 796 praeparatur,
1023 727 1096 801 (a)
1131 745 1227 800 per
1257 747 1416 802 quam
1455 731 1656 788 [mnum

64 812 114 868 in
146 811 421 869 montibus
461 816 777 886 producitur
799 861 814 887 ,
846 829 901 875 et
939 820 1203 892 jumentis
1229 825 1284 880 in
1315 840 1493 881 escam
1529 842 1657 897 pro-

64 909 230 979 priam
265 909 556 978 praebetur.
587 911 791 984 Opinor
831 915 1176 974 fecundiores
1219 934 1342 976 esse
1383 921 1658 978 montibus

62 1001 252 1071 valles,
285 1020 404 1074 qua:
430 1004 902 1078 circumjectorum
943 1010 1160 1066 collium
1191 1027 1434 1070 concavo
1461 1013 1657 1071 declivi

61 1099 111 1154 in
144 1113 215 1168 se,
235 1098 465 1157 humore
496 1103 850 1174 pinguescant
879 1123 890 1159 :
921 1114 976 1161 et
1003 1105 1130 1178 quid
1165 1110 1391 1166 rationis
1433 1121 1552 1178 est,
1594 1119 1655 1168 ut

60 1191 124 1246 ad
165 1205 348 1246 escam
386 1193 756 1263 iumentorum
800 1191 1025 1268 produci
1091 1199 1231 1256 faena
1291 1201 1578 1258 laudentur
1605 1204 1657 1259 in

60 1285 383 1342 montibus?
433 1287 500 1343 Et
537 1304 859 1361 quamquam
915 1292 1101 1362 plures
1150 1302 1360 1350 montes
1417 1295 1660 1352 fecundis

59 1378 355 1434 verticibus
375 1386 540 1452 atque
567 1380 806 1438 herbidis
848 1393 1009 1450 sunt;
1045 1395 1223 1442 tamen
1252 1402 1431 1442 rerum
1463 1403 1661 1460 corpo-

57 1470 250 1527 ralium
301 1473 612 1529 nominibus
661 1474 922 1546 Spiritalis
960 1476 1205 1534 doctrina
1252 1488 1504 1537 conserta
1552 1492 1655 1538 cst.

59 1561 373 1620 Producunt
407 1580 538 1638 ergo
571 1576 782 1624 montes
808 1569 1068 1638 jumentis
1092 1571 1142 1624 in
1167 1586 1347 1628 escam
1376 1590 1528 1630 suam
1561 1574 1662 1643 lte-

59 1672 230 1724 num;
287 1659 382 1716 sed
424 1669 638 1717 montes
684 1663 776 1733 qui
816 1664 1225 1721 exsultaverunt
1265 1669 1406 1724 sicut
1460 1669 1660 1728 arietes

62 1749 182 1822 (Ps.
213 1767 362 1821 cstn,
389 1750 470 1826 4),
517 1755 570 1810 in
615 1770 750 1826 quos
795 1756 1105 1827 frequenter
1159 1759 1422 1830 propheta
1471 1764 1660 1819 oculos

57 1846 265 1916 erexit,
325 1845 512 1904 dicens
565 1867 578 1903 :

58 1941 173 2016 (Ps.
205 1959 342 2012 cxx,
377 1946 451 2017 1).
507 1944 572 2001 Hi
606 1962 736 2017 ergo
778 1959 1012 2015 montes,
1040 1951 1495 2022 patriarcharum,
1528 1969 1652 2023 pro-

59 2036 347 2105 phetarum
368 2079 383 2104 ,
414 2039 781 2110 apostolorum
803 2084 819 2108 ,
865 2053 1164 2116 martyrum
1193 2045 1528 2114 altitudines,
1561 2047 1658 2104 [ωε

58 2151 182 2190 num
214 2136 506 2208 pecoribus
533 2138 698 2212 638
725 2141 1044 2209 producunt.
1097 2141 1164 2196 Et
1210 2141 1404 2212 quibus
1444 2142 1658 2198 tandem

60 2229 391 2298 pecoribus?
423 2229 639 2287 Esaiam
679 2233 964 2290 audiamus
996 2251 1008 2287 :
1041 2236 1294 2308 Agnovit,
1344 2235 1538 2307 inquit,
1572 2237 1661 2292 bos

59 2339 405 2392 possessorem
430 2341 600 2394 suum,
624 2335 672 2380 et
711 2328 887 2382 asinus
914 2345 1142 2399 praesepe
1164 2330 1360 2384 domini
1407 2331 1490 2385 sui
1513 2347 1532 2396 ,°
1577 2329 1662 2385 ls-

59 2414 168 2469 rael
196 2431 318 2471 vero
367 2433 446 2472 me
486 2435 588 2473 non
636 2422 869 2492 cognovit
895 2420 1048 2493 (Esa.
1077 2438 1119 2490 ι,
1167 2420 1248 2496 5).
1298 2423 1364 2478 Et
1390 2423 1513 2494 quia
1566 2438 1664 2494 per

61 2506 279 2564 hebetis
338 2517 547 2566 naturae
593 2511 952 2585 irreligiosum
1005 2514 1406 2587 ignorationem
1458 2529 1661 2586 pecora

61 2608 185 2656 sunt
227 2600 394 2671 dicta,
424 2603 576 2660 cibus
599 2620 812 2676 quoque
838 2621 1029 2662 eorum
1053 2607 1388 2678 significatus
1410 2608 1463 2662 in
1492 2607 1662 2664 faeno.

61 2693 173 2750 Hoc
201 2711 339 2766 ergo
360 2695 563 2753 Renum
591 2699 676 2754 his
700 2698 960 2770 iumentis
989 2701 1262 2772 praebetur
1291 2701 1344 2756 in
1370 2701 1663 2758 montibus.

134 2789 228 2845 10.
265 2787 454 2846 Versus
475 2792 725 2864 adjectus.
763 2791 939 2847 Herba
968 2794 1198 2862 servituti
1228 2794 1492 2849 hominum
1517 2793 1664 2865 quid.

62 2910 130 2920 —
161 2880 225 2935 In
282 2881 529 2952 pluribus
559 2894 739 2941 autem
789 2886 1067 2942 codicibus
1109 2887 1375 2943 insertum
1419 2885 1493 2961 (b)
1527 2888 1669 2943 hunc

60 2989 288 3030 versum
313 2974 791 3048 deprehendimus,
809 2979 879 3034 Et
899 2980 1106 3036 herbam
1122 2982 1352 3036 servituti
1371 2982 1666 3037 hominum:

61 3079 118 3123 ut
147 3085 218 3125 ea
251 3085 373 3141 quas
404 3073 654 3143 superius
679 3073 821 3130 dicta
844 3083 1005 3142 sunt,
1035 3075 1104 3131 de
1137 3076 1355 3131 nomine
1381 3075 1524 3130 dicta
1547 3089 1670 3130 esse

59 3176 156 3232 per
169 3179 202 3217 η
213 3166 634 3236 uncupationem
650 3167 818 3238 ipsius
830 3167 1066 3224 hominis
1083 3168 1536 3240 intelligerentur.
1560 3168 1667 3226 Sed

1761 566 1889 622 ceps
1920 557 2141 613 rationis
2165 559 2386 616 eﬂ'ectus
2416 573 2519 618 est.
2554 566 2852 625 Corvorum
2883 588 3012 628 vero
3035 575 3163 644 pulli
3186 575 3358 633 Deum

1760 650 2032 715 quomodo
2087 653 2385 712 invocant?
2414 659 2480 714 Et
2523 675 2620 716 cur
2664 664 2794 735 pulli
2838 682 3127 724 corvorum
3179 672 3358 741 potius

1761 755 1918 810 quam
1968 746 2136 814 corvi,
2178 763 2407 819 quorum
2458 763 2648 810 natura
2711 758 3034 834 hebes,'(f)
3087 763 3357 834 improba,

1761 829 2082 904 improvida,
2117 841 2260 895 nulla
2291 843 2388 899 Dei
2409 846 2717 916 cognitione
2742 849 2939 908 donata
2969 829 3039 909 sit
3060 854 3082 909 ?
3103 829 3211 911 Aut
3236 829 3358 928 quas

1761 936 1884 1016 esca
1915 929 2226 996 praebetur?
2271 933 2545 1007 Numquid
2586 949 2642 994 ut
2671 940 2872 998 {mnum
2905 945 3190 1016 jumentis.
3219 959 3274 1005 et
3299 959 3360 1005 ut

1763 1014 1929 1072 herba
1961 1020 2304 1091 hominibus;
2344 1029 2422 1084 sic
2450 1041 2832 1103 corruptorum
2857 1014 3180 1095 cadaverum
3211 1040 3358 1096 [teti-

1763 1108 1859 1165 das
1884 1112 2074 1168 sordes
2103 1115 2242 1170 Deus
2263 1120 2544 1180 orantibus
2571 1141 2631 1181 se
2669 1141 2955 1184 corvorum
2991 1133 3150 1201 pullis
3183 1147 3237 1190 et
3264 1149 3359 1203 pe-

1762 1205 1958 1262 cudum
1983 1217 2188 1266 mortes
2227 1212 2294 1267 ad
2344 1215 2521 1272 cibum
2556 1220 2680 1275 vitae
2722 1225 3008 1292 praesentis
3041 1226 3358 1298 impertiet?

1764 1298 1890 1356 llaec
1919 1300 1992 1356 ita
2023 1303 2347 1376 intelligere,
2377 1325 2486 1366 non
2514 1312 2685 1369 dicam
2710 1318 2931 1384 erroris,
2963 1320 3060 1376 sed
3091 1322 3362 1394 irreligio-

1761 1393 1940 1450 sitatis
1991 1406 2251 1454 extrema:
2298 1409 2401 1457 est.
2447 1403 2586 1470 Quid
2630 1423 2760 1479 ergo
2813 1412 3038 1484 intelligi
3086 1393 3358 1488 oporteat,

1763 1498 1924 1560 prout
1953 1489 2052 1561 ipsi
2083 1491 2227 1562 dono
2269 1497 2459 1578 gratias
2488 1500 2729 1558 caelestis
2768 1505 2960 1577 adepti
3010 1523 3219 1577 sumus,
3277 1513 3362 1568 lo—

1762 1597 2009 1652 quemur.

1835 1677 1924 1730 12.
1954 1675 2148 1734 Corvus
2167 1692 2494 1748 peccatorum
2517 1687 2707 1759 ﬁgura.
2739 1689 2933 1748 Corvus
2956 1693 3089 1750 Elite
3117 1699 3362 1754 nutritius

1761 1768 1991 1841 gentium
2017 1776 2402 1832 conversionem
2446 1780 2738 1837 adumbrat.
2761 1813 2834 1827 -—
2862 1790 3093 1843 Corvum
3138 1793 3193 1846 in
3247 1792 3363 1848 for-

636 1849 836 1908 Levavi
907 1853 1092 1908 oculos
1146 1871 1299 1912 meos
1349 1857 1403 1912 in
1442 1866 1656 1915 montes
1685 1857 1734 1918 B
1760 1876 1902 1916 mam
1928 1867 2228 1932 peccatoris
2265 1872 2618 1929 constitutum
2647 1891 2768 1933 esse
2804 1885 2941 1948 tum,
2968 1889 3092 1940 eum
3142 1900 3208 1941 ex
3237 1902 3364 1943 arca

1760 1954 1992 2011 emissus
2023 1974 2130 2014 non
2162 1961 2342 2031 rediit,
2375 1966 2742 2025 meminimus.
2774 1973 2908 2028 Cum
2958 1977 3103 2032 enim
3152 1982 3364 2038 consis—
3421 2039 3429 2048 ,

1764 2046 1912 2102 tendi
1937 2065 2200 2122 nusquam
2221 2055 2374 2112 locus
2396 2069 2563 2125 esset,
2591 2063 2744 2133 aquis
2776 2065 2828 2120 in
2850 2066 3102 2125 universa
3126 2071 3361 2143 diffusis,

1762 2136 1907 2206 ipse,
1937 2141 2185 2198 columba
2219 2157 2402 2216 postea
2437 2167 2542 2207 non
2571 2165 2784 2225 reperta
2810 2161 3002 2230 requie
3029 2173 3360 2235 revertente,

1762 2245 1870 2286 non
1888 2234 2051 2289 rediit
2081 2236 2234 2307 (Gen.
2266 2257 2381 2308 vm,
2417 2244 2495 2313 7).
2527 2245 2660 2302 Cum
2687 2252 2830 2306 enim
2882 2254 2991 2310 illic
3018 2272 3142 2315 arca
3175 2234 3364 2318 Eccle—

1763 2324 1857 2380 size
1903 2323 2137 2384 formam
2186 2333 2454 2403 habuerit,
2504 2339 2550 2394 is
2593 2343 2682 2411 qui
2713 2343 3014 2403 Ecclesium
3044 2365 3164 2406 cum
3209 2370 3366 2411 num-

1763 2432 1923 2516 quam
1950 2422 2078 2478 alibi
2104 2435 2286 2494 posset
2320 2423 2623 2490 consistere
2653 2435 2983 2512 derelinquit
3003 2486 3016 2510 ,
3063 2451 3366 2516 peccatoris

1764 2509 1820 2566 iu
1847 2528 1914 2568 eo
1939 2519 2255 2590 exemplum
2305 2531 2391 2578 est
2438 2529 2821 2599 consﬁtutum,
2871 2509 3112 2605 qui
3156 2543 3364 2599 nullam

1737 2604 1926 2700 (aliam
1978 2620 2356 2683 praeterquam
2407 2616 2666 2678 Ecclesia}
2694 2625 3126 2700 639requiem
3173 2634 3372 2694 habeat

1768 2694 1821 2750 in
1841 2699 2063 2767 saeculo,
2088 2706 2293 2760 mavult
2315 2714 2495 2764 tamen
2519 2712 2569 2766 in
2594 2694 2844 2772 inanibus
2865 2721 3047 2777 saeculi
3070 2723 3367 2784 demorari.

1769 2785 1919 2844 Hanc
1946 2805 2164 2887 quoque
2189 2811 2344 2853 avem
2375 2799 2605 2870 legimus
2649 2805 2700 2860 in
2743 2820 2954 2878 pastum
2980 2813 3112 2870 Eliae
3135 2816 3367 2887 deputa-

1770 2887 1902 2948 tam,
1921 2884 2075 2940 cibos
2102 2903 2321 2960 semper
2350 2894 2399 2948 ei
2426 2895 2592 2952 fuisse
2621 2900 2833 2957 solitam
2855 2905 3054 2964 inferre
3101 2910 3122 2979 (
3143 2884 3218 2966 Ill
3233 2912 3365 2987 Reg.

1772 2987 1900 3040 xm,
1925 2975 2006 3048 6),
2025 2979 2204 3036 ethoc
2232 2991 2367 3051 tum,
2387 3001 2506 3041 cum
2526 2989 2844 3060 impiissime
2865 3000 3040 3053 omnis
3065 2975 3294 3073 populus
3308 2975 3374 3063 et

1777 3067 2234 3140 irreligiosissime
2304 3078 2692 3140 diversaretur.
2746 3085 2802 3142 ln
2867 3067 3182 3151 famulatum
3237 3113 3370 3171 ergo

1772 3161 1904 3215 tanti
1935 3165 2212 3234 prophetae
2239 3169 2355 3227 haec
2379 3174 2493 3228 avis
2515 3215 2529 3240 ,
2573 3192 2690 3248 quae
2731 3177 2784 3234 in
2812 3181 3035 3239 formam
3065 3161 3366 3256 peccatorris

59 3270 290 3311 nosnon
309 3271 530 3328 egemus
548 3259 650 3316 hoc
666 3273 848 3317 sensu.
866 3260 1001 3316 Nam
1022 3261 1148 3316 ιίροι
1168 3276 1273 3316 non
1293 3261 1664 3332 impediaiad.
1693 3243 1737 3306 C
1772 3264 1890 3309 erat
1919 3261 2208 3315 constituta
2229 3303 2246 3328 ,
2299 3264 2507 3322 delecta
2538 3278 2640 3325 est.
2669 3271 2804 3326 Cum
2830 3278 2975 3331 enim
2999 3281 3239 3338 anterior
3269 3298 3372 3352 po-

59 3346 246 3417 jectus
267 3366 283 3414 ;
302 3365 408 3404 non
426 3358 604 3407 tamen
622 3367 767 3420 eum,
785 3360 1055 3424 tamquam
1077 3368 1180 3408 non
1198 3352 1265 3426 (c)
1283 3353 1402 3408 aliis
1421 3352 1486 3406 ad
1511 3353 1671 3422 hujus
1770 3349 1928 3418 pulus
1957 3351 2330 3423 improbabilis
2354 3369 2600 3430 repertus
2628 3372 2743 3432 est,
2772 3372 2884 3420 tum
2909 3369 3003 3425 Dei
3027 3346 3370 3444 praedicatio,

56 3445 436 3516 intelligentiae
473 3447 940 3502 confirmationem
975 3447 1048 3501 uti
1073 3447 1364 3518 possimus,
1392 3444 1671 3515 amplecti-
1771 3457 1892 3512 quae
1923 3445 2074 3500 cibus
2103 3455 2158 3501 et
2205 3450 2432 3506 esuritio
2459 3461 2544 3507 est
2575 3456 2958 3526 prophetarum
2985 3503 3001 3529 ,
3053 3479 3150 3534 per
3176 3482 3367 3526 eorum

56 3551 201 3592 mur.
266 3535 370 3593 Hic
426 3539 569 3594 enim
628 3539 762 3594 ordo
802 3539 1070 3595 dictorum
1115 3551 1220 3608 est,
1257 3538 1477 3595 Vens.8
1515 3537 1664 3594 et9:

59 3629 164 3696 Qui
192 3631 367 3697 operit
392 3631 574 3688 caelum
601 3632 842 3700 nubibus,
874 3642 921 3688 et
942 3643 1091 3704 parat
1127 3643 1276 3689 terra:
1298 3634 1558 3706 pluviam,
1580 3632 1668 3702 qui

56 3725 310 3795 producit
329 3725 383 3778 in
410 3724 668 3781 montibus
689 3729 900 3797 fanum,
934 3727 1020 3781 dat
1045 3728 1298 3800 jumentis
1323 3742 1490 3780 escam
1525 3726 1667 3795 ipso-

56 3836 193 3884 rum,
229 3827 283 3873 et
315 3817 526 3873 herbam
552 3821 780 3874 servituti
811 3819 1074 3874 hominum
1097 3861 1113 3885 ,
1143 3829 1191 3873 et
1219 3819 1379 3890 pullis
1395 3833 1663 3872 corvorum

55 3911 424 3968 invocantibus
457 3928 596 3969 eum.
618 3912 698 3985 (ά)
719 3912 842 3969 Sive
873 3911 1034 3982 igitur
1060 3927 1152 3981 per
1180 3911 1402 3965 nubium
1433 3909 1668 3980 pluviam

52 4005 333 4075 producto
350 4003 609 4075 iumentis
653 4006 704 4060 in
759 4003 1037 4060 montibus
1065 4003 1245 4069 lieno,
1282 4010 1340 4056 ut
1379 4002 1664 4072 allegorica

50 4098 319 4155 doctrina
349 4104 535 4168 posset
564 4097 815 4168 intelligi,
863 4097 978 4151 hare
1009 4096 1175 4150 herba
1205 4094 1453 4150 servituti
1490 4092 1667 4149 homi-

51 4207 185 4246 num
226 4170 549 4262 praebetur,
600 4191 691 4261 qui
742 4188 980 4260 pecudea
1028 4188 1365 4259 ignoratione
1395 4184 1659 4256 deposita,

47 4285 232 4341 Deum
255 4282 474 4338 tandem
500 4281 892 4338 rationabiliter
912 4279 1336 4351 comperissent;
1362 4276 1496 4346 sive,
1522 4275 1664 4348 quod

48 4379 370 4437 absolutius
396 4377 620 4449 intelligi
647 4384 846 4448 potest,
896 4375 951 4430 in
982 4373 1151 4430 herba
1173 4372 1380 4428 fruetus
1401 4371 1655 4428 humanis

45 4475 194 4530 cibis
244 4470 475 4544 praestiti
525 4469 844 4537 edocentur,
889 4469 1016 4540 quia
1062 4481 1256 4522 omnes
1301 4464 1513 4520 fructus
1561 4479 1658 4536 per

48 4572 293 4628 herbam
342 4568 730 4625 conﬁrmantur
787 4567 840 4622 in
884 4580 1114 4622 messem
1155 4580 1169 4618 :
1219 4563 1329 4620 Deo
1374 4571 1662 4634 utrumque

1770 3540 1858 3611 qui
1886 3552 2203 3612 peccatores
2232 3555 2386 3602 erant
2411 3547 2588 3604 ofﬁcia
2617 3553 2884 3622 expletur.
2914 3557 3022 3612 Nos
3067 3561 3212 3616 enim
3238 3605 3252 3630 ,
3278 3565 3368 3621 vel

1769 3635 1952 3691 caeteri
1980 3636 2056 3711 (g)
2085 3647 2211 3695 ante
2240 3655 2339 3695 nos
2363 3681 2377 3705 ,
2409 3656 2477 3698 ex
2509 3643 2912 3713 impudentibus
2945 3658 3002 3705 et
3042 3654 3369 3722 procacibus

1770 3739 1826 3786 et
1852 3729 2146 3788 immundis
2177 3741 2233 3789 et
2255 3735 2493 3790 cruentis
2522 3738 2689 3808 geniti
2721 3748 2885 3812 atque
2915 3745 3057 3809 nati,
3090 3755 3369 3818 tamquam

1770 3825 1898 3894 pulli
1927 3841 2214 3882 corvorum
2239 3827 2412 3884 Deum
2445 3829 2776 3901 invocamus,
2809 3834 3119 3906 agnitione,
3151 3839 3375 3896 confes-

1770 3917 1958 3984 sione,
2011 3919 2268 3974 lamulatu
2305 3937 2318 3975 :
2350 3929 2408 3974 ut
2452 3936 2516 3975 ex
2551 3922 2813 3992 jumentis
2839 3936 2894 3982 et
2944 3931 3230 3998 pecoribus
3274 3948 3374 4002 per

1769 4011 2098 4081 agnitionem
2128 4012 2220 4066 Dei
2247 4011 2493 4067 homines
2518 4014 2722 4078 ellecti.
2753 4019 2980 4075 rationis
3007 4023 3214 4078 scilicet
3239 4039 3372 4093 par-

1771 4103 1962 4171 ticipes
1981 4118 2048 4158 ex
2075 4103 2304 4157 rationis
2332 4104 2552 4172 ignaris,
2575 4107 2772 4175 quibus
2791 4111 3034 4177 quotidie
3056 4128 3084 4165 a
3110 4114 3223 4170 Deo
3246 4132 3374 4184 pro-

1769 4193 1999 4251 ducente
2038 4195 2092 4250 in
2118 4195 2394 4265 prephetis
2433 4195 2697 4253 doctrina:
2736 4201 3198 4273 praedicationem,
3232 4215 3373 4265 tam-

1768 4304 1928 4362 quam
1965 4287 2019 4343 in
2063 4287 2337 4344 montibus
2369 4287 2596 4354 Renum,
2657 4290 2762 4347 cibi
2809 4293 3048 4352 caelestis
3096 4299 3372 4368 praebetur

1767 4381 2049 4437 alimonia.

1841 4474 1929 4530 15.
1962 4471 2048 4528 Ea:
2065 4472 2145 4527 his
2168 4472 2438 4542 superiora
2465 4473 2738 4547 allegorice
2753 4475 3088 4552 intelligenda
3107 4499 3216 4540 esse
3240 4503 3369 4543 conc

1767 4565 2036 4637 ﬁcitur.—
2064 4563 2137 4622 Ut
2156 4574 2336 4621 autem
2367 4563 2546 4620 omnia
2579 4565 2716 4634 haec,
2745 4583 2866 4638 qua}
2894 4570 3186 4642 allegorice
3213 4592 3366 4635 com-

46 4666 205 4722 laudi
242 4673 350 4732 est,
402 4663 700 4720 inﬁrmitati
757 4677 882 4718 eum
952 4669 1153 4715 nostra;
1209 4659 1294 4714 vel
1348 4636 1740 4730 corporalesD
1770 4636 2066 4715 memorata
2111 4667 2267 4726 sunt,
2300 4659 2354 4714 in
2383 4659 2682 4728 proiectura
2732 4660 2982 4719 humanm
3032 4667 3222 4726 salutis
3250 4673 3368 4742 geri

49 4760 128 4832 (ε)
162 4760 222 4814 in
253 4757 463 4814 fructus
505 4759 680 4824 cibos,
711 4757 798 4813 vel
829 4755 1092 4827 spiritalia
1121 4754 1176 4810 in
1205 4753 1487 4826 prophetis
1536 4754 1660 4811 vita:

47 4853 263 4924 pabula
292 4851 614 4920 praebuisse.

123 4949 222 5003 11.
284 4943 564 5000 Corvorum
605 4941 1039 5000 natum—Sed
1094 4941 1149 4998 id
1196 4941 1340 5014 quod
1392 4941 1656 5014 sequitur,

42 5039 338 5118 quomodo
368 5039 592 5112 intelligi
615 5038 916 5110 oportebit,
948 5036 1016 5092 Et
1038 5038 1197 5110 pullis
1224 5053 1490 5092 corvorum
1513 5037 1660 5092 invo-

42 5134 302 5193 cantibus
327 5134 490 5190 eum?
518 5133 684 5189 Deum
716 5131 970 5188 invocare
1000 5130 1277 5202 proprium
1313 5127 1553 5199 hominis
1578 5128 1662 5185 oi-

41 5305 51 5328 ’
126 5299 215 5368 (α)
247 5297 308 5353 In
336 5313 438 5353 ms.
464 5305 576 5366 post
603 5311 776 5368 quam.

128 5300 189 5362 la
247 5300 308 5353 In
336 5313 438 5353 ms.
464 5305 576 5366 post
603 5311 776 5368 quam.

128 5300 216 5447 (bi
252 5369 600 5447 Abe§t_e_liam
629 5381 771 5447 nunc
797 5363 864 5447 ab
888 5363 1104 5420 hebrmo
1133 5369 1280 5418 textu
1301 5402 1314 5428 ,
1345 5374 1450 5416 non
1476 5366 1658 5414 autem

43 5459 76 5500 a
101 5437 346 5519 vitlgatis
545 5437 965 5519 exemplaribus.

159 5510 234 5579 c’)_
251 5511 407 5579 Apud
436 5511 558 5574 Par,
594 5527 699 5565 non
728 5510 780 5563 in
807 5510 945 5565 aliis.

154 5574 222 5654 et)
250 5574 406 5648 Bad.,
429 5583 520 5638 Er.
553 5591 606 5637 et
633 5582 778 5650 Lips.
807 5582 851 5634 si
881 5595 1022 5655 ergo,
1039 5587 1168 5645 etc.,
1193 5574 1470 5655 mendose.
1558 5650 1568 5655 Δ
1605 5643 1618 5655 ο

156 5647 216 5726 ε)
264 5647 486 5726 limina.
537 5647 1190 5726 revocamusin'fructus,
1219 5647 1361 5726 quod
1389 5647 1576 5700 deerat
1594 5647 1659 5726 in

40 5716 318 5802 vulgatis.
350 5725 630 5802 Mallesz
657 5725 915 5802 tamenin
938 5716 1188 5802 fructibus
1208 5716 1337 5802 ,‘vel
1365 5716 1661 5802 corporttles

35 5787 274 5886 [ηιεεαε
294 5797 351 5880 in
377 5796 534 5886 ci?“-
563 5796 650 5886 ξίε
678 5787 1658 5886 ευρεξξξιᾶζίῖιίίὲτέξ,,ριεηξιέτέηῗένέεν

27 5866 91 5930 id
122 5879 219 5927 est
248 5910 263 5938 ,
293 5869 347 5925 in
375 5867 624 5924 alimenta
670 5866 967 5935 corporalia
997 5866 1220 5934 praestiti
1263 5867 1656 5919 memorantur.

588 5962 861 6022 PATROL.
893 5958 1008 6020 IX.

1771 4753 2238 4823 intelligerentur;
2288 4752 2477 4821 psalmi
2533 4753 2884 4811 conclusione
2939 4757 3245 4817 con‘lirmat.
3287 4765 3369 4820 Ita

1765 4843 1910 4902 enim
1934 4846 2028 4911 ait,
2054 4844 2218 4900 Vens.
2257 4843 2323 4899 10
2345 4850 2400 4898 et
2430 4844 2490 4898 11
2526 4860 2538 4897 :
2574 4842 2698 4898 Non
2740 4846 2794 4900 in
2830 4848 3018 4904 viribus
3038 4853 3154 4921 equi
3182 4855 3370 4911 volun-

1765 4945 1918 4992 tatem
1945 4934 2165 5002 habebit,
2194 4951 2287 4989 nec
2313 4938 2365 4989 in
2395 4936 2736 4990 tabernaculis
2761 4938 2857 4992 viri
2897 4941 3265 5011 beneplacitum
3291 4957 3366 5004 est

1765 5034 1829 5087 ei.
1858 5029 2247 5101 Beneplacitum
2297 5037 2368 5082 est
2417 5024 2646 5083 Domino
2683 5047 2840 5099 super
2883 5034 3117 5090 timentes
3145 5051 3283 5105 eum,
3315 5048 3365 5094 et
3456 5088 3458 5090 ,

1767 5123 1846 5199 (lt)
1876 5124 1929 5178 in
1957 5137 2130 5178 omnes
2152 5122 2240 5192 qui
2259 5129 2466 5191 sperant
2485 5137 2642 5193 super
2662 5124 3014 5180 misericordia
3038 5129 3170 5200 ejus.
3217 5127 3365 5188 Con-

1867 5282 1911 5354 f)
1947 5279 2256 5354 Adjecimus
2292 5276 2555 5354 improba,
2580 5281 2910 5354 auctoritate
2953 5298 3055 5354 ms.

1867 5282 1911 5354 Ῑ)
1947 5282 2256 5350 Adjecimus
2292 5282 2555 5348 improba,
2589 5282 2910 5338 auctoritate
2953 5298 3055 5337 ms.

1838 5282 1919 5429 ig)
1955 5350 2109 5429 Apud
2164 5349 2284 5429 Par.
2327 5349 2737 5429 desiderabatur
2781 5361 2923 5429 ante.
2975 5353 3161 5429 Hilarii
3207 5358 3368 5419 dictis

1771 5420 1944 5484 lucem
1974 5420 2132 5477 alfert
2160 5421 2509 5490 Augustinus.
2550 5420 2724 5494 (Vere,
2780 5425 2950 5494 inquit
2999 5427 3050 5478 in
3107 5431 3360 5489 eumdem

1769 5498 1903 5570 psal.
1936 5513 1991 5550 n.
2028 5494 2116 5570 18A.
2146 5508 2319 5570 omnes
2340 5503 2510 5565 gentes
2539 5493 2598 5570 in
2618 5493 2863 5561 peccato,
2883 5497 2935 5548 in
2966 5497 3280 5570 idololatria,
3304 5505 3360 5559 in

1765 5563 2516 5634 adorationelapidum'atque
2562 5565 2815 5634 lignorum
2866 5569 3164 5624 erant:scd
3210 5563 3359 5627 num-

1762 5643 1886 5714 quid
1911 5640 1983 5694 sic
2008 5635 2405 5714 remanserunt?
2433 5633 2558 5714 Etsi
2599 5633 2699 5714 non
2725 5635 2826 5714 ipsi
2858 5640 2994 5714 corvi
3039 5653 3208 5714 patr_es
3237 5661 3361 5699 nos-

1766 5706 1833 5768 iri
1854 5756 1868 5776 ,
1901 5722 2065 5766 tamen
2089 5706 2232 5780 pulli
2250 5722 2515 5760 corvorum
2543 5707 2641 5774 ipsi
2682 5722 2774 5780 nos
2804 5706 3098 5764 invocamus
3127 5710 3317 5769 Deam.

1841 5783 1921 5853 (h)
1951 5780 2037 5837 Sic
2063 5778 2163 5861 ms.
2195 5778 2442 5861 Qraecum
2469 5786 2648 5832 autem
2667 5818 2683 5845 ,
2711 5779 2888 5840 ἐντοῖς
2922 5787 3073 5837 πᾶσι.
3103 5783 3172 5839 At
3201 5784 3357 5861 editi,

1764 5866 1812 5913 et
1839 5851 2010 5912 omnes
2030 5892 2046 5921 ,
2079 5851 2196 5908 sine
2225 5851 2300 5905 in.
