3896 6336
59 408 159 467 8Ἰῖ

56 529 245 579 emtum
273 528 660 578 consummata:
697 520 1048 591 plenitudinis
1079 527 1490 599 congregandis.

128 612 177 667 5.
207 610 274 666 In
294 613 378 667 via
401 614 517 668 uiue
540 614 709 685 gravis
732 614 875 670 labor
898 660 913 684 ,
940 616 1031 671 sed
1055 620 1406 675 transitorius.
1429 647 1503 662 —-
1530 617 1634 677 Sed

60 715 111 763 et
135 704 436 775 praedicatio
459 706 562 762 alia
587 709 951 776 connectitur,
985 708 1154 767 Vens.
1188 711 1392 768 ili-18:
1426 712 1529 781 Qui
1551 713 1640 767 dat

60 798 212 851 nivem
238 798 367 851 sicut
412 798 585 853 unum
613 840 629 868 ,
685 799 921 856 nebulam
954 803 1087 857 sicut
1143 804 1366 860 cinerem
1421 806 1636 878 spargit.

60 889 216 945 Mittit
234 891 534 961 crystallum
586 909 732 948 suam
763 893 839 966 (a)
889 896 1024 950 sicut
1073 897 1358 966 buccellas,
1403 909 1520 955 ante
1558 899 1641 969 fa-

60 983 181 1037 ciem
222 983 430 1054 frigoris
475 986 590 1058 ejus
649 986 763 1057 quis
808 989 1121 1043 sustinebit?
1168 989 1378 1046 Emittet
1432 993 1641 1048 verbum

64 1088 225 1139 suum,
253 1083 303 1129 et
327 1076 621 1149 liquefaciet
640 1093 743 1144 ea;
770 1080 917 1149 ﬂabit
942 1081 1156 1151 spiritus
1216 1085 1329 1154 ejus
1352 1127 1367 1151 ,
1413 1094 1459 1140 et
1481 1087 1642 1157 ﬂuent

58 1182 215 1239 aqua.
250 1166 381 1222 Vitae
411 1167 516 1236 via,
546 1169 688 1225 sicut
718 1171 977 1229 Dominus
1007 1174 1058 1228 in
1088 1174 1395 1247 Evangeliis
1412 1176 1518 1244 ait,
1547 1193 1642 1232 an-

58 1270 203 1333 gusta
231 1271 286 1318 et
312 1264 558 1318 tribulata
604 1273 687 1320 est
735 1265 949 1336 (Matllt.
1004 1282 1099 1334 vn,
1144 1268 1271 1339 Ii);
1316 1285 1489 1341 neque
1539 1268 1642 1333 nisi

58 1369 151 1426 per
179 1355 437 1411 maximas
480 1353 828 1413 difficultates
853 1368 909 1414 et
956 1361 1232 1417 molestias
1262 1364 1361 1416 hac
1386 1362 1452 1417 ad
1480 1363 1643 1418 ewlo-
1710 1368 1719 1371 '

56 1464 169 1509 rum
200 1466 418 1524 regnum
452 1455 535 1507 vin
566 1454 822 1525 pergitur.
848 1455 1003 1524 Quod
1034 1456 1251 1528 quidem
1279 1457 1347 1513 de
1384 1458 1644 1514 molestiis

56 1543 210 1615 hujus
239 1544 424 1601 saeculi
447 1546 644 1602 dictum
676 1547 837 1602 fuisse
865 1544 1090 1620 intelligi
1116 1554 1361 1619 oportet;
1390 1564 1485 1619 per
1506 1564 1644 1620 prae-

56 1647 229 1693 sentes
250 1638 391 1693 enim
421 1639 737 1694 vexationes
783 1640 834 1694 in
869 1640 1108 1710 requiem
1137 1646 1395 1697 aeternam
1442 1641 1640 1698 aditur.

58 1728 124 1784 Et
147 1730 384 1801 quamvis
410 1743 590 1787 rerum
620 1731 967 1801 praesentium
1013 1732 1310 1800 laboribus,
1339 1734 1490 1804 quasi
1513 1750 1646 1805 quae

56 1823 174 1878 dam
202 1824 451 1880 violentia
498 1827 1088 1896 asperritnte,.hiemis,
1149 1842 1401 1894 uramur;
1459 1838 1643 1885 tamen

1123 404 1538 473 TRACTATUS
1567 411 1635 469 IN
1658 410 1923 476 CXLVIII
1960 420 2309 487 ΡεΑωιυΜ.

3238 440 3344 498 878

1664 530 1715 591 Α
1744 546 1898 602 quam
1930 532 2058 593 flatu
2082 539 2310 609 tepenti,
2331 548 2440 595 tum
2464 556 2583 598 cum
2607 551 2728 614 post
2754 545 2852 601 bos
2874 547 3149 605 saecularis
3171 554 3343 610 noctis

1743 627 1950 699 rigores
1973 674 1988 698 ,
2022 641 2263 705 tempora
2291 633 2381 690 illa
2406 642 2556 709 regni
2580 643 2767 697 teterni
2794 642 2844 697 in
2873 659 3034 699 unam
3062 654 3225 717 atque
3254 647 3341 703 in-

1743 719 2124 783 demutabilem
2148 730 2587 800 tranquillitatem
2617 733 2710 790 Dei
2741 736 2965 806 spiritus
2995 741 3336 810 temperabit.

1817 814 1871 872 7.
1903 817 2006 883 Qui
2032 836 2177 877 verus
2204 821 2405 878 Iacob:
2435 825 2546 896 ejus
2577 829 2946 902 praerogatiua.
2976 860 3050 872 —-
3074 832 3249 903 Atque
3276 839 3337 888 ut

1744 908 1846 963 sub
1874 910 2012 966 nivis
2049 921 2106 969 et
2132 914 2346 972 nebulae
2386 926 2437 973 ct
2454 920 2694 988 crystalli
2744 919 2978 992 frigore,
3012 922 3337 981 intolerabili

1743 998 1792 1055 si
1820 1011 2096 1073 maneret,
2145 1006 2237 1062 Dei
2269 1017 2446 1064 tamen
2478 1009 2670 1080 spiritu
2718 1013 2770 1066 in
2825 1013 3117 1086 deliquium
3165 1019 3340 1074 resol-

1744 1092 1921 1147 vendo
1945 1136 1960 1161 ,
1990 1095 2324 1167 signiﬁcasse
2354 1100 2497 1155 illam
2512 1103 2706 1159 aeterni
2732 1105 2879 1176 regni
2908 1114 3115 1164 :eterno
3140 1110 3340 1180 populo

1747 1186 1957 1242 beatam
1986 1189 2300 1259 temperiem
2348 1207 2727 1262 noseeremus;
2777 1196 3037 1265 psalmum
3072 1199 3338 1270 Propheta

1745 1280 1836 1334 tali
1854 1281 2195 1338 Confessioue
2217 1286 2499 1341 conclusit:
2525 1288 2651 1343 Ante
2669 1287 2853 1359 faciem
2872 1292 3080 1361 frigoris
3102 1295 3212 1366 ejus
3227 1296 3339 1365 quis

1745 1374 2007 1429 sustinebit
2030 1376 2055 1429 .9
2079 1375 2286 1432 Emittet
2305 1380 2507 1433 verbum
2529 1397 2700 1450 suum,
2722 1392 2767 1436 et
2795 1383 3082 1454 liquefaciet
3109 1401 3202 1451 ea;
3240 1388 3341 1459 ﬂa-

1746 1466 1817 1520 bit
1840 1467 2051 1537 spiritus
2082 1472 2194 1543 ejus
2215 1512 2229 1536 ,
2252 1479 2298 1525 et
2326 1471 2485 1541 ﬂuent
2527 1489 2691 1541 aqute.
2733 1473 2896 1531 Vens.
2932 1476 2996 1532 i9
3026 1485 3080 1532 et
3102 1478 3191 1533 9.0.
3242 1479 3341 1545 Qui

1745 1558 2016 1613 annuntiat
2046 1563 2251 1616 verbum
2281 1578 2434 1616 suum
2463 1561 2627 1618 Iacob
2649 1608 2661 1632 ,
2685 1566 2920 1639 jnstitias
2947 1577 2993 1622 et
3023 1569 3217 1637 iudicia
3247 1586 3342 1625 sua

1748 1648 1937 1708 Israel.
1993 1652 2115 1709 Non
2143 1654 2263 1723 fecit
2290 1656 2458 1713 taliter
2486 1659 2626 1713 omni
2674 1663 2872 1716 nationi
2895 1707 2908 1728 ,
2939 1674 2987 1718 et
3006 1664 3212 1738 judicia
3236 1681 3333 1720 sua

1747 1756 1848 1798 non
1870 1746 2217 1817 manifestarit
2250 1749 2338 1805 eis.
2367 1749 2656 1807 Peculiaris
2680 1752 2796 1807 haec
2824 1752 2878 1810 in
2906 1754 3072 1811 Jacob
3093 1766 3148 1813 et
3178 1756 3343 1814 Israel

1752 1833 1851 1891 Dei
1878 1836 2127 1893 voluntas
2165 1848 2281 1896 est:
2317 1857 2422 1896 non
2455 1841 2510 1897 in
2549 1858 2671 1898 eum
2707 1844 2868 1900 Israel
2901 1863 3073 1918 neque
3112 1847 3167 1905 in
3218 1864 3342 1905 eum

55 1927 171 1988 post
219 1917 405 1974 barum
436 1921 786 1990 praesentium
838 1920 1192 1976 acerbitatum
1244 1921 1482 1993 rigores,
1532 1922 1645 1977 Deo
1675 1929 1723 1992 Β
1750 1926 1917 1985 Jaeob
1940 1972 1954 1995 ,
1982 1934 2072 2003 qui
2121 1932 2222 1989 hoc
2253 1935 2498 2005 corporis
2537 1951 2732 1993 nomen
2785 1939 2851 1995 ad
2900 1941 3149 1997 solatium
3179 1944 3344 2001 veluti

56 2011 492 2077 eosresolvente,
537 2014 588 2068 in
640 2013 865 2085 placidis
891 2023 946 2069 et
992 2013 1294 2085 tranquillis
1344 2027 1399 2070 et
1441 2017 1650 2072 serenis

54 2103 411 2173 quiescentes.
463 2106 768 2163 Secundum
813 2109 957 2163 enim
1028 2108 1229 2164 dictum
1271 2109 1646 2180 propheticum

55 2194 131 2268 (b)
179 2206 232 2251 et
272 2196 661 2268 allegorumeni
693 2198 1163 2268 consuetudinem,
1196 2215 1338 2256 nunc
1366 2202 1419 2256 in
1445 2205 1567 2257 nive
1596 2212 1651 2258 et

56 2288 241 2345 nebula
283 2299 340 2345 et
383 2293 657 2363 crystallo,
686 2308 807 2365 quae
839 2294 1017 2349 omnia
1048 2310 1144 2366 per
1200 2307 1443 2351 naturam
1495 2310 1648 2353 suam

62 2390 224 2436 urunt
249 2390 414 2454 atque
436 2384 777 2451 mortificaut,
814 2387 1148 2441 srecularinm
1175 2384 1229 2442 in
1249 2403 1349 2442 nos
1378 2388 1651 2444 molestia-

59 2486 171 2529 rum
196 2484 250 2529 et
279 2475 647 2533 calamitatum
676 2487 731 2535 et
754 2478 1002 2534 dolorum
1036 2489 1361 2534 nocturnum
1384 2477 1553 2550 frigus
1580 2481 1655 2535 si-

60 2568 366 2639 gniﬁcatum
396 2586 518 2626 esse
558 2572 887 2628 credendum
915 2581 1019 2631 est.
1067 2572 1179 2630 Scit
1222 2572 1308 2628 hic
1351 2572 1491 2629 idem
1522 2588 1649 2646 pro-

57 2658 211 2731 pheta
238 2659 408 2734 65.2
433 2661 604 2718 beatm
643 2663 801 2732 hujus
826 2664 1056 2719 civitatis
1092 2662 1406 2735 participem
1449 2680 1653 2736 nequa-

58 2771 214 2826 quam
238 2756 350 2829 jam
385 2757 585 2828 frigore
616 2757 719 2813 isto
767 2756 978 2829 injuria:
1020 2757 1293 2813 saecularis
1343 2757 1603 2813 urendum
1635 2800 1651 2827 ,

60 2849 274 2907 dicens:
305 2850 411 2906 Per
448 2851 583 2907 diem
629 2853 708 2907 sol
734 2868 836 2907 non
878 2864 989 2908 uret
1039 2864 1125 2915 te,
1186 2869 1345 2923 neque
1392 2853 1516 2908 luna
1567 2869 1657 2925 per

58 2954 252 2999 noctem
280 2944 403 3017 (Ps.
425 2960 531 3001 cxx
556 2988 569 3011 ,
599 2944 681 3017 6).
716 2946 841 3001 llzec
880 2947 1026 3002 enim
1052 2945 1264 3012 omnia,
1315 2946 1510 3018 quibus
1561 2961 1658 3018 per

55 3050 356 3109 praesentes
381 3038 717 3096 calamitates
745 3039 1024 3096 adnrimur
1044 3082 1060 3108 ,
1109 3056 1325 3096 rursum
1363 3040 1460 3098 Dei
1501 3040 1659 3096 boni-

62 3136 171 3187 tate
202 3131 278 3207 (c)
305 3134 542 3188 resoluta
574 3133 868 3204 liquuntur.
902 3133 1000 3190 Nix
1043 3149 1276 3205 namque
1317 3136 1455 3190 laute
1484 3134 1660 3189 molli-

67 3223 251 3280 tudine
292 3224 572 3290 defluens,
625 3236 813 3297 tegens
869 3228 1045 3281 omnia
1102 3227 1240 3280 intra
1299 3240 1359 3281 se
1413 3225 1656 3280 detinet:

1750 2036 2030 2093 generosa:
2050 2024 2104 2082 in
2126 2042 2186 2083 se
2207 2026 2392 2100 stirpis
2414 2031 2785 2101 amplecﬁtur;
2807 2033 2901 2090 sed
2932 2032 2986 2089 in
3011 2053 3133 2092 cum
3154 2037 3343 2106 Iacob,

1751 2115 1846 2187 qui
1875 2117 2239 2190 supplantavit
2271 2123 2506 2192 priorem
2529 2167 2543 2190 ,
2577 2128 2667 2197 qui
2692 2129 3044 2201 primogenita
3068 2146 3164 2204 spe
3192 2142 3351 2191 aster.

1752 2207 1934 2264 uitatis
1963 2210 2129 2281 emit,
2171 2213 2260 2272 cui
2304 2214 2466 2272 Israel
2495 2218 2563 2273 de
2610 2219 2719 2275 Deo
2766 2221 2997 2277 sitiendo
3040 2236 3349 2295 cognomen

1751 2312 1833 2357 est
1852 2345 1865 2368 ,
1894 2306 1983 2374 qui
2014 2306 2128 2374 ipse
2156 2304 2455 2363 Jerusalem
2482 2318 2537 2365 et
2564 2312 2711 2381 pacis
2742 2323 2823 2368 est
2851 2314 3073 2383 civitas,
3098 2318 3190 2388 qui
3222 2318 3350 2375 mdi-

1754 2395 1945 2451 ficatus
1970 2410 2131 2468 supra
2154 2406 2358 2468 petram
2390 2398 2547 2468 fidei,
2579 2403 2910 2460 confirmatis
2956 2416 3231 2476 portarum
3259 2424 3350 2466 se—
3394 2438 3401 2441 τ

1752 2486 1830 2544 ris
1851 2529 1865 2555 ,
1914 2488 2167 2546 fortiores
2197 2500 2473 2564 portarum
2506 2504 2690 2563 portas
2734 2494 2894 2552 inferi
2924 2495 3224 2568 obtinebit,
3257 2501 3352 2572 qui

1755 2580 1808 2635 in
1832 2581 1996 2638 verbo
2028 2581 2119 2639 Dei
2150 2593 2534 2655 congregatur,
2568 2588 2655 2657 qui
2709 2597 2815 2641 non
2846 2586 3030 2659 inopia
3057 2597 3209 2661 eget,
3241 2606 3353 2648 non

1755 2674 2032 2731 Saecularis
2090 2676 2284 2746 rigoris
2334 2677 2533 2748 frigore
2579 2678 2868 2735 adoretur:
2912 2680 3008 2736 sed
3053 2681 3355 2752 liquefactis

1756 2769 2044 2839 omnibus,
2074 2768 2237 2843 65.3
2266 2781 2320 2826 et
2348 2771 2440 2826 Dei
2490 2771 2679 2842 spiritu
2709 2771 2968 2829 absolutis
2989 2813 3004 2839 ,
3043 2770 3119 2846 (ε)
3141 2782 3353 2844 tempe-

1757 2859 1839 2917 rie
1869 2870 2087 2917 retentae
2115 2863 2422 2919 serenitatis
2446 2872 2648 2918 utetur.
2680 2863 2813 2918 lluic
2839 2867 3219 2933 pronuntiatur
3246 2866 3353 2923 hoc

1760 2938 2134 3021 verbum,hic
2182 2970 2277 3026 per
2313 2956 2612 3027 spiritalem
2660 2956 3068 3028 intelligentiam
3119 2954 3216 3013 bas
3260 2961 3357 3016 Dei

1759 3046 1999 3119 justiﬁes
2052 3057 2108 3105 et
2153 3048 2353 3119 judicia
2396 3060 2695 3121 exspectat.
2743 3049 2981 3109 Consors
3026 3054 3152 3110 boni
3200 3056 3358 3126 huius

1746 3134 1908 3196 nulla
1935 3155 2067 3210 gens
2096 3138 2196 3196 alia
2223 3149 2337 3206 est,
2372 3156 2544 3211 neque
2589 3142 2728 3199 hanc
2748 3144 2933 3213 judicit
2967 3145 3192 3216 gloriam
3224 3147 3351 3202 infi-

1765 3231 1958 3288 delitas
1989 3228 2290 3301 irreligiosa
2312 3234 2609 3304 cognoscit.
2645 3232 2711 3289 In
2741 3248 2837 3289 sua
2855 3237 2990 3290 enim
3017 3240 3173 3303 venit,
3206 3248 3253 3293 et
3275 3241 3358 3294 sui

61 3320 253 3389 pruina
274 3334 491 3392 quoque
519 3318 598 3393 (ά)
629 3320 838 3375 nebulze
867 3320 1246 3376 descendentis
1274 3321 1473 3376 cineris
1497 3319 1659 3375 modo
1682 3314 1730 3378 C
1764 3332 1878 3371 eum
1900 3332 2001 3370 non
2028 3326 2346 3387 receperunt.
2375 3317 2634 3389 Quotquot
2663 3332 2837 3375 autem
2865 3332 3185 3392 receperunt,
3216 3324 3359 3379 dedit

68 3424 254 3481 sparsa
283 3412 640 3483 constringit:
690 3412 1001 3485 crystallum
1055 3411 1217 3468 etiam
1260 3413 1397 3467 ultra
1425 3428 1660 3467 consue-

59 3505 307 3562 tudinem
352 3505 630 3577 grandinis
659 3505 911 3562 duratum
930 3547 944 3569 ,
974 3505 1101 3561 etin
1132 3505 1301 3560 frusta
1332 3504 1623 3562 solidatum
1642 3548 1656 3573 ,

64 3597 227 3672 habet
257 3601 314 3655 in
345 3614 405 3655 se
426 3610 481 3656 et
512 3601 768 3672 impetum
797 3610 851 3656 et
878 3601 1135 3672 rigorem.
1167 3599 1235 3655 Et
1256 3599 1301 3656 si
1333 3600 1449 3657 hinc
1480 3616 1666 3671 perpe-

65 3700 155 3746 tuo
182 3702 608 3762 permanerent,
638 3690 899 3763 numquid
922 3708 1028 3748 non
1056 3694 1305 3750 universa
1356 3693 1548 3750 horum
1573 3695 1666 3751 fri-

59 3797 187 3854 gore
204 3793 429 3855 perusta
450 3801 667 3858 semper
688 3786 927 3841 urerent?
952 3785 1083 3854 Quis
1105 3785 1248 3841 enim
1273 3786 1414 3843 ferre
1437 3789 1666 3846 internas

58 3879 311 3946 corporis
343 3879 679 3935 calamitates
708 3878 1184 3951 indeficicntesquc
1235 3890 1417 3951 posset
1443 3925 1459 3950 ,
1487 3882 1534 3940 si
1576 3898 1667 3941 se-

56 3968 169 4026 ries
200 3971 339 4026 mali
368 3972 542 4027 nostri
566 3970 894 4042 sempiterna
924 3973 1271 4027 traheretur?

126 4062 187 4119 ϐ.
221 4063 475 4119 Felicitas
502 4072 710 4120 (eterna.
762 4092 836 4107 —-
875 4064 980 4120 Sed
1025 4064 1302 4119 dissolutis
1349 4065 1674 4122 infirmitati-

52 4156 161 4211 bus
192 4156 475 4227 corporis,
507 4159 656 4229 regni
678 4157 821 4213 beati
846 4157 1003 4226 hujus
1032 4165 1244 4226 tempus
1281 4166 1543 4212 aeternum
1566 4165 1672 4225 est,

57 4246 155 4302 ubi
180 4260 296 4302 non
318 4246 581 4314 ﬂendum,
608 4262 716 4304 non
746 4248 1058 4315 dolendum,
1078 4261 1185 4303 non
1216 4263 1497 4329 corporeae
1527 4249 1673 4319 cupi-

54 4339 253 4397 ditatis
277 4339 651 4396 demutatione
677 4340 966 4396 labendum
1011 4346 1125 4396 est:
1158 4339 1253 4395 sed
1286 4341 1339 4395 in
1381 4340 1465 4396 bis
1485 4340 1672 4397 viven-

68 4433 200 4488 dum
222 4473 239 4501 ,
275 4446 399 4503 qua:
419 4473 435 4499 ,
469 4433 638 4504 inquit
655 4472 668 4499 ,
690 4433 870 4487 oculus
895 4449 997 4486 non
1013 4432 1139 4485 vidit
1157 4472 1170 4498 ,
1203 4440 1253 4486 et
1283 4433 1423 4487 auris
1455 4438 1560 4488 non
1585 4446 1677 4488 an-

60 4525 214 4593 divit,
271 4534 327 4580 et
355 4524 411 4578 in
469 4541 555 4579 cor
591 4525 811 4579 hominis
846 4540 959 4579 non
1011 4523 1238 4578 ascendit
1268 4524 1309 4595 (Ι
1338 4523 1462 4580 Cor.
1506 4540 1561 4592 tt,
1595 4522 1675 4599 8).

140 4618 344 4674 Cessat
380 4616 430 4672 in
458 4618 614 4673 bonis
637 4616 829 4673 futuris
852 4616 1224 4688 intelligentiae
1244 4617 1460 4673 auditus
1481 4629 1537 4674 et
1584 4633 1644 4674 as

1765 3409 1837 3465 eis
1856 3418 2153 3481 potestatem
2179 3409 2315 3481 ﬁlios
2344 3407 2439 3464 Dei
2484 3412 2596 3479 ﬁeri
2624 3410 2807 3485 (toan.
2836 3428 2878 3480 ι,
2926 3413 2988 3469 il
3022 3425 3069 3469 et
3110 3416 3202 3486 l2)
3252 3416 3356 3471 Do-

1764 3500 1945 3558 minus
1978 3510 2166 3559 noster
2207 3501 2364 3559 Jesus
2393 3501 2673 3573 Christus,
2708 3502 2799 3576 qui
2848 3515 2933 3563 est
2967 3505 3281 3565 benedictus
3302 3507 3359 3565 in

1762 3595 1963 3651 saecula
1996 3596 2342 3652 steculorum.
2383 3598 2577 3654 Amen.

2251 3731 2569 3794 PSALMUS
2597 3732 2872 3792 CXLVIII.

2459 3847 2705 3905 Alleluia.

1843 3961 2078 4019 Laudate
2099 3957 2381 4017 Dominum
2409 3963 2474 4017 de
2494 3962 2638 4017 caelis
2654 4003 2669 4027 ,
2688 3962 2894 4018 laudate
2909 3978 3028 4018 eutn
3052 3964 3107 4017 in
3127 3964 3367 4020 excelsis.

1773 4056 2010 4112 Laudato
2033 4070 2148 4111 sum
2186 4071 2360 4113 omnes
2387 4056 2557 4126 angeli
2598 4058 2748 4124 ejus:
2777 4056 2982 4111 laudate
3026 4072 3141 4110 eum
3184 4072 3362 4113 omnes

1770 4151 1981 4205 virtutes
2005 4152 2142 4224 ejus.
2195 4148 2428 4203 Laudato
2455 4163 2574 4202 eum
2626 4149 2707 4203 sol
2731 4158 2778 4201 et
2831 4148 2955 4202 luna
2972 4162 2994 4204 :
3022 4148 3233 4203 laudate
3250 4166 3373 4204 eum

1772 4234 1951 4299 omnes
2020 4243 2185 4298 stella
2230 4248 2281 4297 et
2339 4242 2549 4307 lumen;
2606 4240 2820 4296 laudate
2865 4255 2982 4296 eum
3050 4242 3167 4296 cali
3217 4241 3374 4299 caelo-

1772 4350 1911 4402 rum,
1941 4345 2159 4405 etaque
2202 4348 2320 4406 qute
2370 4349 2528 4404 super
2572 4336 2723 4390 catos
2766 4341 2910 4399 sunt,
2937 4333 3144 4388 laudent
3185 4334 3372 4405 (Infra,

1774 4442 1911 4499 aqua
1951 4443 2066 4499 qua
2090 4442 2248 4497 super
2268 4429 2421 4483 emtas
2446 4437 2520 4482 est
2552 4424 2751 4498 laudet)
2778 4442 2961 4481 nomen
2982 4426 3211 4482 Domini.
3240 4429 3377 4499 Quia

1774 4522 1889 4591 ipse
1910 4521 2062 4588 dixit,
2093 4532 2139 4576 et
2169 4526 2307 4593 facta
2336 4528 2488 4586 sunt;
2514 4520 2626 4591 ipse
2645 4518 2927 4583 mandavit,
2963 4528 3009 4575 et
3036 4530 3209 4576 creata
3232 4533 3373 4577 sunt.

1783 4617 1977 4673 Statuit
2004 4631 2065 4672 ea
2086 4616 2139 4670 in
2166 4626 2411 4671 tuter-num
2442 4614 2631 4686 (Infra,
2662 4623 2706 4667 et
2734 4614 2915 4667 statuit
2939 4629 3001 4667 ea
3027 4614 3082 4668 in
3110 4616 3378 4685 sarculum)

66 4720 271 4782 pectus
303 4728 318 4766 :
348 4725 446 4766 nec
474 4712 787 4781 conspectui
834 4709 1148 4779 subjicitur,
1195 4724 1294 4766 nec
1322 4708 1507 4765 auditu
1533 4708 1680 4784 eapi-
1705 4700 1762 4765 D
1787 4719 1834 4767 et
1860 4714 1915 4767 in
1937 4712 2181 4766 sarculum
2209 4709 2421 4764 seculi:
2454 4714 2761 4780 praceptum
2791 4706 2996 4775 posuit,
3025 4715 3075 4760 et
3115 4723 3217 4760 non
3245 4722 3382 4773 pne-

70 4812 195 4867 tur,
232 4816 342 4860 nec
373 4813 552 4860 mente
583 4801 908 4875 percipitur,
954 4803 1213 4874 quidquid
1246 4804 1372 4859 illud
1405 4802 1582 4860 Beatis
1611 4820 1681 4862 te-

64 4895 265 4950 ternis'
299 4895 517 4951 beatum
570 4904 942 4966 aeternumque
996 4895 1347 4966 promittitur.
1394 4896 1683 4954 Solventur

62 4988 239 5060 igitur
270 4987 390 5044 haec
412 4987 593 5045 omnia
614 4990 768 5057 nivis,
799 4988 1028 5060 pruinae,
1050 4988 1289 5061 crystalli
1306 4988 1522 5061 frigora,
1549 4998 1684 5048 tam-

63 5157 202 5217 pnta
228 5189 244 5213 ,
279 5150 608 5218 prophetica:
647 5160 701 5206 et
726 5150 1039 5219 apostolica;
1067 5150 1329 5207 doctrinm
1375 5168 1682 5210 sermonem

61 5224 507 5294 praecucurrisse
537 5222 601 5294 ad
645 5223 1059 5294 congregandos
1086 5238 1182 5278 eos
1210 5224 1299 5293 qui
1330 5225 1565 5280 caelestis
1594 5226 1688 5282 Je-

66 5291 327 5346 rusalem
360 5291 774 5367 aedificationem
801 5291 887 5349 hic
929 5291 1285 5367 inchoarent,
1334 5296 1531 5367 quique
1564 5313 1686 5349 rur-

64 5374 199 5416 sum
233 5363 603 5433 congregandi
622 5373 822 5424 essent
852 5376 910 5420 ut
948 5365 1195 5420 eamdem
1225 5363 1685 5422 consummarent.

62 5433 239 5506 Nulla
287 5442 467 5488 autem
496 5438 779 5506 supererit
825 5437 1159 5504 obswritas,
1191 5436 1236 5490 si
1283 5449 1402 5506 post
1443 5453 1687 5504 rursum,

62 5503 375 5575 adjiciatur
397 5504 605 5560 iisdem.

153 5574 244 5648 (a)
272 5574 376 5631 bis.
407 5577 556 5650 sicut
584 5581 749 5646 {metu
778 5580 956 5650 panis,
983 5580 1359 5636 censentiente
1387 5578 1691 5650 Augustino

66 5647 206 5703 cum
243 5647 523 5703 veteribus
568 5650 832 5715 psaltertis
870 5649 1126 5706 German.
1149 5694 1163 5713 ,
1193 5650 1414 5706 Carnut.
1438 5691 1453 5713 ,
1480 5647 1689 5703 Medio-

841 5734 1059 5791 quoque
1092 5723 1304 5778 ‘favere
1337 5720 1692 5789 eupnsitionis

69 5791 259 5846 verba
283 5828 302 5855 ,
336 5790 388 5842 in
421 5788 912 5864 frusta‘solidatum.
945 5788 1053 5864 Sed
1082 5795 1126 5850 si
1150 5796 1350 5864 frusta,
1384 5788 1488 5848 non
1515 5801 1697 5847 tamen

70 5719 238 5784 iam,
316 5716 475 5772 Rom.
532 5718 795 5771 Videntur

72 5872 228 5933 post
262 5873 457 5933 uocem
486 5861 636 5929 panis
666 5861 928 5933 permittit
947 5861 1450 5932 eadem'expositio.

156 5930 241 6019 (ὁ)
260 5929 433 5997 Editi,
446 5937 675 5999 excepto
690 5929 838 5999 Par.,
863 5942 909 5987 et
921 5929 1700 6006 allegoricamconsuetudinem.

1789 4805 1976 4860 teribit.
2008 4801 2242 4858 Laudate
2269 4800 2548 4855 Dominum
2590 4800 2654 4854 de
2682 4808 2821 4854 terra
2842 4799 3092 4853 dracones
3131 4808 3177 4854 et
3206 4814 3381 4854 omnes

1789 4897 1982 4969 abyssi.
2012 4894 2190 4966 Ignis,
2218 4894 2417 4966 grando
2436 4933 2452 4958 ,
2482 4893 2573 4946 nia:
2594 4932 2609 4959 ,
2640 4892 2831 4962 glacies
2858 4933 2872 4959 ,
2898 4890 3108 4963 spiritus
3133 4890 3385 4959 procellu-

1788 5007 1940 5062 rum,
1970 4990 2057 5061 qui
2086 4987 2285 5063 faciunt
2313 4984 2522 5043 verbum
2548 4986 2659 5057 ejus
2688 4985 2856 5059 (Infra
2878 5027 2893 5055 ,
2922 4985 3251 5057 crystallum,
3279 4983 3385 5056 spi~

1865 5158 1939 5231 (ο)
1964 5155 2124 5223 Bad.,
2152 5153 2248 5210 Er.
2279 5164 2334 5210 et
2363 5152 2513 5223 Lips.
2543 5153 2758 5209 resoluti
2784 5154 3051 5224 liquimur.

1867 5250 1947 5325 (d)
1975 5250 2077 5308 Ubi
2109 5250 2161 5304 in
2205 5248 2428 5325 Vulgata
2460 5262 2630 5325 nunc“
2655 5247 2936 5315 prtefertur
2956 5286 2972 5310 ,
3000 5244 3392 5325 uebulam__s_icut

1798 5315 2022 5378 cinerem
2042 5321 2267 5393 spargit,
2292 5321 2380 5393 qui
2401 5321 2540 5393 apud
2570 5319 2952 5393 Hieronymum
2981 5318 3225 5393 psalmos
3243 5315 3392 5370 illus-

1802 5394 1995 5456 travit,
2030 5388 2213 5447 mouet
2245 5388 2322 5446 es
2358 5389 2576 5446 bebrmo
2625 5389 2907 5459 legendum
2956 5402 3075 5442 esse
3107 5388 3347 5459 pruinam
3374 5427 3390 5453 ,

1801 5480 1907 5520 non
1930 5464 2186 5518 nebulam.
2213 5462 2569 5534 Hieronymus
2592 5458 2706 5534 ipse
2735 5460 2892 5534 vertit
2916 5460 3150 5529 pruinas.
3183 5458 3397 5534 Lectio-

1795 5551 1920 5592 nem
1936 5544 2217 5603 utramque
2235 5528 2465 5587 Hilarius
2493 5541 2545 5585 et
2571 5532 2768 5586 vidisse
2795 5528 3008 5603 videtur
3031 5537 3090 5585 et
3113 5528 3394 5603 probasse,

1799 5623 1957 5678 quam
1989 5606 2076 5660 hic
2118 5599 2169 5659 in
2215 5619 2378 5678 unum
2408 5604 2712 5678 componit,
2769 5600 3041 5671 quomodo
3087 5599 3398 5678 θυεερ-νεανία

1802 5670 1922 5735 mus
1987 5678 2145 5747 hujus
2201 5676 2331 5730 cdit.
2383 5675 2486 5747 col.
2537 5670 2686 5736 ⁷591,
2720 5670 2854 5747 not.
2893 5688 2936 5747 _a
2965 5711 2981 5737 ,
3022 5687 3172 5747 cum
3221 5670 3402 5747 legere

1804 5759 2034 5807 mortem
2055 5739 2381 5814 'absorptam
2430 5745 2485 5798 in
2511 5744 2829 5798 contentione
2858 5743 3101 5809 uictoria,
3127 5756 3249 5796 eum
3277 5739 3406 5798 alibi

1808 5831 2013 5877 tantum
2044 5821 2098 5875 in
2128 5820 2529 5882 contentionem,
2561 5814 2684 5870 alibi
2714 5815 2766 5867 in
2794 5814 3059 5868 uictoriam
3085 5816 3308 5885 legeret.
3390 5867 3404 5885 ε
3458 5854 3463 5858 .

1888 5931 1963 6002 te)
1993 5931 2130 5990 Male
2156 5926 2299 6002 apud
2326 5929 2454 5985 Par.
2479 5943 2546 5984 ex
2573 5924 2757 5997 Lipsio
2776 5962 2790 5990 ,
2820 5934 3068 5996 tempore.
