3896 6336
548 399 658 456 879
1734 388 1979 446 SANCTI
2011 386 2264 445 lllLARIl
2305 387 2614 446 EPISCOPI
3717 394 3795 452 880

551 516 686 568 ritus
713 511 948 586 proceler
971 525 1084 580 quae
1111 507 1305 581 faciunt
1337 505 1486 561 verba
1506 503 1878 578 ejus),'montes
1901 513 1947 558 et
1969 519 2143 558 omnes
2172 504 2216 563 A
2248 506 2417 577 angeli
2438 504 3155 578 prospicere(lPetr.t,12).
3182 504 3525 577 Exspectatio
3541 508 3699 578 itaque
3713 527 3794 567 (12-

553 608 731 673 colles,
768 606 903 675 ligna
941 603 1210 672 fructifera
1254 610 1299 655 et
1329 616 1500 655 omnes
1522 599 1680 662 cedri,
1712 599 1878 652 bestim
1904 606 1949 651 et
1972 597 2143 651 omnia
2251 597 2463 653 lestium
2493 608 2574 654 est
2617 599 2890 655 beatitudo
2937 610 3154 656 terrena
3181 600 3295 672 (seu
3323 643 3336 664 ,
3373 603 3730 673 terrestrium):
3754 618 3788 660 et

552 698 571 771 (
586 697 750 763 Infra,
779 694 1047 764 universa)
1080 710 1266 764 pecora
1288 735 1301 756 ,
1332 701 1587 762 serpentes
1610 700 1654 745 et
1684 690 1914 744 volucres
1951 705 2143 760 pcnna-
2247 694 2610 763 corruptionis
2637 703 2837 749 nostrte
2862 695 3164 750 demutatio
3186 695 3488 751 divinarum
3514 702 3794 755 creationem

543 801 645 854 tax.
675 807 815 862 reges
839 798 990 843 terra:
1019 797 1064 843 et
1115 804 1286 842 omnes
1315 787 1524 859 pepuli,
1575 785 1834 855 principes
1873 794 1918 838 et
1969 799 2141 836 omnes
2244 782 2556 840 demoratur
2607 786 2904 854 elementa,
2970 788 3288 858 prospicere
3335 789 3475 844 hanc
3519 791 3796 860 evangelii:

537 885 742 958 judices
773 893 921 937 terra:
942 923 958 950 ,
974 885 1188 955 juvenes
1233 892 1278 934 et
1306 882 1525 952 virgines
1547 922 1561 946 ,
1587 880 1808 934 seniores
1830 895 1943 932 cum
1963 878 2141 951 junio-
2243 877 2645 945 prtedicatiouis
2675 892 2824 948 Spem
2856 881 3300 949 concupiscentia
3350 879 3489 952 (scil.
3520 881 3794 952 elementa"),

543 977 687 1031 ribus
711 977 918 1031 laudent
967 993 1149 1031 nomen
1179 971 1424 1038 Domini;
1451 975 1573 1045 quia
1612 974 1891 1028 exaltatum
1923 982 1998 1027 est
2046 989 2140 1026 no-
2241 968 2464 1039 gloriam
2496 986 2647 1026 suam
2680 986 2743 1026 ex
2785 973 2970 1042 gloria:
3011 983 3214 1027 nostra:
3258 971 3681 1029 conformatione
3712 991 3795 1030 sus-

541 1085 659 1124 men
683 1071 791 1142 ejus
819 1069 1002 1124 solius.
1029 1067 1290 1138 Confessio
1330 1071 1442 1141 ejus
1468 1083 1622 1140 super
1647 1067 1827 1121 coelum
1857 1067 1905 1120 el
1929 1073 2136 1119 terram.
2241 1070 2494 1131 ceptura:
2554 1079 2658 1134 qua
2707 1065 2819 1132 jam
2887 1065 3182 1120 secundum
3248 1066 3581 1136 prapbetiam
3645 1069 3792 1136 pssimi

547 1160 845 1216 Exsultavit
873 1161 1060 1233 (Infra,
1092 1171 1139 1217 et
1159 1160 1422 1233 exultavit)
1441 1177 1600 1215 cornu
1627 1160 1806 1233 populi
1827 1160 1928 1214 sui.
1966 1158 2134 1230 Hym-
2243 1152 2439 1224 adepta
2463 1196 2478 1221 ,
2516 1153 2570 1209 in
2602 1170 2896 1212 consonam
2929 1157 3141 1213 laudem
3193 1170 3464 1229 percepta:
3491 1159 3790 1217 beatitudinis

539 1268 639 1310 rtus
677 1256 909 1310 omnibus
940 1257 1132 1312 sanctis
1178 1258 1288 1329 ejus
1315 1297 1329 1322 ,
1371 1254 1494 1326 filiis
1519 1252 1708 1322 Israel,
1739 1254 1927 1326 populo
1948 1269 2136 1324 appro-
2241 1245 2599 1305 advocamur.

537 1349 806 1420 pinquanti
825 1348 940 1408 sibi.
1002 1419 1015 1420 7
1142 1419 1151 1420 7
1206 1419 1209 1420 7
1487 1419 1492 1420 7
2313 1341 2367 1395 5.
2426 1341 2658 1398 Mundus
2702 1361 2804 1399 non
2833 1348 3106 1417 fortuitus,
3152 1363 3255 1402 non
3284 1347 3644 1404 οειιε,Λίιια
3664 1353 3794 1405 mm;

984 1417 1401 1477 TRACTATUS
1431 1419 1555 1476 PSA
1567 1417 1702 1474 LMI.

2237 1453 2355 1508 pars
2407 1439 2602 1492 honore
2647 1439 2818 1494 divino
2865 1441 3098 1496 colenda.
3131 1469 3205 1484 -η
3237 1441 3402 1498 Vens.
3460 1442 3569 1498 1-6.
3612 1441 3795 1500 tam

610 1537 662 1592 Ι.
691 1534 1013 1606 Superiores
1045 1545 1155 1591 tres
1199 1534 1422 1605 psalmi,
1471 1533 1667 1604 quibus
1710 1531 1990 1602 prophetia
2036 1546 2134 1586 nos
2245 1527 2524 1584 Dominum
2547 1530 2611 1584 de
2634 1532 2812 1597 cretis,
2841 1532 3048 1586 laudate
3075 1549 3191 1587 eum
3230 1533 3286 1586 in
3331 1535 3569 1589 excelsis.
3608 1534 3794 1591 Lauta:

541 1627 611 1684 ad
640 1629 848 1684 laudem
879 1627 1091 1683 Domini
1118 1627 1379 1690 advocat,
1410 1625 1582 1681 beata:
1611 1624 1756 1680 illius
1785 1626 1898 1696 spei
1932 1633 2132 1680 nostrae
2236 1638 2349 1676 eum
2371 1638 2542 1678 omnes
2591 1626 2762 1697 angeli
2781 1626 2893 1696 ejus
2925 1643 2944 1679 :
2994 1627 3208 1681 laudate
3256 1643 3372 1681 eum
3422 1645 3599 1682 omnes
3634 1631 3793 1685 virtues

528 1723 966 1779 distributionem
1021 1722 1139 1792 ipso
1192 1721 1607 1777 collocationum
1670 1735 1888 1776 suarum
1943 1720 2131 1775 ordine
2235 1720 2364 1790 ejus.
2389 1717 2618 1773 Laudate
2641 1736 2756 1773 eum
2778 1721 2859 1774 sol
2883 1731 2929 1773 et
2952 1722 3074 1774 luna
3100 1737 3116 1778 :
3144 1721 3352 1776 laudate
3372 1739 3492 1777 eum
3520 1739 3685 1777 omnes
3707 1727 3789 1776 slsi-

527 1825 656 1872 sunt
681 1817 873 1871 secuti.
906 1815 1118 1870 Primus
1150 1813 1293 1869 enim
1317 1829 1502 1868 eorum
1535 1815 1604 1868 ob
1632 1828 1782 1882 spem
1815 1811 2130 1868 mternitatis
2234 1808 2299 1863 ιω
2321 1819 2367 1862 et
2389 1809 2579 1863 lumen.
2617 1809 2848 1865 Laudate
2875 1828 2990 1865 eum
3032 1812 3145 1866 creti
3186 1813 3547 1868 ccloruusnt
3567 1833 3789 1885 aquaque

521 1917 582 1966 et
601 1909 838 1965 cmlestis
884 1910 1034 1979 regni
1071 1906 1534 1976 exspectationem
1569 1914 1816 1961 cantatus
1874 1913 1980 1960 est.
2032 1905 2129 1960 Se-
2159 1903 2205 1964 Β
2233 1917 2388 1970 δίιμεν
2413 1902 2566 1956 cados
2592 1913 2698 1968 est.
2733 1902 2904 1957 laudet
2923 1921 3107 1958 nomen
3139 1903 3372 1959 Domini.
3402 1905 3538 1972 Quia
3567 1909 3670 1975 ipse
3688 1926 3793 1962 I9-

528 2009 742 2058 cuudus
772 2001 842 2057 ob
873 2001 1284 2056 :edilicationem
1334 2009 1536 2054 sanctae
1557 1999 1788 2052 civitatis
1815 2007 1870 2053 et
1897 2013 2127 2067 congre-
2233 1994 2402 2059 davit,
2429 2005 2475 2048 et
2496 2006 2665 2049 creata
2691 2007 2851 2061 sunt;
2893 1999 3002 2067 ipse
3039 1999 3204 2062 dixit,
3236 2008 3286 2052 et
3313 2002 3454 2071 facta
3482 2011 3635 2065 sunt;
3655 2012 3789 2056 etus.

531 2096 806 2167 gationem
848 2104 1194 2162 sanctorum,
1247 2096 1336 2166 qui
1384 2095 1452 2149 ad
1509 2093 1895 2166 plenitudinem
1927 2102 2128 2147 sanctae
2231 2089 2328 2141 luit
2350 2104 2408 2142 ea
2449 2088 2504 2142 in
2544 2090 2789 2144 sarculum
2818 2101 2864 2144 et
2909 2091 2960 2144 in
3006 2092 3254 2146 stet-alunt
3282 2093 3502 2147 sa'culi:
3535 2107 3789 2165 precepta

531 2190 696 2260 hujus
744 2191 981 2247 civitatis
1009 2189 1368 2256 conveniant,
1403 2187 1725 2243 subsecutus
1759 2197 1860 2240 est.
1907 2184 2126 2240 Tertius
2241 2180 2513 2249 posuit,et
2539 2197 2642 2235 non
2666 2183 2962 2252 prazteribit.
3008 2183 3271 2238 Absolnto
3297 2184 3522 2254 quidem
3577 2188 3639 2240 ad
3682 2188 3792 2242 inte}-

527 2285 634 2341 iste
682 2284 795 2354 jam
844 2283 916 2339 ob
964 2283 1376 2353 gratulationem
1450 2279 1796 2334 exmdificata:
1856 2276 2125 2341 civitatis,
2233 2271 2504 2342 Iigeutiam
2533 2288 2806 2341 sermone,
2835 2277 3093 2346 propheta
3118 2291 3309 2332 omnes
3331 2280 3588 2335 caelestes
3608 2281 3786 2334 virtutes

525 2385 584 2433 et
651 2387 850 2432 aeterna
909 2389 1036 2446 pace
1109 2373 1380 2440 fundatae,
1432 2381 1486 2428 et
1551 2368 1716 2444 644
1777 2377 1899 2439 post
1943 2367 2127 2423 szeculi
2232 2364 2551 2420 adhortatur
2578 2367 2644 2421 ad
2670 2367 2906 2432 laudem,
2934 2369 3028 2425 sed
3052 2385 3157 2425 non
3197 2371 3318 2426 sine
3352 2372 3595 2441 perfecta
3619 2376 3785 2428 ratione

519 2485 684 2526 urens
712 2484 980 2539 areasque
1012 2466 1178 2538 frigus
1214 2466 1432 2522 caelesti
1467 2464 1655 2536 spiritu
1689 2470 2001 2532 temperata:
2024 2501 2037 2527 ,
2071 2459 2125 2513 in
2228 2455 2509 2513 doctrinm.
2537 2459 2774 2516 Primum
2801 2462 2941 2516 enim
2965 2477 3203 2518 errorem
3230 2462 3377 2518 lmnc
3405 2464 3649 2520 humana:
3675 2467 3787 2534 ign-

526 2561 672 2616 hunc
695 2561 953 2632 hymnum
985 2566 1069 2614 est
1112 2565 1477 2627 comparatus.
1531 2553 1798 2608 Domriuae
1825 2567 1952 2622 ergo
1984 2551 2124 2605 idem
2230 2553 2456 2607 rationis
2477 2555 2693 2621 avertit,
2719 2571 2824 2625 quo
2848 2554 3080 2609 fortuitis
3107 2557 3466 2611 concursibus
3488 2556 3629 2612 hunc
3647 2560 3789 2613 mandi

519 2665 606 2712 est
632 2654 799 2722 ordo,
831 2655 918 2724 qui
948 2669 1153 2709 rerum.
1184 2652 1350 2716 Nam,
1401 2649 1698 2706 secundum
1758 2645 2123 2717 prepheticam
2231 2643 2469 2699 habitum
2503 2647 2554 2700 in
2595 2664 2656 2703 se
2683 2648 2888 2712 coisse,
2928 2656 3089 2717 atque
3115 2649 3185 2703 ita
3227 2665 3296 2705 ex
3343 2649 3726 2706 inordiualione
3755 2654 3792 2705 is

525 2756 584 2804 et
609 2747 960 2819 apostolicam
988 2744 1466 2816 prmdicationem,
1518 2743 1662 2797 beati
1697 2742 1850 2796 istius
1891 2738 2041 2808 regni
2072 2745 2127 2792 et
2229 2737 2419 2793 ordine
2466 2739 2805 2806 constitisse,
2835 2740 3053 2809 quidam
3101 2741 3216 2796 ausi
3249 2750 3378 2796 sunt
3429 2743 3668 2812 opinari:
3713 2754 3790 2796 una

521 2841 760 2895 civitatis
788 2849 1009 2895 aeternae
1036 2840 1089 2893 in
1121 2839 1205 2894 his
1239 2837 1371 2893 ordo
1394 2836 1689 2908 dispositus
1719 2843 1800 2888 est
1823 2876 1838 2900 ,
1864 2834 1917 2888 in
1949 2847 2124 2885 resur.
2229 2831 2372 2899 quod
2419 2832 2509 2886 alii
2550 2832 2694 2888 hunc
2737 2833 2911 2904 ipsum
2955 2836 3214 2890 mundum
3268 2835 3441 2891 Deum
3483 2852 3634 2902 esse,
3656 2837 3790 2907 quise

523 2933 788 2989 rectiouis
817 2933 1217 2998 demutatione,
1250 2932 1302 2985 in
1333 2929 1752 2999 congregatione
1779 2935 2086 2981 sanctorum
2108 2967 2122 2992 ,
2228 2923 2387 2992 agitet
2421 2939 2484 2978 ac
2523 2935 2772 2990 moveat,
2828 2935 2880 2980 et
2923 2925 3088 2999 645
3140 2926 3192 2980 in
3225 2942 3468 2982 annuam
3524 2931 3789 2999 tempera

528 3029 585 3082 in
625 3025 1014 3081 dominicorum
1072 3024 1268 3079 civium
1310 3024 1386 3095 (ιι)
1433 3019 1996 3092 confrequentantium
2043 3017 2128 3072 in-
2227 3031 2387 3071 cursu
2414 3017 2674 3073 dimensze
2703 3020 2928 3074 rationis
2950 3021 3298 3088 moderetur,
3327 3023 3674 3080 existiment:
3701 3040 3792 3095 pee-

527 3119 731 3174 colam,
2236 3119 2409 3165 tremo
2457 3117 2598 3181 quod
2649 3099 2895 3182 quaedam
2926 3114 3028 3168 sibi
3072 3129 3138 3170 ex
3171 3115 3259 3170 bis
3288 3116 3425 3186 ipsis
3475 3121 3791 3187 unusquisque

597 3211 653 3267 2.
684 3210 1061 3268 Beatitudinem
1112 3217 1340 3265 nostram
1388 3208 1474 3280 qui
1518 3214 1775 3279 exspectet
1830 3205 1994 3259 omnis
2043 3220 2123 3259 res
2231 3207 2360 3278 legit
2389 3207 2704 3271 elementis,
2737 3209 3042 3264 autctelum
3063 3251 3078 3275 ,
3109 3220 3204 3264 aut
3234 3211 3410 3266 solem
3433 3253 3448 3276 ,
3482 3223 3575 3266 aut
3596 3228 3788 3282 aqua.

525 3315 717 3361 creata.
741 3309 815 3347 4-
842 3304 971 3359 Post
998 3320 1151 3375 quae,
1178 3303 1286 3373 jam
1312 3300 1365 3357 in
1403 3311 1601 3356 :eterna
1642 3298 1972 3354 beatitudine
2003 3313 2116 3351 om-
2151 3304 2196 3368 ρ
2227 3307 2319 3353 aut
2343 3314 2500 3362 aera,
2530 3299 2724 3368 quibus
2751 3299 2844 3356 Dei
2875 3299 3137 3355 honorem
3169 3301 3318 3358 inani
3364 3312 3532 3375 atque
3561 3305 3706 3373 impia
3727 3320 3792 3359 re—

525 3399 682 3454 nibus
703 3397 1042 3461 constitutis,
1075 3395 1142 3450 ad
1172 3395 1444 3450 canendus
1495 3392 1589 3449 Dei
1622 3393 1810 3447 laudes
1859 3390 1961 3446 hoc
1986 3405 2119 3446 con-
2225 3389 2422 3460 ligione
2449 3389 2703 3448 deferret.
2735 3392 2959 3447 Omnem
3007 3393 3171 3462 igitur
3193 3410 3442 3450 errorem
3485 3397 3789 3466 ignei-atlas

522 3489 769 3559 sequenti
803 3489 1006 3558 psalmo
1035 3487 1236 3542 chorus
1257 3487 1560 3542 cmlestium
1593 3485 1852 3539 virtutum
1880 3489 2117 3553 potesta—

524 3592 747 3653 tumque
775 3581 1142 3637 contrahitur:
1167 3591 1224 3635 ut
1264 3581 1332 3634 ob
1363 3579 1641 3649 depulsam
1691 3577 1874 3633 szcculi
1911 3576 2120 3630 vanita-

527 3685 635 3730 tem
665 3682 912 3730 creatura
955 3673 1131 3728 onmis
1186 3688 1256 3726 ex
1287 3673 1496 3743 magnis
1547 3671 1846 3726 ofﬁciorum
1897 3683 2115 3724 suorum

523 3767 798 3822 laboribus
818 3766 1066 3821 absoluta
1087 3808 1101 3831 ,
1127 3773 1182 3821 et
1211 3769 1266 3819 in
1293 3765 1450 3819 beato
1478 3778 1644 3834 regno
1673 3763 1991 3818 aeternitatis
2015 3762 2116 3817 ali-

523 3858 739 3930 quando
782 3859 1085 3929 respirans,
1131 3859 1298 3912 Deum
1343 3873 1496 3913 suum
1545 3865 1599 3911 et
1634 3857 1753 3911 Imta
1790 3857 2042 3928 prtedicet
2063 3866 2119 3913 et

529 3953 742 4023 quieta,
776 3960 832 4008 ct
891 3952 1004 4021 ipsa
1057 3950 1353 4007 secundum
1412 3948 1732 4019 Apostolum
1792 3949 1843 4002 in
1889 3949 2113 4020 gloriam

521 4043 695 4101 beatae
739 4043 1053 4100 teternitatis
1099 4051 1372 4110 assumpta
1399 4083 1414 4108 ,
1442 4056 1565 4096 cum
1605 4041 1679 4095 ait
1731 4059 1743 4095 :
1777 4039 1981 4096 Etenim
2026 4057 2114 4097 ea:-

517 4139 766 4208 spectatio
791 4139 955 4204 ipsius
994 4146 1242 4191 creatura:
1265 4136 1619 4190 reuelationem
1649 4135 1872 4204 ﬁliorum
1898 4134 1995 4189 Dei
2026 4152 2116 4189 ea:-

518 4231 977 4302 spectat.Vanitati
996 4231 1129 4285 enim
1156 4239 1390 4284 creatura
1413 4229 1642 4296 subjecta
1663 4238 1763 4296 est,
1797 4245 1896 4284 non
1918 4228 2109 4296 volens,

520 4326 610 4378 sed
632 4333 836 4396 prapter
851 4342 965 4379 eum
984 4323 1058 4394 (b)
1076 4325 1163 4391 qui
1187 4323 1462 4397 subjecitin
1483 4339 1602 4395 spe:
1627 4323 1749 4393 quia
1763 4331 1809 4375 et
1837 4323 1949 4392 ipsa
1971 4338 2113 4376 crea-

521 4423 638 4467 tura
670 4414 961 4468 liberabitur
995 4432 1027 4468 a
1055 4415 1290 4469 servitute
1321 4414 1657 4484 corruptionis
1677 4455 1691 4480 ,
1745 4413 1798 4466 in
1828 4413 2113 4468 libertatem

518 4508 771 4562 claritatis
813 4509 1038 4577 ﬁliorum
1068 4509 1166 4563 Dei
1212 4509 1384 4582 (Rom.
1417 4523 1529 4575 vnt,
1565 4507 1630 4563 i9
1657 4518 1709 4562 et
1746 4503 1931 4578 seqq.).
1979 4506 2114 4561 Hinc

518 4612 649 4667 ergo
670 4597 902 4670 hymnus
929 4609 1012 4655 est
1036 4600 1299 4655 libertatis
1344 4599 1601 4662 iudultm,
1634 4597 1776 4669 quod
1807 4597 2108 4654 officiorum

2225 3484 2455 3538 exclusit
2479 3526 2494 3550 ,
2522 3484 2710 3540 dicens
2735 3527 2751 3553 ,
2788 3486 3043 3551 Quoniam
3087 3487 3198 3557 ipse
3227 3487 3366 3542 dixit
3387 3531 3402 3554 ,
3437 3499 3486 3542 et
3514 3491 3645 3560 facta
3671 3499 3789 3548 snt;

2221 3578 2332 3644 ipse
2363 3578 2638 3646 praecepit,
2671 3587 2718 3631 et
2743 3589 2910 3632 creata
2938 3588 3076 3634 sunt.
3106 3578 3301 3634 Nullus
3335 3581 3608 3652 igiturhic
3637 3583 3790 3635 fortei-

2224 3678 2400 3724 torum
2467 3685 2792 3737 concursus,
2885 3671 3028 3725 nulla
3091 3680 3297 3726 natura:
3346 3675 3579 3743 propria:
3627 3674 3789 3729 virtus.

2228 3765 2370 3818 nulla
2417 3766 2734 3820 atterttitatis
2762 3780 2830 3820 ex
2871 3775 3045 3822 semet
3090 3767 3393 3824 substantia
3418 3810 3432 3835 ,
3468 3769 3521 3824 in
3565 3769 3647 3824 his
3692 3783 3787 3839 qu

2225 3870 2402 3916 creata
2454 3860 2746 3928 docentur,
2786 3861 3107 3916 admittitur.

2293 3956 2349 4009 4.
2394 3953 2443 4008 F
2445 3955 2595 4009 ilium
2623 3953 2771 4010 Patri
2798 3957 2851 4010 in
2874 3957 3096 4010 creando
3129 3957 3325 4011 mundo
3365 3958 3641 4014 adstitisse.
3665 3985 3724 3998 --
3745 3955 3791 4010 Il

2219 4063 2327 4118 quo
2371 4047 2516 4102 dicto
2557 4050 2720 4102 etiam
2762 4048 2814 4102 id
2853 4049 3103 4116 docetur,
3148 4050 3295 4120 quod
3335 4062 3393 4106 et
3436 4051 3663 4108 Genesis
3700 4051 3791 4105 dis-

2221 4139 2416 4206 tinxit,
2455 4150 2508 4194 et
2538 4139 2833 4211 Evangelia
2861 4149 3055 4196 testata
3083 4152 3229 4210 sunt,
3264 4153 3322 4198 et
3359 4147 3654 4214 Apostolus
3679 4157 3793 4214 pa-

2219 4233 2439 4300 dieavit,
2474 4233 2568 4288 Dei
2591 4234 2742 4300 jussu
2770 4232 2907 4288 facta
2932 4249 3053 4290 esse
3073 4235 3259 4290 omnia
3285 4253 3297 4288 :
3322 4252 3432 4291 non
3466 4253 3637 4308 perse
3655 4237 3796 4293 exsu-

2217 4325 2381 4391 tisse,
2445 4325 2718 4395 tamquam
2772 4325 2885 4396 ipsa
2944 4326 3032 4380 illa
3088 4328 3313 4383 materia
3369 4329 3688 4386 obedientiz
3723 4330 3784 4398 {ei

2214 4417 2393 4475 vitalis
2419 4419 2729 4485 exsisteret,
2765 4433 2888 4474 cum
2919 4434 3041 4476 esse
3070 4435 3135 4475 ac
3161 4421 3467 4478 subsistere
3492 4423 3755 4491 juberetnr
3780 4438 3789 4471 :

2212 4509 2309 4567 sed
2337 4511 2521 4566 omnia
2549 4525 2613 4566 ex
2642 4509 2898 4566 mandato
2925 4518 3105 4567 creata
3136 4527 3258 4568 esse
3279 4555 3294 4576 ,
3333 4522 3390 4567 et
3419 4515 3625 4569 dictum
3653 4513 3792 4568 fuisse

2213 4605 2282 4660 ab
2307 4617 2374 4660 eo
2402 4603 2492 4673 qui
2516 4603 2727 4658 dicebat
2757 4603 2838 4675 (ά)
2872 4614 2927 4658 ut
2958 4603 3172 4660 fierent.
3207 4604 3283 4659 Ita
3312 4606 3462 4660 enim
3489 4607 3702 4664 Genesis
3725 4616 3792 4659 est

518 4704 740 4744 suorum
785 4694 1108 4748 necessitate
1157 4695 1403 4749 absoluta
1427 4735 1441 4758 ,
1491 4699 1548 4747 et
1576 4700 1732 4747 antea
1754 4693 1809 4747 in
1838 4707 1967 4748 usus
1999 4691 2102 4747 hu-
2132 4719 2187 4781 Β
2213 4696 2389 4753 locuta
2426 4711 2438 4750 :
2467 4695 2534 4752 Et
2561 4697 2690 4751 dixit
2717 4693 2929 4751 Deus...
2960 4695 3030 4750 Et
3045 4697 3165 4765 [coit
3189 4695 3334 4752 Deus
3361 4699 3524 4770 (Gen.
3552 4717 3592 4766 ι,
3613 4700 3642 4755 6
3667 4701 3789 4765 eti}.

515 4785 661 4840 mani
687 4785 928 4854 subjecta
951 4786 1151 4841 servitii
1175 4829 1188 4853 ,
1207 4788 1316 4858 jam
1349 4785 1684 4842 conformata
1718 4784 1934 4840 tandem
1968 4785 2107 4842 filio-
2208 4790 2276 4846 Et
2301 4804 2442 4846 nunc
2463 4788 2730 4860 Propheta
2759 4789 2854 4855 ait,
2890 4788 3054 4853 Dixit,
3087 4799 3136 4843 et
3175 4794 3318 4858 facta
3346 4804 3492 4845 sunt.
3529 4792 3638 4847 Non
3664 4791 3790 4846 enim

513 4892 634 4933 rum
669 4877 763 4933 Dei
802 4876 969 4946 gloria
1021 4877 1071 4930 in
1103 4887 1358 4933 aeternam
1414 4876 1830 4946 beatitudinem,
1872 4880 2105 4935 creatio-
2209 4883 2312 4938 sibi
2345 4883 2601 4953 prtecepit
2641 4889 2702 4936 ut
2742 4881 2956 4947 tierent,
2992 4880 3087 4936 sed
3131 4892 3258 4935 sunt
3297 4881 3445 4938 facta
3491 4899 3612 4939 cum
3652 4883 3792 4937 dixit.

512 4987 640 5027 num
671 4972 936 5026 elementa
960 4970 1320 5040 requiescunt.
1346 4971 1513 5041 Cujus
1556 4971 1902 5026 beatitudinis
1945 4973 2104 5043 longo
2207 4976 2371 5031 Facta
2407 4985 2588 5031 autem
2619 4984 2743 5031 sunt
2774 4990 2868 5044 per
2904 4989 3049 5040 eum,
3083 4974 3151 5030 de
3181 4989 3290 5044 quo
3323 4975 3660 5048 Evangetista
3696 4987 3790 5030 tes-

504 5065 614 5135 jatn
644 5065 734 5119 diu
761 5061 1057 5119 secundum
1089 5064 1386 5132 apostolum
1442 5065 1656 5119 Petrum
1707 5063 1979 5120 desiderio
2005 5065 2100 5120 de-
2209 5076 2350 5121 tatus
2393 5076 2495 5133 est,
2528 5065 2715 5122 Omnia
2757 5083 2847 5138 per
2891 5067 3063 5136 ipsum
3099 5066 3239 5135 facta
3282 5077 3424 5134 sunt,
3473 5079 3520 5122 et
3562 5070 3664 5122 sine
3693 5071 3792 5134 ipse

511 5158 848 5222 tiuebautur,
881 5172 1004 5211 cum
1056 5156 1158 5209 ait:
1193 5154 1324 5210 Παῖς
1347 5173 1462 5227 quw
1491 5157 1642 5211 modo
1687 5157 1824 5210 vobis
1871 5159 2105 5212 nuntiata
2207 5161 2402 5233 [artant
2439 5173 2511 5216 est
2549 5162 2680 5216 nihil
2711 5160 2889 5234 (Joan.
2927 5177 2961 5226 ι,
2993 5159 3052 5231 5)
3086 5177 3099 5214 :
3132 5169 3187 5215 et
3214 5159 3516 5230 Aposmlus
3555 5164 3670 5217 ait:
3703 5162 3792 5227 Oli

505 5260 659 5317 sunt,
685 5266 775 5318 per
818 5265 903 5305 eos
931 5248 1018 5319 qui
1068 5246 1205 5301 vobis
1250 5245 1453 5316 Spiritu
1489 5260 1667 5303 sancto
1723 5251 2103 5322 evangelizave-
2207 5266 2280 5309 est
2304 5257 2470 5326 imago
2503 5252 2599 5309 Dei
2628 5253 2919 5320 invisibilis,
2950 5253 3326 5324 primogenitus
3357 5255 3527 5311 anatis
3546 5265 3793 5315 aestati.

502 5352 624 5399 runt
643 5384 658 5412 ,
689 5358 802 5413 qua:
818 5343 973 5396 missa
997 5351 1115 5396 sunt
1147 5357 1174 5395 e
1201 5340 1346 5406 caelo,
1384 5341 1438 5394 in
1485 5358 1584 5412 qua
1630 5358 1686 5396 re
1733 5344 2102 5413 concupiscunt
2206 5348 2327 5418 quia
2355 5347 2408 5400 in
2433 5347 2546 5418 ipso
2571 5347 2779 5401 condita
2805 5354 2924 5400 sunt
2953 5345 3128 5398 omnia
3155 5346 3209 5399 in
3233 5345 3376 5401 cretis
3399 5356 3452 5400 et
3471 5347 3525 5401 in
3550 5357 3707 5413 terra.
3728 5347 3793 5401 ti-

575 5505 654 5574 (a)
691 5504 849 5571 Bad.,
879 5504 972 5560 Er.
1004 5512 1060 5561 et
1104 5503 1250 5574 Lips.
1298 5517 1412 5574 cum
1439 5501 1870 5574 frequentatione:
1903 5512 2096 5573 praeter

499 5571 705 5632 morem
768 5577 1115 5632 llilarianum.
1171 5571 1385 5628 Confer
1431 5586 1710 5628 numerum
1750 5573 1784 5627 4
1834 5571 2089 5631 tractatus

498 5663 559 5702 su
568 5661 812 5702 penoris.

566 5664 887 5790 gggildsms.
913 5719 1063 5788 juxta
1086 5731 1248 5788 grate.
1273 5716 1348 5770 Ac
1377 5712 1580 5784 vulgati
1601 5715 1686 5790 qui
1705 5716 1916 5785 subjecit
1937 5734 2049 5773 eam
2065 5733 2083 5771 :

495 5796 548 5838 et
575 5785 734 5859 paulo
763 5799 885 5844 ante
913 5785 1013 5844 non
1034 5785 1216 5859 sponte
1236 5829 1250 5855 ,
1281 5801 1378 5856 pro
1409 5802 1510 5859 non
1540 5785 1731 5840 volens.

567 5857 636 5925 (ε)
671 5861 724 5910 1η
767 5860 1012 5928 vulgatis,
1045 5857 1235 5923 vitalis,
1269 5873 1375 5912 uno
1403 5857 1585 5922 verbo,
1627 5859 1769 5927 quod
1808 5873 2064 5926 separan-

493 5925 620 5980 dum
649 5925 897 5983 dusitnus
928 5947 940 5982 :
974 5939 1031 5985 ut
1052 5930 1157 5999 hic,
1181 5937 1440 6000 quantum
1480 5925 1758 6000 sapimus,
1796 5925 2077 5986 refellatur

2204 5507 2447 5578 qumdam
2477 5506 2765 5572 sententia,
2789 5521 2908 5578 quae
2937 5505 3101 5560 vellet
3127 5505 3415 5578 materiam
3446 5524 3542 5578 per
3561 5523 3617 5566 se
3635 5511 3796 5564 exsti-

2200 5577 2351 5651 tisse,
2379 5589 2430 5632 et
2457 5587 2726 5647 praecepto
2755 5577 2846 5633 Dei
2877 5588 3079 5632 tantum
3108 5577 3418 5635 obtinuisse
3447 5577 3675 5636 formam
3700 5595 3792 5651 qua

2198 5649 2319 5703 talis
2346 5651 2654 5706 exsisteret.

2262 5719 2344 5803 ((1)
2380 5721 2620 5803 Edi_ti,_ut
2655 5721 2816 5803 ﬁeret.
2856 5718 3076 5803 Rectius
3123 5731 3336 5803 arsura.
3369 5723 3792 5803 [ingenerata

2185 5790 2386 5846 omnia.
2423 5792 2644 5848 Dicebat
2687 5800 2865 5847 autem
2911 5790 3092 5857 Pater,
3132 5799 3190 5846 et
3238 5791 3407 5849 Filius
3456 5790 3787 5854 faciebanit

2182 5862 2472 5935 exponitur
2502 5862 2596 5918 lib.
2627 5878 2680 5918 tv
2707 5863 2774 5919 de
2796 5861 2972 5928 Trin.,
3006 5877 3061 5916 n.
3100 5861 3193 5917 16.
