3896 6336
86 272 185 330 881

1113 260 1531 320 TRACTA'I‘US
1569 260 1635 317 IN
1672 258 1932 318 CXLVIII
1969 260 2318 320 PSALMUM.

3257 265 3364 324 882

84 384 250 441 sibilia
277 392 324 437 et
346 379 657 446 invisibilia;
683 378 785 435 sive
806 378 988 447 Sedes,
1016 378 1120 435 sive
1140 376 1546 444 Dominationes,
1570 376 1674 431 sive
1699 378 1750 438 Α
1776 375 1971 433 luhiles
1998 376 2301 434 creationes
2327 393 2471 435 nunc
2505 378 2572 435 ad
2608 379 2825 437 laudem
2857 381 2952 438 Dei
2980 370 3144 439 fuisse
3177 399 3368 442 nume—

91 475 444 547 .Principatns,
471 474 575 528 sive
594 470 900 545 Potestates,
916 472 1087 526 omnia
1106 487 1197 544 per
1219 472 1388 543 ipsum
1415 473 1531 525 etin
1557 470 1667 542 ipso

97 568 299 625 condita
323 579 442 624 sunt
472 566 690 635 (Coloss.
723 581 763 632 ι,
793 567 860 621 15
884 576 930 621 et
955 565 1067 637 16).
1106 565 1176 620 Et
1210 565 1485 636 Sapientia
1512 563 1579 619 de
1608 580 1668 619 se

83 663 152 718 ita
179 662 351 718 locuta
380 669 463 716 est
495 677 509 712 :
540 657 651 729 Ego
679 674 817 713 eram
840 658 985 729 apud
1019 658 1167 713 illam
1187 657 1668 726 componens;milti

82 752 412 824 adgaudebat,
441 768 556 806 cum
600 751 860 805 tutaretur
901 749 1022 805 orbe
1064 749 1291 821 perfecto
1322 748 1506 822 (Prov.
1543 764 1659 817 vttt,

81 846 194 919 ὅθ).
222 843 411 900 Cessat
448 844 630 915 itaque
671 843 995 913 ambiguitas
1025 843 1390 913 intelligentia:
1412 885 1428 908 ,
1458 849 1514 897 et
1544 843 1663 898 novi

82 950 134 995 et
159 939 357 996 veteris
382 936 714 994 Testamenti
743 939 1061 993 auctoritate
1088 938 1330 993 convicta
1356 979 1372 1006 ,
1404 937 1548 992 Patri
1576 936 1663 992 Fi-

83 1032 205 1087 lium
231 1040 355 1086 ante
381 1031 579 1087 saecula
608 1039 917 1087 manentem
950 1030 1003 1086 in
1032 1029 1256 1087 creandi
1281 1029 1467 1085 mundi
1498 1045 1661 1086 exor-

80 1127 166 1182 dio
192 1125 482 1181 adstitisse.

145 1216 198 1274 5.
230 1217 488 1274 Creaturte
508 1233 611 1272 non
636 1216 974 1273 dissoluenda:
992 1216 1060 1271 ad
1081 1216 1286 1273 laudem
1316 1215 1415 1272 Dei
1436 1216 1660 1271 invitan-

79 1320 174 1366 tur.
208 1310 357 1378 Quod
389 1327 492 1365 non
522 1308 884 1375 dissolventur,
916 1309 1162 1364 mandato
1197 1308 1329 1373 Dei,
1363 1324 1466 1363 non
1507 1317 1660 1363 natu-

76 1419 146 1459 rte
179 1418 283 1458 suae
331 1401 531 1459 debent.
573 1431 647 1444 -—
692 1402 921 1459 Causam
971 1402 1134 1459 etiam
1181 1401 1444 1474 propheta
1496 1401 1656 1456 aliam

73 1495 243 1553 laudis
270 1495 469 1567 adjecit
493 1513 507 1550 :
540 1494 798 1560 Quoniam
823 1483 1101 1570 ipse’dixit,
1126 1505 1175 1550 et
1200 1499 1341 1568 facta
1367 1504 1523 1563 sunt;
1549 1495 1662 1563 ipse

76 1587 350 1655 mandavit,
383 1599 430 1643 et
448 1596 621 1643 creata
645 1598 802 1652 sunt;
829 1588 1007 1642 statuit
1035 1587 1169 1642 eain
1187 1586 1434 1642 sarculum
1460 1585 1655 1641 surculi.

82 1680 289 1738 Manent
321 1681 466 1737 enim
493 1696 559 1737 ex
604 1681 772 1736 nihilo
797 1679 1085 1737 substituta
1105 1720 1122 1747 ,
1154 1687 1210 1736 et
1234 1678 1459 1751 gratiam
1494 1676 1662 1750 6‘6

1770 477 1937 535 ratas,
1960 470 2053 527 sed
2076 486 2169 527 eas
2187 485 2309 542 qua:
2337 472 2389 526 in
2416 474 2732 530 aeternitatis
2754 484 2880 531 sunt
2904 473 2976 548 (ο)
3004 475 3366 534 substantiam

1769 564 2097 621 constitutae.
2129 568 2207 621 Ac
2232 582 2298 622 ne
2319 566 2481 634 forte,
2509 568 2652 636 quod
2674 568 2728 625 in
2759 578 3023 625 aeternum
3055 583 3361 639 manerent,

1770 656 2013 712 naturale
2035 656 2142 713 illis
2169 672 2291 715 esse
2319 674 2386 715 ex
2414 660 2730 717 subsmntize
2751 661 3087 718 beatitudine
3113 662 3366 719 credere-

1775 755 1894 811 tur;
1925 748 2189 820 subjecit,
2225 748 2548 822 Praeceptum
2576 755 2780 824 posuit,
2810 763 2858 810 et
2898 770 3003 810 non
3033 757 3314 826 praeteribit
3344 773 3365 812 :

1771 848 1830 893 ut
1872 839 1977 896 hoc
2017 843 2158 912 quod
2190 851 2335 909 sunt,
2382 846 2435 900 id
2467 854 2584 915 est,
2613 857 2668 902 ut
2710 857 2965 905 maneant
2995 850 3049 906 in
3077 859 3363 917 aeternum,

1767 946 1874 987 non
1904 942 2109 990 natura:
2134 950 2248 991 sua:
2285 951 2407 994 esse
2438 938 2777 1011 intelligant,
2815 940 2909 996 sed
2951 942 3203 1013 praecepti
3244 943 3364 1013 ejus

1765 1028 1855 1093 sit,
1887 1029 1977 1098 qui
2007 1035 2197 1097 potens
2223 1031 2294 1086 sit
2316 1034 2475 1088 rebus
2495 1048 2563 1088 ex
2595 1032 2763 1089 nihilo
2785 1035 3089 1092 substitutis
3110 1045 3359 1091 naturam

1765 1119 2087 1174 aeternitatis
2114 1119 2328 1177 aﬂ‘erre.
2351 1121 2468 1178 Non
2490 1124 2656 1190 enim,
2682 1124 2872 1195 inquit,
2898 1126 3195 1196 praeteribit
3221 1143 3359 1197 prte-

1765 1220 2003 1282 ceptum,
2038 1212 2089 1267 id
2120 1222 2223 1279 est,
2252 1215 2489 1271 mandati
2517 1216 2636 1287 ejus
2663 1232 2773 1272 non
2802 1218 2906 1272 erit
2931 1217 3053 1273 ﬁnis
3088 1237 3101 1274 :
3134 1218 3217 1291 (ά)
3237 1219 3358 1291 quia

1764 1303 1819 1360 in
1870 1312 2130 1359 teternum
2186 1316 2457 1373 maneant,
2516 1307 2710 1380 quibus
2768 1310 3127 1367 aeternitatem
3178 1310 3363 1367 Virtus

1764 1398 2084 1454 mternitatis
2115 1397 2354 1455 indulsit.

1836 1488 1888 1545 6.
1925 1488 2027 1557 Qui
2054 1488 2219 1546 Deum
2245 1492 2456 1547 laudent
2479 1493 2728 1551 inanima.
2758 1525 2829 1538 —
2846 1495 2975 1552 Post
3000 1512 3120 1568 qua:
3145 1512 3358 1554 rursum

1763 1591 1974 1639 terrena
1999 1594 2191 1640 cartera
2221 1585 2554 1642 advocantur
2581 1589 2649 1643 ad
2680 1588 2917 1659 laudem,
2951 1605 3072 1661 quae
3098 1591 3201 1646 etsi
3242 1605 3351 1646 non

1760 1679 1941 1733 omnia
1972 1687 2097 1733 sunt
2126 1677 2320 1734 horum
2348 1680 2650 1736 caelestium
2697 1690 2752 1737 ct
2783 1681 3063 1739 beatorum
3098 1682 3359 1739 bonorum

76 1790 137 1829 ex
166 1789 229 1830 eo
253 1773 390 1846 quod
418 1784 564 1838 sunt,
593 1772 836 1830 Creatori
864 1788 963 1829 suo
988 1773 1190 1830 debent
1215 1772 1292 1847 (a)
1329 1788 1454 1828 cum
1491 1786 1657 1828 sensu
1685 1791 1735 1850 Β
1761 1773 2055 1834 consortia.
2091 1773 2282 1842 partim
2318 1789 2414 1844 per
2443 1774 2863 1831 irrationabilem
2897 1791 3137 1840 sensum,
3165 1777 3361 1849 partim

72 1869 188 1924 vita:
209 1883 340 1933 suae,
368 1869 660 1924 bonitatem
693 1868 811 1939 ejus
839 1877 895 1924 et
923 1869 1180 1924 virtutem
1209 1867 1523 1934 sentientia,
1562 1881 1659 1937 per

77 1976 226 2031 quem
250 1960 430 2018 vivere
447 1975 508 2017 se
527 1962 731 2017 sentire
752 1969 1055 2033 coeperunt.
1086 1961 1279 2016 Vivunt
1300 1972 1479 2016 autem
1502 1960 1659 2026 adeo,

72 2063 129 2110 ut
167 2060 220 2109 et
262 2055 315 2109 in
366 2055 626 2110 sarculum
679 2055 861 2110 saeculi
914 2063 1188 2121 maneant,
1234 2062 1312 2123 et,
1362 2053 1658 2111 secundum

69 2146 405 2219 Apostolum,
439 2147 832 2204 revelationem
863 2147 1096 2204 ﬁliorum
1129 2148 1224 2204 Dei
1255 2155 1597 2218 exspectent,
1628 2164 1660 2205 a

70 2241 423 2309 corruptionis
467 2240 692 2296 servitio
733 2241 785 2295 in
825 2239 1164 2298 conformem
1207 2255 1395 2297 eorum
1432 2240 1659 2312 gloriam

70 2331 358 2388 liberanda.
397 2332 774 2389 Contuendum
802 2342 979 2387 autem
1012 2342 1125 2402 est,
1156 2333 1209 2388 in
1239 2332 1325 2390 bis
1355 2334 1619 2392 creaturis
1638 2377 1654 2403 ,

68 2437 179 2495 qua:
203 2425 255 2481 in
282 2425 547 2483 saeculum
593 2426 778 2482 εωωιί
815 2433 944 2481 sunt
986 2435 1206 2492 statuta,
1248 2441 1424 2496 neque
1461 2427 1659 2482 curtum

70 2514 165 2570 hoc
191 2518 330 2588 qund
382 2518 790 2575 ﬁrmamentum
839 2525 1200 2589 nuncupatur,
1235 2534 1411 2589 neque
1456 2526 1657 2574 terram

70 2625 180 2681 qua:
217 2612 364 2669 arida
403 2612 544 2669 dicta
584 2621 691 2681 est,
739 2610 818 2683 (b)
852 2621 1240 2667 connumerata
1283 2610 1450 2668 fuisse
1484 2628 1498 2665 :
1532 2612 1658 2683 quia

68 2705 192 2761 etin
212 2705 502 2776 Prophetis
527 2705 730 2761 dictum
761 2706 859 2770 sit,
895 2703 1032 2760 Ecce
1067 2721 1159 2776 ego
1186 2706 1319 2777 facio
1349 2705 1531 2759 caelum
1558 2722 1657 2760 no-

68 2810 195 2863 vum,
221 2807 266 2852 et
297 2808 490 2853 terram
527 2812 711 2852 novam
738 2796 892 2869 (Esa.
920 2812 1051 2863 va,
1087 2795 1198 2870 i7),
1225 2806 1283 2852 et
1308 2796 1568 2853 Dominus
1600 2798 1657 2854 in

71 2887 357 2962 Evangelia
385 2889 585 2946 dixerit
611 2906 624 2946 :
652 2887 843 2945 leum
872 2898 923 2945 et
944 2898 1096 2951 terra
1123 2890 1473 2959 praeteribunt,
1508 2889 1661 2945 verba

70 2989 228 3035 autem
245 2998 358 3039 mea
389 2999 490 3037 non
515 2980 840 3052 praeteribunt
868 2980 1081 3054 (Matth.
1111 2996 1257 3045 xxiv,
1294 2980 1384 3052 55)
1412 2999 1424 3035 :
1449 2981 1518 3037 de
1537 2981 1659 3053 qui-

68 3073 163 3130 bus
191 3090 293 3131 non
320 3075 486 3146 hujus
506 3074 613 3131 loci
641 3088 823 3131 sermo
842 3085 945 3130 est.
969 3073 1200 3131 Tantum
1222 3073 1352 3130 illud
1375 3074 1442 3130 ad
1469 3075 1657 3131 admo-

1764 1879 1863 1935 per
1894 1864 2236 1920 inanimalem
2268 1875 2536 1933 naturam,
2570 1867 2761 1937 partim
2807 1884 2902 1938 per
2937 1868 3237 1939 impietatis
3277 1869 3361 1924 ot-

1761 1955 2007 2022 lensam;
2042 1964 2220 2012 tamen
2253 1956 2421 2012 Deum
2455 1972 2551 2029 per
2578 1957 2654 2025 id,
2682 1958 2830 2030 quod
2878 1958 3000 2015 talia
3037 1970 3167 2015 sunt
3208 1959 3367 2015 insli-

1763 2054 1897 2113 tuta,
1932 2048 2044 2118 ipsa
2074 2049 2429 2105 institutionis
2461 2051 2512 2106 in
2537 2066 2596 2107 se
2627 2051 2824 2107 habita:
2853 2050 3192 2122 providentia
3220 2067 3358 2123 pra:-

1762 2139 1963 2196 dicant.
1998 2143 2087 2197 Ait
2113 2143 2256 2197 enim
2287 2144 2380 2210 ita,
2417 2144 2582 2201 Vens.
2610 2145 2748 2201 7-12
2777 2145 3047 2202 :Laudate
3072 2145 3357 2201 Dominum

1761 2232 1826 2286 de
1848 2242 1982 2286 terra
2006 2232 2254 2288 dracones
2288 2243 2335 2287 et
2361 2250 2536 2289 omnes
2557 2235 2750 2307 abyssi.
2775 2235 2945 2307 Ignis,
2979 2236 3202 2308 grando,
3242 2238 3357 2304 nix,

1761 2325 2083 2397 crystallum,
2107 2325 2320 2396 spiritus
2351 2328 2617 2395 procellae,
2650 2345 2765 2398 quae
2796 2328 2992 2397 faciunt
3026 2329 3181 2383 verba
3210 2323 3324 2402 ejus
3346 2370 3359 2392 ,

1760 2427 1956 2474 montes
1985 2428 2031 2473 et
2052 2435 2223 2473 omnes
2255 2419 2432 2486 colles,
2461 2420 2601 2491 ligna
2626 2419 2789 2494 647
2812 2422 3084 2493 fructifera
3105 2432 3152 2479 et
3188 2439 3364 2478 omnes

1763 2511 1927 2580 cedri,
1960 2511 2133 2567 bestiis
2163 2522 2213 2567 et
2244 2514 2482 2568 universa
2515 2530 2723 2583 pecora,
2759 2527 3017 2586 serpentes
3054 2526 3102 2572 et
3134 2518 3365 2573 volucres

1761 2615 2017 2677 pennatis,
2048 2622 2194 2678 reges
2216 2617 2369 2663 terra:
2396 2617 2445 2662 et
2475 2624 2647 2662 onmes
2673 2609 2874 2680 populi,
2905 2610 3163 2681 principes
3182 2620 3228 2665 et
3254 2628 3365 2666 om-

1760 2714 1850 2754 nes
1867 2699 2073 2769 judices
2100 2708 2270 2767 terris,
2291 2704 2505 2774 juvenes
2525 2710 2572 2755 et
2598 2702 2840 2772 virgines,
2872 2702 3096 2757 seniores
3125 2719 3243 2757 cum
3271 2703 3368 2773 ju-

1760 2793 1994 2848 nioribus
2025 2794 2234 2850 laudent
2271 2812 2455 2850 nomen
2494 2793 2729 2851 Domini.
2770 2795 2965 2851 Omnia
3007 2796 3219 2852 laudem
3264 2795 3360 2851 Dei

1759 2886 2075 2955 conciuunt,
2118 2889 2240 2943 licet
2266 2888 2513 2960 quaedam
2540 2902 2704 2943 sensu
2734 2887 2911 2943 laudis
2942 2889 3179 2943 carentia
3211 2887 3361 2953 sint;

1760 2979 1854 3035 sed
1880 2995 1975 3051 per
2001 2981 2351 3037 institutionis
2377 2980 2621 3037 ordinem
2651 2981 3076 3052 qualitatemque
3102 2980 3356 3052 gignendi

1761 3075 2088 3146 praeconium
2110 3076 2388 3132 Creatoris
2407 3076 2718 3131 ostendunt.
2748 3075 2959 3131 Detenti
2986 3075 3039 3130 in
3070 3085 3212 3130 terra
3239 3074 3362 3130 dra-

70 3168 317 3227 nitionem
350 3164 888 3226 commemorandum
932 3181 961 3222 a
1001 3167 1157 3225 nobis
1186 3167 1306 3237 fuit,
1339 3183 1449 3226 non
1479 3168 1656 3226 disso-
1684 3185 1730 3251 ρ
1761 3187 1948 3243 cones,
1977 3190 2272 3248 eorumque
2301 3176 2483 3247 plures
2508 3174 2564 3231 in
2590 3174 2804 3246 abyssis
2836 3173 3072 3231 demersi
3106 3190 3122 3230 :
3159 3180 3218 3231 ut
3256 3185 3359 3229 nos

137 3374 209 3446 (a)
241 3375 298 3430 In
330 3373 516 3440 editis,
548 3390 668 3431 cum
694 3388 901 3428 sensum
934 3373 1049 3427 vitae
1073 3387 1203 3438 suae,
1229 3371 1451 3446 bonitate
1475 3374 1588 3445 ejus
1618 3383 1664 3428 et

68 3445 293 3502 virtutem
311 3459 361 3502 et
392 3448 679 3512 scientiam,
712 3462 802 3514 per
840 3461 989 3514 quem
1014 3446 1178 3499 vivere
1205 3461 1295 3498 seu
1324 3445 1514 3498 sentire
1557 3461 1662 3499 cte-

72 3530 244 3587 perunt
266 3535 285 3574 :
308 3519 471 3575 valde
502 3513 831 3588 perturbate.
870 3513 1127 3572 Confusio
1173 3517 1381 3588 tollitur
1418 3515 1663 3588 subsidio

68 3606 164 3662 ms.
199 3592 249 3645 in
280 3605 393 3662 quo
421 3587 597 3645 tamen
630 3589 913 3655 sententiae,
944 3604 1052 3643 non
1091 3587 1366 3643 sentientia
1402 3587 1663 3644 mendose

73 3661 314 3717 librarius
344 3661 724 3729 descripserat.

137 3733 207 3805 (b)
239 3733 331 3790 Sic
376 3748 480 3788 ms.
523 3735 594 3805 At
631 3730 759 3786 Bad.
795 3739 850 3787 et
892 3731 988 3788 Er.
1025 3739 1464 3786 connumeratam.
1507 3730 1658 3802 Lips.

69 3814 537 3861 commemoratam.
566 3804 689 3859 Par.
720 3814 1136 3859 commemorata.

138 3876 209 3948 (ο)
240 3876 406 3937 Editi.
430 3877 483 3948 in
503 3876 807 3948 (eternitalis
832 3886 947 3929 sunt
973 3875 1273 3948 substantia.
1306 3873 1526 3929 Rectius
1554 3889 1657 3948 ms.

70 3944 424 4012 substantiam,
459 3947 559 4002 hoc
581 3956 682 4012 est,
715 3947 766 3999 in
789 3944 1141 4000 substantiam
1170 3954 1448 4009 :eternam,
1472 3959 1567 3999 seu
1590 3944 1657 3998 ad

69 4019 468 4076 subsistendum
499 4019 618 4074 sine
646 4017 773 4073 ﬁne.
806 4016 942 4072 Cum
977 4017 1092 4071 haec
1126 4015 1192 4069 ad
1231 4025 1523 4071 memorata
1554 4013 1658 4068 ini-

71 4090 141 4146 tio
168 4108 221 4147 n.
244 4093 299 4155 5,
330 4091 653 4157 referantur,
681 4090 765 4143 ubi
791 4089 898 4152 sol,
923 4088 1067 4151 luna,
1099 4086 1295 4151 stellas,
1323 4096 1428 4140 etc.
1452 4085 1661 4157 adlau-

75 4162 190 4217 dctn
225 4154 319 4217 Dei
361 4154 730 4224 advocantur;
775 4161 940 4230 qna-ri
984 4167 1160 4222 potest
1199 4173 1326 4230 nun]
1373 4154 1659 4230 prtedictas

69 4250 153 4288 res
180 4244 393 4289 creatas
416 4235 679 4287 animatas
701 4226 929 4287 senserit
958 4230 1215 4285 Hilarius.
1243 4229 1322 4283 En
1344 4226 1556 4297 quidem
1579 4242 1661 4281 er-

69 4320 190 4361 rore
210 4305 491 4376 inspersos
513 4305 657 4359 illius
686 4304 749 4376 in,
767 4302 866 4376 lob
895 4302 1065 4376 libros
1091 4301 1157 4365 ad
1188 4295 1431 4376 sanctum
1454 4295 1660 4376 Grego-

71 4376 206 4432 rium
257 4368 452 4447 papam
501 4376 688 4430 scribit
733 4375 1047 4447 Liciniust.
1092 4388 1145 4447 tt
1196 4370 1381 4447 Spicil.
1415 4386 1469 4447 _p.
1506 4368 1658 4447 369:

71 4448 213 4503 Satis
243 4441 427 4513 miror,
469 4449 639 4516 inquit
670 4446 897 4502 barbaro
936 4444 1147 4516 dicendi
1192 4442 1375 4516 modo,
1404 4441 1663 4516 hominem

74 4512 428 4574 doctissimum
457 4526 505 4571 et
542 4512 794 4579 sanctum,
824 4524 877 4570 ut
907 4515 970 4570 de
994 4515 1155 4569 stellis
1185 4515 1382 4570 ntenias
1424 4512 1664 4585 Origenis

73 4593 393 4664 transferret.
422 4588 493 4643 At
520 4589 662 4670 quod
705 4589 771 4643 ad
812 4586 1195 4670 illumulaicinii
1230 4588 1424 4670 locum
1449 4587 1660 4668 attinet,
1687 4609 1742 4670 Β

71 4677 178 4716 non
204 4656 416 4717 constat
443 4677 510 4715 an
538 4656 594 4714 in
626 4675 784 4716 veros
812 4658 996 4713 Ililarii
1028 4658 1080 4711 in
1112 4657 1215 4713 Job
1240 4667 1497 4713 tractatus
1525 4656 1652 4710 inci-

73 4731 230 4788 derit.
269 4737 377 4787 Aut
406 4741 553 4787 certe
596 4747 628 4786 a
678 4730 933 4801 prazdicto
976 4744 1162 4801 errore
1206 4744 1335 4799 pura
1371 4727 1662 4801 judicanda

70 4815 195 4858 sunt
242 4821 362 4875 qua:
406 4804 455 4858 in
497 4802 600 4859 an
639 4798 827 4875 scribit
867 4800 1118 4863 Hilarius,
1165 4798 1275 4875 aut,
1305 4799 1446 4875 quod
1489 4798 1661 4875 nefas,

73 4870 283 4943 pondus
339 4884 391 4929 ct
450 4874 656 4944 pondus
710 4870 1507 4944 lliernnymo“attribuendum.
1561 4870 1667 4937 Qui

73 4941 214 5002 enim
228 4941 526 5019 generatim
542 4945 738 5019 Hilarii
756 4941 932 5019 libros
955 4941 1207 5019 inoﬂ'enso
1226 4943 1357 5019 _pe_de
1375 4943 1665 5019 decurren-

73 5020 171 5071 dus
203 5012 380 5081 diruet,
408 5016 724 5072 nominatim
753 5016 821 5071 de
844 5015 1092 5084 Origenis
1127 5014 1182 5068 in
1218 5013 1319 5070 Job
1352 5012 1666 5069 tractatibus

73 5090 235 5158 epist.
267 5103 420 5145 Lxxv
444 5090 520 5144 ait
550 5107 563 5142 :
592 5087 672 5142 Ad
703 5096 751 5142 te
778 5088 970 5158 ipsum,
1000 5084 1278 5158 Vigilanti,
1304 5085 1501 5139 veniam
1527 5100 1545 5139 :
1572 5099 1666 5158 cur

74 5156 322 5215 tractatus
350 5164 464 5233 ejus
503 5159 802 5233 (Grigcnis)
848 5158 901 5233 in
938 5156 1358 5233 Job__descriptos
1395 5158 1574 5233 trabes,
1610 5157 1666 5209 in

73 5232 256 5315 quibus
286 5226 742 5315 contradinboflum
772 5226 1097 5315 etndelstellis
1125 5226 1357 5311 cmlo'que
1367 5226 1663 5315 disputans,

74 5298 311 5373 quedam
339 5303 539 5358 locutus
560 5313 635 5357 est
660 5318 773 5371 qua:
800 5298 1032 5373 Ecclesia
1070 5316 1174 5355 non
1200 5300 1399 5371 recipit.
1429 5298 1538 5373 Cur
1566 5314 1663 5353 ex-

76 5370 302 5440 probrat
344 5378 459 5429 viro
503 5374 644 5446 quod
672 5370 774 5446 ’ve‘l
813 5372 1112 5446 descriptos
1151 5370 1391 5443 apud’se
1437 5370 1669 5446 retineat

75 5446 328 5515 Origenis
358 5441 636 5512 tractatus,
664 5452 720 5499 et
744 5442 954 5515 femina;
983 5453 1170 5515 auctor
1188 5441 1277 5497 est
1300 5459 1405 5498 non
1429 5441 1669 5515 modout

75 5511 332 5581 retineat,
365 5518 459 5572 sed
496 5525 552 5572 et
590 5511 731 5588 legat
761 5513 949 5570 Hilarii
981 5514 1169 5588 libros,
1201 5514 1302 5569 nisi
1335 5514 1540 5588 quiain
1583 5511 1667 5567 his

78 5604 323 5644 errorem
378 5589 445 5644 de
492 5583 666 5645 stellis
705 5604 809 5641 non
850 5586 1096 5654 advertit,
1144 5601 1302 5656 quem
1346 5587 1397 5641 in
1437 5583 1546 5656 illis
1582 5598 1670 5640 re-

79 5661 383 5730 spuendum
410 5661 600 5716 duxit?
617 5659 799 5730 Neque
820 5658 872 5712 in
905 5658 1005 5713 hoc
1031 5655 1412 5730 ipsotractatu
1444 5655 1547 5730 nisi
1583 5664 1664 5711 te-

80 5727 235 5788 mere
260 5748 414 5788 error
435 5732 576 5789 idem
604 5727 923 5802 reprehendi
953 5727 1150 5799 potest.
1182 5729 1364 5802 Primo
1391 5727 1539 5784 enim
1557 5742 1665 5802 non

81 5804 157 5859 ait
180 5818 277 5862 cas
298 5810 499 5861 tantum
520 5800 863 5861 enunieratas
892 5815 1013 5860 esse
1043 5801 1365 5871 creationes,
1394 5814 1514 5872 quae
1549 5800 1663 5855 ani-

1769 3386 1950 3446 matre,
1982 3378 2074 3434 sed
2112 3393 2239 3451 quae
2278 3393 2383 3433 non
2423 3375 2788 3433 dissolvendae
2830 3382 3035 3432 essent.
3078 3375 3285 3451 Deinde
3314 3378 3362 3451 si

1767 3451 1918 3513 solis,
1950 3448 2422 3517 lunaafstellarum
2454 3459 2509 3505 et
2538 3464 2691 3518 aqua:
2733 3463 2855 3517 qua:
2893 3461 3056 3517 super
3096 3448 3265 3502 caelos
3295 3448 3364 3502 sit

1769 3522 2045 3577 vocabulis
2073 3524 2220 3577 vivas
2243 3521 2570 3577 substantias
2598 3519 2882 3585 intellexit,
2914 3533 2989 3589 ea
3006 3532 3112 3573 non
3143 3519 3363 3589 proprie

1766 3592 1861 3663 sed
1889 3593 2207 3663 spiritaliter
2230 3591 2555 3648 intellexerit
2576 3604 2799 3647 necesse
2821 3601 2924 3645 εει.
2950 3588 3133 3663 Neque
3146 3588 3364 3645 inﬁcias

1766 3662 1887 3732 ibit,
1918 3664 2005 3734 qui
2051 3666 2192 3720 illius
2235 3664 2375 3719 dicta
2419 3672 2572 3719 tract.
2617 3677 2698 3733 ps.
2732 3676 3013 3734 cxxm,gn.
3041 3662 3096 3725 5,
3129 3676 3364 3731 perpen-

1766 3734 1861 3791 det
1886 3755 1897 3789 :
1930 3732 2016 3791 ubi
2047 3737 2222 3808 primo
2258 3736 2429 3805 ponit,
2459 3734 2751 3791 absurdum
2780 3732 2950 3789 videri
2975 3741 3036 3787 ut
3062 3746 3219 3803 aqua:
3248 3733 3366 3808 ani-

1766 3808 1927 3862 moles
1965 3805 2073 3862 sint
2112 3825 2127 3861 :
2173 3818 2283 3863 tum
2321 3810 2507 3870 sumit,
2554 3821 2725 3877 aquas
2772 3815 3152 3877 tamensuper
3192 3805 3364 3861 cmlos

1767 3893 1889 3933 esse
1915 3895 2034 3948 quin
2068 3879 2287 3934 laudent
2320 3874 2639 3941 Dominum',
2677 3892 2741 3932 ac
2783 3875 3009 3946 proinde
3050 3874 3311 3948 animales
3346 3894 3360 3930 :

1766 3945 2090 4018 tandemque
2119 3949 2416 4015 concludit,
2458 3963 2716 4018 aquarum
2760 3945 2976 4018 nomine
3020 3945 3247 4018 populos
3277 3947 3362 4000 in-

1768 3966 1978 4003 tanuem
2025 3966 2090 4004 ue
2119 3966 2416 4015 concludit,
2458 3966 2716 4018 aquarum
2760 3966 2976 4001 nomine
3020 3966 3247 4014 popmos
3277 3966 3355 4000 ln-

1768 3966 2084 4090 telligengos
2110 4034 2252 4085 esse,
2284 4034 2420 4089 quos
2447 4019 2586 4073 inter
2607 4019 2719 4090 sint
2753 4017 3028 4090 cmlestes_,_
3046 4017 3147 4069 sint
3173 4024 3223 4090 et
3253 4026 3355 4090 ter-

1764 4085 1965 4155 restres,
1995 4100 2102 4144 etc.
2133 4091 2238 4145 Eas
2284 4085 2451 4160 aquas
2481 4087 2650 4160 magis
2684 4088 2902 4157 prolirie
2945 4086 3155 4140 videtur
3187 4085 3359 4160 inbel-

1704 4156 1717 4162 ”
1768 4160 1936 4232 ligere
1966 4162 2019 4215 in
2057 4175 2139 4232 ps.
2171 4155 2378 4232 cxxxv,
2412 4178 2465 4213 ιι.
2496 4158 2551 4223 8,
2572 4155 2708 4232 dum
2738 4166 2893 4232 vocat
2919 4155 3355 4232 temperatior-em

1768 4226 2039 4297 naturam,
2059 4226 2234 4301 'cujns
2260 4231 2470 4303 nlijectu
2502 4228 2658 4300 pritni
2700 4229 2823 4284 caeli
2851 4228 3010 4281 sedes
3046 4226 3358 4303 circutiifnsi

1769 4302 1863 4359 Dei
1891 4303 2090 4361 virtute
2120 4298 2343 4360 nimium
2371 4298 2596 4359 accensa
2640 4308 2989 4367 temperetur.
3023 4307 3083 4352 ut
3123 4298 3190 4353 ab
3221 4298 3361 4354 infe-

1768 4375 2003 4432 rioribus
2024 4380 2094 4432 sit
2114 4374 2363 4447 patienda
2390 4372 2619 4447 naturis.
2646 4370 2831 4447 Neque
2851 4369 3253 4447 etiam_dubium
3276 4381 3362 4426 est

1768 4462 1834 4501 ex
1866 4457 2020 4520 tract.
2049 4440 2133 4520 ps'.
2161 4462 2340 4514 οηνι,
2372 4463 2426 4501 ιι.
2456 4444 2517 4520 5,
2545 4440 2894 4520 quasstellas
2937 4440 3364 4520 animatassen-

1771 4519 1925 4586 serit,
1960 4512 2439 4590 ubi-explicaturus
2465 4512 2614 4590 illud,
2650 4512 2946 4590 Numerans
2980 4512 3359 4590 multitudinem

1770 4584 2053 4654 stellarum,
2079 4584 2213 4658 eté.,
2238 4589 2438 4659 rejecto
2464 4586 2697 4655 primum
2722 4586 2915 4659 littera!
2940 4597 3102 4637 sensu
3123 4584 3365 4659 subjicit,

1769 4661 1879 4717 Sed
1899 4652 2230 4716 numerantur
2258 4652 2340 4714 hic
2368 4652 2549 4723 stellw,
2581 4673 2708 4727 quas
2732 4652 2994 4710 Abraham
3029 4655 3364 4727 contuitusgin

1768 4732 1895 4787 ctelo
1937 4742 2033 4799 est,
2066 4750 2192 4803 quas
2233 4730 2387 4803 Isaac
2424 4723 2619 4800 accepit
2657 4728 2711 4803 in
2748 4726 2962 4790 semine,
3002 4741 3128 4794 quas
3164 4723 3363 4803 Paulus

1766 4804 1999 4878 discrevit
2020 4795 2089 4878 'in'
2106 4805 2294 4878 gloria.
2322 4801 2438 4878 Non
2461 4795 2615 4878 enim
2630 4799 2918 4878 obscurum
2946 4795 3357 4878 es_t,_stellarum

1769 4875 1991 4931 nomine
2028 4867 2235 4932 elevatus
2276 4881 2331 4929 et
2370 4871 2510 4928 ﬁlios
2552 4871 2787 4927 Abraha:
2827 4884 2951 4924 eum
2994 4867 3359 4936 interpretari.

1770 4945 1956 5016 Neque
1979 4963 2107 5003 vero
2126 4950 2248 5018 quis
2276 4943 2477 5018 dixerit
2503 4944 2698 5018 cretum
2723 4954 2782 5018 _et
2814 4951 3013 5018 terram
3044 4937 3361 5008 spiritaliter

1770 5012 2040 5076 intellecta
2070 5012 2258 5075 ad'res
2292 5032 2397 5072 non
2429 5013 2801 5070 dissolvendas
2828 5012 3028 5081 pariter
3052 5023 3363 5064 accommo-

1774 5090 1890 5145 dari
1919 5091 2180 5161 potuisse.
2208 5088 2365 5161 Vetat
2388 5087 2531 5161 enim
2564 5084 2732 5161 illu_d,_
2751 5082 2947 5161 Caelum
2977 5090 3025 5138 et
3053 5089 3192 5161 terra
3215 5088 3360 5161 tran-

1773 5150 1961 5217 sibunl.
1990 5161 2100 5217 Nec
2128 5160 2303 5217 simile
2332 5159 2622 5229 quidquam
2649 5150 2876 5229 habetur
2904 5155 2971 5209 de
3000 5150 3362 5229 creatinnihus

1773 5233 2023 5305 superius
2057 5225 2391 5305 memoratis.
2425 5225 2650 5305 Demum
2680 5228 3041 5305 Hieronymus
3070 5225 3234 5305 epist.
3256 5237 3362 5305 exn

1774 5295 2253 5376 ad'Thcophilum,
2272 5310 2537 5376 quatenus
2562 5301 2847 5376 Origenem
2869 5295 3100 5376 Hilarius
3124 5295 3364 5376 imitatus

1774 5379 1841 5432 sit
1886 5366 2186 5435 declarans.
2225 5366 2353 5431 dum
2392 5368 2555 5427 dicit:
2592 5366 3009 5447 Nomiagutegue
3048 5366 3359 5447 detruncans

1772 5448 1923 5505 utilia
1948 5447 2230 5513 transtulit,
2259 5447 2391 5503 satis
2419 5455 2604 5511 aperte
2635 5441 2904 5513 signiﬁcat
2926 5435 3081 5493 illum
3111 5435 3359 5513 Origenis

1771 5520 1840 5576 de
1868 5520 2038 5574 stellis
2071 5507 2292 5579 manias,
2328 5523 2386 5571 ut
2420 5507 2541 5571 cum
2574 5507 2781 5567 Licinio
2824 5511 3130 5581 loquamur,
3162 5507 3269 5571 vel,
3300 5514 3363 5581 ut

1770 5606 1895 5648 cum
1919 5592 2035 5659 ipso
2069 5589 2418 5662 Hieronymo,
2455 5601 2575 5658 qua:
2603 5582 2846 5640 Ecclesia
2875 5580 2983 5638 non
3014 5581 3225 5651 recipit,
3258 5580 3362 5635 mi-

1768 5664 1916 5721 nime
1936 5663 2295 5718 transtulisse.

1842 5733 1922 5807 (ά)
1954 5733 2007 5790 In
2040 5748 2143 5791 ms.
2175 5734 2298 5807 quin
2322 5737 2568 5790 teternum
2597 5733 2855 5784 maneant.
