4006 6332
452 200 559 256 885

1631 196 1878 255 SANCTI
1917 196 2077 252 llth
2086 193 2174 250 ﬂll
2217 195 2522 254 EPISCOPI

3647 198 3770 256 884

449 317 588 372 intra
619 325 822 374 metum
859 328 914 374 et
951 317 1292 388 religionem,
1331 314 1460 369 dum
1487 313 1590 384 ipsi
1621 315 1760 368 intra
1787 314 2048 386 abyssum
2077 315 2133 374 Δ
2159 313 2238 368 illi
2270 315 2456 385 utique
2483 314 2550 372 de
2575 316 2771 381 quibus
2795 317 3002 374 dictum
3024 326 3108 375 est
3138 336 3151 375 :
3187 317 3340 375 Plebs
3365 320 3476 375 hac
3507 320 3657 375 labiis
3677 335 3774 374 sua

452 419 761 480 terramque
799 411 1010 481 religati
1051 407 1344 480 impietatis
1388 416 1592 464 nonne
1623 410 1802 477 penis
1838 423 2051 479 praepa—

451 515 662 570 rantur,
677 512 1009 559 coercerent.
1025 502 1224 557 Natura
1245 503 1402 571 ignis,
1421 502 1560 556 nivis
1586 503 1811 568 candor,
1832 501 1906 573 (a)
1925 517 2052 574 cry-

453 599 596 654 stalli
627 599 848 669 glacies,
889 597 1147 668 procella:
1189 595 1436 666 spiritus,
1489 597 1750 651 montium
1779 595 1998 650 celsitas
2032 635 2049 662 ,

455 691 730 746 distinctio
771 691 1012 759 collium,
1045 691 1303 746 arborum
1340 691 1578 755 fructus,
1615 690 1908 746 bestiarum
1955 703 2051 744 va-

452 783 642 846 rietas,
678 797 933 852 pecorum
960 781 1186 844 utilitas.
1214 791 1528 853 serpentum
1560 782 1732 843 nisus.
1765 781 2049 836 Volucrum

453 876 688 944 volatus,
714 892 898 947 regum
932 884 1192 944 potestas,
1217 875 1538 944 populorum
1563 873 1873 938 famulatus,
1908 871 2056 942 prin-

454 969 633 1037 cipum
661 967 917 1038 dignitas,
937 968 1180 1040 judicum
1204 965 1454 1037 aequitas,
1482 975 1700 1020 mtatum
1727 965 1969 1020 omnium
1995 973 2053 1020 et

453 1078 682 1120 sexuum
713 1079 914 1130 mores,
940 1064 1137 1128 studia,
1168 1062 1425 1126 virtutes;
1453 1061 1568 1115 haec
1588 1061 1768 1129 itaque
1793 1058 1974 1113 omnia
2000 1058 2055 1114 in

454 1157 702 1214 diversos
734 1158 1145 1228 inrtfabilesque
1173 1172 1302 1228 usus
1329 1155 1584 1220 formata,
1616 1156 1904 1220 distincta,
1932 1155 2054 1209 ani-

453 1263 632 1318 mata,
665 1253 898 1324 perfecta
922 1295 936 1320 ,
968 1251 1246 1310 Creatoris
1279 1252 1672 1324 providentiam
1715 1250 1955 1306 laudant.
1993 1250 2060 1305 Et

456 1361 644 1402 eorum
676 1361 794 1416 quae
819 1355 910 1398 aut
941 1344 1200 1412 inanima,
1227 1353 1320 1398 aut
1345 1342 1732 1398 irrationabilia
1755 1350 1903 1409 sunt,
1928 1355 2061 1412 qua-

455 1439 526 1494 lis
555 1438 789 1494 laudatio
819 1447 967 1494 esset
995 1437 1255 1502 ostendit,
1286 1437 1476 1492 dicens
1507 1453 1521 1490 :
1559 1433 1686 1502 Quae
1707 1434 1905 1504 faciunt
1937 1448 2053 1488 uer-

457 1531 578 1586 bum
603 1531 716 1597 eius
741 1545 760 1585 :
783 1537 843 1585 ut
869 1543 938 1584 ex
963 1546 1048 1594 eo,
1079 1529 1222 1599 quod
1249 1529 1302 1584 in
1334 1527 1478 1582 hunc
1503 1525 1804 1582 ofliciorum
1837 1541 2060 1583 suorum

458 1622 568 1678 sint
605 1623 852 1678 ordinem
893 1623 1204 1689 constituta,
1241 1621 1570 1692 prteconium
1607 1619 1726 1690 ejus
1767 1635 1800 1674 a
1837 1634 1946 1690 quo
1985 1620 2060 1675 ita

460 1717 570 1772 sint
601 1717 844 1772 instituta
875 1725 1160 1772 testentur.

529 1812 584 1868 7.
631 1807 993 1866 Rationalibus
1043 1827 1158 1882 quin
1205 1809 1455 1865 laudandi
1505 1805 1604 1864 Dei
1660 1822 1836 1862 cuum.
1889 1807 2060 1879 Regni

456 1905 590 1960 beati
630 1905 794 1978 sedes.
842 1933 914 1945 —
955 1903 1191 1974 Regibus
1233 1918 1362 1958 vero
1405 1909 1463 1958 et
1503 1901 1717 1956 caeteris
1762 1899 1886 1956 aliis
1921 1908 2060 1954 tam-

456 2013 618 2068 quam
647 1997 874 2052 rationis
902 1995 1278 2060 consortibus,
1317 1994 1430 2048 haec
1464 1991 1716 2048 laudandi
1744 2005 1904 2046 causa
1937 2006 2063 2060 pro-

458 2094 632 2164 posita
663 2103 769 2158 est,
803 2092 965 2147 Vens.
997 2091 1066 2148 15
1093 2111 1105 2148 :
1147 2090 1282 2158 Quia
1309 2090 1588 2145 exaltatum
1614 2097 1688 2144 est
1724 2102 1907 2141 nomen
1945 2089 2062 2160 ejus

458 2188 639 2250 solius,
681 2187 937 2258 conlessio
978 2190 1090 2260 ejus
1135 2201 1290 2256 super
1319 2183 1499 2238 mlum
1533 2191 1580 2236 et
1621 2190 1828 2236 terram.
1863 2180 1931 2234 Et
1961 2180 2062 2236 hac

459 2279 679 2348 quidem
729 2277 870 2334 Deus
907 2293 1116 2349 regum,
1156 2287 1212 2333 et
1257 2261 1602 2346 populorum,
1633 2284 1686 2328 et
1731 2272 2056 2342 principum,

459 2379 514 2428 et
533 2370 798 2441 judicum,
829 2381 882 2425 et
911 2380 1130 2426 aetatum
1169 2367 1409 2424 omnium
1451 2365 1839 2422 constitutione
1871 2365 2059 2419 lauda-

459 2465 583 2524 bilis
614 2473 718 2531 est,
749 2464 871 2535 quia
915 2465 1034 2535 (ms.
1078 2463 1206 2535 quo)
1249 2463 1500 2518 humanae
1543 2459 1667 2517 vitae
1704 2474 1924 2516 cursum
1967 2459 2061 2516 tali

459 2557 801 2613 diversorum
845 2557 1152 2612 ofﬁciorum
1193 2555 1588 2625 temperatione
1627 2553 1923 2608 contineat.
1955 2551 2063 2606 Ta-

459 2666 586 2707 men
616 2651 740 2720 quia
768 2650 946 2707 omnis
989 2648 1238 2718 superior
1271 2647 1510 2704 laudatio
1550 2645 1692 2700 beati
1726 2644 1871 2699 illius
1909 2643 2060 2714 regni

461 2749 676 2811 tempus
715 2740 982 2800 ostendit:
1024 2739 1164 2794 hanc
1203 2731 1420 2792 causam
1465 2737 1640 2792 laudis
1681 2735 1900 2805 adjecit,
1941 2737 2063 2800 quia

460 2837 740 2890 exaltatum
771 2845 846 2890 est
874 2851 1054 2889 nomen
1079 2837 1196 2906 ejus
1221 2833 1398 2888 solius.
1429 2833 1564 2886 Tum
1588 2831 1730 2887 enim
1759 2831 1900 2886 Deus
1923 2844 2062 2885 unus

460 2929 626 2983 etiam
653 2927 721 2981 ab
749 2927 934 2982 invitis
965 2936 1020 2981 et
1047 2926 1370 2996 intelligitur
1393 2935 1446 2980 et
1471 2925 1546 2996 (ὁ)
1572 2927 1807 2991 videtur,
1836 2924 2062 2994 religato

460 3019 704 3086 diabolo,
735 3028 788 3074 et
828 3019 1037 3091 angelis
1075 3019 1195 3087 ejus
1226 3033 1398 3088 pinna:
1429 3033 1551 3072 cum
1592 3032 1658 3073 eo
1688 3017 1878 3074 aeterni
1924 3015 2060 3087 ignis

461 3111 719 3178 addictis,
753 3121 810 3168 et
843 3112 989 3168 οηιηί
1027 3110 1349 3181 Spiritalium
1389 3110 1746 3180 ncquitiarum
1793 3118 2060 3179 potcState

468 3207 713 3268 sublata';
762 3220 884 3260 cum
925 3205 1036 3276 jam
1087 3219 1194 3260 non
1245 3213 1544 3275 peccatum,
1587 3219 1692 3258 non
1741 3218 1908 3270 mors,
1954 3217 2061 3257 non

462 3312 713 3359 terrenus
752 3300 839 3357 hic
871 3299 1101 3356 mundus
1141 3301 1230 3355 sit.
1265 3298 1356 3354 Ait
1385 3299 1561 3364 enim,
1593 3297 1758 3353 Vsus.
1793 3299 1856 3353 14
1884 3314 1898 3351 :
1927 3296 2064 3354 Con-

459 3397 616 3468 fessio
645 3399 756 3469 ejus
795 3413 947 3466 super
985 3396 1165 3450 caelum
1209 3405 1258 3450 et
1285 3405 1498 3459 terram,
1541 3404 1588 3450 et
1621 3392 1866 3450 exultavit
1899 3407 2062 3446 cornu

461 3489 643 3559 populi
669 3489 751 3542 sui
777 3503 797 3543 :
821 3489 869 3541 id
891 3498 994 3555 est,
1022 3488 1074 3542 in
1099 3487 1194 3542 illo
1219 3489 1389 3542 beatae
1414 3486 1645 3542 civitatis
1667 3485 1811 3540 illius
1837 3485 2056 3553 saeculo,

462 3583 555 3638 ubi
582 3593 751 3637 cornu
778 3581 961 3653 populi
993 3581 1072 3634 sui
1099 3579 1360 3633 Dominus
1381 3577 1661 3643 exaltabit,
1693 3585 1747 3632 et
1778 3575 2063 3646 incorrup-

461 3677 667 3730 tionem
708 3677 782 3738 ei,
814 3689 934 3742 qua:
973 3670 1307 3742 signiﬁcatur
1349 3672 1401 3726 in
1433 3687 1624 3737 cornu,
1666 3686 1761 3740 per
1793 3670 2058 3728 honorent

462 3766 889 3824 immortalitatis
909 3764 1204 3836 impertiet.
1231 3763 1368 3818 Tum
1393 3763 1538 3818 enim
1560 3763 1756 3819 cretum
1787 3778 1983 3818 novum
2007 3773 2062 3818 et

463 3872 608 3917 terra
641 3873 776 3915 nova
803 3859 926 3926 erit,
951 3873 1071 3913 cum
1106 3857 1191 3912 his
1219 3856 1578 3928 praesentibus
1607 3855 1887 3912 dissolutis
1918 3869 2058 3913 nova

460 3955 550 4012 illa
582 3965 639 4010 et
684 3962 892 4010 aeterna
933 3951 1248 4009 succedent.
1283 3949 1409 4024 Ideo
1439 3949 1709 4008 confessio
1739 3953 1857 4024 ejus
1895 3969 2060 4024 super

457 4047 656 4105 caelum
685 4055 740 4100 et
763 4057 958 4101 terram
987 4043 1245 4100 reddetur
1274 4061 1290 4098 :
1321 4044 1446 4114 quia
1475 4060 1582 4099 non
1619 4043 1672 4098 in
1706 4044 1811 4101 hoc
1835 4046 2054 4113 sas-culo,

457 4155 634 4213 neque
660 4139 714 4194 in
747 4138 851 4194 hoc
890 4117 1048 4206 aere,
1083 4137 1178 4194 sed
1221 4137 1275 4193 in
1315 4138 1686 4210 superioribus
1726 4138 1860 4194 locis
1897 4139 2060 4198 sedes

457 4235 604 4291 beati
633 4232 774 4287 illius
801 4231 948 4302 regni
983 4236 1068 4286 est
1087 4228 1402 4285 constituta.

531 4328 587 4382 8.
627 4326 859 4398 Populus
892 4319 1337 4397 apprOpinquans,
1364 4324 1453 4395 qui
1490 4325 1599 4393 iam
1633 4325 1689 4380 in
1723 4342 1878 4398 regno
1905 4324 2057 4394 Filii,

459 4421 693 4475 nondum
726 4419 779 4471 in
808 4431 965 4490 regno
1005 4415 1202 4472 Patris.
1229 4444 1303 4458 -—
1330 4416 1396 4470 Et
1430 4416 1558 4486 quia
1583 4415 1715 4470 illud
1745 4425 2056 4472 sanctorum

461 4517 547 4566 est
587 4523 834 4579 regnum,
875 4523 970 4580 per
999 4507 1141 4580 quod
1186 4517 1446 4580 regnante
1476 4507 1702 4562 Domino
1746 4507 1813 4563 ad
1844 4508 2058 4563 beatum

461 4615 686 4671 regnum
735 4599 828 4654 Dei
873 4599 1040 4668 patris
1083 4597 1445 4665 adscendent;
1492 4597 1766 4670 psalmum
1817 4598 1888 4654 ita
1941 4616 2066 4669 pro-

455 4695 617 4768 pheta
650 4693 957 4748 conclusit:
990 4692 1229 4765 Hymnus
1264 4693 1505 4747 omnibus
1537 4692 1728 4746 sanctis
1773 4692 1905 4764 ejus,
1937 4693 2061 4764 ﬁliis

457 4790 627 4847 Israel
655 4789 845 4863 populo
884 4789 1315 4862 appropinquanti
1357 4788 1474 4844 sibi.
1515 4786 1834 4846 Sanctorum
1877 4790 2054 4844 ornuis

462 4884 554 4941 hic
583 4883 814 4956 hymnus
843 4893 947 4949 est,
969 4880 1058 4952 qui
1085 4881 1274 4948 Deum,
1303 4888 1408 4937 non
1435 4889 1498 4937 ut
1520 4881 1698 4937 caeteri
1720 4879 1886 4954 648
1907 4899 2063 4953 reges

455 4986 550 5031 aut
580 4977 854 5048 principes
876 4984 968 5029 aut
1005 4974 1236 5044 judices,
1271 4991 1369 5044 pro
1400 4974 1617 5030 virtutis
1653 4984 1708 5029 ct
1747 4975 2050 5031 confessio-

451 5071 538 5125 nis
557 5069 916 5124 admiratione
945 5065 1182 5132 laudent,
1206 5067 1300 5122 sed
1327 5083 1421 5138 pro
1447 5067 1644 5138 gaudio
1666 5078 2054 5126 consummata:

453 5164 508 5219 in
540 5178 600 5220 se
628 5162 980 5220 beatitudinis
1005 5173 1060 5218 et
1084 5159 1444 5231 gratulatione
1471 5162 1801 5218 cantantium
1834 5179 1848 5216 :
1880 5164 2052 5218 sancti

449 5257 681 5327 scilicet,
711 5259 802 5330 qui
833 5256 1000 5314 Israel
1025 5255 1124 5312 ﬁlii
1154 5263 1300 5324 sunt,
1327 5255 1437 5311 Deo
1458 5257 1916 5328 pmpinquantes;
1942 5273 2052 5314 non

514 5435 593 5562 ἔα)
645 5435 928 5505 Quomodo
969 5431 1253 5506 superiore
1285 5441 1515 5492 tractatu
1562 5451 1710 5493 num.
1752 5439 1806 5507 5,
1849 5441 2039 5512 pruina

549 5509 668 5562 ulw.
699 5516 752 5562 et
790 5506 844 5562 in
891 5509 1020 5562 nsal.
1055 5521 1163 5562 LIX.
1199 5523 1254 5562 n.
1291 5509 1356 5562 14
1390 5507 1486 5562 :in
1523 5512 1847 5562 contentione
1876 5517 2037 5562 uicto-

444 5506 668 5573 nebulw,
699 5516 752 5563 et
790 5506 844 5563 in
891 5509 1020 5579 psal.
1055 5521 1163 5579 LIX,
1199 5523 1254 5562 n.
1289 5509 1356 5579 14
1390 5507 1486 5562 :in
1523 5506 2037 5568 contentione'victo-

444 5583 570 5656 riaz;
595 5581 668 5634 ita
695 5579 780 5656 hic
811 5577 1248 5656 tton‘crystallum
1267 5577 1548 5656 dumtaxat
1576 5583 1788 5656 ponitur
1808 5592 1901 5640 aut
1924 5587 2039 5656 gla-

2091 3073 2138 3142 C

2159 408 2398 476 honorat,
2428 426 2515 464 cor
2552 421 2723 466 autem
2757 428 2930 466 eorum
2967 413 3116 486 longe
3148 425 3223 468 est
3250 431 3284 467 α
3318 430 3397 468 me
3424 413 3641 482 (Matth.
3669 428 3767 481 xv,

2157 499 2248 573 8);
2281 501 2376 556 sed
2407 502 2460 556 hi
2493 505 2580 572 qui
2615 504 2962 558 merebuntur
2997 506 3208 572 audire,
3263 504 3436 577 Prope
3469 516 3544 560 est
3582 503 3773 559 Domi-

2159 610 2256 649 nus
2300 595 2534 649 erunibus
2571 595 2924 650 invocantibus
2961 613 3082 652 eum
3115 596 3236 668 (Ps.
3279 614 3460 662 cxuv,
3503 597 3616 667 i8).
3658 597 3776 652 illis

2159 703 2289 758 ergo
2323 688 2575 759 proprius
2608 688 2696 745 hic
2737 689 2973 762 hymnus
3009 700 3116 752 est,
3159 692 3248 760 qui
3282 691 3394 746 Deo
3437 691 3774 761 propinqua-

2159 781 2316 846 bunt,
2348 783 2440 852 qui
2472 800 2566 852 per
2598 784 2700 838 hoc
2725 795 2926 840 sanctae
2954 784 3257 841 Jerusalem
3291 802 3514 858 regnum
3547 787 3768 842 beatum

2156 882 2368 930 aeterno
2415 892 2584 946 regno
2630 878 2882 946 proximi,
2928 889 3048 948 post
3099 896 3327 950 regnum
3373 882 3586 936 Domini
3633 881 3767 936 Jcsu

2157 964 2360 1024 Christi
2415 967 2467 1022 in
2537 984 2760 1040 regnum
2823 971 2914 1025 Dei
2984 974 3152 1041 patris
3220 974 3450 1028 Domino
3534 989 3762 1044 congre-

2159 1071 2319 1131 gantc
2358 1062 2680 1131 transibunt,
2723 1063 2987 1131 Apostolo
3019 1065 3233 1120 dicente
3267 1083 3280 1118 :
3309 1066 3440 1121 Cum
3475 1067 3644 1122 tradet
3675 1083 3763 1122 re—

2160 1168 2316 1225 gnum
2349 1151 2459 1207 Deo
2498 1155 2666 1221 patri,
2689 1171 2807 1209 cum
2833 1156 3154 1212 concitaverit
3183 1173 3388 1212 omnem
3420 1157 3772 1230 principatum

2161 1255 2208 1300 et
2239 1263 2439 1300 omnem
2461 1256 2762 1319 potestatem
2784 1258 2834 1304 et
2853 1251 3090 1304 uirtutem
3137 1250 3350 1320 Oportet
3375 1253 3512 1305 enim
3531 1269 3650 1306 eunt
3679 1269 3768 1307 re-

2162 1356 2342 1410 gnare.
2366 1339 2528 1394 donec
2555 1351 2710 1411 ponat
2730 1358 2904 1397 omnes
2925 1343 3160 1398 inimicos
3183 1345 3276 1398 sub
3299 1344 3514 1415 pedibus
3536 1349 3652 1419 ejus
3669 1346 3769 1419 (ε).

2166 1433 2416 1490 Omnibus
2453 1435 2588 1490 enim
2630 1435 2872 1508 subjectis
2914 1436 3005 1491 sub
3048 1438 3261 1506 pedibus
3312 1441 3446 1512 ejus,
3493 1439 3775 1495 novissima

2165 1539 2440 1584 evacuatur
2477 1545 2637 1585 mors.
2677 1527 2814 1584 Cum
2860 1530 3058 1586 dixerit
3101 1548 3115 1586 :
3148 1531 3338 1586 Omnia
3374 1542 3494 1586 sunt
3541 1533 3772 1607 subjecta

2166 1633 2350 1696 preter
2379 1624 2528 1680 illum
2548 1627 2636 1696 qui
2660 1627 2708 1679 ei
2733 1625 2952 1696 subjecit
2986 1625 3179 1693 omnia,
3210 1637 3332 1681 tunc
3367 1629 3479 1694 ipse
3512 1629 3770 1702 subjectus

2087 1690 2137 1753 Β
2163 1690 2260 1772 erit
2298 1718 2379 1772 illi
2406 1719 2492 1787 qui
2613 1690 2837 1792 subjecil
2879 1719 3070 1785 omnia,
3111 1690 3173 1774 ut.
3197 1721 3263 1774 sit
3304 1690 3448 1775 Deus
3496 1690 3670 1775 omnia
3707 1724 3767 1778 in

2161 1807 2394 1864 omnibus
2415 1807 2562 1881 (Cor.
2593 1825 2682 1878 xv,
2739 1811 2812 1865 24
2851 1820 2900 1865 et
2921 1795 3110 1884 seqq)
3145 1811 3246 1866 llic
3272 1827 3402 1882 ergo
3430 1813 3658 1883 populus
3683 1822 3768 1870 est

2162 1903 2532 1974 propinquans
2577 1918 2745 1974 regno
2783 1904 2876 1960 Dei
2916 1902 3084 1975 patris
3123 1921 3220 1975 per
3257 1921 3482 1977 regnum
3524 1905 3617 1962 ﬁlii
3667 1908 3758 1963 Dei

2166 1995 2468 2066 proximus.
2509 1994 2722 2067 Regnat
2759 1997 2943 2068 itaque
2991 1997 3274 2064 Dominus,
3321 1998 3623 2055 traditurus
3659 2001 3767 2056 Deo

2165 2090 2303 2159 patri
2347 2104 2602 2158 regnum;
2651 2103 2758 2145 non
2810 2089 2963 2160 regni
3008 2099 3280 2162 potestate
3323 2091 3622 2156 cariturus.
3672 2092 3768 2148 sed

2161 2196 2283 2247 nos,
2313 2182 2403 2251 qui
2435 2197 2660 2248 regnum
2687 2182 2808 2251 ejus
2839 2197 3047 2249 sumus,
3077 2182 3188 2237 Deo
3216 2183 3351 2252 patri
3387 2183 3684 2239 traditurus
3711 2184 3765 2240 in

2163 2289 2390 2344 regnum
2421 2275 2520 2344 (V.
2554 2276 2592 2330 l.
2627 2291 2680 2330 ιι
2729 2275 2792 2330 de
2826 2274 3011 2341 Trin.,
3053 2292 3104 2329 n.
3153 2276 3270 2347 59).
3314 2277 3488 2348 Regni
3528 2278 3765 2347 traditio,

2166 2378 2353 2424 nostra
2385 2369 2666 2438 provectio
2693 2378 2808 2434 est;
2853 2375 2911 2423 ut
2939 2369 3026 2439 qui
3070 2370 3123 2424 in
3161 2385 3332 2441 regno
3372 2370 3495 2426 Filii
3538 2373 3761 2440 erimus,

2163 2462 2217 2516 in
2251 2478 2417 2533 regno
2448 2479 2662 2533 quoque
2689 2463 2859 2518 simus
2886 2473 2942 2518 et
2967 2463 3150 2518 Patris
3177 2464 3359 2534 :digni
3385 2481 3484 2536 per
3518 2466 3572 2520 id
3597 2481 3763 2538 regno

2163 2553 2367 2619 Patris,
2391 2553 2516 2625 quia
2539 2552 2684 2624 digni
2710 2569 2876 2624 regno
2896 2555 3097 2611 erimus
3124 2566 3180 2610 et
3199 2556 3359 2624 Filii;
3391 2558 3624 2628 proximi
3649 2569 3758 2613 tum

2163 2647 2339 2703 Patris
2367 2663 2552 2718 regno,
2587 2663 2709 2704 cum
2740 2648 2862 2704 Filii
2889 2646 2971 2720 (d)
3011 2650 3214 2706 erimus
3245 2652 3297 2705 in
3323 2665 3493 2722 regno
3521 2669 3534 2704 :
3565 2653 3657 2722 qui
3683 2659 3764 2708 est

2163 2739 2487 2798 benedictus
2517 2741 2574 2796 in
2603 2741 2799 2798 sarcula
2829 2741 3174 2796 smculorum.
3207 2742 3404 2798 Amen.

2673 2873 2988 2934 PSALMUS
3025 2875 3259 2934 CXLIX.

2836 2992 3081 3048 Alleluia.

2239 3081 2455 3142 Cantate
2476 3082 2702 3140 Dontino
2729 3086 2983 3145 canticum
3003 3101 3212 3154 nouum,
3235 3087 3350 3142 laus
3375 3086 3562 3162 (Infra,
3598 3090 3769 3147 lauds-

2165 3175 2259 3250 tio)
2291 3179 2401 3250 ejus
2433 3177 2485 3229 in
2517 3178 2728 3244 ecclesia
2750 3187 3066 3232 sanctorum.
3089 3177 3312 3234 Ltetclur
3335 3177 3506 3234 Israel
3520 3183 3576 3234 in
3595 3199 3651 3235 eo
3683 3183 3768 3251 qui

2164 3268 2286 3340 fecit
2328 3284 2462 3335 eum,
2494 3277 2542 3324 et
2581 3269 2680 3338 ﬁlii
2728 3269 2855 3324 Sion
2890 3271 3142 3324 exsultent
3184 3287 3338 3342 super
3384 3289 3554 3346 regem
3595 3290 3763 3328 suum.

2166 3362 2402 3420 Laudent
2430 3380 2614 3419 nomen
2644 3365 2756 3435 ejus
2792 3365 2846 3420 in
2876 3367 3055 3430 choro,
3087 3366 3141 3420 in
3167 3375 3418 3437 tympano
3449 3377 3498 3421 et
3524 3369 3766 3437 psalterio

2165 3456 2396 3527 psallunt
2413 3456 2478 3510 ei.
2507 3455 2763 3521 Quoniam
2779 3454 3148 3527 beneplacitum
3169 3467 3240 3512 est
3255 3456 3482 3512 Domino
3509 3461 3564 3513 in
3577 3462 3762 3531 populo

2171 3565 2266 3605 suo
2298 3565 2317 3605 :
2345 3551 2584 3605 exultavit
2609 3549 2794 3620 (Infra,
2829 3550 3095 3621 exaltabit)
3125 3563 3415 3606 mansuetos
3445 3553 3500 3605 in
3525 3553 3758 3608 salutem.

2164 3642 2511 3698 Exsultabunt
2525 3645 2686 3697 sancti
2701 3643 2752 3696 in
2767 3643 2964 3717 gloria:
2983 3644 3352 3700 laetabunturin
3369 3644 3629 3701 cubilibus
3640 3647 3758 3701 suis.

2164 3735 2551 3792 Exsultationes
2581 3736 2675 3791 Dei
2705 3738 2757 3790 in
2781 3738 3014 3805 [nucibus
3039 3737 3238 3810 (Intra,
3269 3739 3514 3808 gutture)
3545 3755 3712 3794 eorum
3743 3757 3758 3794 :

2163 3839 2213 3885 et
2232 3831 2436 3901 gladius
2447 3832 2687 3901 ancipitis
2704 3828 2886 3902 (infra,
2909 3830 3069 3904 gladii
3092 3830 3167 3884 bis
3188 3831 3348 3902 acuti)
3369 3833 3420 3885 in
3435 3832 3671 3886 manibus
3683 3847 3766 3885 eo-

2161 3939 2298 3990 rum,
2317 3925 2384 3978 ad
2397 3924 2685 3994 faciendam
2699 3924 2974 3978 vindictam
2993 3925 3048 3978 in
3060 3925 3373 3989 nationibus,
3392 3925 3764 3997 increpatione;

2165 4018 2350 4091 (Infra,
2374 4017 2775 4092 objurgationes)
2801 4019 2855 4072 in
2877 4019 3103 4089 populis.
3127 4019 3208 4072 Ad
3235 4019 3534 4093 alligandos
3555 4035 3698 4092 reges
3716 4020 3764 4074 in

2163 4112 2380 4166 manicis
2405 4121 2454 4167 et
2483 4111 2688 4185 (Abest
2709 4111 2847 4167 infra
2879 4113 3092 4168 manicis
3118 4115 3189 4182 et)
3218 4113 3566 4186 compedibus,
3601 4126 3646 4169 et
3675 4131 3762 4168 no-

2164 4205 2288 4262 biles
2309 4223 2483 4262 eorum
2525 4207 2576 4261 in
2605 4208 2821 4262 vinculis
2848 4207 3050 4279 ferreis.
3084 4206 3152 4264 Ut
3182 4209 3376 4279 faciant
3413 4209 3465 4262 in
3505 4209 3577 4264 eis
3621 4207 3750 4274 iudi-

2161 4301 2300 4356 cium
2321 4300 2665 4371 conscriptum
2689 4316 2709 4355 :
2735 4301 2900 4374 gloria
2919 4301 3026 4356 htec
3051 4309 3125 4358 est
3151 4301 3386 4356 omnibus
3414 4303 3610 4357 sanctis
3631 4305 3752 4376 ejus.

2517 4415 2685 4490 6&9
2708 4415 3123 4474 TRACTATUS
3161 4416 3432 4474 PSALMI.

2241 4507 2294 4564 l.
2318 4503 2519 4566 Psalmi
2543 4509 2822 4578 superioris
2851 4511 3302 4580 recapitulatio.-—
3334 4510 3600 4580 Superior
3630 4509 3760 4580 pSal-

2165 4615 2287 4656 mus
2311 4615 2528 4655 omnem
2557 4601 2894 4656 creationum
2938 4601 3310 4656 diversitatem
3340 4601 3404 4655 ad
3435 4602 3647 4656 laudem
3673 4602 3754 4656 Dei

2166 4694 2428 4751 creatoris
2467 4704 2550 4750 est
2581 4694 2900 4750 adhortatus
2927 4711 2940 4750 :
2969 4703 3024 4749 et
3072 4695 3208 4750 ordo
3237 4710 3266 4749 a
3297 4695 3611 4751 coelestibus
3658 4710 3756 4750 caa—

2166 4796 2314 4859 ptus,
2347 4795 2539 4841 cuncta
2571 4795 2732 4842 terra:
2762 4803 2825 4842 ac
2862 4787 3025 4842 maris
3049 4796 3101 4842 et
3131 4787 3274 4842 aeris
3319 4787 3612 4843 animantia
3641 4803 3753 4859 pcr-

2163 4880 2350 4945 currit,
2384 4879 2634 4935 universo
2661 4895 2876 4951 quoque
2901 4895 3100 4950 genere
3123 4887 3364 4944 aetatum,
3395 4893 3639 4945 sexuum,
3671 4893 3752 4947 po-

2164 4984 2420 5032 testatum
2452 4975 2519 5030 ad
2551 4974 2814 5030 honorem
2845 4974 3042 5030 debita:
3075 4973 3434 5028 confessionis
3461 4971 3748 5037 admonito,

2162 5081 2222 5126 ut
2241 5069 2469 5142 gloriam
2494 5069 2630 5142 ejus,
2651 5071 2743 5140 qui
2771 5084 2832 5124 se
2853 5067 2919 5124 ad
2943 5067 3106 5123 vitam
3129 5067 3446 5135 animasset,
3470 5065 3746 5132 ﬁrmasset,

2161 5172 2456 5232 ornasset,
2503 5163 2621 5234 pius
2670 5161 2967 5233 gratiarum
3021 5174 3201 5216 sermo
3255 5158 3575 5215 celebraret.
3605 5157 3747 5212 Post-

2158 5274 2343 5332 quam,
2374 5265 2438 5314 ut
2477 5257 2697 5328 dignum
2751 5255 2873 5338 fuit,
2907 5253 3178 5326 Propheta
3220 5252 3416 5326 psalmi
3459 5251 3623 5322 hujus
3651 5248 3745 5304 ﬁne

2249 5441 2303 5510 b)
2331 5439 2421 5497 Sic
2447 5453 2549 5494 ms.
2580 5437 2650 5494 At
2677 5437 2833 5502 editi,
2863 5437 3138 5492 videbitur.

2223 5439 2296 5586 ξε)
2331 5510 2613 5586 ΒΜἿᾸΞΙ·ἶ
2645 5521 2695 5586 et
2729 5509 2882 5586 Lips.
2911 5508 3100 5565 Omnes
3130 5508 3266 5586 enim
3291 5507 3476 5582 subjici

2246 5507 2296 5585 ε)
2331 5510 2613 5593 Dad.,ﬂEr:
2645 5521 2695 5593 et
2729 5509 2882 5593 Lips:
2911 5508 3100 5565 Omnes
3130 5508 3266 5593 enim
3291 5507 3528 5593 subjiciet
3545 5507 3631 5593 sub
3651 5522 3730 5593 pes

2147 5579 2296 5657 dib‘n's
2319 5585 2447 5657 ejus.
2477 5579 2772 5657 Novissima
2803 5583 2938 5639 enim
2953 5582 3284 5637 evacuabitur
3303 5579 3460 5638 mors.
3491 5580 3548 5637 V.
3573 5581 3659 5635 lib.
3683 5591 3732 5632 st

447 5655 568 5727 cies,
615 5651 708 5704 sed
745 5651 973 5722 crystalli
1016 5652 1226 5722 glacies,
1265 5652 1477 5708 duobus
1517 5653 1726 5727 legendi
1761 5651 1944 5713 modis
1964 5659 2036 5714 ita
2145 5658 2215 5714 de
2245 5651 2426 5727 Triin,
2453 5671 2510 5708 n.
2545 5653 2637 5727 2’2.

445 5721 736 5790 adoptatus.

2222 5727 2302 5804 (ά)
2333 5723 2497 5795 Editi,
2535 5724 2724 5788 erimus
2751 5739 2966 5804 regnum
2992 5742 3010 5782 :
3039 5724 3388 5800 corriguntur
3417 5740 3487 5786 ea
3517 5724 3640 5796 ms.)
