4006 6332
461 228 564 286 88⁸1

1649 219 1895 280 SANCTI
1935 193 2194 276 ﬂlLARlI
2235 216 2543 279 EPISCOPI

3657 228 3769 287 888

462 313 726 418 penitebit
749 343 911 418 651
939 341 1172 413 eum,Tu
1195 359 1246 398 es
1274 342 1514 398 sacerdos
1539 341 1594 396 in
1616 349 1864 396 aeternum
1882 354 2061 394 secun-
2085 340 2137 399 Α
2164 341 2461 410 evangelia,
2481 341 2534 397 in
2568 342 2865 401 exteriores
2893 345 3148 401 tenebras
3173 345 3503 418 deputantur
3533 347 3768 421 (Matth.

466 438 592 492 dum
614 437 845 492 ordinem
872 435 1250 491 Melchisedech
1271 433 1387 507 (Ps.
1419 448 1528 499 etx,
1561 431 1638 503 li).
1668 429 2060 502 (Iomplacitum

465 544 597 600 ergo
622 537 706 584 est
731 529 872 600 quod
897 529 1242 598 impornitens
1265 541 1384 582 esse
1411 524 1735 597 (a)juratum
1759 529 1843 578 est
1863 523 1934 588 ei,
1958 535 2064 591 quo

464 631 727 692 regnante
772 621 1068 676 secundum
1101 620 1344 676 ordinem
1393 617 1814 684 Melchisedech,
1846 617 1898 672 id
1952 621 2054 683 est,

465 716 710 786 gentium
738 723 794 770 et
822 730 949 784 rege
977 723 1033 770 et
1057 713 1366 780 sacerdote,
1397 712 1632 783 primum
1657 709 1952 766 mansuetis
1979 723 2066 764 sa-

467 809 577 876 lus,
605 809 806 866 deinde
835 809 1096 880 splendor
1126 817 1210 865 est
1248 807 1452 864 sanctis
1479 805 1880 863 exsultantibus
1905 819 2069 876 super

465 917 650 974 regem
679 917 860 957 suum.

542 998 597 1050 4.
624 995 939 1052 Sanctorum
969 993 1480 1067 privilegia.Guttur,
1515 994 1640 1066 quid
1658 993 1932 1066 signiﬁcet;
1949 993 2072 1063 quid

471 1090 696 1161 gladius.
723 1088 897 1144 Gladii
940 1090 1015 1144 bis
1037 1090 1175 1144 acuti
1201 1090 1315 1160 quis
1343 1104 1467 1142 usus
1490 1087 1696 1141 sanctis.
1721 1115 1795 1128 —
1817 1085 1922 1144 Sed
1953 1094 2074 1156 post

473 1188 787 1237 sanctorum
835 1182 1083 1251 gloriam,
1119 1178 1527 1248 intelligendum
1561 1186 1645 1232 est
1674 1176 1802 1247 quid
1857 1178 1924 1230 ad
1947 1190 2074 1231 can-

479 1273 568 1328 tici
600 1275 722 1327 novi
778 1272 1168 1343 plenitudinem
1212 1280 1577 1341 consequatur
1609 1288 1622 1324 :
1660 1269 1994 1326 Lcetabuntur
2021 1270 2075 1323 in

474 1366 724 1423 cubilibus
776 1369 901 1422 suis.
927 1367 1098 1424 Vens.
1137 1366 1191 1422 6.
1246 1364 1630 1420 Exsultationes
1662 1364 1756 1420 Dei
1795 1365 1848 1418 in
1876 1373 2080 1434 gutture

479 1478 677 1529 eorum,
707 1473 754 1518 et
783 1462 945 1534 gladii
995 1463 1072 1516 bis
1123 1462 1261 1515 acuti
1297 1462 1348 1515 in
1392 1461 1626 1514 manibus
1673 1461 1926 1530 ipsorum.
1958 1458 2077 1514 .Iam

480 1567 590 1608 non
640 1554 894 1626 lacrymis
919 1561 1148 1610 stratum
1184 1553 1467 1623 rigabitur,
1527 1567 1624 1607 nec
1651 1552 1704 1606 in
1735 1551 1836 1607 hoc
1891 1551 2079 1607 mortis

479 1662 711 1718 corpore
739 1647 1047 1719 degentium
1095 1648 1165 1702 ob
1208 1646 1416 1718 peccati
1479 1647 1856 1700 necessitatem
1894 1659 1959 1698 ac
1983 1643 2081 1698 do-

2171 448 2304 499 xxu,
2335 431 2447 505 i5).
2479 433 2547 489 Et
2575 435 2697 506 quia
2738 436 2850 493 illic
2878 437 2983 494 crit
3007 437 3164 494 ﬂetus
3193 447 3248 495 et
3265 440 3465 496 stridor
3493 440 3771 508 dentium,

2172 524 2266 580 {iet
2307 525 2568 595 judicium
2616 529 3021 600 conscriptum,
3068 530 3212 602 quod
3243 531 3326 587 lex
3369 532 3575 588 scilicet
3624 548 3774 604 prie-

2171 619 2488 691 scripserat,
2537 623 2680 692 quod
2717 623 3000 696 Propheta:
3050 627 3446 696 nuntiaverant,
3478 627 3622 698 quod
3653 644 3776 683 om-

2173 713 2256 767 nis
2311 712 2525 770 divinus
2563 723 2680 772 erat
2722 733 2902 774 sermo
2949 729 3196 776 testatus.
3244 720 3357 776 lloc
3388 722 3541 787 ﬁdes,
3569 723 3772 794 pietas,

2172 809 2524 875 continentia,
2547 813 2818 867 confessio
2849 812 3009 868 habet
3038 815 3287 870 meritum
3322 833 3335 868 :
3364 815 3467 871 hoc
3523 827 3774 872 contem-

2173 909 2298 972 ptus
2322 902 2506 956 saeculi
2530 904 2766 959 muneris
2793 905 3098 971 sumit,iieri
3123 922 3302 978 regem
3324 923 3776 980 regum,quorum

2175 993 2297 1048 odia
2329 994 2398 1048 ob
2438 995 2602 1069 652
2647 994 2850 1051 Christi
2892 1011 3086 1054 nomen
3134 1010 3358 1069 excepta
3402 999 3549 1066 sint;
3579 999 3779 1055 vinciri

2177 1086 2414 1152 nobiles,
2445 1102 2673 1156 quorum
2709 1103 2810 1143 nos
2838 1089 3051 1144 vincula
3095 1105 3450 1161 carceresqne
3495 1092 3780 1147 concluse-

2178 1180 2287 1236 rint
2311 1197 2326 1246 ;
2347 1181 2712 1251 conscriptum
2737 1183 2789 1236 in
2811 1198 2904 1238 eos
2927 1183 3189 1253 judicium
3214 1184 3521 1258 liabetur(f.
3540 1185 3776 1256 haberi),

2181 1289 2408 1344 quorum
2451 1283 2506 1328 et
2533 1275 2695 1345 gladii
2726 1275 3097 1343 desznvierint,
3123 1285 3180 1332 et
3229 1288 3487 1347 potestas.
3521 1277 3614 1334 Sic
3645 1293 3773 1333 san-

2181 1374 2387 1423 ctorum
2431 1367 2599 1439 gloria
2673 1371 2849 1423 omnis
2874 1384 2903 1422 a
2931 1369 3041 1424 Deo
3081 1379 3186 1438 est,
3221 1386 3340 1425 cum
3374 1379 3498 1440 post
3525 1370 3624 1425 has
3651 1371 3780 1425 vitae

2180 1469 2236 1516 et
2255 1475 2558 1540 corporum
2577 1459 2854 1531 passiones
2877 1471 3127 1517 exserant
3152 1470 3496 1534 potestatem.
3530 1463 3622 1519 Sic
3651 1477 3780 1518 cano

2184 1556 2276 1610 tici
2308 1557 2432 1610 novi
2479 1555 2714 1628 hymnus
2764 1557 3042 1628 impletur,
3078 1574 3202 1614 cum
3249 1569 3370 1629 post
3413 1559 3657 1631 gentium
3687 1573 3787 1630 ορ·-

2190 1647 2468 1719 probrium
2496 1664 2796 1719 regumque
2821 1649 3093 1705 cruciatus
3112 1650 3370 1721 judicium
3411 1652 3784 1720 conscriptum

481 1741 654 1794 lorem
680 1741 929 1796 noctibus
958 1740 1184 1810 singulis
1213 1740 1382 1794 lectus
1412 1737 1699 1793 iuvabitur.
1731 1738 1788 1792 In
1815 1736 2084 1792 cubilibus
2113 1739 2161 1799 B
2188 1742 2240 1796 in
2269 1748 2460 1810 gentes
2491 1756 2755 1812 regesque
2782 1742 3100 1808 decernant,
3121 1743 3317 1814 quibus
3337 1735 3594 1798 Dominus
3626 1737 3786 1800 Jesus

485 1831 631 1887 enim
657 1834 766 1901 jam
799 1835 912 1887 suis
939 1832 1114 1887 sancti
1165 1830 1488 1886 lmtabuntur
1518 1830 1570 1884 in
1612 1828 1824 1900 gloria;
1852 1837 1906 1882 et
1931 1828 2002 1883 ob
2029 1827 2080 1883 id

483 1924 580 1980 Dei
627 1926 1020 1981 exsultationes
1049 1940 1267 1996 semper
1316 1923 1370 1978 in
1420 1931 1658 1994 gutture.
1685 1923 1788 1978 Per
1814 1920 2084 1993 signiﬁca-

484 2019 688 2075 tionem
728 2021 985 2091 gutturis,
1012 2020 1242 2075 internaa
1280 2018 1628 2075 conscientiae
1656 2026 1983 2088 protestatur
2005 2015 2085 2070 af-

485 2112 709 2168 fectum.
741 2113 847 2170 Sed
876 2128 1053 2184 neque
1083 2114 1258 2168 solum
1302 2112 1356 2167 in
1383 2125 1575 2167 eorum
1606 2119 1822 2182 gutture
1847 2109 2086 2166 exsulta-

485 2205 562 2261 tio
593 2206 681 2260 Dei
719 2216 800 2262 est
827 2223 843 2273 ;
880 2221 1068 2260 verum
1099 2207 1260 2261 etiam
1305 2206 1551 2275 ipsorum
1579 2219 1773 2260 manus
1805 2204 1889 2259 bis
1915 2204 2086 2259 acutis

487 2298 680 2370 gladiis
703 2299 1074 2355 armabuntur.
1110 2299 1236 2355 Haec
1263 2298 1390 2354 (iliis
1421 2300 1551 2355 Sion
1573 2299 1811 2369 cognitio
1841 2298 1983 2368 regis
2007 2299 2088 2351 in-

487 2391 714 2463 dulget,
762 2393 958 2464 quibus
1000 2393 1052 2447 in
1101 2392 1284 2448 choris
1334 2393 1710 2465 tympanisque
1735 2391 2089 2462 psallentibus

489 2490 748 2558 disposita
776 2492 845 2544 sit
889 2498 944 2544 et
982 2490 1149 2556 salus,
1178 2496 1234 2544 et
1259 2489 1453 2560 gloria,
1477 2497 1530 2543 et
1562 2486 1768 2553 laetitia,
1801 2496 1858 2542 et
1902 2486 2090 2542 exsul-

489 2583 643 2646 tatio,
688 2589 744 2634 et
785 2589 1042 2651 potestas.
1070 2579 1204 2634 Nam
1253 2588 1575 2650 potestatem
1630 2581 1680 2633 in
1711 2578 1890 2648 gladio
1914 2577 1992 2651 (b)
2019 2578 2093 2632 si-

491 2676 886 2746 gniticari,tum
918 2675 1159 2744 pluribus
1192 2673 1347 2737 locis,
1377 2683 1486 2727 tum
1514 2674 1972 2742 consequentibus
1993 2672 2091 2728 ad-

489 2782 796 2823 monemur.
827 2766 938 2820 Cur
980 2767 1124 2821 enim
1154 2765 1237 2820 bis
1261 2766 1403 2819 acuti
1444 2765 1606 2835 gladii
1633 2766 1686 2820 in
1717 2765 1968 2820 manibus
1993 2780 2091 2821 eo-

493 2876 614 2916 rum
638 2867 842 2923 essent,
858 2858 1072 2914 edocuit
1094 2873 1224 2912 mox
1247 2856 1538 2927 Pr0pheta,
1559 2856 1766 2923 dicens,
1785 2856 1950 2912 Vens.
1974 2857 2088 2915 7-9:

493 2951 576 3006 Ad
605 2953 896 3026 faciendam
941 2951 1220 3005 vindictam
1265 2951 1318 3003 in
1363 2951 1679 3016 nationibus,
1711 2952 2093 3024 objurgationes

493 3051 547 3105 in
574 3049 820 3120 populis;
841 3050 908 3104 ad
935 3048 1227 3119 alligandos
1247 3064 1387 3120 reges
1408 3063 1582 3103 eorum
1600 3049 1653 3100 in
1667 3045 2013 3111 compedibus,
2046 3053 2095 3100 et

2185 1834 2434 1890 Christus
2465 1844 2520 1890 et
2547 1835 2852 1905 unigenitus
2902 1835 3043 1890 Deus
3091 1845 3148 1890 et
3181 1836 3438 1891 Dominus
3468 1845 3524 1891 et
3548 1851 3644 1892 rex
3673 1845 3779 1904 est,

2185 1927 2275 1997 qui
2307 1937 2392 1982 est
2421 1926 2737 1984 benedictus
2761 1928 2814 1982 in
2844 1928 3038 1984 saecula
3063 1928 3406 1984 saeculorum.
3433 1927 3629 1985 Amen.

2722 2062 3040 2122 PSALMUS
3076 2064 3182 2121 CL.

2262 2178 2496 2234 Laudate
2520 2176 2800 2235 Dominum
2845 2179 2900 2234 in
2929 2180 3121 2234 sanctis
3167 2183 3319 2254 ejus:
3345 2179 3554 2235 laudate
3592 2195 3704 2234 eum
3729 2181 3788 2233 in

2191 2273 2516 2343 firmamento
2558 2273 2758 2327 uirtutis
2811 2276 2938 2347 ejus.
2992 2273 3226 2328 Laudate
3268 2290 3381 2329 eum
3414 2274 3472 2328 in
3521 2274 3790 2329 virtutibus

2193 2369 2302 2438 ejus
2328 2385 2348 2424 :
2378 2368 2584 2422 laudate
2612 2384 2726 2422 eum
2755 2368 3034 2424 secundum
3061 2368 3441 2425 multitudinem
3473 2371 3787 2441 magnitudi-

2193 2463 2274 2516 nis
2313 2465 2446 2536 ejus.
2498 2461 2728 2517 Laudate
2756 2480 2870 2516 eum
2897 2463 2951 2517 in
2975 2480 3104 2518 sono
3159 2464 3332 2520 (abte:
3360 2465 3571 2519 laudate
3596 2481 3708 2520 eum
3729 2466 3787 2520 iss

2195 2555 2436 2627 psalterio
2462 2566 2508 2610 et
2539 2555 2758 2608 cithara.
2784 2554 3020 2610 Laudate
3046 2573 3160 2610 eum
3186 2558 3241 2610 in
3268 2567 3513 2628 tympano
3528 2566 3576 2611 et
3597 2557 3747 2612 choro
3765 2575 3787 2615 .'

2196 2648 2403 2703 laudate
2431 2664 2546 2702 eum
2573 2648 2628 2701 in
2655 2647 2860 2702 chordis
2903 2657 2950 2702 et
2977 2666 3189 2720 organo.
3233 2647 3467 2703 Laudate
3489 2667 3603 2704 eum
3651 2668 3790 2721 cym-

2197 2742 2328 2796 balis
2373 2741 2496 2796 bene
2540 2741 2864 2804 sonantibus,
2887 2741 3094 2796 laudate
3122 2759 3236 2796 eum
3256 2743 3308 2796 in
3334 2742 3584 2815 cymbalis
3594 2743 3788 2816 μεθεισ-

2198 2833 2350 2888 tionis
2371 2849 2391 2901 ;
2412 2833 2577 2889 omnis
2599 2833 2816 2902 spiritus
2853 2832 3025 2888 laudet
3053 2833 3352 2890 Dominum.

2627 2945 3040 3003 TRACTATUS
3093 2945 3214 3002 PSA
3223 2946 3362 3003 LMI.

2274 3039 2326 3096 1.
2351 3038 2552 3094 Psalmi
2591 3039 2844 3110 mysteriis
2866 3039 3064 3110 referti.
3089 3036 3193 3095 Cur
3228 3041 3282 3094 in
3310 3050 3410 3095 tres
3433 3041 3787 3113 quinquagesi.

496 3142 692 3198 nobiles
719 3157 892 3196 eorum
922 3142 975 3196 in
1013 3142 1230 3196 manicis
1266 3143 1483 3211 ferreis;
1509 3149 1567 3194 ut
1609 3139 1802 3210 faciant
1829 3139 1880 3192 in
1906 3139 1984 3192 his
2001 3141 2093 3211 ju-
2120 3135 2166 3200 C
2198 3148 2307 3186 mas
2333 3131 2614 3186 distributi.
2645 3161 2716 3174 -—
2743 3130 2946 3202 Magnis
2979 3131 3306 3201 psalmorum
3362 3132 3558 3189 librum
3614 3149 3787 3191 sacra-

495 3236 686 3290 dicium
733 3235 1113 3306 conscriptum:
1139 3234 1306 3306 gloria
1362 3235 1470 3288 hazc
1516 3243 1588 3288 est
1618 3233 1854 3288 omnibus
1904 3232 2096 3286 sanctis

493 3331 626 3402 ejus.
673 3326 788 3382 Hoc
830 3341 960 3398 ergo
1008 3337 1090 3382 est
1130 3327 1398 3382 canticum
1437 3341 1637 3381 novum
1684 3325 1812 3381 dum
1863 3325 2096 3380 humiles

497 3432 657 3476 terrae
719 3419 1070 3488 tribulatique
1113 3419 1276 3474 corde
1318 3419 1536 3488 regibus
1595 3421 1992 3473 constituantur
2040 3417 2094 3472 in

495 3527 655 3583 reges
683 3554 698 3578 ,
753 3527 876 3567 cum
955 3511 1246 3566 existimati
1292 3521 1642 3580 purgamenta
1689 3511 1876 3566 mundi
1923 3521 1978 3566 et
2006 3511 2093 3566 vel

497 3605 742 3661 abortivo
793 3605 1033 3675 gentium
1057 3605 1237 3659 lumen
1270 3603 1454 3657 mundi
1478 3613 1533 3658 et
1556 3603 1758 3660 ultores
1787 3605 1896 3658 sint
1918 3605 2096 3660 natio-

498 3715 628 3755 num
677 3697 720 3770 (l
753 3699 870 3753 Cor.
920 3714 995 3764 tv,
1043 3696 1156 3767 15).
1187 3696 1364 3752 Gladii
1389 3699 1533 3752 enim
1565 3698 1647 3752 bis
1671 3701 1812 3751 acuti
1844 3698 1896 3752 in
1927 3697 2100 3752 mani-

497 3793 601 3848 bus
629 3806 815 3846 eorum
845 3799 973 3845 sunt
1000 3807 1012 3842 :
1044 3789 1116 3862 (ο)
1144 3789 1267 3859 quia
1309 3797 1498 3844 sancto
1553 3788 1632 3842 illi
1691 3789 1744 3843 in
1773 3789 2096 3861 Apocalypsi

495 3885 706 3959 gladius
747 3884 828 3939 bis
866 3893 1056 3940 acutus
1102 3899 1167 3938 ex
1207 3897 1302 3938 ore
1327 3884 1418 3950 sit,
1444 3882 1704 3953 judicium
1738 3884 1974 3956 undique
2003 3901 2096 3954 po-

496 3980 709 4036 testatis
761 3991 1022 4033 exercens
1055 3975 1242 4048 (Apoc.
1285 3991 1398 4044 XIX,
1449 3977 1560 4048 15).
1603 3974 1737 4032 Nam
1766 3987 1820 4032 et
1859 3976 2094 4046 gladium

499 4075 652 4131 venit
710 4072 970 4128 Dominus
1027 4071 1243 4126 mittere
1274 4072 1328 4125 in
1370 4078 1568 4126 terram
1596 4071 1810 4142 (Matth.
1864 4088 1918 4139 x,
1953 4070 2044 4144 54)
2079 4091 2093 4126 :

497 4178 554 4225 et
577 4167 750 4224 sancti
791 4163 1086 4221 secundum
1114 4162 1433 4234 Apostolum
1462 4164 1721 4219 mundum
1748 4164 2089 4234 judicabunt,

496 4271 553 4317 et
595 4263 647 4315 in
680 4260 786 4314 illis
813 4258 1146 4330 judicabitur
1173 4259 1407 4313 mundus
1453 4258 1494 4328 (l
1509 4258 1631 4315 Cor.
1661 4277 1736 4328 vr,
1765 4259 1847 4328 2).
1881 4262 2093 4329 Dictum

389 4371 404 4375 -
497 4363 584 4410 est
607 4352 775 4419 enim,
815 4362 908 4408 aut
949 4352 1170 4408 nescitis
1191 4351 1313 4422 quia
1354 4355 1577 4423 angelos
1602 4355 1734 4409 estis
1755 4355 2094 4426 judicaturi?

495 4447 585 4504 Fit
613 4462 742 4517 ergo
787 4462 883 4517 per
912 4462 1007 4502 eos
1050 4446 1290 4502 vindicta
1322 4447 1374 4502 in
1408 4448 1742 4514 nationibus;
1780 4450 1922 4506 Deus
1948 4452 2091 4506 enim

2198 3228 2394 3283 mentis
2417 3241 2596 3282 rerum
2624 3224 2923 3282 ctelestium
2942 3229 3200 3282 refertum
3223 3242 3344 3283 esse
3365 3243 3510 3299 saepe
3534 3233 3782 3288 tractari-

2197 3335 2338 3388 mus,
2359 3319 2439 3374 vel
2465 3334 2588 3374 cum
2615 3317 2897 3388 dispositio
2926 3319 3280 3388 singulorum,
3309 3328 3496 3374 contra
3523 3323 3776 3392 temporis

2199 3425 2596 3488 gestorumque,
2617 3420 2906 3483 rationem,
2936 3416 3202 3483 ordinem,
3235 3432 3630 3490 numerumque
3679 3436 3786 3476 sor-

2199 3514 2295 3566 tita
2326 3511 2431 3580 sit,
2473 3513 2556 3567 vel
2603 3527 2725 3566 cum
2777 3511 3269 3582 superscriptiones
3292 3514 3571 3570 nonnullae
3613 3514 3781 3581 aliter,

2199 3620 2358 3676 quam
2429 3602 2780 3659 Hebraeorum
2855 3602 3006 3658 libris
3062 3604 3460 3674 continentur,
3507 3607 3784 3679 adscripta:

2199 3708 2345 3765 sunt,
2375 3699 2459 3753 vel
2482 3712 2605 3753 cum
2635 3697 2772 3752 tituli
2799 3696 3002 3767 plures,
3031 3713 3154 3753 cum
3170 3699 3307 3765 nulli
3335 3699 3466 3768 sint,
3502 3699 3782 3770 praieran-

2201 3799 2305 3846 tur.
2333 3789 2468 3846 Cum
2499 3804 2630 3861 ergo
2685 3791 2825 3844 ultra
2878 3789 3067 3844 littera:
3095 3790 3409 3860 Opinionem
3438 3792 3680 3847 celsioris
3705 3791 3783 3846 in-

2201 3882 2512 3954 telligentiae
2542 3897 2704 3958 sensu
2734 3883 2987 3938 volumen
3013 3882 3280 3954 digestum
3312 3883 3382 3939 sit
3408 3901 3422 3949 ;
3448 3885 3687 3955 Oportuit
3711 3883 3782 3939 id-

2200 3977 2374 4046 ipsum
2407 3975 2570 4045 digno
2617 3976 2720 4029 line
2759 3974 3041 4030 concludi:
3073 3983 3131 4028 ut
3175 3976 3472 4032 secundum
3503 3979 3779 4045 gloriosam

2204 4069 2322 4140 spei
2365 4078 2566 4124 nostra:
2619 4066 3009 4141 perfectionem
3059 4069 3202 4125 liber
3247 4085 3462 4142 quoque
3493 4073 3627 4128 tanti
3657 4073 3778 4128 Pro.

2200 4165 2375 4236 pheta:
2422 4172 2830 4240 consummatus
2893 4164 3202 4220 exsisteret.
3258 4164 3500 4220 Primum
3547 4167 3689 4220 enim
3732 4169 3778 4219 in

2198 4274 2322 4314 eum
2350 4267 2434 4314 est
2465 4272 2746 4313 numerum
2775 4256 3114 4322 distributus,
3135 4258 3224 4329 qui
3255 4273 3320 4312 ex
3345 4259 3616 4329 tripartito
3635 4260 3777 4329 quin-

2199 4353 2514 4425 quagesitno
2557 4365 2784 4407 numero
2815 4360 2962 4406 esset
3010 4350 3329 4420 explendus,
3357 4365 3482 4406 cum
3539 4366 3710 4422 neque
3731 4351 3776 4405 in

2203 4448 2445 4504 "Cbl‘i’llis
2499 4461 2756 4502 numerus
2803 4445 3028 4516 singulis
3067 4445 3369 4516 quibusque
3395 4459 3675 4501 connexus
3697 4445 3772 4510 sit,

495 4542 553 4596 in
587 4540 744 4595 nobis
770 4548 855 4594 est
893 4539 973 4613 (d)
1001 4541 1287 4595 ultionum.
1318 4539 1630 4611 Objurgatio
1657 4541 1852 4598 deinde
1884 4545 2090 4600 exseri-
2116 4526 2170 4586 Ῑ)
2197 4552 2252 4598 et
2302 4542 2543 4612 plerique
2587 4539 2727 4610 apud
2759 4553 2856 4594 eos
2901 4538 3111 4610 psalmi,
3153 4552 3260 4608 quo
3284 4538 3461 4593 minus
3504 4539 3593 4594 hic
3624 4537 3780 4608 tripli-

497 4643 587 4688 tur
628 4631 682 4686 in
735 4632 960 4702 populos
993 4649 1007 4686 :
1048 4632 1222 4688 ﬁdelis
1277 4648 1510 4704 namque
1557 4642 1676 4699 est,
1717 4637 1806 4706 qui
1847 4637 1922 4692 ait
1956 4636 2093 4692 :Ar-

492 4741 650 4799 guam
672 4734 803 4791 te,et
831 4733 1052 4778 statuam
1081 4727 1188 4780 haec
1213 4738 1394 4781 contra
1424 4727 1609 4797 [aciem
1627 4736 1765 4782 tuam
1789 4727 1908 4803 (Ps.
1941 4747 2088 4800 xux,

493 4820 613 4894 21).
665 4819 770 4875 Sed
817 4818 1135 4887 arguitionis
1176 4820 1334 4890 lmjus
1376 4821 1461 4877 hic
1491 4822 1671 4877 exitus
1719 4832 1820 4890 est,
1855 4834 1908 4878 ut
1935 4841 2092 4896 reges

493 4915 771 4969 nationum
792 4910 1109 4982 nobilesque
1133 4928 1317 4968 earum
1347 4915 1574 4970 manicis
1600 4924 1655 4970 et
1683 4917 1946 4985 compede
1973 4918 2092 4974 vin-

490 5012 722 5067 ciantur.
751 5007 928 5064 Vineti
955 5007 1101 5063 enim
1129 5008 1378 5065 manibus
1408 5019 1464 5066 et
1507 5009 1758 5081 pedibus,
1789 5013 2087 5070 secundum

485 5171 654 5227 ctioni
707 5177 1008 5242 repugnant
1077 5169 1405 5242 sequentia.
1437 5169 1688 5240 Apertius
1746 5170 2084 5240 impaenitenti

485 5240 804 5298 sacramento
831 5243 1127 5305 diceretur,
1161 5241 1253 5294 sed
1283 5240 1498 5310 quidam
1528 5246 1580 5295 in
1605 5242 1786 5296 verbis
1827 5244 1977 5298 lusus
2003 5243 2086 5298 af-

481 5315 710 5370 fectatus
740 5314 988 5378 videtur,
1046 5314 1172 5381 quia
1227 5312 1481 5367 nimirum
1529 5313 1837 5385 ptenitentiae
1874 5316 2081 5386 querela

488 5388 739 5458 proxime
763 5386 870 5453 jam
897 5386 1098 5440 dictum
1123 5395 1290 5440 esset.

560 5459 632 5529 (τι)
665 5456 789 5530 Par.
835 5459 1072 5530 juratum
1098 5467 1193 5530 est,
1228 5456 1309 5511 cui
1365 5465 1659 5530 regnantem
1689 5457 1971 5513 secundum
1997 5474 2084 5515 or-

485 5527 654 5584 dinem
684 5527 1084 5593 Melchisedech,
1115 5529 1250 5582 idem
1281 5527 1526 5599 gentium,
1557 5537 1662 5582 etc.

558 5600 636 5669 (b)
683 5599 816 5673 Huic
879 5600 1200 5673 correctioni
1256 5598 1476 5673 nemo,
1522 5598 2081 5673 puto,_refragabitur,

485 5670 732 5745 quamvis
763 5670 911 5745 (apud
942 5670 1062 5745 Par.
1085 5671 1240 5742 juxta
1260 5686 1360 5728 ms.
1395 5669 1598 5728 editum
1650 5671 1740 5737 sit,
1773 5669 2078 5745 signiﬁcian

487 5739 613 5793 tium
643 5740 874 5809 pluribus
895 5741 1039 5798 locis.

2199 4637 2277 4693 cis
2318 4633 2389 4708 (ε)
2433 4631 2909 4710 quinquagesimus
2958 4646 3214 4686 numerus
3254 4631 3593 4699 conveniret,
3621 4631 3775 4702 juncti

2201 4740 2343 4786 sunt.
2371 4728 2496 4784 Fuit
2534 4741 2663 4797 ergo
2709 4727 2762 4781 in
2822 4726 3229 4781 translatoribus
3277 4726 3377 4780 hoc
3423 4725 3778 4797 intelligentiae

2201 4820 2480 4894 Spiritalis,
2513 4829 2570 4874 ut
2599 4826 2913 4890 congestam
2947 4818 3086 4873 hanc
3131 4818 3183 4874 in
3235 4817 3484 4888 plurimis
3508 4818 3775 4874 continua-

2202 4926 2420 4987 tamque
2469 4912 2667 4969 seriem
2714 4912 3043 4982 partirentur
3077 4911 3129 4966 in
3189 4926 3471 4966 numerum
3508 4920 3607 4966 :ut
3645 4909 3777 4982 psal-

2201 5025 2410 5067 morum
2452 5008 2693 5064 omnium
2741 5007 2827 5062 hic
2873 5015 2928 5063 et
2953 5005 3088 5062 ordo
3123 5014 3178 5064 et
3198 5021 3476 5073 numerus,
3507 5005 3599 5078 qui
3625 5005 3674 5061 in
3699 5003 3774 5059 bis

2262 5171 2334 5242 (ε)
2358 5171 2426 5226 Et
2448 5171 2534 5226 hic
2564 5167 2918 5242 restituimus,
2945 5169 3089 5239 quia,
3115 5168 3206 5242 ubi
3229 5165 3506 5242 obtinebat
3535 5168 3637 5237 qui.
3662 5163 3768 5242 Mox

2187 5238 2410 5300 verbum
2439 5257 2677 5298 exercens
2700 5238 3046 5309 (familiarius
3094 5240 3296 5296 Hilario
3327 5241 3468 5294 foret
3497 5238 3764 5309 merens),

2187 5331 2285 5386 per
2309 5314 2596 5388 quemdam
2629 5308 2840 5382 tropum
2889 5313 2954 5368 ad
2985 5313 3220 5384 gladium
3261 5311 3345 5368 bis
3374 5321 3589 5366 acutum
3615 5308 3766 5364 reter-

2188 5397 2298 5444 tur.

2267 5461 2346 5532 (d)
2378 5458 2529 5527 Apud
2559 5458 2686 5512 Par.
2719 5453 2978 5511 ultionum
2999 5452 3520 5531 objurgatio.Deinde
3548 5472 3567 5510 :
3596 5453 3766 5509 vitiosa

2192 5531 2652 5598 inter-punctione.

2261 5597 2412 5686 (e)ﬁEt
2437 5603 2523 5686 hic
2550 5599 2830 5682 legendum
2854 5599 3068 5684 videtur
3084 5600 3301 5686 triplicis
3323 5597 3755 5686 qui_nquagesinttt_.

2185 5686 2241 5749 et
2269 5671 2408 5749 intra
2438 5671 3082 5746 tribusquinquagesimis,
3107 5671 3226 5732 loco
3267 5673 3423 5732 verbi
3445 5671 3766 5744 trisquinqua-

2185 5748 2424 5818 gcsimas.
