3896 6336
118 254 234 313 889

757 248 1072 310 MONITUM
1103 247 1192 305 DE
1232 244 1732 304 COMMENTARIO
1769 245 1834 303 IN
1876 245 2192 306 PSALMOS
2232 248 2351 318 XV,
2391 249 2585 320 XXXI,
2625 249 2764 308 XLI.

3226 257 3418 316 ’890

119 371 702 447 trisquinquagesimus
732 379 837 434 est,
892 369 1066 440 possit
1089 366 1298 440 expleri
1347 364 1441 438 (V.
1474 364 1715 436 Prolog.,

1830 363 2216 422 babitationum
2247 377 2300 423 et
2329 368 2595 425 claritate.
2627 369 2930 427 Laudamus
2954 370 3157 430 idcirco
3182 375 3234 431 in
3273 389 3424 448 cym-

120 485 176 524 n.
212 467 342 538 11);
373 471 641 538 totiusque
683 463 804 520 libri
825 463 966 518 idem
998 461 1086 518 hic
1111 459 1266 531 quasi
1294 467 1466 515 status
1491 459 1721 514 exsiste-

118 570 231 628 ret,
276 563 366 632 qui
401 560 543 621 ﬁdei.
577 567 637 614 ut
666 560 718 613 in
767 556 1216 628 quinquagesimo
1237 553 1447 625 psalmo
1494 552 1725 608 centesi-

118 670 327 727 moque
377 656 538 730 653
585 654 950 716 tractavimus,
981 665 1208 723 quorum
1256 665 1396 705 unus
1427 647 1720 705 secundum

121 752 442 821 prtescripta
477 751 632 822 legis,
686 757 808 820 post
848 747 1199 803 sabbatorum
1248 744 1467 801 sabbata
1512 739 1724 797 confes-

115 843 336 899 sionem
393 845 594 914 peccati
669 841 1162 910 remissionemque
1229 837 1544 907 complexus
1612 842 1720 901 est,

117 935 266 991 alius
321 935 422 992 sub
470 935 715 1006 ejusdem
756 933 966 988 numeri
1009 928 1342 1002 plenitudine
1395 943 1501 983 non
1549 926 1723 982 indul-

115 1030 363 1101 gentiam
404 1031 652 1102 peccati,
700 1029 794 1086 sed
824 1028 1056 1086 t‘ructum
1101 1026 1446 1097 ofﬁciumque
1499 1025 1722 1096 justitite

117 1125 562 1196 comprehendit.
597 1124 674 1196 (a)
692 1123 824 1180 Post
854 1139 973 1194 qua:
999 1137 1214 1178 rursum
1243 1120 1506 1178 aediﬁcata
1529 1120 1639 1192 jam
1669 1121 1722 1176 in

114 1228 390 1275 aternum
419 1220 514 1276 Dei
544 1219 782 1284 civitate,
831 1229 886 1274 et
927 1217 1180 1273 omnibus
1208 1216 1275 1272 ad
1296 1216 1722 1286 gratulationem

117 1311 243 1380 ejus
261 1312 583 1384 laudemque
603 1313 970 1378 commonitis,
990 1311 1088 1367 sub
1114 1308 1355 1379 ejusdem
1382 1325 1594 1364 rursum
1619 1325 1721 1363 nu-

116 1406 260 1462 meri
293 1416 559 1475 pou-state
585 1420 710 1478 spes
744 1415 829 1461 est
851 1412 1220 1460 consummata
1250 1411 1581 1467 sanctorum,
1609 1401 1720 1471 jatn

117 1501 192 1557 ad
213 1501 519 1571 spiritalem
559 1501 810 1556 omnibus
848 1500 1075 1571 gloriam
1107 1507 1462 1568 naturamque
1493 1510 1722 1552 renova-

119 1594 195 1650 tis
223 1611 237 1647 :
270 1603 327 1648 ut
356 1593 618 1664 gradatim
651 1609 750 1662 per
777 1593 880 1648 hoc
925 1592 991 1648 ad
1025 1591 1117 1647 Dei
1145 1590 1478 1648 consortium
1507 1588 1722 1644 venire-

123 1696 238 1753 tur,
272 1701 390 1742 cum
448 1696 794 1758 peccatorum
845 1685 1096 1742 remissio
1116 1684 1244 1740 vita:
1273 1683 1636 1738 innocentiam
1666 1689 1721 1736 et

1824 456 1962 513 balis
2014 457 2154 515 bene
2199 461 2520 516 sonantibus
2567 462 2668 516 :in
2727 464 2988 534 cymbalis
3039 466 3420 526 cxsultationis

1826 547 1944 603 laus
1996 551 2096 605 ista
2154 553 2450 621 perficitur.
2479 554 2612 623 Qum
2645 555 2764 611 laus
2787 558 2970 620 omnis
3001 559 3052 613 in
3090 562 3290 617 sanctis
3314 573 3419 628 est,

1826 643 1966 712 quod
1995 643 2170 699 abhis
2227 649 2631 717 corruptionem
2686 651 2864 705 carnis
2913 653 3297 725 sanguinisque
3328 657 3422 712 de-

1826 734 2045 805 pulerit,
2078 738 2219 806 quod
2250 739 2316 793 ad
2368 741 2657 808 imaginem
2711 743 2974 799 creatoris
2997 746 3075 799 sui
3103 747 3209 801 sint
3252 747 3423 804 refor-

1826 829 1974 893 mati,
2009 829 2152 898 quod
2183 832 2497 889 coul’ormes
2514 835 2625 903 jam
2651 849 2772 892 esse
2819 836 3005 907 glorite
3047 840 3294 910 corporis
3326 841 3421 901 Dei

1825 924 2090 994 coeperint
2123 965 2136 988 ,
2186 927 2328 995 quod
2391 928 2443 982 in
2495 945 2713 984 onmem
2765 930 2859 986 Dei
2892 931 3275 1002 plenitudinem
3322 936 3424 992 im-

1825 1018 2095 1088 pleantur,
2128 1018 2272 1087 quod
2317 1035 2438 1075 cum
2470 1022 2612 1077 Deus
2657 1024 2882 1094 spiritus
2914 1025 3003 1092 sit,
3040 1026 3207 1083 Deum
3241 1037 3420 1089 tamen

1825 1128 1932 1169 non
1960 1126 2090 1168 caro
2115 1111 2224 1182 jam
2254 1113 2324 1169 sit
2344 1113 2648 1182 laudatura,
2668 1117 2761 1172 sed
2785 1118 3028 1189 spiritus.

2472 1251 2784 1308 MONITUM

1990 1379 2058 1421 DE
2087 1379 2468 1423 COMIENTARIO
2497 1383 2549 1422 IN
2577 1382 2810 1424 PSALMOS
2840 1384 2929 1434 XV,
2959 1385 3108 1438 XXXI,
3141 1386 3247 1428 XLI.

2275 1479 2386 1556 (Ex
2413 1480 2660 1538 Biblioth.
2688 1482 2968 1556 Galland.)

1900 1599 2168 1668 Quantum
2224 1597 2419 1654 litteris
2478 1607 2534 1653 et
2588 1598 2830 1654 doctrina
2889 1599 3203 1656 excelluerit
3258 1615 3419 1656 sanc-

1825 1701 1909 1746 tus
1939 1690 2201 1759 llilarius,
2245 1706 2309 1746 ex
2344 1691 2408 1746 iis
2448 1691 2730 1762 praeconiis
2769 1693 2902 1747 satis
2943 1701 3173 1759 constat,
3225 1693 3420 1764 quibus

111 1781 309 1852 judicii
336 1783 694 1838 constantiam
745 1790 1070 1846 mereretur,
1102 1779 1226 1835 vita:
1255 1787 1431 1833 autem
1465 1778 1724 1832 innocen-
1752 1766 1800 1826 B
1827 1792 2040 1839 veteres
2070 1782 2330 1838 Ecclesiae
2360 1783 2652 1852 scriptores
2679 1783 2797 1853 ejus
2825 1785 3017 1840 merita
3053 1786 3417 1842 celebrarunt.

117 1877 190 1932 tis
241 1876 541 1948 iudiciique
581 1877 887 1933 constantia
930 1873 1188 1947 spiritalis
1245 1873 1433 1944 gloriae
1483 1881 1724 1926 sumeret

114 1969 466 2039 dignitatem.
500 1971 578 2025 Ac
624 1970 703 2024 sic
733 1968 946 2032 omnia,
999 1967 1327 2037 baptismum
1368 1963 1719 2030 resurrectio,

114 2061 426 2120 demutatio
452 2063 821 2128 continentur,
852 2077 975 2117 cum
1025 2060 1197 2132 prima
1247 2074 1347 2115 nos
1394 2057 1516 2114 libri
1559 2057 1722 2129 bujus

113 2157 570 2227 quinquagesima
613 2167 900 2227 regeneret
929 2155 997 2211 ad
1053 2154 1443 2220 innocentiam,
1487 2168 1720 2225 sequens

112 2249 181 2303 ad
228 2249 494 2318 judicium
543 2247 870 2304 innocentiae
929 2248 1002 2320 (b)
1065 2246 1390 2302 resurrectio
1414 2245 1719 2316 'perducat,

113 2343 280 2400 tertia
313 2343 366 2398 in
393 2353 636 2398 naturam
680 2342 902 2411 spiritus
928 2349 982 2396 et
1011 2341 1223 2396 laudem
1248 2340 1556 2395 constituat.
1594 2337 1722 2395 Post

110 2436 333 2492 vinctos
360 2436 503 2492 enim
534 2434 887 2504 compedibus
917 2449 1094 2504 reges,
1140 2433 1443 2502 ligatosque
1491 2431 1718 2487 manicis

109 2528 331 2585 nobiles
357 2529 418 2601 (ι’.
451 2521 530 2593 et)
560 2535 869 2583 sanctorum
891 2526 1156 2597 judicium
1186 2526 1716 2594 conscriptum,cum

110 2621 167 2678 in
236 2620 324 2676 bis
376 2621 630 2677 omnibus
674 2621 848 2692 gloria
901 2620 1255 2685 constitisset,
1293 2619 1480 2689 gloria:
1534 2627 1716 2672 tamen

109 2711 288 2784 ipsius
319 2712 714 2769 consummatio
738 2711 807 2780 (c)
834 2713 949 2768 haec
975 2722 1158 2767 secuta
1183 2720 1283 2766 est.

179 2805 244 2862 Ξ.
277 2805 539 2877 Superior
570 2806 818 2877 proximo
873 2805 1113 2876 psalmus
1159 2804 1224 2859 ad
1254 2803 1466 2859 laudem
1496 2817 1596 2858 nos
1623 2801 1715 2857 Dei

108 2900 181 2955 ob
235 2900 571 2954 creationum
605 2898 1059 2969 magniﬁcentiam
1091 2897 1378 2952 advocavit
1411 2914 1423 2949 :
1459 2897 1556 2952 sed
1595 2904 1718 2966 post

107 2993 314 3049 cantici
349 2995 470 3046 novi
506 2991 761 3063 hymnum
789 2992 928 3047 Deus
960 3005 1066 3046 non
1100 2991 1273 3045 adhuc
1300 2988 1466 3064 65h.
1502 2990 1554 3045 in
1587 3004 1717 3059 ope-

107 3088 265 3144 ribus
302 3086 624 3154 laudandus,
655 3087 746 3143 sed
795 3087 1095 3143 laudandus
1125 3089 1177 3142 in
1209 3088 1410 3143 sanctis
1441 3095 1542 3151 est,
1575 3101 1711 3158 quos

1826 1878 2188 1949 Hieronymus
2219 1877 2417 1932 Doctor
2448 1876 2714 1930 maximus
2746 1877 3033 1932 columnam
3062 1877 3306 1939 Ecclesia:
3342 1880 3420 1950 ip-

1824 1988 1942 2030 sum
1966 1971 2204 2043 appellat
2231 1971 2328 2041 (d).
2359 1970 2621 2026 Praeterea
2645 1969 2719 2041 (ε)
2744 1971 2908 2024 virum
2925 1970 3417 2042 eloquentissimum,

1824 2075 1869 2121 et
1900 2075 2076 2118 contra
2093 2064 2312 2119 Arianos
2325 2061 2496 2117 Latini
2521 2063 2770 2118 sermonis
2809 2062 2999 2116 tubam.
3022 2063 3160 2118 Alibi
3182 2077 3310 2117 vero
3335 2061 3417 2134 (ι’)

1822 2173 2062 2226 magnum
2084 2157 2248 2210 virum
2265 2171 2386 2210 eum
2413 2165 2595 2220 vocat,
2615 2165 2660 2208 et
2688 2155 2998 2224 temporibus
3046 2156 3150 2210 suis
3181 2154 3415 2209 disertis-

1821 2251 2028 2317 simum,
2055 2250 2141 2317 qui
2178 2258 2226 2303 et
2253 2250 2584 2318 confessionis
2619 2264 2727 2302 sure
2761 2250 2942 2303 merito
2961 2291 2974 2314 ,
3004 2258 3050 2302 et
3088 2249 3211 2302 vitae
3239 2247 3419 2301 indus-

1824 2345 1942 2407 tria,
1960 2352 2008 2399 et
2024 2343 2322 2412 eloquentia:
2347 2341 2908 2412 claritate,ubicumque
2933 2343 3222 2396 Romanum
3237 2357 3420 2397 nomen

1821 2447 1918 2504 est,
1954 2438 2284 2506 praedicatur.
2313 2436 2379 2492 Et
2407 2435 2474 2490 ad
2504 2437 2701 2491 Laetam
2727 2437 2972 2491 scribens
3001 2437 3076 2511 (g)
3110 2437 3228 2506 ejus
3253 2435 3418 2490 ﬁliam

1823 2529 2089 2598 hortatur,
2119 2538 2176 2584 ut
2196 2529 2388 2583 Hilarii
2408 2530 2561 2584 libros
2588 2528 2841 2597 inolfenso
2867 2529 3104 2584 decurrat
3118 2529 3263 2601 pede.
3278 2527 3417 2595 Quin

1823 2623 1954 2679 tanti
1985 2623 2219 2679 faciebat
2254 2624 2439 2678 llilarii
2471 2625 2669 2692 scripta
2704 2624 3083 2697 Hieronymus,
3106 2633 3162 2678 ut
3188 2624 3304 2694 ejus
3332 2624 3417 2679 in-

1824 2717 2266 2786 terpretationem
2291 2717 2627 2772 Psalmorum
2663 2715 3034 2771 Davidicorum
3067 2726 3120 2770 et
3151 2716 3415 2788 prolixum

1820 2809 1976 2865 valde
2006 2809 2073 2865 de
2102 2809 2332 2882 Synodis
2374 2811 2572 2864 librum
2620 2825 2781 2863 manu
2815 2825 2910 2864 sua
2955 2809 3070 2880 ipse
3110 2809 3419 2880 descripse-

1819 2904 1889 2958 rit
1925 2903 2137 2974 (h).Sed
2161 2913 2217 2960 et
2244 2904 2311 2960 ab
2334 2905 2635 2974 Augustino
2663 2903 2906 2958 laudatur
2930 2903 2992 2976 (i)
3025 2903 3259 2959 Hilarius
3281 2913 3420 2959 tam-

1819 3012 1980 3066 quam
2011 2998 2237 3054 ecclesia:
2270 2999 2540 3052 cat/taliae
2564 2999 2804 3052 adversus
2835 2997 3100 3052 hereticos
3137 2998 3419 3052 acerrimus

1820 3090 2076 3161 defensor,
2112 3101 2274 3162 atque
2305 3092 2383 3165 (j)
2416 3090 2718 3146 uenerabilis
2749 3090 3032 3145 catholicus
3061 3090 3350 3160 disputator
3370 3101 3422 3146 et

107 3189 242 3252 post
283 3179 542 3251 judicium
595 3181 960 3252 conscriptum
1009 3183 1062 3236 in
1119 3182 1436 3236 teternitatis
1487 3183 1711 3253 gloriam
1743 3159 1788 3222 C
1818 3159 2035 3254 insignis
2064 3159 2393 3238 ecclesiarum
2417 3184 2593 3237 doctor
2637 3183 2740 3256 (k),
2792 3199 2950 3252 neque
2988 3159 3256 3238 mediocris
3286 3201 3415 3237 auc-

107 3272 484 3338 collocaverit,
503 3281 556 3326 et
611 3273 1021 3327 indemutabiles
1045 3273 1154 3342 jam
1178 3273 1384 3329 ccelesti
1401 3273 1602 3329 honore
1617 3273 1716 3328 do-

106 3367 364 3424 naverit:
398 3382 496 3438 per
524 3367 667 3437 quod
708 3367 760 3422 in
793 3367 1004 3420 virtutis
1047 3382 1160 3422 sum
1196 3365 1496 3422 laudandus
1525 3366 1713 3422 sit‘ﬁr-

105 3468 470 3523 mamentum,
501 3459 622 3528 quia
679 3459 1076 3515 ﬁrmamentum
1134 3467 1354 3514 wterme
1387 3461 1607 3516 virtutis
1636 3461 1716 3517 in-

106 3554 348 3618 vexerit,
398 3555 651 3625 absorpta
706 3554 758 3609 in
813 3556 1164 3610 contentione
1213 3565 1406 3622 morte,
1435 3573 1557 3612 cum
1587 3572 1713 3613 cor-

106 3649 422 3720 ruptionem
482 3649 818 3720 incorruptio
866 3649 1226 3706 devoraverit.
1263 3652 1328 3707 Et
1384 3652 1712 3710 idcircoﬁr-

105 3754 448 3802 mamentnm
495 3745 711 3801 virtutis
742 3745 860 3800 laus
896 3747 1139 3816 sequitur
1187 3755 1536 3817 potestatum,
1587 3749 1712 3819 quia

105 3845 350 3893 mortem
402 3837 780 3893 immortalitas
829 3840 1258 3908 consumpserit,
1297 3841 1536 3896 tribuens
1567 3842 1712 3911 quod

104 3931 310 3987 oculus
342 3946 446 3986 non
478 3931 633 3997 vidit,
668 3947 766 3989 nec
813 3947 909 3987 cor
937 3933 1216 4004 cogitavit,
1251 3949 1351 3988 nec
1378 3935 1526 3990 auris
1561 3935 1713 3990 audi-

102 4027 210 4081 vit.
237 4023 462 4096 (Versus
474 4024 714 4096 quinque,
734 4025 1042 4096 fugientibus
1060 4042 1155 4079 ms.
1179 4026 1379 4091 litteris,
1397 4025 1496 4096 legi
1516 4026 1598 4080 hic
1612 4043 1715 4082 non

103 4115 592 4190 potuere.).........
623 4119 676 4174 in
700 4119 901 4174 sanctis
921 4127 976 4174 et
1005 4118 1071 4173 ad
1103 4118 1435 4175 laudem.....
1468 4135 1712 4176 suas.....

291 4211 432 4266 Deus
488 4211 784 4267 secundum
839 4211 1158 4282 Apostolum
1216 4227 1316 4266 nos
1364 4221 1489 4267 ante
1527 4212 1713 4269 mundi

101 4303 558 4360 constitutionem
607 4304 659 4358 in
699 4304 1013 4361 coelestibus
1066 4303 1292 4373 spiritali
1341 4303 1716 4362 benedictione

100 4393 395 4452 benedixit
453 4393 673 4466 (Ep/tes.
721 4411 761 4462 ι,
817 4398 918 4465 3):
969 4396 1036 4451 ad
1085 4397 1239 4466 cujus
1287 4397 1460 4452 laudis
1488 4398 1713 4468 gloriam

99 4489 294 4545 omnia
326 4497 379 4543 et
410 4489 558 4544 vocis
585 4497 639 4544 et
664 4502 888 4558 operum
921 4487 1096 4543 ofﬁcia
1146 4488 1374 4543 incitant
1401 4487 1714 4547 diversitate

1819 3277 2042 3331 toritatis
2069 3277 2122 3330 in
2166 3277 2470 3330 tractatione
2514 3277 2884 3344 scripturarum
2912 3286 2958 3331 et
2987 3277 3266 3330 assertione
3294 3277 3420 3345 ﬁdei

1815 3371 1914 3424 uir.
1949 3370 2075 3424 Post
2107 3369 2205 3423 hos
2250 3381 2431 3425 autem
2465 3370 2642 3438 magni
2696 3368 2926 3422 nominis
2972 3369 3221 3424 doctores
3271 3367 3416 3424 haud

1818 3465 2042 3519 interest
2068 3463 2277 3534 reliqua
2307 3463 2360 3518 in
2389 3462 2626 3519 medium
2659 3464 2899 3532 proferre
2925 3461 2996 3518 de
3029 3473 3216 3518 nostro
3245 3461 3416 3518 antis-

1817 3556 1916 3612 tite
1947 3556 2269 3611 Pictaviensi
2291 3554 2515 3627 judicia,
2557 3570 2678 3623 qua}
2727 3554 2912 3609 tulisse
2942 3563 3236 3609 noscuntur
3263 3553 3412 3609 Ruﬁ-

1816 3667 1920 3708 nus
1977 3652 2039 3724 (ι)
2068 3694 2082 3718 ,
2125 3650 2459 3725 Sozomenus
2489 3650 2610 3724 (nt),
2643 3649 2932 3706 Cassianus
2975 3647 3087 3722 (η),
3121 3647 3412 3704 (assiodo-

1817 3761 1912 3801 rus
1945 3745 2022 3816 (ο)
2049 3743 2269 3815 aliique.

1895 3859 1914 3892 ι
1963 3839 2323 3912 Quapropter,
2364 3839 2538 3909 inquit
2566 3837 2859 3893 Martenius
2906 3836 3012 3910 (p),
3053 3837 3187 3893 satis
3227 3837 3414 3893 dolere

1819 3948 1923 3988 non
1955 3947 2264 4002 possumus,
2295 3934 2572 4002 complura
2605 3932 2736 3985 tanti
2770 3932 3014 3986 Doctoris
3065 3940 3415 3985 monumenta

1817 4036 1907 4080 aut
1936 4027 2164 4097 periisse
2189 4027 2434 4090 omnino,
2475 4035 2566 4078 aut
2595 4025 2855 4079 oblivioni
2891 4025 3084 4079 tradita
3113 4023 3311 4077 alicubi
3331 4022 3418 4090 ja-

1816 4134 1942 4174 cere
1969 4119 2190 4189 pulvere
2218 4119 2418 4174 obsita.
2453 4117 2521 4172 Et
2552 4116 2604 4170 in
2638 4126 2908 4186 postrema
2939 4114 3156 4184 quidem
3187 4129 3414 4184 operum

1815 4213 1936 4283 ejus
1967 4213 2285 4271 recensione
2323 4227 2480 4282 quam
2521 4211 2623 4280 pize
2665 4209 2940 4265 memoriae
2966 4224 2996 4262 e
3029 4206 3418 4263 nostrisador-

1819 4305 1962 4360 navit
2013 4305 2206 4362 Petrus
2236 4302 2574 4362 Coutantius.
2609 4303 2740 4356 nihil
2763 4301 3054 4372 diligentia:
3083 4301 3412 4370 praetermis-

1817 4413 1973 4465 sum,
2019 4399 2305 4469 quominus
2351 4407 2406 4451 et
2447 4411 2474 4448 a
2528 4393 2740 4449 mendis
2795 4404 3087 4464 expurgata
3119 4402 3174 4448 et
3203 4394 3410 4464 integra

1818 4492 2100 4563 prodirent
2138 4493 2191 4546 in
2243 4491 2417 4547 lucem
2467 4487 2667 4544 omnia.
2701 4485 2810 4542 Nec
2840 4484 3016 4543 inanis
3046 4486 3270 4543 omnino
3315 4486 3418 4544 fuit

181 4649 256 4719 (a)
289 4646 621 4724 Reponimus
647 4656 762 4724 post
798 4661 947 4724 quas,
964 4646 1053 4701 ubi
1098 4646 1253 4724 prius
1278 4647 1523 4724 exstabat
1566 4658 1709 4724 post-
1740 4650 1789 4710 Ι)
1887 4649 1956 4724 (f)
1995 4649 2204 4724 Hieron.
2234 4648 2393 4720 epist.
2430 4661 2612 4710 xxxrv,
2646 4643 2715 4699 al.
2759 4657 2880 4699 cxu
2925 4641 2992 4696 ad
3024 4642 3258 4700 Marcell.
3291 4643 3318 4716 ᾗ
3348 4643 3412 4711 5,

99 4717 302 4845 quasi,
332 4718 542 4791 experti
589 4717 845 4775 mendum
896 4717 1040 4774 idem
1074 4718 1322 4789 superius
1350 4717 1519 4776 fuisse
1539 4717 1709 4777 corri-

99 4809 208 4845 ECII
257 4807 365 4845 Ill“.

97 4807 365 4865 genuum.

182 4882 260 4956 (b)
284 4883 436 4953 Apud
472 4883 618 4949 Par.,
655 4883 1025 4956 resurrectione
1055 4881 1307 4953 producat
1338 4899 1349 4935 :
1376 4897 1483 4937 non
1513 4881 1706 4950 disnli-

100 4954 259 5012 ceret
301 4957 687 5020 resurrectione,
722 4955 823 5011 nisi
851 4954 1192 5009 obniteretur
1222 4969 1323 5007 ms.
1351 4971 1471 5008 nam
1495 4971 1706 5025 sequens

99 5027 325 5080 videtur
355 5029 541 5084 referri
570 5026 636 5082 ad
690 5040 879 5082 vocem
935 5025 1376 5097 quinquagesima,
1403 5041 1524 5097 qua:
1579 5029 1708 5082 reti-

99 5105 323 5158 neatur.

183 5195 258 5266 (c)
282 5193 556 5266 Nimirum
573 5201 896 5266 potestatem
930 5207 1088 5263 reges
1134 5189 1410 5266 vincendi,
1434 5189 1708 5266 judicium

101 5262 476 5335 conscriptum
529 5263 855 5322 decernendi
889 5281 902 5324 ;
954 5262 1075 5318 nam
1133 5263 1264 5317 illud
1292 5262 1408 5335 [tam
1432 5265 1482 5317 in
1507 5273 1705 5333 quarto

101 5353 238 5393 casu
268 5334 489 5407 pluralis
507 5338 714 5392 numeri
747 5335 1284 5407 intelligendnmiest.
1308 5334 1430 5389 Mox
1465 5335 1704 5401 proximo

99 5411 185 5465 sic
205 5406 298 5478 per
325 5409 540 5462 modum
565 5408 800 5463 adverbii
834 5407 973 5476 apud
1000 5409 1119 5461 Par.
1145 5406 1548 5478 designabatur,
1582 5420 1704 5460 cum

96 5477 247 5537 idem
272 5480 344 5534 sit
371 5480 572 5535 Hilario
619 5479 853 5546 superior
895 5480 1151 5551 proximo,
1201 5477 1344 5550 quod
1377 5477 1534 5549 vulgo
1565 5486 1709 5534 ante-

99 5551 440 5624 penultimus,
474 5560 597 5620 puta
658 5553 781 5608 147.

172 5645 253 5714 (tl)
288 5643 534 5711 Hierom,
563 5654 738 5698 contr.
771 5641 950 5698 Ruﬁn.
977 5642 1070 5699 lib.
1099 5658 1136 5709 ι,
1162 5641 1188 5711 §
1217 5640 1305 5709 11,
1327 5655 1450 5713 opp.
1485 5649 1615 5697 tom.
1644 5655 1697 5707 ll,

95 5731 235 5788 pag.
256 5715 548 5788 459,_edit.
576 5715 787 5788 Veron,
835 5784 884 5788 ﬂ
1105 5784 1121 5788 _
1146 5774 1216 5788 ,ς

169 5759 791 5863 ῐέ)ἰἷιῖ’ίι3ἷῐὶῖίίί›ἷἰἶξ”ς
826 5784 913 5857 19,
946 5791 1065 5858 pag.
1101 5774 1223 5844 ais.

1818 4733 1856 4778 t.
1887 4720 1944 4787 ι,
1963 4737 2083 4794 pag.
2107 4720 2233 4777 154.

1883 4814 1960 4889 (ῃ)
1992 4815 2066 4870 Id.
2097 4816 2256 4886 epist.
2289 4830 2393 4871 cvtt
2424 4813 2496 4867 al.
2520 4827 2612 4876 vu,
2643 4811 2670 4884 §
2708 4811 2792 4876 11,
2822 4826 2942 4881 pag.
2970 4808 3094 4866 682.

1884 4909 1964 4980 (It)
1991 4907 2066 4964 Id.
2096 4907 2254 4978 epist.
2289 4923 2344 4969 ν,
2369 4906 2443 4960 al.
2472 4921 2543 4970 vt,
2568 4904 2634 4959 ad
2664 4903 2930 4970 Florent.,
2959 4901 2986 4973 ᾗ
3019 4902 3106 4968 11,
3129 4916 3250 4972 pag.
3284 4901 3374 4957 15.

1900 5001 1960 5074 (i)
1993 5004 2126 5075 Aug.
2150 5013 2322 5075 contr.
2352 5000 2556 5057 Julian.
2584 4998 2677 5057 lib.
2705 5016 2738 5067 ι,
2779 5014 2895 5070 cap.
2918 4998 2972 5062 5,
2998 5015 3143 5054 ntttu.
3185 4997 3242 5066 9,
3283 5011 3412 5068 opp.

1826 5082 1956 5129 tom.
1987 5090 2040 5138 x,
2075 5074 2194 5145 pag.
2229 5074 2354 5129 SOI.

1893 5165 2076 5241 (j)ld.
2110 5167 2177 5222 de
2219 5166 2415 5241 Trinit.
2451 5167 2541 5221 lib.
2592 5183 2650 5233 ιι,
2701 5181 2818 5236 cap.
2870 5165 2925 5231 8,
2976 5179 3123 5220 num.
3177 5162 3270 5232 26,
3317 5164 3412 5232 28,

1821 5239 1950 5294 toni.
1982 5255 2094 5299 vttt.
2132 5254 2253 5310 pag.
2279 5239 2404 5306 545,
2437 5253 2553 5309 seq.
2920 5250 2924 5254 ‘

1916 5334 1966 5408 It)
1996 5335 2074 5392 Id.
2103 5334 2232 5391 ibid.
2263 5335 2356 5392 lib.
2388 5351 2458 5399 vr,
2489 5350 2619 5408 cap.
2647 5333 2736 5401 10,
2765 5349 2912 5389 num.
2940 5335 3027 5408 1717,
3057 5349 3180 5405 pag.
3210 5333 3337 5392 850.

1912 5406 1955 5475 l)
2013 5408 2189 5479 Ruﬁn.
2246 5408 2381 5464 Ilist.
2417 5409 2574 5474 eccl.,
2610 5407 2704 5462 lib.
2738 5423 2775 5472 ι,
2805 5421 2924 5476 cap.
2953 5406 3044 5462 51.

1888 5481 1984 5551 (nt)
2012 5481 2222 5551 _Sozom.
2249 5482 2340 5536 lib.
2367 5496 2419 5547 v,
2443 5496 2562 5551 cap.
2599 5481 2688 5551 1'5.

1885 5549 1966 5690 ἕηξ
1995 5549 2231 5608 Cassian.
2263 5551 2331 5606 de
2358 5549 2592 5617 Incarn.,
2626 5550 2717 5604 lib.
2747 5565 2840 5615 VII,
2871 5563 2990 5619 cap.
3017 5549 3113 5606 24.

1911 5638 1939 5674 ο
1994 5620 2252 5687 Cassiod.,
2287 5623 2351 5677 de
2373 5622 2546 5676 Instit.
2578 5622 2745 5677 divin.
2781 5621 2975 5682 litter..
3001 5635 3113 5690 cap.

1911 5620 1960 5690 ο)
1994 5620 2252 5687 Cassiod.,
2287 5623 2351 5677 de
2373 5622 2546 5676 Instit.
2578 5622 2745 5677 divin.
2781 5621 2975 5682 litter..
3001 5635 3120 5692 cap.
3152 5621 3236 5676 I7.

1812 5695 1966 5820 ⁵ὶὸ(ρ)
1999 5692 2220 5749 Marten.
2254 5693 2436 5751 Vcter.
2471 5694 2654 5765 script.
2693 5693 2938 5764 collect.,
2987 5702 3114 5749 tom.
3164 5707 3240 5760 ix,
3285 5707 3405 5765 pag.

1851 5778 2071 5820 .tscoo.

1851 5778 1905 5834 θ,
1923 5778 2071 5837 seqq.
