3896 6336
462 192 563 261 891

1675 190 1921 253 δάκετι
1961 190 2215 255 ΒΙΙΛΗΠ
2245 194 2548 261 EPISCOPI

465 312 589 383 ejus
619 313 772 371 labor
802 330 814 368 :
849 328 971 373 nam
1001 321 1054 368 et
1102 302 1306 382 aliquot
1352 308 1403 371 in
1435 308 1679 369 Psalmos
1710 306 2060 383 tractatibus,
2091 307 2143 381 Α
2169 322 2330 380 super
2356 309 2489 367 Sion
2516 322 2759 375 montem
2788 322 3036 375 sanctum
3074 314 3235 386 ejus?
3268 324 3376 379 non
3402 316 3581 391 utique
3616 321 3749 379 πω.

469 415 526 463 et.
551 405 902 487 apologeticis
931 404 997 460 ad
1025 401 1445 479 reprehensores
1468 401 1589 463 libri
1611 400 1680 459 de
1700 400 1933 477 Synodis
1952 414 2067 461 res-

473 501 665 571 ponsis
690 498 975 555 editionem
1005 512 1155 552 suam
1187 496 1355 557 auxit.
1388 494 1588 559 Verum
1618 510 1724 553 non
1777 509 1941 565 pauca
1971 493 2065 555 ad.

476 593 581 649 huc
606 593 948 648 delitescunt.

545 684 910 759 Quamobrem
958 696 1078 741 cum
1145 681 1479 750 superiorum
1537 688 1845 735 nostrorum
1914 678 2070 751 jussu

476 776 857 838 Germanicum
906 777 1007 830 iter
1052 775 1483 847 suscepissemus
1508 816 1524 842 ,
1576 773 1819 833 hortatus
1850 781 1934 831 est
1970 788 2070 835 nos

476 874 557 927 vir
587 870 954 933 doctissimus,
986 881 1042 922 ut
1069 867 1121 923 in
1157 867 1551 937 perlustraodis
1581 866 1922 923 bibliothecis
1955 866 2069 923 sin-

474 963 647 1041 gnlari
679 961 855 1017 studio
888 958 1077 1015 Hilarii
1114 960 1329 1016 codices
1358 959 1817 1031 pervolveremns,
1847 959 1891 1012 si
1934 956 2073 1019 forte

479 1062 764 1111 tractatum
796 1052 913 1124 ejus
935 1053 989 1108 in
1014 1052 1138 1119 Job,
1186 1050 1551 1124 prmfatitinem
1589 1052 1641 1108 in
1682 1050 1990 1113 Mattlreum
2020 1060 2076 1106 et

478 1150 715 1223 plurium
750 1147 1086 1203 l‘salinorum
1127 1146 1495 1216 eitposiiinnes
1528 1162 1849 1216 recuperare
1890 1161 2074 1216 possc-

476 1260 630 1312 nius:
654 1257 964 1314 persuasum
992 1241 1190 1313 quippe
1216 1240 1442 1295 habebat
1466 1241 1727 1310 integrum
1756 1240 2074 1294 Psalterium

478 1352 508 1392 a
532 1338 692 1397 beato
719 1338 949 1399 Doctore
979 1336 1145 1392 fuisse
1170 1337 1496 1405 expositum.
1530 1336 1592 1395 Et
1618 1349 1745 1397 cccc
1785 1333 2079 1395 discutien-

481 1430 624 1486 tihus
664 1431 817 1487 nobis
865 1429 1174 1493 monasterii
1221 1427 1654 1501 Aquicinctcnsis
1704 1427 1869 1482 libros
1917 1442 2078 1482 mantt

479 1533 750 1583 exaratos.
783 1523 966 1577 incidit
995 1521 1222 1578 feliciter
1254 1523 1305 1576 in
1340 1536 1530 1577 manus
1572 1531 1783 1576 nostras
1814 1520 1980 1575 codex
2010 1520 2078 1577 ab

446 1602 451 1607 ”
480 1618 640 1674 annis
661 1618 876 1673 circiter
917 1617 1192 1673 sexcentis
1237 1615 1509 1687 eleganter
1537 1616 1769 1691 scriptus
1793 1658 1808 1681 ,
1840 1615 1993 1687 cujus
2024 1615 2079 1671 in

2171 408 2282 458 tror
2322 403 2375 463 in
2410 414 2594 465 monte
2642 405 2747 463 hoc
2786 416 3003 469 terreno
3046 406 3142 483 qui
3183 409 3353 469 estin
3391 407 3611 478 Judaea,
3639 429 3745 491 τρες

2170 510 2297 553 num
2327 512 2356 553 a
2390 496 2548 561 Patre
2578 498 2761 557 datum
2806 501 3036 561 Domino
3057 543 3073 569 ,
3103 502 3260 573 cujus
3299 505 3518 567 creleste
3542 522 3749 579 regnum

2169 592 2462 661 Apostolus
2489 594 2648 655 docet
2670 612 2683 648 :
2707 594 2846 652 sicut
2866 605 2921 653 et
2939 597 3116 668 ipsam
3147 597 3424 661 civitatem
3448 599 3747 675 Jerusalem,

2170 698 2276 738 non
2311 683 2449 745 hanc
2486 686 2686 745 ChriSIi
2713 704 2835 749 esse
2868 690 3111 751 osmndit
3139 706 3263 762 quae
3293 708 3434 753 nunc
3464 695 3747 755 servitum

2170 772 2295 833 ﬁliis
2324 778 2437 835 suis
2462 820 2477 844 ,
2514 778 2608 841 sed
2656 780 2800 839 illam
2825 797 2944 855 quia
2981 797 3201 845 sursum
3227 792 3312 843 est
3333 825 3351 850 ,
3384 797 3608 845 matrem
3642 805 3749 849 uos—

2174 880 2309 929 trant
2350 871 2573 935 liberam
2599 914 2616 943 ,
2657 875 2933 935 cmlestcm
2976 875 3301 941 Jerusalem.
3345 878 3423 939 litt
3454 895 3553 941 nec
3580 880 3750 949 horna

2172 964 2482 1023 ludtcornm
2515 966 2609 1045 qui
2639 968 2943 1031 circumcisi
2985 983 3107 1035 sont
3151 971 3571 1033 circumsicione
3614 991 3750 1035 unus

2177 1056 2309 1112 facta
2337 1101 2363 1126 ι
2389 1057 2481 1112 sed
2513 1059 2653 1119 sicnt
2680 1059 2972 1132 Apostolus
3002 1061 3181 1123 docuit
3202 1107 3216 1131 .
3248 1064 3439 1127 dicens
3470 1083 3483 1127 ἱ
3516 1067 3637 1135 quia
3663 1086 3749 1128 om

2175 1160 2259 1205 est
2304 1150 2389 1213 hic
2428 1150 2648 1217 Juda'us
2692 1153 2782 1222 qui
2814 1154 2990 1227 palam
3022 1155 3274 1224 videtur,
3313 1173 3489 1229 neque
3529 1158 3619 1219 illa
3664 1163 3750 1217 cir-

2176 1242 2438 1298 cumcisio
2464 1260 2582 1316 qute
2614 1245 2665 1299 in
2705 1261 2868 1302 carne
2895 1249 2961 1302 sit
2984 1290 3000 1317 ,
3039 1248 3136 1303 ενα
3167 1250 3514 1309 circumcisio
3550 1253 3745 1321 cordis.

2177 1336 2329 1407 cujus
2353 1336 2466 1391 laus
2497 1353 2602 1393 non
2627 1354 2695 1395 ex
2726 1340 3057 1409 hominibus,
3083 1341 3177 1399 sed
3210 1358 3278 1396 ex
3309 1342 3419 1397 Deo
3439 1352 3553 1409 est;
3587 1355 3639 1399 et
3665 1363 3751 1406 una

2180 1428 2371 1484 horum
2413 1430 2718 1488 Judamrnm
2754 1449 2847 1488 rex
2891 1433 3051 1493 Jesns
3081 1435 3171 1509 qui
3220 1451 3287 1492 ex
3334 1438 3594 1504 aperibo;
3633 1440 3749 1511 apud

2180 1520 2427 1579 homines
2470 1526 2806 1599 gloriantur,
2849 1526 2943 1587 sed
2982 1543 3210 1599 quorum
3238 1529 3411 1599 gloria
3439 1530 3582 1603 apud
3614 1533 3752 1591 Deum

2182 1623 2401 1691 propter
2431 1631 2581 1687 Spem
2611 1619 2799 1689 gratiae
2826 1618 2943 1693 ejus
2972 1629 3075 1674 est.
3118 1620 3250 1676 Vide
3280 1622 3427 1685 enim
3458 1621 3751 1692 Apostoleu

485 1710 670 1766 limine
718 1710 832 1766 haec
882 1710 1163 1782 legebatur
1210 1709 1539 1789 epigrapiie:
1572 1708 1638 1763 In
1683 1710 1777 1764 hoc
1824 1711 2079 1769 volumine
2108 1708 2156 1777 Β
2183 1707 2452 1763 dicentem
2475 1750 2488 1772 ,
2518 1724 2746 1780 quorum
2786 1710 2858 1765 sit
2886 1711 3056 1785 gloria
3102 1713 3243 1783 apud
3277 1714 3470 1771 Deum.
3505 1713 3569 1777 Si
3601 1716 3745 1787 enisa,

480 1807 805 1860 continentur
832 1806 949 1863 libri
975 1822 1047 1861 χιι
1079 1803 1141 1861 8.
1171 1794 1361 1859 Hilarii
1415 1801 1730 1859 Pictavensis
1760 1806 1986 1877 episcopi
2017 1805 2081 1865 de

484 1896 739 1955 Trinitate
762 1909 935 1952 contra
959 1914 1131 1953 omnes
1154 1897 1370 1952 haereses
1389 1939 1403 1963 ,
1452 1907 1497 1950 et
1527 1897 1631 1951 alia
1660 1900 1908 1967 apnscula
1943 1901 2082 1973 ejus-

485 1991 599 2044 dem
628 2006 645 2055 ;
675 1991 879 2045 scilicet
915 1991 1041 2044 liber
1071 1991 1133 2044 de
1175 1989 1403 2067 Synodis
1432 2001 1610 2047 contra
1639 2006 1808 2047 omnes
1839 1990 2075 2063 Inereses,

489 2084 615 2140 Itbcr
643 2093 821 2138 contra
851 2082 1208 2139 Constantium
1232 2125 1245 2149 ,
1274 2092 1524 2137 tractatus
1555 2083 1623 2136 ad
1648 2082 1917 2147 eumdem;
1952 2082 2083 2139 liber

489 2179 560 2231 ad
580 2177 833 2246 eumdem,
862 2194 1010 2249 quem
1035 2176 1478 2250 Constantinopoli
1508 2177 1644 2231 dedit
1670 2177 1839 2231 adhuc
1860 2176 2038 2233 viventi
2060 2195 2082 2249 ;

488 2268 819 2339 blasphemia:
847 2269 1088 2324 Auxentii
1116 2268 1427 2323 Arianorum
1455 2269 1700 2342 episwpi,
1751 2267 1878 2324 liber
1905 2281 2085 2324 contra

488 2364 738 2420 eumdem.
768 2363 940 2436 Super
966 2362 1225 2421 Psalmos.
1274 2362 1533 2420 Consulto
1564 2379 1692 2419 vero
1725 2363 1900 2421 indice
1932 2362 2081 2417 Psal-

489 2475 722 2527 morum,
753 2458 980 2527 quorum
1008 2456 1377 2528 expositiones
1419 2457 1469 2512 in
1497 2457 1657 2512 editis
1705 2455 1891 2511 Hilarii
1915 2454 2085 2527 operi-

486 2553 587 2609 bus
615 2552 1021 2617 desiderantur,
1056 2550 1429 2607 enarrationes
1459 2550 1511 2607 in
1542 2550 1788 2609 Psalmos
1828 2566 1928 2625 xv,
1958 2565 2082 2607 xxxi

486 2653 543 2701 et
573 2660 660 2700 xu
683 2685 698 2711 ,
749 2643 976 2699 necdum
1012 2644 1256 2715 vulgatus
1286 2643 1338 2697 in
1378 2641 1564 2697 codice
1609 2642 1704 2706 illo
1737 2642 2034 2713 reperimus
2066 2657 2081 2698 :

490 2752 624 2810 quas
659 2736 898 2792 studiose
929 2737 1286 2808 perlege-mes,
1324 2735 1512 2791 Hilarii
1560 2735 1612 2791 in
1655 2734 1942 2793 scribendo
1973 2750 2088 2797 tne—

489 2828 713 2887 tliodum
743 2830 1083 2886 observatam
1109 2871 1125 2897 ,
1155 2832 1353 2903 stylum
1386 2829 1504 2900 ejus
1526 2872 1540 2895 ,
1571 2828 1851 2900 scriptura:
1882 2831 2086 2893 versio-

478 2940 614 2981 nem
663 2923 1086 2995 antiquissimam
1136 2932 1191 2978 et
1231 2934 1357 2979 ante
1384 2923 1753 2986 elucubratam
1799 2924 1867 2980 ab
1898 2923 2089 2979 Hiero-

494 3031 659 3087 nymo
688 3014 957 3083 vulgatam
998 3016 1269 3083 usitatam,
1317 3026 1630 3072 constanter
1660 3016 1712 3071 in
1744 3017 1823 3073 eis
1868 3017 2085 3081 citatam

2182 1799 2393 1875 inquit,
2436 1800 2694 1856 Abraham
2737 1819 2801 1863 ea:
2848 1804 3084 1881 operibus
3115 1807 3445 1880 justi/iectus
3481 1816 3597 1873 est.
3637 1811 3749 1879 apd

2180 1890 2409 1947 homines
2435 1892 2625 1948 habens
2654 1895 2873 1973 gloriam
2918 1896 3095 1967 (Rom.
3130 1912 3205 1965 tv,
3227 1897 3319 1968 2);
3358 1899 3427 1954 ad
3459 1899 3587 1979 quid
3613 1902 3750 1955 credit

2182 1984 2235 2040 in
2267 2001 2387 2043 eum
2420 1987 2508 2061 qni
2535 1986 2834 2055 jnstiticare
2882 1989 3103 2061 impium
3149 2000 3373 2069 potest,
3413 2005 3468 2046 et
3494 1992 3749 2071 gramina

2184 2077 2611 2137 ttiisericordiatn
2660 2081 2753 2137 Dei
2793 2082 3011 2157 sperat?
3050 2082 3213 2138 habet
3242 2083 3479 2165 gloriam
3504 2129 3520 2153 ,
3554 2086 3643 2141 sed
3668 2103 3751 2151 seu

2184 2173 2323 2246 apud
2355 2173 2543 2229 Deum.

2256 2267 2310 2323 5.
2351 2266 2658 2323 Jndzeorum
2701 2268 2880 2341 itaque
2924 2285 3017 2325 rex
3051 2269 3324 2339 Christus,
3354 2287 3587 2347 quorum
3614 2273 3749 2351 gloria

2186 2376 2292 2417 non
2319 2376 2386 2416 ex
2416 2362 2720 2417 hominibus
2739 2404 2756 2430 ,
2786 2361 2880 2418 sed
2907 2379 2974 2417 ex
3009 2363 3139 2418 Deo.
3176 2365 3424 2441 Denique
3450 2374 3503 2420 et
3532 2367 3614 2419 hic
3636 2368 3743 2436 psal-

2187 2472 2304 2510 mus
2343 2456 2708 2527 significnnter
2735 2456 2843 2531 ait,
2890 2455 3054 2512 Vsus.
3088 2459 3123 2512 5
3165 2469 3221 2519 et
3251 2457 3286 2514 6
3341 2477 3354 2513 :
3408 2457 3650 2515 Dominus
3691 2472 3748 2513 est

2187 2548 2351 2619 portio
2377 2547 2688 2607 hiereditatis
2714 2564 2856 2603 mere.
2885 2547 3062 2604 Funes
3097 2550 3396 2611 ceciderunt
3428 2548 3555 2603 mihi
3578 2552 3629 2603 in
3652 2552 3752 2623 ipsis

2189 2642 2553 2712 potentissimis
2579 2684 2593 2710 ,
2618 2645 2803 2701 etenim
2831 2641 3107 2705 hwreditas
3144 2660 3256 2699 mea
3284 2660 3535 2718 perquam
3570 2646 3757 2703 mosius

2188 2747 2282 2801 est,
2314 2739 2442 2811 Quae
2466 2747 2551 2801 est
2578 2754 2708 2813 ergo
2732 2739 3017 2808 harreditas
3047 2740 3284 2821 Domini,
3316 2742 3420 2803 nisi
3454 2743 3571 2805 hac
3594 2744 3655 2805 de
3674 2758 3755 2817 qua

2189 2832 2446 2905 scriptum
2479 2841 2563 2891 est
2597 2850 2609 2884 :
2644 2830 2831 2901 Posce,
2861 2844 2906 2888 et
2940 2833 3073 2888 dabo
3102 2834 3197 2889 tibi
3232 2848 3412 2909 gentes
3442 2834 3755 2895 hereditates

2192 2934 2330 2977 tuam
2360 2921 2476 2994 (Ρε.
2505 2938 2574 2990 tt,
2607 2920 2685 2996 8).
2733 2923 3054 2993 Peccatores
3082 2937 3359 2982 autem'ex
3398 2926 3645 2999 gentibus
3668 2941 3755 2978 crc-

2193 3015 2322 3070 dunt
2353 3018 2404 3070 in
2432 3031 2553 3071 cum
2577 3018 2665 3087 qui
2694 3015 2993 3097 justifieare
3025 3014 3247 3091 impium
3281 3031 3481 3088 potest.
3511 3020 3577 3074 Et
3602 3022 3643 3075 si
3670 3024 3756 3091 gis.

497 3106 984 3163 animadvertimus
1019 3128 1033 3163 :
1068 3107 1309 3183 nihilque
1333 3109 1658 3189 incommodi
1698 3111 1869 3167 visum
1901 3118 2007 3183 est,
2041 3111 2088 3174 si
2119 3099 2167 3173 C.
2198 3107 2271 3163 ria
2304 3124 2492 3163 eorum
2521 3124 2627 3164 non
2658 3123 2723 3163 ex
2760 3108 3066 3173 hominibus
3088 3152 3103 3179 ,
3127 3109 3223 3165 sed
3254 3126 3321 3166 ex
3353 3112 3467 3165 Deo
3494 3122 3605 3176 est;
3634 3121 3679 3169 et
3703 3112 3757 3164 i:-

496 3218 589 3269 eas
618 3200 822 3259 Hilario
854 3202 1291 3260 attribueremns.
1317 3224 1335 3260 ι

833 3330 1250 3414 SANCTI
1306 3330 1764 3414 HILARII

543 3447 1110 3512 PSALMORUM
1182 3448 1352 3523 XV,
1417 3446 1666 3508 XXXI
1721 3446 1835 3508 ET
1890 3446 2055 3509 XLI

1016 3572 1596 3639 INTERPRE‘I‘ATIO,

811 3664 935 3724 Quae
957 3668 1195 3715 hactenus
1218 3666 1267 3713 in
1292 3665 1438 3715 editis
1455 3663 1783 3715 desideratur.

1145 3746 1457 3821 (Indidem)

790 3841 1207 3900 TRAC'I‘ATUS
1246 3842 1335 3899 DE
1386 3843 1661 3902 PSALMO
1697 3845 1817 3902 XV.

579 3955 631 4013 1.
676 3955 840 4014 Tituli
889 3957 1239 4029 inscriptione
1286 3967 1619 4031 praenotatur
1660 3960 1761 4017 iste
1809 3961 2047 4037 psalmus
2085 3977 2103 4025 :

503 4050 597 4109 Sed
625 4066 743 4124 quae
773 4049 933 4107 fuerit
966 4051 1130 4107 David
1163 4052 1301 4106 tituli
1332 4053 1632 4125 inscriptio,
1660 4053 1713 4110 in
1740 4055 1964 4115 historia
1994 4073 2102 4114 non

505 4144 829 4203 invenimus.
858 4144 1241 4201 Verumtamen
1290 4144 1426 4201 tituli
1457 4146 1862 4219 inscriptionem
1897 4150 1949 4203 in
1978 4163 2103 4220 pas-

504 4240 659 4294 sione
691 4239 898 4293 Domini
938 4235 1135 4295 l‘actam
1168 4240 1604 4317 recognoscimus
1647 4258 1661 4299 :
1692 4230 1744 4296 et
1782 4241 1967 4321 negari
1996 4256 2105 4298 non

510 4341 686 4409 potest
706 4333 998 4388 secundum
1022 4333 1544 4405 interpretationem,
1579 4335 1701 4403 quia
1734 4334 1839 4390 iste
1868 4335 2108 4411 psalmus

511 4423 580 4479 de
611 4423 857 4492 passione
886 4432 939 4479 et
971 4426 1368 4482 resurrectione
1398 4423 1600 4481 Christi
1638 4429 1991 4499 prophetasse
2022 4428 2105 4482 vi-

2200 3211 2375 3257 torutn
2418 3202 2727 3256 .ltulwornin
2778 3220 2871 3257 rex
2916 3202 3184 3258 Christus.
3231 3203 3351 3259 Non
3405 3207 3550 3268 enim
3593 3204 3667 3259 b:c
3690 3204 3763 3263 ilu-

2198 3294 2350 3350 dicus
2376 3296 2465 3366 qui
2493 3295 2669 3367 palam
2704 3296 2945 3363 videtur,
2975 3312 3152 3368 neque
3186 3297 3276 3352 illa
3304 3312 3429 3371 qua:
3455 3298 3508 3352 in
3535 3297 3762 3369 aperturis

2199 3404 2363 3449 carne
2394 3388 2453 3442 lit
2478 3389 2837 3443 circumcisio.
2876 3388 2980 3445 Sed
3011 3389 3138 3471 quid
3176 3392 3286 3445 ait?
3322 3392 3584 3463 numquid
3609 3408 3666 3455 ex
3694 3393 3758 3447 iii:

2201 3480 2609 3536 circumcisione
2625 3497 2726 3535 non
2747 3481 2958 3552 plurimi
2978 3482 3351 3545 crediderunt?
3372 3500 3561 3538 verum
3578 3496 3650 3538 est
3667 3485 3759 3554 quia

2203 3574 2576 3644 crediderunt,
2599 3575 2692 3633 sed
2712 3586 2765 3631 et
2784 3575 2884 3646 ipsi
2901 3576 2966 3630 ad
2985 3577 3291 3647 exemplum
3313 3578 3555 3653 gentium
3578 3576 3763 3643 reducti,

2205 3681 2260 3729 ut
2278 3673 2424 3743 prius
2450 3685 2509 3726 se
2530 3670 2920 3731 conﬁterentur
2943 3680 3273 3747 peccatores,
3306 3683 3359 3727 et
3383 3673 3464 3727 sic
3488 3674 3761 3727 misericor-

2204 3768 2344 3823 diam
2366 3780 2723 3836 mererentur,
2743 3768 2877 3821 sicut
2906 3765 3102 3822 Panlus
3119 3766 3185 3821 ad
3210 3766 3430 3822 Galatas
3446 3768 3675 3829 scribens
3693 3767 3764 3820 do-

2154 3914 2157 3917 η
2204 3871 2316 3923 cet:
2338 3861 2400 3917 Si
2431 3862 2713 3937 tu,inquit,
2740 3858 3082 3916 cumJudams
3106 3862 3198 3929 sis,
3223 3863 3486 3935 gentiliter
3512 3862 3763 3932 eirigqse

2208 3954 2357 4009 modo
2370 3964 2539 4031 gentes
2550 3955 2687 4027 cogis
2702 3954 2971 4031 judaizare
2993 3953 3132 4027 (Cal.
3158 3969 3218 4019 ll,
3246 3952 3376 4021 id)?
3395 3953 3506 4008 Nos
3524 3969 3691 4008 natura
3703 3953 3766 4021 ἱείς
3854 3952 3855 3967 ‘

2208 4047 2331 4113 dari,
2356 4059 2407 4103 et
2432 4065 2534 4101 non
2555 4064 2616 4102 ex
2641 4047 2887 4119 gentibus
2908 4056 3238 4119 peccatores,
3265 4048 3509 4102 scientes
3528 4045 3661 4116 quod
3687 4061 3766 4099 nos
3854 4102 3855 4127 ξ

2204 4139 2529 4211 justiiicatur
2548 4134 2723 4194 omnis
2744 4154 2870 4204 caro
2892 4154 2961 4195 ex
2988 4138 3122 4209 lege.
3144 4138 3332 4210 Itaque
3346 4139 3540 4193 Valens
3554 4136 3767 4193 lturitieri

2210 4232 2262 4290 in
2294 4232 2508 4290 Christo
2534 4233 2783 4289 inventus
2810 4238 2895 4287 est
2922 4240 3212 4307 peccator;
3238 4230 3366 4301 quia
3393 4229 3637 4286 Christus
3660 4228 3771 4281 venit

2211 4342 2317 4382 non
2341 4326 2664 4398 justiticatos
2693 4338 2907 4395 vocare,
2938 4322 3031 4378 sed
3061 4331 3405 4396 peccatores.
3441 4319 3621 4399 Itaque
3639 4333 3687 4376 et
3708 4318 3772 4389 «isi

2211 4435 2277 4475 ex
2301 4418 2713 4474 circumcisione
2743 4432 2901 4473 manu
2933 4400 3077 4485 facta
3098 4415 3472 4485 crediderunt,
3504 4415 3573 4470 ad
3602 4413 3774 4469 confes-

513 4515 705 4571 deatur
729 4557 743 4583 ,
787 4516 929 4587 quod
975 4518 1025 4572 in
1056 4518 1145 4574 illo
1177 4519 1295 4575 loco
1337 4496 1686 4574 manifestum
1714 4496 1797 4573 est
1822 4560 1838 4588 ,
1870 4520 1959 4574 ubi
2000 4521 2106 4586 ait,
2133 4496 2187 4557 Β
2213 4513 2421 4569 sionem
2453 4511 2814 4583 peccatricum
2845 4511 3085 4581 gentium
3130 4507 3405 4562 bumiliati
3447 4506 3770 4572 crediderunt,
3854 4496 3855 4511 ¹

519 4607 679 4671 Vens.
716 4607 782 4663 10
814 4627 828 4665 :
861 4609 1119 4677 Quoniam
1154 4628 1256 4675 non
1325 4612 1641 4683 derelinquas
1695 4611 1921 4675 animam
1949 4628 2114 4673 meum

515 4703 567 4757 in
580 4702 804 4773 inferno,
828 4718 918 4755 nec
937 4703 1080 4757 dabis
1104 4715 1335 4760 sanctum
1357 4716 1499 4759 tuum
1519 4705 1691 4760 videre
1710 4706 2109 4776 corruptionem.

500 4794 682 4855 .David
715 4794 860 4851 enim
902 4805 1145 4855 mortuus
1172 4807 1257 4853 est
1297 4808 1350 4854 et
1379 4798 1621 4869 sepultus
1652 4814 1666 4851 :
1698 4795 1903 4854 Christi
1929 4810 2113 4857 autem

515 4904 643 4946 caro
668 4890 784 4946 sola
816 4905 924 4945 non
947 4889 1079 4945 vidit
1102 4891 1524 4960 corruptionem,
1558 4907 1657 4947 nec
1681 4891 1910 4949 detineri
1942 4893 2117 4964 potuit

516 4985 697 5049 anima
734 4987 850 5058 ejus
894 4984 948 5040 in
979 4982 1210 5047 inferno.
1258 4986 1619 5053 Quamobrem
1664 4986 1904 5058 psalmus
1941 4988 2115 5058 qui,et

520 5079 587 5136 de
618 5081 868 5151 passione
906 5080 1025 5150 ejus
1065 5088 1120 5134 et
1147 5080 1539 5138 resurrectione
1577 5090 1632 5139 et
1660 5082 1972 5138 haereditate
2004 5082 2117 5138 dic-

522 5185 691 5241 turus,
715 5184 897 5244 esset,
943 5174 1139 5231 merito
1176 5182 1391 5230 notatus
1433 5187 1515 5231 est
1556 5175 1696 5234 tituli
1742 5178 2111 5249 inscriptione.

524 5268 663 5336 Quid
690 5270 832 5325 enim
864 5269 917 5325 in
949 5284 1009 5325 se
1048 5268 1232 5323 habuit
1275 5268 1541 5343 scriptura
1574 5269 1709 5326 tituli
1735 5312 1749 5337 ,
1782 5286 1940 5341 quam
1970 5272 2118 5352 cruci

527 5362 643 5434 ejus
682 5361 883 5417 Pilatus
920 5360 1123 5423 allixit?
1172 5360 1365 5429 Iesut,
1426 5358 1628 5433 inquit,
1672 5379 1766 5419 rea:
1786 5361 2117 5429 Judreornm.

529 5454 681 5523 Quod
710 5456 762 5510 in
789 5469 847 5511 se
871 5469 1064 5511 nomen
1092 5466 1144 5510 et
1173 5455 1290 5526 ipse
1312 5453 1594 5515 confessus
1619 5465 1722 5521 est,
1753 5459 2120 5527 interrogante

533 5561 655 5602 eum
690 5546 862 5601 Pilato
895 5563 910 5602 :
953 5545 1034 5600 Tu
1071 5564 1124 5602 es
1166 5563 1260 5602 rem
1282 5545 1585 5609 ludicrarum
1616 5546 1810 5619 (Marc.
1850 5564 1951 5617 xy,
1974 5530 2121 5620 ἐδγι

538 5636 602 5699 In
628 5640 744 5707 hoc,
778 5638 982 5721 inquit,
1008 5641 1123 5705 veni
1150 5649 1195 5696 et
1218 5641 1271 5699 in
1294 5642 1390 5696 hoc
1417 5648 1568 5721 natus
1594 5654 1728 5699 sum.

609 5731 665 5787 ‘2.
712 5732 819 5793 Sed
859 5720 1115 5806 numquid
1153 5734 1451 5793 carnalium
1480 5720 1794 5793 Iudaeorum
1837 5746 1933 5801 rex
1970 5731 2039 5797 ab
2063 5745 2132 5792 eo

2216 4608 2273 4663 ut
2297 4617 2479 4661 essent
2506 4618 2693 4663 omnes
2716 4601 3006 4667 haereditas
3032 4600 3231 4663 Christi
3258 4617 3272 4653 :
3303 4613 3415 4665 non
3446 4599 3501 4657 iu
3530 4600 3611 4659 his
3634 4600 3711 4669 qui
3729 4612 3773 4651 cI

2215 4696 2473 4768 operibus
2501 4697 2615 4752 suis
2637 4695 3112 4767 justiticabuutur,
3141 4692 3236 4748 sed
3260 4693 3317 4748 in
3345 4694 3432 4747 his
3455 4694 3549 4764 qni
3576 4710 3665 4765 per
3683 4708 3775 4762 gn.
3854 4748 3855 4763 χ

2216 4793 2403 4848 tuitam
2432 4792 2657 4862 gratiam
2709 4791 2800 4846 Dei
2847 4789 3232 4860 justiﬁcanlnr.
3279 4789 3349 4843 Et
3400 4790 3519 4843 haec
3562 4799 3639 4843 est
3674 4785 3777 4840 titsli
3854 4814 3855 4829 ι

2218 4885 2529 4961 inscriptio,
2557 4883 2700 4956 quod
2726 4884 2797 4938 sit
2828 4884 2945 4959 ipse
2968 4898 3063 4937 rex
3105 4880 3443 4938 Iudaeorum.
3474 4881 3654 4951 Itaque
3688 4894 3776 4931 nar-

2220 4988 2303 5043 rat
2329 4977 2416 5041 hic
2448 4977 2685 5050 psalmus
2709 4992 2940 5050 quorum
2964 4974 3275 5043 Iudaeorum
3304 4988 3401 5033 rex
3427 4972 3665 5033 Chfiaills
3688 4984 3774 5026 esse

2221 5071 2485 5137 videatur,
2507 5079 2560 5125 et
2609 5085 2769 5141 quam
2821 5069 3017 5124 habeat
3072 5065 3342 5122 rationem
3395 5064 3537 5119 tituli
3589 5060 3774 5126 iam?!

2222 5166 2388 5234 tione;
2422 5167 2512 5237 qui
2560 5181 2670 5221 non
2718 5179 2906 5220 eorum
2952 5160 3265 5221 Judteorum
3311 5159 3405 5230 qui
3454 5158 3626 5230 palam
3663 5156 3773 5210 vidr-

2225 5270 2435 5325 rentur,
2460 5269 2519 5317 et
2542 5275 2769 5331 quorum
2801 5267 2945 5314 esset
2967 5264 3154 5328 aperta
3185 5255 3238 5330 in
3269 5268 3440 5308 carne
3462 5251 3775 5311 circumcisio,

2230 5356 2325 5415 sed
2357 5354 2535 5426 potius
2577 5352 2792 5417 illorum
2823 5348 3131 5411 Iudaeorum
3160 5346 3251 5423 qui
3287 5346 3342 5407 in
3369 5353 3584 5400 secreto
3609 5342 3776 5409 Judri,

2226 5447 2426 5519 quibus
2472 5443 2814 5507 circumcisio
2855 5440 3037 5507 cordis
3062 5481 3076 5500 .
3118 5452 3351 5507 quorum
3405 5436 3579 5506 gloria
3621 5444 3779 5489 noset

2234 5543 2560 5607 hominibus,
2585 5540 2682 5597 sed
2703 5556 2767 5596 ex
2798 5540 2907 5595 Deo
2931 5549 3033 5592 est.
3057 5534 3357 5591 Videamus
3376 5532 3610 5602 denique
3632 5525 3779 5599 malui

2238 5647 2473 5704 textum,
2504 5636 2549 5690 si
2579 5633 2646 5690 ad
2678 5634 2792 5688 haec
2820 5647 2939 5702 qua:
2967 5628 3203 5685 diximus
3231 5629 3449 5681 attinet.

2316 5731 2372 5792 ὁ.
2417 5730 2579 5788 Vsus.
2614 5729 2663 5786 1.
2704 5724 2917 5791 Custodi
2959 5739 3060 5799 me,
3086 5721 3287 5798 inquit,
3319 5717 3569 5791 Domine,
3595 5716 3784 5792 quatit!
