3896 6336
87 303 195 359 895

1224 295 1641 357 TRAC'I‘ATUS
1685 296 1776 354 DE
1815 295 2088 361 PSALIIO
2130 297 2245 357 ιν.

3274 294 3380 357 894

87 423 139 476 in
166 430 215 477 te
239 421 467 493 sperari.
495 418 594 488 Qui
625 415 863 475 debitum
892 415 1047 488 petit,
1078 430 1184 475 nou
1208 424 1392 489 sperat
1421 433 1436 470 :
1465 430 1591 473 nam
1631 412 1679 471 si
1706 418 1760 483 Α
1782 430 1899 471 runt
1942 430 1962 473 :
2004 426 2117 487 post
2162 416 2270 473 haec
2301 416 2755 475 acceleraverunt?
2782 414 3001 475 Tractat
3029 412 3170 471 hunc
3194 414 3376 477 locum

85 510 316 568 debetur
344 511 474 567 mihi
513 511 736 583 aliquid,
764 509 887 581 jure
915 508 969 564 id
1011 524 1259 589 reposco.
1290 507 1443 576 Quod
1474 509 1522 565 si
1558 509 1681 579 quis

89 605 218 661 mihi
241 621 307 661 ex
342 606 619 660 voluntate
652 604 887 669 tribuat,
916 618 1027 660 non
1052 618 1117 660 ex
1140 602 1457 672 oblatione;
1490 603 1556 658 de
1577 601 1682 661 hac

82 696 479 771 consuetudine
504 697 642 767 ejus.
672 696 1100 753 benevolentiam
1145 694 1264 767 ejus
1289 695 1540 766 sperabo.
1571 695 1681 752 ita.

84 805 191 859 que
219 789 326 852 _ltic
351 791 441 860 qui
474 806 579 846 non
611 807 676 846 ex
703 790 959 863 operibus
983 790 1247 862 justitiam
1279 788 1680 862 magniﬁcahat,

80 881 175 936 sed
205 881 500 959 gratuitam
535 883 627 940 Dei
658 884 883 953 gratiam
910 882 1303 947 introducebat.
1336 881 1549 939 Custodi
1580 898 1679 950 me,

77 974 239 1040 dixit.
266 974 504 1041 Domine,
528 978 652 1048 quia
670 978 722 1031 in
751 987 799 1031 te
820 976 1038 1047 speravi.
1064 976 1246 1032 Dicant
1274 975 1516 1043 Domino,
1544 974 1682 1033 Deus

78 1084 222 1123 meus
250 1084 304 1124 es
333 1081 409 1126 tu.
467 1069 713 1127 Potestas
742 1070 886 1127 enim
914 1071 1122 1128 Domini
1147 1071 1199 1127 in
1220 1088 1287 1128 eo
1314 1082 1419 1138 est,
1444 1081 1500 1126 ut
1520 1070 1684 1129 faciat

86 1159 141 1219 in
192 1176 413 1218 servum
443 1162 585 1235 quod
613 1162 765 1228 vult,
807 1178 914 1218 non
956 1164 1099 1235 quod
1142 1180 1364 1220 necesse
1396 1164 1575 1221 habet.
1625 1163 1682 1221 Si

76 1262 260 1309 autem
287 1256 545 1325 Operibus
586 1269 796 1311 merces
821 1253 1084 1324 debetur;
1123 1257 1176 1315 id
1206 1258 1335 1315 mihi
1375 1258 1680 1326 retribuet,

76 1346 225 1418 quod
268 1362 490 1404 necesse
520 1340 769 1407 habuerit
792 1393 809 1418 ,
844 1364 950 1405 non
988 1349 1133 1421 quod
1162 1350 1410 1407 voluerit.
1445 1349 1503 1405 Si
1534 1350 1679 1407 enim

78 1450 337 1511 operatus
366 1439 520 1498 fuero
543 1483 557 1507 ,
590 1442 722 1499 velit
751 1443 906 1510 nolit,
940 1442 1167 1501 debetur
1196 1442 1326 1499 tnibi
1356 1457 1594 1510 merces,
1625 1451 1682 1503 et

76 1533 434 1591 evacuabitur
465 1550 561 1606 per
590 1534 706 1591 hate
727 1536 900 1608 gratia
930 1534 1044 1599 Dei,
1072 1535 1214 1591 sicut
1238 1536 1530 1605 Apostolus
1555 1534 1634 1589 ait
1660 1549 1676 1589 :

75 1624 216 1683 Nam
244 1626 335 1696 qui
364 1635 620 1697 operatur
643 1668 660 1695 ,
693 1642 902 1684 merces
941 1627 1017 1683 illi
1052 1637 1272 1698 accepta
1303 1628 1362 1683 lit
1391 1642 1487 1698 per
1523 1625 1679 1682 debi-

79 1727 229 1785 tum,
261 1733 364 1775 non
398 1734 495 1790 per
518 1721 787 1793 gratiam;
817 1720 913 1777 sed
967 1720 1061 1792 qui
1088 1735 1148 1777 se
1188 1734 1297 1777 non
1325 1736 1395 1776 ex
1423 1719 1678 1792 operibus

1783 506 2072 575 Apostolus
2104 506 2416 575 plenissime
2443 507 2511 565 ad
2538 507 2812 565 Romanos
2833 548 2851 574 ,
2874 505 3008 577 quod
3040 506 3124 562 lex
3152 505 3379 571 introivit

1784 606 1837 654 ut
1870 599 2274 672 ampliﬁcantur
2303 612 2585 675 peccatum.
2622 599 2723 656 Ubi
2753 599 3125 672 ampli/iratum
3155 610 3227 655 est
3260 614 3379 670 pem

1781 703 1952 751 catum
1975 734 1992 761 ,
2024 694 2093 751 ibi
2129 697 2302 770 gratia
2329 694 2605 751 abundavit
2638 694 2815 768 (Rom.
2847 709 2895 761 v,
2923 693 3039 765 20).
3087 694 3377 763 Postquam

1784 786 1929 845 enim
1958 789 2305 858 repudiantes
2332 792 2562 862 gratiam
2604 790 2696 846 Dei
2746 790 2948 849 inventi
2993 800 3119 847 sunt
3165 790 3216 844 in
3249 805 3380 860 ope-o

1782 878 1931 935 ribus
1953 878 2110 951 legis,
2141 880 2370 939 iulirmis
2399 884 2532 937 mira
2560 881 2702 939 facta
2730 890 2815 939 est
2847 881 3098 941 voluntas
3131 882 3246 949 Dei,
3273 898 3381 954 qua

1782 972 1850 1028 ad
1878 973 2108 1047 gratiam
2154 988 2305 1031 suam
2347 973 2676 1044 provocabat
2715 990 2832 1031 eos.
2867 975 3206 1046 Quicumque
3250 991 3380 1046 ergo

1783 1066 1901 1125 vult
1926 1068 2107 1123 salvus
2137 1082 2258 1126 esse
2281 1110 2295 1134 ,
2329 1077 2544 1142 oportet
2576 1078 2633 1125 ut
2654 1071 2824 1141 gratia
2855 1069 2948 1127 Dei
2979 1069 3200 1127 liberari
3227 1070 3379 1129 velit.

1782 1162 1970 1233 Itaque
2010 1150 2161 1221 bene
2180 1162 2422 1235 psalmus
2451 1166 2527 1220 ait
2558 1182 2573 1220 :
2616 1164 2731 1235 Ipsi
2759 1166 2915 1221 miras
2946 1169 3171 1236 fecerunt
3196 1166 3380 1223 colum

1783 1265 1911 1313 tates
1940 1266 2057 1313 tuas
2079 1258 2241 1325 inse;
2273 1257 2634 1328 multiplicata:
2656 1270 2775 1317 sunt
2806 1258 3131 1328 inﬁrmitates
3157 1276 3330 1315 eorum
3360 1275 3380 1318 :

1782 1358 1894 1422 post
1925 1353 2032 1405 huic
2052 1347 2482 1405 acceleraverunt.
2512 1348 2647 1406 Cum
2679 1351 2822 1407 enim
2850 1351 3227 1421 multiplicata:
3256 1359 3384 1411 sunt

1783 1442 2121 1501 inﬁrmitates
2142 1455 2330 1503 eorum
2359 1443 2450 1514 qui
2472 1457 2531 1499 se
2554 1444 2608 1499 in
2636 1444 2894 1514 Operibus
2915 1445 3198 1513 justilleari
3228 1445 3377 1501 valeo

1782 1536 1950 1604 bant,
1981 1536 2133 1592 mira:
2163 1534 2319 1595 facta:
2357 1546 2484 1597 sunt
2512 1538 2821 1595 voluntates
2853 1538 2946 1595 Dei
2974 1554 3095 1610 quin
3121 1539 3188 1594 ad
3214 1539 3378 1596 [idem

1781 1628 1968 1703 gratia:
2000 1629 2282 1691 vocabant.
2324 1628 2528 1689 Horum
2559 1628 2723 1700 igitur
2748 1645 3049 1701 synagogas
3071 1672 3086 1696 .
3117 1631 3193 1689 ait
3214 1670 3230 1698 ,
3271 1646 3379 1688 non

1786 1720 2097 1793 aggregabo
2134 1720 2202 1777 de
2230 1720 2493 1792 sanguine
2533 1737 2655 1777 meo
2684 1736 2700 1777 :
2733 1720 2785 1777 id
2826 1730 2910 1778 est
2935 1763 2950 1788 ,
2978 1738 3085 1781 non
3115 1722 3381 1781 redimam

74 1811 219 1878 suis.
241 1811 335 1868 sed
365 1828 430 1869 ex
456 1812 625 1884 gratia
649 1813 740 1869 Dei
766 1814 977 1871 salvum
1005 1814 1119 1871 fieri
1139 1815 1275 1882 vult,
1300 1819 1440 1871 sicut
1463 1821 1679 1885 oportet
1706 1818 1754 1883 Β
1780 1827 1877 1869 eos
1893 1812 1982 1885 qui
2001 1813 2579 1887 redemptiouentmeae
2598 1813 2785 1887 gratia:
2810 1830 2918 1871 non
2941 1815 3243 1885 requirunt.
3269 1813 3382 1871 Nec

75 1919 180 1961 nos
207 1919 400 1960 omnes
430 1904 692 1971 credere;
725 1904 814 1963 hic
843 1922 1069 1977 Sperans
1094 1907 1151 1965 in
1185 1906 1354 1965 Deum
1384 1908 1677 1965 constituet

71 1997 182 2053 sibi
214 1997 415 2055 bonum
445 1999 589 2071 quod
631 1999 861 2061 voluerit
905 2002 1045 2058 Deus
1071 2043 1087 2069 ,
1132 2016 1238 2058 non
1276 2001 1418 2069 quod
1450 2016 1677 2061 nece~se

73 2092 376 2159 habuerit,
427 2108 489 2149 ac
536 2109 633 2166 per
665 2095 769 2151 hoc
805 2094 1173 2166 signiﬁcanter
1218 2096 1334 2162 ait,
1383 2093 1550 2152 Vsus.
1600 2098 1674 2151 ‘2:

70 2187 208 2244 Dixi
239 2188 481 2257 Domino,
510 2187 655 2246 Deus
682 2206 821 2246 meus
844 2205 899 2246 es
937 2198 1012 2245 tu.
1041 2188 1226 2260 Neque
1251 2189 1398 2246 enim
1421 2204 1675 2259 umquam

69 2280 341 2350 Dominus
366 2284 567 2352 gratias
593 2282 701 2354 agit
730 2296 911 2350 servo,
953 2280 999 2338 si
1028 2281 1221 2339 fecerit
1249 2282 1388 2353 quod
1418 2281 1676 2353 jusserit;

69 2372 177 2429 sed
207 2388 304 2444 per
354 2373 470 2429 haec
492 2375 672 2433 omnia
704 2374 1009 2446 exspectari
1056 2376 1200 2431 solet
1245 2373 1679 2435 benevolentiam

67 2481 231 2522 suam
271 2474 325 2521 et
367 2466 592 2538 gratiam
623 2508 638 2532 ,
683 2466 823 2523 sicut
862 2477 917 2523 et
964 2468 1221 2527 Dominus
1250 2468 1411 2525 docet
1447 2468 1677 2527 dicens;

70 2556 210 2623 Quis
240 2573 305 2613 ea:
342 2558 482 2614 vobis
522 2557 672 2615 habet
710 2576 911 2615 servum
950 2570 1182 2615 orantem
1220 2571 1309 2618 aut
1338 2561 1680 2633 pascentem?

67 2649 354 2722 Numquid
402 2667 517 2707 cum
558 2654 747 2708 venerit
785 2652 1018 2721 domum,
1063 2655 1187 2709 dicit
1225 2656 1294 2724 ei,
1337 2656 1571 2713 transiet
1598 2672 1680 2712 re-

74 2745 294 2801 cumbe?
321 2746 412 2802 sed
439 2746 586 2812 dicit,
615 2748 779 2803 transi
808 2757 855 2803 et
879 2749 1113 2802 ministra
1138 2748 1287 2815 mihi,
1318 2761 1365 2807 et
1392 2762 1514 2807 tunc
1532 2766 1680 2806 man-

65 2837 315 2895 ducabis.
350 2837 619 2909 Numquid
640 2840 745 2915 agit
776 2840 1015 2896 dominus
1037 2842 1114 2897 illi
1141 2844 1335 2916 gratias
1360 2860 1528 2912 seruo,
1557 2846 1680 2915 quia

68 2931 158 2985 sic
193 2930 413 3003 fecerit?
437 2948 584 2987 antea
618 2932 734 2991 dico
777 2933 916 2989 vobis
954 2935 1075 3005 quia
1103 2951 1209 2993 non
1240 2937 1368 3009 agit.
1400 2937 1490 2993 Sic
1520 2947 1567 2992 et
1588 2953 1678 2994 vos

61 3040 199 3079 cum
239 3024 413 3081 omnia
440 3025 662 3095 feceritis
700 3042 814 3095 quae
834 3028 1041 3100 jussero
1069 3030 1208 3086 vobis
1229 3071 1248 3098 ,
1278 3031 1432 3086 dicite
1476 3048 1489 3089 :
1529 3031 1678 3091 Serui

59 3122 284 3178 inutiles
308 3139 486 3178 sumas
515 3138 534 3177 :
560 3123 694 3196 quod
722 3136 922 3181 necesse
950 3124 1244 3195 habuimus,
1276 3127 1488 3198 fecimus
1517 3128 1673 3201 (Luc.

1782 1906 2123 1973 memorobor,
2146 1906 2341 1978 inquit,
2370 1906 2581 1965 nomina
2610 1922 2787 1962 eorum
2823 1923 2912 1977 per
2940 1905 3078 1967 labia
3111 1923 3243 1965 mea.
3273 1906 3379 1976 Qui

1779 1999 1925 2055 enim
1954 1998 2006 2057 in
2038 1998 2293 2070 operibus
2317 1999 2431 2054 suis
2462 1996 2575 2053 vult
2614 1997 2795 2055 salvus
2829 2013 2950 2057 esse
2977 2039 2993 2066 ,
3036 1998 3123 2057 hic
3161 2000 3370 2055 beneli-

1778 2093 1919 2149 cium
1952 2108 2130 2148 meum
2162 2106 2270 2151 non
2298 2092 2585 2149 confitetur
2617 2109 2630 2145 :
2662 2100 2718 2147 et
2752 2091 2838 2161 qui
2879 2107 2958 2151 me
2987 2091 3251 2158 confessus
3272 2107 3378 2149 non

1780 2187 1933 2257 fuerit
1966 2201 2141 2241 coram
2170 2183 2481 2252 hominibus,
2513 2202 2604 2245 nec
2627 2201 2718 2259 ego
2740 2184 3017 2256 conﬁtebor
3036 2184 3183 2241 illum
3203 2200 3377 2239 coram

1786 2279 1942 2339 Patre
1982 2296 2093 2337 meo
2129 2279 2215 2353 qui
2256 2287 2327 2335 est
2356 2281 2410 2335 in
2440 2278 2578 2335 castis
2611 2276 2825 2350 (Matth.
2876 2294 2908 2333 ι
2935 2318 2950 2344 ,
2985 2276 3099 2348 52).
3133 2276 3287 2345 Quod
3329 2276 3378 2337 si

1782 2375 1885 2431 hos
1913 2375 2049 2430 tales
2078 2389 2185 2429 non
2217 2372 2394 2429 fuerat
2420 2382 2862 2443 cougregaturus,
2898 2379 3182 2440 supererat
3208 2380 3263 2429 ut
3289 2385 3381 2429 οδ-

1781 2469 2030 2531 tenderet
2056 2484 2193 2543 quos
2221 2470 2275 2531 in
2302 2468 2620 2529 haereditate
2645 2474 2965 2537 accepturus
2993 2474 3160 2525 esset.
3193 2462 3380 2535 Itaque

1782 2564 1973 2623 ordine
1994 2563 2273 2636 subiungit
2304 2581 2317 2619 :

1856 2658 1909 2714 7.
1938 2658 2108 2715 Vsus.
2143 2656 2195 2715 5.
2230 2655 2482 2712 Dominus
2532 2655 2700 2725 portio
2730 2652 3041 2713 haereditatis
3070 2669 3196 2711 mea
3223 2661 3267 2707 et
3290 2666 3380 2708 ea-

1782 2752 1895 2807 licis
1920 2752 2018 2807 mei
2046 2765 2063 2806 ;
2087 2762 2141 2805 tu
2167 2766 2220 2805 es
2241 2750 2329 2821 qui
2358 2747 2626 2804 custodisti
2658 2746 2783 2805 mihi
2805 2746 3149 2805 hereditatem
3187 2761 3375 2802 metu».

1782 2843 1840 2902 Si
1867 2843 2013 2899 enim
2044 2857 2138 2898 eos
2184 2842 2277 2913 qui
2322 2857 2389 2896 ex
2419 2838 2677 2912 operibus
2714 2839 3083 2908 justitieantnr
3125 2837 3378 2908 repudia~

1780 2934 1873 2991 bat
1892 2976 1907 3003 ,
1933 2949 2029 2990 eos
2059 2934 2243 3005 utique
2269 2948 2405 3004 quos
2448 2933 2588 2989 Deus
2618 2948 2713 3003 per
2749 2931 2978 3003 gratiam
3008 2931 3192 2988 salvos
3216 2930 3379 2987 facie-c

1782 3028 1895 3096 bat,
1930 3027 2132 3084 habere
2158 3027 2411 3084 malebat.
2441 3025 2625 3097 itaque
2649 3023 3019 3094 signiﬁcanter
3047 3026 3122 3079 ait
3152 3043 3165 3078 :
3194 3021 3378 3079 Domi-

1781 3141 1879 3180 nus
1906 3124 2076 3198 portio
2099 3120 2412 3181 hereditatis
2439 3135 2579 3179 ntere.
2608 3119 2739 3179 Cum
2763 3119 2906 3179 enim
2926 3117 3181 3179 Dominus
3207 3116 3379 3189 gratia

59 3231 133 3271 xv
156 3231 191 3270 ιι
216 3257 231 3283 ,
266 3216 345 3288 7).
390 3214 556 3289 Igitur
581 3220 666 3290 qui
698 3220 943 3290 agnoscit
970 3235 1029 3274 se
1058 3219 1227 3276 Deum
1256 3219 1487 3287 habere,
1513 3224 1675 3279 talem
1706 3211 1753 3279 C
1782 3233 1877 3272 sua
1907 3216 2088 3273 salvos
2119 3215 2309 3272 fecerit
2329 3214 2451 3270 illos
2476 3254 2491 3281 ,
2522 3227 2660 3285 quos
2683 3212 2774 3268 ille
2797 3212 2851 3271 in
2884 3210 3251 3269 haereditatem
3278 3209 3377 3266 de.

60 3308 347 3371 exhibere
372 3309 533 3368 debet
557 3313 831 3371 servitutis
860 3313 1237 3372 humilitatem.
1271 3314 1378 3373 Sed
1404 3316 1518 3372 lucc
1545 3332 1680 3373 con-

64 3402 245 3462 fessio
268 3419 376 3459 tton
405 3413 488 3460 est
513 3419 735 3474 operum
758 3445 777 3475 ,
803 3406 898 3463 sed
928 3405 1070 3463 lidei.
1102 3406 1289 3479 Itaque
1333 3407 1455 3465 novi
1487 3407 1678 3468 Testa-

64 3498 247 3554 menti
270 3497 411 3553 bene
436 3501 784 3557 annuntiator
813 3500 889 3557 ait
921 3519 935 3558 :
970 3499 1092 3557 Dixi
1117 3500 1339 3558 Domino
1367 3518 1502 3571 meo,
1536 3500 1678 3560 Deus

62 3606 223 3645 meus
254 3605 307 3644 es
333 3599 407 3644 tu.
441 3589 506 3644 Et
530 3590 656 3661 quid
691 3600 814 3661 post
838 3590 952 3649 haec
979 3591 1150 3648 dicit?

139 3685 203 3742 5.
240 3686 498 3754 Quoniam
519 3687 764 3742 bonorum
791 3702 1018 3745 meorum
1038 3702 1141 3743 non
1167 3688 1384 3763 indiges,
1408 3687 1574 3746 Vens.
1618 3689 1672 3744 5.

63 3778 293 3837 Sanctis
326 3780 413 3847 qui
441 3788 559 3835 sunt
585 3781 639 3835 in
666 3793 822 3837 terra.
852 3781 989 3848 Quid
1017 3791 1126 3837 tam
1163 3796 1505 3855 consequens
1535 3791 1675 3851 erat,

61 3890 240 3944 quam
270 3872 414 3945 quod
439 3873 534 3939 ait,
565 3871 702 3929 bona
727 3888 823 3931 sua
853 3874 1157 3932 necessaria
1191 3890 1299 3932 non
1327 3890 1449 3933 esse
1475 3877 1678 3934 sanctis

62 3974 242 4023 terrm
263 4006 279 4031 ,
313 3980 485 4035 neque
515 3980 577 4021 ea
609 3964 745 4033 bona
777 3964 989 4023 Domini
1015 3965 1084 4021 ad
1125 3981 1278 4023 usum
1307 3982 1428 4023 esse
1455 3977 1675 4022 sancto~

58 4076 194 4117 rum
259 4066 418 4115 terra:
471 4057 869 4115 habitatorum?
926 4056 1059 4128 Qum
1101 4066 1282 4116 autem
1344 4067 1472 4115 sunt
1534 4056 1676 4115 bona

58 4152 326 4220 Christi,
360 4168 479 4222 qua:
519 4152 657 4208 bona
708 4152 847 4209 Novi
889 4150 1243 4219 Testamenti,
1280 4149 1382 4205 nisi
1420 4151 1676 4221 gratuita,

57 4246 180 4303 nisi
227 4254 570 4316 peccatorum
603 4245 888 4304 remissio?
928 4243 1058 4302 llzeo
1098 4245 1239 4301 bona
1269 4244 1471 4302 sanctis
1519 4254 1678 4303 terra:

58 4338 392 4397 necessaria
426 4354 531 4393 non
557 4348 701 4394 sunt.
732 4337 851 4395 Non
892 4349 1036 4413 egent
1065 4340 1150 4409 qui
1179 4340 1291 4397 sani
1312 4349 1430 4396 sunt
1459 4340 1677 4409 medico,

54 4432 161 4488 sed
189 4432 285 4501 qui
317 4430 449 4487 male
478 4432 663 4487 habent
709 4432 902 4504 (Marc.
952 4449 987 4491 ιι
1012 4473 1029 4501 ,
1063 4430 1176 4507 17).
1205 4433 1272 4490 Ει
1299 4433 1516 4504 praprie
1553 4432 1678 4491 illos

55 4525 164 4597 qui
200 4538 263 4579 se
295 4523 347 4577 in
373 4524 629 4594 operibus
670 4526 782 4581 suis
807 4524 1104 4595 justitit-ant
1125 4566 1141 4593 ,
1170 4536 1386 4583 sanctos
1413 4542 1520 4582 non
1555 4527 1678 4585 costi

1779 3309 1896 3375 dit;
1928 3325 2053 3365 vere
2099 3309 2354 3365 Dominus
2381 3317 2462 3364 est
2485 3308 2663 3379 portio
2704 3304 3038 3365 litereditatis
3067 3303 3202 3375 ejus.
3247 3303 3379 3360 Ser~

1778 3404 1925 3461 Vavit
1948 3412 2129 3459 autem
2169 3402 2486 3475 obsequium
2514 3400 2676 3467 illius,
2709 3411 2766 3459 ut
2808 3399 3180 3459 hmreditatetit
3219 3413 3375 3461 suam

1780 3513 1888 3557 non
1920 3498 1974 3555 in
2014 3498 2279 3569 sanguine
2305 3512 2406 3555 suo
2434 3499 2717 3568 qumsitam
2742 3495 3100 3567 praedicaret;
3148 3494 3243 3549 sed
3277 3509 3377 3564 per

1784 3592 1950 3653 Deum
1983 3592 2237 3651 donatam
2282 3592 2383 3651 sibi
2410 3592 2617 3649 diceret
2648 3608 2679 3649 ι
2714 3591 2849 3659 Deo,
2882 3598 2940 3646 ut
2971 3600 3026 3646 et
3054 3590 3244 3647 calicis
3268 3590 3372 3654 sui.

1781 3686 1835 3747 id
1865 3699 1948 3743 est
1979 3683 2289 3758 passioaisf
2306 3688 2607 3745 Dominutn‘
2622 3688 2924 3759 portionem
2953 3701 3076 3743 esse
3110 3687 3376 3741 conﬁtea-

1785 3791 1889 3839 tur.
1925 3782 2139 3843 Etenim
2171 3784 2217 3839 si
2242 3782 2494 3853 passione
2524 3782 2739 3841 Domini
2771 3781 3066 3854 redempta:
3091 3787 3219 3837 sunt
3243 3796 3378 3850 gen.

1779 3881 1866 3932 tes
1894 3875 1964 3932 de
1996 3881 2244 3946 peccato,
2288 3876 2401 3946 ipsa
2450 3885 2631 3935 tamen
2679 3876 2860 3946 passio
2888 3875 3100 3932 Domini
3126 3875 3379 3931 voluntas

1779 3964 1957 4025 Patris
2002 3967 2118 4035 fuit,
2161 3967 2302 4023 sicut
2348 3975 2576 4023 testatur
2634 3967 2687 4023 in
2732 3952 3016 4037 evangelio
3057 3967 3242 4025 dicens
3291 3964 3380 4034 (ut

1782 4058 1945 4121 homo
1976 4060 2213 4128 loquitur
2237 4073 2397 4129 quem
2435 4062 2700 4130 suscepit)
2730 4077 2744 4115 :
2770 4058 2949 4128 Pater,
2976 4070 3198 4116 transeat
3238 4060 3377 4115 entia:

1779 4153 1875 4208 iste
1903 4169 1936 4215 ιι
1961 4167 2040 4209 me
2065 4167 2084 4209 :
2107 4160 2478 4214 verumtamen.
2498 4167 2604 4209 non
2629 4152 2767 4221 quod
2790 4167 2882 4225 ego
2926 4151 3064 4217 volo,
3109 4150 3198 4209 sed
3239 4150 3379 4219 quod

1784 4256 1840 4301 tu
1887 4243 2104 4318 (Matth.
2148 4258 2297 4309 xxvs.
2324 4240 2442 4314 59).
2472 4241 2639 4313 Igitur
2682 4243 2729 4301 si
2778 4242 3110 4299 voluntatem
3160 4241 3376 4297 Domini

1782 4336 2117 4402 consideres,
2167 4335 2283 4407 ipso
2324 4334 2613 4393 confessus
2660 4343 2745 4391 est
2789 4334 3021 4391 dicens:
3052 4335 3097 4390 si
3126 4331 3242 4390 fieri
3283 4349 3382 4405 po-

1785 4437 1909 4496 test,
1941 4438 2181 4485 transeat
2210 4428 2310 4483 iste
2338 4428 2475 4483 calix
2506 4443 2536 4482 a
2569 4442 2676 4483 me.
2710 4427 2861 4482 Unde
2893 4427 3053 4481 etiam
3076 4428 3380 4499 redemptio

1782 4523 2023 4594 gentium
2066 4536 2175 4581 non
2235 4521 2290 4577 in
2347 4523 2623 4577 voluntate
2676 4518 2819 4587 Filii,
2877 4518 2974 4575 sed
3018 4518 3071 4575 in
3102 4519 3379 4577 voluntate

53 4614 169 4673 sed
202 4625 365 4671 teme
391 4616 699 4687 appellavit;
727 4634 794 4673 ex
819 4616 1130 4674 hominibus
1149 4619 1295 4675 enim
1321 4618 1436 4674 laus
1464 4634 1675 4687 eorum,
1704 4613 1760 4677 D
1784 4615 1961 4677 Patris
1990 4614 2300 4687 recipienda
2327 4626 2432 4671 est.
2463 4613 2580 4673 Non
2612 4614 2757 4672 enim
2788 4611 2933 4683 quod
2973 4627 3075 4682 ego
3100 4612 3244 4681 volo,
3293 4613 3377 4668 in-

55 4724 185 4767 nou
220 4723 292 4764 ex
326 4707 436 4763 Deo
466 4720 545 4765 est
580 4710 810 4783 :qnales
849 4710 1017 4769 fuisse
1060 4726 1155 4768 eos
1189 4709 1447 4768 Dominus
1488 4721 1672 4778 notat,

48 4799 443 4873 justiﬁeantes
472 4803 628 4874 sein
669 4811 957 4873 Ct‘)ll.~ipCClu
1002 4802 1321 4870 hominum;
1354 4804 1445 4875 qui
1491 4820 1678 4875 repre-

54 4892 451 4951 liendentibus
494 4893 639 4964 quod
669 4911 790 4949 eum
825 4895 1122 4965 publicanis
1159 4895 1475 4954 conviveret
1497 4938 1513 4964 ,
1553 4895 1685 4957 Non

52 4987 214 5053 veni,
240 4986 434 5058 inquit,
448 4988 623 5057 justas
643 4991 810 5059 facere
829 4989 1016 5056 salvos,
1041 4989 1132 5047 sed
1151 5001 1443 5062 peccatores
1463 4991 1608 5067 (Ibid
1634 4992 1676 5066 ).

53 5080 253 5153 Igitur
282 5079 451 5149 gratia
490 5081 721 5152 gratuita
763 5088 817 5137 et
857 5082 1105 5139 remissio
1146 5091 1490 5155 peccatorum
1519 5086 1680 5155 jus‘tis

53 5172 390 5231 necessaria
417 5187 523 5229 non
550 5183 662 5239 est;
687 5173 781 5229 sed
804 5174 988 5246 utique
1008 5174 1170 5246 justis
1187 5177 1278 5247 qui
1299 5192 1357 5233 se
1373 5176 1551 5249 justos
1583 5193 1681 5249 pu-

54 5276 232 5334 tant;
265 5281 390 5323 nam
418 5282 545 5323 vere
565 5266 743 5339 justus
766 5282 832 5324 ex
859 5267 964 5324 fide
990 5270 1135 5325 venit
1160 5269 1223 5343 (Ῑ.
1254 5270 1430 5340 vivit).
1461 5268 1552 5327 Isti
1577 5270 1678 5329 ita.

51 5376 186 5433 que
210 5359 386 5415 sancti
415 5375 519 5416 non
537 5358 778 5433 indigent
794 5359 1068 5417 bonorum
1087 5362 1181 5419 lilii
1200 5364 1305 5420 sui.
1333 5364 1515 5434 Itaque
1539 5364 1674 5423 intra

52 5452 151 5509 ait
200 5469 213 5505 :
266 5449 390 5507 Non
419 5452 735 5527 congregabo
777 5469 1067 5527 synagogas
1113 5471 1287 5513 eorum
1324 5457 1386 5511 de
1427 5458 1676 5527 sanguine

49 5560 215 5603 meo.
244 5542 363 5599 Non
389 5551 474 5601 est
496 5546 640 5601 enim
672 5544 869 5602 talibus
898 5546 1197 5618 redemptio
1224 5561 1321 5618 per
1360 5549 1674 5618 sanguinem

48 5653 261 5697 meum
297 5639 622 5706 necessaria,
653 5638 745 5710 qui
770 5653 831 5695 se
850 5638 1026 5709 justus
1054 5655 1176 5697 esse
1200 5640 1551 5701 arbitrantur.

144 5730 206 5784 6.
251 5728 362 5788 Sed
391 5746 555 5802 quare
607 5733 723 5789 ait;
760 5730 875 5803 Ipsi
922 5732 1081 5789 miras
1118 5732 1351 5805 fecerunt
1392 5735 1676 5795 voluntates

47 5834 203 5885 suas
240 5824 294 5879 in
326 5838 417 5892 se;
447 5821 597 5888 Vana
621 5822 689 5887 ις
716 5823 1071 5900 multiplicatio
1096 5835 1216 5885 sunt
1239 5827 1564 5901 inﬁrmitates
1589 5845 1676 5891 eo»

1780 4710 1919 4781 quit,
1951 4709 2050 4765 sed
2092 4709 2235 4779 quod
2263 4720 2340 4769 tu.
2388 4708 2552 4779 Igitur
2597 4707 2735 4763 hanc
2779 4706 2952 4775 ipsam
2997 4706 3222 4777 gratiam
3270 4721 3375 4775 qua

1782 4818 1881 4874 per
1924 4812 2154 4863 mortem
2193 4803 2314 4874 ejus
2360 4784 2659 4870 redemptae
2701 4808 2825 4864 sunt
2863 4810 3072 4871 gentes,
3122 4814 3228 4853 non
3274 4797 3379 4855 sibi

1782 4895 1975 4964 Filius,
2008 4895 2104 4954 sed
2136 4896 2283 4953 Patri
2323 4894 2581 4965 assignat.
2603 4892 2789 4965 Itaque
2809 4901 2866 4949 et
2895 4890 3231 4950 hasreditatis
3260 4905 3381 4946 sua:

1782 4997 1839 5046 et
1858 4989 2042 5049 calicis
2074 4989 2378 5061 portionem
2409 4986 2696 5045 Dominum
2723 5002 2844 5045 esse
2864 4987 3077 5043 asserit.

1855 5088 1908 5145 8.
1942 5085 2109 5145 Vens.
2145 5085 2198 5142 6.
2248 5084 2515 5153 Funiculi,
2571 5083 2766 5155 inquit,
2812 5084 3103 5138 ceciderunt
3149 5078 3275 5135 mihi
3321 5078 3377 5135 in

1783 5180 2143 5249 potentissimis
2171 5196 2183 5234 :
2216 5179 2400 5237 etenim
2428 5178 2702 5235 hmreditas
2745 5194 2858 5232 mea
2884 5175 3109 5233 maxima
3129 5181 3199 5228 est
3224 5171 3374 5228 mihi.

1783 5271 1908 5328 Fuit
1932 5272 2077 5329 enim
2103 5271 2440 5329 consuetudo
2479 5281 2634 5328 vetus
2663 5311 2679 5337 ,
2721 5281 2856 5325 utet
2896 5266 3034 5323 ﬁnes
3066 5263 3366 5336 possessio-

1784 5382 1914 5425 num
1940 5367 1992 5422 in
2029 5366 2270 5423 funiculo
2311 5376 2760 5424 mensurarentur
2792 5382 2806 5419 :
2852 5360 3081 5431 ideoque
3121 5359 3211 5413 hic
3254 5371 3378 5415 cum

1783 5459 1852 5517 de
1881 5457 2215 5517 haereditutis
2240 5472 2357 5516 sum
2383 5460 2629 5529 portione
2664 5450 3266 5528 loqueretur,funiculi,
3301 5450 3382 5504 in-

1784 5554 1919 5626 quit,
1948 5554 2239 5611 ceciderunt
2264 5554 2391 5617 mihi
2420 5555 2473 5610 in
2499 5553 2627 5623 ipsis
2657 5547 3039 5623 potentissimis.
3071 5543 3383 5612 Accipimus

1781 5659 1965 5705 autem
1997 5647 2074 5704 rei
2109 5648 2267 5718 hujus
2305 5646 2669 5703 testimonium
2700 5660 2766 5699 ex
2809 5641 3021 5699 cantico
3067 5634 3256 5708 Moysi.
3289 5633 3382 5699 ubi

1787 5743 2048 5813 scriptum
2079 5753 2161 5800 est
2186 5763 2200 5801 :
2229 5742 2359 5800 Cum
2388 5741 2628 5812 dispersit
2676 5738 2817 5805 Deus
2844 5738 2980 5811 ﬁlios
3007 5734 3155 5800 Adae,
3188 5741 3234 5786 et
3277 5739 3381 5799 sta.

1788 5835 1884 5897 tuit
1917 5835 2046 5908 ﬁnes
2071 5835 2297 5911 gentium
2330 5831 2612 5893 secundum
2640 5846 2908 5891 numerum
2933 5828 3236 5905 angelorum
3262 5820 3385 5897 Dei,
