4046 6340
475 294 583 358 895

1685 300 1932 359 SANCTI
1971 298 2228 358 HILARII
2267 301 2575 362 El’lSCOPl

3665 307 3776 364 896

473 425 521 482 et
550 418 688 489 facta
719 425 790 472 est
816 417 984 490 portio
1010 416 1220 473 Domini
1247 416 1469 490 papulus
1497 417 1628 486 ejus,
1660 417 1822 472 Jacob
1868 418 2073 489 funicuo
2100 418 2154 480 Α
2179 418 2336 473 aliam
2361 420 2522 491 legem
2560 422 2614 475 in
2649 421 2887 479 membris
2915 424 3040 479 meis
3060 432 3426 496 repugnantem
3451 425 3553 497 legi
3592 427 3778 482 mentis

474 510 555 566 lus
604 512 916 566 htereditatis
965 515 1076 584 ejus
1107 511 1285 584 (Deut.
1337 527 1518 580 xxxtt,
1547 509 1628 582 8).
1666 512 1732 567 Et
1763 512 1956 568 merito
1985 511 2072 566 hic

473 605 564 674 qui
595 604 895 673 portionem
945 604 1279 659 hacreditatis
1325 619 1437 659 sum
1482 605 1648 661 Deum
1692 619 1812 660 esse
1839 601 2072 670 dixerat,

480 692 752 751 funiculus
784 698 1142 765 possessionis
1168 712 1283 752 suae
1314 698 1364 751 in
1398 697 1530 766 ipsis
1554 697 1945 767 potentissimis
1987 712 2077 752 ce-

478 787 678 843 cidisse
707 787 942 843 dicebat.
989 789 1128 858 Quid
1175 789 1318 846 enim
1367 790 1468 844 nisi
1521 791 1880 860 potentissimi
1923 799 2070 859 sunt,

477 894 616 952 quos
641 881 901 939 Dominus
928 883 1208 953 justiﬁeat,
1242 899 1378 954 quos
1408 885 1666 940 Dominus
1712 885 2076 941 honoriﬁcat?

482 975 612 1041 Quis
632 978 892 1031 accusabit
923 979 1103 1033 electos
1151 977 1295 1033 Dei?
1335 980 1476 1034 Deus
1518 981 1604 1051 qui
1628 981 1927 1054 justi/icat?
1963 981 2077 1049 quis

481 1067 745 1122 damnauit
774 1068 949 1138 (Rom.
981 1087 1075 1137 vn,
1107 1072 1244 1144 53)?
1274 1072 1444 1144 Igitur
1473 1074 1562 1144 qui
1591 1075 1645 1128 in
1672 1075 1868 1129 talibus
1900 1076 2072 1131 hatre-

483 1158 704 1216 ditatem
756 1175 908 1216 suam
976 1163 1210 1219 futuram
1261 1180 1383 1220 esse
1429 1166 1661 1233 dicebat,
1713 1168 1908 1222 merito
1961 1167 2074 1222 ait:

481 1251 732 1308 Funiculi
771 1256 1058 1312 ceciderunt
1085 1259 1212 1312 mihi
1251 1260 1304 1314 in
1345 1259 1470 1330 ipsis
1515 1260 1892 1330 potentissimis.
1923 1258 2076 1328 Quod

483 1356 665 1402 autem
694 1349 1009 1416 ceciderunt,
1056 1352 1160 1416 ait;
1195 1368 1355 1408 nemo
1399 1355 1476 1408 sic
1508 1355 1758 1424 accipiat,
1803 1355 1954 1424 quasi
1981 1354 2078 1409 de-

488 1441 746 1496 teriorem
775 1440 970 1498 factam
999 1444 1370 1502 htereditatem
1396 1461 1549 1502 suam
1574 1447 1738 1512 dicat,
1771 1449 1892 1518 quia
1919 1462 2080 1502 omne

481 1534 625 1604 quod
652 1537 797 1591 cadit
820 1537 1060 1595 deterius
1088 1540 1180 1594 ﬁat
1209 1559 1223 1607 ;
1259 1541 1353 1597 sed
1384 1556 1512 1597 usus
1535 1553 1618 1597 est
1645 1543 1865 1612 proprio
1910 1542 2077 1600 verbo

485 1634 544 1682 et
569 1629 896 1685 necessario.
949 1631 1045 1688 Ubi
1095 1633 1240 1687 enim
1281 1633 1402 1704 quis
1433 1649 1538 1688 non
1584 1643 1802 1704 propter
1827 1635 2078 1689 meritum

485 1716 725 1789 eligitur,
758 1721 825 1775 ibi
857 1722 1010 1792 quasi
1038 1725 1282 1793 qutedam
1325 1739 1445 1780 sors
1481 1725 1626 1780 cadit
1667 1726 1890 1796 gratim;
1941 1726 2080 1781 sicut

2178 528 2302 567 mea:
2332 513 2512 582 (Rom.
2547 530 2643 581 vn,
2681 514 2794 588 12).
2831 516 2896 570 Et
2925 517 3030 572 alio
3055 516 3203 571 loco:
3229 516 3396 589 Igitur
3415 535 3509 589 ego
3529 519 3644 588 ipse
3662 519 3774 587 qui-

2178 603 2292 657 dem
2339 615 2504 661 mente
2539 607 2700 661 servio
2745 608 2845 678 legi
2881 606 3016 675 Dei;
3060 625 3211 664 carne
3236 620 3405 664 autem
3451 610 3552 681 legi
3577 612 3776 680 peccati

2179 695 2341 767 (Ibid.
2370 696 2484 767 25).
2531 698 2716 754 Talem
2754 715 2885 771 ergo
2926 701 3040 770 ipse
3082 702 3367 772 quamdam
3417 711 3474 758 et
3513 703 3776 759 Dominus

2179 799 2361 844 noster
2389 789 2546 845 Jesus
2577 793 2780 848 sentire
2811 808 2870 849 se
2897 793 3062 850 refert
3087 795 3477 851 dissensionem
3505 838 3520 862 ,
3553 797 3645 850 ubi
3670 797 3773 850 ait:

2180 881 2409 949 Spiritus
2442 893 2734 953 promptus,
2761 901 2879 939 caro
2901 896 3067 941 autem
3097 888 3335 957 inﬁrma:
3368 888 3668 943 secundum
3697 887 3777 944 in-

2181 971 2433 1027 teriorem
2465 975 2609 1028 enim
2641 975 2912 1032 hominem
2943 979 3316 1033 consentiebat
3348 979 3450 1050 legi
3481 978 3683 1044 Patris,
3719 990 3776 1035 ut

2180 1073 2490 1136 pateretur;
2540 1068 2833 1123 secundum
2861 1069 3185 1128 exteriorem
3217 1083 3435 1138 autem,
3462 1080 3521 1126 ut
3546 1071 3668 1142 ipse
3701 1081 3778 1127 te-

2180 1167 2374 1223 5tatur,
2407 1160 2457 1212 in
2483 1174 2647 1216 carne
2677 1161 2996 1231 trepidabat.
3029 1162 3212 1234 Itaque
3237 1163 3360 1234 quia
3384 1179 3544 1219 renes
3567 1174 3777 1219 secreta

2181 1253 2465 1308 continent
2491 1255 2669 1308 carnis
2697 1271 2816 1325 quzc
2859 1257 3230 1312 inﬁrmabatur
3273 1258 3325 1313 in
3369 1267 3618 1329 tempore
3657 1275 3780 1328 pas-

2181 1343 2352 1398 sionis
2376 1385 2390 1406 ,
2419 1346 2684 1402 eruditum
2719 1363 2777 1402 se
2805 1350 3024 1404 renibus
3054 1351 3166 1405 suis
3194 1352 3306 1415 ait,
3350 1360 3408 1405 ut
3451 1352 3778 1422 intelligeret

2182 1434 2316 1504 ipse,
2349 1436 2476 1490 licet
2497 1449 2642 1494 esset
2672 1438 2860 1505 Filius,
2893 1456 3116 1512 sperare
3145 1443 3194 1496 in
3224 1443 3415 1498 Deum.
3450 1443 3601 1507 Quod
3627 1445 3777 1500 simi-

2184 1525 2308 1581 liter
2347 1528 2416 1584 de
2461 1544 2526 1583 co
2571 1537 2626 1584 et
2668 1532 2893 1601 epistola
2936 1551 3054 1603 qua:
3094 1535 3348 1590 scribitur
3384 1535 3449 1589 ad
3483 1535 3778 1600 Hebrros,

2183 1621 2368 1676 sentit.
2403 1622 2726 1695 Quamquam
2747 1627 2914 1694 enim,
2943 1628 3048 1692 ait,
3082 1639 3210 1682 esset
3242 1626 3414 1682 Filius
3447 1627 3568 1692 Dei,
3606 1629 3785 1682 didicit

2185 1731 2249 1770 ex
2272 1717 2349 1770 his
2370 1735 2484 1788 qua:
2506 1736 2684 1789 passus
2715 1731 2790 1775 est
2813 1722 3220 1776 obaudientiam:
3258 1734 3304 1777 et
3330 1729 3590 1797 perfectus
3623 1726 3788 1793 {actus

485 1811 540 1867 in
567 1815 938 1885 assumptione
966 1818 1196 1885 apostoli
1228 1818 1319 1888 qui
1346 1818 1669 1889 subrogatus
1693 1828 1780 1874 est
1808 1819 1858 1872 in
1904 1819 2077 1872 locum
2108 1818 2156 1877 Β
2186 1817 2257 1863 est
2286 1810 2520 1865 omnibus
2549 1812 2938 1868 obaudientibus
2969 1833 3128 1870 causa
3159 1817 3340 1871 salutis
3380 1828 3588 1872 a-termr
3618 1817 3776 1889 (Heli.

484 1904 659 1974 ludas,
691 1908 950 1979 scriptum
981 1917 1086 1977 est,
1119 1911 1241 1980 quia
1267 1927 1379 1965 sors
1402 1912 1585 1966 cecidit
1611 1928 1766 1980 super
1807 1910 2079 1966 Matthiam

492 1999 631 2072 (Act.
665 2016 704 2064 1,
734 2001 850 2071 26).
887 2003 1070 2073 Itaque
1099 2005 1222 2073 quia
1252 2019 1356 2058 non
1396 2005 1498 2059 nisi
1538 2020 1605 2060 ex
1651 2005 1822 2075 gratia
1869 2004 2079 2060 Domini

493 2092 619 2148 talis
673 2094 776 2148 sibi
832 2094 1120 2150 haereditas
1173 2104 1322 2151 sorte
1370 2097 1679 2168 contigerit,
1715 2098 2082 2168 signiﬁcanter

489 2185 604 2242 ait:
643 2185 885 2242 Funiculi
915 2189 1207 2244 ceciderunt
1236 2191 1362 2243 mihi
1405 2191 1460 2244 in
1502 2192 1628 2261 ipsis
1669 2192 2032 2260 potentissimis
2062 2211 2080 2247 :

490 2282 673 2335 etenim
714 2282 985 2338 hwreditas
1034 2301 1147 2341 mea
1193 2287 1422 2340 maxima
1464 2287 1591 2342 mihi
1640 2296 1734 2342 est.
1767 2286 1866 2343 llic
1914 2303 2084 2344 novus

491 2372 663 2429 Adam
695 2374 930 2445 loquitur

561 2465 616 2520 9.
652 2465 813 2522 Vens.
848 2467 900 2522 7.
924 2467 1234 2525 Benedicam
1262 2469 1547 2527 Dominum
1571 2474 1657 2543 qui
1698 2475 1978 2547 intelligere
2006 2491 2086 2531 me

492 2562 612 2630 fecit
638 2575 656 2615 :
681 2561 812 2616 nihil
841 2564 983 2617 enim
1016 2565 1122 2620 scit
1151 2565 1340 2634 Filius,
1370 2567 1470 2622 nisi
1500 2583 1622 2639 qua:
1649 2569 1781 2624 vidit
1804 2576 1859 2624 et
1880 2570 2087 2624 audivit

437 2675 443 2680 τ
492 2666 522 2705 a
555 2650 735 2707 Patre.
790 2654 972 2724 Itaque
1022 2656 1292 2712 benedicit
1337 2675 1484 2724 eum,
1534 2661 1624 2731 qui
1681 2660 1984 2731 intelligere
2027 2676 2087 2717 se

492 2740 643 2798 fecit.
676 2745 744 2798 Et
771 2761 898 2801 vere
943 2747 1029 2803 hic
1057 2749 1362 2806 intellectus
1393 2766 1496 2806 non
1530 2768 1592 2807 ex
1627 2752 1864 2821 homine,
1895 2753 1989 2809 sed
2020 2770 2085 2809 ex

493 2833 606 2890 Deo
626 2846 729 2891 est.
760 2837 893 2892 Nam
928 2840 1050 2910 quis
1097 2841 1374 2896 hominum
1407 2843 1614 2899 duabus
1646 2846 1834 2916 positis
1857 2845 2089 2900 hatredi-

496 2929 719 2996 tatibus,
775 2946 1001 3002 quarum
1051 2935 1221 2989 altera
1270 2937 1340 2991 sit
1392 2936 1443 2992 in
1499 2939 1752 3007 operibus
1809 2938 2086 3008 magniﬁca

495 3029 550 3074 et
580 3020 753 3087 dives,
787 3023 954 3080 altera
995 3041 1197 3096 pauper
1247 3036 1302 3082 et
1344 3044 1542 3097 egens;
1592 3030 1756 3100 eligat
1803 3047 1920 3086 eam
1969 3049 2089 3103 qua:

497 3113 671 3168 aliena
700 3124 857 3186 egeat
885 3119 1293 3175 misericordia?
1344 3122 1539 3178 Verum
1572 3123 1740 3178 Filius
1786 3124 2009 3181 edoctus
2058 3143 2086 3181 a

2189 1916 2246 1965 v,
2280 1901 2358 1971 8).
2395 1902 2484 1958 Sic
2514 1902 2656 1960 enim
2689 1921 2846 1961 renes
2875 1907 3193 1962 erudierunt
3221 1924 3362 1972 eum,
3394 1910 3790 1978 utprovideret

2187 1992 2355 2048 Deum
2387 2010 2417 2048 a
2446 1994 2650 2050 dextris
2679 1998 2790 2051 suis
2820 2013 3035 2069 semper
3059 2007 3115 2054 ut
3147 2014 3252 2054 non
3280 2012 3590 2055 moveatur.
3634 2000 3790 2056 Scilio

2187 2095 2274 2141 cet
2302 2084 2370 2142 de
2399 2088 2696 2153 voluntate,
2722 2089 2942 2158 spiritus
2971 2100 3255 2162 promptus
3285 2100 3389 2158 est,
3424 2095 3521 2148 sed
3548 2109 3678 2147 caro
3709 2094 3791 2147 itt-

2189 2177 2362 2234 ﬁrma.
2418 2180 2484 2235 Et
2514 2182 2728 2251 proprie
2758 2184 2837 2237 sic
2877 2183 3146 2239 eruditum
3173 2199 3232 2240 se
3253 2200 3374 2241 esse
3404 2186 3539 2240 dixit
3566 2187 3791 2243 renibus

2189 2273 2301 2328 suis
2323 2275 2474 2343 quasi
2507 2275 2558 2329 in
2589 2285 2786 2342 nocte;
2835 2294 2939 2330 non
2969 2278 3104 2332 dixit
3132 2280 3183 2333 in
3218 2290 3431 2335 nectent
3455 2324 3471 2342 ,
3504 2281 3600 2336 sed
3632 2285 3788 2350 quasi

2190 2368 2243 2424 in
2275 2377 2455 2424 nocte.
2488 2368 2603 2424 Non
2631 2371 2774 2425 enim
2809 2372 3022 2442 penitus
3053 2373 3424 2428 contenebrati
3451 2383 3578 2430 sunt
3599 2389 3790 2432 sensus

2190 2461 2307 2530 ejus
2333 2461 2399 2516 de
2432 2463 2623 2518 timore
2652 2465 2864 2534 mortis,
2897 2465 2984 2535 qui
3012 2465 3256 2522 dicebat:
3301 2466 3498 2521 Verum
3527 2484 3629 2521 non
3654 2470 3790 2538 quod

2189 2570 2282 2626 ego
2304 2556 2440 2622 uolo,
2470 2556 2560 2609 sed
2590 2558 2728 2625 quod
2740 2567 2794 2610 tu
2823 2557 3042 2629 (Matth.
3067 2575 3254 2625 xxxvi,
3288 2557 3402 2630 39).
3450 2560 3556 2616 Sed
3610 2570 3786 2617 tamen

2192 2663 2298 2701 non
2321 2657 2437 2703 erat
2453 2651 2571 2703 sine
2594 2649 2822 2716 quadam
2851 2650 3278 2720 perturbatione,
3307 2653 3398 2722 qui
3419 2652 3787 2708 inﬁrmitatem

2192 2749 2246 2796 et
2275 2740 2541 2796 tristitiam
2570 2741 2856 2798 fatebatur.
2888 2743 3018 2798 Nam
3049 2745 3092 2798 si
3120 2743 3254 2800 alibi
3284 2743 3449 2799 David
3477 2746 3587 2799 ait:
3621 2744 3791 2800 Metus

2193 2833 2373 2887 mortis
2399 2834 2577 2887 cecidit
2625 2851 2778 2907 super
2803 2852 2901 2900 me,
2933 2837 3084 2890 timor
3114 2846 3160 2890 et
3187 2847 3374 2891 tremor
3413 2851 3791 2909 occupaverunt

2195 2945 2274 2983 me
2297 2968 2312 2993 ,
2357 2937 2403 2981 et
2431 2929 2632 2997 operuit
2658 2946 2736 2984 me
2778 2929 2979 2984 tenebra
3009 2930 3180 3003 (Psal.
3207 2948 3316 2998 uv,
3345 2933 3440 3002 6);
3486 2941 3634 2988 recte
3679 2933 3790 2988 haec

2196 3022 2412 3078 lenebra
2463 3038 2531 3076 ex
2583 3025 2775 3079 timore
2818 3028 3010 3079 mortis
3058 3026 3320 3092 veniens,
3373 3041 3536 3095 quam
3568 3024 3788 3080 minima

2193 3114 2359 3170 fuisse
2387 3117 2439 3171 in
2468 3115 2605 3170 Filio
2636 3117 2724 3171 Dei
2754 3118 3025 3185 convenit,
3068 3134 3173 3173 non
3205 3133 3332 3184 nox,
3362 3118 3458 3173 sed
3490 3119 3643 3188 quasi
3688 3134 3789 3172 nox

497 3209 682 3276 Patre,
713 3214 914 3268 mavult
947 3215 999 3269 in
1027 3214 1112 3270 his
1146 3215 1514 3273 hrcreditatem
1547 3219 1637 3289 qui
1685 3220 1735 3273 itt
1770 3220 1937 3275 Deum
1969 3237 2090 3292 spe-

2197 3211 2524 3280 appellatur.
2553 3210 2740 3282 Itaque
2758 3213 3124 3283 signiﬁcanter
3139 3211 3366 3292 dicitur:
3398 3211 3592 3266 Adhuc
3613 3220 3790 3267 autem

497 3313 639 3366 rent,
689 3321 849 3375 quam
898 3308 988 3378 qui
1038 3309 1094 3362 in
1141 3311 1398 3378 operibus
1446 3311 1560 3366 suis
1602 3311 1984 3381 justiﬁcantur.
2014 3313 2091 3369 Ita

499 3397 725 3468 pulchre
757 3399 832 3453 ait
866 3417 879 3454 :
910 3397 1219 3455 Benedicam
1246 3400 1526 3457 Dominum
1551 3405 1636 3475 qui
1665 3404 1950 3475 intelligere
1975 3406 2095 3475 fecit

499 3507 579 3544 me
608 3508 626 3545 :
658 3491 830 3546 adhuc
858 3504 1026 3549 autem
1050 3503 1098 3550 et
1125 3496 1256 3548 sicut
1299 3497 1352 3549 in
1391 3507 1534 3551 nocte
1561 3497 1859 3552 erudierunt
1904 3516 1981 3553 nte
2009 3517 2093 3554 rc-

500 3601 589 3639 ues
616 3588 733 3638 mei.
776 3583 914 3651 Quid
964 3601 1086 3640 eum
1129 3587 1447 3644 erudierunt
1498 3603 1656 3646 renes
1705 3590 1826 3644 sui?
1867 3591 2094 3658 scilicet,

503 3678 599 3744 ait,
634 3678 934 3750 intelligere
958 3695 1081 3734 eum
1108 3678 1374 3747 fecerunt,
1416 3683 1610 3738 melius
1646 3699 1770 3739 esse
1797 3700 2017 3754 sperare
2046 3687 2098 3741 in

510 3770 758 3836 Domino,
805 3787 964 3842 quam
997 3774 1050 3828 in
1079 3789 1179 3829 suo
1224 3790 1390 3845 opere
1413 3775 1715 3844 iustiﬁcari.
1754 3777 1885 3832 Nam
1917 3789 1972 3834 et
2021 3781 2102 3850 ip-

505 3881 625 3922 sum
658 3865 945 3921 Dominum
987 3881 1167 3922 nonne
1196 3885 1356 3924 renes
1393 3870 1474 3924 sui
1504 3873 1653 3940 quasi
1683 3871 1736 3924 in
1778 3881 1936 3928 nocte
1979 3888 2098 3928 eru-

507 3959 724 4016 dierunt
774 3975 994 4030 sperare
1036 3962 1088 4016 in
1141 3962 1348 4018 Deum?
1397 3963 1528 4018 Nam
1559 3974 1614 4020 et
1657 3967 1972 4022 contristata
2019 3976 2104 4024 est

506 4057 682 4109 anima
733 4054 852 4125 ejus
897 4071 1068 4126 usque
1116 4057 1182 4111 ad
1233 4068 1482 4112 mortem.
1537 4059 1730 4115 Didicit
1773 4075 1998 4130 Sperare
2049 4063 2101 4118 in

507 4147 700 4216 Deum,
743 4147 930 4205 ethoc
962 4159 1045 4205 est
1089 4150 1230 4220 quod
1274 4151 1350 4204 ait
1379 4149 1434 4205 in
1467 4151 1608 4206 hunc
1657 4169 1719 4209 se
1765 4154 2100 4211 intellectum

506 4241 776 4298 eruditum
803 4257 924 4298 esse
950 4257 980 4296 a
1009 4242 1232 4298 renibus
1261 4244 1413 4312 quasi
1440 4244 1490 4297 in
1516 4255 1693 4300 nocte.
1731 4246 1797 4300 Et
1823 4248 2102 4318 sequentia

507 4334 652 4387 enim
683 4333 979 4389 ostendunt
1015 4333 1084 4391 de
1125 4334 1376 4404 passione
1415 4351 1540 4392 eum
1589 4351 1684 4392 sua
1729 4338 1930 4408 dicere,
1980 4355 2104 4396 cum

508 4425 786 4496 subjungit
815 4444 828 4480 :

496 4561 509 4570 .
584 4519 670 4573 10.
699 4517 863 4574 Vens.
896 4518 1051 4578 8-ίῦ.
1087 4520 1428 4578 Providebttm
1456 4523 1732 4578 Dominum
1760 4525 1812 4578 in
1835 4535 2109 4596 conspectu

2197 3302 2352 3374 quasi
2377 3302 2430 3357 in
2465 3315 2624 3359 nocte
2647 3302 2962 3359 erudierunt
2994 3319 3078 3358 me
3102 3288 3259 3359 renes
3286 3303 3410 3360 mei.
3441 3303 3580 3372 Quid
3612 3313 3792 3359 autem

2198 3397 2554 3453 erudierunt?
2583 3398 2800 3455 Scilicet
2824 3399 2963 3469 quod
2996 3398 3241 3469 sequitur
3265 3399 3424 3466 intra,
3454 3409 3512 3454 ut
3540 3400 3784 3468 provide-

2199 3500 2283 3546 ret
2309 3491 2475 3546 Deum
2503 3492 2556 3547 in
2603 3502 2896 3563 conspectu
2942 3508 3043 3549 suo
3079 3508 3296 3564 semper
3320 3534 3336 3560 ,
3381 3493 3507 3564 quia
3536 3507 3568 3546 a
3595 3493 3793 3549 dextris

2200 3587 2317 3657 ejus
2348 3597 2431 3642 est
2457 3597 2515 3642 ut
2547 3605 2651 3644 non
2679 3598 3104 3645 commoveatur.

2276 3679 2361 3734 ll.
2399 3677 2505 3733 Pro
2539 3681 2656 3746 hoc,
2694 3681 2788 3747 ait,
2819 3681 3164 3754 jncundatnm
3194 3691 3267 3737 est
3305 3697 3392 3736 cor
3418 3697 3611 3744 meum,
3635 3691 3683 3735 et
3709 3697 3796 3737 ea:-

2203 3769 2411 3826 sultavit
2441 3770 2616 3842 lingua
2646 3789 2790 3838 mea;
2820 3777 2990 3827 adhuc
3019 3783 3187 3827 autem
3209 3783 3256 3826 et
3275 3789 3396 3838 caro
3418 3789 3534 3828 utea
3556 3773 3792 3826 habitabit

2203 3862 2255 3916 in
2277 3880 2401 3933 spe:
2423 3866 2665 3935 quoniam
2695 3882 2796 3920 non
2828 3867 3143 3937 derelinques
3171 3868 3394 3921 animam
3435 3883 3600 3921 meam
3637 3868 3691 3920 in
3713 3867 3793 3920 in-

2206 3959 2371 4029 ferno,
2408 3976 2569 4026 neque
2599 3959 2743 4014 dabis
2781 3973 3014 4014 sanctum
3042 3973 3186 4015 tuum
3208 3962 3380 4015 uidere
3399 3961 3796 4032 corruptionem.

2207 4049 2376 4106 Notas
2414 4054 2576 4123 fecisti
2615 4054 2743 4108 mihi
2765 4055 2869 4108 vias
2911 4055 3062 4110 uittv:
3112 4055 3343 4126 implebis
3371 4072 3452 4109 me
3481 4056 3664 4109 ltetitia
3691 4071 3800 4109 cunt

2205 4144 2346 4198 pulto
2379 4153 2496 4199 tuo:
2526 4146 2882 4201 delectationes
2911 4147 2963 4200 in
2984 4147 3190 4201 dextera
3218 4156 3325 4203 tua.
3365 4147 3505 4217 Ergo
3531 4156 3587 4201 et
3611 4147 3803 4216 jucun-

2207 4233 2404 4290 dilates
2438 4237 2488 4290 in
2521 4236 2741 4292 dextera
2779 4238 2911 4303 Dei,
2961 4239 3156 4307 quibus
3184 4239 3396 4294 cunctis
3440 4239 3681 4312 repletus
3723 4249 3804 4292 cst

2207 4325 2397 4382 Filius.
2459 4329 2513 4383 ln
2545 4329 2750 4385 dextris
2779 4331 2922 4385 enim
2951 4329 3186 4385 habebat
3217 4331 3404 4385 Deum.
3462 4328 3804 4384 Procidebtm

2208 4418 2530 4486 Dominum,
2575 4421 2781 4492 inquit,
2829 4425 2882 4476 in
2907 4433 3177 4495 conspectu
3203 4440 3311 4478 meo
3331 4439 3568 4492 semper;
3610 4425 3733 4493 quia
3771 4439 3802 4474 a

2209 4514 2402 4569 dextris
2433 4516 2557 4570 meis
2587 4527 2679 4570 est.
2726 4517 3036 4572 Ascendens
3066 4529 3244 4573 autem
3293 4518 3347 4572 in
3389 4518 3588 4573 cmlum
3619 4560 3634 4584 ,
3688 4519 3796 4587 ipse

511 4624 622 4661 meo
647 4624 868 4680 semper,
893 4614 1014 4680 quia
1038 4631 1070 4668 α
1092 4614 1286 4668 dextri;
1315 4624 1388 4669 est
1415 4615 1542 4669 mihi
1568 4626 1625 4670 ut
1645 4631 1746 4670 ηοη
1765 4632 2101 4671 οοηυηουεαν,
2133 4607 2186 4668 D
2214 4607 2267 4662 in
2288 4609 2500 4666 dextris
2530 4610 2702 4664 Patris
2733 4611 2907 4668 factus
2928 4617 3028 4667 est.
3061 4611 3116 4666 In
3145 4611 3349 4666 dextris
3385 4616 3538 4680 ejus:
3581 4627 3703 4683 quas
3733 4611 3800 4666 sit

514 4697 736 4767 Propter
755 4702 851 4754 hoc
866 4703 1214 4771 jttcundatum
1245 4715 1316 4760 est
1364 4723 1452 4760 cor
1493 4723 1692 4771 meum,
1742 4720 1790 4762 et
1830 4707 2106 4762 exsultavit

513 4791 692 4862 lingua
717 4809 849 4858 mea,
881 4795 1088 4863 insuper
1110 4807 1156 4851 et
1193 4815 1310 4853 caro
1341 4816 1452 4854 mea
1482 4798 1729 4853 habitabit
1753 4799 1805 4852 in
1832 4815 1953 4870 spe:
1982 4800 2105 4868 quia

511 4901 614 4939 non
642 4885 964 4955 derelinques
985 4888 1210 4942 animum
1230 4907 1394 4946 meam
1428 4892 1481 4946 in
1510 4891 1789 4963 infernum,
1822 4907 1982 4961 neque
2011 4891 2105 4945 da-

511 4978 587 5034 bis
617 4988 851 5034 sanctum
875 4989 1018 5035 tuum
1044 4983 1214 5039 videre
1240 4990 1646 5055 corruptionem.
1669 4986 1753 5042 Et
1787 4996 1962 5042 textus
1989 4987 2110 5057 qui-

511 5074 634 5130 dem
667 5075 756 5129 hic
781 5082 836 5130 et
862 5074 998 5131 ordo
1026 5076 1342 5134 manifestus
1371 5093 1486 5137 est:
1519 5081 1614 5138 sed
1657 5079 1798 5151 quod
1827 5095 1984 5136 renes
2013 5095 2110 5135 no-

513 5167 741 5222 tninavit
765 5209 778 5234 ,
811 5178 864 5222 et
890 5167 1044 5237 quasi
1072 5168 1127 5224 in
1161 5181 1317 5224 nocte
1343 5212 1358 5236 ,
1390 5175 1504 5237 ait,
1532 5172 1853 5228 erudierunt
1881 5187 2006 5238 me;
2043 5187 2111 5227 ne

513 5259 829 5314 obscuriora
859 5258 1158 5325 videantur,
1191 5261 1606 5332 interrogemus.
1652 5266 1792 5320 Deus
1839 5273 2111 5320 scrutator

513 5350 712 5408 dicitur
741 5367 930 5409 renum
961 5363 1015 5408 et
1045 5352 1245 5417 cordis,
1275 5353 1325 5408 in
1350 5355 1544 5424 quibus
1569 5357 1724 5427 quasi
1745 5357 1954 5414 duobus
1973 5357 2108 5412 locis

513 5446 750 5501 hominis
774 5455 980 5501 secreta
1010 5455 1318 5502 teneantur.
1361 5446 1466 5501 Sed
1495 5447 1550 5501 in
1580 5448 1744 5504 corde
1772 5448 1991 5520 quidem
2023 5463 2110 5503 se-

513 5548 718 5595 cretum
750 5539 969 5606 animae,
998 5540 1050 5596 in
1081 5539 1304 5596 renibus
1323 5553 1454 5595 vero
1483 5550 1748 5596 secretum
1780 5541 1959 5598 cautis
1989 5549 2102 5607 est;

514 5647 650 5704 quas
676 5631 908 5688 subinde
937 5633 1076 5688 inter
1103 5648 1161 5689 se
1187 5632 1531 5689 diversitates
1576 5633 1848 5690 interioris
1874 5643 1931 5690 et
1954 5643 2106 5690 exte-

517 5728 676 5783 rioris
709 5728 942 5784 hominis
967 5729 1128 5784 etiam
1163 5732 1453 5800 Apostolus
1479 5729 1638 5786 docet
1662 5745 1783 5786 cum
1829 5732 1934 5788 ait:
1977 5730 2113 5788 Con-

521 5809 680 5872 sentio
714 5820 814 5889 legi
848 5821 1125 5885 secundum
1160 5823 1452 5882 interiorem
1501 5825 1802 5888 hominem;
1847 5824 1935 5880 sed
1969 5821 2113 5883 video

2213 4701 2368 4762 istius
2395 4703 2598 4758 dextra:
2623 4703 2865 4770 sinistra,
2890 4705 3301 4776 interrogemus.
3337 4705 3492 4759 Novit
3519 4721 3650 4776 ergo
3674 4720 3802 4776 quo-

2212 4793 2334 4849 dam
2366 4795 2486 4850 loco
2517 4796 2828 4866 Apostolus,
2858 4812 3008 4851 arma
3035 4796 3258 4867 iustitia:
3280 4797 3467 4852 dextra
3487 4808 3540 4852 et
3565 4798 3797 4861 sinistra,

2212 4885 2434 4956 gloriam
2461 4887 2678 4958 quidem
2704 4899 2757 4944 et
2781 4888 3190 4959 ignobilitatem.
3226 4889 3419 4944 Dextra
3461 4887 3682 4944 fortnam
3718 4887 3799 4958 ju.

2212 4979 2374 5036 stitize
2388 4989 2552 5049 puto;
2587 4978 2980 5050 ignobilitatem
2999 4989 3179 5036 autem
3203 4991 3254 5036 et
3277 4981 3553 5035 infamiam
3567 4979 3791 5035 sinistra.

2163 5133 2177 5142 ,
2213 5073 2464 5129 Attamen
2493 5084 2721 5146 utraque
2746 5074 2970 5145 justitite
2993 5090 3142 5129 arma
3183 5083 3327 5131 sunt.
3377 5075 3483 5131 Sed
3529 5083 3589 5130 ut
3624 5087 3796 5143 perre-

2213 5167 2427 5222 niamus
2457 5167 2522 5222 ad
2554 5168 2741 5222 dextra
2779 5182 2926 5220 arma
2967 5167 3190 5236 justitin:
3215 5207 3230 5230 ,
3281 5167 3332 5220 in
3377 5165 3612 5220 sinistris
3657 5164 3794 5236 prius

2216 5259 2557 5315 militandum
2587 5267 2690 5314 est.
2747 5258 3100 5330 Suscipienda
3140 5267 3222 5314 est
3247 5273 3376 5314 vero
3399 5259 3450 5313 in
3484 5258 3585 5313 hoc
3609 5255 3793 5312 mundo

2215 5353 2523 5424 ignobilitas
2547 5394 2562 5419 ,
2595 5352 2812 5407 infamia
2837 5395 2853 5418 ,
2886 5352 3168 5408 inﬁrmitas
3195 5396 3209 5420 ,
3259 5353 3487 5408 stultitia
3526 5361 3582 5408 et
3616 5362 3794 5408 cetera

2216 5446 2300 5502 his
2330 5446 2523 5502 similia
2548 5463 2563 5513 ;
2607 5453 2666 5501 ut
2701 5434 3080 5516 perveniamus
3106 5446 3172 5500 ad
3207 5446 3543 5502 nobilitatem
3567 5488 3582 5512 ,
3609 5444 3670 5500 ad
3695 5444 3797 5514 glo-

2214 5544 2374 5607 riam,
2412 5540 2480 5596 ad
2522 5540 2799 5608 virtutem,
2829 5540 2896 5596 ad
2926 5543 3280 5613 sapientiam:
3313 5558 3434 5612 qua:
3461 5543 3637 5597 omnia
3669 5540 3798 5594 acci-

2217 5637 2430 5707 piemus
2452 5678 2466 5702 ,
2508 5650 2630 5692 cum
2674 5636 3084 5708 pervenerimus
3113 5635 3226 5693 illic
3254 5636 3345 5692 ubi
3375 5637 3623 5693 Christus
3647 5633 3800 5692 estin

2223 5739 2373 5802 parte
2387 5729 2575 5788 dextra
2595 5731 2685 5786 Dei
2702 5729 2919 5788 sedens.
2945 5729 3293 5787 Seminamur
3305 5741 3488 5788 autem
3505 5731 3557 5786 in
3576 5727 3806 5812 ignobilif

2224 5831 2377 5892 tatc',
2442 5830 2498 5880 ut
2558 5821 2901 5895 resurgamus
2957 5823 3009 5880 in
3063 5817 3334 5896 gloriam;
3389 5815 3714 5882 seminantur
3756 5819 3804 5872 in

3953 36 3955 120 1

3953 140 3957 224 1

3961 450 3963 498 1

3963 552 3965 594 |

3975 1172 3977 1244 1

3977 1276 3979 1334 1

3979 1380 3981 1430 1

3981 1482 3983 1524 |
