3882 6332
85 300 184 360 897

1169 286 1586 348 TDACTATUS
1627 287 1715 347 DE
1755 289 2026 351 PSALMO
2069 293 2259 352 XXXI.

3269 301 3376 361 898

86 413 407 472 mortalitate
421 406 898 480 utresurgamusin
913 407 1676 478 :eternitatem.ltaqueDomi-
1704 408 1751 468 A
1783 417 1862 464 tas
1891 421 2082 480 vocat,
2119 419 2506 482 prmtereuntes
2533 410 2865 468 voluntatem
2895 411 2991 469 Dei
3018 452 3032 476 ,
3064 421 3118 470 et
3145 415 3374 485 consilia

87 523 182 562 nus
210 516 393 560 noster
421 517 608 574 passus
653 503 706 556 in
752 513 993 571 tempore
1042 501 1305 572 passionis
1337 498 1672 570 ﬂagellorum

86 596 305 653 ludibria
337 606 498 666 atque
537 595 900 666 sputaminum
927 635 940 660 ,
981 609 1104 650 cum
1132 602 1478 650 accusaretur
1517 591 1672 663 quasi

86 689 448 760 blaSpbemus,
478 704 599 743 cum
633 688 771 741 intra
798 687 1038 742 latrones
1065 686 1438 756 deputaretur,
1462 685 1673 756 positus

85 784 138 840 in
165 792 308 838 tanta
341 781 669 851 ignobilitate
696 789 750 836 et
775 779 1014 844 infamia,
1059 779 1185 850 quid
1213 778 1315 834 nisi
1348 778 1401 832 in
1434 775 1672 832 sinistris

85 875 244 931 armis
278 874 501 944 justitia:
525 872 831 928 militabat?
877 869 1064 943 Itaque
1099 881 1228 927 tunc
1254 871 1307 926 in
1333 869 1549 925 sinistra
1579 869 1672 925 Dei

85 968 315 1042 positus,
363 967 677 1038 providebat
705 981 828 1021 eum
849 982 877 1021 a
905 965 1108 1020 dextris
1135 965 1269 1028 suis,
1297 971 1355 1018 ut
1382 977 1486 1018 non
1518 977 1668 1018 corn-

84 1074 406 1121 moveretur.
431 1065 500 1116 At
527 1075 656 1116 vero
680 1067 1029 1131 posteaquam
1060 1059 1363 1112 resurrexit
1398 1066 1450 1110 et
1477 1070 1668 1110 ascen-

84 1159 158 1214 dit
187 1159 238 1212 in
265 1157 459 1212 caelum
484 1199 498 1222 ,
537 1155 856 1224 perveniens
885 1155 951 1206 ad
976 1152 1254 1207 dexteram
1279 1192 1294 1217 ,
1342 1149 1410 1205 ad
1441 1150 1672 1220 palmam

80 1252 317 1326 justititc.
346 1251 411 1306 ad
440 1250 688 1321 gloriam,
717 1248 783 1303 ad
808 1248 1136 1302 nobilitatem
1158 1287 1172 1311 ,
1206 1245 1458 1316 impletur
1488 1243 1674 1299 ltctitia

84 1362 199 1403 cum
229 1345 378 1400 vultu
405 1344 516 1411 Dei,
544 1353 598 1398 et
625 1342 787 1397 habet
811 1340 1202 1398 delectationes
1228 1338 1280 1393 in
1304 1338 1509 1392 dextris
1529 1337 1668 1407 ejus.

83 1442 124 1497 A
146 1440 334 1510 quibus
365 1452 463 1492 nos
490 1452 590 1506 spe
614 1434 928 1489 cohortatur
959 1432 1251 1503 Apostolus
1288 1432 1502 1486 dicens:
1541 1431 1677 1498 Quia

84 1554 180 1592 non
200 1544 313 1590 sunt
344 1533 612 1604 condigna!
639 1530 900 1602 praesentis
928 1528 1166 1598 temporis
1188 1526 1454 1595 passiones
1485 1526 1553 1579 ad
1583 1525 1674 1579 illa

83 1639 283 1685 ventura
319 1627 452 1682 bona
477 1669 491 1692 ,
521 1640 635 1692 quae
662 1624 1028 1694 adaperientur
1063 1622 1118 1675 in
1162 1620 1308 1675 nobis
1343 1619 1524 1692 (Rom.
1557 1632 1668 1684 vnt,

89 1724 198 1796 18).
248 1723 474 1792 Propter
504 1717 648 1790 quod
673 1729 727 1772 et
756 1731 854 1771 nos
881 1716 1133 1772 libentius
1180 1715 1233 1768 in
1271 1711 1675 1768 inﬁrmitatibus

1777 517 1872 556 sua
1904 513 2224 559 statuentes.
2254 503 2441 560 Omnis
2469 513 2648 561 autem
2682 504 2959 578 hypocrita
2990 506 3270 562 simulator
3292 514 3378 562 est
3411 549 3414 553 ,

1777 602 1830 648 et
1859 594 2078 650 dolosus
2120 605 2222 650 est.
2277 595 2342 651 Et
2393 595 2636 668 profecto
2685 595 3004 652 manifestus
3048 597 3202 652 dolus
3253 607 3373 664 est,

1778 684 1938 742 ﬁdem
1970 688 2079 743 Deo
2109 689 2425 759 promittere
2450 731 2464 756 ,
2493 699 2546 745 et
2576 688 2825 746 humanis
2852 690 3091 747 consiliis
3123 690 3370 748 credere.

1777 777 2098 847 Hujusmodi
2127 789 2308 837 autem
2341 782 2439 838 viri
2466 797 2567 838 nec
2595 783 2878 840 remittere
2907 784 3242 854 iniquitates,
3277 797 3380 840 nec

1775 871 1990 942 operire
2015 881 2233 942 peccata
2276 885 2538 944 possunt;
2585 875 2709 946 quia
2745 876 2973 932 salutem
3007 889 3155 932 suam
3201 876 3373 946 magis

1777 971 1989 1033 ponunt
2019 965 2070 1018 in
2099 965 2336 1022 consiliis
2363 967 2641 1023 hominum
2669 1009 2683 1035 ,
2736 983 2894 1038 quam
2943 971 2994 1023 in
3023 968 3225 1024 auxilio
3259 968 3375 1024 Dei.

1778 1055 2020 1128 Denique
2041 1058 2192 1128 quasi
2209 1074 2358 1114 suam
2379 1063 2561 1117 statim
2587 1065 2936 1118 tentationem
2962 1063 3012 1117 in
3036 1063 3376 1120 vacillatione

1777 1151 1901 1208 ﬁdei
1929 1162 2077 1208 notat
2107 1153 2398 1224 propheta;
2441 1165 2495 1211 et
2524 1157 2674 1226 quasi
2707 1156 3056 1225 semetipsum
3081 1159 3372 1227 castigans,

1775 1242 1901 1314 quid
1929 1244 2018 1298 alii
2050 1244 2218 1300 vitare
2238 1245 2488 1315 debeant,
2523 1258 2834 1302 commonet
2862 1247 3080 1303 dicens:
3106 1263 3228 1302 cum
3250 1264 3377 1319 gra-

1775 1336 1858 1389 vis
1886 1351 2050 1406 super
2083 1351 2142 1391 se
2181 1351 2370 1392 manus
2405 1338 2498 1393 Dei
2537 1337 2747 1404 fuisset,
2779 1340 2881 1394 hoc
2905 1349 2990 1395 est
3019 1356 3374 1410 perseverans

1777 1427 1828 1482 in
1859 1429 2245 1484 tentationibus
2275 1430 2456 1484 multis
2482 1471 2497 1496 ,
2537 1430 2801 1486 clamasse
2826 1433 3044 1502 quidem
3073 1434 3137 1488 ad
3170 1434 3334 1489 Deum
3361 1475 3376 1501 ,

1775 1519 1872 1574 sed
1912 1520 1962 1574 in
1994 1521 2232 1577 clamore
2260 1537 2366 1576 non
2398 1537 2813 1592 perseverasse:
2862 1540 3047 1580 verum
3101 1534 3377 1589 postremo

1779 1613 2028 1680 tacuisse.
2050 1625 2104 1670 et
2133 1631 2198 1670 ex
2225 1614 2587 1670 taciturnitate
2608 1616 2863 1671 continuo
2890 1616 3224 1675 inveterasse
3253 1633 3378 1675 ossa

1775 1721 1890 1762 sua.

83 1816 275 1873 nostris
317 1815 649 1887 gloriemur,
699 1820 756 1864 ut
799 1818 1044 1880 protegat
1077 1822 1174 1862 nos
1217 1807 1389 1861 virtus
1431 1805 1545 1860 Dei.
1605 1805 1673 1860 Et
1701 1809 1749 1869 Β
1849 1798 1902 1852 5.
1955 1798 2087 1855 Ossa
2131 1805 2314 1857 autem
2360 1801 2678 1872 spiritaliter
2703 1803 2832 1874 quid
2865 1805 3235 1871 aestimemus,
3269 1804 3372 1861 frc-

84 1925 219 1966 nunc
243 1907 461 1979 quidem
488 1907 552 1960 sit
584 1904 738 1959 nobis
775 1902 907 1973 ipsis
938 1901 1097 1956 Pater
1128 1901 1180 1955 in
1225 1897 1432 1954 dextris
1477 1907 1534 1953 ut
1566 1912 1672 1952 non

84 2014 388 2058 moveamur
415 2041 430 2064 ,
483 1996 839 2052 translaturus
865 2009 962 2048 nos
991 1990 1331 2063 postmodum
1361 1989 1414 2043 in
1459 1987 1674 2043 dextris

83 2095 189 2151 suis
211 2135 229 2161 ,
276 2093 328 2147 in
361 2091 579 2147 divitias
611 2087 822 2144 Domini
847 2087 1015 2142 nostri
1042 2084 1169 2142 Iesu
1195 2082 1428 2139 Christi:
1478 2081 1562 2137 cui
1593 2088 1677 2136 est

83 2189 264 2262 gloria.
305 2187 502 2244 Amen.

326 2317 744 2376 TRACTA'I‘US
786 2315 876 2372 DE
918 2313 1192 2372 PSALMO
1226 2309 1420 2368 XXXI.

162 2464 211 2518 I.
243 2461 489 2518 Psalmus
516 2457 684 2511 David
723 2455 1009 2509 intellectus
1041 2460 1190 2506 notat
1233 2464 1391 2521 quam
1433 2447 1678 2502 continet

86 2553 439 2626 prophetiam.
459 2549 750 2622 Apostolus
771 2548 972 2612 docuit,
998 2544 1122 2615 quia
1141 2543 1346 2598 Novum
1370 2541 1678 2596 Testamen-

85 2662 187 2704 tum
211 2647 557 2704 annuntiaret
586 2660 681 2716 per
705 2642 1037 2697 vocationem
1067 2638 1328 2711 gentium.
1359 2636 1415 2690 In
1435 2649 1542 2706 quo
1563 2635 1679 2705 jus-

86 2739 324 2796 tiﬁcanda
367 2746 488 2793 erat
531 2735 665 2790 ﬁdes
692 2735 809 2789 sine
837 2731 1126 2802 Operibus,
1173 2737 1228 2784 et
1273 2729 1324 2782 in
1356 2743 1462 2797 quo
1500 2726 1676 2781 futura

86 2833 497 2905 promittebatur
519 2829 770 2886 remissio
797 2827 1138 2897 iniquitatum
1173 2832 1228 2878 et
1259 2823 1460 2877 oblivio
1486 2836 1679 2892 pecca-

88 2936 251 2982 torum
293 2941 393 2996 per
421 2923 707 2994 gratuitam
739 2921 966 2991 gratiam
1004 2918 1132 2973 Dei:
1181 2924 1236 2972 et
1263 2915 1328 2970 ad
1359 2915 1462 2971 hoc
1503 2915 1679 2969 mani-

86 3020 211 3078 festa
239 3029 320 3077 est
348 3020 512 3075 ratio.
553 3018 659 3073 Sed
691 3033 872 3088 Opera:
903 3015 1131 3085 pretium
1165 3023 1246 3069 est
1279 3012 1529 3084 persequi
1561 3026 1674 3066 om-

85 3131 204 3171 nem
231 3114 425 3186 psalmi
459 3121 682 3177 textum,
719 3111 772 3166 in
796 3126 902 3180 quo
931 3109 1154 3163 affectus
1180 3107 1459 3178 psallentis
1485 3105 1678 3176 depre-

1779 1899 2008 1960 quenter
2034 1889 2373 1948 notavimus:
2418 1895 2540 1964 quia
2587 1894 2728 1950 sicut
2771 1898 3015 1967 corporis
3055 1900 3135 1952 sui
3167 1897 3378 1952 stabili-

1780 1992 2020 2037 mentum
2043 1993 2099 2037 et
2123 1982 2385 2041 fortitudo
2413 1997 2538 2042 sunt
2568 2002 2688 2043 ossa
2717 2030 2732 2054 ,
2765 1989 2841 2042 ita
2868 1997 2922 2043 et
2955 1992 3152 2044 mentis
3181 1984 3382 2045 uestrae

1778 2075 2202 2132 stabilimentum
2232 2087 2287 2134 et
2313 2078 2570 2134 fortitudo
2599 2081 2861 2151 patientia
2892 2090 3009 2147 est;
3061 2080 3131 2136 ita
3164 2082 3254 2137 hic
3288 2081 3382 2153 qui

1779 2179 1998 2238 gravata
2041 2184 2206 2241 super
2233 2187 2291 2227 se
2324 2187 2484 2227 manu
2519 2173 2610 2229 Dei
2640 2175 3011 2244 'perseverare
3055 2191 3163 2230 non
3212 2175 3386 2247 potuit

1779 2261 1846 2316 ad
1875 2262 2040 2318 Deum
2065 2306 2080 2330 ,
2130 2265 2225 2320 sed
2256 2265 2453 2323 defecit
2477 2278 2531 2322 et
2563 2270 2758 2334 tacuit;
2812 2270 3144 2327 inveterasse
3190 2272 3384 2327 merito

1780 2354 1910 2410 dicit
1935 2372 2057 2412 ossa
2086 2373 2214 2412 sua:
2251 2357 2302 2414 id
2343 2369 2427 2415 est
2457 2362 2810 2417 consenuisse
2849 2363 3163 2433 patientiam
3203 2379 3376 2419 suam.

1778 2450 1950 2506 Omne
1985 2463 2164 2508 autem
2209 2455 2418 2510 senium
2464 2455 2621 2510 aﬁ'ert
2650 2456 3036 2512 inﬁrmitatem.
3092 2456 3274 2528 Itaque
3321 2467 3378 2513 et

1781 2544 2121 2600 manifestum
2144 2559 2226 2602 est
2258 2548 2582 2603 inﬁrmatam
2616 2563 2738 2604 esse
2780 2549 3090 2620 patientiam
3125 2549 3262 2621 ejus.
3314 2549 3384 2606 Et

1781 2643 2000 2712 pr0prie
2030 2642 2206 2713 posuit
2231 2642 2559 2700 inveterasse
2583 2686 2598 2710 ,
2647 2644 2698 2699 id
2741 2653 2822 2700 est
2848 2644 2915 2700 ad
2943 2653 3178 2700 veterem
3213 2647 3383 2714 impa-

1782 2735 2023 2789 tientiam
2053 2734 2288 2791 redisse:
2325 2751 2497 2790 novus
2522 2736 2666 2791 enim
2697 2737 2858 2792 homo
2877 2745 2931 2792 et
2960 2737 3218 2793 nativitas
3241 2752 3380 2792 nova

1782 2824 1941 2881 habet
1965 2835 2403 2896 perseverantem
2432 2828 2778 2897 patientiam;
2813 2827 2938 2884 inde
2959 2827 3252 2899 Apostolus
3272 2826 3381 2886 ait;

1773 2917 2001 2973 .Vexatio
2023 2921 2321 2990 patientiam
2352 2921 2549 2991 pariet,
2579 2920 2823 2993 patientia
2851 2920 3223 2991 probationem,
3255 2937 3383 2988 pro-

1782 3014 1916 3067 batio
1943 3029 2123 3085 spem;
2163 3030 2277 3086 spes
2317 3023 2485 3068 autem
2508 3030 2610 3068 non
2646 3012 2914 3068 conturbat
2942 3055 2954 3077 ,
2988 3013 3112 3084 quia
3156 3013 3383 3068 charitas

1782 3105 1879 3161 Dei
1906 3105 2098 3174 di/I'usa
2132 3119 2204 3161 est
2234 3109 2288 3162 in
2314 3109 2473 3163 corda
2513 3119 2689 3163 nostra
2717 3113 2736 3182 (
2765 3109 2918 3163 Rom.
2959 3123 2993 3162 ν
3018 3150 3033 3175 ,
3063 3108 3098 3163 3
3125 3106 3166 3180 ).
3218 3107 3386 3178 Igitur

87 3207 409 3265 hendantur.
443 3205 574 3274 Quis
603 3203 800 3258 viderit
829 3200 1123 3256 secundum
1145 3214 1388 3265 carnem,
1420 3197 1674 3252 tentatio-
1703 3206 1750 3270 α
1783 3199 1903 3269 quia
1935 3199 1988 3256 in
2019 3214 2158 3254 novo
2185 3199 2404 3255 homine
2430 3199 2666 3254 cbaritas
2695 3201 2786 3254 Dei
2817 3199 3007 3255 diﬁ‘usa
3030 3209 3113 3255 est
3139 3200 3189 3254 in
3219 3199 3386 3256 corde

88 3316 177 3356 nes
204 3302 545 3356 introeuntes
577 3298 642 3352 ad
673 3295 874 3351 ﬁdem?
900 3294 1049 3349 Vidit
1071 3294 1214 3349 enim
1245 3293 1430 3347 beatos
1458 3289 1674 3360 quidem

87 3409 223 3460 esse,
249 3408 480 3464 quorum
501 3391 708 3462 justitia
737 3405 800 3445 ex
830 3388 1082 3458 operibus
1112 3403 1215 3440 non
1244 3392 1674 3454 computaretur.

88 3487 192 3543 Lex
213 3490 358 3544 enim
387 3487 610 3542 intravit
641 3497 692 3538 ut
728 3483 1184 3553 ampliﬁcarentur
1223 3489 1439 3550 peccata
1465 3497 1476 3532 :
1506 3489 1559 3534 et
1592 3478 1679 3533 lex

89 3581 225 3635 iram.
243 3580 501 3636 fabricat:
546 3588 601 3633 et
641 3577 728 3632 ubi
760 3577 844 3630 lex
876 3589 982 3629 non
1011 3583 1095 3630 est
1117 3615 1131 3640 ,
1165 3588 1264 3628 nec
1297 3571 1676 3642 transgressio.

90 3673 448 3741 Quamobrem
481 3687 586 3726 non
609 3667 879 3724 immerito
913 3668 1100 3743 beatus
1131 3665 1428 3731 vocabitur,
1458 3663 1549 3735 qui
1573 3679 1678 3718 non

89 3767 246 3823 fuerit
273 3769 377 3823 sub
409 3768 546 3836 lege,
577 3765 670 3820 sed
701 3761 859 3818 luerit
883 3762 1059 3832 potius
1086 3761 1188 3816 sub
1216 3760 1405 3830 gratia.

157 3860 211 3915 2.
247 3861 444 3916 Verum
480 3858 613 3913 ﬁdes
635 3858 748 3912 haec
770 3855 943 3922 qualis
966 3853 1291 3923 requiratur,
1313 3852 1521 3906 notavit
1544 3851 1682 3921 psal-

90 3953 242 4009 mista
288 3951 559 4016 dicendo,
614 3949 780 4004 Vsus.
820 3946 888 3999 2:
946 3943 1126 4015 Neque
1179 3945 1410 3998 inventus
1440 3944 1594 4012 fuerit
1628 3943 1683 3996 in

91 4069 175 4107 ore
214 4056 324 4126 ejus
354 4049 524 4105 dolus.
573 4047 748 4103 Credo
796 4046 981 4111 utique
1027 4041 1189 4094 talem
1228 4038 1400 4091 virum
1433 4042 1638 4105 qumrat
1662 4074 1678 4101 ,

93 4145 298 4214 qualem
330 4143 636 4198 venientem
667 4138 732 4194 ad
761 4153 820 4193 se
847 4131 1235 4191 Nathanaelem
1276 4129 1536 4184 Dominus
1568 4126 1684 4180 latt-

92 4239 262 4306 davit;
291 4240 481 4312 quales
504 4253 620 4292 .non
653 4242 807 4290 erant
837 4233 888 4286 in
922 4229 1086 4284 Israel
1113 4270 1127 4293 ,
1161 4241 1295 4296 quos
1327 4225 1398 4278 ita
1429 4224 1570 4278 Deus
1598 4221 1684 4276 in-

93 4339 406 4404 crepaverat
429 4344 524 4400 per
550 4326 875 4398 prophetas:
929 4320 1164 4390 Populus
1199 4317 1282 4370 hic
1313 4315 1459 4370 labiis
1490 4330 1568 4366 me
1595 4313 1684 4366 ho-

94 4435 260 4489 norat,
296 4441 386 4479 cor
415 4431 581 4476 autent
603 4436 774 4475 eorum
801 4418 948 4488 longe
978 4422 1051 4468 est
1081 4429 1111 4464 a
1138 4427 1217 4465 me
1245 4409 1543 4482 (Isa.xxtx,
1573 4404 1682 4477 15).

94 4516 203 4573 Nec
230 4517 453 4573 dubiqu
481 4522 564 4569 est
606 4512 732 4584 quin
766 4510 866 4564 hoc
899 4509 966 4564 sit
994 4505 1150 4561 dolus
1177 4545 1191 4569 ,
1233 4501 1376 4557 aliud
1407 4502 1461 4555 in
1491 4499 1646 4554 labiis
1668 4542 1681 4565 ,

1783 3306 1878 3362 per
1897 3289 2152 3361 Spiritum
2172 3302 2416 3348 sanctum
2448 3294 2536 3363 qui
2563 3293 2789 3347 clamat:
2819 3292 2972 3348 Abba
3000 3293 3187 3358 Pater;
3221 3291 3386 3346 meri-

1783 3392 1838 3441 to
1867 3401 2218 3456 perseverans
2245 3394 2331 3442 est
2362 3385 2619 3458 patientia
2650 3387 2769 3456 ejus
2791 3426 2804 3450 ,
2858 3393 2916 3440 ut
2956 3386 3125 3456 possit
3162 3385 3344 3440 dicere
3371 3400 3384 3438 :

1785 3480 1912 3546 Quis
1943 3497 2021 3535 me
2063 3481 2250 3536 dividet
2284 3499 2315 3534 a
2356 3479 2604 3536 charitate
2633 3479 2772 3535 Dei?
2823 3479 3070 3547 Venatio,
3110 3480 3383 3552 angustia,

1781 3590 1849 3628 an
1877 3575 2103 3642 nuditas,
2130 3591 2196 3628 an
2227 3578 2409 3647 fames,
2448 3591 2514 3628 an
2539 3573 2745 3647 gladius
2771 3571 2947 3645 (Rom.
2983 3587 3096 3640 vnt,
3136 3573 3270 3644 55)?
3314 3572 3388 3627 At

1782 3666 1872 3735 qui
1901 3665 2098 3721 defecit
2124 3665 2408 3722 clamando
2433 3676 2484 3721 et
2519 3665 2784 3737 sperando
2810 3667 2860 3720 in
2888 3666 3077 3730 Deum,
3113 3665 3388 3721 benedicit

1785 3757 1908 3828 quia
1942 3756 2384 3814 inveteraverunt
2412 3771 2536 3812 ossa
2563 3771 2689 3822 sua;
2721 3757 2861 3828 quod
2899 3765 2983 3813 est
3009 3799 3023 3823 ,
3049 3757 3114 3812 ad
3145 3767 3386 3814 veterem

1785 3850 2175 3919 impatientiam
2200 3865 2422 3907 reversa
2444 3860 2589 3917 sunt,
2619 3851 2906 3907 deﬁciente
2938 3867 3093 3908 nova:
3132 3853 3388 3907 nativita-

1785 3941 1853 3995 tis
1881 3941 2167 4007 charitate,
2198 3958 2318 4012 qua:
2349 3958 2638 4012 numquam
2669 3943 2735 3996 de
2761 3943 2918 3998 Patre
2949 3944 3226 4014 desperat.
3305 3952 3312 3960 ’

1858 4035 1909 4087 4.
1942 4033 2076 4102 Quid
2105 4049 2236 4104 ergo
2253 4035 2450 4089 docet?
2473 4036 2736 4101 Quoniam
2763 4036 2879 4092 haec
2901 4037 3053 4092 nobis
3076 4037 3178 4092 ﬁda
3201 4054 3392 4109 repro-

1787 4125 1972 4180 missio
2000 4135 2112 4180 est:
2143 4127 2395 4196 quoniam
2419 4127 2464 4182 si
2498 4128 2750 4198 iniquitas
2772 4136 2866 4182 aut
2887 4132 3130 4199 operatio
3155 4133 3386 4201 peccati,

1786 4221 2001 4277 etiamsi
2027 4221 2206 4291 gravis
2221 4219 2364 4276 facta
2404 4220 2564 4277 fuerit
2596 4237 2785 4277 manus
2815 4222 3024 4278 Domini
3063 4240 3226 4297 super
3254 4241 3353 4282 nos
3374 4268 3390 4295 ,

1788 4323 1844 4369 et
1871 4313 2180 4368 oneraverit
2205 4329 2302 4368 nos
2333 4313 2718 4369 tentationibus
2739 4313 2921 4369 multis
2946 4357 2960 4382 ,
3009 4332 3115 4372 non
3156 4318 3392 4378 deﬁcere

1789 4406 1950 4463 debet
1977 4407 2184 4463 clamor
2212 4417 2395 4464 noster
2422 4407 2488 4463 ad
2531 4408 2720 4464 Deum.
2776 4407 2913 4475 Quid
2941 4410 2985 4465 si
3018 4413 3390 4470 tacuerimus?

1791 4500 1943 4570 Quod
1968 4511 2307 4559 revertamur
2331 4503 2397 4558 ad
2429 4513 2640 4560 veteres
2668 4503 3057 4575 cogitationes,
3091 4508 3390 4565 remedium

95 4608 236 4664 aliud
287 4611 342 4663 in
387 4605 551 4662 corde
600 4604 820 4658 habere.
870 4600 1056 4670 Itaque
1101 4597 1238 4652 bene
1270 4593 1432 4649 Βεινὶά
1481 4592 1533 4646 in
1582 4590 1687 4646 alio
1715 4601 1768 4662 D
1792 4599 1845 4654 in
1877 4598 2075 4653 nostris
2095 4598 2336 4654 consiliis
2363 4599 2700 4669 requirentes
2727 4640 2742 4665 ,
2781 4597 3100 4656 adhibentes
3135 4617 3297 4658 curas
3336 4611 3392 4659 et

96 4705 334 4774 psalmo:
386 4699 624 4766 Credidi,
678 4696 886 4768 inquit,
930 4701 1138 4764 propter
1175 4688 1312 4769 quod
1351 4688 1548 4742 locutus
1578 4700 1689 4739 sum

95 4798 282 4870 (Psal.
327 4811 455 4860 cxv,
493 4793 622 4864 10).
670 4792 736 4847 Et
774 4788 1062 4860 Apostolus
1097 4793 1340 4842 enarrat:
1392 4781 1514 4852 quia
1539 4778 1690 4834 corde

94 4893 320 4946 creditur
339 4889 406 4943 ad
415 4889 692 4960 justitiam,
723 4901 811 4939 ore
837 4892 1004 4938 autem
1027 4879 1281 4951 confessio
1309 4876 1364 4947 ﬁt
1386 4875 1454 4928 ud
1471 4873 1689 4929 salutem

97 4984 275 5056 (Rom.
304 4999 362 5049 ι,
395 4983 507 5054 10).
549 4981 623 5037 Ita
651 4981 693 5036 si
720 4978 773 5034 in
803 4976 970 5033 corde
1003 4973 1189 5031 credat
1211 4969 1354 5041 quod
1383 4969 1520 5024 labia
1559 4981 1689 5022 con-

96 5076 342 5142 ﬁtentur,
373 5089 479 5130 non
507 5073 807 5130 invenietur
830 5071 884 5124 in
904 5085 999 5124 ore
1023 5067 1139 5138 ejus
1163 5065 1336 5120 dolus.
1373 5066 1442 5117 At
1468 5062 1514 5117 si
1537 5059 1692 5116 labiis

96 5171 216 5240 quis
243 5170 477 5224 honoret
502 5168 690 5231 Deum,
723 5179 818 5219 cor
848 5172 1026 5218 autem
1057 5158 1172 5229 ejus
1204 5157 1360 5226 longe
1388 5153 1692 5210 inveniatur

97 5265 163 5320 ab
191 5280 292 5330 eo;
322 5262 477 5319 dolus
500 5263 553 5318 in
583 5276 678 5318 ore
703 5259 822 5329 ejus
863 5265 965 5325 est,
990 5269 1096 5323 quo
1123 5251 1339 5324 proprie
1379 5249 1430 5304 in
1459 5264 1524 5305 eo
1558 5256 1692 5303 tem-

97 5373 229 5428 pore
260 5364 534 5421 notamur,
567 5354 618 5408 in
646 5365 751 5422 quo
774 5349 1049 5405 doctrinas
1081 5343 1355 5399 hominum
1388 5349 1442 5397 et
1469 5339 1692 5395 consilia

99 5456 290 5504 nostra
319 5447 612 5516 sequimur,
645 5440 890 5496 mandata
917 5438 1007 5494 Dei
1039 5434 1405 5507 repudiantes.
1436 5432 1527 5488 Sic
1545 5429 1688 5486 enim

99 5539 362 5611 scriptum
391 5548 502 5594 est:
539 5535 768 5605 Populus
796 5533 877 5586 hic
903 5530 1050 5585 labiis
1075 5545 1155 5583 me
1179 5528 1430 5594 honorat,
1474 5542 1562 5580 cor
1600 5541 1694 5578 au-

101 5644 202 5687 tent
223 5647 398 5686 eorum
420 5631 566 5702 longe
590 5635 662 5683 est
689 5625 821 5698 (Isa.
850 5639 994 5689 xm,
1032 5621 1144 5695 15).
1177 5619 1362 5675 Colunt
1392 5636 1499 5681 me,
1544 5634 1692 5673 man-

101 5727 225 5780 data
256 5733 308 5779 et
341 5723 593 5778 doctrinas
617 5719 878 5774 hominum
919 5725 1180 5786 sequentes
1210 5712 1230 5782 (
1256 5710 1442 5768 Matth.
1475 5727 1565 5778 xv,
1600 5709 1690 5781 7).

103 5819 198 5876 Sic
230 5826 288 5876 et
317 5817 570 5875 Dominus
599 5816 648 5869 in
681 5811 976 5882 Evangelio
1005 5808 1139 5881 legis
1167 5807 1418 5864 doctores
1446 5804 1697 5876 hypocri-

1789 4689 2202 4757 sollicitudines,
2222 4700 2276 4746 et
2299 4706 2394 4762 per
2417 4690 2735 4761 sapientiam
2761 4698 2999 4747 nostram
3028 4692 3394 4762 relinquentes

1791 4798 1940 4854 spem
1965 4799 2085 4854 quae
2113 4789 2198 4839 est
2216 4798 2282 4837 ex
2315 4784 2446 4851 Deo,
2476 4797 2596 4852 quae
2622 4790 2706 4838 est
2733 4781 2940 4840 ﬁrmior
2965 4785 3214 4840 omnibus
3241 4785 3392 4857 cogi-

1791 4876 2084 4933 tationibus
2115 4875 2335 4932 nostris.
2388 4875 2457 4930 Et
2493 4875 2632 4931 hanc
2677 4876 2831 4946 quasi
2873 4875 2928 4933 in
2962 4878 3262 4934 tentatione
3292 4893 3395 4936 no-

1793 4978 1912 5026 tans
1935 4967 2196 5040 propheta
2223 5011 2237 5034 ,
2284 4968 2465 5039 psallit
2489 5010 2503 5034 ,
2561 4966 2726 5024 Vsus.
2756 4970 2790 5024 5
2818 4980 2872 5026 et
2897 4969 2966 5025 4:
3021 4971 3274 5040 Quoniam
3318 4982 3398 5027 ta-

1793 5067 1909 5132 cui,
1952 5066 2353 5119 inveteraverunt
2390 5064 2565 5118 omnia
2604 5081 2721 5119 ossa
2761 5080 2911 5132 mea;
2954 5083 3068 5120 cum
3097 5067 3399 5122 clamassem

1795 5166 1899 5212 tota
1929 5157 2012 5211 die
2030 5174 2089 5210 ac
2114 5164 2299 5220 nocte;
2328 5166 2541 5229 gravata
2571 5155 2714 5210 estin
2741 5172 2820 5211 me
2840 5172 3022 5212 manus
3049 5167 3156 5211 tua.
3183 5157 3250 5212 Et
3268 5157 3399 5228 quid

1793 5250 2088 5306 novissime
2115 5247 2228 5303 ait?
2256 5246 2541 5304 Conversus
2569 5266 2679 5305 sum
2706 5250 2759 5303 in
2787 5249 3067 5316 miseriam,
3093 5249 3216 5304 dum
3237 5251 3401 5321 inﬁxa

1797 5351 1870 5397 cst
1916 5339 2044 5396 mihi
2087 5341 2258 5410 spina.
2308 5340 2436 5397 Ideo
2475 5350 2661 5412 aperte
2689 5341 2996 5413 signiﬁcat,
3029 5357 3095 5398 ex
3124 5342 3225 5398 hoc
3267 5345 3401 5401 vitio

1798 5435 1939 5507 quod
1971 5435 2022 5488 in
2065 5435 2454 5491 tentationibus
2491 5435 2998 5506 supervenientibus
3044 5437 3284 5493 clamare
3333 5437 3401 5494 ad

1803 5528 1969 5583 Deum
1997 5536 2049 5581 et
2078 5541 2299 5597 sperare
2321 5527 2573 5583 desiisset
2598 5569 2612 5593 ,
2644 5526 2966 5584 succedente
2991 5528 3211 5584 silentio
3239 5537 3295 5585 et
3322 5539 3402 5586 ta-

1800 5619 2112 5676 citurnitate
2137 5660 2152 5685 ,
2201 5619 2503 5690 suscepisse
2528 5633 2588 5674 se
2615 5619 2668 5672 in
2700 5618 3117 5687 cogitationibus
3162 5636 3320 5678 curas
3345 5631 3403 5679 et

1783 5712 2196 5771 sollicitudines
2215 5714 2338 5770 vita:
2363 5729 2498 5778 suae,
2517 5727 2582 5767 ac
2609 5726 2704 5783 per
2728 5711 2831 5768 hoc
2850 5727 3174 5771 conversum
3198 5732 3257 5772 se
3281 5733 3405 5775 esse

1803 5806 1858 5864 in
1887 5805 2183 5872 miseriam,
2211 5806 2402 5864 relicta
2427 5803 2635 5862 scilicet
2658 5818 2757 5879 spe
2783 5804 3036 5877 adjutorii
3082 5807 3205 5866 Dei:
3245 5819 3406 5884 atque
