3882 6332
125 6024 401 6135 ,βάκ

484 284 597 357 890

1699 286 1947 348 BANch
1974 282 2234 351 ηιωιιη
2271 274 2577 355 EPISCOPl

3667 290 3754 359 tu

480 411 852 483 signiﬁcanter
879 412 956 467 ait
980 452 994 477 ,
1023 407 1243 467 inﬁxam
1288 408 1393 466 sibi
1439 420 1562 466 esse
1602 406 1835 479 spinam.
1886 408 2080 478 Spinas
2110 411 2155 471 Α
2183 426 2307 468 men
2351 412 2713 482 deprecatur,
2758 408 3022 470 humilem
3069 415 3270 480 vocat;
3310 408 3451 484 quod
3485 421 3567 469 est
3603 414 3750 488 utique

489 508 639 562 enim
670 509 723 563 in
744 505 1033 576 Evangelia
1053 504 1308 559 Dominus
1333 504 1488 559 docet
1516 518 1676 559 curas
1702 503 2087 559 ctsollieitudi-

486 612 587 653 nes
614 600 786 653 victus
811 611 952 663 esse,
980 596 1173 666 quibus
1206 595 1497 651 suﬁ'ocatnr
1522 596 1777 650 verbum:
1810 604 1895 651 aut
1922 610 2083 666 quam

486 688 574 745 bic
600 691 863 761 propheta
892 690 1127 760 spinam,
1161 688 1213 745 id
1257 699 1340 745 est
1372 704 1557 745 curam
1587 697 1643 744 et
1665 687 2083 744 sollicitudinem

485 784 636 848 vitae,
669 783 888 838 inﬁxam
909 798 1032 839 esse
1054 782 1156 838 sibi
1177 782 1329 850 dicit,
1361 796 1426 838 ex
1450 797 1516 837 eo
1545 796 1613 837 ex
1642 796 1750 852 quo
1777 780 2005 837 tacuerit
2030 788 2087 835 et

485 876 711 933 desierit
738 878 977 933 clamare
1004 877 1069 932 ad
1113 876 1281 932 Deum
1306 917 1322 943 ,
1368 890 1464 947 per
1492 875 1635 947 quod
1665 886 1986 930 conversum
2024 889 2087 930 se

483 983 605 1025 esse
633 970 684 1024 in
735 970 1007 1025 miseriam
1034 971 1343 1025 conﬁtetur.
1392 969 1463 1025 Et
1506 968 1760 1040 quoniam
1800 967 1885 1023 liae
1941 983 2086 1023 cura:

485 1067 543 1116 et
572 1059 963 1115 sollicitudines
986 1061 1279 1117 smculares
1306 1060 1620 1131 frequenter
1661 1061 1713 1115 in
1754 1060 1965 1116 animos
1993 1074 2089 1114 no—

485 1163 651 1222 stros,
682 1156 847 1210 etiam
874 1168 998 1210 eum
1029 1170 1133 1211 non
1160 1155 1543 1222 attenduntur,
1574 1156 1851 1226 irrepuut;
1892 1151 2090 1208 Pecca-

485 1256 617 1314 tum,
650 1248 843 1319 inquit,
878 1266 1043 1304 meum
1071 1250 1329 1322 cognitum
1355 1248 1482 1303 mihi
1506 1249 1611 1319 fac.

559 1342 615 1397 5.
649 1342 716 1397 Et
739 1344 1032 1413 separavit,
1061 1342 1397 1415 distinguens
1419 1343 1755 1414 iniquitatem
1781 1357 1812 1396 a
1834 1350 2087 1414 peccato:

486 1439 613 1506 quia
644 1435 899 1507 iniquitas
928 1438 1105 1509 ignota
1132 1453 1254 1493 esse
1272 1438 1494 1493 minime
1522 1445 1720 1509 potest.
1746 1434 1913 1506 Cujus
1938 1434 2089 1493 verbi

489 1533 664 1602 magis
702 1533 876 1603 aptior
921 1540 1005 1588 est
1049 1532 1407 1605 signiﬁcantia
1453 1533 1505 1587 in
1554 1547 1752 1603 graeco.
1802 1531 2088 1603 Ansdayan

487 1624 637 1681 enim
666 1634 861 1682 vocant
889 1670 902 1693 ,
932 1642 1031 1697 per
1056 1627 1205 1699 quod
1232 1626 1563 1697 signiﬁcatur
1590 1633 1803 1696 tempus
1841 1638 1948 1696 quo
1975 1624 2092 1681 sine

490 1719 613 1791 lege
643 1720 838 1777 vixerit
867 1722 1121 1787 mundus,
1146 1736 1267 1776 cum
1290 1719 1465 1776 adhuc
1495 1722 1546 1775 itt
1573 1720 1761 1791 gentili
1788 1719 1894 1774 vita
1922 1719 2089 1775 Deum

2188 506 2425 577 superbo
2458 504 2814 561 contrarium.

2258 596 2313 654 6.
2345 597 2451 653 Pro
2480 597 2585 653 hoc
2614 597 2792 664 enim,
2825 596 3034 670 inquit,
3066 595 3453 670 deprecabitur
3490 594 3686 654 humilis
3717 612 3755 656 et

2182 686 2359 758 justus
2382 690 2448 746 ad
2476 698 2529 747 te
2555 691 2609 747 in
2638 700 2880 761 tempore
2906 702 3082 749 recte.
3114 689 3215 747 Est
3247 704 3379 761 ergo
3407 700 3606 761 tempus
3627 708 3757 762 quan-

2187 778 2258 835 do
2286 796 2392 837 non
2432 793 2514 837 est
2543 790 2692 839 recte
2716 782 2891 854 justus
2920 799 2951 838 a
2985 782 3245 840 Domino.
3290 781 3411 853 Ipse
3449 782 3687 852 propheta
3717 787 3756 841 in

2189 873 2542 942 subsequenti
2579 874 2739 930 docet
2775 874 2994 941 dicens,
3031 875 3204 933 Vsus.
3236 875 3309 933 6:
3350 873 3541 929 Verum
3574 875 3623 927 ia
3655 878 3759 931 aliis.
3850 894 3851 897 η

2188 966 2327 1020 vium
2365 968 2647 1023 multarum
2686 984 2938 1039 aquarum
2977 970 3049 1024 ad
3086 969 3238 1023 illum
3278 986 3386 1025 non
3418 974 3757 1041 appropinqu-

2189 1055 2329 1114 bunt.
2362 1060 2504 1132 Ergo
2531 1061 2584 1115 in
2612 1060 2820 1117 diluvio
2848 1060 3143 1116 multarum
3168 1074 3438 1133 aquarum
3467 1078 3573 1117 non
3598 1070 3759 1117 rectum

2190 1160 2273 1209 est
2310 1160 2562 1223 tempus,
2607 1162 2665 1209 ut
2698 1154 2877 1226 justus
2917 1156 3330 1227 appropinquet
3368 1154 3438 1210 ad
3485 1154 3757 1222 Dominam;

2185 1245 2319 1317 justi
2360 1243 2507 1303 enim
2548 1245 2649 1301 viri
2688 1260 2794 1302 non
2837 1258 2919 1304 est
2949 1247 3082 1303 dare
3111 1249 3310 1303 anima:
3338 1263 3459 1304 sua:
3487 1250 3759 1313 audaciam,

2191 1340 2332 1397 sicut
2367 1349 2424 1397 et
2462 1340 2550 1397 lex
2590 1340 2757 1397 dicit:
2803 1340 2924 1397 Non
2966 1342 3112 1397 dabis
3150 1343 3344 1397 anima
3386 1351 3492 1397 tate
3520 1343 3756 1397 eadem

2191 1434 2345 1504 Quod
2367 1435 2411 1490 si
2436 1435 2559 1505 quis
2577 1434 2878 1507 profundus
2905 1446 2961 1492 et
2983 1436 3286 1491 altissimus
3315 1437 3593 1508 mysteriis
3619 1436 3758 1490 Doni-

2194 1543 2323 1584 num
2366 1537 2609 1599 quaerat,
2656 1538 2929 1585 scrutetur
2971 1530 3153 1584 omnia
3196 1528 3407 1599 judicia
3458 1530 3611 1599 ejus:
3651 1540 3695 1584 et
3728 1533 3758 1585 si

2194 1622 2335 1678 forte
2362 1622 2429 1678 ad
2457 1624 2800 1679 sustinendos
2830 1638 3021 1679 omnes
3063 1622 3275 1678 fructus
3306 1623 3327 1692 (
3348 1625 3392 1695 f.
3420 1621 3649 1693 ﬂuctus)
3675 1624 3757 1692 eius

2194 1719 2468 1774 existimet
2500 1733 2561 1775 se
2587 1734 2746 1790 posse
2774 1718 3049 1785 sufﬁcere,
3083 1734 3192 1775 non
3222 1720 3331 1775 erit
3362 1720 3471 1774 iste
3500 1718 3583 1773 vir
3604 1719 3754 1788 justus,

492 1816 751 1869 nesciret.
779 1815 979 1871 Omnes
1019 1823 1198 1870 autem
1228 1813 1475 1870 conversi
1504 1812 1571 1868 ad
1615 1813 1895 1868 Dominum
1927 1810 2093 1867 conﬁ-
2122 1811 2170 1874 B
2198 1826 2374 1882 neque
2409 1811 2615 1869 utiliter
2655 1812 2708 1868 in
2749 1812 2952 1868 diluvio
2988 1827 3252 1884 aquarum
3285 1814 3588 1868 multarum
3615 1826 3755 1881 ante-

489 1916 707 1965 tcantur
739 1926 961 1967 necesse
990 1918 1093 1976 est,
1134 1907 1497 1964 damnabilem
1525 1905 1691 1964 fuisse
1719 1906 1914 1979 prioris
1955 1915 2094 1962 tem-

492 2001 642 2072 poris
662 2001 848 2056 vitam.
896 2000 966 2056 At
987 2016 1116 2057 vero
1143 2001 1266 2071 quia
1292 2000 1497 2071 peccati
1525 2015 1722 2056 nomen
1746 2000 1798 2054 in
1822 1999 1926 2054 hoc
1965 1995 2098 2053 dell-

502 2094 707 2160 nimus,
738 2093 790 2148 itt
814 2109 919 2164 quo
948 2093 1069 2164 quis
1098 2093 1257 2147 intrat
1283 2093 1334 2147 in
1362 2106 1519 2147 curas
1542 2102 1598 2147 et
1622 2088 2017 2147 sollicitudines
2044 2098 2099 2145 et

490 2187 849 2257 Cogitationes
874 2186 1045 2241 victus
1071 2228 1085 2253 ,
1131 2202 1251 2257 qua:
1283 2183 1628 2256 quammulta:
1659 2192 1714 2239 et
1737 2183 1901 2237 varia:
1930 2191 2055 2237 sunt
2080 2223 2096 2250 ,

494 2294 833 2351 quarumque
881 2280 1142 2350 imagines
1187 2278 1369 2333 invitis
1409 2277 1569 2333 etiam
1615 2274 1771 2331 bonis
1796 2289 1958 2345 quam
1986 2273 2095 2329 frc-

493 2383 728 2448 qucnter
751 2382 1078 2439 occurrunt;
1107 2373 1226 2444 quis
1248 2372 1419 2443 possit
1445 2372 1497 2426 in
1518 2385 1614 2427 sua
1643 2368 1982 2425 observantia
2005 2367 2096 2423 de-

500 2467 881 2540 prehendere?
909 2467 1092 2538 ltaque
1117 2482 1279 2537 super
1300 2464 1402 2521 hoc
1426 2465 1562 2520 bene
1588 2463 1846 2520 auxilium
1886 2462 1953 2519 de
1987 2462 2098 2518 Deo

503 2561 733 2631 requirit
800 2560 1062 2631 prOpheta
1128 2559 1357 2616 dicendo
1383 2602 1397 2627 ,
1470 2558 1636 2616 Vsus.
1684 2558 1752 2615 5:
1822 2556 2098 2614 Peccatum

498 2668 669 2708 meum
703 2654 960 2729 cognitum
988 2652 1118 2708 mihi
1162 2652 1266 2724 fac,
1313 2651 1553 2708 Domine.
1587 2652 1653 2708 Et
1677 2652 1731 2708 in
1760 2649 1862 2709 hoc
1888 2651 2097 2723 peccati

497 2764 698 2804 nomen
727 2763 756 2802 a
783 2749 1051 2820 principio
1080 2748 1264 2804 mundi
1317 2757 1371 2804 et
1396 2748 1571 2804 teneri
1597 2789 1612 2815 ,
1641 2748 1686 2802 si
1712 2748 1881 2819 ipsam
1909 2754 2097 2818 proto-

494 2840 656 2911 plasti
685 2842 1171 2912 transgressionem
1197 2840 1636 2897 discrimincmus
1654 2882 1671 2907 ,
1702 2840 1990 2895 manifesto
2017 2840 2099 2894 in-

494 2933 764 2988 venimus.
814 2933 921 2989 Sed
969 2934 1037 2989 de
1075 2935 1177 2989 hoc
1217 2934 1435 3004 longum
1474 2934 1579 2989 erit
1607 2932 1895 3003 persequi;
1945 2947 2098 3003 teque

495 3034 680 3081 tamen
726 3041 919 3082 sensus
946 3026 1387 3083 discriminantes
1418 3026 1559 3081 inter
1592 3037 1868 3096 peccatum
1910 3032 1965 3081 et
1993 3024 2098 3080 inl-

495 3122 754 3192 quitatem
786 3122 1236 3194 persequentibus
1273 3136 1484 3192 quoque
1538 3120 1966 3175 manilestantur.
2022 3120 2099 3176 De

2202 1906 2467 1978 pinquare
2494 1906 2778 1962 conabitur
2800 1922 2864 1962 ac
2895 1906 3183 1962 Dominum
3224 1921 3519 1977 querere;
3561 1907 3754 1976 quouis:

2200 1994 2253 2055 in
2280 1999 2609 2055 exaltatione
2633 1999 2909 2071 sapientia:
2938 2014 3049 2055 sua:
3071 2042 3089 2069 ,
3116 1999 3381 2072 protendi
3407 2000 3528 2071 ejus
3550 1999 3756 2055 abscessi

2198 2092 2416 2163 pulsare
2442 2093 2849 2165 pcrtentavcrit.
2882 2093 2971 2150 Sic
3000 2102 3053 2148 et
3080 2094 3367 2163 apostolus
3394 2093 3621 2148 Paulus:
3644 2091 3701 2145 Et
3719 2109 3761 2146 ιι

2199 2187 2255 2241 in
2284 2187 2646 2255 multitudine,
2686 2188 2798 2254 ait,
2840 2188 3237 2259 adapertionum
3276 2187 3506 2254 exiliter,
3543 2189 3678 2241 dates
3711 2196 3760 2239 es

2200 2282 2343 2336 carni
2362 2297 2489 2337 mea:
2505 2282 2771 2347 stimulus,
2800 2282 3013 2352 angelus
3042 2292 3240 2337 satana
3267 2283 3365 2351 qui
3390 2297 3477 2335 me
3502 2281 3759 2344 alcatim:

2201 2383 2409 2447 propter
2433 2375 2571 2445 quod
2596 2386 2674 2430 ter
2704 2373 2980 2429 Dominum
3008 2376 3184 2446 rogaui
3200 2391 3220 2428 :
3249 2384 3297 2429 et
3328 2375 3528 2429 dictum
3551 2384 3619 2428 est
3640 2376 3758 2426 niti:

2202 2465 2405 2537 Sufﬁcit
2435 2465 2525 2521 tibi
2549 2470 2715 2539 gratia
2742 2482 2891 2521 mea:
2916 2482 3035 2521 nam
3061 2467 3222 2522 virtus
3248 2467 3303 2520 in
3334 2467 3629 2534 inﬁrmitate
3645 2468 3759 2536 ρσρο
3850 2524 3851 2531 η

2200 2561 2338 2614 citur
2378 2556 2459 2633 (ll
2489 2558 2610 2616 Cor.
2663 2576 2773 2627 xu,
2817 2560 2851 2616 7
2879 2592 2904 2603 -
2929 2560 3025 2631 9).
3065 2560 3253 2632 Itaque
3293 2570 3350 2617 et
3386 2560 3481 2616 hic
3519 2558 3757 2631 Fij‘btil.
3850 2588 3851 2601 ς

2200 2668 2324 2711 cum
2354 2653 2617 2711 dixisset:
2657 2656 2779 2727 quia
2815 2655 2946 2727 justi
2986 2664 3041 2711 et
3068 2655 3303 2711 humiles
3334 2658 3390 2711 in
3418 2655 3618 2711 diluvio
3642 2671 3759 2726 aqua

2201 2762 2323 2803 rum
2351 2747 2639 2802 multarum
2682 2762 2788 2803 non
2830 2748 3345 2820 appmpinquabunt
3382 2746 3453 2803 ad
3497 2746 3759 2811 Dentium,

2202 2838 2444 2894 ostendit
2476 2840 2590 2910 ipse
2618 2855 2724 2911 quo
2749 2841 2918 2913 magis
2944 2842 3046 2896 sibi
3077 2850 3326 2912 tempore
3349 2836 3609 2896 Dominus
3628 2841 3763 2910 reatu»
3850 2884 3851 2909 ι

2202 2939 2373 2995 ratur,
2404 2930 2568 2987 Vsus.
2599 2933 2662 2987 7:
2688 2932 2771 2987 Tu
2801 2950 2853 2989 es
2876 2975 2890 3001 ,
2923 2934 3126 3005 inquit,
3160 2937 3422 3007 refugium
3453 2951 3615 2989 meum
3646 2934 3760 2987 ιιι-ἕο
3850 2932 3851 2951 ‘

2201 3024 2464 3079 bulatione
2490 3024 2837 3083 circumdante
2866 3043 2964 3081 me.
2997 3025 3064 3081 Et
3094 3025 3180 3082 hic
3209 3040 3342 3097 ergo
3371 3030 3546 3097 magis
3573 3028 3623 3080 in
3647 3024 3758 3080 ἰκετ-
3850 3022 3851 3097 ᾗ

2203 3117 2482 3173 mitatibus
2506 3117 2787 3187 gloriatur,
2812 3126 2871 3173 ut
2895 3125 3144 3190 protegat
3168 3132 3292 3174 eum
3318 3118 3495 3173 virtus
3520 3118 3609 3174 Dei
3627 3159 3642 3185 ,
3664 3117 3759 3172 ﬂat

494 3226 718 3285 peccato
748 3216 891 3271 enim
921 3216 1051 3286 petit
1080 3258 1094 3283 ,
1145 3226 1200 3269 ut
1230 3214 1501 3286 cognitum
1530 3212 1637 3270 sibi
1685 3214 1811 3282 ﬁat;
1864 3222 1922 3269 ut
1968 3229 2096 3270 vero
2124 3204 2171 3269 C
2202 3198 2400 3265 Paulus
2425 3211 2531 3263 ait:
2562 3208 2826 3265 Libentius
2852 3226 2970 3283 ergo
3008 3211 3064 3265 in
3106 3211 3498 3283 inﬁmtitatibus
3533 3212 3648 3264 mis
3678 3210 3759 3280 gla-
3850 3274 3851 3277 η

497 3306 843 3378 iniquitatem
891 3325 997 3365 non
1025 3308 1286 3364 celaverit
1326 3306 1427 3363 sibi
1477 3306 1671 3380 inquit.
1722 3305 1858 3361 Illud
1909 3308 2051 3363 enim
2080 3349 2095 3375 ,

494 3401 622 3473 quia
652 3399 769 3456 sine
793 3400 1015 3459 scientia
1050 3402 1283 3456 hominis
1311 3414 1417 3456 non
1446 3414 1562 3457 erat
1585 3443 1601 3468 ,
1629 3408 1910 3471 supererat
1934 3401 1988 3456 in
2032 3414 2099 3456 eo

495 3494 763 3551 medicina
796 3494 1114 3551 humilitatis
1140 3506 1198 3551 ut
1223 3495 1567 3551 annnntiaret
1595 3493 1726 3550 illud
1752 3535 1769 3558 ,
1794 3506 1847 3550 et
1876 3493 2099 3551 conﬁte-

493 3600 646 3643 retur
666 3586 914 3642 Domino.
943 3588 1011 3642 At
1033 3604 1160 3642 vero
1178 3598 1481 3657 peccatum,
1506 3585 1660 3659 cujus
1677 3587 1913 3642 varietas
1934 3587 2098 3642 etiam

494 3676 769 3750 ignoranti
799 3691 1010 3752 poterat
1039 3680 1302 3750 obrepere
1326 3721 1342 3746 ,
1392 3679 1546 3751 cujus
1576 3677 1865 3733 multitudo
1911 3677 2099 3735 fallere

495 3781 708 3843 poterat
736 3782 790 3828 et
822 3768 992 3827 latere
1018 3815 1031 3837 ,
1076 3780 1136 3827 ut
1159 3772 1431 3843 cognitum
1460 3771 1562 3828 sibi
1593 3770 1748 3826 ﬁeret
1776 3771 2098 3841 deprecatus

496 3872 601 3920 cst.
656 3863 1033 3921 Perseveravit
1062 3863 1293 3935 denique
1323 3864 1376 3919 in
1418 3861 1774 3933 signiﬁcantia
1806 3863 1992 3931 verbi;
2045 3868 2100 3920 et

499 3958 623 4029 quia
656 3957 994 4028 iniquitatem
1018 3972 1050 4011 a
1070 3965 1293 4028 peccato
1318 3957 1625 4026 separabat,
1655 3955 1824 4012 dixit:
1856 3955 1986 4030 Ego,
2017 3957 2099 4012 in-

501 4050 618 4121 quit
643 4093 658 4117 ,
683 4051 985 4107 renuntiabo
1007 4052 1279 4107 adversum
1305 4066 1385 4104 me
1403 4050 1723 4121 iniquitatem
1746 4065 1911 4104 meant
1936 4092 1951 4114 ,
1988 4049 2099 4104 Do-

497 4144 658 4201 mine.
709 4142 858 4199 Adeo
889 4154 943 4198 et
982 4142 1070 4199 hic
1110 4157 1216 4198 non
1259 4148 1545 4213 peccatum
1583 4157 1763 4198 meum
1793 4142 2053 4198 nuntiabo
2077 4184 2091 4211 ,

496 4234 745 4301 Domine,
776 4235 870 4291 sed
900 4234 1257 4306 iniquitatem.
1291 4234 1577 4291 Peccatum
1605 4235 1748 4290 enim
1773 4233 2096 4289 annuntiare

491 4342 602 4383 non
637 4337 867 4397 poterat,
904 4328 1058 4398 cujus
1088 4326 1453 4400 cognitionem
1491 4326 1591 4381 sibi
1615 4325 1893 4397 qmcrebat
1926 4342 1954 4378 a
1987 4325 2099 4381 Do-

495 4423 665 4479 mino.
694 4426 761 4478 At
786 4439 916 4479 vero
938 4424 1272 4494 iniquitatem
1303 4435 1462 4494 quam
1490 4421 1544 4476 in
1572 4419 1898 4477 conscientia
1926 4420 2093 4476 habe-

496 4515 609 4577 bat,
656 4515 816 4581 hanc,
842 4518 937 4583 ait,
968 4513 1304 4572 annuntiabo
1331 4515 1616 4572 adversum
1667 4529 1755 4569 mc
1781 4528 1962 4570 coram
1992 4512 2095 4568 Do-

2202 3301 2395 3370 riabor,
2424 3313 2480 3357 ut
2506 3313 2738 3377 protegat
2761 3321 2841 3361 tne
2862 3306 3022 3360 virtus
3043 3303 3237 3360 Christi
3264 3304 3437 3378 (Ibid.
3463 3305 3540 3378 9).
3574 3305 3761 3375 Denique

2202 3403 2259 3451 et
2285 3395 2595 3468 subiunxit:
2630 3397 2899 3453 Exultatio
2929 3415 3041 3452 mea
3061 3441 3076 3465 ,
3121 3398 3279 3453 libera
3308 3415 3395 3454 me
3422 3416 3459 3453 α
3486 3398 3759 3453 circumda-

2204 3489 2335 3545 tibus
2365 3507 2463 3546 me.
2508 3491 2792 3547 Dominum
2829 3491 3222 3548 exultationem
3264 3506 3424 3548 suam
3467 3493 3759 3560 vocatzqua
3850 3482 3851 3560 ᾖ

2202 3598 2309 3639 non
2340 3584 2603 3654 glorietur
2630 3587 2850 3655 sapiens
2878 3586 2930 3641 in
2962 3585 3223 3657 sapientia
3266 3600 3365 3641 sua
3386 3628 3403 3651 ,
3450 3603 3619 3659 neque
3651 3584 3761 3639 fatis

2202 3674 2255 3731 in
2290 3676 2601 3734 fortitudine
2628 3692 2758 3745 sua;
2791 3677 2889 3735 sed
2921 3678 2972 3734 in
2999 3677 3104 3734 hoc
3130 3680 3507 3751 unusquisque
3531 3679 3758 3751 gloriati.

2200 3769 2346 3839 quod
2376 3771 2629 3841 cognovit
2654 3779 2709 3826 et
2732 3770 2889 3826 timet
2916 3770 3229 3827 Dominum.
3257 3769 3532 3827 Exultant)
3556 3783 3759 3844 argenta

2201 3861 2361 3917 libera
2391 3878 2471 3918 me
2497 3878 2531 3917 a
2553 3863 2987 3919 circuntdantibus
3016 3878 3118 3919 me.

2272 3957 2327 4013 7.
2361 3956 2525 4014 Vsus.
2558 3956 2613 4013 8.
2661 3954 2960 4030 Intelligo»:
2980 3968 3028 4013 et
3046 3958 3339 4031 conjungar
3376 3957 3474 4015 tibi
3514 3959 3568 4012 in
3605 3956 3677 4011 eis
3698 3957 3765 4007 se:

2198 4065 2299 4123 qua
2341 4048 2663 4108 ambulabis:
2709 4050 2923 4122 ﬁrmabo
2963 4052 3017 4106 in
3060 4061 3108 4106 te
3150 4051 3327 4106 oculos
3356 4066 3520 4107 meas.
3562 4051 3766 4120 Βαγώαν
3850 4048 3851 4123 l

2202 4155 2532 4219 praeceptum
2582 4144 2726 4219 quod
2774 4144 3095 4201 mandatur:
3145 4143 3273 4200 Post
3319 4142 3606 4199 Dominum
3643 4141 3767 4197 Da-
3850 4140 3851 4219 ᾗ

2201 4248 2345 4293 tuum
2370 4237 2674 4293 ambulabis.
2703 4237 2773 4294 Et
2794 4235 2898 4293 hoc
2926 4248 3007 4293 est
3039 4236 3212 4293 ﬁdelis
3239 4237 3345 4303 vir,
3368 4253 3482 4292 non
3509 4238 3610 4291 sibi
3633 4237 3765 4307 item

2199 4332 2400 4403 eligere
2426 4333 2567 4387 viam
2593 4372 2608 4398 ,
2640 4331 2737 4387 sed
2766 4331 2943 4402 ipsum
2976 4328 3127 4402 sequi
3166 4332 3309 4386 viam
3349 4346 3513 4402 quam
3556 4331 3767 4386 00min!!!

2197 4423 2471 4491 ostendit,
2513 4423 2644 4480 illud
2690 4432 2878 4495 putare
2919 4430 3126 4480 rectum
3180 4422 3323 4494 quod
3375 4423 3473 4479 ille
3516 4424 3764 4480 maumvit

2203 4516 2444 4588 Denique
2473 4518 2546 4573 ait
2569 4537 2582 4573 :
2613 4514 2943 4590 Conﬁrmabo
2967 4517 3019 4573 in
3048 4528 3097 4573 te
3122 4518 3297 4573 oculos
3317 4532 3460 4572 meos
3475 4536 3497 4585 ;
3522 4526 3583 4573 ut
3605 4517 3766 4573 scibat!

498 4609 672 4665 mino.
723 4608 995 4679 lniquitati
1036 4609 1180 4665 enim
1211 4609 1315 4664 alia
1346 4610 1491 4664 nulla
1524 4607 1785 4665 medicina
1824 4614 1910 4663 est
1936 4649 1951 4673 ,
1992 4606 2095 4661 nisi
2123 4598 2175 4662 Ι)
2203 4611 2412 4666 nullum
2444 4610 2589 4666 aliud
2624 4613 2728 4666 iter
2753 4598 3006 4679 videant,
3041 4611 3145 4666 nisi
3187 4610 3331 4679 quod
3380 4608 3582 4681 dirigat
3622 4609 3764 4664 Domi.

492 4701 766 4758 confessio
799 4701 865 4754 ad
899 4700 1084 4756 Deum.
1140 4701 1393 4758 Facimus
1420 4701 1564 4757 enim
1609 4700 1919 4771 ignoranter
1945 4697 2091 4770 quod

492 4796 733 4868 agnitum
768 4793 895 4849 facit
928 4793 1185 4850 Dominus
1212 4837 1226 4863 ,
1281 4811 1401 4851 cum
1435 4796 1766 4867 agnitionem
1812 4792 1929 4863 ejus
1957 4806 2091 4846 con-

491 4890 672 4947 versio
693 4888 904 4956 fecerit,
928 4899 984 4944 et
1010 4903 1231 4945 necesse
1252 4898 1336 4945 est
1358 4888 1673 4957 poenitentia
1703 4895 2088 4958 consequatur.

486 4984 569 5041 Ita
600 4994 721 5055 post
752 4981 1088 5056 iniquitatem
1119 4982 1258 5038 hanc
1283 5025 1298 5049 ,
1329 4984 1371 5037 si
1399 4983 1682 5038 confessus
1722 4980 1882 5035 fuerit
1905 4990 2093 5035 coram

494 5080 749 5146 Domino,
780 5082 836 5135 et
859 5076 1261 5133 annuntiaverit
1294 5078 1438 5133 illam
1460 5079 1746 5134 adversum
1774 5090 1857 5144 se,
1888 5077 2097 5132 scilicet

491 5182 778 5227 accusator
803 5171 885 5226 sui
913 5171 1103 5236 factus,
1144 5169 1374 5225 redimet
1405 5170 1737 5241 impietatem
1768 5168 1948 5226 cordis
1987 5169 2092 5224 sui.

492 5264 563 5321 Et
613 5265 701 5322 hic
744 5264 995 5337 prudenti
1023 5265 1236 5320 ratione
1269 5263 1380 5319 ait:
1413 5261 1581 5321 Dixi:
1618 5264 1962 5335 pronuntiabo
1998 5262 2095 5319 att-

488 5370 693 5412 versunt
723 5375 803 5412 me
822 5357 1143 5430 iniquitatem
1179 5372 1365 5422 meam,
1393 5355 1643 5425 Domine;
1677 5368 1728 5413 et
1761 5367 1816 5413 tu
1848 5356 2093 5413 remisisti

488 5450 801 5524 impietatem
843 5452 1012 5508 cordis
1048 5452 1169 5507 mei.
1221 5448 1460 5522 Denique
1490 5451 1578 5521 qui
1608 5453 1943 5524 iniquitatem
1982 5464 2091 5508 non

486 5545 781 5600 conﬁtetur
807 5544 1037 5601 Domino
1063 5587 1077 5612 ,
1130 5544 1435 5615 superbiam
1481 5543 1763 5600 adversum
1804 5545 2089 5599 Dominum

501 5639 715 5710 recipit,
763 5654 826 5695 ac
855 5640 933 5695 sic
975 5639 1306 5709 impietatem
1340 5635 1585 5708 acquirit.
1639 5634 1919 5694 Dominum
1948 5640 2091 5695 enim

494 5745 603 5785 non
632 5734 876 5803 agnoscit
913 5743 1118 5803 patrem
1163 5733 1328 5790 totius
1352 5742 1637 5790 creaturas.
1689 5731 1888 5789 Contra
1914 5776 1929 5801 ,
1968 5747 2095 5804 pro-

498 5820 663 5892 plteta
686 5839 806 5878 eum
832 5824 925 5895 qui
944 5823 1312 5896 conﬁtebitur,
1339 5836 1403 5881 ac
1424 5840 1521 5896 per
1542 5825 1646 5882 hoc
1668 5820 1962 5896 impietatis
1988 5820 2097 5883 ori-

2201 4718 2337 4759 nus:
2371 4704 2514 4775 quod
2542 4702 2615 4758 ait
2643 4703 2698 4758 in
2723 4700 2832 4759 alio
2861 4703 3071 4774 psalmo
3094 4702 3471 4759 manilesﬁus:
3500 4700 3766 4758 Sicuti-ai

2199 4797 2402 4852 ancilla:
2423 4797 2475 4851 in
2503 4794 2743 4851 manibus
2768 4796 2990 4850 domina:
3012 4810 3137 4859 sure,
3162 4798 3237 4851 sic
3260 4796 3398 4851 oculi
3425 4798 3587 4852 nostri
3609 4798 3671 4849 ad
3688 4792 3767 4847 Do-

2200 4895 2397 4948 minum
2424 4902 2652 4950 nostrum
2678 4890 2853 4966 (Psal.
2895 4907 3071 4956 cxxn,
3096 4890 3203 4965 2);
3232 4892 3443 4948 scilicet
3463 4934 3479 4961 ,
3520 4909 3625 4947 non
3655 4888 3765 4961 quod

2203 4988 2303 5059 ipsi
2334 5002 2517 5042 verum
2547 4987 2828 5043 intendere
2856 4985 3188 5057 dirigantur;
3233 4986 3330 5042 sed
3369 4987 3518 5057 quod
3552 4986 3765 5041 Dominus

2200 5079 2470 5135 convertit
2496 5077 2683 5134 oculos
2714 5086 2929 5134 nostros
2950 5121 2965 5145 ,
3008 5076 3065 5132 in
3105 5077 3260 5148 cujus
3285 5078 3541 5133 manibus
3562 5091 3677 5132 esse
3696 5074 3763 5129 de

2200 5169 2438 5248 bebunt;
2471 5181 2524 5227 et
2554 5171 2678 5243 quia
2711 5172 2763 5227 in
2792 5170 2912 5243 ejus
2941 5178 3207 5242 potestate
3231 5158 3463 5238 sit,'ubi
3491 5172 3683 5244 aperiat
3707 5167 3763 5222 ti~

2198 5279 2317 5320 sum
2350 5272 2595 5320 nostrum
2617 5308 2633 5334 ,
2661 5265 2750 5321 ubi
2778 5266 3010 5323 claudat.
3763 5276 3773 5287 ‘

2271 5357 2326 5415 8.
2369 5354 2525 5429 Quod
2564 5359 2608 5413 si
2635 5359 2755 5430 quis
2797 5359 2862 5414 ad
2905 5356 3008 5414 hoc
3036 5358 3305 5431 refugium
3336 5357 3436 5415 Dei
3469 5372 3575 5414 non
3611 5365 3761 5426 sponte

2198 5451 2453 5517 accedat,
2486 5451 2759 5507 discamus
2776 5451 3049 5524 quomodo
3071 5452 3231 5508 talem
3254 5453 3484 5524 castigat
3505 5451 3757 5523 propheta.

2199 5544 2282 5599 cui
2313 5554 2622 5614 comparet,
2659 5545 2785 5615 quid
2819 5544 3118 5615 prohibeat.
3151 5542 3367 5611 Nolite,
3397 5547 3602 5617 inquit,
3626 5542 3758 5597 Vens.

2200 5638 2256 5703 9,
2284 5638 2400 5707 ﬁeri
2427 5639 2557 5694 sicut
2579 5654 2737 5710 equus
2763 5651 2812 5696 et
2832 5638 3027 5704 mutus,
3056 5641 3242 5710 quibus
3262 5656 3369 5696 non
3393 5650 3471 5697 est
3493 5639 3757 5695 intellectu

2203 5730 2375 5788 Homo
2414 5732 2557 5790 enim
2599 5733 2766 5790 verbo
2795 5734 3131 5806 obsequitur,
3160 5741 3215 5790 et
3242 5735 3311 5790 ad
3343 5748 3530 5790 vocem
3559 5728 3755 5788 unum~

2202 5823 2273 5882 At
2303 5840 2431 5885 vero
2455 5826 2651 5899 quibus
2676 5827 2778 5884 dici
2807 5837 3018 5899 potest:
3042 5826 3269 5896 (interibi
3296 5840 3347 5886 et
3371 5846 3476 5887 non
3501 5828 3601 5900 fuit
3626 5827 3758 5891 Mt
