4046 6340
560 319 668 380 903

1751 316 2002 378 SANCTI
2039 316 2299 377 HILARII
2341 318 2648 380 EPISCOPI

3691 331 3777 391 90!

557 437 840 506 Quomodo
877 450 1006 510 ergo
1029 435 1150 494 ideo
1173 434 1406 510 projecit
1428 442 1482 492 et
1507 433 1760 508 perdidit,
1788 438 1911 508 quia
1958 437 2150 492 transi-
2175 439 2225 501 Α
2257 448 2343 494 ιιιι·
2369 439 2422 496 ἱιι
2453 448 2653 497 terram
2682 416 2954 510 Iordanis,
2987 439 3199 500 initium
3236 443 3560 515 repromissae
3589 445 3776 508 lia-redi-

558 542 711 588 turus
751 541 896 588 esset
936 533 986 586 in
1026 532 1204 588 locum
1245 531 1574 587 tabernaculi
1615 545 1786 601 usque
1825 529 1889 585 ad
1934 529 2152 584 domum

560 624 694 680 Dei?
723 625 821 680 nisi
850 624 984 681 forte
1009 623 1352 680 manifcsmm
1383 624 1509 680 facit
1537 633 1866 693 praeceptum
1901 623 2029 688 Dei,
2059 622 2154 694 qui

555 717 630 772 ait
650 717 926 787 discipulis
947 717 1084 773 suis:
1113 718 1428 790 Quicumque
1447 716 1714 773 salvaverit
1739 718 1965 771 animam
1987 733 2153 782 suam,

555 812 731 883 perdet
753 813 921 880 illam;
938 823 984 867 et
1003 815 1305 884 quicumque
1327 812 1624 880 perdiderit,
1653 810 1848 866 salvam
1871 811 2021 882 faciet
2046 825 2156 866 eam

556 902 707 977 (Luc.
752 921 859 960 xvu
877 947 890 971 ,
915 906 1026 978 55).
1059 907 1122 961 Ει
1145 921 1337 961 revera
1364 903 1610 960 ordinem
1636 904 1836 960 tenuit:
1867 918 1986 957 cum
2011 902 2156 957 enim

557 1000 877 1069 praelocutus
915 997 982 1055 de
1019 998 1449 1055 tribulationibus
1475 997 1693 1063 fuisset,
1721 996 1973 1067 quoniam
2004 994 2158 1051 facta:

555 1104 739 1152 essent
767 1094 1020 1168 lacrymae
1048 1093 1167 1164 ejus
1195 1093 1347 1164 panis
1375 1092 1464 1149 die
1493 1107 1558 1148 ac
1583 1100 1774 1159 nocte,
1805 1089 1933 1146 dum
1962 1089 2159 1144 dicitur

555 1190 605 1246 ei
636 1189 892 1260 quotidie,
931 1187 1030 1244 Ubi
1055 1197 1127 1244 est
1154 1185 1295 1242 Deus
1323 1184 1478 1240 tuus?
1507 1184 1634 1240 Haec
1654 1226 1670 1252 ,
1699 1183 1893 1254 inquit,
1923 1181 2157 1249 memini,

556 1296 604 1340 et
623 1284 784 1353 effudi
805 1285 859 1339 in
883 1301 962 1339 me
985 1284 1211 1338 animam
1232 1297 1429 1337 meam:
1452 1281 1503 1336 in
1528 1294 1634 1352 quo
1657 1294 1762 1334 non
1793 1277 1934 1331 aliud
1958 1276 2161 1331 dixisse

558 1377 936 1449 intelligendus
975 1386 1089 1445 est,
1131 1391 1291 1447 quam
1335 1373 1537 1446 projeci
1581 1381 1636 1429 et
1677 1370 1884 1443 perdidi
1915 1380 1969 1427 et
1999 1369 2157 1424 vilem

558 1471 739 1529 habui.
760 1470 1041 1539 Quomodo
1054 1485 1184 1542 ergo
1209 1469 1443 1524 animam
1466 1468 1578 1524 Deo
1603 1466 1854 1537 projecit?
1879 1464 1994 1521 Scit
2016 1463 2158 1518 enim

553 1565 733 1637 justus
752 1605 768 1630 ,
793 1565 1043 1637 quotiens
1063 1562 1458 1633 superveniunt
1485 1560 1862 1615 tribulationes
1891 1567 1946 1612 et
1972 1570 2160 1628 perse-

555 1659 802 1716 cutiones
823 1669 875 1715 et
897 1656 1220 1729 impr0peria
1245 1661 1462 1725 pr0pter
1484 1668 1678 1708 nomen
1702 1651 1818 1717 Dei,
1835 1649 2161 1721 perdendam

557 1769 678 1811 esse
708 1764 762 1810 et
792 1751 1176 1824 projiciendam
1203 1759 1258 1806 et
1284 1747 1443 1804 vilem
1475 1745 1775 1802 habendam
1806 1745 2074 1809 animam,
2104 1749 2164 1795 ut

555 1847 703 1905 salva
732 1848 824 1902 ﬁat
848 1846 902 1901 in
928 1845 1016 1901 die
1043 1843 1281 1910 Domini;
1307 1841 1533 1912 ideoque
1572 1848 1627 1896 et
1667 1839 1753 1894 hic
1773 1836 2158 1909 signiﬁcanter,

562 1957 666 1998 non
696 1941 818 1996 ideo
844 1955 903 1995 se
928 1937 1132 1994 fudisse
1156 1936 1387 1992 animam
1415 1949 1567 1990 suam
1603 1931 1871 1995 ostendit,
1916 1929 2040 2000 quia
2067 1928 2162 1984 de-

559 2034 858 2105 speraverit
880 2031 948 2088 de
973 2045 1070 2103 spe
1095 2031 1217 2085 vita:
1247 2029 1455 2091 futurae;
1487 2026 1581 2082 sed
1611 2024 1733 2080 ideo
1763 2021 2019 2079 effudisse
2046 2021 2162 2076 ani-

560 2142 702 2182 mam
720 2168 735 2194 ,
758 2125 881 2198 quia
907 2125 1228 2180 transiturus
1247 2130 1390 2178 esset
1409 2121 1460 2174 in
1483 2119 1603 2174 loco
1632 2115 1959 2172 tabernaculi
1985 2113 2156 2168 admi-

559 2219 744 2276 rabilis
781 2233 950 2289 usque
989 2215 1056 2272 ad
1095 2215 1311 2271 domum
1354 2212 1467 2268 Dei.
1509 2210 1660 2278 Docti
1703 2208 1862 2280 igitur
1892 2207 1994 2261 hoc
2023 2204 2163 2276 psal-

563 2326 687 2379 mo,
715 2312 962 2383 quotiens
1001 2317 1354 2380 persequetur
1391 2305 1639 2361 inimicus
1678 2314 1734 2358 et
1775 2299 2165 2371 improperabit

562 2408 718 2464 nobis
748 2421 942 2464 nomen
969 2403 1216 2470 Domini,
1242 2400 1582 2458 eﬁ'undamus
1606 2399 1655 2455 ei
1680 2397 1888 2452 animas
1927 2401 2159 2459 nostras,

561 2503 788 2574 perdere
827 2515 951 2569 eas,
995 2499 1199 2571 parati,
1241 2505 1296 2552 ut
1336 2495 1511 2550 salvas
1556 2492 1818 2548 faciamus
1862 2489 2011 2544 illas:
2056 2503 2162 2542 non

563 2597 685 2654 ideo
725 2595 1063 2653 effundentes
1103 2608 1232 2661 eas,
1283 2592 1434 2664 quasi
1470 2591 1820 2662 desperemus
1859 2587 1928 2642 de
1970 2582 2164 2640 ﬁducia

561 2689 812 2762 adjutorii
857 2689 982 2754 Dei;
1024 2687 1120 2743 sed
1160 2686 1282 2741 ideo
1327 2685 1449 2756 quia
1489 2683 1622 2739 certi
1653 2681 1824 2736 simus
1862 2674 2166 2733 reddendas

564 2783 686 2840 illas
713 2799 834 2840 esse
862 2783 1051 2850 nobis,
1093 2791 1148 2838 et
1187 2779 1512 2836 transituros
1550 2791 1650 2832 nos
1689 2789 1811 2832 esse
1853 2773 1908 2828 in
1939 2772 2057 2828 loco
2087 2777 2166 2824 ta-
2203 2766 2210 2770 ’

566 2875 839 2932 bernaculi
868 2873 1200 2930 admirabilis
1231 2886 1398 2942 usque
1426 2869 1490 2926 ad
1519 2868 1740 2924 domum
1768 2864 1884 2921 Dei.

635 2969 688 3024 5.
729 2968 984 3038 Quisquis
1012 2975 1190 3021 autem
1223 2964 1310 3019 hic
1340 2964 1492 3018 locus
1520 2961 1592 3017 sit
1619 2954 1954 3015 admirabilis
1986 2952 2166 3008 taber-

564 3062 772 3127 naculi,
817 3061 872 3115 in
911 3073 1019 3131 quo
1059 3057 1315 3112 transitus
1344 3055 1445 3110 erit
1473 3068 1641 3124 usque
1670 3051 1736 3106 ad
1765 3050 1984 3105 domum
2027 3045 2159 3111 Dei,

556 3154 668 3225 jam
717 3153 804 3209 hic
843 3153 1174 3224 interrogare
1224 3148 1560 3220 incipiamus.
1605 3143 1663 3200 In
1709 3141 1980 3198 veteribus
2016 3136 2168 3194 libris

560 3247 860 3304 invenimus
891 3244 1293 3300 tabernaculum
1321 3257 1350 3297 a
1383 3241 1566 3313 Moyse
1595 3237 1794 3321 factum
1827 3235 1936 3291 Deo
1966 3231 2126 3288 Israel
2147 3265 2164 3295 ,

560 3341 615 3398 in
643 3355 749 3412 quo
777 3355 898 3394 arca
925 3337 1232 3394 testamenti
1264 3335 1550 3391 tenebatur
1580 3330 1780 3401 (Exod.
1810 3343 1939 3384 xxvr
1959 3368 1974 3396 ,
2001 3323 2078 3399 1),
2111 3332 2166 3379 et

559 3432 614 3488 in
644 3433 745 3488 hoc
765 3433 942 3487 omnia
965 3431 1232 3488 celebrata
1263 3428 1538 3500 mysteria,
1562 3434 1615 3480 et
1637 3425 1723 3479 hic
1744 3438 1837 3478 eos
1866 3422 2016 3492 prius
2041 3419 2164 3473 hos-

562 3529 664 3583 tias
709 3525 998 3583 offerentes
1023 3523 1336 3595 apparuisse
1359 3528 1486 3574 ante
1511 3517 1701 3574 faciem
1731 3515 1856 3582 Dei",
1885 3524 2164 3582 usquequo

564 3637 659 3693 per
701 3620 1043 3678 Salomoncm
1087 3616 1347 3674 aediﬁcata
1394 3621 1478 3669 est
1523 3611 1716 3666 domus
1759 3607 1884 3672 Dei,
1915 3602 2165 3660 transivit

561 3731 686 3772 arca
725 3730 794 3772 ex
838 3710 1182 3768 tabernaculo
1218 3707 1438 3780 pellium
1484 3706 1536 3760 in
1582 3701 1837 3773 templum
1891 3696 2162 3769 lapidibus

565 3810 922 3866 instructum:
952 3802 1047 3860 sed
1080 3800 1209 3857 illud
1239 3796 1644 3855 tabernaculum
1672 3791 1816 3864 quod
1853 3790 1909 3846 in
1947 3789 2164 3845 deserto

560 3903 766 3970 fuerat,
797 3909 853 3957 et
879 3897 984 3955 illa:
1014 3895 1184 3970 pelles
1209 3908 1334 3965 qua:
1355 3900 1479 3946 ante
1507 3895 1644 3944 tecta
1677 3883 1858 3956 templi
1883 3880 2164 3952 cooperie-

561 3998 721 4064 bant,
780 3991 1080 4049 ministerio
1127 3984 1476 4045 admirabiles
1526 3980 1763 4036 fuerunt.
1819 3976 2059 4048 Denique
2107 3974 2161 4030 in

561 4089 798 4148 Canticis
823 4086 1157 4144 canticorum
1190 4083 1338 4137 initia
1371 4094 1467 4136 sua
1495 4090 1691 4148 sponsa
1718 4072 2028 4144 sicJaudat:
2063 4068 2164 4124 Ni-

560 4203 654 4259 gra
693 4201 806 4239 sum
844 4193 889 4238 et
915 4181 1081 4247 bona,
1123 4179 1248 4250 ﬁlia:
1269 4172 1577 4235 Jerusalem,
1607 4170 1736 4225 sicut
1775 4164 2162 4220 tabernaculum

561 4256 750 4343 Cedar,
789 4277 922 4330 sicut
960 4273 1116 4345 pelles
1155 4268 1450 4327 Salomonis
1489 4260 1662 4336 (Cant.
1695 4276 1742 4326 ι,
1766 4258 1845 4330 4).
1876 4259 1944 4314 Et
1971 4257 2024 4312 in
2054 4256 2160 4312 alio

561 4374 770 4444 psalmo
813 4369 976 4426 David
1020 4369 1144 4424 licet
1188 4365 1240 4420 in
1287 4363 1421 4417 atria
1459 4357 1669 4414 Domini
1713 4353 2157 4424 concupisceret;

562 4463 746 4520 laudat
775 4472 951 4519 tamen
992 4472 1047 4518 et
1091 4455 1434 4515 tabernacula
1463 4452 1579 4522 ejus
1609 4450 1825 4505 dicens:
1864 4447 2028 4515 Quam
2067 4444 2162 4499 ad-

563 4556 840 4624 mirabilia,
855 4555 1044 4626 inquit,
1066 4551 1306 4617 Domine,
1321 4543 1632 4616 concupiscit
1644 4541 1814 4596 anima
1834 4556 1945 4593 mea
1963 4539 2014 4591 in
2029 4537 2159 4590 atria

2259 534 2407 600 tatis,
2436 534 2739 591 debelletnr
2768 536 2946 591 omnis
2972 535 3309 592 Chananteus
3338 539 3516 594 hostis.

2330 624 2383 681 6.
2424 625 2482 682 ld
2520 637 2700 684 autem
2739 629 2964 685 interest
3000 629 3142 685 inter
3167 629 3472 702 dignitatem
3510 631 3778 691 tabernaculi

2257 729 2311 776 et
2336 720 2532 778 domus
2555 764 2570 790 ,
2598 723 2741 796 quod
2771 724 2825 780 in
2855 724 3201 780 tabernaculo
3229 741 3336 781 non
3364 740 3565 797 semper
3591 728 3778 798 degitur;

2257 824 2314 870 at
2339 830 2471 870 vero
2501 815 2554 870 in
2585 815 2747 872 domo
2777 831 3018 888 semper,
3058 818 3200 874 sicut
3239 818 3294 874 in
3335 819 3700 875 ascensionibus
3728 821 3783 875 si-

2257 908 2474 978 gnificat
2504 908 2670 963 David
2701 909 2923 966 dicens:
2956 910 3218 975 Quoniam
3245 911 3390 982 elegit
3426 908 3648 966 Dominus
3669 911 3783 979 Sion,

2259 1003 2621 1071 complacitam
2661 1002 2837 1056 habuit
2877 1003 3305 1059 inhabitationem
3342 1003 3472 1056 sibi:
3510 1003 3605 1057 hac
3636 1006 3786 1074 requies

2259 1114 2371 1152 mea
2400 1098 2453 1151 in
2484 1097 2727 1152 saxulum
2757 1098 2933 1152 saeculi
2963 1096 3137 1170 (Psal.
3165 1111 3358 1164 cum,
3391 1097 3506 1167 13).
3537 1097 3598 1152 At
3622 1111 3726 1152 vero
3746 1097 3785 1154 in

2264 1188 2614 1243 tabernaculo
2637 1203 2742 1243 non
2767 1187 2930 1244 habet
2950 1188 3194 1260 requiem
3219 1205 3232 1243 :
3263 1187 3574 1243 movendum
3593 1195 3663 1243 est
3681 1189 3787 1243 enim

2262 1283 2317 1337 in
2348 1293 2592 1353 tempore
2621 1282 2786 1350 belli,
2820 1282 2872 1337 in
2903 1297 3013 1353 quo
3051 1291 3106 1338 et
3149 1281 3441 1337 recedebat
3478 1279 3631 1336 nubes
3662 1280 3716 1335 ab
3743 1294 3791 1337 eo

2266 1393 2388 1448 qua:
2419 1376 2756 1447 signiﬁcabat
2784 1377 3129 1449 praesentiam
3164 1377 3295 1432 Dei:
3327 1391 3445 1448 qua:
3470 1386 3605 1433 recte
3622 1391 3791 1446 compa-

2263 1471 2471 1526 rabitur
2497 1469 2794 1527 similitudo
2825 1471 3003 1538 nobis,
3025 1469 3281 1542 quamdiu
3311 1469 3365 1525 in
3395 1468 3491 1524 hoc
3512 1483 3707 1540 corpore
3728 1482 3795 1540 pe-

2265 1565 2624 1636 regrinamur,
2666 1565 2718 1620 in
2761 1563 2863 1620 hac
2906 1565 3312 1636 :equanimitate
3357 1564 3619 1619 vincamus
3661 1563 3795 1618 omnia

2263 1659 2390 1714 vitia
2421 1659 2539 1730 ejus
2560 1700 2575 1725 ,
2608 1667 2667 1714 ut
2696 1660 2875 1716 nullus
2907 1658 3080 1715 hostis
3107 1661 3296 1714 vivens
3337 1665 3430 1714 aut
3471 1658 3638 1729 vigens
3671 1656 3796 1713 relin-

2263 1762 2478 1821 quatur.
2507 1752 2756 1810 Visitabit
2777 1754 2922 1810 enim
2947 1767 3047 1808 nos
3068 1754 3231 1810 etiam
3256 1752 3310 1808 in
3336 1751 3659 1808 tabernaculo
3677 1750 3796 1818 Deus,

2193 1834 2241 1897 B
2267 1855 2322 1901 et
2349 1846 2401 1900 in
2429 1855 2675 1917 tempore
2701 1847 2934 1917 quietis:
2960 1857 3015 1903 at
3040 1846 3131 1902 ubi
3153 1856 3342 1904 exorta
3367 1846 3520 1903 fuerit
3544 1861 3694 1918 pugna
3710 1861 3798 1902 cum

2261 1939 2444 2008 vitiis,
2487 1941 2964 2012 constringendam
3009 1951 3094 1998 est
3137 1941 3541 1998 tabernaculum
3579 1950 3796 2006 nostrum,

2264 2045 2315 2090 et
2346 2033 2412 2088 ad
2441 2033 2842 2106 expeditionem
2886 2034 3011 2090 belli
3045 2034 3498 2106 praeparandum;
3531 2048 3621 2090 nec
3654 2032 3802 2104 poterit

2263 2127 2493 2197 expandi
2515 2168 2532 2196 ,
2575 2142 2674 2182 nec
2711 2127 2971 2184 delectari
3005 2129 3054 2182 in
3088 2128 3332 2199 requiem
3366 2128 3461 2183 Dei
3492 2136 3705 2197 tempore
3727 2139 3802 2196 quo

2277 2221 2367 2276 fiet
2398 2219 2765 2291 interpellatio
2795 2221 3083 2276 vitiorum:
3112 2230 3165 2276 et
3195 2220 3471 2293 praecedet
3496 2229 3546 2277 te
3573 2219 3694 2276 Deus
3713 2218 3802 2290 qui-

2269 2315 2391 2371 dem
2431 2315 2484 2369 in
2527 2329 2702 2386 pugna
2727 2355 2742 2381 ,
2786 2322 2844 2370 ut
2881 2314 2928 2369 si
2968 2314 3339 2371 ambulaveris
3369 2325 3487 2384 post
3521 2329 3664 2380 eum,
3690 2311 3804 2368 facile

2266 2409 2450 2463 vincas
2482 2406 2666 2462 hostes
2697 2414 2841 2466 tuos.
2871 2405 3120 2462 habitare
3145 2417 3330 2463 autem
3355 2407 3447 2462 illo
3469 2413 3686 2477 tempore.
3703 2405 3744 2460 in
3763 2413 3801 2459 te

2266 2515 2373 2554 non
2414 2507 2611 2569 potest.
2640 2497 2824 2570 Itaque
2861 2496 2988 2554 licet
3011 2499 3231 2564 vincas,
3264 2499 3395 2555 licet
3423 2513 3688 2568 exsuperes
3710 2495 3804 2550 vitia

2265 2592 2444 2646 carnis
2463 2633 2478 2658 ,
2509 2606 2576 2648 ex
2609 2590 2723 2661 ipsa
2753 2599 2932 2646 tamen
2961 2589 3368 2648 conflictatione
3394 2591 3702 2648 contaminas
3724 2603 3805 2644 ma-

2266 2701 2368 2741 nus
2408 2695 2526 2740 tuas
2566 2685 2618 2739 in
2661 2685 2922 2755 sanguine
2963 2694 3074 2740 tuo.
3120 2685 3231 2741 Nec
3275 2685 3506 2742 idoneus
3545 2685 3708 2741 crisin
3733 2684 3806 2738 hoc

2269 2788 2514 2848 tempore
2543 2776 2814 2832 aedificare
2844 2776 3066 2832 domum
3098 2777 3352 2844 Domini,
3383 2781 3516 2834 sicut
3553 2775 3806 2847 reprobatut

2270 2870 2437 2925 David
2481 2870 2571 2942 qui
2617 2878 2872 2940 operatus
2919 2877 3066 2925 esset
3113 2870 3167 2924 in
3213 2871 3496 2941 sanguine.
3544 2869 3630 2925 llle
3669 2876 3805 2923 autem

2268 2964 2499 3019 aediﬁcat
2540 2962 2759 3018 domum
2809 2961 3023 3017 Domini
3067 2961 3158 3033 qui
3191 2962 3361 3018 intrat
3390 2967 3440 3017 in
3473 2963 3716 3034 requiem,
3740 2955 3806 3031 qui

2271 3056 2435 3110 nullis
2472 3054 2805 3125 inquietatur
2832 3053 3014 3120 vitiis,
3047 3053 3133 3110 cui
3173 3055 3356 3112 omnis
3395 3054 3560 3110 hostis
3595 3055 3806 3111 extinctus

2270 3157 2353 3206 est
2373 3191 2388 3215 ,
2417 3149 2506 3219 qui
2537 3147 2710 3218 possit
2737 3147 2952 3203 dicere:
2984 3145 3120 3202 Milli
3147 3157 3318 3203 autem
3351 3148 3567 3202 mundus
3589 3145 3806 3214 cruciﬁxus

2194 3228 2239 3292 C
2273 3254 2344 3297 est
2371 3252 2418 3298 et
2443 3258 2537 3313 ego
2564 3241 2754 3296 mundo
2778 3239 2920 3313 (Gal.
2945 3257 2996 3298 Vl
3015 3283 3031 3310 ,
3060 3242 3186 3313 M);
3213 3243 3355 3314 apud
3381 3258 3535 3316 quem
3561 3241 3720 3297 omnia
3738 3253 3806 3294 re-

2268 3341 2380 3389 tera
2410 3335 2771 3401 transierunt,
2807 3349 2946 3389 nova
2979 3333 3117 3391 facta
3145 3347 3300 3402 sunt,
3337 3336 3496 3408 quale
3523 3331 3806 3408 rcgnumSa-

2265 3425 2499 3483 lomonis
2540 3427 2592 3481 in
2635 3427 2858 3498 ﬁguram
2904 3428 3074 3484 nostri
3123 3429 3378 3485 refertur.
3418 3429 3524 3487 Sed
3556 3431 3596 3484 si
3623 3430 3668 3485 in
3690 3425 3808 3497 hujus

2265 3521 2389 3575 vita:
2419 3535 2581 3576 cursu
2608 3535 2771 3576 nemo
2798 3530 2907 3576 tam
2939 3521 3213 3592 perfectus
3240 3522 3566 3589 inveniatur,
3591 3523 3667 3594 qui
3692 3532 3806 3574 mun-

2265 3613 2366 3669 dus
2393 3614 2460 3668 ab
2483 3614 2630 3668 omni
2663 3613 3104 3684 interpellatione
3129 3615 3338 3686 peccati
3372 3617 3646 3688 pervenire
3673 3615 3714 3668 ia
3737 3609 3810 3666 do-

2265 3723 2411 3762 mum
2453 3707 2547 3762 Dei
2591 3708 2796 3778 possit:
2847 3715 3036 3778 potero
3063 3717 3243 3762 tamen
3278 3709 3351 3762 ita
3385 3709 3595 3774 dicere,
3620 3703 3807 3778 quoniam

2265 3801 2488 3856 transibo
2517 3801 2572 3855 in
2605 3800 2771 3856 locum
2801 3801 3119 3856 tabernaculi
3145 3819 3302 3873 usque
3325 3804 3399 3858 ad
3425 3803 3624 3859 domum
3646 3799 3745 3854 Dei:
3767 3793 3810 3850 id

2263 3904 2348 3950 est
2388 3895 2439 3949 in
2484 3893 2584 3950 hac
2621 3898 2728 3950 vita
2758 3895 3046 3966 praesenti,
3083 3906 3136 3951 ut
3168 3897 3408 3967 quandiu
3453 3897 3505 3953 in
3537 3897 3631 3952 hoc
3656 3889 3809 3949 mundo

2264 4002 2418 4053 sum,
2463 3988 2513 4042 in
2557 3988 2732 4043 locum
2777 3995 3052 4046 transeam
3095 3989 3468 4058 tabernaculi;
3507 3991 3686 4062 quippe
3718 3999 3810 4042 cum

2265 4079 2505 4150 quotidie
2538 4094 2714 4150 pugna
2743 4088 2932 4135 contra
2963 4094 3182 4136 carnem
3214 4091 3269 4136 et
3295 4082 3639 4154 sanguinem,
3665 4086 3812 4134 contra

2263 4171 2562 4244 spiritualia
2587 4172 2839 4244 nequitia:
2863 4173 3097 4244 gerenda
3124 4173 3216 4228 sit.
3243 4175 3314 4229 At
3341 4189 3467 4230 cum
3495 4173 3706 4230 resoluta
3727 4169 3813 4223 fue-

2264 4267 2335 4322 rit
2357 4265 2675 4322 inhabitatio
2698 4266 3031 4344 tabernaculi
3057 4267 3244 4339 hujus,
3277 4267 3423 4324 sicut
3449 4266 3713 4339 Apostolus
3731 4262 3810 4328 ait,

2263 4368 2318 4414 et
2359 4360 2609 4428 accipere
2652 4357 2873 4414 domum
2919 4373 3030 4414 non
3069 4359 3322 4416 manibus
3369 4359 3702 4424 fabricatam,
3741 4351 3813 4410 sed

2262 4464 2520 4510 mtcrnam
2553 4454 2604 4508 in
2634 4453 2821 4518 cmlis‘,
2857 4466 2981 4508 cum
3011 4453 3452 4524 transﬁguratum
3483 4453 3634 4510 fuerit
3657 4459 3813 4519 corpus

2265 4547 2583 4604 humilitatis
2609 4557 2808 4603 nostra:
2835 4546 2888 4601 in
2917 4545 3327 4604 similitudinem
3353 4547 3597 4619 corporis
3622 4544 3702 4600 ﬁlii
3724 4539 3812 4597 Dei:

492 4720 496 4725 .
565 4651 778 4707 Domini
790 4649 960 4722 (l'sal.
988 4637 1318 4715 ιιχιιιι,2).
1340 4642 1434 4697 Est
1454 4639 1594 4694 enim
1610 4635 1823 4708 quidem
1845 4631 2163 4725 admirabile
2190 4630 2240 4691 D
2269 4650 2393 4696 tunc
2434 4641 2742 4712 perveniam
2785 4639 2838 4695 in
2867 4637 3087 4694 domum
3120 4639 3251 4706 Dei,
3283 4654 3394 4712 quo
3423 4649 3656 4710 tempore
3680 4630 3814 4707 posSil

567 4742 971 4802 tabernaculum
1019 4740 1145 4804 Dei;
1177 4736 1271 4794 sed
1303 4733 1472 4804 magis
1513 4724 1939 4798 concupiscenda
1969 4723 2160 4780 domus

563 4836 680 4894 Dei.
715 4835 956 4905 Denique
985 4841 1036 4887 et
1065 4831 1180 4900 ipse
1205 4825 1368 4882 David
1398 4822 1621 4894 paciflco
1643 4820 1755 4890 jam
1781 4832 1948 4889 regno
1971 4814 2158 4881 Israel,

563 4947 686 4990 cum
729 4943 855 4984 arca
906 4925 1000 4982 Dei
1041 4923 1094 4978 in
1150 4921 1320 4993 Sylon
1366 4916 1468 4973 sub
1510 4913 1735 4985 pedibus
1792 4910 1859 4982 (ι’.
1899 4908 2157 4982 pellibus)

563 5020 897 5082 tabernaculi
944 5023 1292 5079 moraretur,
1355 5005 1688 5077 concupiscit
1737 5004 2003 5059 aediﬁcare
2055 5001 2153 5057 do.

561 5137 708 5178 mum
771 5119 885 5175 Dei.
951 5113 1058 5172 Sed
1113 5107 1242 5183 quid
1294 5105 1373 5162 illi
1427 5105 1503 5159 ait
1550 5099 1848 5173 prepheta?
1880 5097 2005 5153 Non
2031 5096 2157 5151 mihi

562 5211 842 5286 aediﬁcabis
897 5209 1106 5264 domum
1161 5200 1247 5276 (ιι
1305 5199 1437 5269 Reg.
1473 5211 1577 5286 vn,
1611 5193 1666 5264 7)
1711 5210 1724 5246 :
1775 5199 2016 5286 non-est
2041 5203 2156 5243 om-

563 5280 712 5362 nium
767 5303 1038 5359 aedificare
1084 5296 1302 5352 domum
1360 5289 1476 5344 Dei.
1537 5285 1723 5356 ltaquc
1759 5281 1913 5354 quasi
1938 5280 2008 5337 ad
2039 5294 2155 5334 ma-

553 5400 706 5474 jores
770 5395 1150 5459 ascensiones,
1239 5385 1499 5443 transitus
1563 5379 1719 5436 nobis
1793 5389 1876 5434 est
1942 5376 2147 5432 facien-

557 5468 658 5552 dus
702 5492 756 5548 in
805 5491 924 5546 loco
957 5481 1328 5550 tabernaculi,
1368 5485 1429 5534 ut
1468 5473 1844 5547 perveniamus
1881 5485 2050 5541 usque
2089 5468 2156 5524 ad

557 5589 777 5646 domum
810 5583 927 5640 Dei.
961 5581 1031 5638 Et
1059 5581 1414 5635 admonemur
1439 5571 1509 5628 de
1537 5567 1789 5638 exemplo
1818 5565 2151 5629 Jerusalem,

557 5682 681 5752 quia
713 5695 821 5736 non
847 5676 997 5750 prius
1026 5673 1324 5730 aediﬁcatur
1351 5668 1545 5726 domus
1573 5663 1824 5730 Domini,
1855 5662 1958 5718 nisi
2000 5659 2155 5716 hoste

560 5770 704 5827 victo
732 5780 893 5840 atque
918 5774 1174 5838 peccato:
1205 5763 1302 5822 sed
1345 5771 1526 5818 tamen
1567 5754 1773 5812 tamdiu
1812 5755 1868 5809 in
1907 5753 2157 5809 taberna-

563 5864 684 5919 culo
710 5880 915 5927 sumus,
937 5873 1212 5932 quousque
1239 5857 1513 5918 desertum
1544 5855 1869 5916 transeatur,
1897 5855 1955 5905 et
1992 5847 2157 5904 intre-

2266 4732 2320 4788 in
2362 4743 2623 4787 :ctcrnum
2657 4731 2899 4787 habitare
2930 4731 2984 4786 in
3016 4746 3137 4800 me;
3166 4740 3224 4789 et
3254 4740 3404 4790 recte
3443 4731 3690 4802 psallam,
3716 4740 3815 4799 quo-

2267 4825 2407 4879 niam
2448 4824 2673 4879 transibo
2712 4823 2766 4878 in
2805 4823 2972 4879 locum
3009 4824 3325 4880 tabernaculi
3365 4822 3674 4879 admirabilis
3693 4831 3816 4890 usqu

2267 4917 2336 4971 ad
2364 4916 2572 4971 domum
2604 4914 2721 4969 Dei.

2338 5012 2390 5067 7.
2419 5009 2531 5066 Erit
2553 5019 2731 5066 autem
2755 5007 2840 5066 hic
2861 5011 3123 5067 transitus
3162 5026 3321 5069 meus
3351 5014 3406 5069 in
3445 5030 3565 5070 voce
3583 5007 3813 5069 exultatio.

2257 5107 2338 5162 nis
2359 5118 2405 5162 et
2429 5106 2786 5178 confessionis,
2813 5121 2969 5160 sonus
2992 5105 3280 5177 epulantis.
3308 5106 3422 5165 Nec
3451 5109 3638 5165 mirum
3665 5113 3810 5161 autem

2257 5200 2300 5254 si
2325 5200 2515 5255 umbra
2532 5199 2834 5256 futurorum
2865 5199 3132 5255 bonorum
3164 5199 3352 5258 habuit
3379 5201 3662 5274 imaginem
3686 5197 3814 5266 hujus

2253 5291 2624 5363 jncuuditatis,
2648 5292 2737 5349 vel
2759 5307 2880 5347 cum
2900 5291 3069 5348 David
3099 5291 3431 5351 transferens
3460 5309 3633 5351 arcam
3655 5290 3736 5347 Dei
3760 5286 3814 5343 de

2264 5385 2608 5442 tabernaculo
2635 5383 3066 5457 Sylon,intrabat
3092 5385 3145 5441 in
3167 5384 3465 5444 Jerusalem
3484 5403 3603 5444 cum
3618 5386 3762 5442 choro
3774 5384 3816 5435 et

2266 5479 2530 5551 tympanis
2556 5478 2696 5534 diem
2726 5477 2919 5534 festum
2948 5492 3134 5550 agens,
3163 5478 3252 5535 vel
3280 5494 3400 5536 cum
3428 5479 3676 5538 Salomon
3713 5471 3817 5529 a-di-

2264 5567 2636 5640 ﬁcatotemplo
2660 5568 2839 5625 intulit
2859 5584 3018 5625 omne
3041 5569 3396 5627 ministerium
3425 5571 3480 5626 in
3512 5571 3670 5626 multa
3695 5561 3817 5622 exul-

2263 5661 2465 5717 tatione
2515 5662 2844 5718 cantantium
2888 5670 2943 5718 et
2971 5661 3311 5734 psallentium
3337 5662 3467 5719 Deo.
3500 5662 3609 5720 Nec
3635 5662 3816 5717 mirum.

2262 5754 2502 5826 inquam,
2530 5769 2652 5810 cum
2667 5754 3037 5828 unusquisque
3049 5765 3294 5812 nostrum
3321 5755 3709 5813 tabernaculum
3736 5751 3816 5804 hoc

2261 5846 2504 5917 corporis
2526 5844 2610 5903 sui
2635 5844 2989 5903 commutabit
3015 5845 3070 5904 in
3095 5845 3244 5904 illam
3284 5845 3508 5906 domum
3556 5862 3661 5905 non
3683 5851 3818 5903 malm
