4046 6340
229 319 339 380 905

1369 323 1789 386 TRACTATUS
1829 325 1918 386 DE
1956 327 2234 389 PSALMO
2273 330 2410 390 XLI.

3351 341 3530 412 E906

233 423 430 493 factam
460 475 476 503 ,
501 435 596 494 sed
623 441 880 496 mternam
916 435 971 495 in
993 439 1145 497 caelis
1171 483 1187 510 ,
1219 440 1265 498 si
1291 441 1396 499 erit
1424 441 1684 498 transitus
1711 444 1828 514 ejus
1856 447 1909 508 Α
1933 448 2316 506 commendare
2343 449 2512 506 voluit
2539 449 2804 524 Propheta
2823 493 2839 520 ,
2872 451 2945 510 ibi
2973 459 3174 512 terram
3196 453 3449 516 Jordanis
3477 471 3534 518 et

233 525 289 584 in
321 543 452 585 voce
479 531 826 587 exultationis
866 541 921 588 et
961 532 1317 590 confessionis
1347 549 1512 590 sonus
1541 535 1828 606 epulantis.

304 619 359 675 8.
385 619 534 676 Hanc
556 621 718 694 igitur
738 637 888 694 spem
909 624 1000 694 qui
1025 625 1281 695 percepit,
1311 626 1506 682 merito
1527 625 1837 697 interpella-

229 713 309 769 vit
329 713 601 770 tristitiam
625 715 816 772 animae
839 717 1091 784 dicendo,
1108 716 1273 774 Vsus.
1293 718 1362 775 6:
1385 718 1453 773 Ut
1469 719 1612 802 quid,
1635 719 1832 786 anima,

230 807 393 864 tristis
414 825 488 875 es,
542 818 590 864 et
621 820 675 865 ut
717 811 842 883 quid
871 811 1143 867 conturbas
1193 829 1273 869 me
1302 814 1327 868 ἰ)
1370 813 1541 886 Spera
1570 815 1622 868 in
1645 812 1830 882 Deum,

229 901 474 973 quoniam
515 903 793 970 conﬁtebor
820 904 940 971 illi,
987 905 1218 961 salutare
1269 906 1440 962 vultus
1495 908 1594 961 mei
1625 915 1672 962 et
1697 906 1834 964 Deus

229 1011 392 1052 meus.
429 993 497 1052 Et
526 996 647 1054 vide
680 997 784 1054 nisi
824 1000 1117 1055 conveniat
1160 1000 1459 1056 intellectui
1507 1000 1634 1058 huic
1661 1017 1826 1073 quem

227 1089 400 1145 secuti
421 1104 608 1147 sumus
632 1133 648 1159 ,
681 1102 739 1147 ut
764 1091 816 1147 in
848 1100 1093 1164 tempore
1123 1094 1515 1165 persecutionis
1537 1101 1594 1150 et
1620 1096 1832 1167 impro-

227 1181 374 1254 perii
406 1184 642 1240 nominis
670 1183 769 1240 Dei
790 1183 1099 1257 hujusmodi
1129 1201 1225 1257 spe
1251 1185 1566 1242 consoletur
1597 1187 1831 1243 animam

222 1274 422 1347 justus.
461 1274 531 1333 Ut
558 1279 680 1347 quid
722 1278 882 1333 tristis
921 1295 993 1345 es,
1043 1279 1215 1334 anima
1243 1323 1257 1346 ,
1287 1289 1335 1334 et
1371 1288 1428 1334 ut
1474 1279 1597 1351 quid
1625 1291 1834 1334 contur-

226 1371 319 1428 bas
358 1388 438 1428 me
459 1374 485 1428 ?
531 1373 700 1444 Spera
728 1375 782 1429 in
811 1373 980 1432 Deum
1017 1377 1254 1448 quoniam
1285 1377 1561 1446 conﬁtebor
1587 1376 1687 1431 illi.
1723 1376 1831 1435 Sed

223 1467 479 1539 quoniam
509 1467 624 1523 ﬁeri
651 1485 756 1524 non
789 1478 981 1539 potest,
1001 1479 1059 1525 ut
1087 1471 1376 1541 projiciens
1397 1472 1634 1527 animam
1662 1486 1820 1527 suam

223 1558 282 1614 in
306 1569 534 1615 mortem
566 1574 672 1614 non
698 1560 874 1632 aliqua
906 1562 1318 1618 contristatione
1340 1563 1606 1630 turbetur,
1632 1565 1832 1635 quippe

223 1665 348 1708 cum
381 1648 498 1721 ipse
524 1652 764 1708 omnium
791 1652 1044 1708 virtutum
1077 1654 1336 1710 Dominus
1367 1695 1383 1722 ,
1425 1657 1543 1727 ipse
1574 1657 1828 1729 princeps

237 1743 389 1810 ﬁdei,
418 1743 535 1815 ipse
559 1743 729 1800 Filius
752 1744 866 1812 Dei,
901 1745 990 1816 qui
1009 1759 1297 1818 antequam
1330 1745 1382 1802 in
1411 1755 1627 1818 tempus
1649 1750 1829 1805 crucis

1939 549 2179 598 montem
2200 542 2522 600 Hermonem
2547 547 2863 603 nominavit.
2878 549 2965 605 Sic
2983 557 3039 605 et
3065 551 3118 606 in
3135 551 3372 610 Canticis
3399 571 3531 611 can-

1941 631 2168 688 ticorum
2197 635 2286 692 ubi
2319 637 2487 706 prima
2512 639 2721 693 vocatio
2752 639 3011 698 Ecclesia:
3042 641 3186 700 facta
3217 655 3300 700 est
3331 664 3345 701 :
3380 645 3530 714 Veni,

1939 723 2130 796 inquit,
2164 744 2196 781 a
2237 727 2476 800 Libano,
2516 747 2742 802 sponsa;
2794 735 2908 790 veni
2953 754 2986 791 a
3034 736 3255 806 Libano,
3307 757 3534 812 sponsa;

1936 819 2051 874 veni
2076 836 2109 873 a
2161 819 2355 878 Libano
2406 823 2685 897 (Cant.1v,
2735 826 2811 898 8)
2847 846 2863 883 :
2905 831 3174 888 transiens
3226 835 3480 891 transibis
3512 878 3527 902 ,

1937 919 1993 967 et
2040 913 2290 971 transibis
2355 916 2424 972 ab
2470 917 2626 974 initio
2693 919 2816 975 ﬁdei
2849 962 2864 986 ,
2933 936 2964 976 a
3035 925 3211 996 capite
3269 926 3529 986 Hermon.

1935 1003 2049 1060 Nec
2077 1015 2292 1063 moveat
2326 1024 2649 1083 quemquam
2701 1013 2842 1084 quod
2889 1014 2941 1070 in
2979 1013 3083 1074 hoc
3111 1018 3229 1074 loco
3273 1030 3329 1075 et
3377 1022 3536 1078 Sanir

1937 1098 2243 1157 nominatus
2273 1111 2377 1169 est,
2408 1119 2529 1160 cum
2577 1105 2716 1162 idem
2745 1107 2817 1163 sit
2846 1123 3004 1165 mons
3052 1110 3211 1167 Sanir
3260 1114 3350 1185 qui
3399 1113 3535 1171 Her-

1937 1205 2082 1261 mon,
2126 1208 2284 1264 quem
2316 1193 2367 1249 in
2393 1203 2532 1252 terra
2558 1197 2810 1255 Jordanis
2840 1201 3190 1259 constitutum
3210 1220 3331 1262 esse
3363 1205 3533 1263 histo-

1935 1283 2016 1341 ria
2057 1285 2215 1342 docet
2265 1302 2358 1357 per
2404 1288 2640 1360 Moysem
2679 1291 2732 1347 in
2793 1293 3228 1353 Deuteronomio.
3283 1297 3351 1352 Et
3380 1316 3532 1356 acce-

1936 1377 2105 1447 pimus
2136 1421 2153 1446 ,
2181 1378 2276 1444 ait,
2305 1379 2360 1434 in
2386 1389 2611 1451 tempore
2658 1385 2748 1439 illo
2787 1395 2976 1440 terram
3015 1387 3078 1442 de
3122 1389 3356 1460 manibus
3404 1392 3537 1445 duo-

1933 1484 2051 1522 rum
2082 1486 2258 1544 regunt
2280 1472 2716 1541 Anton/tatarum,
2743 1476 2831 1546 qui
2874 1492 3018 1533 erant
3051 1496 3192 1536 secus
3225 1479 3530 1549 Iordanem,

1933 1578 1967 1615 a
1994 1573 2217 1620 torrente
2243 1583 2400 1638 usque
2419 1565 2651 1623 Hermon
2681 1569 2842 1624 Sanir
2878 1571 3056 1640 (Deut.
3093 1590 3151 1630 ιιι
3180 1616 3193 1638 ,
3217 1574 3298 1647 8).
3333 1579 3528 1632 Amor-

1933 1655 2114 1713 rhaeus
2141 1660 2438 1715 nominavit
2487 1660 2636 1717 illum
2680 1662 2860 1719 Sanir.
2891 1664 3063 1736 Caput
3110 1682 3240 1738 ergo
3297 1669 3531 1740 l‘lermon

1934 1751 2078 1823 quod
2105 1763 2190 1810 est
2216 1755 2270 1810 in
2313 1765 2456 1812 terra
2482 1755 2737 1814 Jordanis
2767 1800 2783 1825 ,
2841 1758 3053 1816 initium
3105 1772 3332 1818 vocatur
3384 1763 3532 1820 ﬁdei.

223 1841 474 1911 veniret,
500 1859 562 1900 ac
589 1844 786 1901 ﬁducia
813 1845 1132 1918 loquebatur
1157 1854 1214 1901 ut
1239 1845 1448 1902 diceret
1479 1863 1492 1899 :
1539 1845 1706 1902 Nemo
1732 1863 1826 1901 au-
1859 1843 1908 1904 B
1935 1843 2064 1901 Ideo
2090 1846 2202 1903 illic
2250 1846 2562 1905 etJoannes
2611 1851 2818 1921 primus
2844 1868 3144 1922 prmcursor
3173 1855 3390 1910 auditur
3421 1898 3437 1923 ,
3479 1864 3534 1912 et

221 1933 354 2005 feret
405 1937 632 1992 animant
669 1955 886 1993 meanta
913 1955 1030 2006 me,
1076 1949 1377 2009 potestatem
1420 1939 1583 1994 habeo
1605 1939 1831 2010 ponendi

221 2029 453 2085 animam
474 2047 638 2086 meam
657 2042 702 2087 et
720 2033 906 2088 iterum
925 2033 1217 2088 resumendi
1241 2049 1352 2088 eam
1367 2033 1585 2106 (Joann.
1615 2049 1670 2099 x,
1703 2034 1791 2106 18)
1812 2049 1828 2102 ;

221 2119 366 2177 idem
393 2130 572 2178 tamen
607 2123 659 2178 in
689 2124 934 2194 proxima
963 2125 1093 2180 hora
1123 2124 1315 2180 mortis
1342 2166 1356 2189 ,
1387 2126 1684 2195 perturbata
1710 2136 1784 2181 est
1809 2168 1825 2195 ,

228 2210 425 2286 inquit,
454 2215 631 2271 anima
651 2233 764 2271 mea
784 2232 945 2289 usque
972 2215 1040 2270 ad
1066 2223 1280 2270 mortem
1311 2214 1501 2288 (Marc.
1535 2231 1648 2282 nv,
1672 2213 1742 2271 54
1770 2213 1826 2288 );

221 2313 300 2376 et,
333 2305 494 2364 Pater
527 2351 543 2375 ,
601 2310 643 2365 si
669 2311 783 2379 ﬁeri
837 2319 1023 2380 potest,
1078 2319 1306 2366 transeat
1359 2309 1499 2365 calix
1529 2310 1624 2365 iste
1668 2327 1702 2365 a
1739 2327 1820 2366 me

223 2399 439 2474 (Matth.
472 2419 620 2471 xxvr,
648 2404 717 2462 59
745 2405 765 2475 )
798 2446 812 2470 ,
845 2412 900 2460 et
923 2405 975 2460 in
1011 2405 1306 2461 novissimo
1356 2404 1557 2476 gemitu
1593 2423 1608 2460 :
1647 2405 1787 2461 Deus
1809 2447 1826 2474 ,

221 2491 366 2551 Deus
408 2514 570 2563 meus,
611 2507 669 2553 ut
694 2498 818 2569 quid
852 2515 932 2554 me
948 2498 1822 2572 dereliquisti(Mattlt.xxvu,46)?

218 2587 303 2646 Ita
319 2599 375 2647 et
397 2592 635 2662 psalmus
653 2592 757 2649 iste
780 2592 1066 2663 imaginem
1095 2594 1488 2664 persecutionis
1506 2595 1559 2648 in
1582 2593 1828 2649 ordinem

234 2683 549 2751 ostendens,
577 2693 790 2756 quantae
811 2685 1184 2742 conﬂictiones
1207 2685 1692 2755 tribulationesque
1707 2701 1830 2742 sus-

228 2779 468 2836 tinenda:
489 2779 596 2836 sint
637 2779 783 2852 justo
815 2822 831 2848 ,
885 2795 982 2852 per
1009 2796 1145 2852 quas
1177 2780 1432 2837 tentanda
1463 2789 1520 2837 et
1543 2779 1817 2851 probanda

224 2871 300 2931 sit
322 2873 454 2930 ﬁdes
482 2874 598 2946 ejus
632 2889 646 2940 ;
687 2872 811 2930 ideo
828 2875 926 2941 ait,
953 2874 1118 2931 Vens.
1154 2875 1186 2930 7
1217 2892 1230 2929 :
1266 2874 1404 2931 Deus
1432 2892 1603 2941 meus,
1628 2873 1832 2928 turbata

224 2974 301 3024 est
326 2967 380 3022 in
401 2983 483 3022 me
508 2968 683 3022 anima
706 2983 838 3021 mea.
881 2966 1016 3036 Quis
1046 2970 1191 3024 enim
1221 2976 1308 3024 est
1335 2969 1490 3039 cujus
1514 2984 1620 3024 non
1652 2969 1834 3024 turbe-

225 3066 315 3115 tur
366 3060 542 3115 anitna
589 3059 642 3114 in
680 3065 930 3130 tempore
971 3062 1408 3132 persequentium
1451 3075 1646 3116 nomen
1693 3060 1833 3117 Dei?

224 3147 432 3207 Prmter
453 3149 600 3206 illam
628 3150 773 3208 enim
801 3151 1181 3210 necessitatem
1209 3152 1512 3225 fragilitatis
1538 3151 1789 3208 humana:
1811 3194 1828 3221 ,

1931 1934 2129 1992 Joanni
2192 1939 2422 2009 primum
2471 1939 2718 1999 Christus
2771 1945 3118 2001 ostenditur:
3168 1947 3277 2002 illic
3326 1947 3529 2018 Spiritu

1931 2037 2126 2085 sancto
2153 2030 2413 2086 Dominus
2438 2033 2786 2104 adimpletur,
2806 2036 2919 2091 illic
2947 2045 3185 2107 paterna:
3210 2039 3357 2094 vocis
3387 2039 3538 2095 testi-

1932 2123 2176 2178 monium
2199 2124 2443 2180 redditur
2471 2142 2486 2180 :
2517 2125 2617 2181 Hic
2637 2136 2710 2183 est
2736 2127 2874 2197 filius
2924 2145 3066 2184 meus
3095 2131 3148 2184 in
3175 2147 3274 2203 quo
3305 2133 3538 2201 compla-

1934 2216 2062 2286 cui(
2098 2215 2286 2272 Matth.
2315 2233 2372 2273 ιιι
2403 2261 2418 2284 ,
2461 2218 2576 2292 17).
2614 2220 2713 2277 Hic
2767 2221 3121 2292 progrediens
3163 2224 3313 2281 initia
3365 2225 3538 2282 virtu-

1934 2319 2070 2378 tum,
2123 2313 2210 2369 bic
2249 2313 2407 2370 initia
2435 2315 2712 2388 signorum
2747 2319 2944 2390 quibus
2973 2319 3140 2378 Filius
3171 2319 3267 2379 Dei
3295 2323 3538 2381 creditur

1935 2411 2214 2476 Operatus.

1973 2515 1980 2519 ·
2003 2497 2058 2554 9.
2085 2498 2273 2555 Merito
2291 2500 2453 2571 igitur
2471 2511 2633 2573 caput
2655 2501 2889 2559 Hermon
2912 2503 3122 2561 initium
3143 2505 3267 2562 ﬁdei
3283 2517 3534 2564 vocatur:

1932 2591 2078 2648 unde
2104 2607 2379 2650 memores
2406 2610 2506 2650 nos
2533 2611 2656 2652 esse
2701 2606 2918 2668 oportet
2943 2600 3180 2655 salutare
3207 2601 3387 2658 vultus
3403 2617 3535 2659 nos-

1935 2685 2005 2740 tri
2039 2685 2212 2741 Deum
2240 2698 2480 2743 nostrum
2507 2730 2522 2752 ,
2547 2683 2798 2759 quotiens
2829 2691 2881 2746 in
2932 2691 3320 2750 tentationibus
3348 2695 3530 2751 anima

1934 2784 2118 2832 nostra
2163 2778 2426 2835 turbatur.
2461 2779 2678 2836 Initium
2731 2783 2877 2837 enim
2921 2783 3046 2840 lidei
3087 2785 3314 2856 simplex
3362 2788 3536 2857 prima

1934 2867 2248 2937 credulitas,
2272 2887 2376 2942 qua
2407 2873 2490 2928 via
2523 2873 2788 2930 intramus
2813 2874 2879 2929 ad
2904 2875 3064 2931 ﬁdem
3098 2876 3192 2932 Dei
3231 2893 3328 2948 per
3350 2877 3537 2946 Jesum

1934 2960 2231 3018 Christum.
2252 2962 2522 3034 Sapientia
2548 2980 2664 3020 vero
2690 2967 2821 3021 inter
2835 2969 3085 3038 perfectos
3105 2969 3397 3040 quariturﬂ
3411 2969 3533 3026 Cor.

1935 3068 1997 3122 ιι,
2029 3054 2064 3109 6
2092 3053 2112 3127 )
2140 3074 2151 3109 :
2181 3071 2301 3126 qua:
2332 3056 2622 3113 varietates
2649 3057 2758 3114 sint
2772 3057 3098 3129 judiciorum
3129 3060 3221 3116 Dei
3252 3102 3266 3128 ,
3304 3077 3425 3132 quae
3452 3061 3536 3116 al-

1938 3150 2192 3207 titudines
2219 3150 2604 3223 cogitationum
2631 3153 2767 3222 ejus.
2820 3151 2896 3207 Ita
2919 3152 3024 3209 etsi
3048 3154 3117 3208 in‘
3136 3165 3381 3224 tempore
3411 3171 3536 3224 per-

223 3253 426 3316 prazter
439 3245 754 3317 corporales
775 3245 1187 3318 trepidationes,
1213 3257 1297 3302 est
1325 3246 1570 3318 quredam
1595 3246 1831 3318 peculia-
1858 3228 1904 3292 C
1938 3238 2387 3311 secutionum,'iu
2417 3245 2825 3317 perturbatione
2878 3246 3068 3301 mortis
3099 3247 3349 3302 instantis
3387 3247 3538 3304 dele-

225 3337 304 3394 ris
333 3337 455 3395 ﬁdei
485 3337 840 3409 perturbatio,
871 3354 995 3394 cum
1019 3338 1300 3394 videantur
1333 3346 1711 3409 persecutores
1735 3354 1832 3392 no-

226 3431 392 3487 minis
413 3430 508 3487 Dei
531 3429 838 3487 increscere
861 3438 917 3486 et
936 3430 1229 3496 dominari,
1255 3445 1357 3486 nec
1390 3429 1667 3486 vindicare
1691 3429 1832 3485 Deus

226 3522 460 3581 famulos
488 3539 640 3592 suos,
673 3539 773 3580 nec
807 3523 1096 3582 subvenire
1122 3525 1557 3581 tribulationibus
1600 3538 1786 3580 eorum
1810 3565 1826 3590 ,

225 3633 330 3675 nec
355 3618 648 3676 extendere
676 3619 942 3675 adversus
969 3618 1217 3675 inimicos
1243 3633 1370 3673 suos
1402 3628 1679 3685 potentem
1701 3617 1834 3673 dex-

225 3721 366 3767 tram
392 3726 566 3768 suam.
587 3710 655 3766 Et
685 3711 807 3767 ideo
833 3710 956 3782 quia
985 3726 1145 3766 nemo
1167 3711 1220 3766 in
1251 3709 1562 3781 hujusmodi
1586 3718 1831 3781 tempore

223 3819 446 3862 sensum
469 3804 794 3876 judiciorum
836 3805 931 3861 Dei
960 3805 1159 3862 retinet
1189 3848 1206 3872 ,
1250 3805 1472 3876 pulchra
1507 3813 1592 3862 est
1617 3804 1832 3860 illa-ex-

223 3898 484 3956 clamatio
517 3899 729 3955 Domini
756 3916 770 3954 :
804 3899 966 3965 Deus,
986 3897 1128 3954 Deus
1153 3915 1318 3967 meus,
1347 3915 1507 3970 quare
1530 3915 1610 3953 me
1639 3898 1829 3954 dereli-

223 3993 382 4065 quisti
404 3992 452 4067 (Ι
463 3991 599 4066 bid.)
621 3992 646 4048 ?
671 4007 779 4064 qua
798 3992 1037 4049 ostendit
1064 4007 1124 4048 se
1148 4007 1255 4047 non
1288 3993 1590 4062 intelligere
1609 4007 1829 4048 causam

223 4101 398 4159 quare
427 4087 497 4143 sit
523 4085 838 4142 derelictus.
892 4085 960 4140 Et
990 4084 1035 4141 si
1063 4084 1156 4141 ille
1180 4083 1460 4154 sapientiae
1489 4083 1751 4156 magister
1773 4091 1831 4140 et

222 4186 514 4236 enarrator
533 4177 744 4246 Patris,
795 4176 965 4234 Filius
992 4177 1071 4250 sic
1095 4174 1442 4248 perturbatur
1465 4215 1480 4242 ,
1515 4165 1833 4231 ut‘interro-

222 4280 317 4344 get
337 4271 550 4329 Patrem
579 4281 638 4328 ut
662 4270 792 4343 quid
824 4269 1248 4338 dereliquisset;
1275 4267 1403 4340 quid
1422 4264 1624 4323 facient
1640 4265 1832 4337 reliqui

222 4367 521 4439 Quamlibet
558 4365 727 4438 justi,
783 4380 906 4421 cum
931 4363 1256 4435 judiciorum
1284 4361 1381 4418 Dei
1410 4360 1724 4418 altitudines
1740 4374 1834 4416 su-

221 4458 579 4531 perveneriut
600 4457 725 4514 eis?
753 4456 1142 4513 Verumtamen
1187 4453 1345 4511 docet
1375 4451 1612 4524 psalmus
1638 4493 1655 4522 ,
1704 4450 1832 4522 quid

223 4554 284 4612 in
314 4553 398 4611 his
437 4552 932 4626 perturbationibus
973 4551 1208 4608 retinere
1255 4557 1311 4605 et
1335 4547 1508 4605 solum
1533 4547 1710 4604 facere
1732 4544 1830 4602 de-

1935 3335 2077 3390 cerit
2104 3336 2368 3406 sapientia
2393 3376 2410 3402 ,
2441 3337 2651 3392 initium
2676 3344 2854 3392 tamen
2876 3335 2998 3391 lidei
3025 3351 3130 3391 non
3158 3337 3532 3408 relinquatur:

1935 3427 2031 3484 sed
2062 3429 2252 3484 saltem
2283 3429 2521 3498 simplici
2545 3430 2634 3484 illa
2657 3438 2716 3486 et
2742 3430 2880 3486 nuda
2903 3430 3222 3487 credulitate
3259 3446 3534 3490 memores

1934 3519 2104 3575 simus
2133 3519 2255 3586 Dei,
2287 3521 2521 3578 scientes
2562 3523 2685 3593 quia
2717 3537 2825 3578 non
2855 3521 3047 3579 habeat
3077 3524 3128 3578 in
3154 3537 3254 3580 nos
3277 3524 3531 3582 inimicus

1934 3613 2399 3684 potestatem,nisi
2430 3621 2688 3685 quantum
2722 3615 3070 3685 permittitur.
3095 3615 3213 3672 Non
3238 3618 3524 3675 abutamur

1937 3712 2113 3760 tamen
2135 3703 2439 3774 insipientis
2461 3705 2700 3762 mulieris
2719 3705 3030 3775 jactatione,
3048 3723 3154 3779 qua
3174 3706 3378 3765 dictum
3405 3720 3489 3766 est
3513 3729 3526 3767 :

1939 3793 2040 3850 Ubi
2055 3803 2172 3850 sunt
2190 3813 2346 3866 opera
2363 3799 2586 3871 justitiaz
2610 3797 2744 3852 Dei?
2759 3797 3021 3871 Job,quid
3039 3802 3234 3873 profuit
3255 3803 3406 3857 timor
3427 3802 3537 3860 Do-

1934 3886 2061 3940 mini
2091 3885 2233 3958 (Job.
2251 3902 2382 3955 xxn,
2401 3889 2482 3959 3)“?
2493 3888 2598 3944 Sed
2617 3889 2828 3960 quoties
2847 3891 2899 3945 in
2925 3894 3062 3946 hanc
3076 3893 3532 3962 perturbationem

1933 3978 2119 4035 veniet
2146 3981 2418 4050 cogitatio,
2443 3981 2651 4050 justum
2684 3982 2790 4038 erit
2817 3983 3112 4039 secundum
3143 3984 3302 4056 hujus
3336 3987 3531 4056 psalmi

1934 4071 2239 4128 doctrinam
2251 4073 2432 4129 dicere
2446 4093 2458 4128 :
2475 4073 2618 4130 Deus
2634 4092 2795 4143 meas,
2814 4077 3107 4148 perturbata
3119 4089 3194 4133 est
3205 4079 3378 4133 anima
3395 4096 3531 4146 mea;

1936 4175 2207 4236 prapterea
2231 4181 2422 4221 memor
2442 4167 2516 4221 tui
2544 4183 2630 4223 ero
2661 4169 2724 4223 de
2753 4177 2890 4223 terra
2903 4168 2935 4223 J
2943 4170 3154 4225 ordanis
3167 4180 3216 4225 et
3242 4170 3524 4228 Hermonis

1935 4259 2000 4314 de
2024 4268 2194 4313 monte
2213 4258 2433 4313 modico.
2461 4259 2602 4330 Ergo
2617 4270 2671 4316 et
2686 4261 3048 4332 signiﬁcanter
3076 4262 3246 4318 monti
3271 4262 3528 4320 Hermoni

1935 4349 2126 4406 modici
2151 4349 2305 4406 addit
2337 4351 2752 4422 appellationem
2784 4352 2951 4410 :ﬁdei
2966 4355 3109 4410 enim
3133 4351 3343 4410 initium
3371 4370 3530 4412 mons

1936 4441 2161 4514 pusillus
2185 4483 2200 4509 ,
2233 4448 2290 4499 et
2312 4443 2398 4500 cui
2429 4444 2610 4500 multa:
2639 4445 2990 4503 ascensiones
3014 4461 3184 4519 usque
3211 4447 3278 4504 ad
3297 4464 3527 4520 regnum

1935 4537 2199 4596 caelorum
2226 4551 2324 4608 per
2349 4538 2709 4595 contumelias
2740 4580 2755 4601 ,
2785 4554 2880 4610 per
2903 4538 3150 4610 injurias,
3186 4555 3280 4611 per
3304 4541 3528 4598 tribula-

223 4625 474 4704 beamus.
527 4645 753 4717 Oportet
779 4645 925 4702 enim
964 4658 1181 4699 omnem
1235 4641 1411 4697 virum
1457 4639 1660 4711 justum
1703 4652 1827 4695 cum
1854 4625 1909 4687 D
1934 4625 2111 4684 tiones
2141 4670 2158 4696 ,
2197 4643 2293 4699 per
2317 4637 2544 4685 mortem
2573 4629 2749 4685 crucis
2773 4629 2996 4686 credere
3018 4631 3072 4686 in
3115 4632 3284 4687 Deum
3325 4633 3525 4703 primus

224 4746 469 4796 tentatur
489 4781 504 4806 ,
547 4753 666 4794 eum
695 4736 985 4794 tribulatur
1015 4777 1030 4802 ,
1058 4749 1180 4791 cum
1206 4732 1544 4805 angustiatur
1577 4773 1593 4799 ,
1625 4745 1747 4787 cum
1772 4730 1826 4785 in

225 4833 637 4906 perturbatione
661 4831 855 4887 anima:
884 4829 1062 4893 venit,
1095 4829 1198 4885 etsi
1230 4842 1398 4900 quare
1420 4825 1539 4906 lucc
1562 4825 1667 4882 sibi
1689 4825 1830 4881 acci-

224 4903 362 4986 dant
382 4943 488 4983 non
520 4924 788 4994 intelligit,
820 4923 983 4981 tidem
1005 4931 1181 4978 tamen
1210 4936 1316 4978 non
1347 4903 1655 4990 relinquere
1684 4959 1701 4986 ,
1730 4933 1831 4976 nec

225 5019 596 5076 condemnare
613 5016 988 5074 credulitatem
1014 5055 1028 5078 ,
1053 5029 1213 5085 quam
1251 5013 1433 5068 docuit
1461 5010 1725 5083 prepheta
1747 5009 1832 5066 di-

227 5112 407 5170 cendo
434 5130 448 5168 :
482 5110 766 5181 Pr0pterea
806 5124 996 5163 memor
1020 5121 1109 5162 ero
1139 5105 1217 5160 tui
1245 5147 1260 5171 ,
1297 5102 1514 5159 Domine
1536 5142 1553 5171 ,
1601 5103 1664 5158 de
1691 5111 1831 5158 terra

227 5201 478 5261 Iordanis
507 5212 554 5258 et
579 5200 858 5257 Hermonis
885 5216 920 5254 a
949 5207 1117 5254 monte
1143 5196 1364 5252 modico.
1398 5193 1533 5252 Nam
1555 5194 1682 5266 quia
1709 5209 1833 5265 per-

229 5296 451 5353 turbata
480 5303 564 5351 est
593 5293 645 5348 iu
673 5307 760 5348 me
787 5291 967 5348 anima
997 5305 1116 5346 mea
1145 5331 1162 5359 ,
1214 5297 1502 5361 propterea
1536 5329 1552 5355 ,
1609 5286 1787 5358 inquit
1812 5327 1830 5354 ,

230 5405 446 5448 memor
494 5402 590 5444 ero
619 5385 698 5443 tui
727 5385 795 5442 de
845 5395 989 5442 terra
1031 5382 1282 5440 Jordauis
1324 5389 1380 5438 et
1425 5379 1730 5437 Hermonis.
1759 5377 1832 5435 'lu

231 5491 382 5539 terra
403 5480 546 5536 enim
591 5477 843 5535 Jordanis
885 5477 1164 5532 introitum
1202 5471 1467 5546 signiﬁcat
1494 5469 1834 5541 repromissae

232 5572 573 5632 hereditatis
591 5569 789 5642 populo
802 5567 1064 5626 lsrael.Et
1079 5567 1329 5638 quoniam
1355 5580 1454 5620 nos
1465 5563 1833 5636 spiritualibus

235 5667 538 5740 spiritualia
563 5674 942 5736 comparantes
971 5704 987 5731 ,
1039 5662 1197 5720 nobis
1225 5661 1554 5718 hatreditatis
1583 5659 1836 5717 introitus

237 5761 375 5818 ﬁdes
403 5759 762 5817 existimatur.
801 5757 930 5814 Haec
973 5763 1061 5813 est
1085 5757 1230 5813 enim
1273 5755 1437 5828 janua
1463 5753 1840 5827 repromissio-

241 5870 374 5915 num
427 5862 756 5912 nostrarum.
812 5849 1000 5922 Itaque
1058 5849 1150 5906 ubi
1208 5850 1418 5908 initium
1469 5848 1596 5908 ﬁdei
1638 5855 1840 5907 nostrae

685 5947 962 6012 ΡΑτιιοι..
990 5943 1108 6008 1X.

1935 4736 2204 4778 ascensus
2222 4731 2306 4779 est
2337 4739 2352 4777 :
2390 4722 2602 4794 quoties
2617 4723 2761 4778 enim
2778 4723 2832 4778 in
2857 4723 2950 4778 illo
2967 4723 3169 4780 vertice
3187 4725 3527 4782 amarissimo

1935 4817 2112 4874 crucis
2160 4815 2562 4887 perturbabitur
2580 4816 2766 4876 anima
2806 4830 2924 4874 mea
2972 4815 3042 4872 de
3081 4815 3236 4872 initio
3258 4815 3383 4873 ﬁdei
3409 4858 3425 4885 ,
3456 4817 3527 4874 de

1936 4918 2122 4966 monte
2151 4909 2365 4966 modico
2389 4926 2404 4976 ;
2430 4924 2638 4967 memor
2663 4923 2793 4977 ero,
2844 4906 3092 4980 Domine,
3144 4912 3236 4981 qui
3271 4925 3334 4968 es
3379 4910 3526 4968 salus

1936 5001 2116 5058 vultus
2137 5001 2264 5059 mei.
2627 5067 2632 5071 ε

2005 5095 2094 5151 10.
2149 5094 2372 5166 Abyssus
2397 5095 2541 5151 enim
2589 5095 2828 5167 abyssum
2849 5095 3052 5152 invocat
3076 5095 3131 5152 in
3152 5111 3269 5152 uoce
3296 5105 3526 5153 catarac-

1933 5197 2104 5244 tarum
2131 5187 2422 5255 tuarunt,id
2453 5196 2536 5245 est
2555 5187 2748 5246 ﬂuctus
2771 5187 3085 5245 tentationis
3104 5187 3217 5259 Dei,
3243 5206 3348 5262 qua
3383 5201 3525 5248 terra

1937 5283 2202 5355 patietur:
2225 5283 2349 5355 quia
2380 5281 2692 5340 altitudines
2715 5284 3102 5356 cogitationum
3131 5292 3187 5340 et
3201 5283 3528 5356 judiciorum

1935 5377 2055 5449 ejus
2072 5379 2192 5450 quis
2221 5378 2416 5434 novit?
2462 5377 2732 5435 Diluvium
2760 5387 2845 5436 est
2875 5393 3067 5436 sensus
3097 5380 3342 5447 Domini,
3374 5380 3530 5451 cujus

1939 5473 2364 5544 magnitudinem
2393 5473 2682 5530 ostendere
2711 5475 2900 5530 volens
2935 5473 3111 5545 justus
3138 5515 3153 5541 ,
3177 5475 3432 5547 quoniam
3459 5476 3530 5532 de

1942 5565 2380 5623 tribulationibus
2433 5569 2546 5624 suis
2599 5568 2920 5640 loquebatur
2961 5587 2973 5623 :
3031 5567 3302 5641 Abyssus,
3355 5569 3532 5642 inquit

1944 5656 2109 5722 Vens.
2132 5658 2188 5726 8,
2241 5656 2483 5730 abyssum
2510 5661 2732 5728 inuocat,
2767 5661 2822 5714 in
2845 5676 2964 5716 voce
2989 5669 3367 5716 cataractamm
3395 5663 3528 5734 ejus.

2018 5751 2108 5806 11.
2134 5748 2324 5807 Omnes
2365 5752 2662 5808 altitudines
2709 5761 2810 5808 tua:
2834 5763 2882 5808 et
2925 5754 3113 5824 ﬂuctus
3143 5755 3216 5810 tui
3259 5771 3412 5827 super
3457 5772 3538 5812 nte

1944 5845 2276 5904 transierunt.
2295 5843 2493 5904 Reddit
2513 5859 2731 5904 causam
2753 5859 2851 5905 cur
2866 5846 3081 5904 turbata
3095 5855 3178 5906 est
3193 5849 3370 5906 anima
3386 5846 3435 5919 ej
3443 5863 3506 5906 ns
3523 5865 3539 5906 :

2871 5941 2953 6004 29
