3882 6332
561 345 668 410 9οἸ
950 340 955 344 “
1311 339 1555 402 SANCTI
1593 337 1845 399 BILABII
1875 333 2183 396 EPISCOPI

2209 332 2464 394 TRAC'I'.
2506 334 2597 394 DE
2633 333 2910 397 PSALMO
2946 334 3091 397 XLI.
3732 341 3795 399 903

565 465 794 536 abyssus
814 457 956 516 enim
977 457 1228 530 abyssum
1254 455 1466 512 invocat
1488 455 1543 511 in
1572 469 1703 510 voce
1743 461 2156 508 cataractarum.
2189 454 2238 512 Α
2269 461 2348 504 tus
2375 493 2388 515 ,
2437 460 2480 504 et
2503 452 2629 505 sicut
2673 468 2836 525 agnus
2864 469 3039 508 coram
3082 447 3335 506 tondente
3384 463 3439 505 se
3465 464 3560 504 non
3580 454 3794 520 apertae:

569 555 854 614 Prtelocuti
875 550 1091 623 quidem
1108 550 1218 620 jam
1238 548 1575 620 sumus,quid
1592 563 1713 603 esse
1734 547 1986 616 abyssum
2011 552 2164 616 puta-

573 649 840 712 verimus;
875 643 1148 699 reddimus
1179 651 1355 696 tamen
1377 641 1639 695 rationem
1668 639 1793 710 quid
1815 638 1882 692 de
1903 636 2006 692 hoc
2047 635 2165 705 ipso

570 741 832 815 propheta
847 739 948 794 ait:
963 734 1176 791 Iudicia
1193 744 1302 802 tua,
1321 734 1558 800 Domine,
1575 734 1785 806 abyssus
1799 733 1960 786 multa
1990 728 2162 803 (Psat.

569 850 736 900 xxxv,
765 830 819 902 7)
853 847 868 886 :
927 844 1175 901 magnum
1199 829 1342 885 enim
1385 826 1711 899 profundum
1737 835 1819 882 est
1843 825 1895 880 in
1921 823 2162 880 altitudi-

571 941 671 984 nes
695 922 1017 996 iudiciorum
1049 921 1167 989 Dei,
1192 922 1340 992 quasi
1359 923 1412 977 in
1444 935 1542 976 nos
1568 921 1637 974 ita
1669 919 1981 990 frequenter
2003 926 2060 973 ut
2082 916 2169 988 ju-

570 1021 772 1078 dicium
796 1017 999 1090 judicia
1021 1026 1428 1088 consequantur
1453 1031 1570 1087 quae
1592 1029 1720 1070 caro
1749 1023 2013 1085 emergat,
2045 1028 2168 1084 qua:

570 1129 703 1171 caro
729 1109 1027 1168 sustineat?
1060 1109 1192 1165 Vide
1221 1109 1550 1180 apostolum,
1570 1109 1699 1164 licet
1723 1108 1777 1163 in
1800 1122 1932 1179 pace
1963 1115 2166 1162 tracta-

572 1213 696 1274 ret,
731 1206 1016 1261 intendens
1033 1214 1209 1260 tamen
1228 1204 1542 1276 mysterium
1567 1202 1683 1271 Dei,
1709 1202 2051 1273 perturbatus
2071 1217 2168 1258 θι-

571 1300 808 1357 clamat:
857 1297 1138 1353 Oattitudo
1168 1297 1432 1367 sapientia:
1460 1305 1508 1351 et
1561 1295 1787 1350 scientia:
1837 1294 1973 1349 Dei!
2017 1310 2171 1364 quam

571 1391 933 1448 iuserutabilta
949 1391 1154 1463 judicia
1192 1390 1336 1461 ejus,
1368 1406 1522 1462 quam
1547 1389 1917 1459 investigabiles
1937 1388 2034 1442 via:
2060 1388 2171 1458 ejus

573 1487 754 1558 (Rom.
788 1501 864 1554 xt,
896 1485 988 1557 '55)
1016 1485 1031 1540 ε
1067 1483 1194 1540 Haec
1216 1483 1378 1555 igitur
1407 1481 1633 1537 altitudo
1655 1481 1832 1536 cordis
1881 1481 1976 1537 Dei
2024 1488 2171 1537 recte

572 1581 806 1653 abyssus
828 1577 1138 1633 nominatur
1163 1618 1177 1642 ,
1207 1577 1362 1646 cujus
1389 1573 1712 1644 profundum
1748 1588 1906 1629 nemo
1935 1587 2170 1644 cognos-

570 1673 651 1729 cit
681 1689 695 1726 :
728 1671 912 1726 multa:
931 1669 1075 1726 enim
1099 1666 1436 1732 altitudines,
1469 1666 1560 1720 ubi
1589 1665 1772 1720 nullus
1810 1673 1893 1720 est
1930 1663 2070 1719 linis.
2105 1663 2174 1718 Et

573 1765 773 1820 merito
813 1761 901 1817 hic
947 1775 1048 1817 nos
1069 1762 1297 1830 ahyssus
1340 1757 1406 1814 ad
1437 1757 1692 1829 abyssum
1721 1758 1932 1813 invocat
1962 1757 2013 1811 in
2040 1770 2172 1812 voce

2266 559 2412 596 suum
2427 541 2560 614 (Isa.
2582 544 2753 617 Lm,7)
2766 585 2778 598 .
2796 546 2884 600 Est
2902 555 2955 600 et
2977 543 3085 599 alia
3103 559 3209 597 vox
3232 562 3245 597 :
3265 539 3528 597 Foderunt
3542 560 3706 596 manus
3716 562 3795 599 mror

2268 647 2313 692 et
2341 639 2490 708 pedes
2518 655 2676 706 meos,
2714 640 3169 696 dinumeraverunt
3204 639 3381 694 omnia
3405 653 3516 694 ossa
3548 656 3650 693 mea
3672 637 3794 711 (Pici.

2270 747 2386 798 xxI,
2414 731 2522 805 l7).
2545 731 2642 787 Est
2670 743 2724 788 et
2763 732 2855 787 illa
2880 749 2983 789 vox
3002 752 3016 790 :
3035 733 3339 788 Diviserunt
3368 733 3648 786 vestimenta
3667 749 3799 800 meum

2269 839 2418 894 super
2439 823 2784 878 vestimentum
2803 841 2968 878 meum
2991 826 3244 879 miserunt
3271 833 3458 878 sortem
3478 822 3634 895 (Ibid.
3659 823 3729 895 l9}
3748 844 3756 876 :
3773 837 3798 880 α

2269 915 2322 969 in
2344 916 2427 970 siti
2445 932 2557 971 mea
2580 926 2880 986 potaverunt
2897 934 2976 973 me
2987 927 3132 972 aceto
3149 915 3322 989 (Psal.
3342 915 3645 987 vattl,22).
3663 915 3799 988 Elquii

2272 1024 2496 1067 necesse
2522 1022 2605 1067 est
2631 1028 2776 1069 nunc
2801 1029 2990 1068 omnes
3018 1027 3187 1068 voces
3213 1022 3605 1068 cataractarum
3645 1014 3796 1080 referre,

2273 1117 2394 1160 cum
2431 1104 2572 1174 pleni
2622 1115 2748 1159 sunt
2786 1105 2908 1160 libri
2945 1104 3334 1178 pr0phetarum
3366 1104 3436 1161 de
3463 1105 3801 1161 mutumeli'set

2273 1197 2523 1268 passione
2542 1197 2789 1253 Domini?
2810 1199 3078 1266 Quoniam
3099 1214 3233 1270 ergo
3253 1214 3445 1254 omnes
3469 1199 3800 1270 praedicationes

2273 1290 2434 1345 etiam
2464 1305 2641 1346 rerum
2682 1300 2955 1361 gestarum
2987 1292 3122 1348 ﬁdes
3165 1301 3353 1348 secuta
3380 1300 3486 1359 est,
3517 1291 3572 1348 in
3599 1291 3720 1346 hanc
3745 1308 3799 1348 ro-

2273 1397 2392 1438 cem
2438 1391 2826 1438 cataractarum
2883 1384 3110 1456 abyssus
3147 1384 3406 1456 abyssum
3467 1384 3739 1451 invocavit,
3771 1397 3800 1440 ω

2274 1477 2553 1549 suppleret
2579 1479 2787 1536 scilicet
2815 1479 3041 1536 effectus
3092 1495 3260 1536 sonos
3301 1497 3517 1538 earum.
3553 1480 3799 1553 lgiturquiz

2274 1572 2343 1628 de
2370 1572 2564 1628 talibus
2615 1574 2825 1646 abyssis
2867 1574 3188 1648 loquebatur
3226 1576 3536 1648 propheta,
3579 1585 3802 1649 apportes:

2276 1668 2605 1741 subjungens
2629 1671 2704 1726 ait
2731 1691 2745 1726 ι
2917 1732 2920 1733 ν

2348 1763 2436 1818 i3.
2467 1762 2629 1819 Vens.
2664 1763 2698 1820 9
2730 1774 2783 1820 et
2814 1765 2902 1821 10.
2958 1763 3102 1820 Inter
3145 1767 3281 1820 diem
3330 1764 3601 1819 mandarit
3630 1763 3801 1820 Dousa

575 1865 969 1913 cataractarum
1016 1864 1250 1908 tuarum.
1287 1851 1510 1920 Species
1557 1850 1814 1921 quasdam
1854 1849 2168 1921 abyssorum
2199 1857 2247 1918 Β
2277 1855 2678 1910 misericordiam
2705 1873 2879 1924 suam,
2910 1868 2956 1912 et
2991 1870 3134 1914 nocte
3169 1857 3524 1930 manifestaeit
3571 1876 3590 1915 :
3622 1861 3736 1929 apud
3761 1876 3803 1912 ω

573 1952 994 2016 constituamus,
1019 1962 1127 2018 quo
1157 1955 1412 2002 tractatus
1437 1947 1607 2015 magis
1629 1946 1822 2000 luceat.
1847 1943 1988 2000 Ecce
2010 1943 2176 1998 Filius

577 2045 678 2102 Dei
709 2046 763 2099 in
783 2045 966 2098 multis
987 2043 1153 2112 signis
1176 2051 1230 2097 et
1247 2040 1536 2096 virtutibus
1553 2039 1772 2094 veniens
1803 2049 1951 2092 curat
1983 2037 2177 2092 multo-

581 2151 705 2192 rum
731 2136 912 2192 varias
943 2132 1317 2205 aegritudines,
1341 2144 1394 2188 et
1415 2141 1698 2188 accusatur
1719 2129 1861 2202 quod
1902 2127 2062 2184 faciat
2091 2143 2178 2184 sa-

577 2231 801 2286 nitates.
839 2230 975 2298 Quis
997 2244 1233 2299 unquam
1267 2228 1406 2283 male
1434 2227 1637 2282 audivit
1663 2226 1752 2297 qui
1779 2226 1927 2282 bene
1947 2223 2178 2280 fecerit?

584 2323 657 2378 Et
685 2323 920 2378 admittit
946 2322 1108 2376 Pater
1137 2330 1242 2374 tam
1266 2320 1483 2391 impiam
1510 2319 1892 2374 contumeliam
1923 2317 2043 2372 Filii
2062 2316 2176 2372 sui:

583 2433 712 2475 ecce
735 2431 838 2471 una
853 2415 1102 2486 abyssus.
1127 2412 1331 2468 Judicia
1357 2411 1448 2466 Dei
1470 2421 1771 2478 struuntur,
1799 2418 2182 2480 comparantur

583 2509 703 2565 falsi
745 2516 914 2563 testes
939 2504 1099 2576 quasi
1141 2503 1403 2559 adversus
1428 2502 1804 2572 blasphemum
1832 2513 1885 2558 et
1915 2503 2182 2571 irreligio-

587 2616 732 2668 sum,
759 2614 884 2655 cum
915 2607 1064 2655 esset
1095 2597 1242 2653 solus
1264 2611 1426 2652 verus
1452 2597 1546 2652 Dei
1577 2598 1768 2651 testis:
1793 2607 1848 2652 et
1877 2596 2061 2652 dicunt
2084 2596 2184 2651 im-

579 2694 659 2766 pii
703 2692 1072 2749 testimonium
1099 2733 1115 2759 ,
1157 2699 1212 2744 et
1237 2691 1485 2746 obtinent
1515 2705 1739 2746 causam
1775 2709 1790 2746 :
1839 2706 1971 2747 ecce
2011 2691 2183 2747 altera

581 2787 809 2858 abyssus
835 2784 1191 2855 consequitur
1217 2786 1476 2855 priorem.
1505 2782 1904 2856 Colaphizatur,
1932 2784 2176 2855 ﬂagella-

579 2887 694 2944 tur,
721 2879 778 2933 in
807 2877 1165 2932 ludibriosum
1195 2875 1437 2930 habitum
1465 2877 1804 2946 componitur
1829 2917 1843 2942 ,
1885 2877 2114 2931 exsultat
2131 2884 2186 2933 et

588 2971 889 3026 aubsannat
911 2969 1182 3035 inimicus,
1202 2968 1255 3022 in
1271 2967 1466 3022 Filium
1491 2968 1583 3024 Dei
1607 2969 1763 3039 longa
1789 2970 1964 3023 omnis
1989 2969 2188 3024 transit

593 3061 844 3131 impietas
887 3077 904 3113 :
951 3075 1078 3116 ecce
1119 3060 1229 3131 jam
1278 3061 1433 3115 tertia
1486 3061 1710 3131 abyssus
1757 3071 2184 3133 supervocatur,

587 3157 881 3212 damnatur
901 3156 954 3210 in
985 3171 1145 3211 cruce
1174 3156 1362 3226 gloria:
1381 3155 1659 3222 Dominus,
1693 3157 1835 3212 inter
1865 3157 2104 3213 latrones
2132 3167 2186 3214 et

590 3250 790 3321 impios
831 3249 1140 3320 deputatur.
1177 3248 1312 3304 V'idc
1341 3260 1538 3320 quanta
1563 3249 1769 3320 judicia
1796 3250 2030 3323 abyssus
2055 3266 2187 3307 con-

588 3351 870 3415 sequatur,
897 3353 957 3398 ut
981 3342 1178 3398 merito
1201 3342 1269 3397 ab
1295 3343 1397 3398 hoc
1419 3343 1524 3398 dici
1556 3344 1728 3414 possit
1751 3363 1766 3398 :
1787 3343 1991 3400 Omnes
2007 3344 2194 3401 altitu~

589 3437 745 3493 dines
769 3447 824 3492 et
854 3437 1048 3492 ﬂuctus
1085 3436 1163 3491 tui
1187 3451 1350 3506 super
1375 3451 1461 3491 me
1483 3438 1831 3492 transierunt.
2055 3421 2059 3425 ’

664 3531 756 3586 η.
786 3530 856 3584 Et
895 3530 987 3585 hic
1031 3530 1140 3600 jam
1181 3530 1311 3584 satis
1339 3529 1540 3585 dictum
1568 3537 1716 3600 puto.
1765 3531 1874 3587 Sed
1899 3547 1969 3588 ne
1998 3531 2191 3603 aliquis

589 3622 838 3692 requirat
885 3630 943 3675 et
970 3621 1151 3675 studio
1171 3623 1479 3691 prmterisse
1505 3638 1608 3678 nos
1652 3623 1944 3690 existimet,
1970 3625 2094 3695 quid
2123 3625 2192 3680 sit

585 3714 734 3783 quod
759 3713 833 3767 ait
863 3730 878 3766 :
910 3713 977 3767 In
999 3729 1120 3768 voce
1139 3724 1513 3768 cataractarum
1562 3725 1762 3770 tuarum
1793 3717 2003 3788 abyssus
2041 3718 2194 3790 abys-

592 3807 971 3872 suminvooat,
1029 3806 1240 3862 modice
1259 3807 1330 3863 de
1381 3817 1772 3864 cataractarum
1799 3826 1930 3866 voce
1969 3822 2187 3881 repeta-

591 3913 734 3954 mus.
771 3898 982 3955 Habent
1005 3900 1192 3971 utique
1221 3900 1306 3954 ltre
1351 3901 1588 3955 visibiles
1625 3917 1878 3973 aquarum
1909 3914 2192 3962 cataractae

591 4006 757 4047 voces
775 4006 920 4058 suae,
943 3991 1068 4062 quia
1099 3991 1419 4047 emissiones
1446 3991 1725 4048 ﬂuminum
1757 4010 1952 4052 sonare
1975 4006 2028 4051 et
2055 4007 2193 4055 stre-

592 4097 727 4156 pere
754 4098 978 4140 necesse
1008 4091 1114 4139 est.
1157 4083 1228 4138 Et
1269 4087 1481 4155 quoties
1501 4101 1565 4142 ex
1589 4086 1799 4142 inﬁnito
1825 4090 1948 4144 lacu
1976 4101 2194 4162 stagno-

593 4193 717 4233 rum
749 4177 832 4233 vel
879 4177 1103 4233 fontium
1141 4181 1478 4236 cructatioue
1510 4191 1735 4253 surgunt
1759 4183 1812 4236 in
1861 4185 2062 4239 exitum
2093 4184 2195 4241 flu-

592 4273 740 4325 mina
760 4316 774 4342 ,
807 4271 961 4341 cujus
989 4271 1314 4342 profundum
1344 4288 1683 4345 nequaquam
1713 4275 1949 4332 deﬁcere
1999 4289 2054 4333 et
2077 4293 2181 4332 ex-

597 4361 798 4416 hauriri
843 4371 1005 4433 queat
1031 4379 1051 4430 ;
1081 4363 1218 4419 bene
1245 4364 1316 4419 de
1343 4364 1425 4418 his
1447 4365 1643 4420 dicitur
1671 4368 1900 4438 abys~us
1927 4369 2182 4440 abyssum

595 4451 814 4508 invocat
829 4455 887 4509 in
919 4470 1050 4510 voce
1069 4462 1483 4512 cataractarum.
1509 4458 1618 4514 Sed
1643 4475 1746 4514 nos
1765 4461 2077 4516 riu-minisse
2093 4463 2190 4518 de-

599 4544 790 4599 bemus
812 4545 882 4601 de
903 4547 1102 4618 quibus
1126 4550 1340 4622 abyssis
1381 4551 1629 4619 loquatur
1675 4554 1958 4623 prOpbeta,
1984 4555 2049 4610 dc
2072 4555 2194 4627 qui-

599 4638 704 4694 bus
733 4641 895 4694 etiam
927 4643 1198 4710 praelocuti
1244 4661 1446 4699 smnus.
1479 4645 1659 4716 itaque
1686 4657 1738 4702 et
1777 4657 2074 4705 cataractas
2097 4652 2194 4707 bo-

598 4746 718 4788 ωσι
741 4747 901 4788 nosse
924 4733 1184 4792 debemus
1209 4755 1222 4790 :
1253 4753 1440 4793 omnes
1467 4749 1644 4794 autem
1665 4742 2023 4799 eructationes
2041 4744 2192 4815 judi-

593 4825 806 4880 υἱοί-σπι
829 4825 923 4880 Dei
951 4842 1049 4897 per
1069 4843 1230 4884 voces
1245 4831 1626 4902 prophetarum
1651 4834 1953 4891 invenimus
1979 4838 2194 4894 sonuis-

599 4932 683 4984 se,
717 4933 851 4988 quas
883 4919 970 4974 hic
1008 4929 1302 4978 cataractas
1329 4927 1624 4994 appellatas
1651 4929 1918 4985 existimo.
1945 4934 2186 5004 Abyssus

600 5012 854 5084 abyssum
902 5014 1115 5068 invocat
1145 5014 1195 5069 iu
1221 5032 1350 5073 Voce
1377 5029 1790 5076 cataractarum.
1843 5023 1969 5081 Post
1993 5025 2192 5096 praedi-

599 5106 867 5160 cationem
908 5108 1288 5176 pr0phetarum
1319 5123 1609 5168 consecuta
1644 5127 1770 5170 sunt
1799 5117 1893 5172 Dei
1939 5121 2141 5188 judicia
2171 5164 2188 5190 ,

598 5208 656 5253 et
680 5200 827 5254 velut
853 5212 1119 5256 vocarunt
1160 5217 1219 5258 se
1245 5205 1294 5256 in
1325 5203 1468 5259 illam
1507 5224 1693 5265 vocem
1726 5229 1883 5280 quam
1913 5220 2185 5285 praernise-

597 5299 687 5346 rat
703 5302 763 5346 ut
787 5307 1161 5365 sequerentur.
1193 5295 1302 5351 Vox
1329 5307 1610 5356 cataracta:
1635 5303 1734 5358 fuit
1769 5324 1779 5358 ;
1819 5305 2187 5376 Opprimamus

589 5384 794 5452 justum
813 5388 935 5456 quia
963 5386 1160 5442 inutilis
1183 5397 1253 5442 est
1283 5388 1449 5454 nobis,
1474 5401 1518 5443 et
1546 5398 1830 5450 contrarius
1857 5408 1929 5452 est
1953 5401 2191 5472 operibus

597 5479 787 5532 nostris
813 5520 828 5546 ,
883 5489 930 5533 et
957 5479 1156 5535 Filium
1180 5481 1276 5535 Dei
1303 5497 1355 5536 se
1381 5482 1611 5538 nominat
1643 5485 1796 5558 (Sap.
1853 5505 1912 5557 ιι,
1948 5493 2060 5562 12).
2094 5494 2188 5551 Αι-

590 5574 714 5623 tera
737 5583 846 5626 vox
863 5578 1150 5630 cataracta:
1167 5586 1282 5630 eat:
1315 5572 1465 5630 Sicut
1489 5575 1596 5630 ovis
1618 5577 1685 5631 ad
1705 5579 1961 5639 victimam
1987 5586 2186 5642 adduc-

2282 1949 2444 2002 oratio
2469 1965 2581 2003 mea
2611 1947 2718 2004 Deo
2745 1951 2861 2004 vitae
2882 1966 3006 2005 mere
3028 1967 3047 2004 :
3078 1951 3248 2004 dicam
3284 1949 3420 2015 Deo,
3452 1959 3802 2018 susceptarum

2281 2056 2353 2107 es,
2384 2057 2543 2110 quare
2571 2041 2757 2096 oblitus
2801 2043 2889 2097 es?
2919 2041 3019 2096 Dat
3046 2041 3298 2098 videlicet
3337 2041 3646 2098 doctrinam
3675 2055 3715 2098 et
3733 2057 3805 2096 era-

2283 2132 2604 2189 solationem
2644 2134 2896 2190 omnibus
2921 2134 3085 2207 justis
3105 2177 3121 2202 ,
3156 2144 3214 2190 ut
3242 2134 3288 2190 si
3319 2151 3388 2190 ex
3421 2135 3612 2190 multis
3641 2139 3806 2191 tentatu-

2286 2246 2412 2285 num
2439 2230 2690 2288 ﬂuctibus
2721 2235 2916 2302 operti,
2951 2235 3423 2305 perturbationem
3458 2251 3654 2291 sensus
3674 2237 3807 2308 patiu-

2282 2329 2406 2390 tur,
2434 2339 2553 2394 qua:
2585 2325 2820 2383 tenebra:
2861 2329 3140 2384 oculorum
3189 2345 3295 2384 nox
3329 2342 3592 2398 vocatur;
3625 2346 3807 2385 ﬂlth-

2284 2413 2394 2469 rint
2422 2417 2546 2486 quia
2576 2433 2791 2488 semper
2814 2419 2866 2473 in
2894 2418 3032 2475 banc
3068 2428 3286 2478 noctem
3315 2423 3690 2477 manifestatur
3709 2423 3809 2476 mise-

2283 2507 2519 2564 ricordia
2544 2509 2639 2566 Dei
2663 2523 2855 2582 potcns
2872 2554 2887 2579 ,
2918 2513 3020 2567 nisi
3051 2514 3121 2568 sit
3144 2523 3359 2585 tempus
3380 2530 3552 2570 causa
3576 2513 3808 2571 miserandi

2284 2605 2393 2664 Sed
2418 2624 2539 2664 cum
2572 2612 2626 2665 in
2657 2613 2952 2682 periculum
2984 2612 3326 2678 venerimus,
3358 2623 3419 2668 et
3461 2614 3758 2685 perturbatio
3777 2625 3810 2666 et

2287 2699 2669 2771 desperatione
2693 2702 2818 2757 vitae
2845 2702 3132 2774 quamdam
3154 2703 3308 2758 cordi
3331 2715 3528 2759 nostro
3551 2704 3718 2761 fecer-it
3737 2717 3814 2758 sot-

2290 2802 2420 2859 tcm,
2456 2802 2582 2850 tunc
2606 2794 2650 2850 si
2679 2796 3010 2866 potuerimus
3038 2795 3218 2852 dicere
3251 2816 3265 2850 :
3298 2795 3461 2870 Apud
3489 2815 3572 2852 me
3600 2800 3735 2852 oratio
3754 2795 3812 2848 [tu

2287 2902 2400 2941 meo
2432 2903 2442 2938 :
2468 2887 2666 2953 dicam,
2699 2898 2957 2959 susceptor
2995 2906 3136 2944 meus
3155 2907 3226 2958 es,
3250 2908 3414 2960 quare
3446 2908 3527 2947 me
3547 2888 3813 2961 dereliqsus.‘

2289 2977 2405 3035 Hoc
2431 2995 2562 3050 ergo
2595 2982 2648 3036 in
2691 2989 2850 3038 nocte
2891 2983 3234 3040 retinendum
3282 2996 3405 3053 est;
3450 2996 3506 3041 et
3546 3003 3663 3041 cum
3702 2983 3814 3039 crta.

2297 3087 2490 3128 sensus
2519 3075 2925 3144 perturbantur,
2977 3075 3080 3132 hoc
3108 3087 3290 3132 tamen
3315 3077 3560 3134 deﬁcere
3601 3095 3692 3134 non
3718 3077 3818 3130 άέέῖῑ

2291 3165 2433 3235 quod
2471 3166 2766 3222 clamemus
2792 3167 2860 3222 ad
2894 3167 3179 3222 Dominum
3214 3187 3228 3224 :
3252 3186 3419 3240 quare
3440 3187 3522 3225 me
3545 3165 3817 3240 derelictui?

2214 3254 2261 3321 C
2292 3257 2359 3312 de
2388 3272 2494 3328 quo
2521 3272 2772 3315 sermone
2813 3260 2960 3330 prius
2991 3260 3343 3316 tractavimus
3395 3279 3408 3314 :
3439 3261 3567 3331 quia
3604 3261 3690 3316 etsi
3718 3271 3818 3314 ais:

2291 3350 2613 3420 iudiciorum
2643 3351 2741 3406 Dei
2765 3366 2868 3406 non
2889 3352 3253 3421 intelligamus
3295 3369 3469 3424 quare
3499 3369 3598 3408 nos
3625 3355 3670 3408 in
3688 3351 3814 3420 πᾶξιεῖ-

2293 3441 2396 3498 bus
2427 3442 2816 3499 tentationibus
2843 3443 3150 3511 relinquat;
3182 3444 3423 3500 deiicere
3456 3454 3634 3501 tamen
3657 3460 3734 3499 nos
3752 3457 3814 3496 an

2294 3543 2548 3606 oportet,
2581 3535 2708 3606 quin
2739 3537 2806 3592 ab
2835 3537 2950 3607 ipso
2973 3537 3408 3592 misericordiam
3433 3538 3765 3609 deprecemur.

2369 3628 2456 3684 14.
2491 3629 2687 3696 Quare,
2737 3631 2944 3701 inquit,
2978 3634 3136 3686 tristis
3168 3633 3349 3686 incedo
3372 3673 3390 3696 ,
3443 3632 3571 3686 dum
3605 3632 3756 3702 afﬂigit
3777 3641 3819 3676 is:

2296 3721 2530 3776 inimicus
2549 3763 2565 3790 ,
2597 3722 2763 3778 Vnus.
2797 3723 2885 3790 ll,
2917 3733 2963 3778 et
2992 3724 3271 3797 confringit
3295 3739 3416 3778 ossa
3441 3724 3596 3778 mea?
3619 3723 3720 3778 Haec.
3737 3732 3824 3789 frgi!

2296 3816 2511 3888 semper
2540 3819 2703 3872 etiam
2749 3819 2801 3872 in
2831 3829 2994 3873 nocte
3020 3819 3161 3888 apud
3187 3819 3398 3888 justum
3431 3819 3540 3874 erit
3567 3818 3702 3872 oratis
3719 3814 3820 3880 eius.

2296 3906 2451 3975 Quod
2496 3919 2674 3964 autem
2722 3911 2798 3964 ait
2828 3927 2841 3964 :
2873 3908 3166 3984 Confringit
3189 3927 3307 3965 ossa
3341 3927 3456 3964 mea
3501 3928 3514 3963 :
3545 3926 3640 3966 non
3663 3910 3821 3976 otiose.

2295 4002 2542 4072 proxima
2585 4020 2764 4068 mors,
2790 4005 3308 4076 subintelligendum
3339 4017 3461 4071 est;
3509 4006 3602 4062 sed
3635 4005 3738 4076 quia
3761 4000 3822 4068 ⁴ὶίιτ

2297 4097 2349 4151 in
2375 4095 2720 4152 tribulatione
2764 4097 3112 4170 frangebatur
3137 4101 3399 4171 patientia
3448 4101 3598 4171 ejus,
3639 4114 3739 4170 qua:
3779 4105 3825 4146 ei

2296 4192 2722 4246 stabilimentum
2755 4199 2811 4247 et
2835 4192 3094 4247 fortitudo
3120 4194 3318 4248 utentis
3339 4202 3582 4258 nostra,
3609 4193 3822 4247 sicut

2299 4295 2423 4340 sunt
2451 4288 2695 4356 corporis
2721 4305 2733 4339 :
2772 4301 2894 4341 ossa
2921 4286 3234 4357 patientiam
3258 4289 3497 4354 vocavit,
3523 4305 3634 4360 qua:
3657 4301 3756 4339 cum
3777 4299 3822 4334 xv

2299 4379 2466 4434 siduis
2497 4378 2933 4435 tribulationibus
2964 4380 3342 4452 confringetur
3385 4399 3398 4434 :
3431 4383 3556 4435 dum
3587 4376 3820 4451 confusis.

2299 4476 2407 4539 ait,
2451 4492 2566 4530 ossa
2609 4493 2720 4528 mea
2750 4518 2764 4542 ,
2797 4475 3237 4546 improperabant
3281 4475 3602 4531 tribulantes
3628 4490 3730 4532 tne.
3754 4483 3824 4523 ceu

2301 4567 2545 4624 dicerent
2573 4569 2818 4641 quotidie
2846 4588 2856 4624 :
2893 4569 2990 4625 Ubi
3016 4583 3088 4625 est
3118 4570 3259 4624 Deus
3292 4571 3456 4624 tuus?
3481 4570 3586 4628 Sed
3609 4569 3720 4624 licet
3743 4567 3826 4617 liga

2220 4641 2280 4708 Β
2303 4679 2520 4735 gravem
2569 4679 2782 4718 manum
2817 4665 3016 4718 Sentiat
3049 4665 3259 4734 justus,
3290 4665 3417 4736 quid
3449 4675 3622 4719 tamen
3650 4663 3747 4716 ﬁeri
3770 4673 3827 4712 s2.-

2300 4771 2453 4812 cesse
2483 4757 2586 4823 sit,
2616 4757 2833 4828 etquod
2876 4759 3178 4813 remedium
3219 4759 3571 4813 obtinendum
3596 4759 3659 4810 sit
3682 4755 3728 4809 in
3753 4768 3826 4823 ξιξ·

2301 4850 2688 4916 secutionibus,
2721 4850 2882 4904 docet
2904 4849 3111 4916 dicens,
3143 4850 3306 4905 Vens.
3339 4850 3407 4905 ~12
3437 4869 3452 4904 ;
3482 4849 3550 4904 Ut
3579 4850 3694 4919 quid
3727 4846 3826 4899 tri-2

2301 4959 2374 5006 es,
2401 4943 2574 4996 anima
2602 4959 2732 5010 mea,
2762 4953 2818 4996 ut
2846 4943 2968 5014 quid
2987 4944 3261 4997 conturbas
3287 4943 3406 4998 me?
3428 4943 3591 5015 Sprra
3613 4945 3659 4995 in
3686 4939 3826 4993 Dan.
3854 4979 3855 5018 ἶ

2301 5037 2421 5104 quia
2451 5037 2727 5103 conﬁtebor
2757 5037 2866 5101 illi,
2899 5037 3130 5092 salutare
3157 5037 3326 5091 vultus
3359 5038 3459 5092 mei
3489 5049 3534 5092 et
3561 5036 3691 5091 Deus
3721 5048 3827 5086 ηδε.
3854 5019 3855 5024 η

2305 5126 2420 5195 Quo
2444 5128 2600 5181 nobis
2621 5129 2900 5199 proposito
2930 5131 3212 5199 exemplo,
3249 5131 3293 5184 si
3321 5145 3424 5201 qua
3453 5132 3670 5193 vexatio,
3700 5130 3741 5181 si
3767 5139 3824 5194 qv

2307 5232 2592 5288 pressura,
2623 5221 2665 5274 si
2704 5221 2844 5290 quod
2877 5222 3264 5292 improperium
3310 5223 3540 5278 nominis
3566 5222 3650 5276 Dei
3679 5229 3855 5292 venat;

2305 5328 2469 5381 sulmr
2492 5328 2611 5378 nos,
2641 5315 2686 5367 si
2721 5314 2890 5368 tristis
2934 5315 3038 5369 erit
3065 5315 3249 5368 anima
3289 5326 3476 5370 nostra
3498 5357 3513 5380 ,
3540 5315 3583 5368 si
3613 5309 3828 5384 potu-’1'Lai

2297 5405 2468 5474 bitur,
2501 5422 2599 5461 nos
2626 5407 2865 5462 dicamus
2899 5426 2910 5461 :
2944 5406 3114 5477 Spera
3147 5409 3200 5463 in
3231 5409 3422 5476 Deum,
3446 5409 3566 5481 quia
3591 5403 3827 5463 comites:

2303 5500 2376 5554 illi
2403 5542 2419 5566 ,
2455 5511 2767 5570 protegente
2788 5501 2913 5556 Iesu
2941 5501 3162 5558 Christo
3211 5504 3441 5562 Domino
3463 5514 3653 5570 nostro,
3675 5501 3759 5558 cui

2300 5591 2471 5664 gloria
2499 5593 2551 5648 in
2573 5593 2768 5650 saecula
2788 5593 3135 5650 szeculorum.
3168 5593 3370 5652 Amen.

3519 5673 3588 5692 εκ,
