4046 6340
478 286 581 344 9H
667 281 700 338 3.1

1424 275 1516 335 DE
1551 272 2047 335 conueuramo
2099 273 2348 332 SANCTI
2379 275 2635 336 HlLARll
2665 237 2976 340 errscoiu

3669 285 3778 341 912

485 400 554 455 ad
580 411 896 454 communem
918 391 1306 467 intelligentiam
1326 397 1522 465 patent,
1555 391 1723 446 causis
1746 387 2074 443 interioribus
2101 387 2154 448 Α
2177 401 2330 458 gogte
2353 431 2368 458 ,
2417 389 2726 448 Iudaeorum
2775 404 2830 450 et
2883 394 3135 452 Gentium
3192 409 3292 452 seu
3337 395 3772 454 Christianorum

484 499 831 552 immoremur.
874 492 1081 562 Quibus
1108 489 1286 547 verbis
1313 489 1584 554 declarat,
1624 486 1890 556 duplicem
1931 482 2078 538 illam

487 587 897 659 intelligentiam
944 583 1128 640 utilem
1174 597 1236 637 ac
1262 580 1623 636 necessariam
1652 593 1775 633 esse
1799 620 1814 644 ,
1845 589 1905 631 se
1949 588 2081 629 vero

487 682 730 740 interiori
763 677 1101 751 potissimum
1148 684 1203 731 et
1244 673 1470 744 spiritali
1517 665 1834 738 adhaerere;
1881 679 1937 727 et
1975 671 2081 726 hoc

488 774 729 847 quidem,
769 768 892 843 quia
925 768 1154 840 simplex
1190 766 1388 837 cuique
1416 780 1511 836 per
1537 780 1597 822 se
1625 765 1810 834 obvia,
1837 780 2082 821 commu.

485 884 609 926 nem
641 875 857 938 captum
881 881 990 920 non
1017 870 1257 933 superet.
1645 925 1651 930 ἢ

559 961 628 1016 ν.
656 960 740 1016 Ex
763 959 956 1014 intimis
975 958 1138 1028 ipsius
1169 955 1458 1024 Scriptum
1483 951 1710 1009 sensibus
1730 959 1803 1007 est
1823 950 1997 1022 petita.
2013 977 2085 991 -—

494 1053 646 1109 Hanc
674 1059 854 1108 autem
885 1049 1113 1105 adorsus
1137 1044 1528 1119 interpretandi
1561 1044 1827 1100 rationem
1847 1085 1861 1109 ,
1889 1057 1948 1098 se
1977 1057 2082 1097 non

489 1146 766 1218 prppriam
797 1144 962 1200 animi
1001 1141 1324 1202 sententiam
1355 1147 1652 1203 sectatum,
1688 1151 1862 1208 neque
1899 1135 1966 1191 ad
1993 1150 2088 1191 co-

491 1241 656 1312 gitata
687 1239 1017 1308 Scripturas,
1049 1235 1144 1291 sed
1169 1234 1236 1290 ad
1267 1233 1577 1303 Scripturas
1615 1231 1849 1300 cogitata
1873 1244 2087 1284 accom-

493 1333 749 1390 modasse
772 1346 897 1402 cap.
923 1330 976 1397 7,
1001 1346 1057 1384 n.
1086 1331 1142 1394 8,
1167 1328 1450 1398 prolltetur
1479 1325 1562 1381 his
1588 1325 1771 1380 verbis
1806 1341 1819 1378 :
1847 1321 1970 1377 Non
1996 1337 2088 1376 nos

491 1425 884 1496 intelligentiam
926 1421 1168 1494 ﬁngimus
1187 1437 1206 1486 ,°
1238 1419 1327 1475 sed
1352 1427 1496 1490 gesta
1537 1417 1652 1488 ipsa
1699 1415 2090 1487 intelligentiam

491 1517 877 1588 impertiuntur.
913 1511 1097 1581 Neque
1119 1511 1253 1566 enim
1279 1527 1362 1565 res
1383 1508 1731 1580 intelligentia:
1750 1549 1764 1572 ,
1797 1505 1888 1562 sed
1913 1508 1987 1560 rei
2013 1507 2092 1559 in-

499 1609 778 1681 telligentia
799 1604 1164 1662 subsecundat.
1194 1603 1418 1659 Fatetur
1440 1600 1658 1672 quidem
1697 1615 1746 1656 c.
1782 1599 1850 1654 19
1871 1641 1886 1665 ,
1914 1614 1971 1652 n.
2011 1598 2045 1652 4
2072 1637 2088 1662 ,

495 1711 556 1757 ut
583 1712 636 1758 et
657 1699 956 1770 saepissime
979 1699 1135 1766 alias,
1166 1694 1308 1768 quod
1339 1709 1426 1750 res
1454 1707 1646 1748 omnes
1670 1735 1685 1760 ,
1713 1708 1833 1763 qua:
1872 1691 2090 1762 scripta:

2183 488 2387 547 status,
2419 501 2577 554 quem
2606 487 2672 542 iis
2711 487 2870 543 dictis
2909 505 2973 544 ac
2997 489 3165 561 gestis
3209 490 3612 560 prmformatunt
3659 509 3777 550 esse

2184 585 2420 629 enarrat.
2451 576 2508 632 In
2540 577 2622 633 his
2649 588 2732 645 sat
2753 581 2982 636 celebris
3003 591 3087 638 est
3108 581 3418 638 Judmorum
3451 584 3733 642 distinctio
3753 629 3768 653 ,

2183 680 2371 722 eorum
2418 669 2669 726 videlicet
2719 687 3008 741 paucorum
3062 689 3288 730 numero
3313 716 3328 740 ,
3361 675 3452 746 qui
3482 676 3775 748 Evangelia

2185 769 2499 831 paruerunt,
2527 772 2584 818 et
2624 778 2812 820 eorum
2844 765 3002 838 longe
3032 767 3407 838 plurimorum,
3438 770 3530 842 qui
3556 769 3776 826 restite-

2181 859 2332 908 runt.

2257 943 2395 1001 Vlll.
2453 946 2633 1018 Operis
2684 949 2838 1020 hujus
2886 952 3290 1009 nomenclatura.
3330 984 3403 998 ——
3433 956 3516 1011 An
3553 971 3686 1012 vero
3713 957 3776 1014 ad

2186 1037 2442 1108 populum
2497 1039 2596 1096 ista
2674 1044 3043 1112 peroravcrit,
3099 1047 3387 1103 incertum.
3441 1047 3617 1104 Immo
3659 1065 3777 1106 cum

2187 1143 2308 1200 cap.
2341 1131 2430 1198 19,
2463 1149 2518 1188 n.
2553 1134 2616 1188 11
2646 1177 2661 1202 ,
2695 1135 2815 1190 libri
2853 1138 3073 1195 nomine
3105 1139 3208 1196 hoc
3233 1155 3371 1212 opus
3417 1140 3536 1212 ipse
3577 1158 3780 1199 nuncu-

2192 1232 2316 1293 pet;
2349 1235 2558 1281 certum
2583 1236 2796 1282 estnon
2831 1228 2882 1283 in
2914 1229 3132 1285 modum
3164 1233 3490 1290 concionum
3522 1235 3577 1290 in
3601 1235 3777 1292 lucem

2189 1315 2357 1373 fuisse
2383 1317 2608 1374 editum.
2639 1318 2694 1375 ln
2720 1319 3040 1390 quibusdam
3073 1338 3203 1380 mss.
3235 1325 3547 1382 inscribitur
3575 1345 3590 1381 :
3621 1327 3780 1382 Trac-

2190 1418 2326 1464 tatus
2349 1427 2505 1482 super
2525 1409 2862 1481 Matthatum;
2885 1413 2937 1468 in
2967 1415 3087 1472 aliis
3115 1434 3129 1470 :
3161 1415 3434 1494 Expositio
3463 1436 3622 1491 super
3653 1420 3782 1476 Mat-

2191 1501 2379 1556 thaeum
2399 1519 2419 1568 ;
2440 1501 2492 1556 in
2515 1504 2726 1559 caeteris
2752 1522 2765 1559 :
2788 1501 3223 1562 Commentarium
3249 1525 3408 1580 super
3437 1509 3744 1566 Matthteum
3760 1528 3779 1567 :

2192 1607 2296 1664 quo
2319 1593 2534 1651 nomine
2567 1603 2876 1652 constanter
2898 1598 2967 1653 ab
2993 1597 3326 1672 Hieronymo
3351 1602 3680 1673 appellatur,
3704 1606 3786 1675 ip-

2195 1699 2371 1742 somet
2397 1687 2598 1743 llilario
2624 1689 2982 1762 suffragante,
3015 1707 3136 1764 cap.
3171 1693 3205 1749 5
3229 1734 3244 1759 ,
3279 1711 3334 1750 n.
3362 1696 3386 1750 l
3412 1737 3429 1764 ,
3455 1698 3546 1752 ubi
3574 1697 3644 1752 de
3670 1714 3787 1754 ora-

491 1793 698 1868 sunt(in
717 1793 1022 1863 evangelio)
1037 1801 1201 1862 gestae
1215 1788 1527 1860 effectisque
1540 1795 1684 1842 sunt.
1705 1785 1971 1842 Atstatim
1990 1783 2088 1837 ad-
2119 1774 2167 1835 B
2193 1782 2341 1836 tione
2374 1781 2644 1838 Dominica
2687 1787 3062 1841 commentandi
3092 1789 3390 1845 necessitate
3429 1806 3491 1847 se
3520 1806 3552 1846 a
3583 1792 3647 1848 Β.
3680 1793 3786 1866 Cy-

486 1899 670 1944 monet
693 1904 774 1954 ea,
798 1886 1014 1958 φατειιὸ
1036 1883 1144 1938 Deo
1163 1880 1425 1952 (Christo)
1441 1880 1739 1951 agebantur,
1765 1877 2090 1948 prwsentium

487 1980 769 2048 eﬁectibus,
793 1977 1203 2048 consequentium
1229 1979 1452 2046 formam
1479 1972 1764 2042 prwtulisse
1794 1987 1813 2025 :
1841 1980 1990 2040 atque
2018 1970 2092 2023 ita

453 2077 460 2081 ’
488 2088 689 2142 εεηιρει·
709 2071 763 2124 in
785 2069 1072 2139 Scripturis
1106 2065 1393 2122 cmlestibus
1437 2079 1722 2120 sermonem
1753 2069 2090 2132 temperatum

491 2164 653 2234 fuisse
670 2203 686 2226 ,
724 2171 780 2216 ut
804 2178 905 2215 non
933 2161 1100 2213 minus
1127 2159 1206 2212 his
1229 2172 1344 2229 qua:
1365 2156 1666 2228 gerebantur
1689 2197 1703 2220 ,
1733 2169 1888 2224 quam
1914 2167 2091 2208 eorum

489 2274 604 2331 qute
630 2255 853 2330 gerenda
879 2263 1041 2312 essent
1069 2251 1398 2308 similitudini
1419 2251 1764 2304 convenirent.

567 2349 652 2407 VI.
691 2351 806 2419 Qua
828 2349 1026 2404 ratione
1072 2346 1277 2418 indaget
1318 2345 1453 2415 quod
1497 2343 1728 2413 Spiritus
1776 2349 1984 2396 sanctus
2015 2339 2093 2394 la-

494 2452 656 2500 tenter
674 2441 1000 2515 significavit.
1031 2437 1197 2492 —Ea
1222 2444 1280 2491 ut
1317 2447 1639 2506 assequatur
1659 2474 1675 2501 ,
1701 2448 1823 2503 quae
1845 2433 1898 2487 in
1928 2446 2094 2487 evan-

458 2536 682 2608 gelicis
721 2535 940 2604 scriptis
969 2532 1198 2587 dictisve
1249 2527 1580 2601 prxﬁgurari
1623 2527 1723 2583 sibi
1777 2539 2088 2596 persuasum

491 2637 613 2696 est,
645 2627 938 2683 observare
964 2624 1107 2680 solet
1129 2621 1380 2678 ordinem
1414 2635 1595 2676 rerum
1636 2629 1909 2690 gestarum
1934 2659 1948 2684 ,
1973 2632 2094 2673 ver-

495 2722 689 2779 borum
718 2719 1100 2793 proprietates,
1133 2731 1234 2774 ucc
1255 2732 1364 2773 non
1390 2716 1656 2780 locorum,
1689 2722 1992 2783 temporum
2031 2725 2094 2766 ac

493 2830 849 2886 personarum
897 2813 1165 2870 rationem
1196 2828 1211 2866 :
1243 2810 1437 2880 hisque
1471 2808 1721 2864 omnibus
1761 2806 1927 2876 probe
1965 2818 2090 2874 per-

498 2910 688 2979 pensis
710 2916 872 2978 atque
894 2905 1211 2977 perspectis,
1238 2901 1522 2958 contendit
1541 2913 1942 2968 nonnumquam
1969 2895 2088 2950 ﬁeri

494 3005 584 3059 vix
612 3003 849 3073 potuisse
874 3041 890 3066 ,
946 2998 1074 3070 quin
1101 3039 1116 3066 ,
1157 3003 1358 3068 praeter
1414 2997 1607 3050 littera:
1649 3007 1864 3048 sensum
1886 3033 1900 3057 ,
1927 2989 2091 3046 alium

496 3096 784 3170 quemdam
832 3093 1130 3166 spiritalem
1178 3090 1336 3147 nobis
1362 3087 1599 3159 Spiritus
1629 3096 1849 3142 sanctus
1889 3083 2092 3154 signiti-

495 3164 623 3246 eare
654 3164 908 3244 voluerit.
967 3185 1100 3240 Eam
1151 3184 1222 3239 ob
1265 3197 1381 3238 rem
1430 3180 1631 3236 factum
1673 3194 1796 3235 esse
1824 3185 2008 3248 putat,
2036 3164 2166 3231 utC

495 3279 1066 3352 nonnihil'aliquando
1098 3277 1167 3333 ad
1197 3275 1492 3348 perfectam
1525 3289 1705 3330 rerum
1750 3269 2094 3341 prtesentium

497 3377 874 3434 tractationem
904 3372 1323 3429 desideraretur.
1351 3371 1500 3426 Sicut
1521 3369 1575 3422 in
1605 3369 1797 3423 ceteris
1825 3363 2099 3420 admonui-

496 3487 632 3534 mus,
663 3469 837 3538 inquit
864 3481 987 3536 cap.
1019 3465 1111 3531 2l,
1146 3480 1202 3519 n.
1231 3467 1318 3532 15,
1349 3464 1432 3519 hic
1455 3477 1656 3532 quoque
1694 3458 1982 3512 meminisse
2005 3471 2098 3510 nos

500 3570 720 3634 oportet,
753 3557 946 3614 rationi
969 3574 1142 3612 rerum
1171 3557 1500 3629 praesentium
1523 3553 1722 3624 aliquid
1747 3551 2002 3606 interdum
2039 3565 2098 3603 ea

499 3653 792 3709 conditione
815 3651 1007 3713 deesse,
1034 3658 1088 3702 ut
1119 3648 1408 3719 futurorum
1429 3648 1620 3717 species
1649 3645 1758 3698 sine
1794 3643 1983 3696 damno
2001 3641 2100 3694 ali-

501 3761 602 3816 quo
623 3744 968 3816 praeﬁgurata:
981 3741 1004 3810 (
1018 3745 1060 3813 ί.
1085 3739 1500 3811 prmlignrantis)
1521 3737 1796 3808 efﬁcientia:
1813 3734 2096 3808 expleatur.

583 3837 693 3894 Vll.
729 3835 844 3891 Hoc
871 3851 1070 3905 semper
1104 3843 1314 3906 praestat
1336 3833 1481 3887 salva
1517 3831 1747 3885 historia:
1771 3831 1999 3884 veritate.
2030 3857 2100 3868 —

503 3929 676 4002 Hujus
704 3935 884 3984 autem
925 3927 1188 3998 spiritalis
1217 3923 1614 3996 intelligentiae,
1647 3939 1826 3979 rerum
1872 3922 2102 3976 cireum-

506 4025 761 4082 stantium
789 4021 998 4078 ratione
1027 4019 1232 4088 habita,
1266 4018 1646 4075 necessitatem
1675 4016 1746 4070 ita
1779 4015 2102 4086 quandoque

502 4119 781 4189 exprimit,
808 4124 868 4170 ut
896 4114 998 4170 nisi
1033 4129 1179 4185 saepe
1221 4113 1420 4183 saepius
1459 4111 1764 4167 obtestatus
1789 4119 1972 4177 esset,
2000 4109 2103 4164 illi-

505 4211 694 4268 batum
727 4225 787 4265 se
815 4195 955 4264 velle
985 4208 1180 4263 littera:
1219 4219 1436 4261 sensum
1461 4245 1478 4272 ,
1518 4203 1662 4258 hunc
1693 4216 1914 4271 prorsus
1943 4215 2105 4271 repu-

505 4302 659 4358 diare
684 4301 976 4357 videretur.
1003 4300 1306 4365 Crederes,
1367 4298 1516 4352 verbi
1561 4295 1733 4367 gratia
1760 4337 1775 4362 ,
1826 4309 1946 4365 cap.
2006 4293 2100 4359 10,

507 4409 568 4450 ιι.
587 4393 676 4460 17,
703 4409 824 4449 eum
854 4408 1071 4464 negare,
1096 4392 1314 4448 verbis:
1348 4389 1474 4445 Veni
1501 4390 1636 4446 enim
1667 4405 1909 4460 separare
1935 4387 2103 4458 ﬁlium

512 4488 758 4542 adversus
789 4501 1004 4558 patrem,
1031 4497 1162 4550 etc.,
1206 4487 1370 4543 ullam
1393 4502 1422 4541 a
1456 4485 1772 4556 prepinquis
1794 4484 2103 4542 carnalibus

2194 1876 2386 1946 priano
2411 1876 2693 1933 liberatum
2722 1890 3010 1936 memorat.

2263 1967 2354 2022 IX.
2398 1966 2726 2025 lndubitatus
2763 1981 2839 2026 est
2870 1970 3065 2027 Hilarii
3110 1977 3261 2046 fetus.
3289 2006 3360 2016 —-
3383 1976 3527 2033 Nihil
3575 1990 3664 2036 est
3699 1997 3789 2038 cur

2193 2062 2247 2118 in
2291 2063 2402 2118 illis
2426 2065 2828 2121 commentariis
2857 2065 3062 2122 Hilario
3100 2071 3410 2127 asserendis
3441 2074 3650 2130 diutius
3698 2078 3793 2130 im-

2193 2156 2492 2212 moremur‘.
2533 2157 2646 2214 Neu
2678 2159 2822 2214 enim
2846 2168 3052 2216 tantum
3092 2164 3299 2234 antiqui
3341 2166 3616 2224 tradidere
3648 2184 3793 2224 com~

2195 2250 2488 2306 mentarios
2532 2251 2585 2306 in
2618 2251 2924 2308 Matthmum
2972 2255 3040 2309 ab
3091 2255 3184 2311 illo
3213 2257 3419 2325 editos;
3451 2261 3546 2316 sed
3577 2270 3632 2316 ct
3673 2278 3792 2318 cum

2194 2340 2261 2396 iis
2289 2356 2425 2412 quos
2448 2357 2557 2412 pra:
2585 2346 2832 2400 manibus
2867 2345 3128 2404 habemus
3159 2353 3542 2420 consentiunt,
3577 2370 3701 2426 qua:
3728 2370 3792 2410 ex

2195 2433 2304 2490 illis
2333 2433 2668 2507 dcscripsere
2699 2437 3020 2494 Hincmarus
3060 2440 3155 2497 lib.
3184 2441 3253 2498 de
3284 2443 3543 2500 Prazdest.
3592 2461 3644 2502 c.
3688 2448 3791 2516 25,

2195 2528 2526 2598 Augustinus
2551 2571 2565 2595 ,
2594 2539 2716 2600 post
2754 2530 3024 2602 Pelagium
3051 2574 3066 2599 ,
3111 2533 3204 2589 lib.
3253 2535 3322 2591 de
3358 2535 3478 2592 Nat.
3534 2549 3590 2594 et
3641 2540 3791 2597 Grat.

2195 2636 2244 2677 c.
2271 2622 2342 2676 62
2361 2665 2374 2684 ,
2402 2631 2456 2677 ct
2479 2622 2842 2697 Hieronymus
2867 2627 3027 2698 epist.
3051 2642 3210 2704 chv.
3235 2629 3334 2698 Qui
3357 2631 3574 2701 quidem
3609 2636 3794 2704 quanti

2197 2713 2318 2770 illos
2341 2715 2549 2782 iecerit,
2571 2718 2727 2772 initio
2743 2718 2901 2789 hujus
2922 2719 3303 2778 admonitionis
3325 2722 3436 2793 jam
3462 2725 3791 2783 audivimus.

2199 2807 2388 2864 Dicere
2417 2809 2578 2864 etiam
2604 2809 2764 2866 liceat
2792 2811 3138 2868 Ambrosium
3161 2829 3226 2869 ex
3257 2814 3322 2869 iis
3348 2816 3644 2886 plurimum
3678 2834 3795 2887 pro-

2197 2903 2408 2959 fecisse.
2432 2901 2592 2960 Certe
2613 2903 2812 2959 Lucam
2842 2919 3142 2974 exponens,
3177 2905 3246 2962 iis
3276 2907 3328 2962 in
3357 2908 3491 2964 locis
3515 2910 3567 2963 in
3599 2911 3794 2982 quibus

2198 2995 2286 3052 hic
2315 2997 2647 3068 evangelista
2671 3011 2794 3051 cum
2817 2996 3068 3052 Mattme
3096 2999 3379 3064 convenit,
3409 3003 3716 3057 sententias
3739 3012 3796 3058 ut

2199 3090 2489 3159 plurimum
2520 3099 2614 3145 aut
2641 3089 2915 3158 imitatur,
2959 3100 3051 3146 aut
3078 3102 3385 3160 memorat,
3418 3109 3556 3165 quas
3607 3096 3665 3151 in
3714 3097 3793 3152 his

2198 3183 2601 3238 commentariis
2631 3192 2818 3238 noster
2841 3181 3081 3240 Hilarius
3110 3186 3467 3257 consignavit.

2269 3277 2337 3332 Χ.
2373 3275 2624 3348 Praefatio
2649 3277 2788 3333 deest
2815 3294 2969 3347 quam
2991 3278 3236 3334 ediderat.
3256 3279 3439 3334 ——Hos
3479 3281 3796 3356 praefatione

2197 3379 2387 3425 auctos
2417 3369 2623 3425 viderat
2663 3369 2900 3426 Joannes
2938 3372 3248 3428 Cassianus.
3289 3372 3380 3429 Sic
3405 3373 3550 3428 enim
3581 3374 3676 3429 lib.
3727 3391 3795 3430 vn

2199 3459 2268 3516 de
2293 3459 2502 3516 lncarn.
2535 3476 2585 3516 c.
2617 3460 2726 3528 24,
2778 3471 3059 3532 postquam
3111 3464 3262 3532 plura
3313 3465 3500 3519 retulit
3528 3481 3595 3520 ex
3643 3464 3796 3521 libris

2201 3555 2390 3612 Hilarii
2421 3557 2487 3611 de
2516 3555 2707 3611 Trinit.
2743 3566 3018 3626 excerpta,
3047 3557 3266 3629 subjicit
3288 3577 3300 3612 :
3325 3557 3458 3613 Item
3480 3559 3713 3625 eiusdem
3744 3559 3798 3613 in

2201 3650 2444 3722 prooemio
2474 3649 2804 3719 expositionis
2826 3648 3094 3721 Evangelii
3131 3649 3412 3704 secundum
3442 3649 3749 3706 Matthamm
3777 3667 3798 3706 :

2204 3742 2338 3797 Erat
2369 3758 2583 3812 namque
2611 3743 2834 3814 primum
2860 3743 3201 3798 necessarium
3224 3742 3388 3809 nobis,
3418 3755 3476 3798 ut
3506 3744 3798 3817 unigenitus

2203 3834 2346 3890 Deus
2377 3835 2535 3890 nostri
2565 3849 2720 3888 causa
2747 3835 2920 3899 homo,
2944 3835 3001 3889 id
3025 3836 3165 3906 quod
3193 3845 3302 3890 tum
3327 3853 3431 3890 non
3460 3846 3594 3902 erat,
3624 3837 3803 3908 gigne-
3837 3837 3842 3839 ’

2202 3937 2365 3983 retur.
2415 3925 2550 3981 Item
2589 3927 2644 3982 in
2689 3926 2863 3982 eodem
2903 3943 2922 3982 :
2952 3925 3180 3982 Tertium
3223 3928 3462 3999 deinceps
3507 3911 3643 3982 illud
3683 3943 3806 3982 con-

2203 4037 2387 4092 gruum
2429 4020 2560 4089 fuit,
2593 4030 2650 4074 ut
2673 4021 2793 4090 quia
2821 4017 2958 4074 Deus
2988 4021 3139 4076 homo
3167 4022 3366 4092 genitus
3403 4021 3459 4074 in
3495 4019 3691 4075 mundo
3713 4062 3730 4088 ,
3760 4029 3808 4075 et

2205 4117 2409 4168 uetera.
2459 4111 2836 4169 Praefationem
2868 4112 3113 4169 eamdem
3161 4113 3371 4169 viderat
3419 4122 3475 4169 et
3521 4113 3803 4170 Alcuiuus.

2205 4205 2540 4276 Quamquam
2585 4205 2927 4276 suspicamur
2963 4204 3354 4270 vehementer,
3413 4218 3478 4260 ex
3535 4219 3601 4261 ea
3657 4205 3805 4260 illum

2205 4298 2340 4356 nihil
2372 4298 2520 4354 aliud
2549 4297 2750 4355 vidisse
2769 4339 2784 4363 ,
2831 4313 2991 4369 quam
3014 4297 3158 4370 quod
3184 4297 3324 4367 apud
3351 4295 3680 4352 Cassianum
3727 4297 3808 4352 le-

2206 4399 2377 4462 gerat.
2423 4391 2594 4462 llujus
2637 4391 2834 4463 quippe
2862 4392 3030 4446 verba
3061 4390 3375 4446 describens
3405 4398 3530 4460 post
3566 4389 3805 4446 medium

2207 4487 2301 4542 lib.
2363 4502 2417 4542 tv
2449 4483 2649 4542 'contra
2707 4485 2943 4542 Felicem
2988 4484 3175 4556 Urgel.
3209 4485 3287 4540 sic
3330 4483 3497 4540 habet
3528 4503 3541 4538 :
3575 4483 3809 4538 Hilarius

511 4581 736 4654 prazcipi
773 4582 1202 4651 separationem,
1235 4580 1336 4636 nisi
1366 4594 1484 4635 eam
1509 4550 1620 4648 jam
1665 4550 1825 4632 antea
1864 4591 1982 4647 cap.
2028 4575 2063 4631 4
2086 4617 2100 4642 ,
2127 4550 2184 4614 Ῑ)
2210 4579 2314 4652 (ex
2339 4577 2600 4634 Cassiano
2631 4577 2935 4634 addendum
2977 4550 3356 4648 virivirtutum
3395 4577 3633 4631 omnium
3659 4586 3813 4647 atque

511 4691 571 4731 η.
591 4674 679 4742 19,
704 4673 790 4728 ubi
818 4673 921 4743 ipsi
945 4673 1199 4729 seandalo
1217 4679 1363 4738 sunt,
1395 4670 1988 4741 omninojnecessariam
2007 4684 2104 4724 eo-

495 4767 760 4824 vrumdem
803 4764 1090 4820 verborum
1119 4766 1441 4822 auctoritate
1487 4763 1786 4819 docuisset.
1826 4762 2102 4831 Quibusli-

504 4862 610 4923 .bet
630 4861 791 4933 igitur
821 4857 1002 4913 verbis
1027 4858 1266 4915 declaret
1291 4858 1490 4931 aliquid
1523 4857 1576 4912 in
1617 4857 1908 4926 Scripturis
1930 4856 2102 4922 aliud,

512 4972 672 5028 quam
699 4953 841 5025 quod
872 4959 1051 5018 sonat,
1083 4953 1487 5023 intelligendum
1512 4967 1634 5009 esse
1654 4993 1669 5018 ,
1711 4952 1812 5007 hoc
1846 4953 1915 5006 ita
1961 4953 2102 5006 acci-

513 5048 772 5119 piendum
796 5055 909 5112 est,
940 5055 994 5100 ut
1011 5085 1027 5110 ,
1052 5045 1500 5116 quemadmodum
1535 5054 1718 5102 mouet
1737 5061 1856 5116 cap.
1883 5045 1938 5113 2,
1968 5063 2022 5099 η.
2047 5045 2104 5111 2,

524 5143 905 5200 meminerimus
964 5138 1226 5194 veritatem
1261 5155 1362 5192 non
1391 5139 1584 5193 idcirco
1623 5139 1920 5209 corrumpi,
1953 5139 1996 5191 si
2025 5153 2111 5208 ge-

529 5236 706 5289 rendis
747 5233 898 5287 rebus
922 5233 1180 5286 interioris
1207 5231 1556 5300 intelligentia:
1597 5232 1727 5286 ratio
1765 5231 1994 5301 subjecta
2021 5232 2105 5284 sit.

515 5327 672 5397 Quod
692 5328 854 5383 etiam
891 5327 945 5382 in
974 5326 1118 5382 Psal.
1152 5340 1352 5391 cxxtn,
1407 5325 1550 5390 n.5,
1593 5325 1810 5381 tradidit
1860 5325 1942 5380 his
1985 5325 2108 5382 aliis

511 5419 924 5478 verbis:Fides
967 5422 1193 5476 historia:
1227 5436 1329 5474 non
1373 5419 1723 5489 periclitatur,
1770 5424 1813 5475 si
1841 5420 1989 5476 rebus
2029 5423 2107 5490 ef-

513 5513 659 5582 fectis
679 5519 842 5568 inesse
866 5523 914 5568 et
939 5529 1220 5568 connexam
1251 5513 1347 5565 sibi
1376 5511 1684 5566 extrinsecus
1708 5513 2106 5583 signiﬁcantium

515 5606 882 5660 existimemus.
910 5605 1041 5658 Dum
1074 5615 1255 5660 autem
1277 5603 1465 5660 sedulo
1485 5605 1675 5674 qumrit
1701 5606 1840 5675 quod
1868 5607 1968 5660 sub
1991 5606 2106 5659 dic-

512 5697 587 5749 tis
615 5699 848 5766 gestisve
868 5698 1192 5768 evangelicis
1221 5698 1370 5766 latet,
1424 5697 1559 5753 nihil
1589 5697 1637 5752 ei
1669 5699 1906 5753 occurrit
1946 5697 2104 5752 lami-

515 5783 702 5841 liarius
722 5826 738 5852 ,
778 5803 940 5857 quam
981 5789 1112 5858 legis
1134 5799 1190 5848 et
1215 5789 1525 5862 Evangelii,
1558 5787 1812 5846 Ecclesia:
1837 5798 1895 5846 et
1927 5789 2102 5860 Syna-

2210 4681 2646 4738 ornamentorum,
2676 4681 2723 4726 et
2751 4672 2884 4725 sicut
2913 4671 3039 4737 vita,
3069 4671 3145 4725 ita
3173 4679 3221 4724 et
3239 4671 3531 4740 eloquentia
3552 4670 3775 4740 insignis
3793 4708 3808 4734 ,

2211 4768 2262 4822 in
2289 4766 2416 4821 libro
2446 4765 2568 4834 ﬁdei
2592 4766 2835 4829 secundo,
2861 4773 2966 4820 etc.
2995 4763 3141 4819 Idem
3162 4766 3216 4818 in
3247 4764 3489 4836 procemio
3519 4765 3812 4833 expositio-

2211 4859 2291 4913 nis
2324 4857 2592 4928 Evangelii
2619 4857 2897 4913 secundum
2921 4856 3227 4912 Mattharum
3259 4874 3272 4910 :
3305 4854 3434 4910 Erat
3460 4873 3684 4927 namque
3709 4858 3816 4928 pri-

2211 4968 2348 5005 mum
2366 4951 2706 5006 necessarium
2729 4951 2894 5014 nobis,
2919 4961 2971 5005 ut
2998 4951 3292 5022 unigenitus
3313 4948 3448 5004 Deus
3470 4950 3638 5004 nostri
3657 4967 3815 5005 causa

2211 5032 2362 5100 hamo
2389 5054 2794 5116 cognosceretur.
2829 5041 2935 5100 Sed
2965 5053 3020 5098 et
3041 5059 3108 5098 ex
3139 5043 3382 5110 ipsismet
3407 5041 3594 5097 Hilarii
3628 5041 3815 5098 verbis

2211 5139 2366 5194 initio
2397 5153 2545 5192 num.
2577 5139 2635 5204 2,
2667 5153 2788 5207 cap.
2825 5137 2878 5203 1,
2905 5145 3131 5208 apparet
3155 5134 3358 5206 aliquid
3396 5134 3554 5190 nobis
3575 5133 3813 5200 deesse,

2211 5233 2266 5289 in
2297 5250 2403 5305 quo
2433 5234 2500 5289 dc
2529 5231 2727 5289 Christi
2756 5232 3107 5302 generatione
3140 5227 3396 5301 praefatus
3417 5229 3507 5284 sit.

2279 5325 2373 5381 Xl.
2410 5326 2484 5380 De
2535 5325 2749 5381 elencho
2800 5332 3242 5396 argumentorum.
3273 5351 3346 5363 —
3371 5320 3632 5377 Prommii
3693 5321 3816 5377 loco

2214 5435 2357 5476 nunc
2380 5420 2610 5475 habetur
2637 5417 2917 5473 titulorum
2947 5431 3042 5472 seu
3067 5423 3507 5488 argumentorum
3538 5415 3593 5469 in
3625 5412 3702 5470 55
3728 5427 3818 5468 ca-

2215 5514 2324 5586 pita
2355 5502 2767 5568 distributorum
2807 5511 3086 5567 elenchos.
3145 5509 3244 5565 llic
3297 5509 3349 5563 iu
3405 5506 3553 5578 prius
3582 5506 3820 5576 vulgatis

2215 5607 2452 5662 elenchus
2477 5621 2729 5660 canonum
2747 5603 3038 5674 inscriptus
3062 5609 3244 5669 est,ex
3260 5615 3434 5670 eoque
3453 5607 3510 5655 ct
3532 5612 3820 5654 commen-

2215 5698 2385 5754 tarius
2405 5699 2582 5754 omnis
2608 5699 2662 5754 in
2687 5709 2925 5752 canones
2944 5694 3151 5750 divisus
3175 5700 3279 5748 est.
3307 5691 3477 5763 Cujus
3505 5690 3818 5760 inscriptio-

2220 5790 2303 5846 nis
2330 5805 2393 5848 ac
2421 5787 2835 5862 nuncupationis
2863 5785 3004 5844 ratio
3045 5784 3174 5858 quia
3215 5799 3324 5842 non
3356 5782 3606 5841 omnibus
3655 5779 3817 5838 obvia
