3882 6332
93 315 190 372 915

1020 325 1088 382 ΙΝ
1126 328 1573 388 EVANGELIUM
1613 333 1948 395 ΜΑΤἸῚΙΛΞΙ
1985 339 2378 403 ADMONITIO.

3265 362 3366 420 9H

90 439 199 496 est;
223 430 292 486 ab
321 447 380 488 re
409 447 514 488 non
538 435 642 490 erit
671 437 945 508 inquirere
970 483 984 507 ,
1013 442 1157 499 unde
1185 442 1426 514 profecta
1457 455 1513 502 et
1532 463 1662 504 num
1691 450 1745 512 Α
1768 464 1965 510 nomen
2013 455 2238 514 inditum
2282 469 2400 528 est,
2427 461 2484 518 in
2513 479 2620 536 quo
2647 482 2858 526 summa
2908 472 3136 530 habetur
3177 491 3363 533 eorum

89 524 354 596 probanda
398 526 485 581 sit.
537 528 648 584 lloc
677 546 776 600 per
812 547 871 586 se
909 534 1104 605 cuique
1155 546 1493 607 perspectum
1548 538 1666 596 fore

85 632 391 687 Speramus,
430 629 713 692 postquam
761 627 1180 698 expenderimus
1210 646 1332 702 qua:
1360 632 1528 689 titulis
1559 633 1666 690 illis

85 710 369 764 auctoritas
390 711 676 769 debeatur.

154 805 264 862 XII.
300 807 455 864 Illius
477 822 676 868 auctor.
709 843 782 856 —-
809 814 1020 888 Ambigi
1055 827 1235 888 potest
1259 835 1326 876 an
1356 831 1545 878 auctor
1573 807 1668 879 eo-

91 915 202 955 rum
235 901 468 959 Hilarius
491 905 770 963 habendus
791 910 896 963 sit:
925 919 1110 980 utpote
1145 929 1374 985 quorum
1409 916 1667 974 elenchus

89 993 326 1048 nonnihil
355 995 584 1054 barbare
611 1002 890 1057 ordinatus
926 1003 1158 1073 videtur,
1186 1016 1240 1063 et
1271 1023 1377 1064 non
1409 1010 1542 1065 satis
1571 1025 1664 1066 ac-

86 1096 284 1150 curate.
317 1087 445 1144 dum
476 1092 680 1148 omittit
722 1095 980 1152 neunnlla
1006 1139 1022 1164 ,
1061 1097 1128 1154 de
1157 1100 1352 1170 quibus
1389 1103 1520 1156 satis
1551 1103 1666 1159 fuse

86 1177 400 1248 disseritur;
435 1181 537 1236 alia
571 1199 698 1240 vero
725 1186 998 1256 continet,
1037 1205 1158 1260 quae
1187 1191 1444 1263 deinceps
1473 1193 1559 1249 vix
1587 1203 1668 1250 at-

84 1270 370 1340 tingautur.
404 1271 782 1333 Prmscribitur
812 1295 863 1332 v.
889 1296 970 1351 g.,
1011 1296 1130 1353 cap.
1166 1283 1234 1340 15
1266 1303 1281 1338 :
1315 1283 1394 1341 De
1425 1285 1661 1342 lavandis

82 1363 327 1429 manibus,
365 1374 412 1420 ct
439 1383 542 1421 non
571 1385 630 1422 ea
658 1385 774 1438 qua:
803 1373 858 1427 in
901 1389 958 1428 os
985 1375 1212 1442 intrant,
1244 1379 1335 1432 sed
1364 1395 1424 1433 ea
1459 1396 1573 1450 qua:
1601 1398 1665 1436 ea:

77 1471 160 1509 ore
185 1467 372 1511 exeunt
401 1459 713 1531 inquinare;
741 1478 862 1518 cum
893 1465 1027 1522 nihil
1053 1476 1327 1534 tractetur,
1357 1470 1501 1540 quod
1541 1472 1665 1528 huic

75 1549 225 1605 titulo
248 1562 433 1621 aperte
457 1555 800 1625 respondeat.
833 1558 1093 1615 Addimus
1119 1571 1170 1616 et
1202 1564 1304 1618 hoc
1333 1563 1526 1634 capitis
1555 1565 1622 1621 15
1644 1607 1660 1633 ,

73 1643 128 1698 in
160 1659 268 1715 quo
297 1655 670 1716 praenotantur
698 1651 840 1706 tituli
865 1653 929 1708 de
956 1654 1234 1710 seminante
1261 1655 1444 1711 bonum
1467 1675 1660 1722 semen,

75 1739 136 1794 de
157 1738 354 1792 sizania
375 1749 424 1794 et
449 1741 617 1796 tritico
634 1784 650 1809 ,
680 1742 809 1799 licet
835 1745 887 1800 in
918 1748 1263 1804 enarratione
1289 1749 1356 1804 de
1387 1751 1471 1806 his
1497 1766 1660 1822 para-

1767 558 1887 614 quze
1915 547 2156 616 quolibet
2202 551 2339 608 libro
2389 549 2752 617 continentur.
2782 563 2952 621 Porro
2991 565 3079 623 hic
3117 569 3278 626 index
3307 573 3360 626 in

1769 634 2077 695 Corbeiensi
2106 643 2291 700 codice
2318 661 2349 701 a
2387 649 2535 706 mille
2576 655 2731 710 annis
2771 669 2994 714 exarato
3025 677 3190 717 canon
3219 677 3360 720 nun-

1768 739 2012 798 cupatur.
2071 732 2364 808 luscriptus
2409 741 2553 799 enim
2583 744 2777 816 legitur
2809 748 2861 804 in
2907 749 3052 808 hunc
3098 755 3359 811 modum:

1768 821 1962 914 {melii
1981 825 2255 900 Augustini
2297 833 2526 904 episcopi
2571 847 2747 893 contra
2779 839 3022 914 Paganos
3052 845 3116 900 de
3153 846 3366 903 Civitate

1769 910 1867 967 Dei
1893 913 2071 984 incipit
2102 919 2228 974 liber
2247 925 2441 991 primm
2460 927 2670 996 prelato
2695 910 2904 988 Conone
2929 976 2944 1001 ,
2968 953 3070 1005 quo
3109 938 3363 994 indicatur

1775 1005 1902 1074 quid
1937 1007 2062 1071 liber
2101 1013 2309 1084 quisque
2357 1019 2657 1075 contineat:
2683 1033 2737 1078 et
2787 1023 2855 1079 ad
2907 1027 3112 1084 calcem
3151 1031 3360 1088 elenchi

1767 1112 1862 1153 seu
1907 1099 2099 1157 Indicis
2142 1105 2255 1174 ﬁnit
2280 1125 2443 1164 canon
2469 1113 2714 1170 librorum
2741 1117 2936 1174 decem.

1837 1192 1981 1250 XIV.
2009 1195 2132 1252 Non
2185 1211 2316 1257 recte
2359 1205 2414 1258 in
2457 1223 2675 1264 canones
2718 1210 2814 1265 hoc
2856 1229 2984 1284 opus
3013 1215 3357 1273 distributum.

1772 1284 1920 1341 Unde
1948 1289 2045 1343 hoc
2067 1294 2259 1361 factum
2289 1296 2532 1354 sit.—Ex
2561 1300 2645 1356 his
2670 1302 2826 1360 facile
2844 1306 2955 1376 jam
2987 1313 3214 1382 quisque
3240 1314 3356 1367 ani-

1767 1381 2055 1438 madvertit
2093 1385 2234 1442 unde
2263 1387 2316 1442 in
2346 1388 2430 1444 his
2469 1392 2655 1451 Hilarii
2700 1404 3101 1458 commentariis
3128 1381 3362 1460 canonis

1765 1476 2083 1532 vocabulum
2106 1480 2417 1546 obtinuerit.
2440 1493 2494 1540 et
2514 1503 2638 1542 num
2660 1499 2808 1547 recte
2823 1493 3130 1551 obtinuerit.
3147 1496 3359 1553 Nullunv~

1765 1567 1982 1638 quidem
2011 1585 2114 1624 ms.
2139 1571 2379 1629 codicem
2404 1576 2655 1646 vidimus,
2675 1581 2726 1635 iu
2751 1598 2858 1653 quo
2885 1597 3132 1642 occurrat
3152 1588 3256 1646 hoc
3279 1608 3363 1644 ca-

1766 1662 1914 1716 nonis
1937 1666 2277 1722 vocabulnm.
2313 1667 2456 1724 Fieri
2486 1680 2663 1728 tamen
2698 1690 2854 1744 posse
2892 1681 3239 1739 concedimus
3261 1726 3277 1751 ,
3306 1698 3356 1738 ut

1767 1751 1851 1807 ubi
1883 1753 1936 1808 in
1960 1758 2158 1811 nostris
2186 1773 2316 1814 mss.
2353 1761 2529 1832 legere
2550 1774 2662 1828 est,
2691 1765 2960 1840 Incipiunt
2985 1775 3212 1844 capitula
3238 1777 3357 1832 libri

71 1831 206 1886 bolis
237 1848 337 1888 nec
364 1835 588 1890 verbum
617 1835 730 1891 ﬁat.
758 1837 955 1895 Nescio
983 1849 1158 1897 tamen
1187 1858 1254 1898 an
1283 1859 1388 1899 non
1422 1845 1543 1916 plus
1572 1860 1659 1900 va-
1690 1847 1734 1908 Β
1761 1847 1932 1902 sancti
1963 1847 2182 1916 Hilarii,
2215 1851 2268 1906 in
2299 1855 2574 1910 nonnullis
2603 1858 2923 1926 praeferatur
2942 1905 2956 1929 ,
2979 1863 3171 1936 Incipit
3200 1884 3360 1923 canon

73 1924 182 1980 lere
207 1923 408 1981 debeat
437 1926 526 1980 illa
556 1929 722 1995 ratio,
755 1940 811 1985 ut
840 1931 1099 1989 elenchus
1129 1935 1219 1990 ille
1261 1935 1463 1992 Hilario
1507 1937 1660 2006 adju-

73 2015 278 2072 dicetur
304 2057 320 2083 ,
350 2034 509 2088 quam
544 2031 602 2075 nt
631 2021 681 2076 ei
709 2022 1068 2093 abjudicetur.
1109 2025 1227 2096 Ipse
1260 2027 1404 2083 enim
1434 2029 1536 2084 sibi
1566 2044 1660 2100 po-

70 2109 167 2164 tuit
195 2110 354 2166 initio
403 2115 648 2184 quaedam
700 2131 1042 2188 proponere,
1070 2120 1267 2190 quibus
1305 2119 1502 2178 deinde
1550 2136 1659 2178 non

69 2202 464 2259 immorandum
514 2206 772 2276 judicarit
811 2228 822 2262 :
855 2225 959 2266 non
1004 2213 1180 2282 potuit
1207 2213 1347 2269 alter
1389 2229 1455 2268 ex
1517 2214 1658 2271 illius

68 2298 281 2368 scriptis
313 2299 415 2356 nisi
447 2315 634 2357 rerum
679 2319 797 2374 qua:
828 2312 1133 2363 tractantur
1159 2321 1474 2380 argumenta
1504 2309 1660 2366 colli-

75 2405 220 2461 gere.
274 2392 412 2448 IIinc
460 2411 649 2466 magna
684 2397 837 2452 nobis
879 2399 1122 2455 oboritur
1151 2401 1426 2472 suspicio,
1476 2402 1660 2458 titulos

71 2482 190 2539 illos
205 2483 322 2554 jam
354 2485 541 2542 Hilarii
579 2503 696 2543 aevo
725 2489 779 2544 in
810 2490 1212 2562 evangeliorum
1256 2494 1661 2564 exemplaribus

69 2585 402 2644 praenotatos
431 2577 618 2645 fuisse,
653 2580 908 2653 illumque
932 2598 998 2640 ex
1025 2584 1090 2640 iis
1119 2585 1403 2657 selegisse,
1429 2601 1659 2658 quorum

69 2669 342 2725 utiliorem
385 2671 609 2728 duceret
651 2676 1106 2746 explanationem.
1155 2679 1488 2752 Quamquam
1515 2683 1661 2738 enim

68 2761 118 2815 in
144 2770 318 2818 totum
351 2765 588 2824 Matthxi
617 2771 956 2841 evangelium
995 2775 1266 2840 excurrit,
1297 2791 1404 2831 non
1449 2777 1661 2847 singula

71 2869 245 2916 tamen
284 2862 429 2917 illius
459 2865 648 2933 verba,
672 2867 766 2922 sed
789 2868 1021 2924 selectos
1040 2869 1319 2926 dumtaxat
1345 2887 1411 2926 ex
1437 2871 1663 2943 singulis

68 2952 344 3023 capitibus
371 2956 554 3012 titulos
582 2969 815 3015 enarrat.
846 2960 1000 3029 Quod
1027 2969 1084 3017 et
1107 2960 1394 3033 Origencm
1426 2974 1551 3019 ante
1580 2964 1662 3034 ip-

65 3058 179 3098 sum
223 3045 422 3103 fecisse
462 3049 676 3119 planum
720 3063 800 3106 est
852 3067 918 3108 ex
963 3054 1370 3109 commentariis
1423 3055 1566 3110 illius
1593 3055 1663 3110 ab

65 3135 260 3192 I’Iuclit)
298 3141 527 3212 vulgatis
550 3185 566 3210 ,
600 3143 652 3199 in
695 3145 888 3215 quibus
930 3145 1170 3201 Matthaei
1197 3148 1534 3218 evangelium
1564 3148 1663 3203 sub

1761 1937 1878 1993 libri
1921 1942 2084 1996 sancti
2131 1941 2321 1998 Hilarii
2349 1962 2368 2000 :
2394 1956 2556 2018 atque
2584 1949 2655 2004 ita
2688 1954 2963 2011 exstitisse
3005 1947 3276 2017 credimus
3307 1963 3359 2017 iu

1759 2031 1946 2089 codice
1973 2034 2109 2090 alias
2147 2040 2317 2093 sancti
2361 2039 2586 2114 Benigni
2628 2044 2988 2117 Divionensis,
3018 2066 3087 2106 ex
3113 2069 3222 2124 quo
3250 2057 3364 2125 pri-

1760 2139 1907 2180 mum
1933 2127 2181 2196 vulgatus
2205 2140 2292 2186 est
2332 2132 2419 2189 hic
2448 2141 2890 2198 commentarius.
2913 2142 2984 2198 At
3011 2158 3132 2200 cum
3173 2129 3360 2204 Hiero-

1761 2231 1954 2288 nymus
1999 2236 2246 2275 canonem
2297 2225 2565 2283 ltebraicaz
2593 2232 2834 2290 veritatis
2880 2235 2985 2292 hoc
3013 2247 3191 2306 vocet,
3215 2244 3356 2312 quod

1761 2326 1861 2366 nos
1913 2313 2218 2372 diceremus
2281 2321 2711 2390 complexionem
2767 2330 3006 2386 omnium
3056 2332 3356 2396 librorum.

1762 2418 1900 2473 quos
1929 2405 1981 2459 in
2029 2422 2182 2463 veras
2223 2411 2515 2480 scripturas
2547 2415 2756 2472 Hebraei
2802 2421 3096 2492 recipiunt;
3125 2440 3353 2497 cumque
3437 2430 3444 2438 ‘

1731 2494 2025 2552 ‘librornm
2051 2499 2334 2570 Augustini
2360 2520 2527 2560 canon
2554 2507 2606 2562 id
2636 2513 2740 2577 sit,
2770 2512 2914 2582 quod
2940 2514 3093 2570 nobis
3119 2494 3282 2573 Index
3304 2530 3354 2574 et

1762 2586 2026 2644 elenchus
2063 2605 2248 2647 eorum
2279 2611 2399 2664 quae
2431 2596 2496 2652 iis
2522 2599 2672 2656 libris
2691 2603 3037 2660 continentur
3070 2625 3082 2661 :
3113 2617 3260 2676 patet
3291 2612 3352 2664 ti-

1766 2679 1936 2734 tulum
1969 2681 2122 2737 initio
2150 2685 2343 2743 indicis
2370 2689 2663 2760 vulgatum,
2694 2695 2902 2752 scilicet
2923 2697 3180 2755 Elenchus
3202 2719 3360 2758 cano-

1765 2767 1888 2828 num
1917 2789 2024 2830 non
2056 2779 2393 2846 probandum
2420 2797 2542 2840 esse
2561 2826 2576 2851 ,
2609 2787 2780 2843 multo
2808 2790 2987 2846 minus
3014 2796 3226 2849 canonis
3265 2811 3363 2851 no—

1766 2881 1890 2922 men
1918 2869 1983 2922 ad
2009 2869 2245 2941 singulas
2267 2879 2641 2933 commentarii
2666 2883 2932 2955 sectiones
2950 2887 3358 2954 repetidebere.

1765 2959 2029 3030 Quocirca
2076 2966 2286 3020 canonis
2317 2966 2439 3023 Ioco
2461 2971 2778 3026 vocabulum
2813 2976 2997 3044 capitis
3029 2987 3084 3032 ut
3115 2980 3362 3035 usitatius

1765 3062 1926 3124 atque
1970 3058 2241 3126 receptius
2285 3059 2690 3128 substituemus.
2744 3074 2799 3121 et
2853 3068 3142 3140 unicuique
3193 3073 3358 3142 capiti

1767 3161 1894 3202 suos
1925 3148 2138 3216 titulos,
2171 3153 2242 3205 uti
2262 3151 2374 3220 jam
2399 3166 2555 3210 antea
2584 3155 2782 3213 factum
2810 3169 2930 3229 est,
2959 3164 3363 3222 commoditatis

65 3233 226 3288 certis
257 3234 432 3288 titulis
456 3234 778 3292 illustratur.
809 3237 922 3294 IIoc
945 3254 1081 3294 vero
1107 3239 1196 3294 illa
1219 3248 1377 3294 aetate
1407 3241 1663 3294 usitatum
1690 3236 1737 3298 C
1768 3253 1897 3309 ergo
1923 3240 2311 3312 adseribemus,
2339 3248 2586 3316 quamvis
2617 3248 2669 3304 in
2697 3267 2828 3306 mss.
2856 3261 3061 3310 tantum
3087 3257 3139 3311 in
3163 3257 3360 3326 indice,

64 3327 360 3382 confirmat
382 3314 739 3402 Hieronymus
765 3331 832 3387 de
871 3331 1068 3402 Script.
1087 3333 1281 3389 eccles.
1301 3332 1385 3388 ubi
1401 3332 1665 3387 Fortuna-

69 3416 276 3474 tianum
297 3419 698 3490 Aquileiensem
722 3425 1100 3495 episcopumin
1115 3425 1378 3497 evangelia
1402 3424 1562 3478 titulis
1575 3439 1662 3478 or-

67 3508 258 3566 dinatis
289 3513 425 3566 brevi
454 3523 500 3567 ct
519 3516 711 3569 rustico
736 3533 966 3572 sermone
987 3517 1378 3572 commentarios
1404 3516 1667 3585 scripsisse

65 3616 481 3662 commemorat.
497 3607 627 3675 Quae
639 3624 760 3664 cum
780 3610 850 3664 ita
867 3609 994 3680 sint,
1016 3610 1222 3680 opinari
1245 3611 1390 3675 licet,
1406 3607 1665 3665 Hilarium

65 3700 163 3754 etsi
186 3716 303 3754 non
324 3701 560 3771 ipsorum
595 3703 894 3773 titulorum,
919 3704 1109 3760 saltem
1126 3720 1313 3762 eorum
1338 3703 1668 3760 collectiouis

64 3806 160 3847 seu
185 3793 384 3864 pracvii
409 3794 599 3852 indicis
647 3795 814 3854 fuisse
851 3808 1144 3854 auctorem.
1177 3801 1249 3855 At
1270 3807 1415 3854 certe
1450 3814 1555 3853 non
1580 3812 1667 3852 re-

61 3889 374 3945 centioretn
428 3905 550 3947 eum
609 3892 922 3948 existimare
975 3895 1224 3964 cuiquam
1287 3893 1666 3963 permittitur,

61 3997 224 4051 quem
257 3982 510 4054 plerique
533 4000 664 4041 mss.
698 3986 860 4043 etiam
903 3986 1233 4056 antiquiores
1270 3983 1525 4039 exhibent
1571 3984 1670 4038 sub

62 4074 164 4131 Itac
209 4078 571 4149 inscriptione
613 4098 626 4135 :
678 4079 942 4151 Incipiunt
999 4079 1228 4148 capitula
1268 4080 1430 4132 sancti
1477 4075 1673 4131 Hilarii

62 4187 222 4240 super
285 4169 607 4226 Matt/tarum.
657 4172 919 4238 Quocirca
974 4172 1221 4227 eumdem
1269 4168 1500 4223 indicent
1551 4181 1671 4221 cum

63 4266 182 4322 suis
212 4266 387 4322 titulis
420 4267 683 4338 integrum
714 4268 777 4322 ad
801 4269 1013 4322 illorum
1059 4265 1217 4320 fidem
1258 4258 1672 4332 exprimendum

64 4362 356 4426 duximus,
413 4377 513 4418 nec
551 4362 838 4434 quidquam
869 4359 1180 4416 mutandum
1209 4399 1224 4422 ,
1273 4355 1485 4413 etiamsi
1537 4353 1676 4410 forte

63 4458 385 4513 accuratius
429 4456 630 4528 aliquid
681 4455 871 4512 conﬁci
914 4453 1194 4524 potuisset.

139 4550 291 4606 XIII.
325 4549 542 4604 Elenchi
563 4550 615 4604 in
641 4553 809 4622 fronte
834 4546 1081 4603 librorum
1103 4544 1166 4599 ab
1190 4542 1410 4614 antiquis
1431 4541 1581 4610 positi
1590 4569 1679 4596 .--

1767 3333 1856 3402 qui
1887 3334 2035 3404 operi
2084 3338 2444 3408 praeponitur,
2475 3341 2651 3397 locum
2702 3343 2950 3402 habeant.
2994 3347 3050 3402 In
3089 3348 3172 3403 his
3216 3351 3361 3405 enim

1769 3427 2192 3481 commentarius
2220 3436 2362 3484 totus
2393 3446 2495 3486 una
2540 3434 2679 3489 serie
2707 3435 3069 3504 continuatur,
3105 3438 3253 3493 nulla
3273 3455 3366 3495 ea-

1771 3517 1936 3586 pitum
1975 3528 2065 3572 aut
2099 3519 2375 3575 titulorum
2423 3523 2727 3593 adjectione
2779 3528 3132 3599 interruptus.
3161 3530 3218 3585 In
3243 3533 3366 3602 qui-

1770 3609 1994 3666 busdam
2053 3611 2372 3683 dumtaxat,
2417 3617 2604 3688 eisque
2649 3636 2755 3675 non
2801 3623 3121 3692 potioribus,
3151 3626 3366 3681 numeri

1771 3710 2102 3758 annotantur
2133 3705 2196 3761 iis
2224 3705 2336 3762 fere
2361 3707 2412 3762 in
2437 3708 2592 3778 locis,
2617 3710 2670 3766 in
2701 3713 2896 3782 quibus
2926 3723 3084 3770 antea
3104 3730 3365 3785 canones,

1774 3809 1916 3851 nunc
1941 3795 2117 3866 capita
2144 3799 2586 3868 praescribuntur.

1847 3888 1963 3945 XV.
1991 3888 2212 3961 Tempus
2241 3893 2398 3962 hujus
2426 3897 2771 3967 aperis—Da
2796 3907 3041 3970 tempore
3060 3899 3220 3972 hujus
3239 3916 3358 3970 opo-

1773 3983 1851 4038 ris
1880 3997 1985 4036 non
2011 3982 2222 4038 videtur
2252 3987 2651 4044 tacendutn..At
2676 3991 2820 4045 nulla
2842 3993 3029 4047 subest
3051 4003 3195 4060 nota,
3228 3995 3371 4049 unde

1776 4085 1929 4132 certo
1955 4086 2248 4131 asseratur.
2277 4077 2545 4146 Quantum
2578 4088 2757 4136 tamen
2805 4099 2872 4136 ex
2916 4084 3057 4138 illius
3091 4099 3214 4140 cum
3251 4085 3373 4140 aliis

1779 4167 1966 4224 Hilarii
2006 4169 2223 4239 scriptis
2253 4168 2660 4240 comparatione
2686 4172 2811 4228 licet
2837 4175 3090 4244 assequi,
3119 4183 3247 4230 ante
3268 4175 3374 4232 alia

1779 4274 1944 4331 opera
1973 4269 2028 4315 et
2052 4269 2178 4316 ante
2203 4261 2452 4316 exsilium
2475 4261 2644 4333 ipsius
2671 4304 2684 4327 ,
2716 4263 3047 4334 proindeque
3082 4275 3208 4322 ante
3242 4279 3372 4320 ann.

1780 4352 1908 4420 356,
1941 4351 2297 4423 compositum
2347 4353 2652 4424 opinamur.
2674 4353 2792 4410 Non
2832 4357 2976 4412 enim
3020 4358 3194 4413 virum
3236 4359 3378 4429 sapit

1782 4446 1967 4504 multis
1996 4447 2256 4503 adversus
2284 4447 2514 4504 Arianos
2535 4449 2840 4504 commissis
2855 4449 2968 4519 jam
2998 4451 3197 4519 praaliis
3217 4465 3375 4508 exer-

1784 4542 2028 4598 citatum.
2055 4541 2216 4597 Certe
2256 4542 2309 4596 in
2353 4541 2680 4610 psalmorum
2722 4542 3146 4613 expositionibus
3173 4545 3379 4601 nullam

61 4646 238 4704 Certe
267 4645 550 4702 titulorum
581 4641 887 4714 hujusmodi
916 4638 1198 4697 elenchum
1229 4639 1282 4692 in
1305 4636 1479 4692 fronte
1509 4635 1680 4690 libro-
1706 4630 1760 4699 D
1787 4635 2091 4692 asserenda:
2118 4632 2320 4690 Christi
2359 4633 2656 4689 divinitatis
2685 4635 2824 4690 elabi
2858 4633 2986 4689 sinit
3013 4636 3375 4692 occasionem.

61 4763 192 4804 rum
227 4743 565 4817 proponendi
599 4757 803 4798 morem
840 4740 1118 4810 antiquum
1150 4751 1271 4792 esse
1318 4733 1477 4791 fidem
1526 4734 1684 4838 faciet

63 4825 243 4895 canon
274 4837 527 4892 ltebraicte
558 4837 781 4891 veritatis
811 4835 878 4890 ab
905 4834 1023 4904 ipso
1049 4831 1378 4902 Hieronymo
1410 4827 1684 4897 composi-

67 4941 182 4998 tus,
215 4945 288 4986 ac
335 4929 546 4985 tandem
575 4925 868 4998 aliquando
909 4926 962 4980 in
1003 4925 1176 4980 lucem
1223 4921 1485 4977 edendus.
1515 4917 1574 4974 In
1620 4932 1686 4972 eo

65 5038 321 5094 namque
344 5021 526 5078 videre
553 5030 638 5077 est
663 5021 715 5076 in
749 5022 865 5090 ipso
894 5017 1156 5088 cujusque
1172 5015 1298 5114 libri
1326 5014 1513 5069 limine
1534 5010 1685 5114 Indi:

68 5133 196 5172 cem
236 5115 518 5169 titulorum
552 5114 731 5167 varios
773 5112 825 5166 in
868 5123 1125 5166 numeros
1155 5107 1564 5170 distinctorum,
1597 5107 1688 5173 qui

71 5207 351 5281 quidquid
378 5207 516 5262 libro
541 5206 902 5274 subsequente
931 5198 1425 5297 comprehendatur
1452 5208 1692 5297 summa:

67 5305 172 5359 tim
220 5298 538 5356 exhibeant.
592 5296 656 5352 Hi
711 5303 887 5350 autem
932 5292 1135 5347 indices
1181 5287 1422 5359 Capitula
1445 5295 1499 5342 et
1529 5285 1693 5339 Tituli

64 5393 398 5467 promiscue
440 5387 824 5454 inscribuntur,
852 5394 999 5456 puta,
1030 5383 1296 5481 Incipiunt
1317 5377 1547 5481 capitula
1572 5377 1693 5481 libri

62 5484 590 5555 Exodiﬂncipiunt
637 5483 773 5536 tituli
828 5479 943 5534 libri
996 5477 1238 5543 Levitici;
1268 5473 1532 5543 Incipiunt
1557 5469 1693 5524 tituli

66 5580 199 5636 libri
231 5576 622 5632 Deuteronomii
639 5591 658 5639 ;
692 5573 953 5645 Incipiunt
984 5568 1212 5640 capitula
1238 5566 1352 5621 libri
1380 5564 1560 5630 Iosue,
1586 5570 1691 5618 etc.

61 5678 149 5733 Ita
212 5674 389 5728 etiam
438 5671 490 5726 in
545 5665 932 5739 antiquioribus
979 5677 1108 5718 mss.
1141 5661 1294 5716 libris
1321 5655 1603 5728 Augustini
1629 5654 1697 5711 de

68 5771 334 5828 Civitate
360 5768 454 5822 Dei
484 5775 608 5820 ante
633 5765 778 5833 ipsos
803 5759 970 5815 libros
990 5754 1324 5828 praeponitur
1345 5751 1507 5807 Iudex
1537 5747 1698 5801 variis

1787 4729 1859 4784 At
1910 4728 1966 4782 in
2011 4727 2113 4788 hoc
2163 4725 2572 4790 commentario,
2603 4733 2662 4780 ut
2688 4725 2790 4780 alia
2835 4725 3144 4793 mittamus,
3172 4741 3292 4796 cap.
3318 4715 3376 4794 2,

1789 4837 1844 4874 η.
1869 4819 1923 4886 6,
1955 4819 2128 4874 Patris
2155 4817 2223 4872 de
2249 4816 2383 4871 Filio
2409 4831 2508 4870 suo
2539 4816 2902 4872 testimonium
2923 4858 2940 4884 ,
2993 4817 3103 4873 imo
3155 4817 3381 4887 praecla-

1790 4927 1903 4967 ram
1937 4910 2083 4966 Petri
2125 4908 2521 4966 confessionem
2563 4922 2684 4978 cap.
2720 4909 2784 4964 16
2811 4951 2826 4975 ,
2859 4925 2914 4963 n.
2947 4909 3002 4978 6,
3031 4909 3110 4965 sic
3149 4909 3385 4978 attingit,

1791 5003 1942 5073 quasi
1970 5001 2202 5057 Arianos
2232 5014 2337 5055 non
2365 4998 2725 5068 cognovisset.
2752 4999 2954 5056 Saltem
2984 4999 3054 5054 de
3082 5014 3267 5054 eorttm
3299 5014 3385 5054 ar-

1788 5096 1949 5168 gutiis
1973 5093 2209 5150 nondum
2237 5093 2401 5163 probe
2428 5092 2747 5147 instructum
2770 5108 2890 5148 eum
2915 5091 3082 5148 fuisse
3099 5088 3388 5150 manifeste

1792 5196 2016 5260 apparet
2043 5201 2109 5241 ex
2134 5199 2254 5251 cap.
2284 5185 2377 5248 51,
2405 5200 2462 5239 n.
2491 5185 2546 5251 5,
2571 5185 2662 5240 ubi
2692 5185 2958 5240 catholice
2979 5184 3195 5254 quidem
3217 5199 3388 5254 quan-

1795 5289 1905 5337 tum
1932 5279 1999 5334 ad
2022 5291 2262 5344 sensum,
2294 5285 2552 5346 quantum
2580 5288 2760 5333 autem
2790 5277 2857 5332 ad
2889 5277 3053 5331 verba
3079 5275 3256 5331 minus
3285 5278 3394 5332 cir-

1797 5379 2104 5441 cumspecte
2155 5369 2375 5434 scribit,
2426 5367 2619 5424 Filium
2658 5380 2836 5424 natum
2859 5383 2966 5423 esse
2986 5384 3052 5423 ea:
3071 5384 3130 5423 eo
3148 5369 3234 5438 qui
3263 5377 3393 5432 erat,

1799 5476 1848 5522 et
1877 5470 1972 5520 hoc
2003 5467 2057 5520 in
2086 5479 2145 5518 co
2173 5479 2281 5518 esse
2304 5463 2390 5533 qui
2428 5475 2581 5519 natus
2611 5473 2706 5529 est,
2732 5461 2871 5534 quod
2904 5462 2950 5516 is
2990 5461 3099 5533 ipse
3139 5469 3215 5515 est
3247 5477 3400 5533 penes

1801 5577 1952 5633 quem
1980 5567 2092 5614 erat
2110 5567 2380 5629 antequam
2431 5567 2754 5624 nasceretur;
2777 5556 3007 5610 eamdem
3041 5555 3230 5610 scilicet
3251 5564 3400 5608 teter-

1807 5655 2015 5711 nitatem
2043 5668 2152 5708 esse
2177 5662 2224 5706 et
2255 5652 2510 5724 gignentis
2536 5659 2583 5704 et
2615 5648 2790 5723 geniti.
2823 5649 2936 5704 Hoc
2965 5658 3113 5705 certe
3141 5647 3403 5702 inliciabi-

1807 5758 1894 5805 tur
1925 5762 2084 5803 nemo
2125 5745 2382 5813 scriptum
2429 5758 2550 5798 esse
2595 5750 2718 5796 ante
2741 5742 2908 5796 libros
2935 5740 3003 5797 de
3031 5739 3315 5806 Trinitate,
3347 5739 3405 5795 in

67 5867 390 5922 dumtaxat
429 5830 666 5913 numeris
701 5847 1228 5918 distinctus,quibus
1247 5844 1443 5902 deinde
1466 5841 1701 5912 capitum
1808 5841 2025 5913 quibus,
2071 5835 2168 5894 sed
2216 5836 2452 5895 maxime
2499 5833 2553 5887 in
2596 5832 2938 5901 duodecimo,
2984 5846 3180 5904 magno
3230 5830 3408 5892 studio
