4046 6340
509 264 615 323 915

1718 255 1965 318 SANCTI
2007 251 2260 313 IiILARII
2306 248 2612 313 εῐηεοοιη

3705 247 3803 305 916

510 377 804 448 multisque
854 378 1188 448 argumentis
1234 377 1541 447 disputatur
1569 409 1586 439 ,
1636 371 1768 428 illud
1831 381 2104 440 antequam
2129 369 2185 434 Α
2208 379 2332 442 potu
2361 369 2734 441 aliquantisper
2759 381 2992 436 ntanens,
3025 367 3182 438 ﬁdem
3224 363 3496 420 Nictenam
3535 373 3802 437 numquam

511 479 830 534 nasceretur,
849 469 901 524 in
925 479 1122 524 aeterna
1141 469 1262 524 Filii
1284 467 1634 540 generatione
1659 465 1862 522 nullum
1885 466 2108 521 omnino

509 562 690 618 locum
719 562 936 618 habere.
957 562 1168 628 Quanto
1191 562 1362 631 magis
1379 559 1782 616 concedendum
1803 570 1886 614 est
1908 567 2106 614 tractae

507 663 602 710 tus
625 655 679 708 in
709 654 968 724 psalmos,
995 655 1049 708 in
1075 653 1271 724 quibus
1291 652 1414 708 libri
1436 653 1505 708 de
1523 651 1787 707 Trinitate
1807 663 2110 706 memoran-

508 755 618 814 tur,
647 747 748 802 hoc
769 745 962 803 eodem
990 748 1381 802 commentario
1410 761 1532 802 esse
1554 745 1922 815 posteriores?
1945 742 2108 815 Igno-

507 845 594 893 tos
626 848 804 892 tamen
836 839 886 892 ei
919 839 1029 892 tum’
1057 848 1166 894 non
1207 839 1372 894 fuisse
1401 836 1690 908 praedictos
1719 835 2006 892 haereticos
2045 835 2109 891 li-

506 939 636 1000 quet
667 946 774 985 non
803 938 1011 985 tantum
1058 945 1123 986 ex
1157 931 1448 1000 postremis
1478 929 1746 1001 capitibus
1765 969 1780 994 ,
1811 927 1904 983 sed
1946 927 2107 983 etiam

509 1039 575 1078 cx
601 1038 718 1093 cap.
751 1023 840 1090 15,
874 1040 928 1077 n.
959 1023 1043 1078 η.
1077 1023 1212 1079 Cum
1242 1034 1422 1078 autem
1449 1021 1771 1078 Arianorum
1802 1019 2026 1076 haeresis
2054 1021 2108 1076 in

509 1113 790 1170 Gallorum
822 1115 1068 1170 notitiam
1093 1115 1298 1170 tardius
1327 1113 1670 1186 pervenerit,
1697 1113 1836 1168 adeo
1877 1119 1934 1168 ut
1965 1111 2109 1168 Hila-

507 1205 644 1272 rius,
693 1205 1150 1277 quemadmodum
1195 1206 1314 1273 ipse
1353 1214 1579 1260 testatur
1627 1204 1720 1258 lib.
1764 1202 1832 1259 de
1851 1203 2107 1276 Synodis,

508 1313 565 1352 n.
599 1297 690 1364 9i,
714 1291 868 1366 fidem
895 1297 1168 1352 Nictenam
1191 1313 1464 1368 numquam
1507 1298 1608 1352 nisi
1645 1297 1972 1352 exsulaturus
2008 1311 2108 1352 au-

509 1389 735 1467 diisset;
764 1388 890 1445 hinc
909 1390 1088 1462 colligi
1120 1390 1354 1462 quodam
1385 1390 1548 1446 modo
1589 1399 1766 1460 potest
1801 1405 1910 1445 non
1949 1390 2111 1462 longe

509 1491 638 1538 ante
685 1483 936 1538 exsilium
987 1483 1158 1553 ipsius
1202 1483 1374 1540 fuisse
1417 1483 1796 1554 compositum.
1829 1483 1886 1541 Si
1926 1497 2110 1541 autem

507 1572 728 1642 scripsit
747 1574 910 1628 etiam
951 1585 1238 1645 antequam
1261 1575 1420 1631 ﬁdem
1440 1573 1710 1630 Nicwnam
1734 1576 1966 1644 audiret,
1983 1591 2110 1632 cum

507 1667 562 1720 in
593 1680 660 1721 eo
685 1680 854 1736 opere
882 1665 1078 1722 Filium
1114 1667 1265 1721 unius
1304 1667 1605 1723 substantia
1631 1682 1754 1722 cum
1797 1668 1956 1723 Patro
2001 1683 2109 1723 non

2209 461 2308 517 nisi
2327 464 2655 517 exsulaturus
2680 461 2858 516 audiui
2881 477 2894 514 :
2921 460 3012 514 sed
3039 459 3168 514 mihi
3193 459 3448 514 hamousii
3473 466 3525 512 et
3543 457 3804 514 hamteusii

2206 554 2598 626 intelligentiam
2627 551 2887 626 evangelia
2913 561 2959 606 et
2989 551 3212 622 apostoli
3242 551 3627 605 intimaserunt.

2281 647 2420 703 XVI.
2455 647 2528 702 De
2567 647 2835 702 Trinitatis
2874 647 3088 700 unitate.
3139 669 3212 686 -ο
3254 643 3530 714 Siquidem
3576 657 3642 699 ca
3691 655 3803 701 sese

2209 740 2371 798 offert
2392 741 2629 807 occasio,
2650 742 2773 794 utin
2797 739 3154 796 sanctissimze
3169 739 3449 794 Trinitatis
3467 738 3803 794 confessione

2209 834 2328 891 haec
2374 846 2560 890 nostra
2601 823 3068 891 lucubratiuncula
3110 833 3348 900 ﬁniatur,
3379 833 3518 889 hanc
3551 833 3802 904 prazclam

2211 931 2304 986 illo
2331 941 2449 1005 capp.
2487 929 2554 984 15
2579 971 2593 994 ,
2629 943 2682 982 n.
2710 929 2744 986 6
2767 969 2782 996 ,
2827 928 3142 983 testimonio
3174 927 3535 995 absolvimus,
3566 928 3711 996 quod
3754 929 3802 984 in

2212 1022 2376 1078 Patre
2393 1032 2441 1077 et
2469 1021 2607 1076 Filio
2628 1031 2677 1076 et
2698 1021 2899 1092 Spiritu
2925 1029 3124 1087 sancto,
3139 1021 3248 1075 sine
3265 1021 3482 1074 admixti
3503 1020 3803 1076 extrinsecus

2212 1116 2446 1186 fermenti
2495 1114 2792 1169 necessitate
2819 1113 2872 1166 in
2918 1110 3158 1178 Christo,
3189 1112 3362 1166 omnia
3407 1127 3565 1165 unum
3603 1113 3723 1166 sint.
3751 1111 3801 1167 In

2211 1223 2320 1280 quo
2343 1208 2506 1263 etiam
2536 1205 2698 1263 habet
2726 1208 2899 1262 lector
2927 1207 3202 1278 specimen
3225 1217 3412 1261 eorum
3435 1247 3450 1272 ,
3479 1219 3604 1277 quae
3632 1207 3684 1260 in
3713 1205 3804 1262 hoc

2211 1299 2603 1356 commentario
2641 1300 2965 1370 scriptorum
2994 1298 3247 1353 codicum
3283 1296 3524 1352 subsidio
3549 1305 3606 1352 et
3631 1307 3805 1352 aucto-

2214 1392 2373 1448 ritate
2411 1391 2618 1447 reddita
2658 1401 2781 1446 sunt
2824 1388 3066 1461 pristinae
3099 1388 3334 1460 puritati.
3366 1388 3455 1446 Sic
3494 1389 3640 1444 enim
3687 1389 3803 1444 illud

2213 1499 2376 1542 omne
2396 1495 2550 1541 antea
2579 1485 2893 1556 perturbate
2913 1491 2968 1539 et
2990 1481 3253 1538 mendose
3271 1481 3550 1537 obtinebat
3582 1497 3598 1535 :
3621 1479 3687 1536 In
3709 1481 3806 1536 Pa-

2215 1589 2294 1634 tre
2317 1589 2365 1633 et
2395 1577 2534 1632 Filio
2561 1587 2609 1632 et
2640 1579 2848 1647 Spiritu
2875 1586 3074 1643 sancto,
3093 1577 3148 1630 in
3171 1591 3230 1629 ea
3258 1572 3478 1630 admisti
3507 1575 3806 1630 extrinsecus

2214 1669 2455 1740 fermenti
2485 1672 2784 1725 necessitate
2807 1669 2864 1722 in
2904 1666 3110 1724 Christo
3139 1669 3313 1722 omnia
3339 1683 3502 1721 unum
3549 1677 3690 1722 sunt.
3709 1668 3801 1734 Qui

504 1759 676 1814 semel
706 1758 974 1816 afﬁrmet:
1008 1774 1108 1814 nec
1133 1758 1336 1814 frustra
1378 1759 1756 1840 loeoflaudato
1783 1759 1850 1816 de
1887 1761 2111 1832 synodis
2140 1767 2190 1832 B
2214 1773 2393 1819 autem
2425 1765 2566 1834 apud
2597 1764 2858 1820 Hilarium
2887 1764 3176 1835 quaarltant
3219 1761 3473 1818 disertam
3513 1762 3584 1818 de
3616 1763 3804 1832 Spiritu

507 1849 846 1916 testiﬁcatur,
873 1865 996 1906 sese
1023 1851 1169 1906 illam
1199 1851 1358 1906 iidem
1383 1867 1448 1906 ex
1477 1851 1774 1923 evangeliis
1809 1861 1864 1908 et
1892 1861 2110 1923 aposto-

505 1940 574 1996 lis
597 1941 866 1999 didicisse.
901 1942 1250 2016 Regeneratus
1273 1943 1510 2014 pridem,
1535 1944 1737 2016 inquit,
1761 1955 1807 2001 et
1833 1947 1888 2000 in
1915 1947 2112 2016 episcoa

2217 1857 2388 1912 sancti
2419 1856 2701 1912 divinitate
2743 1857 3062 1912 sententiam
3084 1895 3098 1922 ,
3131 1855 3271 1911 hanc
3315 1856 3533 1910 interim
3567 1865 3803 1922 teneant,

2219 1949 2393 2006 donec
2422 1949 2488 2004 ad
2528 1946 2700 2006 libros
2723 1949 2792 2006 de
2823 1949 3086 2004 Trinitate
3113 1947 3322 2020 plenius
3351 1948 3432 2003 eis
3457 1948 3708 2002 satisﬁat.

1699 2189 2634 2332 CAPITULA

483 2420 1298 2546 .COMMENTABII
1327 2421 1720 2498 SANCTI
1763 2423 2228 2498 HILARII
2250 2408 2330 2481 (α)
2353 2421 2466 2499 IN
2498 2421 3208 2498 EVANGELIUM
3237 2415 3801 2499 MATTHAZI.

508 2711 552 2779 I.
583 2709 661 2766 De
689 2710 953 2766 natiuitate
985 2707 1210 2779 Christi,
1242 2717 1292 2763 et
1337 2707 1403 2764 de
1431 2706 1602 2783 Magis
1629 2723 1744 2764 cum
1772 2710 2070 2766 muneribus
2091 2751 2107 2780 ,

581 2818 643 2856 ac
669 2803 732 2858 de
758 2801 1052 2872 infantibus
1078 2801 1277 2856 accisis.

511 2893 578 2950 II.
611 2894 690 2949 De
726 2892 852 2949 Jesu
890 2903 1119 2966 regressa
1159 2907 1224 2948 ea:
1261 2892 1526 2967 Egypta,
1559 2904 1605 2948 et
1649 2897 1714 2950 de
1753 2897 2116 2965 prtedicatione

581 2984 804 3040 Joannis
851 2995 897 3040 et
943 2985 1194 3055 baptismo
1238 2986 1422 3056 ipsius,
1471 2995 1520 3040 et
1567 2990 1629 3042 de
1675 2985 1897 3042 Domino
1943 2989 2115 3059 (rapti--

582 3086 719 3133 suto.

512 3169 602 3227 III.
628 3169 711 3226 De
738 3180 984 3227 tentators
1001 3171 1227 3238 diabolo,
1247 3183 1294 3228 et
1319 3173 1382 3227 de
1408 3174 1606 3243 jejunio
1627 3173 1660 3228 J
1667 3187 1755 3229 esu
1773 3171 2115 3248 quadraginta

583 3265 780 3332 diebus,
804 3265 867 3319 de
887 3264 1045 3322 Petro
1073 3277 1119 3320 et
1145 3267 1369 3322 Andrth
1393 3269 1749 3339 piscatoribus.

486 3351 606 3415 "IV.
639 3359 719 3414 De
743 3358 1052 3415 beatitudine
1079 3369 1126 3414 et
1147 3361 1441 3434 promptis,
1474 3362 1538 3415 de
1560 3363 1974 3418 reconciliatione
1997 3365 2110 3435 f’rao

2287 2713 2540 2786 proﬂuvio
2574 2713 2802 2770 mulieris
2821 2757 2836 2782 ,
2864 2714 2927 2770 de
2956 2713 3067 2786 [illa
3095 2713 3343 2787 principis
3374 2716 3596 2771 excitata
3624 2733 3656 2770 α
3686 2733 3812 2771 mor-

2288 2810 2408 2872 tuis,
2444 2810 2506 2863 de
2527 2809 2726 2864 duobus
2755 2807 2924 2874 cacis,
2953 2809 3017 2864 de
3042 2809 3200 2863 surdo
3225 2816 3272 2863 et
3298 2819 3457 2863 muto.

2218 2901 2288 2958 X.
2316 2902 2395 2973 (ά)
2425 2899 2523 2958 Ubi
2545 2901 2812 2956 duodecim
2832 2900 3112 2969 discipulos
3136 2901 3396 2972 prtemittit
3413 2913 3528 2956 cum
3550 2902 3800 2958 doctrina.

2220 2989 2312 3048 XI.
2340 2992 2566 3047 Joannes
2606 2992 2669 3047 de
2697 3007 2899 3046 carcere
2941 2990 3010 3045 ad
3047 2991 3226 3046 Jesum
3254 2992 3443 3057 mittit,
3489 3002 3535 3047 et
3569 2991 3722 3048 Jesus
3757 2993 3814 3052 de

2292 3084 2497 3140 Joanne
2533 3086 2600 3140 ad
2626 3085 2799 3140 turbas
2845 3083 3091 3157 loquitur.
3127 3083 3259 3139 Item
3296 3087 3550 3156 confessio
3589 3086 3714 3144 Jesu
3752 3089 3814 3142 ad

2295 3175 2528 3233 Patrem.

2221 3270 2340 3327 XII.
2368 3269 2625 3344 Discipuli
2649 3271 2818 3342 spicas
2842 3271 3055 3327 vellunt.
3091 3271 3162 3342 (e)
3192 3265 3413 3327 Manum
3432 3273 3638 3329 aridam
3658 3275 3815 3331 homi-

2293 3379 2506 3437 nemque
2521 3363 2728 3420 sabbata
2751 3366 2946 3420 curauit
2961 3363 3134 3420 Jestts.
3155 3364 3356 3421 Caecum
3382 3375 3428 3422 et
3449 3367 3814 3425 demoniac-um

583 3462 738 3516 trum,
764 3455 827 3507 de
845 3454 1120 3518 adulterio,
1153 3455 1215 3508 de
1240 3454 1390 3510 oculo
1411 3463 1460 3508 et
1489 3469 1641 3508 manu
1668 3456 1914 3520 eruenda,
1941 3434 2006 3512 de
2020 3457 2116 3528 jn-
2141 3434 2186 3498 C
2292 3434 2512 3512 curavit.
2551 3455 2632 3513 De
2671 3457 2987 3532 blasphemia
3025 3457 3238 3530 spiritus
3258 3500 3273 3525 ,
3307 3455 3370 3513 de
3412 3464 3586 3531 fructu
3627 3460 3814 3517 arboris

584 3547 829 3601 ramentis
854 3553 902 3600 et
927 3547 1266 3618 elemosyna.

516 3636 582 3694 ν.
614 3636 695 3693 De
712 3638 944 3692 oratione
960 3649 1010 3693 et
1018 3640 1243 3711 jejunio,
1259 3639 1322 3694 de
1337 3639 1579 3694 thesauro
1595 3641 1648 3694 in
1667 3639 1812 3706 caelo,
1827 3639 1891 3694 de
1906 3641 2115 3697 lucerna

589 3731 839 3798 corporis,
859 3731 922 3784 de
942 3730 1142 3785 duobus
1161 3730 1404 3800 dominis,
1425 3734 1488 3786 de
1508 3733 1620 3786 cibo
1643 3737 1692 3786 et
1718 3731 1919 3795 uestitu,
1944 3732 2009 3787 de
2029 3745 2117 3788 vo-

589 3822 821 3878 latilibus
846 3831 894 3877 et
919 3823 1042 3876 liliis
1067 3821 1182 3896 agri
1207 3833 1256 3877 et
1276 3825 1432 3892 freno,
1457 3824 1520 3878 de
1545 3821 1886 3878 sollicitudine
1907 3823 2031 3891 diei,
2052 3823 2116 3880 de

591 3921 788 3989 festuca
813 3927 860 3972 et
889 3916 1034 3972 trabe
1063 3919 1117 3971 in
1145 3918 1316 3973 oculo.

517 4008 608 4066 VI.
637 4009 718 4066 De
741 4011 1036 4084 margaritis
1060 4021 1177 4066 ante
1196 4023 1407 4082 porcos,
1429 4009 1495 4064 de
1522 4010 1995 4084 pseudo-propheta
2012 4055 2028 4080 ,
2053 4014 2118 4070 de

589 4105 741 4160 domo
761 4103 1020 4174 ludiﬁcata
1047 4117 1209 4174 supra
1231 4093 1449 4174 petram.

519 4194 634 4252 VII.
663 4196 741 4250 De
769 4198 972 4268 leproso
1013 4195 1162 4265 quem
1210 4197 1441 4264 curavit,
1482 4197 1546 4251 de
1579 4209 1737 4267 puero
1785 4197 1978 4251 tribuni
2021 4207 2116 4269 pas

590 4287 832 4357 ralytico,
885 4290 950 4343 de
992 4299 1144 4344 sacra
1190 4281 1366 4356 Petri,
1414 4289 1478 4344 de
1520 4289 1756 4361 plurimis
1805 4297 1853 4345 et
1905 4291 2117 4346 diuersis

594 4391 734 4431 cum
739 4415 754 4432 ο

521 4468 657 4525 VIII.
683 4469 762 4524 De
787 4471 1056 4542 discipulis
1078 4473 1132 4527 in
1157 4473 1274 4528 navi
1296 4472 1633 4528 excitantibus
1660 4471 1862 4538 Jesum,
1893 4473 1958 4528 de
1986 4473 2118 4528 duo-

595 4563 688 4617 bus
708 4561 1035 4620 dwntoniacis
1071 4562 1126 4620 in
1170 4574 1305 4620 terra
1337 4561 1732 4634 Gerasenorum,
1765 4564 1844 4638 (b)
1875 4566 1939 4621 de
1964 4579 2120 4637 para-

520 4635 534 4650 ’
597 4653 752 4724 lgtico
781 4664 958 4708 curato
984 4665 1034 4710 et
1058 4656 1244 4712 lectum
1265 4661 1550 4729 auferente.

520 4745 616 4802 IX.
643 4743 723 4800 De
745 4745 990 4800 Μαιεὴωο
1014 4747 1308 4819 publicano,
1337 4751 1400 4805 de
1418 4751 1791 4834 pharisatorum
1815 4755 1862 4806 cl
1889 4749 2120 4822 discipu-

591 4843 762 4898 lorum
788 4842 1011 4897 Joannis
1026 4847 1255 4916 jejunio,
1283 4847 1357 4919 (ο)
1383 4848 1448 4904 de
1465 4855 1640 4904 assuto
1661 4859 1834 4920 panno
1863 4849 1984 4904 radi
2001 4892 2016 4918 ,
2048 4850 2110 4906 de
2137 4845 2192 4906 D

592 4983 670 5057 (a)
688 4983 759 5057 In
783 4981 932 5057 prius
960 4981 1209 5057 vulgatis,
1240 4985 1498 5040 Elenchus
1518 4985 1784 5042 Canonum
1811 4985 1931 5040 Divi
1959 4985 2113 5041 Hila-

517 5053 582 5108 rii
602 5051 660 5109 in
681 5051 1291 5126 Etia'ngeliumpﬂattltwi,
1321 5059 1498 5111 ordine
1518 5075 1616 5126 quo
1641 5057 1704 5110 ab
1733 5074 1792 5112 eo
1817 5059 1939 5112 editi
1966 5067 2106 5113 sunt.

517 5127 628 5182 Cur
653 5137 759 5198 non
791 5124 1065 5198 probanda
1101 5127 1315 5198 sittuec
1339 5124 1616 5198 inscriptio
1638 5172 1653 5197 ,
1679 5130 1915 5184 diximus
1943 5131 1994 5183 in
2019 5130 2113 5184 ad~

519 5197 836 5273 monitione,
871 5197 958 5273 ubi
1001 5195 1338 5273 ostendimus
1377 5195 1538 5253 etiam
1566 5195 1790 5273 capitula
1814 5202 1955 5255 idem
1993 5215 2114 5257 esse

519 5278 680 5343 atque
706 5268 901 5320 titulos.
923 5268 1189 5343 Praeterea
1219 5269 1508 5343 observare
1529 5268 1756 5343 quiSque
1779 5273 1952 5343 potuit
1973 5273 2114 5342 apud

519 5331 926 5410 Hieronymum.
950 5331 1308 5410 Augustinum
1329 5339 1534 5410 etalios
1546 5331 2112 5408 Patr-esﬁententiatn

518 5408 826 5486 quamlibet
861 5421 892 5464 θ
931 5408 1232 5486 ﬁeripturis
1272 5408 1590 5486 espressam
1617 5413 1900 5483 capitulum
1927 5412 2113 5486 appel-

517 5479 655 5560 lari:
675 5487 786 5550 qua
807 5479 1162 5560 intelligentia
1183 5479 1374 5538 eadem
1402 5497 1505 5538 vox
1522 5479 1818 5541 etiamnum
1839 5487 1894 5543 in
1921 5479 2115 5543 olticiis

521 5551 900 5606 ecclesiasticis
928 5563 1121 5606 usitata
1144 5562 1248 5610 est.
1405 5585 1410 5592 η

597 5682 690 5761 (b)_
701 5682 978 5761 _Articul'tts
999 5684 1088 5742 hic
1107 5687 1174 5742 ad
1193 5703 1312 5761 cap.
1338 5705 1393 5745 ιι
1415 5687 1647 5760 pertinet
1664 5690 1958 5748 secundum
1979 5707 2110 5750 mss.

530 5765 592 5805 ex
607 5753 798 5830 quibus
822 5757 1073 5834 ponimus
1096 5753 1380 5842 auferente,
1397 5753 1497 5836 pro
1518 5762 1734 5846 ferente.

2291 3545 2436 3605 bona:
2464 3561 2512 3604 et
2539 3548 2708 3616 male,
2745 3552 2808 3605 de
2837 3551 2977 3605 omni
3007 3553 3152 3605 uerbo
3181 3549 3364 3614 otioso,
3392 3551 3463 3623 (f)
3486 3555 3549 3607 de
3578 3552 3815 3608 Ninivitis

2291 3651 2338 3696 et
2367 3645 2545 3714 regina
2574 3643 2783 3708 Austri,
2819 3643 2882 3696 de
2908 3653 3101 3714 septem
3128 3641 3394 3715 spiritibus
3428 3654 3476 3700 et
3516 3657 3726 3714 octavo,
3756 3647 3815 3701 de

2290 3745 2452 3788 matre
2475 3733 2600 3790 Jesu
2619 3743 2667 3790 et
2698 3734 2968 3806 fratribus.

2220 3823 2360 3882 XIII.
2396 3826 2597 3883 Sedens
2625 3829 2680 3882 in
2712 3829 2952 3883 nauicula
2981 3825 3137 3883 Jesus
3166 3827 3327 3884 turbis
3355 3831 3632 3899 parabolas
3658 3831 3815 3902 loqui-

2294 3929 2379 3974 tur
2402 3919 2466 3974 de
2494 3921 2778 3975 seminantc
2803 3921 2992 3976 bonum
3017 3939 3209 3989 semen,
3237 3922 3301 3976 de
3325 3924 3526 3977 zizania
3553 3934 3605 3978 et
3629 3927 3813 3993 tritico,

2293 4011 2356 4068 de
2383 4029 2544 4085 grano
2575 4015 2794 4085 sinapis,
2825 4015 2892 4070 de
2921 4017 3167 4088 fermento
3191 4015 3442 4072 absconso
3465 4013 3522 4071 in
3548 4017 3751 4090 farina,
3775 4029 3816 4072 et

2291 4107 2540 4178 expositio
2567 4107 2803 4175 zizaniaa,
2833 4107 2896 4162 de
2921 4108 3159 4162 thesauro
3181 4107 3235 4162 in
3254 4117 3404 4179 agro,
3432 4110 3498 4163 de
3518 4108 3653 4164 bona
3683 4127 3815 4164 mar-

2290 4199 2487 4270 garita,
2521 4199 2584 4254 de
2615 4200 2712 4254 reti
2738 4200 2971 4254 missoin
3000 4211 3163 4254 mare.

2221 4290 2361 4349 XIV.
2395 4293 2472 4348 De
2494 4293 2662 4348 scriba
2686 4295 2740 4347 in
2770 4309 2928 4364 regno
2952 4293 3217 4357 caelorum,
3245 4292 3310 4347 de
3339 4292 3587 4364 fratribus
3613 4303 3660 4348 et
3684 4309 3820 4348 soro-

2294 4384 2436 4438 ribus
2466 4383 2691 4450 Domini,
2714 4385 2777 4437 de
2803 4381 3023 4438 Joannis
3048 4385 3216 4454 capite
3236 4385 3290 4437 in
3320 4383 3487 4451 disco,
3519 4386 3584 4438 de
3609 4385 3819 4454 quinque

2296 4474 2516 4546 panibus
2543 4483 2590 4529 et
2619 4475 2815 4528 duobus
2843 4475 3092 4546 piscibus,
3119 4473 3208 4528 ubi
3226 4489 3390 4545 supra
3410 4467 3554 4530 mire
3572 4477 3812 4543 ambulat,

2292 4579 2339 4623 et
2369 4568 2580 4623 Petrum
2601 4577 2818 4621 mersum
2845 4569 3029 4622 creuit.

2221 4659 2338 4720 XV.
2370 4661 2449 4717 De
2477 4660 2711 4715 lavandis
2738 4660 2996 4725 manibus,
3018 4669 3065 4714 et
3087 4675 3191 4714 non
3217 4676 3277 4714 ea
3302 4675 3417 4732 qua
3440 4659 3496 4714 in
3521 4677 3579 4716 os
3609 4663 3814 4726 intrant,

2299 4753 2388 4808 sed
2417 4769 2476 4808 ea
2511 4765 2626 4822 ᾳιιω
2652 4765 2716 4807 ex
2760 4767 2850 4805 ore
2890 4762 3074 4806 exeunt
3112 4753 3382 4820 inquinare
3401 4793 3417 4820 ,
3446 4753 3512 4807 de
3540 4754 3654 4823 filia
3683 4753 3815 4808 Cha-

2287 4858 2475 4926 nancw.
2493 4843 2743 4910 mulieris,
2765 4844 2829 4898 de
2856 4855 3046 4914 septem
3059 4843 3274 4915 panibus
3300 4853 3347 4898 et
3365 4846 3546 4916 paucis
3575 4846 3812 4915 piscibus.

2289 4976 2452 5065 (c).In
2472 4995 2604 5065 mss.
2632 4979 2696 5034 de
2717 4987 2997 5052 assumpto,
3027 4989 3133 5035 etc.
3165 4979 3222 5036 In
3252 4979 3507 5050 vulgatis,
3541 4981 3606 5036 de
3629 4982 3810 5037 adsuta

2219 5051 2379 5125 panni
2400 5051 2544 5106 rudis
2556 5091 2570 5105 .
2892 5051 2897 5052 ⁷

2289 5123 2370 5196 (d)
2393 5123 2806 5196 Etliti,ntisertus
2823 5121 3086 5176 turbarum
3103 5121 3355 5196 Dominus
3374 5123 3643 5178 duodecim
3660 5124 3811 5177 disci-

2215 5195 2369 5268 pulos
2386 5195 2648 5267 praemittit
2678 5203 3063 5268 cumpotesta’te
3091 5205 3138 5268 et
3152 5195 3401 5268 doctrina
3420 5233 3437 5262 ,
3463 5203 3572 5251 etc.
3591 5238 3608 5261 ,
3642 5199 3812 5268 rellic-

2217 5264 2457 5322 tuntibus
2482 5281 2614 5321 mss.
2648 5281 2678 5320 e
2705 5267 2897 5333 quibus
2924 5265 3091 5320 codex
3123 5264 3338 5335 Majoris
3371 5267 3682 5321 monasterii
3707 5267 3816 5321 Tu-

2223 5335 2494 5408 ronensis,
2531 5351 2627 5405 pro
2669 5336 2971 5408 discipulos,
3005 5337 3167 5392 habet
3203 5337 3484 5406 apostolos,
3517 5340 3656 5407 quod
3682 5350 3737 5393 et
3763 5338 3813 5408 in

2227 5407 2610 5491 Vindocinensi
2673 5407 2867 5462 manus
2938 5409 3157 5478 antiqua
3222 5409 3292 5463 ad
3357 5410 3652 5481 marginem
3718 5407 3813 5462 sd-

2502 5564 2635 5606 mss.
2662 5549 2808 5606 Editi
2829 5564 2979 5618 vero,
3000 5567 3182 5606 nianus
3201 5551 3363 5608 aridae
3381 5551 3636 5608 hominem
3653 5567 3812 5606 curae

2221 5633 2311 5677 ou.
2381 5638 2563 5677 tecum.

2221 5633 2717 5768 υἷ’ὶδῖῖῖἓῗῖτεωιθ
2739 5707 2870 5768 mss.
2889 5693 3221 5752 removimus
3240 5693 3369 5768 hinc
3385 5696 3569 5768 verba,
3593 5696 3654 5752 de
3670 5695 3819 5768 signa

2129 5765 2140 5778 '
2231 5762 2403 5838 laute,
2431 5779 2552 5842 qua
2577 5779 2697 5844 cap.
2730 5780 2821 5828 ut
2851 5765 3028 5833 locum
3050 5781 3205 5834 suum
3230 5767 3493 5832 obtinuit.
