3882 6332
31 342 33 346 .
68 311 166 368 917
277 318 284 323 ·
833 298 839 313 ’
860 330 862 333 -
988 293 1539 366 COMMENTARIUS

1810 294 2115 382 FTBEUM.
2156 294 2310 352 CAP.
2349 296 2392 352 1.
2465 310 2473 324 ε
3236 273 3343 354 sis

69 419 200 482 XVI.
227 415 297 492 (α)
321 414 398 473 De
417 412 566 471 Iona:
592 412 851 487 prophetae
887 413 1054 486 signa.
1087 411 1166 468 De
1191 411 1438 483 fermento
1465 410 1642 484 phari-
1667 415 1722 478 Α
1815 421 1864 468 et
1892 413 1955 468 de
1995 410 2285 469 Jerusalem
2323 428 2438 484 quae
2465 410 2705 482 interﬁcit
2732 409 3010 483 prophetas
3029 449 3045 476 ,
3069 416 3118 465 et
3145 408 3348 480 lapidat

133 526 376 588 sitorum,
414 507 478 562 de
523 507 838 578 confessione
878 503 1024 560 Petri
1065 514 1110 560 et
1149 503 1493 560 benedictione
1540 502 1644 559 Do-
1816 521 1899 560 eos
1924 504 2012 575 qui
2036 505 2103 557 ad
2132 522 2185 560 se
2218 503 2360 560 missi
2390 511 2529 558 sunt.

137 605 276 672 mini,
299 610 348 658 et
371 599 442 676 (b)
470 599 531 656 de
559 615 613 656 se
651 596 949 669 abnegundo
978 595 1065 668 qui
1097 594 1356 652 Christum
1384 596 1526 668 sequi
1551 611 1642 650 vo-
1709 668 1714 671 δ
1745 591 1915 651 XXV.
1947 595 2024 651 De
2048 606 2306 651 structura
2327 596 2501 666 templi
2522 593 2957 670 interrogantibus
2986 593 3278 664 discipulis,
3303 603 3354 652 et

137 701 302 756 luerit.
1355 751 1366 762 _
1823 686 1886 742 de
1912 687 1992 742 his
2014 688 2101 758 qui
2130 689 2182 741 in
2211 697 2339 744 tecto
2361 696 2501 754 sunt,
2527 704 2587 742 ne
2612 687 2919 744 descendant
2949 686 3127 744 tollere
3156 685 3354 760 aliquid

69 797 222 856 XVII.
257 793 352 850 Ubi
380 793 434 846 in
460 800 628 846 monte
654 807 770 845 cum
799 787 980 861 Moyse
1008 799 1054 844 et
1082 787 1205 844 Elia
1230 788 1450 855 videtur,
1478 795 1525 843 et
1550 803 1649 844 uox
1825 783 1887 834 de
1913 781 2102 849 domo;
2133 790 2180 838 ετ
2201 782 2287 853 qui
2324 783 2378 837 ίη
2422 798 2548 854 (³9νο
2591 793 2706 837 sum
2729 824 2742 848 .
2775 798 2838 838 ne
2888 788 3208 837 revertantur
3258 777 3358 836 ιο(-

68 949 73 958 ,
136 890 196 971 de
221 885 340 942 acto
366 883 595 949 auditur,
619 882 705 937 ubi
732 897 944 952 puerum
972 880 1253 935 lunaticum
1283 880 1354 952 (c)
1385 879 1561 940 soluit,
1587 879 1651 933 de
1825 876 1930 931 lere
1965 876 2189 933 tunicam
2230 893 2403 943 suam,
2441 887 2490 934 et
2532 875 2596 931 de
2633 875 3016 950 pragnantibus
3049 884 3099 934 et
3126 874 3359 932 nutrien-

114 968 438 1047 credentium
461 975 584 1045 ﬁde,
610 975 671 1030 de
695 971 996 1031 didrachma
1019 975 1300 1046 postulata,
1323 984 1371 1029 et
1393 983 1576 1030 statere
1598 973 1654 1028 in
1830 967 1984 1022 tibus.

137 1087 218 1126 ore
240 1069 410 1138 piscis.
1756 1059 1951 1116 XXVI.
1981 1059 2053 1114 De
2078 1061 2186 1116 sole
2213 1061 2500 1126 obscurato,
2527 1062 2652 1116 luna
2675 1071 2720 1117 et
2746 1061 2929 1117 stellis.

71 1163 248 1222 XVIII.
277 1160 354 1218 De
380 1159 663 1232 infantibus
693 1157 958 1227 inhibitis,
988 1167 1034 1212 et
1068 1157 1130 1212 de
1160 1157 1450 1212 humilitate
1477 1172 1655 1212 eorum
1760 1153 1976 1210 XXVII.
2019 1153 2094 1209 De
2117 1169 2260 1209 servo
2286 1154 2429 1224 ﬁdeli
2465 1171 2610 1226 quem
2636 1155 2896 1210 constituit
2928 1151 3165 1210 dominus
3205 1169 3361 1225 super

136 1255 456 1320 assumenda,
489 1254 551 1307 de
575 1270 730 1308 manu
756 1263 803 1307 et
829 1252 955 1322 pede
983 1261 1030 1306 et
1056 1253 1204 1306 oculo
1233 1252 1479 1317 eruenda,
1518 1260 1566 1308 et
1595 1250 1657 1306 de
1833 1247 2086 1320 familiam
2115 1264 2291 1314 suam,
2323 1247 2385 1304 de
2425 1248 2594 1304 decem
2620 1248 2925 1322 uirginibus,
2959 1245 3022 1302 de
3061 1244 3268 1302 homine
3307 1247 3364 1302 in

137 1368 221 1407 ove
241 1349 464 1421 perdita,
485 1348 547 1402 de
567 1346 906 1418 corripiendis
931 1344 1175 1416 fratribus
1198 1355 1389 1400 secreto
1411 1345 1658 1419 primum,
1769 1341 1822 1388 ’Ὗ
1838 1360 2046 1417 peregre
2062 1344 2314 1416 profecto,
2333 1343 2419 1413 qui
2447 1342 2656 1398 tradidit
2677 1341 3017 1398 substantiam
3042 1355 3192 1396 suam
3212 1339 3370 1396 servis

141 1457 243 1501 tum
259 1443 451 1499 duobus
472 1440 699 1507 testibus,
719 1449 972 1514 postremo
997 1440 1207 1494 ecclesia
1225 1449 1488 1509 prtesente.
1512 1437 1663 1494 Semo
1838 1441 1964 1498 suis.

140 1557 223 1613 per
242 1536 625 1613 ignoscendum.
659 1533 739 1607 (d)
773 1533 874 1601 Qui
907 1549 1208 1588 conservum
1233 1548 1386 1588 suum
1404 1573 1420 1598 ,
1448 1531 1663 1588 remisso
1767 1531 2010 1592 XXVIII.
2039 1530 2114 1586 De
2134 1530 2351 1586 adventu
2373 1529 2472 1601 ﬁlii
2494 1529 2717 1588 hominis
2737 1528 2981 1586 uenientis
2999 1525 3078 1602 (g)
3105 1527 3160 1584 in
3184 1531 3374 1601 majes-

143 1631 234 1687 sibi
258 1648 288 1684 a
320 1630 528 1698 domino
553 1628 745 1692 debito,
773 1625 1010 1694 suﬂ'ocat.
1843 1635 1945 1681 tate
1971 1641 2089 1680 sua.
2918 1672 2922 1677 ,

78 1724 213 1781 XIX.
240 1721 306 1794 (ε)
335 1720 562 1778 Uxorem
590 1737 694 1774 non
714 1719 892 1774 debere
921 1717 1196 1783 dimittere,
1232 1716 1294 1771 de
1315 1714 1578 1783 eunuchis,
1603 1716 1667 1772 de
1770 1717 1968 1777 XXIX.
2012 1716 2090 1772 De
2133 1714 2370 1780 muliere,
2423 1728 2538 1778 quae
2575 1711 2783 1769 accessit
2828 1711 2897 1767 ad
2948 1707 3130 1766 Iesum
3174 1709 3227 1768 in
3281 1709 3377 1766 do-

146 1814 421 1888 infantibus
460 1810 713 1868 inhibitis.
737 1809 960 1865 Divitem
1000 1809 1202 1881 difficile
1246 1808 1458 1864 introire
1499 1808 1554 1862 in
1582 1824 1664 1864 rec
1695 1813 1745 1874 B
1840 1826 1982 1866 mum
2031 1807 2258 1864 Simonis
2298 1805 2489 1878 leprosi
2532 1803 2722 1862 habens
2766 1803 3088 1862 alabastrum
3125 1801 3376 1876 unguenti

144 1925 295 1983 gnum
321 1907 583 1963 calorum.
1850 1903 2079 1971 pretiosi.

81 2003 193 2060 XX.
221 2002 299 2057 De
325 2018 415 2069 spe
440 1999 813 2072 apostolorum,
845 1997 908 2052 de
935 1996 1220 2051 novissimis
1246 1996 1426 2068 primis
1453 1995 1673 2067 efﬁcien-
1776 1996 1948 2056 XXX.
1977 1995 2055 2050 De
2080 1995 2163 2050 die
2191 1993 2357 2065 prima
2379 2006 2708 2064 azymorum,
2731 1990 2788 2044 in
2813 2005 2916 2062 qua
2952 1995 3272 2046 accesserunt
3298 1984 3378 2040 di-

149 2096 247 2151 dis.
281 2093 380 2148 Ubi
411 2092 766 2147 conducuntur
795 2088 1019 2160 operarii
1063 2088 1130 2141 ad
1175 2088 1393 2161 vineam.
1433 2086 1509 2141 De
1553 2088 1677 2157 ﬁliis
1849 2089 2035 2160 scipuli
2061 2087 2128 2142 ad
2156 2085 2356 2153 Jesum,
2386 2085 2632 2151 dicentes,
2657 2081 2759 2139 Ubi
2779 2081 2862 2137 vis
2889 2092 3140 2154 paremus
3164 2076 3258 2134 tibi
3288 2089 3381 2132 co-

151 2185 380 2241 Zebeda’i
401 2225 416 2251 ,
450 2184 514 2237 de
540 2183 704 2256 primo
739 2181 977 2236 accubitu
999 2220 1014 2246 ,
1036 2179 1101 2234 de
1135 2179 1336 2233 duodus
1361 2179 1508 2235 cwcis
1533 2195 1677 2235 secus
1851 2181 2070 2236 medere
2100 2178 2332 2249 pascha?

154 2277 281 2331 viam
303 2273 615 2330 sedentibus.

1850 2273 1977 2329 KXI.
2010 2271 2139 2326 Cum
2183 2263 2316 2325 uenit
2355 2268 2510 2324 Jesus
2550 2268 2603 2323 in
2638 2283 2821 2340 agrum
2843 2263 3143 2338 quidicitur
3171 2261 3383 2319 Gethse—

87 2369 223 2426 XXI.
259 2371 333 2424 De
363 2369 513 2424 asina
540 2377 588 2422 et
617 2367 758 2440 pullo
789 2367 902 2438 ejus
922 2407 936 2432 ,
965 2364 1028 2419 de
1053 2364 1224 2439 ejectis
1253 2381 1284 2417 a
1313 2363 1502 2434 templo
1529 2379 1681 2417 num-
1856 2364 2018 2430 mani,
2049 2373 2096 2418 et
2123 2362 2248 2416 dicit
2271 2360 2534 2433 discipulis
2564 2359 2669 2414 suis
2694 2374 2711 2413 :
2745 2356 2941 2415 Sedete
2970 2355 3143 2413 donec
3170 2368 3290 2410 eam
3317 2353 3382 2410 il-

155 2463 407 2530 mulariis,
442 2462 507 2516 de
525 2462 628 2532 ﬁcu
648 2460 940 2525 maledicta,
961 2459 1023 2513 de
1040 2457 1238 2513 duobus
1259 2456 1383 2529 ﬁliis
1403 2456 1470 2510 ad
1488 2456 1684 2512 vineam
1859 2456 1943 2511 Iuc
1964 2470 2143 2522 orare,
2165 2454 2246 2524 (h)
2264 2463 2308 2508 et
2329 2454 2391 2508 de
2411 2452 2541 2507 tristi
2564 2451 2735 2506 anima
2756 2465 2853 2505 sua
2872 2464 3030 2522 usque
3053 2448 3124 2502 ad
3151 2455 3358 2500 mortem
3367 2484 3384 2511 ,
3473 2477 3483 2489 ο

158 2559 348 2621 missis,
381 2558 448 2613 de
468 2556 754 2630 publicanis
779 2563 824 2610 et
851 2554 1219 2609 meretricibus.
1859 2548 1922 2604 de
1951 2549 2108 2603 calice
2151 2547 2192 2601 si
2227 2543 2464 2616 possibile
2519 2552 2592 2600 est
2633 2541 2851 2596 transire
2880 2556 2910 2594 a
2948 2555 3034 2601 se,
3093 2537 3155 2594 de
3200 2536 3385 2610 spiritu

91 2650 256 2708 XXII.
280 2649 356 2705 De
385 2628 692 2705 vinitoribus
729 2648 818 2718 qui
865 2647 1044 2701 missos
1083 2645 1153 2698 ad
1190 2661 1245 2700 se
1282 2644 1342 2699 ob
1384 2642 1687 2714 repetendos
1858 2649 2098 2714 prompto
2128 2648 2172 2694 et
2203 2654 2356 2692 carne
2376 2635 2604 2705 inﬁrma,
2637 2643 2683 2690 et
2709 2647 2937 2698 rursum,
2966 2629 3030 2706 (ἱ)
3058 2628 3244 2692 Pater,
3275 2640 3383 2682 non

158 2747 356 2818 fructus
399 2744 752 2815 interﬁciunt,
793 2742 855 2797 de
881 2742 1110 2798 invitatis
1144 2739 1446 2812 promiscuis
1471 2747 1519 2795 et
1558 2747 1690 2795 veste
1861 2743 2040 2806 potest
2071 2732 2158 2788 hic
2183 2731 2322 2788 calix
2350 2729 2580 2788 transire
2604 2726 2709 2783 nisi
2744 2725 2892 2782 illum
2928 2722 3144 2782 bibam?
3176 2722 3266 2778 Iiat
3297 2734 3389 2780 vo-

161 2841 405 2911 nuptiali.
1866 2827 2044 2880 lunlus
2069 2832 2178 2878 tua.

94 2903 280 2990 XXIII.
312 2932 393 2987 De
422 2929 616 2985 tributo
642 2936 690 2983 et
708 2927 932 2998 imagine
958 2923 1192 2992 Ctzsaris,
1223 2925 1287 2978 de
1308 2923 1482 2978 eadem
1504 2932 1693 2995 septem
1794 2915 2014 2974 XXXII.
2038 2915 2114 2968 De
2137 2913 2302 2979 Juda,
2322 2911 2408 2982 qui
2434 2921 2542 2964 erat
2564 2925 2697 2963 unus
2717 2909 2780 2962 de
2800 2905 3070 2961 duodecim
3097 2903 3391 2974 diseipulis,

159 3029 380 3098 fratrum
428 3040 594 3080 uxore
614 3064 630 3092 ,
678 3022 742 3078 de
794 3020 1051 3076 mandatis
1101 3019 1373 3085 maximis,
1421 3021 1484 3072 de
1526 3015 1694 3072 David
1867 3011 2097 3064 veniente
2117 3007 2184 3061 ad
2212 3004 2389 3060 .lesum
2419 3020 2534 3057 cum
2564 3002 2787 3074 plurima
2817 3000 2961 3054 turba
2990 3003 3046 3051 ut
3083 3012 3193 3052 eum
3217 2995 3392 3050 trade-

162 3089 293 3187 ﬁlio.
614 3089 622 3092 ⁷
725 3133 731 3140 ·
864 3178 868 3181 _
1868 3113 1942 3159 ret
1959 3121 1978 3169 ,-
2015 3101 2078 3155 tle
2103 3099 2277 3173 gladio
2305 3114 2451 3170 quem
2473 3095 2622 3164 iussit
2651 3093 2804 3150 Petro
2833 3099 3118 3148 convertere
3145 3089 3198 3144 in
3228 3089 3394 3144 locum

93 3178 280 3267 XXIV.
311 3208 394 3265 De
415 3206 665 3263 cathedra
696 3178 870 3277 Moysi
900 3221 1051 3276 super
1079 3221 1230 3271 quam
1252 3205 1488 3258 sederunt
1515 3203 1692 3257 scriba:
1718 3205 1762 3269 C
1865 3213 2032 3251 suum.

161 3312 207 3358 et
231 3301 501 3374 pharisati,
528 3299 590 3353 de
613 3296 684 3370 (f)
718 3273 892 3352 clauso
927 3273 988 3350 ab
1014 3297 1194 3350 iisdem
1216 3312 1371 3368 regno
1412 3295 1653 3349 ccelorum
1677 3337 1691 3361 ,
1802 3287 2042 3346 XXXIII.
2079 3285 2155 3340 De
2187 3284 2360 3339 Pilato
2391 3300 2408 3338 :
2440 3299 2554 3336 cum
2599 3280 2792 3334 sederet
2832 3293 2925 3348 pro
2967 3275 3230 3339 tribunali,
3258 3273 3398 3326 misit

161 3404 207 3449 et
233 3394 296 3448 ab
324 3392 514 3448 iisdem
539 3389 737 3444 comedi
771 3389 948 3442 domos
979 3389 1244 3442 viduarum
1263 3433 1275 3451 ,
1334 3385 1698 3442 circumeunti-
1873 3384 1941 3438 ad
1971 3383 2115 3438 illum
2140 3396 2271 3435 uxor
2290 3396 2403 3446 sua,
2425 3377 2595 3431 dicens
2616 3392 2632 3430 .'
2652 3373 2792 3429 Nihil
2826 3372 2917 3426 tibi
2941 3370 3011 3427 sit
3038 3377 3092 3424 et
3114 3368 3260 3440 justo
3287 3363 3394 3423 Isti.

163 3488 254 3542 bus
283 3502 428 3539 mare
461 3495 506 3538 et
533 3483 752 3545 aridum,
773 3491 821 3535 et
851 3480 1169 3534 dicentibus:
1195 3478 1528 3548 Quicumque
1552 3482 1702 3548 jura-
1875 3477 1953 3532 De
1981 3473 2359 3532 transeuntibus
2387 3473 2539 3541 juxta
2570 3484 2769 3523 crucem
2799 3465 2886 3537 qui
2919 3463 3185 3519 mouebant
3225 3459 3397 3528 capita

167 3581 305 3636 verit
337 3581 391 3634 in
424 3577 664 3649 templo,
692 3575 822 3629 nihil
855 3583 971 3641 est,
1000 3585 1046 3628 et
1087 3574 1456 3628 decimantibus
1483 3582 1702 3628 mentum
1875 3580 2043 3630 sua.et
2063 3567 2297 3622 dicebant
2322 3581 2340 3619 :
2365 3564 2460 3619 IIic
2490 3572 2570 3618 est
2597 3563 2686 3632 qui
2716 3557 3030 3616 destruebat
3057 3555 3314 3627 templum
3346 3557 3402 3607 et

162 3682 209 3728 et
239 3670 518 3738 anethum,
557 3680 602 3726 et
637 3665 1010 3737 aediﬁcantibus
1041 3667 1275 3736 sepulcra
1313 3666 1698 3737 praphetarum,
1878 3665 1931 3722 in
1957 3661 2188 3718 triduum
2220 3657 2349 3714 illud
2373 3653 2759 3712 retudiﬁcabat.

167 3817 245 3903 (ᾳ)
276 3818 378 3901 IIIo
400 3817 663 3874 articulus
689 3817 745 3872 in
778 3829 908 3871 mss.
935 3822 1236 3886 postremus
1259 3824 1340 3871 est
1366 3811 1586 3884 capituli
1609 3825 1698 3868 suc
1831 3810 1953 3903 1(9)
1981 3806 2141 3875 Editi,
2174 3804 2242 3859 ad
2269 3801 2518 3870 iudicium
2541 3814 2658 3854 cum
2680 3799 2946 3869 majestate
2967 3807 3061 3850 sua
3084 3806 3102 3845 :
3129 3787 3407 3860 refragan-

94 3883 349 3960 perioris.
643 3959 651 3960 ί
867 3957 876 3960 _
937 3883 949 3886 ⁷
1435 3883 1447 3884 ί
1807 3883 1948 3939 tibus
1982 3896 2112 3936 mss.

165 3961 242 4157 Ὁ
276 3961 438 4016 "unc
465 3959 749 4042 animum“
773 3957 1026 4012 ominum
1057 3971 1188 4012 ωδε·
1883 3975 1960 4045 (h)
1992 3974 2068 4028 Ita
2100 3988 2230 4027 mss.
2273 3968 2416 4024 Editi
2447 3981 2576 4022 vero
2596 4005 2612 4029 ,
2639 3972 2686 4018 et
2719 3962 2925 4016 lristata
2963 3967 3036 4011 est
3076 3955 3249 4010 anima
3292 3953 3406 4022 ejus

192 4050 218 4085 ε
273 4033 328 4086 in
363 4033 622 4102 νυιίόίηιεν
643 4031 832 4113 ῥαίυαιο
1345 4098 1355 4109 ,
1555 4095 1566 4107 ,
1625 4094 1638 4106 ,
1808 4061 1968 4115 usque
1987 4046 2056 4098 ad
2085 4053 2314 4096 mortem.
2335 4038 2397 4092 Et
2425 4038 2487 4092 de
2507 4037 2666 4090 calice
2691 4033 2868 4088 mortis
2889 4028 3025 4096 quod
3049 4026 3200 4088 dixit,
3227 4023 3406 4091 Pater,

166 4105 184 4157 l
238 4119 248 4157 I
283 4104 340 4157 In
375 4118 513 4157 mss.
538 4102 831 4157 capitulum
854 4097 1188 4157 subsequens
1212 4097 1280 4154 ab
1305 4097 1390 4154 bis
1419 4095 1598 4152 verbis
1624 4110 1706 4150 ιιι·
1817 4119 1858 4157 ,ί
1889 4114 2124 4157 ηηιιὶἠίιρ
2152 4121 2240 4157 ριι,
2272 4119 2495 4157 transeat
2518 4124 2550 4157 α
2573 4121 2651 4157 me
2678 4103 2814 4157 calix
2842 4102 2958 4153 iste.
2978 4096 3055 4152 De
3082 4096 3406 4157 spiritu,etc.

192 4023 242 4115 ε)
273 4033 328 4115 I_n
363 4031 832 4115 vulgatis,sallvat.
920 4097 933 4115 ‘
1246 4097 1260 4115 ς
1305 4097 1355 4115 μ
1516 4095 1566 4115 υ
1625 4094 1638 4106 .

2085 4023 2314 4115 mortem.
2332 4023 2397 4092 Et
2425 4038 2487 4092 de
2507 4023 2666 4090 calice
2691 4033 2868 4115 mortis
2889 4028 3025 4115 quod
3049 4023 3405 4115 dixit,_‘Patler,

166 4095 248 4176 (ίί)
283 4104 340 4159 In
375 4095 513 4159 m5§°
538 4095 831 4173 θδβίίυίυω
854 4097 1188 4170 subsequens
1212 4097 1280 4154 ab
1305 4097 1390 4154 bis
1419 4095 1598 4152 verbis
1624 4095 1706 4150 ί¹¹¹
1812 4095 2124 4185 1possibile
2146 4095 2241 4175 est,
2272 4119 2495 4164 transeat
2518 4124 2550 4161 a
2573 4121 2651 4159 me
2678 4103 2814 4157 calix
2842 4095 2958 4153 iste.
2978 4096 3055 4152 De
3082 4096 3265 4166 spiritu
3277 4100 3406 4159 ,etc.

94 4175 353 4250 enim“?
587 4245 598 4250 -
829 4243 862 4250 ..
892 4243 904 4250 .
963 4241 1006 4250 _
1137 4243 1148 4250 .
1206 4242 1217 4250 .
1281 4238 1316 4250 η
1816 4175 2032 4243 Tumin
2067 4198 2197 4239 mss.
2230 4187 2490 4250 promptu,
2515 4192 2619 4232 nou
2651 4183 2909 4244 Prompta.

166 4247 240 4320 (ε)
279 4248 377 4320 llis
408 4245 752 4320 praemittunt
779 4243 927 4310 editi,
961 4241 1168 4320 Transit
1201 4242 1253 4295 in
1274 4238 1565 4320 Galilazum.

169 4308 240 4391 (f)
275 4308 580 4391 Mssfcluso
613 4333 632 4370 :
657 4326 712 4372 et
743 4331 889 4386 mox,
913 4308 964 4370 et
993 4313 1419 4371 circumeuntium
1439 4353 1453 4377 ,
1481 4323 1577 4380 pro
1616 4308 1716 4363 cir-

96 4390 488 4445 cumeuntibus.

443 4776 446 4779 _
586 4604 751 4678 θεε
806 4615 1756 4788 SANCTI
1908 4590 2952 4771 HILARII

436 4911 564 5064 IN
670 4905 1424 5068 EIANGELIUM
1526 4895 2076 5054 MAT’I‘IIIIII
2180 4869 3108 5044 CIIIIIIIINTAIIIUS.

1327 5133 1600 5201 (SCRIPTUS
1627 5143 1788 5187 maca
1818 5139 1995 5183 surtu:
2021 5119 2237 5189 cccm.)

1892 4285 1954 4358 (i)
1985 4282 2130 4339 Editi
2159 4280 2246 4336 hic
2274 4278 2550 4350 adjiciunt,
2584 4275 2646 4329 de
2679 4288 2737 4328 eo
2761 4270 2900 4340 quod
2935 4268 3085 4323 dixit.

1164 5265 2404 5314 Μῦν-’⁸

653 5401 882 5462 CAPUT
923 5399 1212 5459 panum,
1833 5383 2188 5462 (a)Gradum,
2219 5392 2384 5451 quem
2411 5371 2697 5430 Mattlmus
2722 5368 2777 5425 In
2800 5361 3007 5462 ordine
3033 5355 3204 5462 regite
3223 5358 3454 5462 ξξξοξξ·

111 5505 197 5560 De
221 5500 506 5558 natiuitate
543 5497 753 5564 Christi,
782 5494 916 5548 etde
963 5493 1134 5564 Magis
1168 5507 1284 5546 cum
1319 5485 1634 5552 muneribus,
1671 5499 1733 5538 ac
1835 5452 2006 5538 sionis
2030 5475 2295 5541 ediderat,
2336 5471 2511 5528 Lucas
2542 5468 2595 5520 in
2618 5456 2948 5564 sacerdotali
2976 5454 3187 5564 origin:

651 5532 730 5552 ι...
782 5532 827 5548 ι.
852 5532 915 5548 ..ο
963 5532 1049 5546 μ...
1091 5532 1134 5547 ..
1168 5532 1284 5546 .......
1320 5532 1634 5552 .......,..-π,,
1672 5532 1727 5538 η-
2283 5532 2294 5541 ,

641 5589 706 5642 de
732 5539 1009 5657 infamibus
1031 5532 1233 5636 oicisis.
1840 5583 1938 5631 tat.
1971 5571 2143 5640 Quem
2168 5567 2293 5624 dum
2325 5575 2550 5633 uterque
2579 5558 2922 5617 dinumerat,
2973 5542 3361 5657 cognationem
3393 5532 3455 5590 in

184 5689 245 5746 1,
281 5682 485 5740 Christi
527 5697 590 5736 ea:
634 5635 845 5751 regio'et
873 5673 1180 5729 sacerdotali
1228 5688 1409 5747 genere
1458 5681 1620 5724 ortus.
1668 5697 1741 5710 --
1845 5635 2077 5724 Domino
2105 5663 2386 5734 utriusque
2403 5657 2572 5714 tribus
2604 5659 2832 5721 uterque
2852 5642 3140 5717 signiﬁcat.
3171 5635 3460 5700 Recteque

202 5825 287 5902 (α)
321 5823 385 5881 In
405 5819 568 5880 editis
596 5812 686 5876 hic
714 5815 920 5874 frustra
961 5811 1392 5886 prmierebatur,
1423 5808 1577 5864 Liber
1603 5825 1758 5882 gene-
1868 5807 2084 5864 rationis
2126 5805 2253 5863 Jesu
2300 5797 2523 5862 Christi,
2553 5789 2650 5864 ﬁlii
2689 5787 2884 5859 David,
2926 5785 3022 5859 ﬁlii
3061 5777 3306 5846 Abt‘aha’,
3331 5785 3475 5850 εῑοη
