3882 6332
506 288 613 342 919

1723 277 1967 336 SANCTI
2001 275 2261 334 lliLARII
2293 277 2601 335 EPISCOPI

3671 284 3756 341 ΩΟ

499 399 872 472 generationis
895 397 1094 471 gradus
1115 396 1370 468 ponitur:
1399 396 1524 466 quia
1553 392 1907 450 sacerdotalis
1935 400 1990 447 et
2010 406 2098 447 re-
2126 393 2176 454 Α
2203 391 2543 463 cognationis
2565 394 2869 466 acciperet,
2895 406 3292 468 suseeptosque
3345 397 3485 454 filios
3527 397 3584 454 in
3625 399 3756 455 lami-

499 494 604 563 gize
628 493 800 549 tribus
827 491 1056 547 societas
1079 504 1179 561 per
1212 488 1374 543 David
1403 503 1472 544 ex
1501 487 1756 559 coniugio
1787 486 1943 550 inita,
1987 484 2095 556 jam

499 601 530 642 a
552 587 816 643 Salathiel
839 587 892 640 in
922 583 1222 639 Zorobabel
1237 583 1592 639 confirmetur
1605 597 1669 636 ex
1684 595 1902 650 genere.
1921 581 2097 650 Atque

499 680 572 736 ita
602 680 730 734 dum
765 678 1048 732 Mattheus
1079 684 1359 745 paternam
1391 675 1658 747 originem
1681 717 1696 740 ,
1725 689 1844 745 qua:
1875 673 2094 729 exluda

496 770 966 842 proficiscebatur,
1000 777 1282 835 recenset,
1312 767 1486 824 Lucas
1512 782 1644 823 vero
1674 776 1953 837 acceptum
2000 780 2097 835 per

495 863 728 920 Natham
761 877 829 916 ex
857 862 998 916 tribu
1026 860 1154 916 Levi
1180 875 1351 931 genus
1372 859 1568 915 edocet
1611 857 1761 930 (Luc.
1807 872 1896 922 ιιι,
1953 855 2048 926 24)
2077 872 2092 920 ;

496 956 612 1010 suis
631 952 707 1025 (a)
738 952 1044 1024 quibusque
1067 952 1306 1022 patribus
1323 951 1554 1006 Domino
1581 958 1768 1005 nostro
1781 948 1910 1004 Jesu
1933 945 2093 1002 Chri-

495 1058 604 1113 sto,
626 1049 794 1121 669
818 1049 906 1119 qui
931 1058 1013 1103 est
1034 1057 1272 1101 internus
1291 1056 1342 1102 et
1366 1061 1462 1101 rex
1475 1055 1530 1101 et
1547 1044 1824 1112 sacerdos,
1855 1044 2016 1099 etiam
2037 1041 2090 1096 in

493 1143 698 1195 carnali
729 1151 852 1196 ortu
882 1142 1166 1210 utriusque
1193 1139 1409 1211 generis
1435 1139 1664 1209 gloriam
1697 1138 2088 1208 probaverunt.

489 1233 646 1302 Quod
677 1249 807 1290 vero
846 1233 1050 1304 Ioseph
1094 1233 1437 1302 pOIiusquam
1469 1231 1649 1285 Mariae
1695 1230 1952 1284 nativitas
2003 1244 2092 1284 rc-

491 1336 769 1393 censetur,
799 1325 934 1380 nihil
959 1324 1126 1380 refert
1155 1342 1167 1378 :
1195 1324 1389 1380 eadem
1421 1323 1564 1378 enim
1593 1330 1679 1377 est
1709 1321 1876 1376 totius
1919 1321 2092 1376 tribus

491 1429 656 1491 atque
693 1435 799 1474 una
826 1419 1099 1490 cognatio.
1134 1417 1456 1487 Exemplum
1507 1424 1688 1470 autem
1737 1416 1900 1470 etiam
1955 1413 2090 1468 Mat-

491 1512 667 1568 thzeus
695 1520 750 1566 et
771 1511 944 1566 Lucas
969 1510 1238 1565 dederunt
1265 1551 1279 1575 ,
1301 1517 1487 1581 patres
1532 1508 1760 1562 invicem
1813 1506 2094 1576 appellan-

491 1615 576 1662 tes
599 1648 613 1673 ,
639 1620 747 1661 non
780 1614 886 1660 tam
911 1619 1111 1676 genere
1138 1619 1302 1675 quam
1334 1613 1495 1674 gente
1523 1619 1536 1656 :
1571 1602 1696 1672 quia
1727 1601 1796 1656 ab
1823 1616 1931 1654 uno
1985 1599 2086 1654 tri-

492 1699 596 1754 bus
617 1708 790 1769 erepta
812 1740 826 1764 ,
850 1697 950 1753 sub
976 1697 1137 1752 unius
1165 1696 1529 1752 successionis
1557 1703 1611 1749 ct
1638 1693 1864 1764 originis
1891 1693 2090 1747 familia

2199 483 2324 539 liam
2347 483 2465 554 ejus
2483 487 2573 556 qui
2601 498 2844 545 mortuus
2865 499 3008 544 esset
3031 489 3200 562 670
3212 489 3436 546 referret
3456 489 3629 562 (Deut.
3648 508 3752 562 xxv,

2199 575 2258 647 ε)
2290 595 2304 631 :
2336 589 2687 650 maneretque
2726 579 2801 634 ita
2828 581 2907 650 (ά)
2932 581 2986 636 in
3020 581 3394 652 primogenitis
3432 584 3755 640 successionis

2197 671 2331 726 ordo
2352 713 2366 737 ,
2393 687 2514 727 cum
2540 683 2720 742 patres
2748 688 2936 729 eorum
2957 717 2971 740 ,
2994 676 3084 745 qui
3111 685 3230 745 post
3287 675 3398 730 nati
3445 688 3625 731 essent
3642 719 3656 740 ,
3679 689 3754 734 aut

2200 767 2420 822 nomine
2452 767 2801 835 haberentur,
2836 780 2927 824 aut
2949 784 3170 840 genere.

2267 859 2324 913 2.
2371 858 2476 914 Cur
2541 860 2889 934 generationes
2934 861 3171 932 quietiam
3229 861 3452 916 omissc.
3513 860 3616 914 Cur
3651 879 3753 933 qu.

2198 950 2474 1004 luordecim
2500 952 2586 1005 ubi
2609 960 2804 1005 tantum
2836 951 3078 1006 tredecim
3097 961 3442 1006 recensentur.
3462 982 3530 991 -—
3546 951 3754 1022 Sequens

2198 1040 2329 1095 illud
2356 1052 2472 1106 est,
2499 1051 2555 1097 ut
2581 1043 2704 1109 quia
2732 1043 2803 1113 (e)
2830 1043 3096 1107 diximus,
3146 1042 3446 1098 secundum
3493 1058 3665 1098 rerum
3708 1046 3754 1098 i-

2195 1131 2354 1199 dem,
2385 1135 2754 1203 generationis
2781 1133 2939 1189 istius
2967 1134 3215 1190 ordinem
3265 1149 3366 1189 nec
3419 1150 3640 1190 numero
3677 1138 3753 1190 siti

2197 1240 2297 1280 nec
2325 1227 2670 1280 successione
2691 1234 2975 1291 constare;
3005 1226 3168 1297 hujus
3199 1241 3415 1296 quoque
3444 1226 3524 1281 rei
3550 1226 3678 1281 ratio
3693 1229 3750 1282 al-

2195 1318 2417 1375 feratur.
2447 1319 2564 1375 Non
2589 1319 2731 1375 enim
2753 1319 2888 1376 levis
2916 1334 3076 1374 causa
3105 1329 3188 1374 est
3208 1361 3225 1386 ,
3247 1329 3306 1374 ut
3332 1317 3478 1373 aliud
3515 1318 3570 1372 in
3599 1335 3753 1374 narra-

2195 1412 2341 1468 tione
2361 1415 2466 1481 sit,
2495 1412 2642 1467 aliud
2665 1411 2826 1468 fuerit
2855 1411 2910 1466 in
2941 1412 3146 1483 gestis;
3177 1422 3232 1466 et
3261 1413 3408 1466 aliud
3438 1410 3691 1466 referatur
3711 1415 3748 1468 i

2194 1518 2405 1560 summa
2426 1545 2441 1569 ,
2472 1503 2617 1558 aliud
2643 1518 2774 1559 vero
2804 1513 3053 1559 teneatur
3081 1503 3136 1558 in
3169 1519 3423 1559 numero.
3454 1503 3684 1574 Namque
3705 1510 3752 1561 si:

2194 1593 2468 1651 Abraham
2500 1610 2669 1666 usque
2716 1594 2783 1650 ad
2843 1595 3012 1650 David
3052 1593 3467 1666 quatuordecim
3493 1597 3756 1665 generatio-

2200 1703 2294 1743 nes
2321 1697 2650 1743 enumerata:
2673 1697 2832 1752 sunt,
2860 1688 2931 1760 (Γ)
2952 1698 3005 1743 ει
3039 1687 3209 1742 David
3261 1703 3436 1758 usque
3487 1688 3556 1742 ad
3610 1700 3752 1744 trans-

495 1792 828 1846 continetur.
861 1789 997 1845 Cum
1057 1790 1201 1844 enim
1257 1788 1399 1842 filius
1430 1787 1599 1842 David
1648 1795 1807 1857 atque
1859 1785 2094 1841 Abrahae
2124 1791 2170 1850 Β
2199 1780 2579 1850 migrationem
2612 1780 2905 1853 Babylonis
2934 1781 3322 1851 generationes
3347 1783 3752 1852 quatuordecilt,

494 1895 641 1939 esset
670 1881 746 1955 (ὑ)
777 1882 1299 1952 ostendendus,qnia
1327 1881 1399 1934 ita
1420 1878 1914 1948 Matthzeuscmpit;
1942 1876 2094 1930 Liber

493 1975 837 2047 generationis
881 1971 1010 2028 Iesu
1037 1971 1268 2037 Christi,
1324 1972 1420 2040 filii
1459 1969 1666 2036 David,
1717 1969 1814 2038 ﬁlii
1868 1968 2090 2023 Abrahae

493 2069 712 2142 (Matth.
745 2085 792 2133 ι,
819 2067 916 2139 1);
962 2068 1040 2138 (c)
1069 2083 1174 2121 non
1216 2065 1399 2122 dill'ert
1448 2065 1572 2134 quis
1622 2062 1675 2118 in
1731 2062 1958 2132 originis
1990 2077 2091 2116 nu-

493 2177 650 2217 mero
679 2170 840 2231 atque
862 2160 1054 2215 ordine
1078 2159 1400 2224 collocetur,
1453 2155 1749 2212 dummodo
1801 2157 2088 2210 universo-

495 2269 613 2308 rum
639 2251 836 2306 familia
858 2260 1036 2321 ctnpta
1069 2265 1191 2307 esse
1236 2249 1568 2318 intelligatur
1592 2247 1662 2302 ab
1690 2260 1817 2301 uno.
1851 2245 1931 2301 Ita
1960 2261 2084 2302 cum

491 2345 739 2415 ejusdem
761 2345 932 2400 tribus
963 2345 1032 2398 sit
1059 2342 1259 2416 Joseph
1289 2353 1344 2398 et
1371 2341 1566 2407 Maria;
1617 2339 1745 2396 dum
1806 2339 2085 2410 profectus

487 2452 610 2494 esse
639 2453 704 2492 ex
732 2436 967 2492 Abrahae
986 2451 1184 2506 genere
1224 2434 1428 2505 Ioseph
1464 2432 1790 2500 ostenditur,
1845 2429 2087 2502 profecta

486 2544 701 2600 quoque
727 2529 953 2584 docetur
979 2537 1034 2584 et
1060 2527 1246 2583 Maria.
1282 2527 1409 2582 Hzec
1461 2527 1608 2582 enim
1662 2526 1714 2580 in
1775 2526 1894 2594 lege
1947 2524 2087 2579 ratio

486 2630 701 2676 servata
727 2630 831 2681 est.
854 2628 912 2674 ut
936 2619 983 2674 si
1009 2628 1256 2674 mortuus
1284 2619 1402 2674 sine
1424 2617 1550 2672 ﬁliis
1581 2617 1801 2672 familias
1831 2617 2086 2687 princeps

486 2710 710 2778 fuisset,
740 2709 979 2766 defuncti
1023 2724 1249 2766 uxorem
1282 2709 1555 2780 posterior
1611 2709 1778 2764 frater
1832 2705 2084 2778 ejusdem

485 2872 693 2942 absque
715 2871 821 2924 ulla
855 2884 984 2942 mss.
1000 2869 1351 2942 auctoritate.
1372 2865 1576 2942 Deinde
1593 2866 1788 2942 mirum
1803 2877 1886 2921 est
1903 2882 2076 2942 quan-

487 2937 764 2998 tum'inter
792 2957 852 2994 se
881 2939 1178 2994 dissideant
1208 2941 1389 2994 excusi
1412 2950 1466 2993 et
1493 2955 1622 2994 mss.
1645 2937 1887 3007 Namque
1913 2938 2078 2993 editio

487 3029 649 3082 opera
675 3012 824 3066 Badii
846 3011 1066 3065 Ascensi
1095 3025 1299 3066 excusa
1319 3053 1334 3074 ,
1364 3026 1488 3082 cum
1523 3009 1744 3063 EraSmo
1779 3012 2077 3082 quiueam-

488 3079 612 3139 dem
643 3083 938 3138 editionem
962 3083 1306 3152 recognovit,
1355 3080 1434 3134 sic
1463 3081 1772 3150 auspicatur
1801 3096 1814 3136 :
1865 3079 2080 3134 Gressus

487 3172 635 3236 quem
668 3153 946 3208 Matthazus
967 3163 1016 3236 et
1032 3152 1198 3206 Lucas
1233 3155 1285 3206 in
1327 3153 1505 3236 ordine
1548 3153 1702 3224 regia:
1736 3152 2080 3236 successionis
2108 3173 2154 3236 ρ

488 3227 756 3282 ediderant
773 3243 787 3282 :
804 3241 954 3290 quem
981 3225 1102 3278 dum
1129 3234 1340 3294 uterque
1366 3223 1677 3286 dinumerat,
1703 3232 1746 3276 et
1769 3224 2080 3295 agnitionem

488 3300 542 3353 in
572 3297 794 3353 Domino
821 3299 1086 3366 utriusque
1103 3295 1262 3350 tribus
1293 3307 1502 3364 uterque
1545 3295 1832 3366 signiﬁcat,
1893 3303 1940 3348 et
1974 3311 2086 3348 rec-

491 3379 556 3442 ta:
577 3369 914 3442 generationis
955 3365 1346 3442 gradum‘ponit
1374 3382 1393 3420 :
1418 3368 1540 3436 quia
1587 3365 1940 3430 sacerdotalis,
1968 3378 2077 3442 etc.

494 3436 705 3511 Lipsius
734 3436 1165 3511 antemdnmnine
1190 3439 1448 3511 Martinus
1469 3479 1484 3503 ,
1519 3453 1581 3491 ac
1626 3449 1742 3511 post
1765 3454 1886 3491 eum
1915 3436 2081 3511 editio

491 3507 846 3574 Parisiensis,
901 3509 1309 3580 Gressumqnem
1334 3507 1610 3563 Mattheus
1633 3510 1686 3561 in
1708 3511 1887 3562 ordine
1927 3509 2084 3580 regiae

489 3584 853 3641 successionis.
905 3597 1021 3634 eum
1067 3579 1238 3634 Lucas
1287 3596 1377 3649 per
1426 3580 1792 3635 sacerdotalem
1851 3579 2082 3634 ordinem

487 3653 763 3723 ediderat:
790 3667 939 3723 quem
959 3652 1120 3716 dum,
1165 3661 1460 3723 etcaslera
1507 3661 1562 3704 ut
1605 3649 1745 3718 apud
1793 3650 1927 3704 Bad.
1949 3651 2081 3723 _ttisi

492 3722 634 3792 quod
665 3721 990 3794 agnationem
1009 3736 1140 3794 ﬁnio;
1173 3721 1402 3794 habeant
1425 3764 1440 3784 ,
1463 3736 1563 3791 pro
1591 3723 1922 3794 agnitionem.
1946 3721 2081 3777 Tres

493 3791 624 3846 vero
653 3791 786 3846 mss.
814 3805 938 3860 puta
967 3832 981 3855 ,
1005 3791 1384 3855 Michaelinus,
1415 3791 1727 3846 monasterii
1757 3793 1917 3846 Silva:
1966 3807 2079 3846 ma-

489 3863 626 3935 joris
649 3905 666 3929 ,
700 3874 756 3918 et
784 3863 1116 3935 Beccensis,
1158 3863 1402 3935 Gressum
1429 3879 1581 3933 quem
1610 3862 1887 3918 Matthaaus
1913 3866 1968 3918 in
1993 3882 2079 3919 or-

491 3934 611 3990 dine
633 3935 788 4008 regitz
807 3934 1148 3989 successionis
1169 3934 1428 4008 ediderat,
1459 3935 1779 4005 prosequitur
1804 3946 1850 3989 et
1871 3935 2040 3992 Lucas
2059 3979 2072 4000 ,

488 4023 638 4077 quem
667 4004 819 4072 dum,
857 4017 1052 4061 caetera
1114 4021 1238 4060 cum
1295 4004 1423 4059 Bad.
1461 4004 1880 4062 consentientes
1904 4049 1918 4071 ,
1973 4009 2075 4062 nisi

486 4079 628 4159 quod
662 4089 856 4159 postea
877 4077 1194 4159 subjici-ant,
1230 4085 1458 4130 recteque
1481 4079 1824 4159 generationis
1868 4080 2075 4159 gradus

486 4152 712 4220 ponitur.
744 4147 924 4220 Codex
956 4149 1175 4216 majoris
1203 4147 1514 4220 monasterii
1543 4147 1744 4203 Turon.
1778 4165 1841 4204 ac
1868 4147 2072 4204 Vindo-

485 4218 753 4286 cinensis,
785 4219 1000 4292 Gressus
1027 4236 1174 4290 quem
1189 4218 1469 4292 Matthazus
1493 4221 1546 4273 in
1576 4220 1754 4275 ordine
1783 4221 1938 4291 regite
1956 4237 2074 4275 suc-

487 4292 729 4360 cessionis
751 4291 1005 4355 ediderat,
1033 4307 1183 4357 quem
1207 4292 1352 4355 dum,
1384 4301 1516 4348 etc..
1544 4301 1603 4344 ιιι
1631 4293 1681 4345 in
1705 4292 2074 4360 superioribus

485 4374 619 4414 mss.
654 4359 975 4426 Vaticanus,
1034 4359 1249 4416 Gressus
1297 4378 1444 4431 quem
1477 4359 1854 4417 Malthazus’in
1895 4365 2074 4418 ordine

484 4431 642 4505 regite
663 4434 1024 4505 successionis,
1076 4442 1123 4487 et
1159 4449 1308 4502 quem
1350 4431 1519 4486 Lucas
1542 4504 1546 4505 ν
1569 4450 1659 4505 per
1706 4435 2072 4505 sacerdotalem

486 4503 716 4574 ordinem
743 4503 1068 4564 dinumerat.
1126 4513 1332 4574 uterque
1387 4503 1701 4574 agnitionem
1746 4511 1797 4558 in
1851 4504 2070 4561 Domino

486 4573 759 4647 utriusque
775 4574 933 4627 tribus
953 4575 1208 4647 signiﬁcat
1226 4617 1240 4641 ,
1263 4583 1371 4647 etc.

486 4656 608 4696 mus
638 4642 922 4698 lectionem
949 4686 964 4709 ,
987 4642 1145 4713 quam
1175 4645 1428 4701 omnibus
1457 4649 1698 4702 numeris
1719 4642 2076 4703 suisiabsolu-

485 4721 593 4788 tam
619 4713 836 4788 exhibet
864 4716 1232 4788 lectionarium
1261 4717 1628 4773 Germanense
1653 4734 1754 4773 ms.
1777 4735 1806 4772 a
1834 4734 1936 4788 qua
1968 4736 2072 4776 non

484 4784 712 4839 dissidet
731 4801 877 4858 (unus
903 4785 1080 4858 codex
1108 4786 1450 4842 Colbertinus
1471 4831 1487 4856 ,
1536 4789 1637 4844 nisi
1689 4790 1831 4858 quod
1852 4784 1866 4788 “
1886 4789 2071 4857 initio,

482 4869 580 4924 pro
609 4856 865 4933 gradum,
899 4855 1094 4912 habent
1118 4875 1345 4933 gressum
1366 4903 1381 4924 ,
1405 4855 1787 4933 etagnitionem
1832 4876 1927 4929 pro
1981 4855 2069 4916 co?

481 4929 793 5001 gnationem.
828 4929 1165 5001 Quamquam
1195 4931 1418 4985 multum
1445 4929 1911 5001 prt'vpendebamus
1935 4933 1985 4986 in
2013 4933 2068 4989 id

480 4999 626 5066 quod
685 5014 793 5066 prae
838 5014 898 5054 se
951 4998 1130 5054 ferunt
1180 5016 1312 5054 mss.
1335 5005 1393 5056 ὃ.
1425 4998 1568 5058 Petri
1599 5001 1986 5067 Carnulensis,
2015 5015 2069 5062 et

479 5069 617 5122 alter
645 5068 885 5126 Colbert.
909 5071 954 5126 si
979 5072 1061 5124 vel
1092 5085 1277 5126 vocem
1307 5072 1505 5129 addere
1535 5073 1776 5129 licuisset
1828 5093 1840 5127 :
1891 5074 2064 5132 Genus

477 5142 616 5228 quod
643 5140 916 5228 Matthteus
944 5151 992 5197 et
1024 5140 1263 5228 ‘Lucnsin
1291 5146 1475 5225 ordine.
1493 5146 1646 5228 regia:
1681 5147 1799 5228 (hic
1850 5145 2064 5228 videtur

477 5211 703 5278 deesse,
761 5224 808 5267 et
856 5212 1214 5282 sacerdotalis)
1257 5211 1589 5269 successionis
1631 5211 1890 5283 ediderat,
1941 5218 2064 5272 dum

478 5290 690 5356 uterque
716 5284 1005 5339 dinumerat
1029 5327 1044 5351 ,
1067 5296 1116 5340 et
1135 5284 1447 5356 agnitionem
1477 5291 1526 5339 in
1554 5286 1774 5343 Domino
1801 5291 2065 5355 utriusque

476 5354 652 5430 tribus
711 5357 998 5430 signiﬁcat,
1047 5354 1184 5410 recte
1220 5358 1558 5430 generationis
1603 5362 1792 5430 gradus
1834 5354 2059 5430 ponitur.

471 5419 607 5478 Cum
638 5419 952 5500 lectionario
983 5419 1164 5500 autem
1188 5419 1574 5500 cognationem,
1603 5419 1702 5500 ’γει
1749 5419 1871 5486 cum
1936 5429 2060 5487 Par.

471 5498 797 5568 agnationem
818 5539 832 5562 ,
859 5499 1120 5572 vocabulo
1139 5498 1451 5572 agnitionem
1504 5499 1897 5572 praeferendum
1941 5517 2064 5559 esse

476 5577 625 5690 ﬁatut
654 5584 720 5622 ex
741 5583 860 5636 cap.
897 5570 995 5638 11,
1031 5587 1086 5625 n.
1137 5569 1190 5624 ti:
1238 5569 1382 5624 Satis
1411 5571 1690 5638 probabile
1719 5583 1802 5628 est
1832 5574 2060 5642 primam

519 5654 616 5690 anc
641 5647 843 5690 partem
887 5641 954 5690 ad
1011 5641 1663 5690 nromminmnertinere-
1721 5655 1884 5690 altum
1940 5645 2060 5690 hinc

519 5654 616 5691 anc
641 5647 843 5706 partem
887 5641 954 5695 ad
1011 5641 1336 5714 protemium
1356 5643 1665 5714 pertinere,
1721 5641 1884 5714 atque
1940 5645 2064 5700 hinc

474 5716 654 5762 mlam
678 5726 800 5765 esse
823 5721 1038 5783 tantam
1056 5715 1194 5767 inter
1221 5713 1436 5770 codices
1465 5713 1858 5770 dissensionem
1881 5757 1895 5781 ,
1919 5716 2061 5783 quod

468 5787 594 5832 cum
627 5782 983 5846 prmcedentia
1009 5782 1220 5854 dilapso
1239 5800 1308 5841 ex
1323 5785 1632 5858 archctypis
1658 5782 2061 5858 exemplaribus

2197 1887 2321 1926 cmn
2346 1872 2399 1926 in
2426 1872 2737 1942 Regnorum
2767 1872 2918 1928 libris
2939 1874 3125 1929 decem
3153 1883 3212 1928 et
3243 1885 3458 1942 septem
3488 1875 3752 1944 deprehen-

2193 1963 2410 2019 dantur.
2440 1963 2546 2020 Sed
2579 1965 2630 2018 in
2674 1965 2775 2018 hoc
2805 1981 2910 2018 non
2933 1965 3200 2020 mendacii
3224 1974 3321 2020 aut
3347 1966 3678 2037 negligentie
3699 1969 3756 2022 vi-

2195 2058 2328 2110 tium
2353 2064 2454 2110 est.
2489 2055 2624 2111 Tres
2648 2057 2792 2111 enim
2823 2056 2904 2129 (g)
2935 2059 3142 2113 ratione
3172 2058 3473 2128 prmterita:
3493 2069 3632 2114 sunt.
3653 2059 3757 2117 Nam

2193 2147 2350 2204 Joras
2370 2150 2555 2217 genuit
2579 2147 2873 2203 chozium
2897 2191 2911 2214 ,
2941 2148 3210 2205 Ochozias
3239 2167 3376 2206 vero
3407 2153 3593 2222 genuit
3614 2152 3755 2221 Joam,

2193 2240 2322 2297 Joas
2342 2242 2537 2298 deinde
2559 2243 2854 2306 Amasiam,
2872 2242 3120 2300 Amasias
3137 2255 3322 2300 autem
3343 2245 3531 2302 Oziam
3551 2246 3636 2319 (Ν
3655 2247 3756 2319 Reg.

2193 2353 2284 2392 vnt
2307 2379 2323 2405 ,
2349 2335 2465 2409 25).
2497 2336 2561 2392 Et
2584 2336 2636 2392 in
2670 2335 2926 2393 Matthzeo
2953 2337 3112 2394 Joras
3133 2338 3324 2393 Oziam
3351 2339 3610 2409 genuisse
3654 2342 3759 2395 sesi-

2190 2429 2360 2498 bitur,
2379 2445 2504 2485 cum
2533 2441 2760 2500 quartus
2783 2431 2852 2486 ab
2875 2445 2942 2485 eo
2967 2431 3060 2486 sit.
3092 2430 3206 2486 Hoc
3231 2432 3306 2485 ita
3337 2432 3581 2503 (supple,
3600 2432 3758 2486 factum

2189 2525 2319 2594 est),
2348 2525 2471 2595 quia
2501 2539 2564 2580 ex
2586 2525 2777 2594 gentili
2809 2524 3008 2580 femina
3052 2525 3213 2582 Joras
3243 2525 3550 2582 Ochoziam
3573 2528 3756 2598 genuit,

2191 2615 2270 2689 (ἡ)
2298 2631 2365 2672 ex
2388 2615 2574 2673 Achab
2601 2617 2810 2672 scilicet
2834 2617 2997 2673 domo
3023 2635 3036 2672 :
3065 2603 3387 2689 dictumque
3407 2629 3526 2674 erat
3550 2634 3638 2688 per
3656 2633 3758 2687 m-

2192 2707 2442 2779 phetam,
2476 2724 2584 2764 non
2615 2709 2719 2765 nisi
2748 2719 2939 2781 quarta
2957 2711 3315 2782 generatione
3344 2711 3400 2766 in
3429 2711 3623 2767 throno
3640 2713 3760 2782 regni

2181 2867 2312 2922 folio
2351 2867 2723 2933 excidissent,
2774 2867 3021 2937 adeoque
3065 2867 3231 2937 hujus
3275 2869 3657 2925 commentarii
3681 2870 3761 2924 ini-

2183 2937 2316 2994 tium
2345 2940 2710 3001 claudicaret,
2743 2955 2772 2994 a
2800 2940 3045 3004 pluribus
3097 2957 3196 3008 pro
3244 2957 3350 2996 suo
3380 2950 3546 3010 captu
3573 2943 3761 2996 desuda-

2182 3018 2295 3084 tum
2321 3010 2412 3076 sit,
2433 3021 2490 3065 ut
2509 3011 2744 3084 demptis
2763 3020 2854 3064 aut
2877 3011 3102 3080 adjectis
3123 3011 3335 3082 aliquot
3361 3013 3551 3069 verbis
3571 3014 3707 3084 plena
3723 3022 3759 3068 et

2185 3083 2390 3152 integra
2423 3081 2694 3136 sententia
2718 3083 3026 3137 haberetur.

2260 3153 2336 3226 (a)
2369 3153 2510 3208 Editi
2531 3194 2544 3214 ,
2581 3163 2788 3226 aterque
2807 3195 2821 3218 ,
2846 3169 2919 3226 ne
2949 3169 3053 3208 uno
3081 3153 3303 3224 quidem
3329 3155 3658 3226 suffragante
3682 3171 3757 3210 res.

2188 3224 2243 3279 in
2271 3224 2500 3296 quorum
2541 3225 2814 3297 plerisque
2842 3225 3022 3295 legere
3079 3236 3162 3297 est
3211 3227 3472 3297 quisque;
3513 3224 3577 3282 in
3625 3229 3761 3281 tribas

2185 3295 2719 3369 autem,quibusque.
2771 3295 2908 3350 Tum
2961 3295 3251 3369 cumgPar’.
3303 3295 3360 3353 et
3415 3315 3520 3352 ms.
3579 3297 3761 3369 Regina

2185 3365 2520 3441 Succorum,
2553 3369 3058 3441 quemuvocahimus
3091 3367 3249 3422 Rom.
3278 3370 3587 3426 retinemus
3631 3365 3760 3441 putri-

2186 3439 2297 3501 bus,
2330 3454 2450 3492 cum
2480 3438 2534 3492 in
2563 3437 2684 3492 aliis
2713 3437 2866 3494 libris
2894 3448 3074 3494 exstet
3099 3441 3358 3507 partibus.

2256 3509 2334 3582 (ὁ)
2365 3509 2436 3563 Ita
2465 3525 2597 3564 mss.
2649 3509 2793 3582 Editi
2842 3526 3005 3576 vero,
3049 3513 3116 3565 sit
3161 3512 3551 3579 ostendendae,
3593 3514 3759 3567 omisso

2184 3581 2382 3636 deinde
2407 3582 2561 3652 quia,
2592 3581 2746 3651 cujus
2777 3582 2896 3638 loco
2928 3583 3308 3639 lectionarium
3330 3582 3600 3641 German.
3629 3583 3759 3640 habet

2182 3669 2360 3724 quare.

2259 3726 2332 3793 (ε)
2358 3723 2551 3796 Excusi
2571 3766 2586 3788 ,
2620 3740 2723 3778 non
2755 3725 2944 3794 refert,
2972 3725 3376 3796 refragantibus
3403 3741 3542 3781 mss.
3576 3727 3751 3782 Tur-ia

2181 3794 2348 3868 Carn.
2376 3806 2431 3850 et
2454 3794 2610 3868 Colb.
2637 3796 2752 3865 quis
2778 3797 2880 3865 quo
2907 3801 2963 3851 in
2987 3794 3202 3868 originis
3233 3814 3476 3854 numero.
3513 3799 3590 3853 Eo
3630 3815 3752 3868 spec-

2182 3816 2348 3851 uarn.
2376 3816 2431 3850 et
2454 3816 2610 3850 uno.
2637 3816 2752 3865 quis
2778 3816 2880 3865 quo
2907 3816 2963 3851 in
2987 3816 3062 3850 ori
3104 3816 3202 3852 mis
3233 3816 3476 3854 numero.
3513 3816 3590 3853 uo
3630 3816 3752 3868 spec-

2182 3876 2294 3921 tant
2323 3867 2410 3920 illa
2435 3867 2806 3939 Cltrysostomi
2841 3868 3029 3923 bomif.
3059 3816 3097 3922 ἔ
3125 3870 3175 3923 in
3207 3870 3400 3924 Matth.
3427 3888 3440 3922 :
3471 3868 3596 3924 Non
3621 3872 3756 3923 sel:-

2179 3940 2244 3992 de
2267 3939 2564 4012 aliailribu,
2593 3940 2683 4012 sed
2711 3955 2773 4012 ne
2795 3939 2858 3992 de
2879 3940 3080 4009 familia
3097 3942 3306 4011 quidem
3327 3940 3501 3994 altera
3552 3943 3627 4012 fas
3667 3953 3755 3995 erat

2179 4011 2422 4082 coniugia
2445 4010 2701 4082 copulari.
2730 4009 2816 4064 Ita
2837 4011 2974 4082 istud
2995 4055 3004 4068 ,
3033 4009 3170 4079 quod
3192 4013 3389 4066 dicitur
3413 4028 3480 4065 ea:
3500 4009 3651 4066 domo
3667 4030 3759 4066 esse

2179 4091 2226 4164 et
2256 4079 2459 4162 familia
2488 4079 2659 4164 Dauid
2675 4123 2688 4143 ,
2717 4083 2819 4164 sive
2852 4081 3050 4164 Virgini
3076 4084 3370 4164 capuletnr,
3405 4087 3655 4164 constabit
3673 4087 3759 4164 dico

2179 4160 2323 4233 tum;
2353 4151 2455 4207 sive
2483 4153 2584 4223 ipsi
2627 4151 2821 4225 Ioseph
2843 4151 3014 4224 potius
3039 4165 3266 4227 aptetur,
3299 4153 3440 4210 illud
3461 4156 3598 4210 idem
3624 4157 3758 4223 conﬁ-

2176 4233 2326 4278 titur.

2249 4291 2338 4369 (d)_
2359 4294 2458 4349 Ms.
2481 4293 2640 4369 Rom.
2663 4295 2715 4348 in
2743 4297 3000 4369 progeniti
3019 4297 3537 4354 successione.Carn.
3557 4307 3609 4353 et
3630 4298 3750 4352 Colb.

2174 4364 2228 4439 in
2252 4364 2621 4439 pr‘imogenitg.
2660 4376 2715 4420 et
2744 4364 2867 4422 mox
2911 4383 3030 4423 cum
3065 4369 3186 4422 Par.
3239 4372 3329 4436 qui
3382 4381 3502 4435 post
3530 4388 3584 4426 se
3630 4370 3724 4422 uti
3746 4386 3758 4420 :

2173 4436 2266 4492 ubi
2313 4435 2366 4490 in
2420 4435 2521 4491 ius.
2572 4437 2722 4500 Bec.,
2753 4439 2840 4507 qui
2865 4441 3009 4508 prius
3029 4441 3160 4494 nati.
3184 4439 3330 4496 Nihil
3357 4441 3756 4497 immutaveris:

2175 4522 2297 4562 enm
2326 4508 2671 4585 primogenili
2699 4509 2787 4563 hic
2817 4510 3179 4578 prmdicentur
3224 4512 3422 4568 haberi
3471 4524 3658 4585 patres
3687 4528 3758 4567 eo-

1451 4576 1496 4629 is
1527 4576 1780 4631 omnibus
1835 4578 2073 4644 prattnli-
2099 4569 2150 4628 D
2178 4595 2294 4632 rum
2319 4569 2413 4646 qui
2435 4569 2556 4648 post
2585 4595 2645 4634 se
2667 4569 2982 4638 nascdntur.

2254 4649 2326 4722 (e)
2354 4651 2694 4720 Expunctum
2721 4662 2805 4708 est
2829 4652 2882 4706 in
2926 4667 3027 4708 ms.
3060 4653 3187 4710 Bec.
3241 4655 3474 4710 verbum
3528 4657 3758 4717 didm.

2177 4737 2284 4790 quo
2309 4737 2440 4782 sane
2465 4732 2733 4778 memorat
2760 4723 2994 4779 Hilarius
3020 4725 3166 4796 quod
3196 4727 3427 4797 prologo
3479 4741 3758 4798 proposue-

2178 4801 2279 4847 rat.

2248 4864 2315 4936 (n
2343 4864 2495 4936 Hunc
2510 4865 2686 4921 locum
2710 4883 2776 4922 ex
2799 4866 3054 4923 German.
3077 4867 3402 4922 lectionario
3426 4869 3758 4924 resarrimu.

2175 4934 2243 4990 At
2258 4934 2654 5010 Vin_ss._Carnnt.
2682 4951 2734 4994 et
2760 4937 3067 5010 unusColb.
3086 4938 3172 4992 hic
3186 4937 3437 5008 proxime
3460 4941 3755 5010 subjiciunt,

2173 5023 2289 5060 cum
2316 5007 2369 5061 in
2401 5007 2694 5082 Regnorum
2722 5009 2886 5064 libris.
2909 5009 3074 5082 Apud
3095 5007 3250 5082 Bad.,
3279 5010 3375 5065 Er.
3403 5021 3461 5067 et
3485 5007 3633 5078 Lips.
3655 5021 3758 5082 post

2173 5093 2331 5152 usque
2376 5079 2444 5152 ad
2480 5079 2989 5151 transmigrationem
3040 5080 3322 5152 Babylonis
3346 5123 3362 5145 ,
3402 5079 3672 5152 sequitur,
3714 5083 3755 5132 ia

2147 5149 2472 5224 quibusdam
2483 5152 2637 5224 libris
2665 5149 2836 5206 decem
2856 5161 2903 5204 et
2933 5161 3123 5224 septent
3147 5149 3628 5223 deprehenduirtar.
3674 5152 3755 5208 His

2168 5221 2331 5274 etiam
2357 5221 2527 5292 magis
2556 5222 2837 5277 decurtata
2875 5233 2960 5276 est
2988 5221 3172 5284 'Jectio
3212 5221 3440 5294 septem
3501 5240 3632 5280 mss.
3677 5224 3754 5292 qui

2208 5299 2294 5345 ost
2322 5303 2632 5348 enumerata:
2660 5302 2813 5356 sunt,
2840 5294 3038 5348 habent
3059 5294 3374 5362 dumtaxat,
3401 5306 3451 5350 et
3479 5297 3535 5349 in
3561 5297 3676 5351 aliis
3693 5295 3750 5349 li-

2201 5362 2271 5436 ris
2292 5363 2760 5436 deprehenduntur.
2794 5365 2859 5418 In
2888 5367 2984 5419 hoc
3002 5370 3124 5436 ergo
3148 5381 3271 5431 non,
3295 5375 3407 5422 etc.

2265 5440 2318 5508 g)
2347 5434 2401 5508 l_n
2421 5436 2692 5508 plerisque
2718 5451 2849 5508 mss.
2891 5434 3264 5506 generationes.

2270 5451 2296 5505 g
2347 5440 2401 5488 In
2421 5440 2692 5508 plerisque
2718 5451 2849 5491 mss.
2891 5440 3264 5506 generationes.

2270 5440 2324 5576 Ιι)
2352 5505 2424 5559 Ita
2453 5517 2684 5576 quatuor
2728 5507 2970 5562 melioris
3009 5518 3148 5562 notzc
3203 5523 3338 5563 mss.
3399 5507 3458 5563 In
3500 5510 3655 5575 aliis,
3697 5525 3751 5562 ex

2169 5575 2346 5652 Achab
2371 5575 2584 5652 scilicet.
2639 5577 2962 5652 Pradiaerat
2993 5595 3208 5652 namque
3244 5576 3502 5634 Dentium
3528 5598 3616 5652 per
3643 5597 3750 5652 pra-

2169 5648 2392 5723 phetam.
2428 5655 2492 5703 At
2517 5650 2570 5703 in
2600 5651 2830 5723 vnlgatis
2853 5691 2867 5712 ,
2887 5666 2952 5704 ea:
2980 5648 3150 5704 Achab
3171 5653 3398 5716 scilicet,
3421 5654 3512 5723 qui
3529 5648 3538 5652 ⁷
3555 5648 3750 5706 laete!

2169 5718 2596 5794 habuitucorem.
2624 5718 2858 5790 Denique
2882 5737 2973 5794 per
2989 5723 3412 5794 prophetam.....
3434 5718 3546 5778 esse
3591 5740 3749 5794 sessi-

2169 5807 2283 5845 rum
2329 5792 2519 5848 dicitur
2573 5809 2593 5847 :
2641 5791 2891 5864 perversa
2943 5791 3354 5865 interpolatoris
3403 5810 3586 5868 opera.
3638 5793 3746 5851 Non
