3882 6332
113 324 213 380 921

1073 316 1612 380 COMMENTARIUS
1649 320 1716 379 IN
1753 321 2187 382 MATTHIEUM.
2230 325 2384 382 CAP.
2426 327 2469 382 l.

3303 331 3412 388 922

122 440 285 499 Israel
306 453 631 512 quemquam
654 433 722 495 de
745 437 908 494 domo
921 436 1106 496 Achab
1119 452 1241 494 esse
1253 452 1552 494 scssurnm.
1571 437 1708 494 Pur-
1735 441 1789 504 Α
1813 439 2026 512 (Matth.
2052 459 2112 509 ιι,
2145 443 2214 498 15
2238 451 2284 497 et
2311 441 2430 512 20);
2459 450 2516 498 et
2537 458 2755 501 rursum
2783 443 2838 499 in
2865 443 3009 499 Luca
3042 442 3195 516 (Luc.
3223 445 3282 513 ιι,
3315 447 3407 517 55,

114 542 236 606 gata
266 531 346 604 (a)
377 532 541 604 igitur
565 530 750 586 Achab
771 529 974 586 familia
997 529 1230 602 gentili,
1256 530 1534 600 tribusque
1559 545 1704 601 prte-

1796 538 1954 606 juxta
1975 537 2155 609 graec.)
2178 555 2191 591 :
2213 537 2280 591 Et
2302 547 2408 591 erat
2432 535 2628 612 Joseplt
2649 551 2696 596 et
2717 549 2880 594 mater
2890 541 3028 612 ejus.
3047 539 3112 594 Et
3131 542 3410 611 quotiens-

115 624 320 694 tthis,
345 625 458 697 jam
480 625 675 694 regalis
723 626 776 680 in
827 634 1021 695 quarto
1067 625 1476 696 generationum
1514 639 1706 681 conse-
1805 625 2035 700 cumque
2059 631 2128 687 de
2147 641 2374 702 utroque
2400 630 2459 686 lit
2509 648 2723 698 sermo,
2779 642 2950 687 mater
2977 633 3152 702 potius
3177 631 3402 704 Christi,

112 720 394 793 quentium
421 719 573 788 origo
603 727 936 774 numeratur.
957 718 1033 791 (b)
1067 715 1219 787 Quod
1251 733 1379 774 vero
1423 733 1593 788 usque
1635 717 1701 773 ad

116 813 338 869 Mariam
367 811 746 881 generationes
771 810 1176 881 quatuordecim
1206 825 1328 866 esse
1368 811 1700 879 scribuntur,

108 920 233 962 cum
265 906 321 960 in
354 919 582 959 numero
612 901 688 975 (ε)
718 903 976 959 tredecim
1004 903 1379 973 reperiantur;
1413 904 1592 958 nullus
1613 917 1702 957 er-

105 1015 197 1055 ror
217 1013 342 1054 esse
370 998 568 1068 poterit
593 997 891 1052 scientibus
913 1010 1019 1052 non
1041 1010 1159 1051 eam
1179 995 1354 1050 solum
1377 1010 1498 1052 esse
1518 995 1700 1050 Domi-

103 1107 175 1147 no
202 1099 393 1146 nostro
417 1089 544 1145 Jesu
569 1086 790 1145 Christo
819 1089 1083 1160 originem
1101 1127 1118 1154 ,
1145 1103 1266 1156 qua:
1307 1088 1473 1158 capit
1496 1101 1562 1143 ex
1588 1086 1698 1142 Ma-

100 1186 206 1252 ria;
258 1184 355 1240 sed
389 1184 441 1239 in
470 1185 850 1254 procreatione
897 1183 979 1256 (d)
1035 1193 1345 1253 corporea,
1399 1182 1696 1238 nativitatis

95 1287 318 1332 aeternae
347 1275 763 1347 signiﬁcantiam
786 1274 1194 1344 comprehendi.

167 1371 223 1425 5.
245 1369 271 1423 1
283 1386 316 1423 ιι
340 1385 424 1424 eos
438 1369 526 1436 qui
550 1367 970 1433 noluntllariam
993 1368 1240 1440 virginem
1261 1367 1695 1437 permansisse.—

93 1462 481 1518 Generationis
510 1471 689 1516 autem
730 1460 805 1534 (ε)
838 1461 974 1516 ratio
1003 1462 1234 1533 simplex
1265 1470 1370 1518 est.
1400 1461 1534 1516 Nam
1563 1475 1694 1516 con-

89 1564 310 1626 ceptum
344 1570 412 1610 ex
438 1555 640 1626 Spiritu
669 1563 880 1622 sancto,
903 1557 1086 1610 natum
1121 1570 1187 1610 ex
1227 1554 1393 1611 Maria
1444 1554 1686 1627 virgine,

86 1649 333 1705 omnium
361 1664 500 1721 opus
518 1648 900 1722 prophetarum
930 1655 1032 1704 est.
1066 1647 1176 1704 Sed
1201 1649 1378 1719 plures
1395 1646 1465 1722 (ι’)
1507 1648 1690 1704 irreli-

83 1740 221 1811 giosi
244 1783 258 1806 ,
284 1750 341 1796 et
370 1757 398 1795 a
422 1741 649 1812 spiritali
673 1741 920 1797 doctrina
959 1741 1126 1814 671
1173 1740 1463 1796 admodum
1489 1741 1685 1809 alieni,

1803 720 1926 790 quia
1957 723 2006 776 id
2038 734 2182 790 erat;
2216 738 2322 778 non
2355 739 2488 778 nxor
2515 724 2716 794 Joseph
2742 735 2828 782 est
2878 734 3182 795 nuncupata
3204 767 3220 794 ,
3273 727 3397 796 quia

1804 827 1910 865 non
1942 821 2078 868 erat.
2109 813 2214 868 Sed
2247 814 2363 868 lucc
2385 828 2600 884 quoque
2645 817 2715 872 ab
2759 817 2952 886 angelo
3002 817 3140 871 ratio
3181 825 3393 874 servata

1801 911 1886 958 est
1913 920 1928 956 :
1958 911 2017 957 ut
2036 919 2157 958 cum
2185 903 2567 975 desponsatam
2595 922 2719 962 cum
2766 906 2914 976 justo
2965 905 3164 977 Joseph
3186 908 3395 978 signiﬁ’

1800 995 1959 1051 cubat
1980 1037 1995 1061 ,
2023 997 2307 1068 conjugem
2339 1011 2695 1069 nuncuparet.
2730 1000 2866 1054 Nam
2899 1000 2968 1054 ita
2999 1001 3074 1054 ait
3128 1019 3140 1054 :
3199 1001 3397 1073 Joseplt

1800 1089 1876 1158 fili
1926 1087 2125 1156 David,
2205 1091 2312 1145 noli
2361 1093 2535 1147 timere
2577 1094 2812 1165 accipere
2861 1091 3087 1147 Mariam
3124 1099 3396 1169 conjugem

1799 1190 1962 1234 tuam.
1994 1182 2136 1253 Ergo
2158 1193 2210 1238 et
2232 1183 2478 1255 conjugis
2532 1202 2728 1242 nomen
2776 1201 2977 1256 sponsa
3027 1189 3298 1259 suscepit,
3339 1198 3396 1245 et

1799 1281 1922 1344 post
1943 1285 2154 1345 partum
2175 1277 2227 1330 in
2255 1276 2536 1348 conjugem
2564 1279 2840 1350 recognita
2877 1278 2956 1350 (It)
3007 1288 3213 1336 tantum
3259 1281 3389 1338 Jesu

1797 1375 1974 1420 mater
2022 1366 2368 1422 ostenditur:
2399 1379 2456 1422 ιιι
2486 1369 2942 1439 quemadmodum
2986 1371 3133 1442 justo
3181 1372 3383 1443 Joseph

1795 1457 2146 1528 deputaretur
2168 1459 2410 1529 ejusdem
2437 1460 2615 1516 Mariae
2645 1462 2697 1517 in
2728 1462 3035 1534 virginitate
3055 1465 3389 1536 conjugium,

1795 1553 1870 1609 ita
1898 1554 2221 1611 venerabilis
2243 1555 2359 1625 ejus
2379 1555 2756 1612 ostenderetur
2783 1557 2837 1613 in
2860 1556 2990 1615 Jcsu
3017 1568 3188 1616 matre
3217 1559 3385 1632 virgi-

1793 1648 1953 1704 nitas.
3070 1703 3075 1707 .

1864 1744 1918 1798 4.
1942 1742 2175 1813 Joseplto
2201 1759 2264 1798 ea:
2291 1743 2462 1813 priora
2482 1744 2724 1816 conjugio
2755 1743 2872 1812 ﬁlii.
2915 1773 2987 1786 —-
3029 1743 3232 1801 Verum
3287 1746 3386 1802 ho-

80 1834 430 1890 0ccasionem
455 1850 519 1889 ex
559 1849 626 1890 eo
653 1844 918 1908 occupant
943 1836 1172 1906 turpiter
1192 1835 1261 1889 de
1282 1834 1442 1890 Maria
1460 1835 1685 1906 opinan-
1716 1835 1762 1895 Β
1791 1836 1966 1891 mines
2049 1836 2357 1905 pravissimi
2400 1835 2525 1891 hinc
2569 1846 2902 1907 praesumunt
2949 1838 3224 1909 opinionis
3271 1854 3384 1896 sua:

78 1926 167 1994 di,
201 1928 356 2000 quod
406 1929 606 1984 dictum
638 1929 739 1995 sit,
774 1928 1088 2000 Priusquam
1114 1931 1454 1995 convenirent,
1478 1931 1686 1986 inventa

77 2023 224 2077 estin
247 2031 400 2078 utero
429 2023 617 2078 habens
641 2022 858 2095 (Matth.
882 2039 920 2089 ι,
947 2024 1037 2094 l8)
1060 2033 1150 2080 :et
1174 2024 1328 2089 illud,
1359 2023 1486 2080 Noli
1510 2026 1686 2081 timere

75 2117 318 2187 accipere
343 2114 569 2171 Mariam
591 2117 862 2188 conjugem
889 2126 1032 2172 tuam
1068 2117 1230 2186 (Ibid.
1260 2116 1356 2190 20)
1381 2133 1398 2174 :
1424 2127 1477 2173 et
1522 2117 1679 2185 illud,

78 2207 203 2264 Non
232 2212 477 2283 cognovit
501 2228 616 2266 eam
638 2211 805 2266 donec
832 2213 1027 2284 peperit
1054 2211 1216 2283 (Ibid.
1247 2211 1343 2284 25)
1371 2229 1385 2278 ;
1443 2228 1548 2267 non
1596 2228 1684 2268 re-

70 2302 373 2358 cordantes
401 2303 782 2373 desponsatam
815 2303 1004 2373 fuisse,
1039 2313 1093 2359 et
1115 2305 1316 2361 dictum
1350 2305 1452 2362 hoc
1478 2305 1681 2376 Joseph

71 2393 279 2449 volenti
299 2409 424 2450 eam
447 2395 714 2466 abjicere;
746 2397 869 2468 quia
897 2396 1077 2467 justus
1103 2396 1220 2466 ipse
1243 2398 1412 2453 nollet
1460 2398 1510 2452 in
1560 2413 1680 2452 eam

72 2485 193 2554 lege
220 2484 476 2542 decerni.
507 2486 671 2557 Igitur
695 2503 763 2542 ne
807 2502 909 2558 qua
934 2487 1003 2544 de
1030 2497 1181 2558 partu
1211 2488 1332 2558 ejus
1361 2489 1683 2560 ambiguitas

68 2582 377 2646 existeret,
400 2581 515 2651 ipse
535 2582 782 2653 concepti
807 2598 872 2638 ex
898 2582 1101 2654 Spiritu
1128 2593 1316 2640 sancto
1343 2583 1546 2640 Christi
1568 2594 1681 2640 tes-

67 2678 136 2732 tis
164 2677 476 2732 assumitur
507 2696 521 2732 :
551 2677 749 2733 dehinc
770 2679 893 2750 quia
921 2680 1249 2750 desponsata
1275 2688 1420 2736 esset
1448 2721 1464 2748 ,
1521 2680 1598 2754 (g)
1626 2681 1680 2736 in

63 2769 368 2840 conjugem
397 2768 674 2840 recipitur.
703 2770 1058 2840 Cognoscitur
1083 2773 1264 2843 itaque
1293 2781 1419 2844 post
1461 2781 1676 2843 partum

59 2859 124 2916 id
144 2872 228 2916 est
248 2902 266 2928 ,
300 2861 504 2917 transit
529 2862 580 2917 in
608 2863 855 2934 conjugis
884 2879 1102 2919 nomen.
1133 2863 1490 2936 Cognoscitur
1505 2865 1678 2931 enim,

60 2967 172 3007 non
200 2953 570 3010 admiscetur.
624 2955 866 3026 Denique
909 2970 1030 3010 cum
1077 2957 1312 3012 transire
1355 2957 1554 3028 Joscph
1607 2958 1676 3014 ad

69 3044 388 3119 Egyptum
417 3047 759 3112 admonetur,
791 3048 860 3103 ita
889 3046 1088 3104 dicitur
1121 3067 1133 3102 :
1165 3049 1350 3120 Accipe
1374 3066 1590 3120 puerum
1627 3060 1677 3106 et

55 3151 284 3196 matrem
319 3143 461 3207 eius;
485 3149 559 3208 et,
611 3139 881 3197 Revertere
906 3157 1024 3196 cum
1051 3158 1210 3213 puero
1254 3152 1301 3198 et
1357 3153 1520 3199 matre
1565 3147 1676 3218 ejus

1787 1928 2166 1984 auctoritatem
2188 1970 2202 1994 ,
2228 1929 2368 1998 quod
2402 1929 2582 1998 plures
2605 1929 2887 1984 Dominum
2920 1939 3163 1986 nostrum
3192 1930 3387 1988 fratres

1789 2021 2045 2078 habuisse
2071 2023 2141 2078 sit
2170 2021 2446 2078 traditum.
2475 2022 2576 2090 Qui
2605 2024 2674 2078 sit
2706 2022 2888 2078 Maria:
2913 2022 3008 2079 lilii
3037 2024 3306 2090 fuissent,
3330 2033 3385 2081 et

1789 2130 1895 2171 non
1927 2116 2105 2185 potius
2133 2115 2331 2187 Joseph
2362 2116 2424 2188 (i)
2471 2131 2540 2172 ex
2583 2117 2766 2186 priore
2811 2117 3066 2188 conjugio
3091 2119 3383 2188 ,suscepti;

1787 2223 2079 2279 numquam
2133 2208 2187 2264 in
2242 2219 2487 2279 tempore
2547 2211 2814 2279 passionis
2888 2211 3080 2266 Joanni
3131 2212 3382 2280 apostolo

1788 2302 2106 2372 transcripta
2135 2313 2277 2357 esset
2308 2303 2361 2357 in
2411 2311 2668 2370 matrem,
2719 2305 2947 2360 Domino
2987 2305 3054 2360 ad
3097 2314 3385 2376 utrumque

1782 2391 1995 2448 dicente
2024 2410 2043 2449 :
2077 2392 2290 2460 Mulier,
2313 2411 2427 2450 ecce
2443 2396 2583 2466 ﬁlius
2605 2407 2720 2451 tuus
2737 2396 2919 2468 (Joan.
2953 2396 3154 2462 x1x,26
3178 2407 3226 2453 et
3250 2398 3379 2470 27);

1783 2495 1836 2542 et
1850 2485 2044 2542 Joanni
2066 2487 2260 2560 :672
2278 2487 2410 2542 Ecce
2425 2499 2588 2542 mater
2610 2499 2725 2544 tuas
2741 2490 2839 2544 nisi
2866 2490 3008 2561 quod
3029 2490 3097 2545 ad
3121 2491 3382 2548 desolata:

1784 2579 2074 2646 solatium,
2150 2580 2468 2636 charitatem
2530 2579 2622 2636 filii
2673 2582 2742 2652 (j)
2793 2582 2845 2636 in
2893 2581 3162 2654 discipulo
3210 2584 3378 2640 relin-

1783 2670 2000 2742 qnebat.

1852 2767 1906 2823 5.
1950 2767 2230 2840 Magorum
2258 2769 2384 2839 ﬁdes
2413 2777 2460 2822 et
2485 2785 2696 2824 munera
2720 2770 2844 2841 quid
2872 2770 3380 2828 indicent—Stella!

1779 2870 1962 2916 autem
2008 2870 2162 2916 ortus
2207 2862 2434 2930 primum
2487 2877 2518 2915 a
2563 2861 2729 2932 Magis
2772 2863 3123 2929 intellectus,
3175 2863 3380 2920 indicat

1779 2975 1908 3018 mox
1931 2970 2121 3031 gentes
2144 2960 2197 3014 in
2220 2959 2494 3016 Christum
2523 2961 2823 3016 credituras
2842 3003 2856 3026 ,
2890 2971 2943 3016 et
2974 2959 3220 3016 homines
3248 2975 3377 3030 pro.

1781 3051 2033 3109 fessionis
2058 3052 2214 3124 longe
2235 3067 2266 3106 a
2285 3052 2509 3108 scientia
2537 3053 2732 3108 divinae
2757 3052 3080 3123 cognitionis
3117 3051 3194 3124 (k)
3219 3067 3377 3107 aver-

1781 3160 1874 3211 sae,
1897 3145 2077 3201 lumen
2103 3145 2246 3216 quod
2268 3147 2450 3202 statim
2473 3147 2526 3201 in
2547 3155 2666 3202 ortu
2685 3147 2803 3217 ejus
2819 3146 3025 3203 exstitit
3044 3148 3377 3218 cognituros.

48 3279 459 3355 enimggentilis
482 3280 693 3355 femina:
738 3283 954 3355 nomine
976 3281 1191 3337 Iezabel
1222 3283 1306 3355 hic
1321 3283 1670 3354 significatur,
1703 3283 1749 3346 C
1781 3283 1901 3339 Vel.
1977 3284 2182 3355 Virgin.
2237 3299 2398 3355 num.
2448 3285 2504 3344 6.
2529 3284 2788 3340 adversus
2821 3301 3008 3340 eorum
3061 3284 3376 3352 magistrum

48 3353 148 3423 sed
184 3353 305 3406 lilia
345 3352 526 3406 Achab
547 3368 706 3423 quam
753 3353 910 3409 Joras
951 3369 1177 3408 uxorem
1229 3352 1414 3415 duxit.
1457 3372 1522 3410 ex
1567 3371 1670 3423 qua

52 3422 370 3478 Ochoziam
396 3422 845 3493 genuit.Respicit
883 3425 1114 3478 Hilarius
1142 3424 1273 3479 illud
1300 3424 1368 3481 IV
1395 3426 1527 3495 Reg.
1551 3422 1668 3491 vin,

46 3495 142 3560 18,
189 3505 248 3550 et
295 3495 346 3550 ll
376 3495 549 3549 l’aral.
582 3511 698 3557 ut.
731 3499 784 3558 ϐ,
821 3495 908 3550 tibi
949 3511 1071 3550 cum
1117 3495 1314 3550 dicitur
1361 3497 1543 3553 Joram
1597 3499 1674 3554 fe-

44 3567 197 3621 cisse
227 3567 443 3620 malnm
469 3567 520 3620 in
549 3576 840 3636 conspectu
877 3567 1000 3630 Dei,
1037 3567 1282 3622 redditur
1327 3570 1496 3635 ratio,
1531 3569 1674 3626 Filia

41 3638 193 3712 enim
214 3638 406 3691 Achab
426 3648 689 3712 eratguxor
715 3641 844 3712 ejus.
873 3637 1317 3712 Pr0phctia_li_llite
1364 3642 1672 3696 enuntiatur

42 3707 114 3763 ιιι
163 3708 316 3780 Reg.
351 3725 460 3776 ut,
483 3710 580 3772 21,
625 3707 1082 3780 coniirmalurqne
1107 3709 1171 3764 IV
1197 3709 1327 3780 Reg.
1355 3727 1405 3765 ts
1433 3755 1446 3775 ,
1477 3713 1530 3775 8.
1563 3729 1668 3769 non

45 3789 275 3835 tantum
309 3780 572 3835 adversus
599 3791 831 3852 quatuor
857 3782 1239 3851 generationes
1260 3823 1273 3843 ,
1323 3783 1420 3838 sed
1467 3784 1664 3840 adver-

38 3867 141 3907 sus
169 3860 361 3924 totam
392 3852 608 3907 domum
628 3853 828 3924 Achab
862 3869 874 3905 :
907 3853 1050 3924 quod
1081 3852 1409 3922 completum
1463 3871 1670 3912 memo-

37 3923 306 3978 ratuer
337 3924 466 3993 Heg.
501 3939 554 3988 χ,
579 3923 671 3980 50.

117 3993 208 4067 (a)
241 3995 304 4049 In
329 3995 531 4064 aliquot
561 4011 690 4068 mss.
725 4002 779 4068 et
799 3993 1051 4063 vulgatis,
1103 4005 1323 4068 purgata
1377 3997 1532 4063 igitur
1557 3998 1672 4052 labe

34 4065 286 4139 familiar
318 4068 522 4138 gentilis
583 4085 604 4139 :A
635 4065 798 4139 lectio
843 4074 1068 4139 eatenus
1099 4065 1222 4121 non'
1251 4068 1573 4139 spernenda.
1601 4070 1671 4124 At

33 4136 331 4208 perverse
349 4139 571 4192 omnino
592 4137 646 4192 in
673 4136 805 4191 solis
832 4136 1064 4208 vulgatis
1090 4138 1374 4208 subjicitur
1405 4155 1417 4188 :
1450 4138 1621 4208 tribus
1651 4156 1669 4193 :

31 4207 167 4281 qua:
199 4210 487 4282 praeteritis
503 4213 617 4280 jam
642 4209 853 4275 regulis.
882 4207 1021 4282 Tum
1046 4207 1199 4266 Bad..
1360 4217 1415 4262 et
1437 4207 1585 4277 Lips.
1616 4211 1669 4264 in

26 4280 685 4352 quatuorgenerationum
696 4280 1112 4352 consequentium
1135 4280 1316 4348 ordine
1337 4289 1657 4336 numeratur.

30 4349 156 4409 Pro
191 4354 259 4406 in
293 4349 497 4422 quarto,
527 4352 743 4422 quidam
785 4364 916 4404 mss.
950 4349 1150 4405 habent
1199 4353 1256 4405 in
1299 4360 1482 4422 quarta
1507 4393 1520 4418 ,
1557 4368 1668 4409 non

1779 3356 1974 3410 asserit
2004 3354 2188 3410 Mariae
2215 3354 2606 3427 virginitatem,
2641 3374 2792 3424 quam
2815 3359 2986 3424 utique
3009 3399 3021 3421 ,
3048 3357 3256 3427 inquit,
3275 3357 3379 3410 vir-

1775 3427 1947 3498 ginem
1971 3427 2396 3498 constatjuisset
2418 3427 2534 3480 licet
2554 3425 2752 3481 Hebion
2779 3429 3009 3481 resistat.

1855 3497 1932 3571 (9)
1965 3498 2122 3562 Βθάοο
2175 3497 2269 3571 Er-
2297 3508 2349 3551 εί
2377 3497 2524 3566 ιλίβεο
2549 3514 2670 3553 cum
2705 3499 2948 3571 pluribus
2974 3512 3105 3553 mss.
3147 3499 3201 3552 in
3254 3515 3377 3553 con-

1781 3569 1904 3641 iuge
1927 3571 2009 3626 vel
2034 3571 2087 3624 in
2117 3570 2731 3641 coniugemjreciperetur
2753 3587 2770 3624 :
2799 3570 2962 3625 lectio
2986 3585 3088 3622 non
3113 3584 3375 3641 spernen-

1776 3639 2240 3708 dallleprehendit
2268 3639 2328 3694 l0
2354 3639 2589 3695 Hilarius
2610 3657 2710 3694 non
2739 3643 3066 3694 recordantes
3094 3640 3375 3712 desponsa-

1775 3721 1880 3766 tam
1905 3715 2100 3784 fuisse:
2139 3722 2250 3784 tum
2278 3711 2546 3784 duplicem
2571 3712 2788 3781 subjivit
2818 3713 3080 3784 rationem
3131 3711 3230 3766 cur
3283 3712 3376 3768 Jo-

1773 3782 2136 3852 seplidictum
2164 3783 2272 3838 sit:
2308 3782 2436 3838 Noli
2468 3785 2647 3838 timere
2667 3785 2899 3854 accipere
2920 3783 3146 3838 Mariam
3192 3785 3376 3854 conju-

1773 3872 1886 3926 gem
1913 3857 2318 3926 ,scilicetctut
2352 3855 2503 3910 testis
2552 3866 2698 3910 esset
2741 3856 2985 3924 concepti
3044 3869 3108 3909 ex
3167 3854 3370 3922 Spiritu

1775 3924 1962 3980 sancto
1982 3924 2182 3981 Christi
2208 3969 2223 3992 ,
2251 3938 2302 3980 et
2333 3935 2393 3981 ut
2422 3927 2615 3992 Maria,
2673 3943 2791 3995 qme
2842 3926 3106 3980 hactenus
3161 3935 3368 3980 tantum

1774 3996 2100 4064 desponsata
2130 4007 2282 4059 erat,
2311 3999 2567 4064 deinceps
2591 3999 2752 4052 etiam
2784 3999 2834 4050 in
2861 3997 3142 4066 conjugem
3167 3997 3374 4065 recipe-

1775 4075 1943 4120 retur.
1968 4067 2084 4122 Non
2114 4077 2398 4122 servantur
2417 4068 2634 4136 quidem
2683 4067 2766 4120 hic
2794 4068 3156 4131 grammatica:
3181 4067 3327 4136 leges
3353 4085 3368 4120 :

1774 4139 1867 4191 sed
1890 4153 1982 4192 eas
2012 4136 2439 4207 insequentibus
2472 4153 2538 4192 ne
2562 4136 2720 4191 nimis
2753 4139 3066 4206 scrupulose
3094 4137 3365 4205 exegeris.

1776 4208 2064 4264 Brevitatis
2116 4210 2258 4263 enim
2311 4208 2489 4262 studio
2565 4223 2941 4276 s:rpennmero
3007 4207 3367 4276 negliguntur.

1848 4279 1926 4352 (lt)
1955 4280 2079 4334 Mss.
2107 4281 2268 4335 Carn.
2294 4288 2349 4334 et
2369 4277 2524 4352 Colb.
2554 4288 2754 4352 tantum
2782 4289 2836 4332 ut
2857 4277 2986 4332 Jesu
3019 4286 3180 4332 ntater
3203 4288 3370 4333 osten-

1773 4350 1978 4405 deretur
2002 4367 2020 4406 :
2046 4367 2152 4405 non
2181 4362 2304 4406 sunt
2331 4350 2605 4406 audiendi.

1844 4421 1907 4496 (ἱ)
1929 4422 1984 4477 In
2012 4422 2268 4496 German.
2296 4422 2476 4496 lectio.
2505 4439 2567 4476 ea:
2587 4421 2758 4496 priore
2787 4423 3020 4493 conjuge.
3067 4419 3266 4496 Joseph
3298 4438 3362 4477 ex

1773 4492 1953 4560 priore
2003 4493 2254 4564 conjugio
2301 4495 2437 4548 filios
2481 4509 2545 4548 ac
2588 4492 2726 4546 tilias
2758 4492 3099 4564 pro_creasse
3125 4492 3362 4564 tradunt.

22 4560 131 4622 tur
157 4560 234 4620 ex
266 4565 512 4630 Scriptis.
605 4560 614 4564 ⁷
732 4560 748 4565 ⁷
859 4560 870 4564 ⁷
1217 4560 1228 4564 ’
1774 4560 2133 4633 Epiphanius,
2166 4560 2546 4626 hzer.t.xxvtn,
2620 4580 2676 4617 ιι.
2730 4560 2784 4625 7’,
2837 4560 3264 4633 Theophilactus
3311 4563 3363 4618 in

103 4637 199 4708 (ε)
238 4636 392 4735 Εάίὶὶ
412 4679 428 4703 ,
457 4637 951 4735 decemmetAseptem
977 4636 1302 4707 reperiantur
1347 4652 1362 4689 :
1420 4635 1560 4690 falso
1613 4649 1668 4693 et
1691 4674 1746 4735 Β
1775 4633 2296 4735 Ηιιιιιιλιιιέιὲξιιιιθ
2311 4652 2450 4735 puos
2473 4637 2733 4735 Qrigtines
2759 4634 2811 4687 in
2833 4632 3103 4735 bipttlnea;
3128 4633 3367 4735 editione

109 4708 338 4735 -_:.....s:
383 4724 440 4735 ..ρ
471 4721 576 4735 ,κου
670 4723 728 4735 ..Α
771 4706 908 4735 ουλε...
965 4715 1172 4735 Inus...”
1217 4706 1596 4735 ηΑ-ιιΑ-ιιιξηηηη
1637 4723 1662 4735 Α
1823 4708 1948 4735 "nsi:
2003 4723 2033 4735 λ
2275 4723 2304 4735 Λ
2331 4723 2494 4735 mn-..“
2570 4722 2614 4735 At
2685 4708 2713 4735 ἒ.
2792 4722 2835 4735 η.
2861 4723 2872 4735 ι
2903 4719 2964 4735 nn
2991 4718 3048 4735 ne
3112 4720 3166 4735 mn
3207 4716 3362 4735 uel“...

16 4703 442 4764 oliiiitentibns
471 4721 598 4762 mss.
622 4706 908 4762 Tredecitn
965 4703 1173 4762 tantum
1216 4706 1598 4773 generationes
1635 4723 1665 4764 a
1691 4703 1746 4735 υ
1774 4706 1972 4776 lluctii,
2003 4723 2054 4776 p.
2082 4703 2228 4773 2‘23,
2273 4703 2526 4762 observat
2567 4703 2635 4760 ad
2685 4705 2734 4759 id
2791 4703 3051 4758 adductos
3085 4704 3362 4776 traditione

13 4781 332 4837 Jechonia
364 4780 429 4834 ad
453 4777 654 4846 Ioseph
689 4778 1106 4847 intercipi,°una
1135 4794 1257 4833 cum
1318 4778 1524 4833 Hilario
1571 4781 1668 4834 ob-
1771 4774 2041 4847 Evangelii
2062 4780 2198 4845 quod
2229 4779 2508 4832 secundum
2539 4777 2753 4831 Petrum
2780 4776 3096 4838 inscribitur,
3139 4775 3222 4828 vel
3245 4774 3360 4847 libri

12 4845 738 4923 servantChrysoSIOmus
760 4845 958 4923 homil.
979 4865 1016 4914 ι,
1044 4849 1407 4923 Hieronymus
1438 4860 1494 4904 et
1532 4867 1667 4923 auc-
1767 4845 1972 4905 Jacobi.
2009 4850 2101 4904 His
2122 4850 2239 4923 ipse
2265 4849 2451 4923 adjicit
2471 4865 2529 4904 se
2552 4849 2748 4923 rationi
2801 4859 3222 4923 consentaneum
3265 4846 3364 4900 dn-

13 4935 120 4980 tor
156 4909 650 4977 homili-e'Hilario
675 4909 1012 4990 adscripta,
1037 4936 1196 4992 quam
1247 4909 1301 4976 in
1352 4922 1664 4992 Appendice
1768 4933 1894 4992 cere
1915 4962 1928 4983 ,
1952 4909 2214 4992 castita'tis
2237 4909 2751 4992 virorumprimitias
2770 4991 2773 4992 ν
2792 4920 2947 4989 fuisse
2972 4918 3185 4992 Iesum,
3247 4934 3362 4971 mu-

7 4995 294 5050 forsitan
322 4993 584 5047 dabimus.
723 5005 726 5009 ‘
860 4988 871 4990 “
1056 4988 1067 4992 ⁷
1403 4988 1450 4992 ”
1767 4991 1950 5045 lierum
1977 5002 2149 5046 autem
2179 4991 2422 5045 Mariam.
2463 4990 2661 5045 Contra
2719 4991 3048 5061 Hieronymo
3102 4988 3364 5043 adversus

100 5065 208 5136 (ά)
242 5063 342 5119 Sic
369 5065 610 5133 plcriqnc
631 5079 763 5121 mss.
793 5064 860 5119 At
881 5063 1034 5130 editi,
1068 5079 1329 5135 corporea:
1374 5064 1660 5120 nativitatis
1766 5061 2064 5136 Helvidium
2093 5065 2249 5136 longe
2276 5061 2885 5136 magis-consentaneum
2911 5061 3142 5136 videtur.
3203 5061 3358 5136 etiam

7 5131 312 5207 mrérr'mm
337 5131 755 5207 signiﬁcantium.
1087 5206 1092 5207 ί
1159 5131 1168 5135 ⁷
1314 5205 1321 5207 ξ
1569 5205 1580 5207 ᾼ
1762 5133 1930 5204 ipsum
1957 5133 2150 5207 Joseplt
2176 5136 2418 5205 virginem
2439 5131 2617 5203 fuisse,
2647 5144 2701 5186 ut
2727 5148 2790 5187 e1:
2819 5132 3056 5204 virginali
3109 5131 3354 5202 conjugio

99 5209 196 5282 (e)
215 5206 302 5282 ιιι
323 5205 962 5282 _German._lectiona_r_io,
995 5206 1134 5282 ratio
1150 5222 1251 5258 non
1279 5205 1521 5282 simplex.
1552 5205 1662 5262 Ge-
1764 5207 1908 5282 virgo
1933 5205 2071 5282 [ilius
2094 5214 2406 5282 nasceretur.

1 5271 367 5337 nera'tionis
395 5277 533 5331 ratio
561 5277 787 5348 simplex
841 5278 926 5348 hic
969 5275 1248 5344 asserilur,
1291 5271 1416 5348 quia
1445 5291 1510 5331 ex
1553 5294 1658 5333 una
1834 5271 1904 5348 (j)
1933 5271 2072 5332 Sola
2099 5275 2291 5348 editio.
2319 5275 2436 5328 Par.
2471 5273 2748 5346 discipulo,
2781 5274 2899 5328 sine
2921 5274 2994 5326 in.
3030 5271 3235 5348 Eodem
3265 5271 3360 5326 ad-

4 5351 328 5415 V'irpine,
360 5364 464 5402 non
495 5364 559 5403 ex
588 5340 703 5403 viro
729 5360 783 5404 et
805 5347 1022 5402 femina.
1235 5340 1243 5344 ’
1309 5340 1324 5348 ’
1762 5340 1949 5402 versus
1991 5345 2236 5400 eamdem
2282 5346 2528 5399 haeresim
2575 5340 2893 5413 argumento
2935 5352 3156 5398 utuntur
3180 5340 3354 5415 Chry-

92 5423 183 5494 (Γ)
219 5419 462 5494 Eosdem
479 5419 914 5494 videturnotasse
930 5418 1260 5494 Epiphanius
1280 5422 1408 5472 liter.
1425 5433 1657 5494 ιξιιινιιιἲ
1761 5417 2358 5494 sustomnsltomil.v_,_i-n
2384 5416 2592 5494 Mattlt._;
2615 5415 2965 5494 Epiphanius,
2987 5416 3354 5494 luctuum,

1 5513 73 5551 η.
100 5485 190 5550 Ἴ.
241 5491 337 5544 ubi
365 5491 439 5544 ait
475 5507 488 5544 :
520 5485 671 5544 Certo
696 5508 758 5546 ea:
776 5485 990 5545 auctore
1007 5485 1216 5558 cognovi
1236 5529 1253 5554 ,
1284 5490 1554 5544 nonnullos
1602 5491 1658 5543 id
1761 5489 1878 5558 9.9:
1908 5489 2246 5549 Ambrosius,
2277 5486 2369 5541 lib.
2402 5503 2458 5548 ιι,
2490 5490 2540 5540 in
2565 5487 2718 5550 Luc.,
2748 5502 2802 5558 ιι.
2826 5485 2896 5550 4;
2927 5500 3248 5555 quamquatn
3273 5485 3360 5558 hic

0 5569 85 5624 de
119 5563 243 5618 illa
280 5562 536 5632 afﬁrmare
554 5577 706 5616 ausos
735 5578 870 5622 esse,
901 5555 1172 5632 postquam
1213 5559 1652 5632 Salvatorempe-
1758 5556 1960 5627 Joseplt
1995 5559 2260 5626 passionis
2291 5567 2532 5628 tempore
2559 5556 2903 5626 superstitem
2938 5571 3142 5625 ponens
3164 5571 3230 5611 eo
3261 5555 3358 5610 ali-

0 5638 172 5707 perit
193 5673 218 5707 _,
262 5630 378 5707 cunt
407 5633 518 5707 viro
537 5634 955 5707 consuetudinem
969 5631 1225 5707 habuisse.
1244 5630 1363 5707 Nisi
1374 5631 1516 5707 forte
1539 5630 1654 5686 llch
1761 5638 1848 5707 ter
1861 5640 2074 5707 _ut:t_tur.

0 5695 360 5779 'lcjpiplaanii
389 5703 454 5779 ad
481 5702 778 5779 Helvidium
811 5711 902 5779 aut
929 5702 1270 5779 Jovinitt‘ntlnt
1301 5701 1655 5779 Hil:_t_rio_pos-
1757 5699 1906 5779 “(5')
1948 5701 2231 5779 Beccensjs
2276 5700 2720 5779 codex,_‘ave.rsos
2746 5697 2939 5779 {Aquod
2982 5695 3358 5779 etiamuhabet

0 5767 304 5837 te'ribres
329 5772 610 5827 referenda
642 5773 766 5828 sint.
799 5774 868 5828 At
892 5774 1064 5842 potuit
1110 5773 1340 5827 llilarins
1375 5767 1652 5826 nouimus
1755 5767 1917 5826 MiCh.
1943 5771 2219 5826 asccnnda
2253 5786 2435 5825 manu.
2468 5767 2823 5842 [tectiu_s_ali_i,
2853 5785 3063 5842 aversis,
3096 5769 3360 5842 scil._pro-

0 5844 366 5918 discipulos
428 5842 717 5915 respicere.
787 5838 960 5918 Certe
1009 5844 1374 5902 'l‘crtullianus
1434 5842 1527 5899 lib.
1578 5841 1648 5899 de
1755 5843 2015 5911 fessionis.
2045 5843 2158 5900 Non
2182 5843 2409 5901 obscure
2437 5839 2596 5896 tradit
2622 5838 2857 5897 llilaritts
2878 5839 3237 5913 Magos,quod
3266 5857 3366 5895 no-

23 4425 155 4480 alio
195 4439 399 4478 sensu.

109 4495 202 4570 (b)
240 4493 395 4570 Editi
421 4503 502 4570 ,_et
531 4509 710 4564 usque,
729 4508 829 4565 pro
847 4492 986 4564 quod
1000 4509 1118 4548 vero
1145 4509 1304 4564 usque
1334 4509 1353 4548 :
1374 4493 1670 4549 emendan-
