3882 6332
533 295 644 353 9‘33

536 502 646 559 tius
668 504 748 578 (α)
773 503 1040 574 qualitatis
1089 501 1355 572 expressit
1381 522 1394 558 :
1419 500 1474 556 in
1498 516 1631 556 auro
1655 515 1859 571 regem,
1890 501 1944 558 in
1971 501 2126 557 tlmre

534 595 731 660 Deum,
760 594 812 650 in
840 593 1057 666 myrrha
1085 593 1359 650 hominem
1384 593 1713 648 conmendo.
1736 596 1913 664 Atque
1939 593 2010 648 ita
2035 609 2129 664 per

533 691 933 744 venerationem
961 703 1172 754 eorum,
1199 687 1526 744 sacramenti
1548 687 1725 742 omnis
1751 699 1834 742 est
1873 701 2131 743 consum-

535 788 680 837 mata
705 780 939 850 cognitio
968 797 981 834 :
1011 779 1062 836 ln
1092 780 1312 834 homine
1351 781 1560 845 mortis,
1612 779 1665 834 in
1702 779 1812 836 Deo
1849 794 2128 835 resurreco

533 873 718 940 tionis,
753 874 807 928 in
835 889 956 944 rege
980 873 1187 943 judicii.
1221 873 1373 942 Quod
1399 887 1526 927 vero
1548 881 1797 942 repetere
1817 873 1939 939 iter,
1970 884 2133 942 atque
2221 857 2242 874 ’

531 966 598 1021 ad
634 965 898 1022 Herodem
931 969 984 1022 in
1012 966 1252 1023 Judaeam
1283 966 1460 1024 redire
1509 967 1865 1036 prohibentur
1915 967 2128 1037 (Matth.

535 1077 594 1125 ιι,
633 1061 701 1116 12
735 1072 792 1130 );
824 1061 958 1116 nihil
1002 1077 1032 1117 a
1062 1061 1248 1118 Judaea
1295 1071 1482 1132 petere
1530 1061 1771 1116 scientia:
1810 1063 2136 1132 agnitionis-

536 1169 643 1225 que
675 1156 1068 1223 permittiniur,
1132 1155 1227 1210 sed
1275 1155 1328 1210 in
1373 1153 1592 1211 Christo
1635 1155 1865 1210 salutem
1917 1169 2135 1210 omnem

535 1259 592 1304 et
621 1266 772 1320 spem
804 1251 1079 1318 locantes,
1129 1250 1487 1306 admonemur
1518 1251 1714 1322 prioris
1766 1251 1891 1306 vitae
1945 1251 2137 1309 itinere

538 1343 831 1399 abstinere.

608 1433 662 1490 6.
708 1435 844 1503 Quid
870 1441 994 1509 fuga
1023 1436 1283 1492 Christiin
1305 1434 1613 1509 Egyptian.
1650 1436 1971 1506 Innocentes,
1993 1454 2138 1493 utar-

536 1537 692 1599 tyres.
723 1558 792 1571 —
821 1529 1054 1586 Parante
1093 1542 1275 1586 autem
1317 1531 1526 1586 llerode
1557 1532 1632 1604 (b)
1670 1534 1878 1604 parvuli
1922 1549 2133 1601 necem,

539 1621 736 1693 .losepli
767 1638 860 1692 per
886 1624 1150 1694 Angelum
1200 1631 1472 1690 monetur,
1501 1634 1560 1679 ut
1590 1640 1712 1680 cum
1764 1627 1815 1680 in
1849 1626 2140 1699 zEgyptum

541 1715 837 1772 transierat
884 1716 1046 1790 (Ibid.
1084 1717 1190 1789 15)
1222 1736 1234 1770 :
1263 1715 1554 1790 Egyptum
1601 1719 1762 1776 idolis
1811 1722 2056 1792 plenam,
2087 1732 2142 1776 et

1729 294 1975 352 SANCTI
2021 294 2277 352 lllLARII
2310 296 2620 355 EPISCOPI
3690 310 3766 366 ιιι

535 411 788 483 Denique
845 410 1046 467 oblatio
1081 423 1363 466 munerum
1416 408 1824 480 intelligentiam
1860 410 1912 465 in
1948 423 2019 465 eo
2048 417 2129 464 to-
2153 412 2206 474 Α

2758 412 2923 486 απ
2959 408 3294 471 οΑΡιΓι-ιι.

2232 555 2310 612 De
2356 554 2485 612 Jesu
2530 573 2760 630 regresso
2817 575 2879 612 ea:
2933 555 3208 630 zEgpr,
3266 569 3314 615 et
3363 561 3425 614 de
3466 563 3770 630 prardicmioae

2303 649 2524 706 Joannis
2579 661 2626 706 et
2670 649 2920 723 baptismo
2960 653 3126 722 ipsius
3156 695 3171 720 ,
3226 663 3271 708 et
3307 651 3368 707 de
3415 652 3623 708 Domino
3647 657 3770 727 bapti-

2305 755 2440 799 zato.

2311 880 2364 935 l.
2403 880 2601 949 Ioseph
2618 880 2971 949 apostolorum
2997 888 3164 951 typus.
3199 909 3273 923 ——
3296 879 3426 935 Post
3448 895 3583 952 qua,
3615 895 3772 938 morm

2239 971 2472 1039 Herode,
2499 971 2700 1042 Joseph
2725 988 2821 1044 per
2841 973 3104 1043 Angeluni
3129 983 3402 1033 monetur,
3431 985 3490 1027 ut
3513 973 3566 1026 in
3588 972 3770 1029 ludam:

2239 1082 2362 1122 cum
2394 1081 2561 1139 puero
2590 1076 2645 1122 et
2685 1077 2857 1122 matre
2901 1068 3069 1137 ipsius
3109 1066 3295 1122 redeat
3338 1066 3558 1138 (Halm.
3599 1083 3651 1133 ιι,
3696 1069 3770 1134 itii.

2243 1160 2312 1216 Et
2342 1169 2621 1216 revertens
2639 1174 2762 1215 cum
2792 1161 3116 1216 Archelaum
3151 1160 3383 1216 Herodis
3415 1158 3584 1214 ﬁlium
3609 1176 3773 1230 regam

2242 1255 2502 1320 audisset,
2538 1256 2711 1308 timuit
2741 1270 2808 1309 eo
2837 1255 3022 1310 venire
3047 1253 3214 1321 (Ibid.
3244 1255 3310 1309 2|
3351 1255 3368 1325 )
3401 1270 3418 1309 :
3458 1265 3514 1308 et
3557 1269 3642 1322 per
3668 1269 3774 1323 auge

2247 1349 2355 1404 lum
2387 1357 2656 1414 monetur,
2683 1350 2816 1403 utin
2844 1349 3123 1404 Galilaeam
3156 1356 3423 1411 transeat,
3448 1355 3504 1401 et
3531 1348 3581 1400 in
3608 1350 3774 1414 regionis

2245 1442 2366 1512 ejus
2392 1440 2610 1497 civitate
2638 1440 2900 1497 Nazareth
2931 1440 3220 1496 inhabitet.
3255 1441 3477 1496 Reverti
3501 1443 3694 1511 ergoad
3721 1443 3778 1496 ll-

2246 1535 2417 1590 dzeam
2463 1546 2713 1589 monetur
2741 1549 2756 1588 :
2788 1543 2840 1588 et
2886 1550 3135 1590 reversus
3163 1535 3341 1590 timet.
3371 1535 3441 1589 Et
3479 1551 3675 1589 rursum
3705 1539 3777 1593 viss

2248 1627 2572 1692 admonitus,
2605 1627 2836 1682 transire
2885 1627 2951 1681 ad
2998 1627 3274 1698 regionem
3325 1627 3571 1698 gentium
3604 1627 3775 1697 iubete.

2249 1719 2356 1776 Sed
2385 1729 2476 1774 aut
2501 1721 2691 1775 timere
2729 1735 2851 1776 eum
2874 1721 2964 1791 qui
2990 1720 3300 1776 admonitus
3327 1722 3402 1774 sit
3440 1736 3549 1774 non
3587 1725 3775 1790 otiosius,

539 1813 887 1881 omnigenum
936 1812 1096 1866 deum
1151 1821 1393 1868 monstra
1443 1824 1812 1870 venerantem.
1872 1816 1990 1871 iam
2018 1824 2142 1887 post
2167 1813 2217 1876 Β
2244 1821 2334 1865 aut
2362 1826 2461 1882 per
2480 1812 2728 1881 angelum
2759 1811 2958 1866 deferri
2986 1811 3286 1866 admonitio
3309 1828 3443 1866 mox
3472 1815 3777 1868 mutandae!

539 1904 851 1960 Judaeorum
883 1906 1313 1973 insectationem,
1346 1918 1400 1963 et
1428 1908 1479 1962 in
1503 1911 1895 1980 exstinguendo
1919 1925 1986 1966 eo
2019 1928 2144 1981 prc-

548 1998 686 2053 fanze
714 1999 887 2068 plebis
909 2013 1212 2066 assensum,
1237 1998 1487 2056 Christus
1507 2001 1572 2055 ad
1598 2009 1788 2071 gentes
1815 2003 2144 2060 inanissimis

547 2092 897 2162 religionibus
943 2091 1155 2149 deditas
1199 2096 1512 2150 transitzet
1562 2093 1634 2167 (c)
1682 2092 1923 2151 Judaeam
1974 2096 2144 2152 relin-

547 2185 1014 2255 quens,ignoranti
1041 2201 1164 2242 eum
1187 2187 1386 2243 saeculo
1415 2188 1674 2243 colendus
1697 2188 1942 2255 infertur,
1978 2189 2137 2245 Beth-

549 2275 748 2343 leltem,
779 2276 829 2332 id
852 2287 953 2342 est,
975 2277 1180 2346 Iudaea,
1204 2291 1495 2352 martyrum
1513 2283 1772 2350 sanguine
1789 2280 2143 2339 redundante.

551 2369 778 2426 Herodis
805 2386 934 2426 vero
969 2370 1124 2428 furor
1156 2382 1213 2428 et
1252 2373 1532 2428 infantium
1585 2373 1909 2442 interfectio,
1963 2373 2148 2447 populi

548 2463 756 2520 Judaici
805 2467 855 2520 in
902 2464 1240 2522 Christianos
1283 2468 1557 2524 saevientis
1603 2475 1690 2524 est
1715 2466 1885 2524 forma
1916 2485 1930 2524 :
1959 2470 2148 2524 exiSIi~

551 2558 747 2612 mantis
788 2572 848 2613 se
887 2559 1165 2616 beatorum
1209 2559 1498 2633 Martyrum
1542 2562 1690 2616 caede
1738 2576 1897 2632 posse
1937 2562 1990 2617 in
2032 2577 2150 2616 orn-

553 2649 700 2705 nium
748 2650 853 2707 ﬁde
905 2661 959 2707 et
1015 2652 1348 2722 professione
1419 2652 1619 2709 Christi
1685 2669 1883 2710 nomen
1939 2654 2148 2711 exstin-

545 2755 733 2813 guere.

629 2841 681 2898 7.
705 2842 937 2898 Ecclesia
957 2844 1091 2899 dolet
1109 2839 1410 2900 Iudaeorum
1433 2845 1789 2917 perditionem.
1817 2875 1889 2888 -—
1909 2845 2014 2903 Sed
2029 2846 2152 2917 glo-

558 2935 734 2990 riosus
763 2951 858 3005 per
886 2937 1200 3006 pr0plietam
1226 2939 1342 2993 neci
1371 2952 1558 2993 eorum
1588 2938 1762 2994 honor
1789 2939 2050 3004 redditur,
2072 2939 2154 2993 di-

561 3037 800 3094 centem,
842 3026 954 3082 Vox
981 3029 1034 3082 in
1066 3029 1233 3084 Roma
1271 3029 1448 3083 audita
1475 3039 1569 3096 est,
1600 3032 1834 3100 ploratus
1854 3041 1902 3086 et
1925 3031 2153 3086 ululatus

559 3118 776 3184 multus,
825 3119 1021 3176 Rachel
1040 3124 1248 3195 plorans
1271 3124 1408 3194 filios
1435 3139 1552 3177 suos
1576 3140 1595 3178 :
1616 3135 1665 3178 et
1687 3125 1852 3179 noluit
1871 3127 2152 3192 consolari,

2239 1901 2452 1976 debuit.
2485 1901 2682 1957 Verum
2715 1903 2888 1972 typiea
2915 1903 3054 1957 ratio
3081 1911 3295 1958 servata
3324 1914 3436 1958 est.
3477 1903 3664 1971 Ioseph
3683 1907 3772 1958 enim

2247 1995 2616 2065 apostolorum
2647 1994 2808 2050 habet
2838 1995 3097 2064 speciem,
3127 1994 3326 2064 quibus
3354 1995 3604 2051 Christus
3623 2000 3779 2051 circua-

2249 2086 2506 2143 ferendus
2546 2096 2631 2143 est
2663 2087 2923 2143 creditus.
2952 2087 3020 2142 lli
3051 2095 3333 2158 tamquam
3371 2087 3589 2144 Herode
3619 2101 3780 2146 meum.

2250 2182 2303 2238 id
2332 2192 2435 2244 est,
2472 2181 2671 2252 potiulo
2694 2181 2812 2252 eius
2834 2181 2888 2236 in
2913 2182 3163 2251 passione
3189 2182 3410 2238 Domini
3435 2184 3707 2251 deperdita,
3726 2182 3780 2237 lt-

2249 2275 2382 2331 dacis
2415 2274 2707 2344 praedicare
2733 2284 2858 2329 sunt
2881 2274 3051 2343 jussi;
3083 2274 3236 2329 missi
3261 2275 3414 2329 enim
3450 2285 3609 2330 erant
3629 2275 3780 2330 adoras

2251 2370 2489 2440 perditas
2515 2369 2706 2424 domus
2733 2367 2896 2424 Israel
2923 2387 2935 2423 :
2959 2368 3056 2424 sed
3084 2379 3341 2424 manente
3396 2368 3718 2424 haereditaria:
3738 2369 3785 2421 in-

2253 2463 2533 2519 ﬁdelitatis
2559 2463 2837 2518 dominatu
2888 2469 3138 2517 metuunt
3165 2470 3223 2517 et
3259 2462 3553 2517 recedunt.
3587 2461 3783 2517 Admeti

2255 2573 2351 2628 per
2379 2557 2573 2623 visum,
2608 2557 2777 2611 sancti
2802 2555 3007 2611 scilicet
3029 2554 3264 2624 Spiritus
3293 2555 3504 2609 donum
3529 2555 3579 2608 in
3602 2555 3779 2624 gentilis

2251 2649 2708 2718 contemplantes,
2756 2647 2825 2703 ad
2869 2663 2965 2704 eas
3013 2645 3356 2703 transferunt
3404 2645 3690 2706 Christum,
3727 2645 3784 2698 la-

2253 2741 2387 2797 dano
2412 2739 2660 2808 missum,
2693 2740 2788 2796 sed
2829 2739 2996 2795 vitam
3026 2749 3082 2796 et
3117 2739 3354 2794 salutem
3386 2739 3628 2810 gentium
3651 2754 3787 2792 om

2257 2842 2462 2904 palum.

2329 2928 2383 2982 2.
2423 2926 2645 2982 Joannis
2683 2928 2827 2982 locus
2847 2968 2862 2994 ,
2892 2926 3212 2998 praedicatio,
3249 2928 3491 2991 vestitus,
3517 2929 3662 2982 cibus.
3683 2925 3787 2978 -Ιι

2256 3020 2440 3075 diebus
2463 3020 2570 3074 illis
2591 3021 2723 3074 venit
2747 3018 2974 3075 Joannes
3015 3020 3310 3090 prazrlicans
3343 3021 3400 3074 in
3427 3021 3625 3076 deserto
3639 3019 3786 3082 tm,

2257 3116 2456 3180 dicens,
2489 3113 2853 3169 Paenitentiam
2894 3115 3065 3184 agite;
3114 3115 3564 3186 appropinquavit
3607 3115 3710 3168 enim
3742 3129 3788 3165 re

559 3213 681 3282 quia
705 3229 804 3267 non
823 3224 941 3269 sunt
964 3213 1180 3286 (Jerem.
1213 3232 1363 3284 χχιιι,
1400 3217 2152 3288 l5;etMatth.n,l8).Rachel
2181 3217 2226 3281 C
2259 3227 2414 3284 gnum
2447 3210 2708 3273 cwlorum,
2747 3217 2852 3262 etc.
2880 3207 3094 3278 (Matth.
3127 3223 3208 3274 tu,
3259 3205 3335 3280 l).
3375 3209 3431 3262 In
3457 3207 3652 3262 lentiae
3675 3210 3784 3268 lauti.

563 3302 732 3359 Jacob
763 3322 897 3361 uxor
939 3305 1039 3363 fuit
1081 3308 1174 3364 diu
1199 3308 1428 3375 sterilis;
1461 3308 1555 3364 sed
1582 3310 1787 3365 nullum
1816 3326 1885 3366 ex
1909 3309 1992 3368 his
2021 3328 2158 3382 quos

559 3399 743 3467 genuit
771 3401 970 3454 amisit.
1007 3400 1204 3456 Verum
1238 3401 1352 3456 haec
1379 3403 1431 3456 in
1460 3402 1654 3459 Genesi
1688 3403 1944 3459 Ecclesiae
1973 3413 2156 3475 typum

565 3490 818 3560 praetulit.
851 3491 965 3546 Non
1014 3492 1175 3563 igitur
1219 3493 1360 3549 illius
1392 3509 1492 3549 vox
1543 3505 1596 3550 et
1647 3494 1886 3564 ploratus
1917 3495 2156 3563 auditur,

564 3597 683 3652 quae
714 3583 916 3637 nullum
947 3582 1137 3641 habuit
1162 3587 1480 3642 aaniSSorum
1509 3585 1744 3642 filiorum
1768 3587 2034 3656 dolorem,
2064 3589 2160 3647 sed

565 3673 726 3744 hujus
747 3675 1006 3730 Ecclesiae
1033 3677 1124 3731 diu
1151 3679 1371 3741 sterilis,
1408 3693 1547 3733 nutic
1584 3695 1714 3735 vero
1743 3679 2004 3736 fecundae.
2042 3682 2158 3738 llu-

559 3765 649 3833 jns
679 3767 920 3836 ploratus
945 3783 1008 3824 ex
1042 3770 1184 3839 liliis,
1218 3785 1323 3826 non
1355 3771 1556 3827 idcirco
1587 3772 1707 3843 quia
1728 3785 2038 3846 peremptos
2062 3775 2158 3831 do-

565 3855 729 3924 lebat,
761 3859 1007 3927 auditur;
1041 3861 1134 3917 sed
1174 3864 1296 3934 quia
1341 3864 1408 3921 ab
1454 3863 1539 3920 his
1570 3866 1993 3936 perimebantur,
2023 3884 2158 3940 quos

566 3952 796 4020 primum
836 3953 1050 4024 genitos
1098 3955 1238 4011 lilios
1296 3956 1530 4012 retinere
1580 3958 1857 4015 voluisset.
1912 3960 2159 4033 Denique

559 4046 831 4101 consolari
871 4062 929 4102 se
968 4047 1142 4104 noluit
1168 4064 1288 4120 quae
1322 4049 1560 4107 dolebat.
1590 4049 1672 4123 (tl)
1700 4051 1814 4107 Non
1859 4053 2002 4108 enim
2049 4069 2158 4109 non

562 4148 715 4194 erant
741 4140 798 4208 ii,
831 4141 919 4212 qui
949 4143 1148 4197 mortui
1187 4144 1536 4213 putabantur;
1571 4145 1624 4199 in
1661 4146 1980 4200 aeternitatis
2010 4144 2156 4201 enim

562 4233 860 4302 profectum
905 4250 1001 4305 per
1033 4237 1277 4308 martyrii
1323 4237 1554 4308 gloriam
1597 4236 1980 4294 etl‘erebantur.
2012 4237 2158 4293 Con-

563 4327 954 4399 solatioantem
987 4332 1062 4387 rei
1086 4331 1299 4387 amissae
1327 4339 1442 4386 erat
1466 4332 1791 4402 praestanda,
1827 4346 1932 4388 non
1962 4340 2153 4388 auctae.

2267 3302 2600 3374 praedicatio,
2629 3301 2870 3366 vestitus,
2899 3301 3050 3355 cibus
3071 3309 3156 3356 est
3175 3300 3451 3356 contuend
3463 3317 3523 3355 us
3549 3319 3562 3352 :
3587 3313 3715 3371 atque
3734 3302 3787 3353 ia.

2268 3405 2326 3450 nt
2348 3393 2752 3450 meminerimus
2772 3404 3044 3463 gestorum
3071 3394 3360 3448 veritatem
3391 3409 3500 3448 non
3523 3394 3698 3448 idem
3712 3407 3786 3446 te!"

2267 3488 2464 3557 rumpi,
2502 3486 2571 3559 (ε)
2602 3488 2644 3542 si
2689 3486 2940 3555 gerendis
2983 3485 3146 3540 rebus
3183 3486 3467 3541 interioris
3504 3484 3786 3554 intelligentia

2269 3580 2405 3635 ratio
2438 3579 2676 3650 subjecta
2715 3577 2804 3636 sit.
2839 3577 3076 3633 Fuerant
3111 3579 3256 3632 enim
3292 3577 3603 3648 put-dicanti
3628 3585 3672 3631 rt
3695 3585 3787 3629 Lai-iss

2266 3673 2638 3743 Opportunior,
2676 3682 2732 3727 et
2756 3672 2983 3726 vestitus
3013 3672 3219 3738 utilior,
3250 3681 3305 3726 et
3343 3672 3503 3726 cibus
3526 3673 3708 3741 aptior:
3728 3669 3788 3722 sed

2259 3765 2448 3822 subest
2467 3764 2636 3834 gestis
2659 3763 2819 3818 rebus
2857 3762 3188 3832 exemplum,
3215 3772 3272 3818 et
3297 3763 3352 3818 in
3381 3777 3450 3818 eo
3491 3763 3787 3834 operatisipsa

2261 3856 2540 3913 meditatio
2564 3864 2666 3912 est.
2698 3853 2831 3910 Nam
2853 3861 2908 3909 et
2931 3855 2995 3908 ad
3028 3851 3298 3910 desertam
3324 3853 3564 3910 Judzeam
3589 3853 3649 3926 (ί)
3671 3854 3784 3906 trait.

2259 3951 2530 4008 desertam
2562 3949 2658 4014 Dei
2683 3947 3136 4019 frequentatione,
3167 3963 3274 4003 non
3301 3949 3487 4018 pepuli
3513 3967 3526 4014 ;
3553 3959 3602 4002 ει
3633 3959 3788 4000 vam-,3

2258 4046 2432 4100 sancti
2461 4043 2691 4115 Spiritus
2719 4041 3070 4108 habitatione,
3105 4057 3210 4096 non
3238 4042 3518 4096 hominum
3548 4059 3560 4093 :
3588 4053 3637 4093 ut
3658 4038 3789 4110 prada

2264 4139 2489 4196 cationis
2519 4138 2682 4202 locus,
2733 4151 2918 4190 eorum
2956 4134 3153 4207 quibus
3193 4135 3511 4204 praedicatio
3532 4143 3637 4188 erat
3662 4133 3787 4186 missa

2266 4232 2611 4291 solitudinem
2665 4237 3071 4301 protestaretur.
3116 4227 3496 4284 Pamitentiam
3527 4243 3711 4298 quoque:

2265 4344 2372 4402 gno
2397 4328 2658 4384 ctelorum
2689 4325 3083 4396 propinquante
3102 4323 3443 4394 pronuntiat,
3470 4337 3562 4392 per
3589 4336 3717 4392 quam
3743 4331 3790 4373 es

569 4549 696 4590 men
725 4550 908 4610 eorum
945 4549 1122 4606 sonat,
1158 4540 1379 4610 magicae
1406 4540 1506 4596 arti
1534 4539 1698 4596 fuisse
1726 4539 1938 4595 deditas
1967 4557 1980 4593 ε
2014 4537 2156 4609 quod
2185 4541 2239 4602 D
2264 4546 2395 4602 etc.,
2428 4532 2787 4610 emendantur
2812 4546 2914 4610 ope
2934 4545 3064 4586 mss.
3105 4528 3420 4610 inquorum
3454 4526 3676 4610 plurimis
3705 4539 3790 4576 caa-

569 4620 784 4679 rnrsum
828 4607 990 4676 docet,
1018 4611 1110 4667 lib.
1159 4627 1217 4679 ιι,
1249 4607 1317 4668 de
1361 4612 1536 4678 Trin.,
1591 4628 1647 4668 η.
1696 4613 1788 4677 27,
1837 4620 1892 4665 et
1935 4607 2045 4666 lib;
2083 4625 2155 4676 tv,

572 4676 739 4753 p.36,
765 4692 933 4753 eaque
956 4682 1007 4753 in
1023 4676 1490 4739 reconSentientes
1515 4676 1671 4738 habet
1690 4676 1974 4753 lgnatium,
1997 4682 2158 4751 epist.

574 4747 641 4826 ad
690 4747 928 4818 lipltes.;
978 4752 1269 4826 Iustinum,
1302 4755 1581 4810 Dial.cum
1623 4747 1827 4826 Tryph.
1877 4747 2162 4826 Origenem

575 4820 668 4876 lib.
703 4835 743 4884 ι,
773 4831 960 4876 contra
1005 4824 1190 4889 Cels.;
1223 4826 1590 4892 Ambrosium,
1639 4820 1751 4881 lilii
1792 4841 1850 4892 ιι,
1895 4826 1948 4878 in
1975 4820 2162 4891 _Luc.,

577 4908 630 4946 ιι.
655 4906 802 4970 ιιινιι
829 4902 885 4946 et
908 4909 1074 4970 ιιμξιιι
1095 4912 1109 4960 ;
1127 4896 1534 4970 Hieronymum,
1561 4899 1611 4952 in
1635 4897 1874 4970 Esa.xtx
1901 4905 1957 4951 et
1983 4911 2127 4970 sum
2146 4937 2160 4962 ,

575 4964 665 5034 qui
699 4973 877 5037 tamen
909 4966 978 5020 ab
1008 4966 1107 5037 hac
1135 4964 1387 5037 opinione
1417 4970 1672 5025 recedere
1694 4969 1906 5023 videtur
1943 4971 1995 5022 in
2025 4969 2157 5022 Dan.

575 5049 627 5089 c.
672 5050 731 5101 ιι,
763 5036 849 5090 ubi
893 5037 1003 5092 ait:
1037 5036 1361 5094 Consuetudo
1394 5055 1562 5096 autem
1601 5050 1650 5096 et
1676 5056 1842 5097 sermo
1877 5038 2162 5093 communis

578 5103 763 5178 Magos
786 5123 877 5178 pro
898 5110 1147 5181 maleﬁcia
1197 5114 1419 5184 accepit,
1456 5116 1544 5184 qui
1567 5113 1718 5167 aliter
1745 5113 1995 5167 habentur
2021 5109 2163 5180 apud

578 5189 772 5256 gentem
801 5197 972 5256 suam,
1005 5198 1065 5256 eo
1093 5183 1231 5256 quod
1256 5183 1355 5237 sint
1382 5183 1674 5256 pltilosOplti
1708 5184 2090 5256 Chaldteorutn,
2113 5191 2164 5237 et

580 5249 649 5328 ad
669 5252 794 5306 artis
812 5253 966 5328 hujus
993 5249 1258 5328 scientiam
1279 5249 1421 5324 reges
1442 5249 1640 5328 quoque
1665 5265 1711 5311 et
1739 5257 2000 5327 principes
2027 5254 2166 5325 ejus-

581 5320 694 5400 dent
715 5320 886 5400 .gentis’
913 5327 1088 5400 omnia
1110 5327 1327 5400 faciunt.

678 5394 734 5470 ᾳ)
771 5395 826 5470 l_n
859 5397 1030 5453 tribus
1060 5394 1191 5452 m'ss.
1223 5399 1378 5453 totius
1403 5401 1730 5470 aqualitatis.

679 5465 731 5538 ὁ)
777 5467 888 5544 Duo
919 5484 1050 5525 mss.
1099 5470 1333 5544 parvulo.
1377 5465 1620 5544 Quatuor
1645 5471 1755 5539 alii,
1791 5469 2054 5544 paruulis;
2113 5476 2169 5524 et

584 5537 730 5603 mox,
770 5549 824 5592 ut
843 5537 1044 5606 Iesum,
1069 5537 1166 5610 pro
1198 5553 1251 5596 ut
1277 5537 1418 5596 eum;
1451 5542 1625 5598 Verba
1657 5537 1988 5612 evangelica,
2022 5543 2168 5612 {utu-

587 5627 702 5664 rum
733 5621 806 5663 est
828 5614 958 5665 enim
975 5623 1028 5666 ut
1059 5613 1292 5668 Herodes
1317 5625 1518 5685 quaerat
1534 5631 1745 5685 puerum
1767 5611 1834 5667 ad
1854 5611 2170 5684 perdendum

479 5682 484 5686 ’
593 5685 1034 5758 eunupostnlant
1061 5688 1263 5758 parvuli
1290 5682 1380 5742 aut
1411 5682 1641 5757 parvulo.
1673 5682 1931 5757 Capnt'll.
1961 5686 2012 5739 in
2037 5699 2170 5740 mss.

591 5755 779 5830 incipit
790 5774 836 5830 _a
856 5755 1234 5830 superioribus
1259 5755 1461 5830 verbis,
1495 5759 1716 5815 Parente
1733 5755 1923 5824 autem,
1956 5769 2063 5813 etc.

676 5825 747 5898 (c)
789 5825 952 5901 Editi,
982 5829 1254 5890 Iudaicam
1283 5825 1570 5906 relinquens
1595 5830 1939 5906 ignorantiam
1961 5827 2172 5899 sarculo,

2267 4601 2423 4676 rupte
2452 4614 2630 4661 exstat
2653 4604 3001 4678 ignorantium
3021 4602 3232 4656 saeculo.
3260 4601 3365 4678 llic
3382 4601 3620 4678 aculam

2270 4673 2504 4734 minatur
2533 4673 2712 4747 gensa
2745 4675 2858 4747 Deo
2890 4675 3099 4747 aliena;
3129 4673 3406 4743 quomodo
3437 4673 3491 4747 in
3522 4686 3598 4741 ps.
3639 4687 3671 4735 I,
3691 4685 3734 4721 ιι.

2266 4745 2643 4813 δωαιὶανὶίυίτ,
2677 4746 2768 4815 qui
2800 4745 2864 4800 ad
2890 4745 3164 4798 Christum
3195 4759 3301 4798 non
3326 4746 3576 4814 pertinet.

2337 4822 2422 4892 (ά)
2467 4820 2722 4892 Erasmus
2750 4819 2803 4872 in
2843 4817 3076 4892 quodam
3104 4815 3291 4870 codice
3325 4815 3590 4892 reperisse
3614 4820 3786 4892 setas:-

2265 4883 2370 4957 tur,
2382 4883 2558 4961 Neque
2581 4891 2716 4944 enim
2745 4883 2889 4943 erant
2917 4889 2952 4940 ii
2982 4889 3090 4957 qui,
3120 4896 3229 4961 etc.
3247 4927 3261 4949 ,
3290 4885 3440 4961 quod
3469 4883 3786 4961 nonneiicitt“t

2267 4956 2450 5026 sensu,
2475 4956 2664 5032 Neque
2685 4961 2815 5014 enim
2846 4969 2990 5032 erant
3017 4959 3207 5032 mo_r_tu_i
3227 4998 3242 5022 ,
3273 4959 3363 5032 qui
3400 4957 3585 5032 mortui
3609 4956 3788 5032 ριέιιςξ.

2267 5047 2351 5090 tar
2375 5051 2394 5089 :
2423 5026 2603 5089 minus
2631 5041 2809 5087 tamen
2837 5031 2904 5085 ad
2931 5045 3066 5084 rem.
3097 5028 3226 5084 Vult
3243 5026 3447 5098 quippe
3477 5028 3698 5104 Hilarius
3713 5026 3780 5074 tias

2269 5108 2456 5170 verba,
2490 5107 2612 5174 quia
2629 5121 2730 5174 non
2750 5113 2888 5168 sunt,
2908 5117 3014 5155 non
3036 5110 3402 5174 consentanea
3416 5114 3536 5154 esse
3553 5099 3618 5174 iis
3629 5099 3701 5165 qui
3717 5107 3786 5163 per-

2268 5169 2603 5234 seeutiotiem
2641 5173 2843 5230 fuerint
2871 5174 3032 5244 passi,
3079 5171 3170 5238 qui
3197 5169 3413 5244 nedum
3446 5185 3552 5244 non
3574 5170 3694 5244 sint,

2268 5250 2373 5305 lius
2392 5258 2548 5313 sunt;
2573 5245 2670 5302 sed
2691 5247 2757 5300 iis
2778 5240 3040 5315 qni‘illam
3063 5242 3350 5315 excitando
3369 5242 3440 5296 ab
3466 5240 3784 5315 Ecclesiaste

2272 5320 2600 5387 exciderint,
2630 5312 2946 5389 eique'adeo
2978 5315 3089 5371 sint
3115 5312 3336 5384 perditi,
3369 5323 3428 5368 ut
3461 5313 3572 5383 jam
3602 5324 3708 5366 vere
3728 5319 3787 5359 rm

2271 5393 2399 5448 sint.
3767 5446 3774 5451 κ

2347 5459 2742 5537 (e)“B_eecensis
2768 5458 2985 5537 ms._setl
2997 5455 3254 5537 gerendis.
3279 5455 3578 5526 Diligenter
3590 5452 3791 5537 renarras

2275 5525 2608 5591 haic'liilarii
2639 5525 3097 5601 praemonitio,'ne
3117 5527 3374 5597 deinceps
3390 5525 3696 5601 reconditis
3716 5532 3791 5601 agt-

2273 5609 2422 5663 riens
2467 5591 2760 5676 Scriptura:
2804 5591 3030 5667 sensus,
3080 5615 3264 5655 rerum
3313 5591 3565 5654 videatur
3594 5591 3790 5650 ademit?!

2273 5680 2576 5734 veritatem.

2361 5752 2428 5836 (Γ)
2467 5748 2623 5836 Apim.
2643 5747 2789 5836 ‘3."
2817 5743 3322 5836 "ﬂ'i‘ﬂ'fjfjljox.
3359 5741 3429 5815 ,ἱη
3460 5755 3667 5798 verum

2280 5815 2934 5897 Spiittus'ttobitationem;
2963 5815 3245 5875 mendose.
