3882 6332
79 282 190 338 925

1060 274 1606 334 COMMENTARIUS
1643 275 1709 334 ΙΝ
1746 277 2180 336 ΜΑΤΤΙΗΕΗΜ.
2225 276 2378 334 CAP.
2418 277 2482 334 ll.

3272 280 3378 337 926

80 395 290 451 reditus
331 394 397 450 ab
426 408 629 460 errore,
680 402 735 448 et
784 407 1034 448 recursus
1061 407 1090 446 a
1121 392 1367 456 crimine,
1418 388 1584 463 674
1625 399 1680 446 et
1704 401 1758 461 Α
1783 400 1929 457 sunt,
1977 393 2030 450 in
2081 391 2279 450 diaboli
2321 393 2637 464 progeniem
2687 392 3004 449 inﬁdi-litate
3060 401 3378 452 mutentur:

79 486 307 561 post(a)
335 487 582 543 vitiorum
625 487 880 557 pudorem
930 484 1194 556 professio
1234 485 1514 542 desinendi
1557 501 1570 540 :
1613 492 1673 541 ut

78 580 296 634 deserta
321 577 505 634 Judaca
533 579 863 634 meminisset
910 593 1033 634 eum
1072 592 1133 634 se
1171 586 1569 648 suscepturum,
1615 579 1668 631 in

76 687 185 743 quo
211 671 473 728 etelorum
499 678 584 726 est
605 685 828 741 regnum
876 685 892 734 ;
924 685 1031 726 non
1054 685 1276 727 vacuam
1305 671 1560 740 deinceps
1589 668 1672 725 fu-

76 774 280 830 turam,
311 764 354 818 si
381 779 438 819 se
461 779 490 817 a
513 764 783 818 veteribus
807 763 950 818 vitiis
975 761 1307 832 paenitentiae
1332 761 1672 820 confessione

76 864 380 928 purgassct.
413 853 544 909 Pilis
563 853 725 908 etiam
754 853 1083 909 camelorum
1124 853 1295 914 vestis
1308 853 1542 920 adtexta,
1575 869 1670 925 pe-

73 947 353 1020 regrinum
409 945 738 1017 prophetiae
782 946 935 1001 istius
979 945 1378 1016 przedicaliouis
1430 945 1671 1002 habitum

73 1041 324 1112 designat
351 1058 364 1094 :
393 1054 514 1095 cum
546 1039 753 1094 exuviis
795 1039 1190 1095 immundarum
1225 1039 1512 1110 pecudum,
1545 1039 1669 1110 qui-

71 1134 176 1192 bus
206 1149 367 1205 pares
399 1131 475 1205 (b)
507 1132 902 1197 existimamur,
931 1133 1129 1188 Christi
1154 1133 1473 1204 prmdicator
1496 1133 1670 1190 indui-

71 1239 195 1296 tur;
227 1228 391 1298 ﬁtquc
417 1227 808 1284 sanctificatum
838 1227 1023 1282 habitu
1057 1228 1382 1298 prophetali,
1411 1227 1668 1299 quidquid

69 1324 124 1377 in
155 1321 312 1376 nobis
334 1321 416 1376 vel
455 1319 649 1376 inutile
676 1318 852 1376 fuerat
887 1331 1034 1386 ante,
1061 1320 1145 1376 vel
1175 1320 1473 1376 sordidum.
1508 1321 1670 1378 Zonte

68 1425 253 1473 autem
298 1415 630 1486 przecinctio,
663 1415 850 1472 efﬁcax
876 1416 930 1476 in
973 1430 1133 1471 omne
1161 1430 1298 1485 Opus
1348 1417 1545 1472 bonum
1585 1422 1672 1472 est

67 1519 400 1580 apparatus:
433 1517 494 1563 ut
519 1508 586 1563 ad
627 1523 788 1564 omne
829 1508 1187 1564 ministerium
1229 1507 1426 1564 Christi
1472 1506 1544 1578 (c)
1575 1522 1671 1563 vo-

67 1602 274 1658 luntate
300 1600 469 1656 simus
498 1600 750 1657 accincti.
797 1599 852 1655 ln
884 1615 1038 1656 esum
1068 1601 1230 1656 etiam
1269 1599 1541 1668 eliguntur
1585 1599 1668 1655 lo-

67 1703 260 1759 custze,
310 1693 526 1763 fugaces
565 1693 840 1749 hominum
867 1735 882 1760 ,
931 1703 986 1750 et
1029 1693 1098 1749 ad
1145 1710 1358 1750 omnem
1401 1693 1668 1750 adventus

1776 483 1991 554 quando
2014 493 2070 540 et
2095 484 2352 540 leriszei
2378 485 2681 556 viperarum
2719 487 2868 542 natio
2895 497 3291 554 nuncupantur,
3321 497 3377 544 et

1773 575 2024 645 gloriatio
2048 576 2211 648 675
2243 577 2560 633 Sanctiﬁcati
2601 578 2842 648 parentis
2867 579 2948 634 eis
2976 579 3268 642 inhibetur,
3317 589 3374 637 et

1773 681 1840 722 ex
1887 668 2031 724 saxis
2074 685 2137 723 ac
2167 669 2392 740 rupibus
2438 668 2670 726 Abi-abre
2719 670 2810 726 lilii
2861 671 3183 737 excitantur,
3215 680 3268 726 et
3314 681 3375 728 ut

1773 769 2060 832 operantes
2081 763 2270 833 dignos
2292 762 2497 818 fructus
2521 763 2852 833 pteuiteutiae
2870 765 2976 818 sint
2993 763 3372 822 admonentur:

1775 862 1833 910 ut
1856 856 1945 926 qui
1969 855 2243 913 diabolum
2288 866 2497 928 patrem
2521 857 2729 915 habere
2770 867 3066 928 caperent.
3117 875 3239 916 cum
3267 862 3370 930 eis,

1773 949 1863 1020 qui
1891 949 1959 1005 de
1989 950 2260 1020 lapidibus
2305 953 2694 1022 excitarentur,
2744 967 2957 1010 rursum
2987 954 3223 1013 Abrabm
3275 956 3372 1014 ﬁlii

1775 1056 1869 1112 per
1898 1041 2056 1097 ﬁdem
2091 1041 2240 1100 ﬁant.

1844 1137 1901 1194 4.
1927 1134 2161 1193 Christus
2184 1147 2358 1193 noster
2375 1151 2602 1196 servator
2621 1149 2671 1196 et
2691 1141 2869 1210 iudex.
2889 1172 2961 1183 --
2986 1143 3206 1200 Securis
3237 1159 3368 1200 vero

1772 1229 2046 1286 radicibus
2070 1231 2322 1294 arborum
2355 1235 2599 1304 apposita
2638 1243 2862 1290 testatur
2887 1235 3101 1309 (Matth.
3139 1253 3217 1304 ιιι,
3250 1239 3317 1294 10
3344 1238 3363 1310 )

1773 1322 1851 1394 (g)
1875 1323 1965 1394 jus
1992 1325 2272 1393 praesentis
2299 1326 2348 1378 iii
2380 1325 2598 1382 Christo
2641 1330 2918 1398 potestatis
2938 1370 2955 1396 ,
3006 1329 3368 1387 infructuosa-

1772 1432 1888 1472 ruin
1921 1417 2173 1474 arborum
2199 1417 2348 1474 caede
2367 1428 2422 1474 et
2441 1422 2876 1478 concrematione
2912 1422 3222 1493 significans
3244 1425 3364 1479 inuc

1772 1509 1880 1565 tilis
1909 1509 2143 1579 perﬁdiae
2167 1509 2434 1567 excidium
2464 1509 2540 1583 (h)
2567 1505 2974 1584 conﬂagratioui
3001 1515 3187 1584 judicii
3219 1531 3362 1587 prie-

1772 1601 1965 1672 parari.
2003 1601 2072 1657 Et
2096 1603 2216 1672 quia
2247 1601 2405 1674 Legis
2434 1619 2571 1672 aptis
2594 1605 2670 1677 (ἱ),
2691 1615 2835 1661 esset
2864 1607 2976 1678 jam
3007 1608 3253 1664 inefficax
3284 1609 3352 1664 nd

1770 1695 2040 1762 salutem,
2098 1705 2153 1751 et
2192 1695 2428 1752 Joannes
2500 1698 2834 1767 baptizandis
2883 1700 2940 1754 in
2993 1701 3360 1769 ptenitentiam

67 1787 240 1842 nostri
287 1800 507 1842 sensum
539 1786 817 1843 evolantes
844 1803 856 1841 :
888 1799 988 1841 nos
1026 1785 1254 1850 scilicet,
1303 1784 1398 1856 qui
1422 1787 1489 1842 ab
1517 1787 1667 1843 omni
1700 1795 1746 1856 Β
1774 1790 1991 1846 nuntius
2021 1790 2318 1846 exstitisset
2357 1791 2374 1862 (
2410 1791 2790 1861 prephetarum
2821 1794 2963 1850 enim
2985 1794 3222 1850 ofﬁcium
3247 1809 3365 1854 erat

67 1893 323 1936 sermone
343 1886 398 1934 et
423 1892 714 1949 congressu
747 1878 1128 1947 pronhetaruiu
1173 1878 1253 1950 (Δ)
1283 1878 1413 1949 ipis
1449 1880 1674 1949 quibus-

66 1973 188 2028 dam
218 1987 507 2043 corporum
539 1971 769 2027 saltibus
789 1969 1171 2028 ell'erebamur.
1201 1970 1495 2026 Voluntate
1526 1972 1668 2041 vagi,

67 2065 326 2138 operibus
364 2064 603 2132 inutiles,
631 2063 813 2120 verbis
841 2064 1080 2134 queruli,
1130 2061 1203 2135 (c)
1236 2063 1339 2119 ﬁde
1379 2066 1670 2136 peregrini,

70 2176 212 2217 nunc
238 2175 429 2216 sumus
454 2167 770 2218 sanctorum
801 2159 1054 2214 alimonia
1090 2167 1146 2213 et
1175 2159 1398 2214 satietas
1441 2158 1673 2228 prophe-

70 2264 242 2310 tarum
269 2251 434 2310 electi
457 2251 622 2308 simul
657 2266 780 2308 cum
808 2250 969 2307 melle
993 2250 1227 2307 silvestri
1254 2269 1269 2308 :
1300 2249 1670 2307 dulcissimum

69 2361 134 2404 ex
167 2347 327 2402 nobis
347 2345 550 2409 cibum,
579 2359 689 2402 non
709 2359 778 2401 ex
801 2344 1053 2400 alveariis
1074 2343 1230 2414 legis,
1253 2342 1349 2400 sed
1375 2359 1440 2401 ex
1467 2343 1674 2400 truncis

69 2437 401 2496 silvestrium
427 2437 684 2494 arborum
705 2434 1006 2507 praebituri.

141 2530 195 2584 3.
238 2527 414 2586 Filios
445 2527 663 2584 Abrahae
689 2525 769 2584 uel
799 2526 992 2582 diaboli
1027 2527 1152 2598 facit
1192 2526 1322 2597 ﬁdes
1363 2534 1454 2581 aut
1491 2525 1675 2598 inﬁde-

71 2625 208 2682 litas.
239 2653 318 2668 —-
347 2623 463 2682 Tali
498 2623 659 2693 igitur
687 2621 928 2679 Joannes
981 2620 1170 2678 habitu
1209 2621 1532 2692 praedicans,
1580 2636 1675 2678 ve-

79 2720 292 2776 nientes
321 2718 625 2775 Phariszeos
649 2725 704 2773 et
733 2717 1059 2773 Sadducazos
1078 2715 1145 2772 ad
1174 2715 1523 2784 baptismum,
1553 2732 1674 2786 pro.

72 2813 242 2886 genies
270 2817 551 2880 nuncupat
583 2811 917 2882 viperarum:
949 2809 1178 2864 fructum
1215 2819 1270 2864 ut
1303 2808 1520 2878 dignum
1559 2822 1676 2878 pte-

73 2905 318 2962 nitentite
381 2904 580 2960 faciant
626 2914 849 2971 monet,
908 2918 1044 2958 neve
1121 2901 1390 2958 Abraham
1468 2910 1676 2972 patrem

72 2998 274 3054 habere
301 3012 364 3053 se
389 2999 706 3068 glorientur,
747 2997 871 3067 quia
910 3011 980 3052 ex
1014 2994 1278 3066 lapidibus
1303 2995 1446 3052 Deus
1487 3005 1677 3066 potens

72 3104 154 3148 est
219 3092 461 3149 Abrahae
509 3091 651 3148 ﬁlios
693 3091 933 3148 excitare
977 3089 1190 3161 (Matth.
1251 3106 1330 3154 ιιι.
1381 3089 1524 3161 7-9).
1555 3088 1674 3150 Non

1773 1897 1802 1937 a
1835 1882 2068 1952 peccatis
2092 1896 2380 1948 revocare,
2411 1882 2614 1938 Christi
2653 1899 2783 1940 vero
2822 1888 3117 1956 proprium,
3149 1889 3360 1946 salvare

1771 1975 2111 2041 credentes);
2137 1991 2195 2030 se
2223 1975 2441 2046 quidem
2466 1976 2739 2045 baptizare
2766 1979 2819 2033 in
2862 1981 3237 2049 ptenitentiam
3281 1982 3363 2037 di-

1773 2069 1866 2130 cit.
1894 2068 1988 2124 sed
2021 2067 2298 2126 fortiorem
2329 2084 2449 2124 esse
2474 2077 2757 2126 venturum
2776 2112 2791 2138 ,
2834 2071 2989 2142 cuius
3019 2074 3363 2131 ferendorum

1775 2159 1850 2232 (j)
1875 2160 2364 2220 calceamentorum
2393 2161 2466 2216 sit
2507 2160 2758 2234 indignus
2785 2163 2960 2220 ofﬁcio
3006 2165 3168 2238 (Ibid.
3197 2168 3258 2223 ll
3293 2165 3312 2239 )
3347 2187 3361 2223 :

1773 2252 2035 2323 apostolis
2053 2251 2497 2312 circuinferendae
2526 2255 2920 2323 praedicationis
2953 2257 3180 2326 gloriam
3207 2260 3364 2316 dere-

1773 2343 2042 2414 linquens,
2093 2343 2288 2414 quibus
2331 2345 2593 2414 speciosis
2638 2347 2862 2415 pedibus
2912 2364 3096 2418 pacem
3125 2351 3220 2406 Dei
3251 2361 3369 2409 erat

1774 2435 2013 2494 debitum
2041 2436 2290 2492 nuntiare
2313 2436 2466 2509 (Esa.
2500 2453 2594 2505 ut,
2627 2438 2704 2510 7).
2735 2439 2934 2496 Salutis
2963 2441 3126 2510 igitur
3166 2451 3369 2500 nostra

1775 2538 1830 2586 et
1849 2528 2036 2598 judicii
2070 2536 2280 2602 tempus
2310 2530 2555 2600 designat
2598 2531 2652 2587 in
2700 2532 2960 2599 Domino,
2991 2533 3201 2602 dicens,
3251 2534 3358 2591 Ille

1776 2623 2051 2692 baptisabit
2074 2639 2157 2678 vos
2184 2625 2235 2679 in
2264 2623 2469 2694 Spiritu
2498 2635 2674 2682 sancto
2697 2636 2743 2680 et
2764 2626 2870 2698 igni
2892 2642 2912 2682 :
2932 2626 3052 2696 quia
3081 2628 3366 2696 bnptizatil

1779 2715 1833 2772 in
1854 2714 2055 2786 Spiritu
2083 2725 2290 2782 sancto,
2339 2717 2605 2788 reliquum
2633 2719 2702 2775 sit
2742 2721 3107 2776 consummari
3134 2719 3208 2792 (lt)
3242 2721 3367 2791 igne

1772 2808 1980 2880 judicii.
2010 2794 2220 2864 Habetis
2243 2809 2572 2865 ventilabrum
2594 2811 2645 2864 in
2668 2827 2845 2878 manu,
2871 2821 2918 2866 et
2939 2813 3175 2885 purgabit
3197 2829 3367 2870 creant

1779 2917 1946 2966 suam,
1975 2908 2024 2954 et
2044 2900 2367 2971 congregabit
2391 2903 2610 2956 triticum
2630 2919 2783 2957 suum
2809 2905 2862 2958 in
2884 2903 3161 2972 horreum;
3191 2905 3366 2976 paleas

1778 3004 1948 3049 autem
1975 2994 2228 3052 comburet
2260 2994 2370 3066 igni
2413 2994 2814 3067 inexstingut‘bili
2858 2992 3072 3068 (Matth.
3115 3012 3195 3062 ιιι,
3248 2997 3364 3066 12).

1781 3089 2074 3146 Ventilabri
2097 3104 2231 3160 opus
2257 3098 2360 3153 est,
2389 3090 2457 3143 ab
2480 3089 2830 3146 infructuosis
2860 3088 3134 3146 fructuosa
3164 3089 3370 3146 discer-

73 3187 212 3241 enim
243 3187 523 3241 successio
550 3187 728 3242 carnis
758 3186 1049 3256 quaeritur,
1086 3184 1179 3240 sed
1215 3183 1337 3240 fidei
1367 3185 1674 3242 litereditas.
1705 3185 1750 3250 C
1782 3196 1932 3236 uere.
1963 3180 2134 3250 Quod.
2162 3181 2211 3234 in
2243 3195 2402 3236 manu
2442 3180 2655 3235 Domini
2698 3179 2788 3248 sit,
2837 3181 3118 3236 arbitrium
3168 3181 3372 3239 iudicat

73 3279 319 3349 Dignitas
351 3281 512 3349 igitur
531 3280 753 3350 originis
773 3279 828 3335 in
855 3291 1078 3348 operum
1101 3277 1347 3334 consistit
1367 3277 1629 3348 exemplis
1657 3294 1670 3330 :

71 3383 126 3430 et
155 3372 428 3442 prosapiae
455 3373 627 3443 gloria
655 3371 779 3427 ﬁdei
805 3372 1106 3427 imitatione
1136 3371 1416 3428 retinetur.
1448 3370 1522 3442 (f)
1556 3370 1677 3424 Dia-

71 3469 228 3525 bolus
249 3467 509 3533 inﬁdelis,
536 3467 813 3522 Abraham
843 3465 1038 3521 fidelis.
1071 3463 1202 3520 Nam
1235 3465 1326 3520 ille
1356 3463 1406 3520 in
1441 3462 1675 3520 hominis

75 3560 509 3632 transgressione
538 3559 637 3615 fuit
680 3558 938 3629 perfidus,
973 3558 1061 3615 hic
1092 3572 1220 3613 vero
1243 3556 1570 3628 justllicatus
1605 3571 1672 3614 ex

72 3654 176 3709 lide
203 3662 314 3710 est.
347 3655 510 3724 Igitur
535 3653 954 3724 uniuscujusque
985 3663 1169 3710 mores
1207 3662 1370 3721 atque
1405 3653 1513 3709 vita
1545 3665 1674 3721 pro.

73 3748 430 3818 pinquitatem
457 3746 792 3816 cognationis
813 3746 1078 3816 acquirit:
1101 3755 1159 3800 ιιι
1195 3746 1284 3816 qui
1315 3743 1501 3803 fideles
1525 3751 1672 3810 sunt,

72 3840 313 3897 Abrahae
345 3855 582 3912 propago
606 3855 700 3910 per
727 3839 890 3896 ﬁdem
916 3840 1058 3906 sint;
1103 3840 1192 3911 qui
1221 3838 1678 3894 auteminﬁdeles

143 4007 222 4081 (η)
263 4006 351 4061 Ab
379 4004 570 4060 effectu
595 4002 865 4060 confessio
889 4002 977 4056 hic
1005 4000 1362 4071 signiﬁcatur.

140 4097 219 4172 (b)
263 4095 782 4172 Genteshnitniru‘m.
818 4093 980 4172 Unde
1016 4091 1150 4172 infra
1184 4107 1303 4172 cap.
1337 4090 1426 4157 l9,
1473 4106 1528 4172 ιι.
1562 4089 1622 4143 11
1657 4107 1670 4144 :

67 4162 451 4240 1ηῷἓὶηιονάίο
475 4167 610 4240 libri.
637 4167 728 4222 sub
748 4167 928 4220 vestitu
948 4163 1172 4218 Joannis
1191 4205 1206 4232 ,
1255 4162 1310 4217 in
1330 4162 1524 4217 camelo
1547 4177 1674 4235 gena

69 4253 142 4299 tes
165 4238 464 4315 signiﬁcari
494 4238 875 4293 admonuimus.

147 4331 222 4406 (c)
269 4329 436 4406 Editi,
467 4328 997 4406 voluntatiscingulo.
1019 4328 1077 4406 In
1100 4338 1334 4406 quatuor
1350 4329 1678 4406 mss._exsfat

68 4396 435 4469 voluntatis,in
453 4396 969 4470 cxteris,voluntatc;
985 4399 1079 4456 scd
1100 4396 1151 4456 iii
1174 4399 1322 4454 nullo
1337 4414 1437 4454 vox
1450 4396 1676 4471 cingulo.

149 4498 232 4570 (ιι)
283 4496 403 4559 Er.,
429 4497 573 4564 Lips.
607 4503 661 4550 et
692 4495 812 4550 Par.
834 4491 1362 4570 fumus-quibusdam
1392 4506 1410 4544 :
1443 4489 1575 4546 Bad.
1621 4498 1678 4550 et

73 4563 222 4626 mss.
247 4583 446 4638 magno
474 4563 741 4622 eonsensu
769 4563 1184 4635 refragantibus.

1783 3275 2086 3346 potestatis,
2119 3274 2352 3330 triticum
2383 3289 2556 3338 suum,
2593 3274 2858 3343 perfectos
2885 3274 3092 3330 scilicet
3139 3274 3370 3331 credens

1785 3367 1916 3422 tium
1942 3367 2169 3432 fructus,
2208 3365 2416 3421 horreis
2458 3366 2836 3430 recondentis;
2881 3367 3060 3434 paleas
3119 3381 3270 3434 vero,
3306 3367 3371 3439 (Ι)

1782 3459 1834 3517 id
1863 3471 1964 3527 est,
2003 3459 2270 3518 inutilium
2296 3471 2455 3529 atque
2479 3458 2930 3517 infrucniosorum
2955 3460 3229 3519 hominum
3259 3461 3372 3517 ina.

1780 3555 2027 3622 nitatem,
2052 3552 2160 3624 igni
2185 3553 2370 3624 judicii
2399 3554 2814 3614 cencremantis.

1853 3650 1908 3704 5.
1955 3646 2228 3702 Hominem
2271 3648 2640 3721 assumptione,
2689 3664 2849 3716 aquas
2897 3648 3101 3704 lavacro
3147 3647 3381 3721 sancti/3.

1781 3745 1931 3799 cavit.
1963 3773 2034 3782 —
2057 3741 2202 3796 Tunc
2227 3742 2357 3796 uertit
2395 3742 2549 3796 .Icsus
2577 3740 2672 3813 (m)
2701 3759 2730 3794 a
2769 3739 2989 3796 Calilcea
3019 3743 3071 3796 in
3095 3739 3380 3796 Iordanem

1781 3836 1850 3890 ad
1875 3834 2148 3902 Joannem,
2183 3843 2237 3887 ut
2286 3833 2630 3905 baptizaretur
2653 3833 2714 3886 ab
2745 3850 2800 3888 eo
2835 3832 2995 3906 (Ibid.
3054 3833 3142 3907 15)
3171 3851 3185 3902 ;
3215 3843 3271 3890 et
3292 3848 3381 3889 re-

1779 3993 2028 4052 adsimile
2051 4001 2136 4050 est
2158 3991 2309 4059 illud,
2337 4007 2444 4062 quo
2474 3993 2524 4047 in
2557 3993 2688 4060 psal.
2718 4008 2902 4056 exuti,
2936 4011 2990 4048 ιι.
3024 3994 3110 4059 11,
3145 3993 3374 4061 primum

1781 4065 2043 4137 praedicat
2080 4063 2315 4120 adventu
2385 4063 2598 4137 Domini
2630 4067 2989 4137 contractatur
3025 4074 3079 4118 et
3110 4066 3378 4137 _obtritain

1782 4133 1981 4193 diaboli
2033 4143 2389 4204 potestatem;
2445 4149 2508 4188 ac
2555 4133 2750 4188 deinde
2804 4135 3056 4202 subiicit,
3103 4133 3380 4190 Pt'wsentis

1782 4208 2114 4281 subjectionis
2159 4204 2451 4262 conditione
2478 4205 2667 4264 ultioni
2709 4213 2754 4258 et
2783 4221 2946 4275 paena:
2973 4205 3214 4277 legitima:
3241 4220 3380 4277 pra:-

1784 4288 2015 4353 poratur.
2288 4303 2298 4309 -

1857 4368 1924 4441 (i)
1945 4366 2313 4441 (Carnutensis
2340 4366 2510 4422 codex
2540 4381 2662 4441 cum
2689 4364 2842 4441 Colb.
2870 4377 2995 4421 esset
3033 4367 3186 4421 etiam
3213 4368 3378 4438 incf]!-

1787 4433 1916 4496 εαςὺί
1939 4439 2127 4495 Melius
2154 4439 2206 4493 in
2237 4440 2356 4494 aliis
2379 4443 2514 4512 jam.
2552 4433 2782 4512 Rursum
2820 4439 2989 4512 legem
3010 4441 3124 4506 jam
3147 4433 3380 4512 inutilcin

1708 4535 1760 4597 Ι)
1786 4511 2274 4597 otque‘incﬁi‘cacem
2300 4509 2557 4597 praedicat
2584 4509 2819 4597 Hilarius
2858 4511 3168 4597 caluum.
3279 4510 3383 4597 "Vi-

1785 4581 1966 4640 derint
1992 4581 2160 4638 nostri
2190 4582 2446 4651 temporis
2474 4581 2729 4644 haeretici,
2761 4596 2939 4634 annon
2973 4595 3223 4652 magnum
3278 4596 3378 4652 po-

148 4661 226 4732 (e)
272 4660 328 4714 In
352 4659 580 4732 vulgatis
610 4657 1093 4732 acyluribusAmss.
1131 4654 1475 4725 sedc..Magis
1506 4655 1685 4726 placet
1787 4667 1877 4710 nat
1905 4653 2193 4710 discrimen
2216 4650 2356 4707 inter
2380 4653 2641 4722 baptisma
2671 4652 2874 4706 Christi
2901 4660 2956 4705 et
2978 4650 3228 4706 Joannis.

72 4727 362 4788 cum'mss.
391 4727 545 4785 Ctilb.
581 4739 634 4784 et
659 4727 881 4784 Carnut.
915 4728 1036 4798 ﬁde.

148 4826 225 4898 (nr
264 4815 374 4879 lloc
405 4823 722 4898 vocabulum
753 4822 954 4898 alia‘al)
983 4819 1204 4898 Hilario.
1229 4837 1388 4891 quam
1411 4836 1440 4876 a
1465 4821 1682 4878 cieteris

74 4891 360 4959 Pati-ibus,
389 4896 598 4949 ratione
629 4893 1027 4963 pronuntiatum
1051 4891 1241 4959 fuisse,
1275 4909 1396 4948 cum
1427 4908 1535 4950 non
1561 4909 1682 4950 con-

71 4977 184 5024 stet
219 4985 283 5023 cx
320 4982 450 5022 mss.
485 4967 534 5020 in
558 4965 1196 5036 quorumvetustissimis
1233 4964 1415 5034 legere
1455 4976 1535 5021 est
1563 4966 1680 5018 dia-

73 5042 266 5104 bulus;
308 5040 358 5092 in
386 5034 702 5108 quibusdam
730 5034 958 5100 zabulus,
987 5035 1040 5088 in
1085 5035 1219 5108 aliis
1235 5037 1468 5090 diabolus
1497 5053 1514 5102 ;
1579 5037 1682 5092 hoc

77 5106 589 5181 posteriore—modo
618 5114 940 5181 (constanter
971 5106 1316 5181 scribendum
1346 5109 1677 5181 curavimus,

68 5177 198 5238 cum
222 5181 492 5236 interdum
519 5179 783 5245 diabolus,
814 5179 1010 5248 saepius
1038 5177 1250 5232 zabulus
1304 5179 1358 5232 in
1386 5180 1532 5249 prius
1561 5177 1678 5233 rul-

77 5256 221 5326 gatis
252 5253 559 5307 obtinuerit.

146 5344 229 5416 (g)
269 5341 342 5416 Ita
368 5357 479 5416 mis.
501 5341 664 5416 Garri.
696 5337 991 5416 cumgolb.
1019 5338 1089 5393 At
1116 5339 1238 5416 vim,
1269 5354 1378 5416 non
1402 5343 1515 5413 jus,
1541 5355 1680 5411 prae-

71 5409 194 5472 fert
209 5409 324 5470 sola
353 5414 520 5468 editio
551 5413 672 5468 Par.
703 5411 756 5464 In
788 5409 908 5465 aliis
949 5423 1128 5466 autem
1163 5412 1312 5466 libris
1341 5409 1493 5467 deest
1523 5409 1680 5466 testa-

75 5499 163 5559 tur
183 5490 281 5559 jus
309 5483 646 5559 praesentiain
672 5481 874 5559 Christo
899 5482 1183 5559 potestatis.
1218 5481 1337 5538 Mox
1361 5497 1429 5537 ex
1461 5483 1529 5539 iis
1563 5483 1684 5556 qui-

70 5551 203 5614 αλιιῖ
231 5551 329 5625 pro
350 5553 672 5626 signiﬁcans,
707 5551 904 5606 habent
933 5553 1215 5626 signiﬁcat.

1860 4753 1928 4824 (Ι)
1968 4751 2023 4808 In
2057 4750 2287 4819 vulgatis
2321 4749 2405 4803 hic
2434 4749 2684 4820 adjicitur
2711 4766 2770 4824 ac
2806 4749 3186 4824 solvendorum,
3235 4748 3380 4819 quod

1787 4821 1963 4894 neque
1993 4824 2348 4894 habentinss.
2384 4836 2555 4894 neque
2581 4821 3267 4894 postula_t_.\l:_dth:nitextus
3291 4828 3384 4875 aut

1787 4891 1977 4950 Hilarii
2027 4892 2294 4964 expositio
2336 4911 2348 4946 :
2393 4893 2591 4961 quippe
2637 4893 2725 4962 qui
2772 4891 2972 4964 Christi
3014 4892 3379 4964 calceamcuta

1787 4968 1959 5032 ferre,
2003 4961 2387 5034 interpretatur
2433 4961 2661 5034 gloriam
2702 4963 3100 5033 przcdiCationis
3143 4961 3377 5034 circum-

1788 5037 1952 5092 ferre.
1987 5035 2096 5091 Nec
2123 5032 2412 5105 quidquam
2445 5032 2627 5102 habet,
2660 5032 2804 5105 quod
2844 5034 2911 5090 ad
2951 5032 3262 5090 eorumdeiu
3294 5048 3384 5088 su-

1789 5109 2046 5164 lutlonem
2078 5108 2362 5176 pertineat.

1867 5201 1940 5275 (lt)
1963 5199 2120 5270 Quia,
2155 5195 2483 5275 utidocetur
2505 5199 2560 5275 in
2588 5199 2726 5275 psal.
2757 5213 3015 5275 cxvut,_n.
3043 5197 3114 5275 5.:
3143 5196 3240 5275 Est
3265 5215 3382 5265 per-

1789 5269 1955 5346 fectas
1980 5269 2272 5346 cmundatio
2306 5269 2748 5346 ptiritatisfetiam
2787 5281 2900 5340 post
2947 5269 3186 5339 baptismi
3219 5287 3382 5343 aqua:

1785 5342 2080 5415 reposita...
2112 5356 2227 5412 qua:
2242 5342 2433 5414 judicii
2454 5343 2562 5414 igni
2593 5359 2684 5396 nos
2715 5343 2984 5412 decoquat.

1861 5435 1923 5509 (ι)
1963 5435 2080 5492 Non
2134 5442 2311 5509 exstat
2333 5434 2466 5509 illud
2502 5434 2558 5490 id
2582 5443 2655 5489 est
2687 5435 2739 5488 in
2771 5432 3193 5509 mss._Snperius
3237 5432 3381 5500 apud

1789 5503 1943 5573 Badl,
1972 5510 2060 5564 Er.
2086 5517 2140 5562 et
2166 5506 2312 5576 Lips.
2333 5507 2510 5576 legere
2530 5515 2607 5560 est
2637 5503 3032 5567 recondendum,
3060 5504 3176 5576 loco
3203 5519 3382 5576 mon-A-

1792 5582 1993 5644 dentis,‘
2016 5589 2072 5634 et
2094 5573 2669 5638 infra—concremanda,
2693 5590 2792 5644 pro
2814 5574 3178 5626 concremantia
3202 5591 3214 5624 :
3238 5573 3384 5645 quod

158 5648 244 5720 (h)
285 5648 381 5704 Ms.
402 5645 1242 5721 _Beec.‘con[ractione-;quinque
1263 5646 1376 5721 alii,
1399 5648 1692 5721 conﬂagra-
1796 5653 1956 5711 etiam
1991 5653 2043 5705 in
2069 5659 2400 5721 postremam
2415 5646 2717 5721 editionem
2751 5645 2871 5700 Par.
2903 5653 3230 5699 revocatum.

93 5716 238 5780 tione
268 5737 286 5774 :
313 5719 468 5774 male.
489 5718 608 5775 Vult
630 5717 861 5771 Hilarius
881 5716 1145 5788 inﬁdeles,
1165 5717 1290 5772 dum
1305 5718 1416 5788 jam
1439 5716 1698 5773 excidun-

1872 5722 1968 5795 (m)
2008 5717 2172 5789 Editi,
2199 5721 2252 5782 in
2284 5718 2552 5784 Gatiheam
2583 5731 2601 5774 ε
2631 5730 2750 5777 cum
2785 5729 2940 5780 sacro
2973 5724 3119 5777 textu
3146 5717 3388 5795 renitng

97 5806 211 5862 ιυτ,
236 5793 344 5867 igni
365 5805 472 5864 quo
493 5790 544 5846 in
563 5788 766 5864 judicio
785 5786 1192 5863 conflagrabunt
1205 5786 1516 5862 praeparari.
1541 5789 1698 5854 Haud
1796 5786 2102 5861 tibiis'mss.
