3882 6332
227 6115 420 6154 ΑἺ

499 248 607 305 9‘27

501 457 628 516 ideo
645 461 705 516 in
726 460 1345 534 famulatum(b)spiritus
1365 476 1562 530 corpus
1575 470 2099 531 assnmptum,omne

502 551 556 606 in
600 569 660 609 se
699 564 1097 608 sacramentum
1142 564 1342 609 nostra:
1385 554 1575 609 salutis
1603 539 1857 623 explerit.
1910 553 1984 625 (c)
2017 552 2097 609 Ad

501 641 764 732 Jpannem
811 645 972 716 igitur
1010 646 1160 701 venit
1205 661 1270 701 ex
1318 647 1542 702 muliere
1566 655 1744 712 natus,
1776 647 2100 703 constitutus

499 736 604 793 sub
626 738 763 808 lege,
794 746 850 792 et
886 753 981 808 per
1015 737 1249 796 Verbum
1279 740 1357 811 (ά)
1389 755 1518 795 caro
1555 740 1720 811 676
1761 739 1953 795 iactus.
1983 740 2101 811 Ipse

498 830 714 898 quidem
741 831 936 886 lavacri
960 846 1124 903 egens
1147 847 1254 888 non
1279 844 1416 899 erat,
1445 832 1568 902 quia
1593 836 1661 888 de
1683 848 1750 889 eo
1769 832 1969 889 dictum
1993 841 2096 902 est,

502 922 784 978 Peccatum
808 941 908 979 non
939 927 1059 996 fecit
1091 924 1133 998 (1
1172 925 1287 980 Pet.
1323 941 1379 992 tt,
1413 926 1485 980 22
1517 925 1576 997 );
1607 936 1661 982 et
1690 927 1777 980 ubi
1819 935 2098 997 peccatum

499 1032 609 1072 non
635 1027 739 1083 est,
772 1019 1022 1074 remissio
1041 1035 1254 1090 quoque
1285 1019 1358 1090 (e)
1378 1020 1494 1087 eius
1522 1029 1607 1075 est
1651 1020 1850 1074 otiosa.
1881 1019 1986 1075 Sed
2013 1033 2102 1074 as-

497 1118 773 1179 sumptum
800 1110 870 1165 ab
892 1125 959 1167 eo
985 1111 1280 1167 creationis
1309 1122 1511 1167 nostra!
1536 1111 1709 1167 fuerat
1739 1119 1795 1167 et
1829 1127 2025 1183 corpus
2045 1121 2103 1168 et

499 1214 923 1276 nomenzatque
953 1206 1025 1260 ita
1058 1221 1164 1262 non
1190 1206 1280 1260 ille
1325 1206 1706 1262 necessitatem
1766 1205 1953 1263 habuit
1999 1205 2099 1260 ab-

500 1297 706 1364 luendi,
736 1299 831 1354 sed
871 1315 965 1370 per
991 1300 1140 1355 illum
1178 1302 1228 1355 in
1248 1300 1398 1370 aquis
1425 1299 1718 1355 ablutionis
1745 1307 1944 1354 nostra:
1983 1307 2102 1354 erat

500 1391 889 1447 sanctiﬁcanda
915 1394 1180 1463 purgatio.
1218 1393 1460 1462 Denique
1505 1402 1558 1448 et
1610 1408 1639 1446 a
1678 1392 1885 1447 Joanne
1923 1392 2104 1462 bapti-

498 1483 610 1538 zari
643 1483 994 1553 prohibetur,
1039 1496 1100 1540 ut
1125 1485 1267 1540 Deus
1305 1485 1520 1556 (Matth.
1549 1499 1628 1549 nt,
1674 1483 1764 1556 14)
1792 1502 1805 1538 :
1829 1493 1886 1539 et
1923 1485 1993 1538 ita
2047 1485 2100 1537 in

500 1591 562 1631 se
589 1575 704 1632 ﬁeri
747 1587 1022 1648 oportere,
1071 1587 1130 1632 ut
1172 1578 1335 1633 homo
1381 1577 1574 1634 edocet
1619 1576 1782 1650 (Ibid.
1815 1576 1927 1650 l5).
1969 1577 2103 1632 Erat

499 1671 646 1725 enim
685 1686 784 1748 per
828 1687 950 1728 eum
994 1672 1171 1728 omnis
1213 1673 1484 1742 implenda
1533 1672 1771 1742 iustitia,
1807 1688 1901 1742 per
1937 1687 2098 1742 quem

1681 248 1926 307 SANCTI
1975 249 2236 307 lllLAIlll
2280 251 2582 311 EPISCOPI

501 365 669 437 liqua.
699 363 831 423 E'rat
871 367 925 423 in
956 361 1174 423 Christo
1216 366 1342 423 Iesu
1390 365 1554 422 homo
1601 365 1680 438 (a)
1711 373 1886 432 totus;
1936 374 2097 436 atque
2125 369 2176 427 Α

3675 265 3766 323 99.8

2816 371 3045 430 CAPUT
3095 372 3183 429 Ill.

2201 455 2282 514 De
2314 468 2562 516 tentatore
2602 462 2824 529 diabolo,
2873 475 2922 519 et
2963 465 3028 519 de
3067 465 3268 536 jejunio
3304 466 3432 520 Iesu
3458 467 3765 542 quadraginta

2390 553 2588 623 diebus,
2617 557 2681 612 de
2715 557 2873 613 Petro
2921 569 2969 613 et
3008 559 3236 613 Andraza
3265 561 3611 630 piscatoribus.

2275 648 2325 702 1.
2359 648 2501 704 Tunc
2533 649 2686 706 Iesus
2713 651 2897 706 ductus
2915 663 2987 708 est
3013 653 3071 707 in
3114 655 3375 708 desertum
3409 655 3472 707 ab
3499 655 3701 726 Spiritu,
3721 671 3764 714 ιι

2201 748 2535 798 tentaretura
2581 745 2826 816 diabolo(
2858 745 3046 801 Matth.
3092 763 3167 812 tv,
3201 748 3225 801 1
3260 746 3304 818 ),
3355 757 3410 802 et
3455 749 3670 818 reliqua.
3713 751 3763 808 Et

2202 833 2256 888 in
2284 835 2555 890 desertum
2587 839 2875 906 traductio,
2906 850 2960 893 et
3007 840 3366 911 quadraginta
3413 841 3614 896 dierum
3647 843 3762 914 jeju.

2204 929 2374 995 nium,
2404 939 2454 984 et
2478 939 2598 1000 post
2621 930 2884 1001 jejunium
2937 931 3126 998 fames,
3160 943 3216 988 ct
3269 943 3476 988 satana:
3531 938 3761 1004 tentatio,

2201 1030 2256 1076 et
2304 1024 2585 1090 responsio
2646 1025 2896 1091 Domini,
2955 1028 3132 1096 magni
3182 1027 3539 1099 cmicstisque
3585 1031 3760 1086 consilii

2202 1113 2481 1170 effectibus
2509 1116 2660 1184 plena
2685 1117 2845 1190 677
2873 1127 3017 1173 sunt.
3068 1119 3198 1174 Nam
3249 1119 3397 1190 quod
3441 1119 3498 1174 in
3526 1120 3759 1179 desertum

2201 1205 2391 1262 ductus
2422 1218 2524 1275 est,
2572 1210 2902 1280 signiﬁcatur
2951 1213 3168 1267 libertas
3201 1213 3278 1284 (g)
3324 1214 3561 1283 Spiritus
3604 1219 3758 1283 sancti,

2205 1301 2474 1357 hominem
2495 1318 2649 1358 suum
2669 1305 2780 1374 jam
2807 1306 3024 1362 diabolo
3041 1307 3347 1374 offerentis,
3368 1318 3422 1362 et
3445 1311 3758 1378 permittentis

2206 1396 2444 1451 tentandi
2470 1406 2524 1451 et
2548 1398 2857 1452 assumendi
2909 1402 3273 1467 occasionem,
3322 1416 3490 1471 quam
3545 1416 3645 1456 non
3684 1404 3759 1458 nisi

2205 1487 2382 1542 datam
2414 1499 2650 1544 tentatur
2679 1490 2976 1545 habuisset.
3012 1491 3142 1546 Erat
3181 1491 3350 1561 igitur
3379 1492 3434 1546 in
3484 1492 3684 1547 diabolo
3713 1494 3760 1549 de

2205 1589 2350 1636 metu
2397 1582 2655 1652 suspicio,
2688 1598 2793 1637 non
2825 1583 2892 1638 de
2922 1584 3230 1654 suspicione
3277 1586 3522 1655 cognitio
3551 1604 3562 1638 :
3615 1601 3760 1641 more-

2205 1672 2361 1728 batttr
2433 1673 2576 1728 enim
2631 1673 2978 1745 quadraginta
3031 1675 3241 1730 dierum
3302 1675 3539 1746 jejunio.
3595 1676 3766 1732 Sciebat

502 1763 678 1819 solum
720 1764 807 1820 lex
857 1773 1070 1835 poterat
1112 1765 1344 1836 impleri.
1389 1767 1562 1836 Atque
1603 1766 1675 1819 ita
1724 1774 1780 1820 et
1820 1765 2103 1836 propheta:
2135 1765 2183 1825 B
2209 1764 2430 1819 totidem
2462 1765 2652 1820 diebus
2679 1782 2844 1837 aquas
2866 1765 2949 1838 (h)
2973 1767 3150 1838 abyssi
3167 1767 3373 1823 effusas
3395 1766 3550 1838 (Gen.
3577 1771 3764 1839 nuli),

506 1855 816 1911 testimonio
839 1857 1054 1912 lavacro
1084 1872 1189 1913 non
1221 1867 1362 1929 eget,
1396 1867 1451 1913 et
1481 1858 1717 1928 exempli
1747 1859 1828 1913 sui
1863 1858 2105 1914 auctori-

509 1957 620 2005 tate
650 1950 898 2006 humanae
920 1951 1126 2007 salutis’
1147 1963 1486 2008 sacramenta
1519 1961 1888 2017 consummat,
1934 1951 2110 2008 homi-

513 2056 635 2098 nem
663 2052 719 2098 ct
745 2045 1114 2115 assumptione
1140 2046 1485 2101 sattctiticans
1505 2057 1556 2102 et
1583 2046 1814 2102 lavacro.

588 2135 644 2190 6.
697 2134 952 2207 Boptismi
1014 2139 1176 2194 nostri
1223 2138 1433 2207 effectus
1490 2141 1544 2194 in
1593 2139 1787 2194 Christi
1861 2140 2110 2212 baptismo

514 2227 824 2283 adumbrati.
849 2228 1080 2286 —Ortlo
1109 2232 1268 2286 etiam
1307 2232 1361 2286 in
1394 2247 1460 2288 eo
1507 2233 1687 2287 arcani
1731 2232 1968 2288 caelestis
2016 2247 2112 2288 ex-

517 2321 787 2391 primitur.
818 2321 951 2377 Nam
982 2323 1251 2394 baptizato
1277 2339 1364 2391 eo,
1408 2327 1662 2382 reseratis
1688 2327 1949 2382 ctelorum
1988 2325 2111 2381 adi-

515 2415 680 2482 tibus,
714 2416 946 2488 Spiritus
977 2426 1194 2476 sanctus
1219 2421 1504 2487 emittitur,
1534 2429 1589 2476 et
1625 2421 1805 2491 specie
1847 2421 2112 2478 columba

513 2507 742 2564 visibilis
769 2513 1098 2582 agnoscitur,
1133 2523 1187 2569 et
1214 2513 1369 2570 istius
1411 2514 1555 2570 modi
1610 2524 1849 2585 paternae
1903 2516 2114 2586 pietatis

513 2603 769 2660 unctione
815 2604 1173 2674 perfunditur.
1209 2606 1324 2663 Vox
1371 2607 1566 2664 deinde
1611 2607 1680 2664 de
1726 2609 1878 2664 eualis
1925 2609 1994 2662 ita
2033 2607 2113 2662 lo-

514 2696 699 2765 quitur
737 2713 749 2750 :
796 2695 864 2768 (f)
910 2696 1083 2754 Filius
1138 2716 1278 2755 meus
1321 2717 1372 2755 es
1417 2711 1470 2754 tu
1497 2743 1510 2767 ,
1557 2717 1653 2774 ego
1699 2701 1850 2755 hodie
1890 2701 2043 2775 genui
2067 2709 2116 2755 te

518 2787 701 2860 (Ibid.
757 2790 820 2842 l7
847 2789 888 2861 ).
921 2789 1091 2847 Filius
1133 2793 1224 2847 Dei
1265 2792 1447 2848 auditu
1489 2802 1888 2864 conspectuque
1927 2809 2114 2849 mons-

520 2887 720 2946 tratur,
747 2881 995 2952 plebique
1022 2883 1202 2939 inﬁda:
1230 2895 1285 2940 et
1325 2885 1603 2956 prophetis
1646 2885 1977 2941 inobedieuti
2009 2894 2117 2940 tes-

522 2977 806 3032 timonium
837 2979 906 3033 de
930 2979 1155 3035 Domino
1181 2997 1278 3036 suo
1309 2983 1537 3050 mittitur
1558 2991 1612 3037 et
1640 2982 2116 3053 contemplationis

522 3078 579 3125 et
625 3072 811 3125 vocis:
841 3087 905 3126 ac
932 3072 1089 3126 simul
1117 3082 1177 3128 ut
1219 3089 1286 3130 ex
1330 3074 1410 3130 eis
1447 3091 1566 3144 quae
1605 3075 2119 3130 consummabatttur

2209 1857 2541 1927 exploratam
2583 1858 3018 1926 repromissionis
3072 1867 3298 1923 terram,
3346 1859 3519 1931 Moysi
3562 1860 3715 1930 legem
3745 1875 3766 1914 ι

2209 1948 2318 2003 Deo
2349 1948 2626 2019 scriptam,
2666 1964 2930 2004 annorum
2987 1965 3237 2021 quoque,
3287 1951 3494 2022 quibus
3555 1952 3693 2021 plebs
3730 1957 3765 2006 in

2209 2057 2394 2098 eremo
2426 2043 2528 2096 vita
2573 2043 2887 2113 angelorum
2920 2043 3212 2113 habituque
3251 2045 3481 2110 mansit,
3528 2043 3662 2098 hunc
3698 2060 3768 2098 a-

2211 2151 2422 2191 merum
2450 2136 2614 2191 fuisse
2640 2137 2938 2206 expletum.
2969 2136 3136 2208 Igitur
3167 2138 3329 2192 istius
3360 2139 3621 2207 temporis
3643 2146 3769 2202 uti,

2213 2227 2265 2281 in
2296 2227 2554 2282 tentando
2579 2241 2668 2292 eo,
2714 2243 2873 2294 quem
2917 2229 3192 2283 hominem
3224 2228 3608 2291 contuebatur,
3635 2243 3771 2296 sump-

2212 2324 2280 2378 sit
2305 2325 2687 2378 temeritatem.
2713 2322 2883 2378 Adam
2913 2323 3054 2376 enim
3081 2323 3404 2391 pellexerat,
3427 2331 3485 2376 et
3505 2323 3558 2376 in
3588 2331 3769 2376 mortem

2212 2413 2448 2472 fallendo
2478 2415 2809 2470 traduxerat.
2861 2413 2969 2470 Sed
3002 2415 3071 2469 ita
3100 2415 3326 2485 dignum
3358 2415 3597 2485 nequitia
3618 2415 3711 2484 eius
3730 2425 3769 2468 et

2214 2508 2423 2564 scelere
2465 2516 2602 2571 erat,
2638 2517 2696 2562 ut
2726 2509 2778 2561 in
2809 2523 2894 2572 eo,
2924 2508 3080 2576 cujus
3121 2516 3298 2562 morte
3323 2520 3378 2562 et
3423 2507 3768 2562 calamitatibus

2214 2600 2544 2672 gloriabatur
2585 2601 2800 2656 homine
2823 2602 3169 2666 vinceretur;
3201 2610 3257 2654 et
3284 2600 3376 2670 qui
3428 2599 3526 2656 Dei
3559 2599 3767 2655 beneficis

2217 2694 2422 2748 homini
2468 2692 2770 2759 invidisset,
2817 2703 2941 2748 ante
2980 2692 3338 2747 tentationem
3384 2692 3556 2748 Deum
3611 2692 3660 2746 in
3703 2690 3770 2744 bo-

2215 2788 2362 2842 mine
2397 2787 2696 2858 intelligere
2745 2801 2851 2841 nou
2905 2795 3107 2855 posset.
3147 2783 3419 2841 Tentatur
3450 2786 3610 2857 igitur
3631 2785 3770 2840 statim

2221 2889 2341 2950 post
2384 2878 2703 2948 baptismum
2737 2877 3016 2943 Dominus,
3077 2877 3380 2932 lentalione
3425 2891 3522 2932 sua
3578 2875 3770 2931 indicas

2220 2975 2274 3030 in
2333 2974 2681 3030 sanctiﬁcatis
2743 2971 2900 3026 nobis
2943 2971 3176 3026 maxime
3236 2970 3440 3026 diaboli
3490 2979 3768 3026 tentatum

2221 3068 2452 3139 grassari
2502 3084 2514 3119 :
2569 3067 2692 3136 quia
2739 3064 2962 3120 victoria
3016 3063 3067 3119 ei
3113 3071 3198 3119 est
3240 3063 3416 3134 magis
3456 3071 3690 3132 exoptata
3723 3061 3770 3114 de

519 3161 573 3217 itt
619 3162 835 3218 Christo
879 3179 1347 3236 cognosceremus,
1384 3176 1511 3236 post
1541 3175 1705 3238 aquae‘
1735 3167 2030 3233 lavacrum,
2063 3178 2116 3224 et
2144 3151 2188 3213 C
2220 3164 2444 3218 sanctis.

524 3257 592 3312 de
626 3257 938 3313 coelestibus
970 3258 1137 3328 portis
1166 3269 1411 3315 sanctum
1445 3258 1499 3314 in
1531 3275 1628 3315 nos
1655 3259 1912 3331 Spiritum
1960 3259 2114 3315 invo-

525 3350 660 3415 lare,
713 3359 768 3406 et
806 3352 1040 3408 caelestis
1082 3368 1178 3407 nos
1233 3353 1417 3424 gloria:
1469 3355 1718 3408 unctione
1766 3353 2116 3426 perlundi,et

519 3453 760 3516 paterna:
780 3445 926 3502 vocis
953 3446 1240 3517 ad0ptione
1284 3447 1378 3502 Dei
1409 3446 1551 3502 ﬁlios
1579 3446 1728 3512 ﬁeri;
1762 3462 1884 3502 cum
1915 3447 1986 3501 ita
2005 3446 2116 3500 dis-

526 3537 682 3606 positi
731 3538 784 3592 in
835 3555 933 3593 nos
977 3542 1301 3595 sacramenti
1343 3541 1632 3612 imaginem
1659 3541 1790 3612 ipsis
1819 3556 1997 3596 rerum
2037 3540 2116 3595 el-

519 3627 750 3682 fectibns
791 3630 987 3684 veritas
1039 3631 1484 3702 prailiguraverit.

595 3897 667 3970 (a)
707 3896 762 3953 Id
791 3908 896 3967 est,
927 3899 1091 3955 omnis
1112 3898 1280 3954 homo.
1312 3899 1460 3954 llunc
1487 3899 1662 3954 locum
1693 3897 1966 3954 illustrant
1995 3898 2111 3956 haec

523 3979 679 4026 tract.
713 3971 846 4040 psal.
884 3987 997 4035 xm,
1028 3989 1080 4025 n.
1103 3971 1135 4025 4
1169 3990 1180 4024 :
1217 3970 1351 4038 Quia
1378 3988 1478 4025 non
1524 3972 1621 4024 nisi
1662 3987 1726 4024 ex
1767 3973 2112 4043 assumptione

518 4045 688 4097 carnis
708 4051 895 4097 nostra:
911 4044 964 4097 hi
989 4043 1151 4096 morbi
1180 4053 1342 4096 essent
1370 4043 1530 4096 nostri
1558 4043 1790 4111 corporis
1817 4043 2106 4113 auferendi,

517 4131 584 4169 ea:
608 4117 956 4186 assumptione
994 4115 1164 4169 carnis
1194 4113 1479 4185 salutifera:
1518 4116 1679 4186 omnis
1710 4112 1898 4186 (caro)
1917 4115 1968 4167 in
2000 4113 2112 4186 Do-

519 4186 659 4238 mino
686 4183 916 4249 est,'etc.
951 4203 1158 4240 necnon
1201 4186 1288 4240 illa
1334 4183 1371 4240 1⁷.
1405 4201 1461 4251 ιι,
1491 4185 1557 4238 de
1583 4183 1732 4240 Trin.
1765 4202 1817 4240 n.
1845 4185 1918 4239 Ἦ
1947 4203 1959 4238 :
1995 4183 2114 4238 Non

519 4256 609 4329 ille
638 4258 772 4328 eguit
805 4261 954 4329 homo
983 4258 1178 4329 rﬁici...
1210 4259 1299 4311 sed
1329 4273 1420 4329 nos
1461 4257 1691 4329 eguimus
1725 4267 1779 4310 ut
1827 4255 1965 4310 Deus
1990 4273 2110 4329 caro

525 4327 689 4399 ﬁeret,
723 4338 768 4380 et
799 4327 1044 4383 habitaret
1075 4331 1126 4383 in
1157 4329 1320 4393 nobis,
1353 4327 1408 4380 id
1444 4327 1537 4388 est,
1571 4329 1916 4399 assumptione
1940 4328 2110 4381 carnis

524 4398 678 4450 unius
704 4401 901 4452 interna
922 4401 1173 4455 universte
1199 4400 1367 4454 carnis
1392 4400 1634 4454 incoleret
1664 4413 1681 4452 :
1710 4398 1777 4453 ad
1821 4400 1922 4453 hoc
1961 4399 2110 4452 scili-

525 4477 633 4532 cet,
667 4479 722 4520 ut
769 4471 1138 4542 sanctiﬁcatum
1187 4473 1240 4525 in
1284 4488 1339 4524 eo
1386 4471 1606 4542 uniuersi
1663 4470 1858 4542 generis
1899 4469 2111 4542 humani

524 4554 712 4606 corpus
757 4539 1010 4610 existeret,
1043 4551 1100 4596 ut
1142 4543 1334 4596 ibidem
1373 4539 1696 4609 explicatur,
1729 4559 1780 4595 ιι.
1814 4539 1905 4594 24.
1955 4540 2113 4604 Hinc,-

2287 3254 2342 3308 2.
2376 3250 2423 3304 F
2427 3268 2564 3306 antes
2594 3249 2785 3305 Christi
2828 3247 3227 3318 qualis.—Non
3282 3247 3469 3302 cibum
3515 3246 3667 3301 etiam
3703 3243 3768 3297 ho-

2217 3347 2420 3402 minum
2451 3345 2659 3411 esuriit,
2682 3342 2777 3399 sed
2805 3343 3035 3397 salutem
3076 3359 3088 3394 :
3137 3356 3260 3394 nam
3310 3347 3437 3410 post
3463 3336 3767 3408 quadraginta

2216 3440 2354 3508 dies,
2389 3454 2492 3494 non
2518 3440 2569 3494 in
2598 3437 2952 3509 quadraginta
2979 3435 3170 3490 diebus
3190 3435 3380 3490 esuriit
3406 3432 3620 3504 (Matth.
3640 3430 3763 3499 mil.

2223 3535 2404 3607 Moyse
2429 3543 2484 3589 et
2515 3534 2627 3589 Elia
2658 3532 2924 3587 itt'eodem
2949 3529 3140 3601 jejunii
3169 3537 3420 3600 tempore
3448 3543 3555 3583 non
3576 3525 3766 3580 esuria-

2225 3627 2387 3682 tibus.
2424 3627 2589 3696 Igitur
2613 3641 2735 3681 cum
2764 3624 2957 3680 esuriit
3007 3622 3288 3688 Dominus,
3327 3636 3441 3676 non
3469 3620 3650 3676 inedia
3673 3618 3766 3672 sab-

2225 3719 2394 3790 rcpsit
2440 3717 2683 3790 operatio
2741 3734 2752 3769 :
2815 3716 2880 3788 (i)
2931 3714 3026 3770 sed
3069 3713 3241 3769 virtus
3293 3712 3411 3780 illa,
3471 3711 3761 3784 quadraginta

2219 3899 2353 3953 tione
2384 3897 2689 3967 famulante.
2717 3905 2767 3950 et
2791 3912 2906 3960 sua,
2935 3895 3031 3950 Dei
3069 3894 3324 3960 videlicet,
3370 3890 3686 3947 inumbrant:
3703 3892 3769 3943 rit-

2220 3981 2343 4037 tute,
2376 3970 2606 4038 corporis
2635 3970 2732 4021 sibi
2761 3969 2909 4022 initia
2939 3968 3182 4020 conserit.

2294 4033 2366 4111 (ε)
2403 4033 2688 4094 1ηὶ1ιιοὺιις
2715 4054 2845 4093 mss.
2875 4040 2954 4111 ei.
2972 4039 3093 4092 Mox
3121 4036 3248 4108 quid
3273 4035 3379 4092 sibi
3411 4038 3523 4092 vult
3551 4033 3768 4111 craticiis

2220 4107 2428 4173 nostrae,
2457 4113 2556 4166 nisi
2584 4111 2762 4165 carnis
2795 4111 2847 4164 in
2880 4110 3048 4164 Adam
3082 4107 3315 4176 primum
3348 4117 3548 4162 create
3577 4118 3629 4162 et
3652 4107 3767 4160 abeo

2220 4184 2285 4236 ad
2321 4200 2418 4237 nos
2445 4198 2610 4250 usque
2654 4190 2960 4251 propagatae
2986 4180 3009 4232 ?
3034 4180 3289 4234 Pluribus
3334 4179 3640 4251 hujusmodi
3679 4176 3768 4230 lolii

2221 4249 2564 4316 refelluntur,
2597 4249 2685 4320 qui
2715 4249 2972 4306 Hilarium
3028 4251 3264 4306 sensisse
3319 4253 3512 4306 volunt
3548 4249 3768 4305 Christum

2218 4341 2286 4380 ex
2328 4326 2487 4379 Maria
2529 4324 2659 4378 nihil
2688 4324 2980 4393 accepisse.

2294 4397 2362 4470 (f)
2392 4396 2468 4470 Ita
2502 4396 2642 4451 hunc
2670 4392 2844 4449 locum
2875 4393 3598 4470 etiarnaiustinomartyre
3620 4392 3768 4470 lectam

2219 4463 2382 4524 fuisse
2407 4469 2747 4522 observatum
2778 4474 2862 4520 est
2885 4466 2990 4520 col.
3021 4464 3126 4519 278
3147 4506 3161 4530 ,
3197 4474 3310 4519 not.
3338 4467 3376 4532 i,
3405 4463 3565 4535 quam
3593 4463 3763 4518 vide-sis.

2293 4539 2368 4611 (g)
2405 4539 2459 4593 ld
2487 4549 2591 4611 est,
2619 4539 2814 4593 divinze
2865 4537 3025 4611 Verbi
3088 4539 3547 4611 natttrm,__cn_jus
3603 4537 3770 4590 libertas

531 4605 687 4674 infra,
715 4626 764 4664 c.
811 4624 864 4675 It,
897 4628 950 4665 η.
985 4605 1074 4680 12,
1106 4613 1302 4668 Christi
1350 4605 1478 4668 caro
1520 4605 1709 4666 civitas
1754 4621 2115 4681 nuncupatur,
2147 4617 2200 4675 D
2225 4605 2358 4665 ideo
2384 4609 2777 4673 consideratur,
2807 4625 2874 4664 ue
2900 4609 3020 4678 quis
3041 4608 3314 4662 existimet
3330 4605 3609 4681 Christum
3635 4617 3770 4681 nega;

529 4683 652 4749 quia
679 4681 734 4734 in
754 4698 832 4748 eo,
858 4699 946 4749 per
968 4695 1204 4738 naturam
1226 4685 1448 4754 suscepti
1469 4685 1719 4753 corporis,
1742 4682 1976 4754 quadam
2001 4683 2116 4736 uni-

533 4754 659 4829 t'ersi
686 4755 884 4829 generis
902 4755 1124 4829 humani
1153 4752 1475 4829 congregatio
1517 4752 1830 4829 cantinetur.
1881 4752 1994 4809 Hoc
2015 4769 2116 4829 po-

532 4824 636 4877 sito
663 4824 972 4896 .r’principio,
1024 4824 1267 4896 sequitur
1307 4824 1453 4882 recte
1498 4827 1564 4880 de
1610 4824 1829 4881 Christo
1875 4826 2118 4896 quaedam

535 4895 835 4965 praedicari,
867 4912 986 4966 qua:
1014 4895 1118 4952 neti
1150 4899 1472 4953 conveniant
1499 4898 1598 4953 nisi
1629 4897 1808 4952 nobis.

604 4989 677 5058 (b)
720 4986 774 5042 Iul
801 4995 906 5052 est,
933 4987 1094 5044 Verbi
1127 5007 1137 5042 :
1164 4990 1314 5058 cujus
1337 4990 1387 5044 in
1413 4989 1724 5044 famulatum
1747 5005 1944 5059 corpus
1967 5006 2120 5046 assu-

536 5059 884 5131 mitur,dum
931 5076 1025 5131 per
1052 5061 1484 5129 conjtmctionem
1517 5076 1667 5115 suam
1699 5062 1770 5116 ita
1812 5064 1858 5115 ei
1909 5062 2115 5128 subest,

538 5143 598 5184 ut.
628 5130 881 5199 quidquid
915 5130 1055 5202 agit,
1104 5131 1263 5185 Verbi
1309 5147 1551 5199 personae
1598 5134 1941 5188 attribuatur.
1977 5135 2124 5188 Haud

539 5203 761 5256 multum
797 5206 955 5273 igitur
982 5202 1162 5258 differt
1188 5218 1382 5271 corpus
1405 5204 1456 5255 in
1487 5204 1791 5271 famulatum
1811 5205 2020 5272 spiritus
2043 5219 2130 5260 as-

539 5276 786 5346 sumitet
832 5276 881 5328 in
921 5276 1097 5330 Verbo
1125 5273 1453 5338 subsistere,
1485 5290 1580 5330 seu
1627 5277 1681 5331 in
1714 5278 1970 5332 unitatem
2011 5293 2128 5346 per-

537 5359 688 5399 sonte
718 5345 874 5401 Verbi
902 5348 1124 5402 assumi.

624 5415 690 5488 (ο)
731 5416 788 5473 In
820 5419 1058 5488 pluribus
1085 5434 1214 5474 mss.
1247 5416 1316 5470 ad
1334 5415 1638 5472 Iordanem.

641 5447 666 5470 ιι
731 5447 788 5473 ιιι
821 5447 1058 5488 μιυιέιυυδ
1085 5447 1214 5474 mea.
1247 5447 1314 5470 αα
1334 5447 1638 5472 θυιιηιηωη.

618 5447 697 5558 ὶάό
739 5490 856 5545 Non
887 5508 981 5558 per
1001 5492 1198 5546 virum.
1228 5488 1346 5545 Iam
1369 5492 1511 5543 enim
1537 5490 1878 5546 observatum
1906 5501 1990 5546 est
2022 5490 2136 5546 hare

547 5562 738 5636 Angeli
761 5563 824 5617 ad
850 5563 1091 5636 Mariam,
1123 5563 1351 5636 Spiritus
1384 5571 1597 5636 sanctus
1625 5565 1938 5630 superveniet
1986 5564 2037 5636 in
2065 5571 2134 5636 te,

554 5633 622 5688 de
654 5635 882 5701 ipsumet
925 5635 1098 5690 Verbo
1128 5633 1267 5689 dicta
1313 5633 1571 5690 Hilarium
1600 5636 1947 5691 intellexisse.
1982 5633 2138 5690 Unde

552 5705 644 5778 lib.
678 5721 736 5765 tt.
769 5707 836 5758 de
863 5706 1038 5771 Trin.,
1068 5724 1120 5761 η.
1151 5706 1256 5761 ἓιε
1288 5705 1456 5762 Filius
1488 5706 1602 5774 Dei,
1650 5709 1858 5778 inquit,
1901 5718 2048 5761 natus
2075 5722 2138 5760 ea:

550 5773 763 5847 Virgine
809 5787 881 5831 est
909 5785 953 5832 et
982 5778 1182 5847 Spiritu
1213 5791 1412 5845 sancto,
1453 5778 1564 5852 ipso
1590 5773 1692 5834 sibi
1725 5773 1791 5832 in
1833 5778 1926 5832 hac
1953 5794 2138 5848 apera-

2229 4683 2386 4737 silate
2416 4691 2472 4737 et
2501 4698 2604 4734 non
2637 4672 2829 4750 sponte
2860 4672 3020 4735 fuisse
3053 4687 3316 4750 tentatum
3343 4694 3358 4741 ;
3386 4688 3553 4747 atque
3583 4678 3647 4750 ita
3676 4672 3772 4748 niihil

2229 4752 2430 4808 habere
2481 4769 2640 4822 supra
2669 4748 2992 4817 hominem,
3034 4749 3118 4803 cui
3161 4753 3387 4822 tentatio
3443 4748 3771 4822 obvenit_,__e§z

2227 4840 2333 4879 non
2365 4817 2564 4889 vineit;
2585 4824 2701 4878 sine
2731 4824 2897 4894 ipsius
2947 4824 3236 4874 voluntate.
3286 4819 3408 4875 Mox
3439 4824 3490 4874 in
3524 4834 3624 4874 ms.
3646 4817 3768 4872 Mich.

2223 4911 2377 4967 quam
2407 4895 2504 4967 nisi
2529 4896 2724 4960 datam,
2749 4896 2949 4967 omisso
2973 4910 3111 4967 non:
3359 4900 3364 4902 '

2296 4965 2374 5037 (h)
2405 4965 2592 5021 Plures
2639 4981 2769 5020 mss.
2815 4964 3009 5035 abyssis
3037 4962 3245 5027 effusas.

2301 5060 2364 5132 (i)
2413 5061 2468 5114 ltt
2501 5075 2607 5114 uno
2652 5073 2754 5114 ms.
2804 5058 2957 5132 εφη).
3013 5059 3102 5132 sed
3159 5058 3293 5132 uelut
3341 5058 3442 5132 illo
3479 5056 3772 5132 quadraginta

2230 5125 2428 5186 dierum
2458 5149 2563 5185 non
2595 5140 2767 5203 inlotus
2789 5131 3012 5203 jejunio.
3065 5129 3121 5184 In
3157 5129 3318 5203 Rom.
3353 5131 3444 5182 sed
3491 5129 3625 5203 nebat
3646 5125 3771 5203 illis,

2233 5213 2340 5259 etc.
2381 5214 2439 5258 ut
2489 5204 2540 5255 in
2569 5202 2722 5256 Coll).
2757 5198 2810 5254 In
2841 5198 3074 5270 quinque
3126 5200 3268 5264 aliis,
3301 5211 3356 5253 ut
3385 5199 3528 5269 apud
3559 5198 3676 5272 Bad.
3710 5199 3772 5248 sed
3852 5211 3853 5272 χ

2235 5275 2404 5330 uultus
2441 5274 2534 5328 illa
2563 5273 2902 5345 quadraginta
2948 5273 3146 5325 dierum
3198 5288 3301 5345 non
3348 5281 3500 5326 motte
3544 5270 3661 5340 (rei
3704 5284 3773 5317 sea

2237 5347 2422 5417 mota)
2463 5341 2684 5416 jejunio.
2731 5341 2963 5417 (lumine
2991 5341 3270 5417 rctine_nda
3307 5352 3397 5417 est
3445 5345 3772 5417 incompositi

2240 5409 2576 5487 prmferiinus
2601 5430 2721 5487 cum
2748 5415 2868 5479 Er.,
2894 5413 3041 5487 Lips.
3070 5424 3125 5469 et
3151 5413 3274 5487 Par.
3306 5414 3496 5487 Paucis
3525 5412 3688 5467 verbis
3715 5409 3771 5460 hi:

2239 5483 2476 5546 insinuat
2532 5486 2762 5541 llilarius
2836 5483 3120 5556 quamdam
3172 5486 3222 5538 in
3293 5483 3509 5556 Christo
3576 5489 3768 5556 naturae:

2236 5561 2426 5624 fuisse,
2476 5575 2596 5630 quze
2637 5575 2703 5613 ex
2735 5572 2792 5612 se
2831 5552 3113 5630 esuritioni
3148 5557 3377 5610 obnoxia
3435 5555 3645 5630 minime
3687 5552 3765 5604 lit-:-

2239 5633 2330 5705 rit,
2358 5627 2584 5702 quaeque
2611 5638 2868 5705 praestare
2894 5629 3142 5705 potuerit
3191 5635 3250 5681 ut
3291 5641 3392 5705 nec
3436 5627 3654 5705 humana
3679 5637 3768 5705 esa-

2237 5698 2391 5772 riret,
2423 5718 2485 5757 ac
2500 5698 2740 5773 'proittde
2763 5701 2996 5757 esuriem
3045 5700 3098 5756 ei
3146 5715 3266 5773 non
3293 5698 3601 5773 Obrepsisse
3621 5698 3760 5773 inrito.

2240 5775 2332 5831 sed
2379 5765 2530 5831 'cum'
2580 5772 2749 5828 voluit
2811 5779 3016 5826 natum
3089 5786 3202 5826 sum
3257 5765 3521 5826 hominem
3571 5765 3756 5825 dere’éiﬂ‘
