3882 6332
59 343 158 400 929

950 333 1486 393 COMMENTARIUS
1527 335 1590 392 IN
1629 335 2053 393 MATTHJEUM.
2098 338 2248 394 CAP.
2291 338 2382 395 lll.

3230 345 3336 402 930

52 460 255 514 dierum
286 467 389 510 non
418 461 564 509 mota
587 451 815 524 jejunio,
849 460 1057 508 natum
1084 467 1195 508 suae
1227 452 1501 508 hominem
1531 451 1629 507 dc-
1657 456 1708 514 Α
1736 453 1827 507 bat
1871 453 2087 524 quidem
2117 465 2172 509 et
2222 453 2519 510 ministeria
2559 455 2876 528 angelorum
2923 464 3170 528 prompta
3211 474 3334 515 esse

50 550 278 620 reliquit.
311 546 428 603 Non
459 547 603 602 enim
653 555 768 601 erat
795 560 824 600 a
857 545 968 600 Deo
995 545 1263 610 diabolus,
1289 544 1383 599 sed
1413 559 1441 598 a
1473 559 1636 600 carne

51 641 336 700 vincendus
368 657 381 692 :
410 655 569 710 quam
597 639 780 709 utique
830 647 1040 693 tentare
1089 652 1254 692 ausus
1285 651 1392 691 non
1421 635 1633 704 fuisset,

48 737 146 792 nisi
187 735 239 789 in
266 748 328 789 ea
357 747 454 803 per
482 731 792 788 esuritionis
820 729 1188 786 inﬁrmitatem
1222 746 1340 801 quae
1388 738 1512 784 sunt
1538 729 1638 783 ho-

49 826 206 883 minis
247 825 672 895 recognovisset.
720 824 890 890 Quam
947 821 1133 892 utique
1169 822 1222 877 in
1265 836 1332 877 eo
1395 823 1636 878 sentiens

48 919 116 976 ita
140 931 294 974 orsus
320 924 439 972 est:
474 915 538 973 Si
562 916 704 986 ﬁlius
749 915 845 970 Dei
875 931 926 969 es
957 912 1173 987 (Matth.
1208 930 1280 969 tv.
1314 913 1391 985 5).
1422 913 1636 984 Anceps

49 1023 224 1065 sermo
247 1019 348 1074 est,
377 1009 423 1063 si
468 1008 609 1078 [ilius
635 1007 731 1062 Dei
753 1024 826 1061 es.
855 1007 1008 1062 Licet
1049 1006 1378 1062 esurientem
1407 1005 1631 1074 videret,

48 1101 391 1174 quadraginta
424 1109 600 1156 tamen
646 1100 854 1156 dierum
885 1100 936 1155 in
969 1099 1317 1170 eojejuuium
1350 1100 1636 1168 pertimes-

47 1197 217 1252 cebat.
245 1195 361 1263 Qua
393 1210 574 1250 rerum
608 1195 817 1250 ratione
865 1194 1087 1259 indicat,
1135 1202 1258 1264 post
1287 1193 1636 1265 quadraginta

48 1292 253 1348 dierum
283 1289 1010 1360 convcrsationem,quibus.
1059 1297 1179 1358 post
1229 1289 1531 1357 passionem
1581 1288 1634 1343 in

49 1381 245 1439 steculo
274 1391 391 1438 erat
417 1390 872 1449 commoraturus,
901 1380 1250 1436 esuritionem
1299 1395 1356 1436 se
1388 1381 1636 1436 humanae

46 1477 230 1534 salutis
253 1476 578 1532 habiturum.
605 1476 722 1544 Quo
748 1475 801 1530 in
830 1484 1094 1545 tempore,
1124 1483 1494 1545 exspectatum
1525 1474 1637 1531 Deo

48 1569 182 1640 patri
233 1583 450 1636 munus,
501 1568 777 1624 hominem
832 1582 991 1638 quem
1038 1577 1408 1638 assumpserat
1452 1580 1638 1637 repor-

47 1662 193 1716 tavit.

113 1757 166 1812 5.
217 1755 357 1822 Quid
395 1755 625 1810 diabolus
681 1754 872 1810 Christi
917 1754 1155 1809 deitatem
1208 1752 1499 1823 explorare,
1553 1753 1630 1808 uel

1740 544 1836 600 Dei
1864 545 1997 612 ﬁlio,
2027 561 2205 617 neque
2237 547 2288 602 in
2338 547 2568 617 lapidem
2618 564 2780 618 posse
2832 548 3148 606 oliensionis
3199 551 3337 606 inci-

1738 636 2083 712 dere(Psat.
2131 657 2218 708 xc,
2254 642 2322 696 12
2356 652 2405 696 et
2436 645 2504 700 15
2531 641 2588 714 );
2640 645 2840 716 quippe
2883 660 3047 716 super
3096 644 3338 714 aspidem

1738 742 1796 787 et
1841 733 2148 790 basiliscum
2177 737 2601 805 ambulaturum,
2649 748 2704 794 et
2747 739 3077 795 calcaturum
3127 739 3339 794 leonem

1739 834 1792 879 et
1842 825 2157 884 draconem.
2191 829 2265 884 De
2294 829 2377 884 his
2403 830 2547 885 enim
2591 846 2713 901 quae
2740 832 2790 886 in
2821 847 2881 888 se
2918 831 3060 888 dicta
3090 841 3217 887 sunt
3257 840 3341 888 ta-

1738 919 1852 973 cuit
1883 935 1898 985 ;
1953 921 2048 975 sed
2071 923 2352 992 superiora
2380 923 2755 991 memorando,
2799 923 2914 979 vult
2939 939 3154 995 quoquo
3179 923 3342 981 modo

1739 1013 2104 1070 obedientiam
2178 1017 2378 1072 elicere
2433 1018 2511 1089 (b)
2564 1025 2817 1083 tentato;
2889 1017 3159 1074 relaturus
3214 1019 3341 1075 hinc

1738 1107 1988 1178 gloriam,
2021 1107 2068 1162 si
2095 1107 2195 1162 sibi
2229 1109 2488 1166 Dominus
2539 1111 2857 1180 majestatis,
2893 1107 3020 1166 licet
3065 1125 3162 1180 per
3206 1125 3339 1166 con-

1739 1197 2038 1265 ﬁdentiam,
2070 1200 2356 1268 paruisset.
2383 1199 2488 1256 Sed
2512 1202 2656 1257 nulla
2680 1201 2897 1257 diabolo
2919 1202 3146 1272 contigit
3176 1211 3340 1259 tanta:

1740 1291 1942 1347 fraudis
1969 1293 2206 1360 occasio,
2232 1293 2462 1365 idipsum
2516 1295 2746 1350 Domino
2775 1306 3017 1367 tempore
3039 1300 3339 1368 posteriore

1741 1392 1992 1453 testante,
2023 1401 2144 1440 cum
2175 1386 2336 1442 dicit:
2367 1386 2528 1443 Venit
2573 1389 2822 1458 princeps
2853 1390 3010 1460 hujus
3045 1392 3251 1456 saeculi,
3285 1401 3341 1448 et

1741 1491 1848 1532 non
1876 1475 2079 1532 invenit
2105 1478 2156 1531 in
2190 1493 2276 1532 me
2305 1479 2594 1548 quidquam
2626 1479 2817 1550 (Joan.
2852 1497 2960 1548 xw,
2991 1483 3062 1538 5t)
3091 1483 3131 1553 ).
3172 1484 3337 1554 Digna

1741 1567 1901 1638 igitur
1922 1567 2060 1624 hanc
2089 1569 2206 1638 ejus
2236 1569 2587 1640 petulantiam
2634 1571 2844 1628 Domini
2893 1584 2978 1629 est
3008 1584 3193 1630 secuta
3247 1591 3338 1632 re-

1749 1661 1968 1729 sponsio
2025 1677 2036 1712 :
2087 1660 2210 1715 Non
2267 1660 2482 1716 tentabis
2534 1661 2701 1716 Deum
2775 1673 2823 1717 et
2875 1663 3153 1722 Dominum
3200 1675 3342 1722 tuum

1745 1747 1765 1822 (
1794 1749 1988 1804 Matth.
2040 1767 2114 1817 iv,
2150 1751 2181 1805 7
2214 1749 2254 1824 ).
2289 1753 2498 1808 Diaboli
2525 1763 2750 1810 conatus
2807 1765 2862 1811 et
2913 1767 3236 1814 tentamenla
3268 1757 3342 1834 (ε)

47 1847 343 1919 patientiam
390 1856 542 1902 tentet
589 1845 844 1918 frangere.
868 1843 1102 1900 Christus
1126 1842 1267 1898 Deus
1307 1855 1354 1899 et
1395 1844 1643 1899 homo.-—
1672 1849 1718 1910 Β
1746 1842 2106 1907 contundens,
2145 1851 2200 1897 et
2229 1845 2396 1899 Deum
2423 1860 2481 1901 se
2532 1856 2860 1916 protestatur
2905 1862 2961 1904 et
3001 1850 3340 1908 Dominum:

44 1941 418 1998 Contuendum
450 1942 632 2012 itaque
683 1955 826 1994 nunc
873 1938 1006 1994 illud
1053 1947 1157 2004 est,
1205 1937 1400 2007 quibus
1423 1938 1638 1993 tandem

44 2033 556 2103 interrogationibus
609 2047 739 2086 usus
766 2030 855 2087 sit.
891 2031 1016 2085 Ait:
1073 2029 1134 2085 Si
1178 2029 1346 2102 678
1373 2030 1512 2098 ﬁlius
1542 2028 1640 2084 Dei

43 2143 114 2193 es,
145 2128 230 2180 dic
263 2135 321 2180 ut
349 2126 546 2198 lapides
571 2126 657 2180 isti
680 2141 839 2196 panes
871 2123 1019 2192 ﬁant.
1053 2122 1240 2178 Fallax
1289 2122 1558 2188 diabolus,
1585 2129 1641 2177 et

43 2221 108 2276 ad
151 2219 547 2276 traducendum
594 2219 788 2273 artifex
822 2215 1228 2280 callidissimus,
1257 2229 1418 2284 posse
1461 2213 1640 2268 omnia

40 2312 316 2368 Christum
347 2312 569 2378 sciebat,
600 2319 655 2365 et
682 2308 1034 2364 esuritionem
1066 2308 1120 2361 in
1151 2306 1372 2362 homine
1402 2321 1469 2361 ex
1524 2307 1640 2376 ipso

39 2405 229 2476 jejunii
277 2413 524 2475 tempore
568 2402 856 2467 sentiebat,
903 2401 1121 2471 ignarus
1167 2399 1420 2470 quidnam
1467 2398 1641 2454 esuri-

39 2509 207 2556 retur.
271 2499 404 2553 Eam
461 2511 592 2567 ergo
642 2497 694 2550 in
748 2493 1004 2549 tentando
1048 2491 1410 2548 conditionem
1462 2492 1641 2561 operis

41 2592 350 2662 proposuit,
381 2605 480 2660 per
506 2603 666 2659 quam
697 2587 828 2642 etin
879 2586 1012 2651 Deo,
1057 2600 1124 2641 ex
1164 2584 1531 2640 demutatione
1559 2584 1641 2638 la-

41 2684 222 2756 pidum
271 2683 331 2738 in
378 2696 568 2753 panes,
597 2679 849 2734 virtutem
898 2678 1178 2748 potestatis
1205 2685 1561 2748 agnosceret;
1589 2683 1644 2732 et

40 2778 93 2832 in
137 2775 384 2840 homine,
417 2773 814 2828 oblectamento
862 2771 989 2834 cibi,
1035 2770 1344 2840 patientiam
1394 2768 1472 2842 (a)
1523 2784 1644 2824 esu-

39 2870 248 2927 ritionis
278 2868 553 2924 illuderet.
588 2867 694 2923 Sed
726 2866 983 2920 Dominus
1033 2880 1139 2919 non
1196 2878 1387 2934 panem
1441 2864 1642 2932 potius,

40 2981 201 3036 quam
229 2965 467 3020 Salutem
495 2962 770 3017 hominum
800 2959 1046 3015 esuriens
1071 2998 1087 3025 ,
1115 2958 1189 3012 ait
1219 2975 1232 3011 :
1286 2955 1408 3010 Non
1432 2957 1484 3010 in
1515 2972 1647 3026 pane

42 3061 154 3115 solo
207 3058 334 3114 vivit
384 3055 742 3129 homo(1bid.
795 3052 876 3123 4)
927 3069 940 3107 :
986 3053 1109 3124 quia
1159 3051 1275 3123 ipse
1318 3066 1424 3105 non
1473 3050 1648 3107 solum

40 3152 227 3220 homo,
259 3151 359 3208 sed
387 3159 444 3206 et
473 3152 634 3215 Deus,
663 3148 791 3204 licet
821 3163 993 3216 usque
1039 3147 1092 3201 in
1145 3145 1458 3200 tentationis
1505 3144 1648 3198 diem

1743 1935 1944 1992 docens
1973 1951 2006 1992 a
2053 1937 2303 1994 ﬁdelibus
2331 1939 2521 1995 abesse
2561 1951 2812 2010 oportere
2851 1941 3188 2011 jactantiam,
3218 1944 3342 2014 quia

1741 2044 1864 2084 cum
1915 2030 2095 2084 omnia
2125 2029 2402 2100 possibilia
2431 2031 2542 2087 Deo
2573 2034 2699 2100 sint,
2739 2034 2870 2089 nihil
2900 2045 3074 2091 tamen
3121 2037 3174 2091 in
3226 2046 3344 2093 ten-

1743 2121 2005 2178 tationem
2029 2121 2146 2192 ejus
2171 2122 2477 2178 audendum
2519 2125 2608 2178 sit.

1814 2215 1868 2270 5.
1906 2215 2264 2270 Tentationum
2304 2215 2498 2272 Christi
2522 2218 2656 2272 idem
2678 2219 2826 2286 ordo,
2867 2223 2955 2292 qui
2985 2221 3132 2276 Adae.
3162 2220 3348 2278 Honor

1741 2309 1938 2376 swculi,
1971 2325 2098 2380 opus
2124 2309 2341 2365 diaboli.
2372 2340 2444 2351 —
2467 2309 2573 2367 Sed
2591 2311 2703 2381 jam
2735 2313 2895 2369 tertio
2921 2322 3031 2370 tota
3061 2314 3345 2371 diabolica:

1745 2400 2027 2470 potestatis
2086 2409 2457 2458 commovetur
2504 2403 2746 2459 ambitio.
2822 2406 3129 2462 Constituto
3184 2409 3346 2479 igitur

1745 2494 1975 2550 Domino
2021 2496 2072 2550 in
2112 2505 2294 2552 monte
2337 2498 2575 2563 excelso,
2605 2498 2854 2554 universa
2900 2501 3047 2557 orbis
3076 2509 3344 2558 terrarum

1745 2602 1934 2659 regna,
1973 2603 2267 2660 eorumque
2311 2591 2535 2661 gloriam
2574 2591 2794 2662 obtulit,
2844 2594 2887 2650 si
2935 2595 3099 2651 modo
3148 2597 3348 2653 adora-

1747 2690 1900 2736 retur
1945 2681 2059 2752 ipse
2104 2681 2277 2754 (Ibid.
2331 2686 2363 2740 8
2428 2693 2475 2738 et
2524 2683 2629 2756 9).
2691 2685 2810 2741 Jam
2857 2688 3069 2757 gemina
3119 2704 3348 2760 respon-

1750 2774 1904 2830 sione
1932 2775 2237 2846 opinionem
2289 2777 2610 2848 suspicionis
2637 2789 2965 2834 excesserat.
2995 2777 3130 2836 Cibo
3172 2781 3348 2838 Adam

1748 2868 2064 2938 pellexerat,
2095 2876 2149 2922 et
2192 2868 2260 2924 de
2289 2869 2522 2939 paradisi
2554 2870 2725 2941 gloria
2777 2872 2830 2926 in
2881 2877 3089 2943 peccati
3143 2875 3344 2943 locum,

1758 2960 1811 3016 id
1849 2969 1952 3027 est,
1982 2961 2034 3015 in
2063 2961 2336 3032 regionem
2369 2963 2548 3018 vetita:
2592 2963 2799 3020 arboris
2833 2963 3162 3022 deduxerat:
3191 2969 3352 3023 tertio

1750 3052 1917 3109 divini
1946 3054 2178 3108 nominis
2231 3055 2526 3111 ambitione
2570 3061 2913 3127 corruperat,
2956 3058 3062 3115 diis
3109 3060 3347 3117 futurum

1752 3147 1986 3202 similem
2031 3147 2356 3216 pollicendo.
2388 3148 2550 3218 Igitur
2599 3148 2859 3204 adversus
2904 3150 3192 3208 Dominum
3242 3163 3355 3211 tota

40 3249 164 3305 cibo
189 3246 434 3303 hominis
463 3245 781 3309 abstineret,
811 3243 905 3298 Dei
933 3251 1111 3296 tamen
1137 3240 1338 3310 Spiritu
1367 3239 1642 3293 alebatur:
1675 3244 1720 3308 ρ
1745 3239 1858 3310 jam
1894 3239 2076 3294 saeculi
2105 3247 2372 3308 potestate
2403 3248 2688 3310 pugnatur,
2718 3249 2772 3295 et
2797 3238 3045 3298 Creatori
3089 3258 3187 3298 suo
3228 3261 3356 3316 pos-

37 3339 341 3396 ostendens
389 3353 496 3393 non
545 3335 597 3391 in
649 3350 788 3408 pane
821 3333 924 3389 hoc
951 3334 1212 3398 solitario,
1243 3332 1338 3388 sed
1368 3331 1421 3386 in
1472 3330 1649 3388 Verbo

41 3432 138 3489 Dei
169 3431 492 3488 alimoniam
523 3428 840 3485 aeternitatis
879 3441 1002 3491 esse
1049 3425 1388 3496 sperandam.

110 3529 169 3584 4.
227 3527 484 3584 Diabolus
510 3525 628 3580 silet
653 3539 764 3596 qua:
795 3530 974 3576 contra
1003 3537 1056 3575 se
1084 3537 1096 3574 :
1121 3520 1378 3591 jactantia
1404 3517 1647 3573 cavenda.

40 3622 387 3692 —Sequens
411 3618 574 3675 etiam
606 3614 958 3686 interrogatio
990 3613 1111 3668 talis
1151 3621 1254 3678 est,
1293 3627 1413 3667 cum
1444 3626 1563 3666 eum
1596 3610 1652 3665 in

40 3730 325 3773 summum
383 3711 570 3782 templi
616 3708 962 3764 sustulisset:
1014 3705 1075 3761 Si
1103 3705 1244 3774 ﬁlius
1277 3704 1370 3758 Dei
1409 3720 1480 3770 es,
1513 3703 1654 3758 mitte

41 3819 90 3864 te
117 3810 390 3871 deorsum,
429 3813 482 3860 et
509 3802 716 3870 reliqua
743 3785 916 3872 (Ibid.
949 3799 982 3854 6
1018 3799 1060 3871 ).
1093 3797 1326 3852 Laborat
1357 3796 1655 3852 tentatinne

39 3903 344 3959 Dominum
402 3898 470 3953 de
520 3895 752 3952 excelsis
805 3893 871 3947 ad
921 3891 1173 3947 interiora
1221 3889 1489 3946 deducere
1538 3908 1550 3943 :
1601 3899 1656 3946 et

37 3993 291 4066 positum
332 3992 386 4046 in
433 3989 614 4059 templi
646 4001 897 4052 summo,
951 3984 1002 4038 id
1051 3993 1159 4050 est,
1205 3997 1369 4053 super
1408 3983 1554 4052 leges
1599 3992 1655 4036 et

39 4085 352 4160 prophetas
373 4083 723 4146 eminentem,
755 4078 807 4132 in
841 4075 1130 4131 humilibus
1177 4075 1476 4129 continere.
1499 4074 1651 4130 Scie-

37 4244 240 4302 quere.
276 4225 411 4302 cum
453 4220 894 4302 autem_su_bji_cit_
941 4218 1214 4275 hominem
1273 4216 1394 4270 ideo
1444 4224 1652 4302 naturae

37 4287 158 4357 sua:
189 4299 536 4360 derelictum,
570 4295 692 4370 quia
721 4287 962 4370 diabolus
1011 4304 1055 4370 ag
1086 4304 1275 4370 carne,
1305 4303 1409 4370 non
1435 4303 1493 4370 _a
1542 4287 1651 4370 Deo

39 4383 168 4427 crat
197 4368 504 4426 vincendus
524 4359 545 4433 7;
589 4359 797 4421 diserte
825 4362 1063 4418 declarat
1092 4375 1150 4415 se
1179 4361 1390 4433 virtutis
1416 4359 1651 4433 derelin-

35 4443 276 4514 quentis
306 4430 783 4514 nomine’divinam
832 4433 994 4489 Verbi
1038 4430 1647 4514 naturamdnlt‘elligere.

39 4501 231 4572 Simili
265 4511 477 4567 ratione
499 4507 734 4584 ostendit
778 4520 1004 4584 numero
1047 4502 1331 4584 superiori,
1375 4501 1648 4584 Christum

38 4603 160 4642 non
220 4594 487 4639 tentatum
537 4580 701 4634 fuisse
757 4579 858 4631 nisi
911 4591 1032 4630 cum
1080 4574 1268 4638 voluit,
1316 4587 1437 4628 cum
1488 4574 1648 4626 nimi-

1751 3333 1924 3388 sessio
1951 3332 2110 3403 hujus
2135 3333 2502 3389 universitatis
2541 3334 2765 3390 oll'ertur
2801 3355 2813 3388 :
2871 3345 2929 3390 ut
2967 3347 3157 3394 tenens
3202 3338 3354 3394 ordi-

1755 3440 1878 3481 nem
1907 3426 2112 3480 fraudis
2133 3426 2390 3497 antiquai,
2428 3442 2587 3496 quem
2630 3441 2805 3498 neque
2857 3427 3025 3502 679
3068 3430 3192 3486 cibo
3242 3431 3358 3500 pel-

1754 3519 1985 3583 lexerat.
2016 3534 2118 3575 nec
2145 3520 2264 3575 loco
2317 3529 2582 3584 moverat,
2614 3535 2757 3576 nunc
2782 3521 2866 3578 vel
2901 3519 3199 3580 ambitione
3229 3538 3359 3579 cor-

1755 3623 2054 3683 rumperet,
2087 3611 2196 3668 Sed
2220 3612 2506 3684 responsio
2529 3611 2741 3668 Domini
2771 3613 2991 3684 dignum
3020 3615 3087 3672 de
3111 3617 3359 3687 superio-

1757 3705 1910 3760 ribus
1958 3704 2184 3776 gradum
2239 3703 2385 3760 fecit.
2449 3705 2540 3760 Ait
2587 3705 2772 3761 enim:
2814 3704 2959 3762 Vade
3019 3707 3098 3781 (ά)
3153 3719 3360 3764 satana.

1759 3796 2025 3868 Scriptum
2049 3807 2120 3852 est
2167 3797 2322 3861 enim,
2378 3796 2655 3852 Dominum
2698 3795 2859 3853 Deum
2889 3807 3033 3854 tuum
3085 3801 3355 3870 adorabis,

1758 3900 1806 3944 et
1841 3891 1922 3944 illi
1947 3890 2044 3944 soli
2068 3893 2251 3945 servies
2277 3891 2294 3960 (
2320 3887 2459 3946 Ibid.
2509 3890 2619 3963 10).
2651 3890 2992 3948 Temeritatis
3024 3903 3188 3950 tanta:
3226 3909 3360 3952 con-

1757 3995 1947 4051 gruum
1992 3983 2194 4036 exitum
2239 3982 2382 4048 tulit,
2413 3997 2534 4037 cum
2581 3993 2634 4038 et
2683 3967 2972 4039 criminum
3025 4001 3247 4041 suorum
3303 3988 3360 4045 in

1757 4084 1940 4130 satana
1966 4089 2162 4130 nomen
2195 4073 2421 4141 audivit,
2453 4085 2509 4131 et
2535 4075 2823 4131 Dominum
2844 4077 3014 4133 Deum
3045 4093 3200 4134 suum
3229 4080 3366 4138 ado-

1756 4217 1918 4291 derit.
1954 4217 2051 4272 Hic
2072 4231 2234 4291 porro
2261 4217 2413 4291 locus
2443 4217 2510 4272 ad
2549 4218 2921 4275 illustrandum
2954 4220 3196 4291 ejusdem
3225 4220 3357 4280 doc-

1754 4290 1890 4344 toris
1922 4298 2032 4343 tum
2064 4288 2132 4344 de
2164 4289 2414 4359 passione
2443 4300 2554 4345 tum
2593 4291 2661 4346 de
2687 4301 2860 4346 morte
2891 4288 3089 4348 Christi
3137 4303 3359 4351 senten-

1757 4361 1884 4414 tiam
1914 4366 2023 4414 tam
2056 4370 2209 4430 aptus
2235 4359 2384 4415 visus
2432 4370 2536 4426 est,
2567 4370 2625 4416 ut
2673 4377 2797 4418 eum
2825 4379 2932 4418 non
2961 4364 3359 4426 inconsiderate

1757 4429 2142 4486 transeundum
2173 4429 2505 4507 duxerimus.
2532 4431 2706 4507 Exeo
2735 4435 2932 4507 quippe
2961 4435 3123 4507 liquet
3166 4453 3354 4498 veram

1763 4518 1891 4558 eum
1957 4513 2043 4581 _et_
2094 4504 2429 4581 corporalem
2499 4504 3354 4581 esurieinA’Chi-isto'attribuere,

1756 4576 2001 4651 quamvis
2031 4575 2190 4651 hujus
2212 4577 2498 4651 occasione
2538 4576 2832 4651 spiritalem
2864 4579 3150 4651 quamdam
3209 4575 3352 4651 prae;

35 4635 170 4714 ξζίίι
200 4635 442 4725 sbi—{itas
462 4635 465 4636 ⁷
484 4659 718 4714 sanctus,
741 4720 751 4725 _
776 4648 878 4704 hoc
931 4656 1013 4702 est
1063 4635 1335 4725 _V_orbuin,_
1383 4645 1650 4725 hominem
1679 4635 1730 4696 D
1756 4635 1918 4725 (licet.
1948 4645 2013 4725 lit
2039 4635 2165 4725 quid
2196 4647 2337 4701 enim
2376 4647 2536 4725 homo
2567 4635 2687 4718 post
2708 4635 2973 4718 jejunium
3004 4635 3355 4725 naturae'rsu‘a:

37 4745 216 4784 suum
254 4715 489 4798 Idiabolo
537 4720 848 4798 tentandum
880 4718 1168 4798 _pe_rmisit,
1212 4727 1268 4798 ut
1299 4717 1376 4769 .in
1402 4787 1413 4798 .
1439 4715 1656 4797 homine

40 4802 397 4856 vinceretur.
427 4796 504 4850 Ita
534 4809 598 4850 ex
628 4795 692 4848 iis
721 4787 1034 4870 ipsis_loci§_,
1067 4805 1129 4870 ex
1163 4787 1354 4870 quibus
1402 4787 1653 4842 lizeresim

37 4887 213 4927 suam
250 4869 392 4924 tueri
421 4861 775 4929 conabantur,
827 4863 941 4918 sive
991 4861 1306 4927 Hebionite,
1364 4874 1656 4927 eorumque

41 4950 370 4999 sectatores
399 4939 590 4993 Paulus
615 4936 884 5012 samosat.
912 4945 1072 5005 atque
1101 4932 1378 5012 Photinus,
1403 4930 1492 5002 qui
1521 4930 1650 5012 nihil

38 5015 104 5071 in
162 5013 392 5069 Christo
424 5019 617 5080 przeter
663 5005 937 5080 hominem
987 5003 1128 5058 'esse
1177 5003 1510 5080 asserebant,
1544 5003 1657 5056 sive

41 5084 280 5147 Ariani,
309 5084 397 5152 qui
423 5075 659 5136 divinam
691 5079 743 5131 in
791 5076 905 5152 ipso
926 5147 936 5152 Δ
960 5085 1202 5152 naturam
1231 5075 1484 5152 nolebant
1525 5087 1654 5128 con—

43 5157 208 5212 ﬁteri
247 5145 275 5208 :-
310 5145 375 5208 ex
427 5155 512 5216 iis,
546 5153 782 5220 inquam,
816 5145 970 5220 locis
1012 5145 1256 5220 studiose
1282 5146 1656 5200 demonstrare

41 5229 230 5292 solet,
267 5235 321 5280 et
346 5225 400 5279 in
425 5216 641 5279 Christo
669 5218 867 5290 aliquid
896 5229 1089 5286 praeter
1116 5216 1476 5292 hominemne
1497 5230 1656 5284 supra

43 5287 352 5355 hominem
380 5311 519 5359 esse,
544 5302 597 5348 et
629 5292 731 5345 hoc
758 5287 930 5360 ipsum
971 5302 1089 5360 esse
1123 5289 1310 5342 Deum.
1343 5287 1474 5340 llinc
1498 5301 1658 5340 nemo

42 5387 170 5426 non
194 5367 345 5423 videt
371 5382 466 5423 cur
492 5357 816 5435 singularem
836 5360 980 5413 illam
997 5357 1197 5435 Christi
1216 5368 1481 5435 naturam,
1497 5372 1656 5435 quam

42 5443 318 5498 divinam
346 5440 459 5509 ipse
490 5426 758 5509 intelligit,
783 5447 884 5509 non
914 5432 1135 5509 proprio
1153 5426 1250 5509 Dei
1295 5430 1534 5509 nomine,
1564 5427 1666 5482 sed

42 5501 422 5584 generalibus
439 5501 742 5584 spiritus'et
769 5503 963 5584 virtutis
991 5501 1265 5555 vocabulis
1293 5501 1541 5554 maluerit
1565 5513 1660 5568 ap-

45 5575 304 5655 pellare,
335 5575 545 5655 pnt‘a'ut
565 5577 630 5655 ad
646 5575 1021 5655 liwreticoruin
1039 5586 1430 5655 sermonem-se
1451 5584 1665 5655 accom-

45 5640 352 5711 inodaret:
402 5651 558 5705 Certe
583 5646 778 5702 virtutis
826 5644 1168 5707 vocabulum,
1211 5644 1298 5698 ubi
1347 5643 1548 5698 Hilario
1597 5640 1665 5696 de

44 5726 305 5781 Christo
355 5737 532 5777 sermo
579 5727 685 5783 est,
717 5716 783 5770 ad
810 5715 1042 5769 divinam
1071 5715 1237 5783 ipsius
1266 5725 1508 5770 naturam
1558 5726 1665 5766 non

46 5792 282 5854 referri
337 5784 1144 5862 nusquam?animadvertimus.
1186 5786 1278 5862 ‘De
1334 5784 1571 5862 ejusdem
1617 5783 1666 5837 vi

48 5883 181 5926 non
217 5855 490 5934 ambiget,
537 5861 626 5933 qui
675 5859 754 5915 vel
786 5872 945 5912 unum
983 5867 1142 5926 caput
1181 5855 1234 5923 9,
1285 5873 1338 5912 u.
1367 5857 1421 5922 7,
1472 5868 1668 5926 expen-

1760 4733 1789 4792 a
1823 4718 1932 4792 Deo
1952 4716 2239 4792 derelictus
2265 4725 2368 4782 est,
2414 4717 2518 4773 nisi
2557 4716 2620 4792 ut
2667 4716 2940 4792 pateretur
2987 4737 3107 4791 qua:
3154 4739 3222 4778 ex
3277 4724 3353 4792 je-

1755 4787 1910 4861 junio
1951 4788 2227 4861 hominum
2269 4797 2459 4861 natura
2516 4789 2622 4858 pati
2650 4789 2789 4845 solet
2811 4792 2841 4861 ft
2885 4787 3182 4860 praesertim
3229 4787 3353 4852 cum

1760 4858 2020 4934 spiritalis
2056 4861 2142 4934 illa
2198 4861 2386 4915 salutis
2438 4860 2686 4934 humanm
2726 4858 2906 4934 ames
2955 4879 3129 4934 neque
3185 4865 3351 4921 Deum

1760 4931 2036 5004 dedeceat.
2081 4931 2266 5004 Neque
2322 4946 2450 5004 vero
2506 4932 2614 5004 nisi
2656 4931 2743 5004 _ad
2812 4931 3125 5004 corpoream
3173 4940 3349 4994 esuri-

1763 5003 1963 5057 tionem
2013 5003 2266 5071 pertinet,
2299 5001 2441 5072 quod
2470 5001 2837 5060 aitdiabolum
2891 5001 2942 5061 in
2991 5007 3206 5063 Christo
3249 5008 3352 5065 ho-

1758 5075 1903 5128 mine
1931 5089 2020 5144 per
2035 5073 2332 5154 'esuritionis
2365 5073 2716 5143 inﬁrmitatem
2761 5094 2820 5132 ea
2843 5093 2958 5148 qua:
2985 5089 3105 5134 sunt
3135 5081 3355 5138 hominis

1763 5159 2158 5213 recognovisse.

1835 5216 1910 5287 (a)
1944 5215 2003 5287 In
2049 5215 2254 5284 aliquot
2278 5230 2408 5270 mss.
2441 5218 2726 5274 esurientis.
2775 5219 2873 5276 llic
2915 5236 3126 5276 rursum
3158 5223 3210 5278 in
3257 5222 3358 5278 hu-

1762 5286 2394 5362 mana_Cliristi_natura
2450 5304 2769 5359 corpoream
2828 5297 3072 5362 agnoscit
3123 5294 3356 5352 Hilarius

1763 5357 2132 5433 esuritionem,
2165 5358 2269 5433 itah
2291 5374 2496 5433 veram,
2530 5357 2589 5433 ut
2619 5376 2714 5432 per
2760 5357 2886 5416 eani
2925 5364 3194 5433 patientiae
3243 5381 3358 5424 mc-

1763 5428 1926 5502 ritom
1958 5429 2194 5484 obtineat
2223 5430 2416 5485 diaboli
2448 5428 2648 5487 invidia
2678 5433 2918 5502 dignum.

1836 5501 1908 5572 (b)
1939 5504 2176 5566 Quatuor
2206 5517 2347 5577 mss._
2389 5512 2624 5577 tentator.
2667 5501 2786 5558 de
2834 5521 2922 5573 per
2964 5507 3350 5577 conﬁdentiam,

1764 5570 1964 5643 idest,
2023 5581 2080 5626 ut
2107 5587 2287 5627 rerum
2320 5575 2578 5630 Dominus
2608 5592 2620 5629 :
2653 5570 2852 5629 natura}
2886 5570 3074 5632 scilicet
3101 5581 3214 5643 eius
3240 5570 3360 5635 con;

1767 5642 2030 5716 ﬁdentiam
2075 5659 2179 5696 non
2225 5644 2431 5710 oblitus,
2459 5662 2561 5716 qua
2610 5647 2663 5698 in
2701 5649 3049 5713 assumptione
3101 5651 3217 5706 licet
3270 5653 3363 5707 ho-

1769 5715 1921 5787 minis
1951 5731 2053 5768 non
2091 5715 2412 5787 cgrebatLut
2439 5715 2672 5787 laquitur
2715 5717 2767 5771 in
2800 5718 2932 5786 psal.
2962 5736 3068 5787 Liv,
3099 5737 3154 5777 n.
3186 5724 3243 5779 2.

1867 5785 1918 5853 c)
1951 5787 2078 5841 Mss.
2105 5783 2294 5852 Carn.,
2325 5783 2692 5853 Rom.,Colb.
2731 5783 3080 5848 contemnens.

1909 5860 1926 5927 )
1955 5855 2311 5916 Carnutensis
2347 5857 2544 5929 codex,
2573 5858 2698 5916 vade
2723 5869 2858 5916 retro
2887 5871 3002 5934 post
3027 5880 3126 5938 me,
3157 5875 3365 5929 satana.
