3882 6332
557 297 660 361 931

1742 297 1989 357 ssuc'rt
2021 291 2276 356 illLAlill
2316 275 2617 353 mssast
3728 280 3805 356 in

554 420 783 475 randum
810 417 862 473 in
911 416 1128 472 homine
1172 415 1442 487 cognovit.
1499 414 1734 471 Praebuit
1791 417 1952 471 etiam
1984 416 2143 487 hujus
2171 417 2226 477 Α
2248 413 2472 484 gloriam
2505 413 2933 484 relinquendam,
2956 413 3188 471 dicens:
3223 411 3504 469 Dominum
3525 413 3803 470 Dentatum

554 511 923 584 reSponsionis
961 509 1158 566 effectu
1191 526 1442 581 magnum
1474 511 1630 566 nobis
1675 511 1932 567 Dominus
1966 526 2149 567 exem-

554 607 702 677 plum
736 623 750 658 :
803 611 860 658 ut
892 603 974 674 (a)
1003 610 1309 671 contempta
1341 601 1589 660 humanas
1619 603 1902 674 potestatis
1953 603 2142 675 gloria,

551 709 607 754 et
640 698 822 753 saeculi
843 697 1135 752 ambitione
1155 697 1472 768 postposita,
1517 697 1688 752 solum
1715 696 2148 754 meminissemus

555 792 722 846 Deum
751 799 807 847 et
838 791 1121 846 Dominum
1148 791 1478 847 adorandum
1508 809 1522 858 ;
1571 792 1696 864 quia
1739 794 1915 848 omnis
1963 793 2146 848 steculi

551 882 727 939 honor
754 883 955 940 diaboli
984 886 1055 938 sit
1098 885 1391 955 negotium.
1448 885 1576 940 Post
1609 886 1744 941 hanc
1774 900 1902 957 ergo
1940 885 2145 943 diaboli

550 976 753 1047 fugam,
771 975 962 1048 Angeli
985 974 1525 1033 Christomiuistrant
1550 975 1767 1050 (Matth.
1792 993 1870 1043 tv,
1897 977 1988 1048 li)
2015 995 2030 1045 ;
2057 993 2144 1034 os-

553 1068 841 1124 tendentes
861 1068 958 1140 (b).
977 1085 1006 1124 a
1036 1069 1193 1124 nobis
1218 1071 1362 1126 victo
1386 1071 1702 1138 calcutoque
1727 1069 1926 1126 diaboli
1946 1070 2140 1141 capite,

549 1172 605 1218 et
635 1162 958 1232 Angelorum
990 1164 1308 1229 ministeria,
1342 1174 1397 1219 et
1428 1163 1700 1220 Virtutum
1730 1164 1781 1218 in
1809 1179 1908 1220 nos
1952 1165 2144 1220 cccles-

547 1256 682 1310 tium
712 1254 889 1311 ofﬁcia
933 1273 1037 1310 non
1087 1256 1354 1312 defutura.

621 1349 674 1404 6.
709 1349 1070 1421 Apostolorum
1118 1354 1347 1422 priorum
1375 1353 1575 1406 vacatio
1629 1351 1752 1422 quid
1791 1351 2040 1423 designet.
2073 1379 2147 1392 --

545 1436 677 1492 Cum
716 1442 942 1496 audisset
985 1450 1152 1496 autent
1202 1443 1386 1508 Iesus,
1449 1443 1585 1505 quod
1631 1441 1861 1498 Joannes
1927 1442 2145 1497 traditus

546 1540 694 1599 esset,
722 1534 927 1588 secessit
956 1534 1008 1587 in
1039 1532 1308 1588 Galilaeam
1332 1534 1498 1602 (Ibid.
1531 1534 1644 1607 12).
1675 1535 1957 1591 'l‘ransitus
1986 1535 2037 1589 in
2067 1535 2142 1606 (ε)

546 1622 958 1691 Capharnaum,
1010 1636 1065 1681 et
1118 1625 1402 1696 prophetia
1437 1626 1633 1694 Esaiae,
1690 1627 1767 1683 rei
1820 1635 1984 1699 gesta:
2011 1627 2145 1682 ordo

544 1726 650 1773 est.
705 1717 760 1772 in
793 1719 1119 1789 piscatorum
1147 1735 1276 1775 vero
1315 1719 1396 1792 (d)
1429 1721 1717 1787 electione,
1759 1737 1826 1777 ex
1867 1721 2142 1776 hominum

2251 506 2514 575 adorabis,
2562 516 2612 562 et
2653 507 2733 561 illi
2766 509 2863 563 soli
2900 509 3086 564 seruies
3117 507 3345 580 (Matth.
3376 523 3449 574 tv,
3494 506 3602 578 i0).
3634 507 3805 563 Etcum

2251 612 2311 654 so
2341 612 2437 668 per
2464 598 2757 669 prephetss
2785 601 3043 672 populum
3075 601 3344 658 humilem
3374 610 3433 656 ot
3468 600 3534 655 ad
3569 600 3713 657 verba
3736 618 3804 656 sxa
3848 633 3856 648 ι

2251 695 2570 746 trementem
2611 690 2680 762 (ι)
2713 693 3129 762 prminonuisset
3157 708 3307 749 ‘esse
3352 692 3649 750 eiecturum
3675 692 3805 764 (Esi.

2250 797 2396 848 vat,
2426 783 2524 854 2);
2555 784 2608 839 in
2638 783 2859 855 spiritus
2908 786 3217 844 humilitate
3264 786 3525 860 perfectas
3571 787 3806 843 bestii-li-

2251 877 2334 931 nis
2380 879 2560 947 posult
2603 877 2907 933 exordium.
2950 879 3119 951 Igitur
3175 879 3407 936 humilia
3468 883 3736 950 spirantes,
3769 882 3804 934 ii

2248 981 2354 1037 est,
2383 986 2505 1026 esse
2534 985 2594 1026 se
2621 971 2872 1029 homines
2904 973 3277 1042 recordantes,
3313 975 3368 1029 in
3409 974 3650 1031 caelestis
3692 975 3803 1045 regal

2248 1065 2592 1136 possessione
2621 1067 2698 1138 (g)
2727 1068 3030 1135 constituti,
3073 1069 3279 1125 conscii
3321 1069 3427 1125 sibi
3475 1084 3543 1124 ex
3590 1067 3804 1124 «me.

2248 1158 2349 1214 bus
2372 1173 2435 1213 ac
2461 1158 2795 1217 tenuissimis
2833 1176 2894 1216 se
2927 1163 3208 1232 principiis
3233 1163 3468 1216 coalitos
3495 1160 3552 1215 in
3581 1161 3706 1216 hanc
3725 1159 3801 1215 ior-

2247 1266 2390 1306 mam
2410 1253 2635 1323 perfecti
2662 1254 2910 1323 corporis
2934 1255 3233 1324 procreari,
3261 1255 3382 1309 etin
3397 1254 3546 1309 hunc
3561 1253 3799 1316 sentiendi

2246 1339 2560 1411 contueudi,
2606 1345 2904 1416 judicandi,
2950 1347 3143 1418 agendi
3197 1361 3446 1412 sensum,
3493 1346 3606 1401 Deo
3642 1346 3799 1416 prator-

2248 1444 2360 1490 tum
2390 1437 2752 1504 ministrante,
2803 1439 3099 1508 procedere
3141 1457 3155 1494 :
3210 1437 3347 1494 nihil
3391 1438 3644 1509 cuiquam
3687 1452 3798 1492 saw

2247 1543 2388 1595 esse,
2441 1529 2573 1585 nihil
2626 1531 2930 1601 proprium,
2978 1531 3073 1589 sed
3133 1531 3348 1586 cunctis
3401 1530 3554 1586 dono
3618 1532 3799 1600 parcatis

2249 1621 2404 1674 unius
2435 1621 2625 1678 eadem
2653 1633 2709 1677 et
2738 1624 2988 1679 veniendi
3018 1625 3070 1678 in
3105 1624 3273 1678 vitam
3320 1623 3490 1678 tribui
3536 1625 3798 1694 primordia,

2247 1723 2302 1769 ct
2340 1715 2522 1769 utendi
2549 1715 2630 1788 (tt)
2660 1731 2722 1772 ea
2753 1717 3108 1772 substantiam
3141 1716 3448 1771 ministrari
3477 1735 3493 1771 :
3538 1733 3602 1772 ac
3629 1732 3714 1772 nos
3733 1733 3798 1785 op-

545 1819 664 1865 artc
707 1810 872 1866 futuri
903 1828 1091 1868 eorum
1123 1813 1286 1868 oflicii
1316 1830 1450 1884 opus
1474 1815 1753 1885 proditur;
1803 1825 1860 1870 nt
1908 1815 2145 1886 piscibus
2172 1809 2219 1870 Β
2250 1806 2366 1861 limi
2398 1808 2561 1875 illim.
2592 1811 2679 1878 qui
2709 1811 2866 1865 nobis
2887 1812 2958 1866 sit
2985 1811 3085 1866 ista
3116 1812 3366 1883 largitus,
3402 1813 3673 1883 exemplo,
3712 1828 3796 1882 pcr-

545 1917 578 1957 e
607 1904 765 1970 mari,
814 1905 887 1960 ita
939 1905 1250 1960 hominibus
1296 1905 1554 1978 deinceps
1585 1923 1616 1962 e
1645 1907 1846 1962 smcuio
1878 1908 1928 1960 in
1964 1907 2142 1961 locum

545 1997 902 2065 superiorem,
937 1997 988 2052 id
1046 2009 1149 2060 est,
1199 1999 1250 2053 in
1308 2000 1486 2054 lumen
1555 2000 1794 2056 caelestis
1851 2000 2144 2056 habitaculi

549 2087 947 2154 protrahendis.
999 2089 1202 2156 Quibus
1233 2100 1286 2145 et
1319 2101 1492 2146 artem
1520 2101 1574 2148 et
1611 2093 1810 2162 patrias
1860 2101 1914 2147 et
1951 2091 2144 2148 domos

549 2179 997 2250 relinquentibus,
1048 2182 1307 2238 docemur
1359 2181 1638 2240 Christum
1667 2185 1926 2249 secuturi,
1954 2195 2010 2240 et
2043 2200 2145 2240 sac-

543 2275 748 2330 cuiaris
778 2277 902 2330 vita:
930 2276 1306 2342 sollicitudine,
1336 2288 1392 2333 et
1422 2287 1660 2348 paterna:
1681 2279 1884 2334 domus
1914 2294 2144 2334 consue-

547 2367 733 2424 tudine
787 2385 892 2424 non
932 2370 1126 2426 teneri.
1156 2365 1214 2425 lu
1265 2382 1497 2442 quatuor
1525 2389 1654 2428 vero
1708 2375 1937 2444 primum
1993 2375 2140 2444 Apo-

499 2460 700 2516 ’.stolis
748 2460 1033 2532 eligendis,
1091 2473 1285 2533 praeter
1332 2481 1512 2519 rerum
1564 2465 1749 2533 iidem,
1793 2466 1915 2536 quia
1961 2476 2015 2522 et
2069 2466 2143 2521 ita

541 2563 752 2624 gestum
803 2567 926 2624 est,
987 2557 1287 2612 futurorum
1347 2557 1809 2630 Evangelistarum
1883 2575 2142 2617 numerus

541 2651 938 2722 praeﬁguntur.
972 2652 1254 2710 Galilaeam
1301 2655 1461 2726 igitur
1503 2657 1714 2721 circuit,
1773 2664 1830 2711 et
1868 2657 1922 2711 in
1973 2671 2139 2728 syna-

538 2745 689 2814 gOgis
713 2746 963 2816 praedicat
989 2747 1139 2820 regni
1173 2748 1521 2820 Evangelium
1557 2768 1570 2801 :
1602 2758 1657 2804 et
1710 2749 1953 2804 omnium
1984 2749 2142 2821 :rgri-

537 2836 785 2891 tudinum
810 2839 1148 2895 iniirmitates
1173 2840 1464 2907 medendo,
1492 2841 1645 2896 factis
1670 2842 1785 2912 ipse
1811 2859 1870 2898 se
1896 2842 2137 2912 profert:

541 2937 602 2984 ut
626 2947 784 3000 quem
816 2932 868 2986 in
927 2933 1309 3004 prophetarum
1361 2935 1726 2990 voluminibus
1773 2936 1956 3008 legere
1985 2944 2142 2994 erant

538 3024 708 3094 soliti,
740 3035 1064 3096 praesentem
1107 3029 1366 3098 operibus
1408 3037 1818 3085 contuerentur.

1149 3163 1374 3222 CAPUT
1429 3163 1520 3222 IV.

539 3273 621 3332 De
640 3275 952 3336 beatitudine
981 3286 1031 3332 et
1059 3281 1346 3350 praceptis,
1369 3282 1433 3338 de
1452 3282 1864 3340 reconciliatione
1893 3283 2139 3353 fratrum,

611 3371 677 3430 de
705 3371 982 3440 adulterio,
1013 3373 1078 3427 de
1106 3374 1258 3430 oculo
1289 3384 1338 3432 et
1366 3391 1525 3432 manu
1571 3378 1822 3445 eruenda,
1874 3379 1939 3432 de
1977 3382 2139 3453 jura-

609 3464 793 3519 mcntis
819 3472 868 3519 et
899 3465 1241 3538 etcentosyna.

613 3575 663 3628 l.
692 3575 925 3630 Christus
964 3577 1016 3631 in
1067 3587 1267 3643 monte,
1323 3578 1467 3648 quid.
1489 3609 1562 3622 —
1586 3579 1942 3654 Congregatis
1975 3583 2141 3654 igitur

539 3667 784 3736 pluribus
811 3669 1010 3736 turbis,
1039 3679 1273 3726 montem
1298 3673 1638 3739 conscendit,
1662 3683 1718 3730 et
1737 3675 1891 3731 docet
1919 3675 2135 3748 (Matth.

537 3775 593 3824 ιν,
641 3761 663 3813 l
694 3761 714 3831 )
749 3777 762 3814 :
798 3762 849 3816 in
884 3773 1120 3831 paternae
1150 3763 1359 3819 scilicet
1388 3765 1689 3836 majestatis
1727 3771 1933 3838 positus
1978 3771 2139 3827 celsi-

540 3849 746 3917 tudine,
779 3851 1018 3926 caelestis
1060 3855 1183 3910 vitae
1216 3866 1482 3927 przecepta
1512 3859 1812 3915 constituit.
1848 3859 1962 3916 Non
1991 3863 2137 3919 cnim

537 3944 858 3999 mternitatis
909 3945 1174 4014 instituta,
1208 3947 1314 4002 nisi
1343 3949 1393 4003 in
1425 3950 1726 4006 mternitate
1759 3953 1986 4022 positus,
2022 3963 2136 4010 tra-

533 4035 783 4093 didisset.
813 4038 1057 4109 Denique
1083 4039 1158 4094 ita
1189 4041 1448 4111 scriptum
1477 4052 1560 4098 est
1587 4061 1600 4097 :
1633 4045 1850 4115 Aperuit
1878 4063 1932 4102 os
1964 4065 2133 4117 suum,

533 4139 581 4183 et
620 4130 827 4185 docebat
876 4148 964 4186 eos
1017 4130 1037 4205 (
1082 4130 1223 4188 Ibid.
1259 4131 1356 4208 2).
1393 4133 1652 4190 Locutum
1737 4155 1860 4194 cum
1925 4140 2134 4209 fuisse,

533 4224 833 4293 promptius
876 4233 996 4280 erat
1047 4224 1252 4282 dicere.
1306 4225 1412 4284 Sed
1452 4228 1574 4298 quia
1609 4228 1662 4286 in
1691 4230 1856 4302 gloria
1895 4245 2134 4298 paterna:

537 4316 837 4387 maiestatis
863 4317 934 4390 (e)
959 4319 1254 4386 institerat,
1280 4331 1336 4375 et
1365 4323 1724 4378 aeternitatem
1758 4325 1932 4404 680
1970 4327 2134 4383 duce-

533 4406 644 4471 bat,
679 4407 878 4463 idcirco
907 4408 973 4463 ad
1024 4417 1230 4465 motum
1267 4410 1500 4480 Spiritus
1547 4413 1851 4492 eloquentis
1881 4417 2134 4474 obedissc

535 4498 836 4556 ostenditur
864 4501 1078 4558 humani
1119 4504 1232 4558 oris
1271 4503 1533 4577 cilicium.

2248 1898 2449 1955 functae
2477 1900 2530 1956 in
2557 1917 2656 1958 nos
2686 1903 2942 1958 bonitatis
2980 1905 3097 1974 ejus
3121 1920 3249 1960 esse
3289 1905 3524 1962 aemulos
3570 1915 3795 1976 oportere;

2247 2002 2307 2048 ut
2354 1993 2479 2049 boni
2523 1996 2772 2054 omnibus
2816 1998 3006 2064 simus,
3048 2000 3368 2053 communia
3397 2003 3584 2054 omnia
3607 2002 3796 2054 orantis

2245 2085 2654 2153 existimemus;
2703 2087 2846 2144 nulla
2891 2105 2989 2144 nos
3035 2106 3134 2144 nec
3183 2092 3470 2157 surcularis
3500 2091 3662 2146 fastus
3688 2091 3793 2145 isse-

2246 2178 2434 2245 lentia,
2470 2196 2570 2236 nec
2590 2196 2750 2253 opum
2773 2182 3060 2253 cupiditas,
3092 2198 3196 2238 nec
3216 2183 3398 2240 inanis
3418 2185 3608 2255 gloria:
3629 2183 3798 2238 ambitis

2246 2285 2558 2346 corrumpat
2587 2292 2600 2328 ε
2627 2275 2719 2331 sed
2766 2276 2993 2346 subjecti
3043 2277 3396 2342 manus,
3429 2287 3486 2333 et
3529 2277 3598 2334 dc
3619 2294 3782 2333 suum

2245 2367 2410 2422 nione
2438 2367 2649 2423 vivendi
2678 2371 2730 2423 in
2761 2384 2953 2426 omnes
2979 2372 3292 2425 communis
3319 2371 3451 2425 vitae
3474 2369 3714 2426 cbaritate
3743 2380 3798 2424 te-

2247 2474 2492 2525 neamur,
2545 2477 2798 2532 magnum
2847 2466 3008 2516 etiam
3061 2463 3114 2516 in
3161 2477 3253 2528 eo,
3299 2463 3450 2533 quod
3500 2464 3610 2518 nati
3638 2479 3794 2526 sumas,

2243 2552 2442 2608 divina
2471 2554 2726 2609 bonitatis
2756 2554 2991 2610 futurum
3017 2555 3324 2627 profectum
3355 2558 3425 2627 (i)
3457 2559 3795 2620 existimatur;

2243 2644 2399 2715 cujus
2449 2649 2728 2716 prmmium
2779 2657 2942 2719 atque
2977 2650 3152 2704 honor
3200 2653 3497 2720 prmscntis
3526 2652 3641 2706 Vilt

2247 2741 2346 2796 bus
2391 2741 2460 2796 sit
2507 2743 2796 2798 mcrendus
2827 2761 2840 2799 :
2888 2755 3051 2816 atque
3088 2745 3162 2800 ita
3197 2761 3297 2816 per
3331 2747 3477 2802 hanc
3505 2747 3707 2818 spiritus
3737 2747 3800 2800 iu-

2243 2835 2528 2892 militatem
2555 2852 2658 2908 qua
2685 2837 2754 2892 de
2787 2838 2896 2894 Deo
2927 2840 3079 2895 nobis
3107 2838 3538 2895 meminerimus
3567 2852 3617 2895 et
3638 2841 3792 2895 induit:

2242 2930 2445 2997 omnia,
2490 2941 2544 2986 et
2588 2931 2844 3004 deinceps
2872 2932 3080 3004 potiora
3107 2935 3414 3004 speranda,
3446 2936 3694 2990 emtorem

2243 3038 2371 3088 num
2400 3023 2504 3078 erit
2532 3034 2798 3080 nostrum.

2312 3117 2367 3171 5.
2397 3115 2542 3172 Beati
2585 3119 2765 3186 mites;
2814 3119 3055 3191 quoniam
3085 3120 3187 3188 ipsi
3224 3121 3612 3176 hereditatum
3647 3130 3799 3176 terra.

2167 3209 2216 3274 ε
2251 3209 2466 3282 (Matth.
2494 3227 2550 3278 v,
2582 3210 2663 3283 i).
2692 3211 2911 3268 Milibus
2940 3224 3098 3269 terra:
3131 3214 3522 3269 hzercditatem
3556 3213 3798 3284 pollicetur.

2247 3303 2297 3357 id
2331 3312 2432 3366 est,
2462 3302 2579 3374 ejus
2609 3305 2875 3374 corporis,
2898 3304 3042 3385 quod
3082 3304 3202 3375 ipse
3248 3306 3526 3362 Dominus

2243 3395 2609 3452 habitaculum
2655 3396 2810 3467 (Vid.
2840 3398 3003 3469 infra,
3027 3415 3081 3451 η.
3119 3398 3230 3469 12).
3249 3397 3395 3468 ραι..
3425 3416 3526 3469 per
3550 3407 3796 3454 mansuem-

2241 3489 2424 3546 dinem
2456 3491 2651 3545 mentis
2681 3501 2882 3546 nostra!
2909 3490 3236 3546 habitaverit
3263 3491 3531 3548 Christus
3583 3493 3632 3547 in
3673 3491 3796 3550 nobis.

2243 3598 2342 3638 nos
2371 3599 2586 3655 quoque
2615 3584 2778 3658 εει
2801 3585 2968 3655 gloria
2991 3585 3280 3641 ciariiicati
3310 3587 3443 3658 ejus
3468 3587 3697 3658 corporis
3719 3599 3797 3638 tes-

2244 3679 2461 3732 tiemur.

2313 3768 2369 3823 4.
2397 3767 2561 3840 Cujus
2607 3771 2773 3824 luctus
2816 3772 2914 3825 erit
2962 3773 3274 3828 consolatio.
3305 3803 3386 3816 —-
3418 3774 3573 3830 Beati
3597 3776 3796 3847 legata;

2245 3863 2490 3933 quoniam
2536 3863 2639 3929 ipsi
2685 3865 3090 3920 consolabuntur
3134 3865 3305 3939 (Ibid.
3363 3870 3397 3924 5
3436 3871 3478 3936 ).
3533 3868 3794 3939 Lugentiixb:

2241 3968 2459 4012 :eteruze
2504 3957 2897 4014 consolationis
2924 3960 3118 4015 solatia
3159 3962 3524 4031 reprornittit.
3557 3963 3666 4017 Non
3686 3962 3790 4014 ori-i-

2243 4060 2381 4105 tates
2418 4061 2510 4106 aut
2553 4053 2910 4108 contumelias
2955 4065 3046 4108 aut
3087 4054 3285 4109 damna
3335 4053 3789 4118 merentibus,sc=i

2241 4155 2460 4222 peccata
2490 4154 2671 4202 vetera
2701 4146 2978 4214 ﬂentibus,
3009 4156 3066 4204 et
3085 4149 3381 4208 criminum
3415 4152 3614 4223 quibus
3655 4150 3792 4206 obses

2238 4238 2511 4294 descimus
2555 4240 2886 4296 conscientia
2951 4243 3301 4308 aerumnosis,
3362 4242 3485 4300 haec
3549 4243 3714 4301 sedula
3758 4241 3792 4294 is

2237 4331 2380 4386 caalo
2409 4331 2710 4387 consolatio
2742 4343 3098 4403 praeparatur.

2310 4421 2364 4478 5.
2407 4422 2556 4480 Beati
2583 4425 2670 4495 qui
2696 4425 2926 4482 esuriunt
2954 4436 3002 4482 et
3028 4427 3211 4490 sitiunt
3255 4429 3569 4501 justitiam;
3611 4429 3790 4500 asceis:

2235 4515 2339 4587 ipsi
2363 4519 2732 4574 saturabuntur
2771 4519 2935 4591 (Ibid.
2972 4521 3053 4591 6).
3084 4522 3411 4582 Sitientibus
3463 4536 3522 4580 et
3564 4523 3790 4579 esuriens-

605 4589 660 4689 _2.
696 4590 1009 4689 flumilitatis
1036 4609 1205 4689 causa:
1223 4604 1271 4649 et
1295 4597 1582 4666 prtentium.
1609 4626 1681 4645 π-
1706 4596 1852 4654 Beati
1879 4617 2131 4673 pauperes
2157 4609 2213 4671 D
2241 4609 2339 4663 bus
2363 4610 2651 4680 justitiam,
2684 4589 3074 4670 beatitudinem
3119 4615 3308 4670 tribuit
3340 4636 3354 4670 :
3403 4618 3702 4689 signiﬁcans
3723 4630 3788 4668 rs-

531 4683 755 4754 spiritu;
778 4686 1016 4754 quoniam
1038 4687 1272 4756 ipsorum
1301 4697 1375 4742 est
1413 4707 1627 4764 regnum
1661 4692 1909 4747 caelorum
1960 4693 2124 4767 (Ibid.

529 4775 609 4852 '5).
645 4776 908 4850 Exemplo
947 4777 1204 4838 Dominus
1231 4781 1495 4844 docuerat
1523 4783 1776 4846 humanas
1816 4789 2132 4852 ambitionis

601 4961 680 5034 (a)
714 4957 798 5034 _ln
827 4958 1008 5034 tribus
1030 4973 1159 5014 mss.
1190 4963 1556 5032 contemplata,

605 5031 684 5109 (ιτ)
712 5031 770 5087 ιη
801 5032 1096 5109 potioribus
1127 5047 1254 5109 mss.
1285 5031 1572 5101 ostendens,
1615 5034 1854 5109 (barbara
1911 5039 2130 5109 quidem

533 5105 718 5176 lectio,
745 5103 840 5158 sed
886 5103 1023 5158 i‘orte
1050 5103 1335 5176 sincerior,
1370 5121 1464 5173 pro
1485 5107 1623 5176 quod
1647 5107 1838 5163 indicio
1865 5103 1958 5164 est.

603 5173 676 5248 (c)
707 5177 794 5231 Sic
804 5190 951 5248 _tnss.
989 5174 1183 5248 quibus
1219 5176 1396 5248 verbis
1431 5173 1608 5232 obiter
1629 5192 1966 5236 memoratur
1995 5183 2127 5240 illud

531 5243 716 5302 Matth.
747 5264 759 5299 :
791 5245 991 5324 Relicta
1020 5246 1222 5324 civitate
1251 5243 1512 5324 Nasaretlt
1543 5249 1787 5306 habitauit
1807 5253 1858 5306 in
1880 5251 2123 5324 Capitur-

531 5335 763 5396 statim.
786 5318 1394 5396 utadimpleretunquod
1423 5318 1719 5396 dictumuest
1743 5340 1835 5396 per
1884 5318 2120 5394 Esaiam,

531 5389 802 5464 etc._hl:ile
843 5391 1003 5459 igitur
1047 5391 1099 5443 in
1148 5388 1365 5464 Bad._et
1403 5393 1672 5464 nonnullis
1703 5388 1834 5449 mss.
1889 5388 2128 5464 proditus

527 5462 586 5516 in
636 5460 1000 5528 Capharnaurn
1050 5470 1095 5514 et
1136 5459 1398 5530 propheta:
1441 5459 1631 5516 Esaia.
1679 5464 1790 5520 Nec
1838 5459 2033 5524 melius
2073 5471 2126 5525 in

528 5531 690 5610 editis
712 5532 1114 5610 aiiis,transiens
1145 5533 1199 5586 in
1221 5531 1592 5610 Capharnaum
1625 5547 1669 5588 et
1705 5542 1990 5610 propheta,
2017 5551 2123 5596 etc.

603 5603 688 5675 (ά)
727 5601 791 5675 in
820 5604 1138 5674 quibusdam
1181 5618 1311 5658 mss.
1343 5601 1633 5660 attentione.

601 5674 674 5752 (ς)
719 5674 1004 5752 Beceensis
1046 5675 1261 5752 codex,
1313 5675 1607 5732 instituerat
1653 5693 1672 5752 ς
1734 5679 1954 5738 Rectius
2011 5683 2125 5752 alii,

527 5744 802 5810 institerat,
831 5745 935 5802 hoc
975 5754 1080 5813 est,
1125 5748 1322 5818 positus
1353 5757 1484 5817 erat,
1509 5751 1722 5822 supple,
1755 5768 1848 5808 nec
1873 5755 1937 5808 ab
1963 5772 2025 5812 ea
2047 5744 2127 5810 re;

532 5825 749 5870 cesserat
759 5855 772 5869 .

2242 4713 2449 4759 tensam
2481 4706 2533 4760 in
2564 4706 2655 4764 Dei
2687 4697 2988 4766 doctrinam
3014 4719 3330 4766 sanctorum
3355 4713 3661 4769 aviditatem
3680 4708 3788 4766 bats

2240 4800 2492 4869 perlecta:
2524 4801 2576 4858 in
2605 4802 2745 4866 ctelo
2770 4803 3038 4862 satietatis
3065 4804 3293 4875 expleri.

2311 4977 2380 5052 (ι’)
2411 4976 2594 5060 βάῇμ,
2637 4983 2942 5056 prwmonuit
2987 4999 3100 5041 esse
3144 4985 3400 5044 lecturum
3435 5003 3457 5046 .'
3505 4989 3785 5060 corrigam:

2237 5060 2301 5102 ex
2334 5051 2645 5118 potioribus
2658 5069 2788 5109 mss.

2307 5120 2385 5194 (g)
2431 5122 2587 5193 Apud
2621 5125 2738 5182 Par.
2789 5127 3072 5194 constituit,
3124 5131 3339 5186 conscii.
3394 5130 3570 5188 Minus
3616 5127 3782 5185 maie's

2307 5140 2385 5191 tl)
2431 5140 2586 5193 Apua
2621 5140 2738 5182 t'ar.
2789 5140 3072 5194 consmutt,
3124 5140 3339 5186 conscii.
3394 5140 3570 5188 Minus
3616 5148 3650 5185 tr

2232 5140 2391 5269 Collis.
2410 5209 2529 5269 _ms.
2560 5206 2686 5269 post
2709 5199 2994 5262 constituit,
3027 5201 3262 5269 positum
3295 5209 3384 5258 est
3402 5206 3650 5259 conscios.

2305 5263 2385 5404 (Ii)
2409 5264 2463 5318 in
2488 5267 2730 5336 vulgatis,
2757 5269 2950 5323 eadem.
2979 5263 3196 5326 Rectius
3219 5273 3272 5327 in
3302 5291 3436 5328 mss.
3467 5293 3546 5340 ea,
3567 5275 3673 5332 scil.
3695 5272 3781 5324 vita.

2330 5333 2371 5404 i)
2406 5337 2603 5392 Eadem
2659 5339 2709 5396 in
2758 5341 2886 5404 psal.
2919 5355 3108 5402 omn.
3151 5360 3204 5398 η.
3243 5346 3292 5404 i,
3325 5346 3646 5404 luculentins
3680 5344 3780 5397 edis-

2330 5333 2373 5407 i)
2406 5333 2603 5412 Eadem
2632 5339 2709 5412 ‘iu
2758 5341 2886 5409 psal.
2919 5355 3108 5402 omn.
3151 5360 3204 5398 η.
3243 5346 3292 5412 i,
3325 5333 3646 5404 Ιιιειιιεπίιὶιιε
3680 5344 3780 5397 edis-

2235 5418 2490 5487 serttntur
2538 5410 2588 5462 in
2630 5409 2771 5487 hunc
2820 5415 3035 5467 modotu
3085 5431 3096 5466 :
3155 5409 3336 5487 Neque
3385 5419 3520 5472 enim
3574 5421 3779 5486 quissat!

2239 5485 2340 5530 tam
2368 5480 2572 5534 demens
2606 5491 2693 5535 aut
2743 5483 2892 5551 inops
2920 5501 3069 5538 sensu
3101 5498 3197 5552 est,
3239 5480 3292 5540 ut
3323 5490 3378 5541 in
3419 5491 3477 5542 id
3521 5480 3629 5543 run:
3657 5480 3780 5539 natis:

2241 5560 2366 5634 esset
2393 5563 2568 5608 natum
2589 5569 2642 5606 se
2663 5554 2933 5634 existimet,
2979 5567 3031 5634 ut
3052 5573 3255 5634 rursum
3277 5569 3550 5634 postquam
3584 5571 3718 5634 natat
3733 5565 3780 5630 εἱ

2241 5622 2416 5676 nullus
2442 5632 2569 5678 esset
2595 5639 2612 5677 :
2634 5641 2749 5678 cum
2771 5625 2880 5679 sine
2899 5623 3053 5680 dubio
3078 5622 3458 5686 meminerimus
3484 5651 3544 5688 ea:
3573 5631 3662 5687 Dei

2240 5699 2342 5770 tate
2363 5699 2642 5770 profectum
2670 5713 2774 5770 esse
2795 5698 2932 5770 quod
2961 5708 3111 5770 natus
3151 5712 3245 5764 est,
3272 5719 3364 5756 nec
3387 5704 3444 5756 id
3469 5707 3522 5758 in
3560 5705 3776 5759 ὀστέω-ηε

2237 5763 2588 5847 εῙαε’.ηιᾱιὶιῇω
2613 5767 2782 5847 cadat,
2805 5763 2869 5822 ἰιι
2893 5769 2945 5823 in
2970 5769 3115 5825 nobis
3153 5772 3250 5828 hoc
3298 5791 3451 5838 suurn
3499 5791 3673 5832 murras
3713 5782 3777 5840 sui

2236 5839 2495 5890 nascimur
2516 5839 2792 5893 interimat.
