3882 6332
31 337 140 396 935

963 337 1505 398 COMMENTARIUS
1536 338 1602 397 IN
1645 338 2076 401 ΜᾹΤΊἭΕῸΜ.
2108 341 2264 400 CAP.
2301 339 2429 399 Νη

3215 337 3317 409 ost

105 456 158 512 6.
205 455 352 512 Beati
397 454 788 520 misericordes;
835 457 1078 526 quoniam
1126 458 1254 527 ipsis
1302 459 1621 514 miserebitur
1652 460 1700 521 Α
1725 473 1822 515 eos
1859 457 2188 515 beatitudine
2217 462 2552 521 muneratur,
2587 453 2780 527 quibus
2807 457 2988 513 omnia
3038 473 3135 528 pro
3165 461 3325 518 Chri—

32 552 176 608 Deus
201 552 414 625 (Matth.
445 569 498 618 ν,
529 551 606 623 7).
635 551 1068 608 Misericordibus
1096 553 1623 609 misericordlzemu-

33 662 164 700 nera
211 655 496 716 praeparat.
545 645 602 700 In
650 656 854 702 tantum
882 646 1024 701 enim
1057 646 1198 703 Deus
1225 647 1624 704 benevolentia:

31 747 231 794 nostrae
248 739 300 793 in
332 752 521 793 omnes
549 737 851 794 delectatur
874 739 1088 804 aﬂectu,
1109 749 1167 794 ut
1199 741 1625 796 misericordiam

31 844 185 885 suam
213 830 284 884 sit
309 827 383 899 (a)
414 825 1010 886 solis'misericordibus
1037 830 1397 901 priestiturus.

109 923 159 975 7.
195 919 292 976 Dei
316 931 645 991 conspectum
675 925 810 993 ferre
839 924 1008 992 nequit
1044 924 1363 978 immundus.
1389 955 1460 966 —
1483 923 1629 980 Beati

36 1013 226 1067 mundo
257 1013 446 1080 corde;
473 1015 716 1084 quoniam
759 1013 924 1068 Deum
956 1015 1056 1084 ipsi
1085 1013 1321 1069 uidebunt
1352 1013 1400 1088 (1
1411 1014 1513 1068 bid.
1546 1013 1626 1086 8).

34 1107 246 1164 Mundis
291 1107 455 1164 corde
480 1118 830 1179 conspectum
865 1108 956 1165 Dei
1003 1108 1254 1179 spondet.
1305 1108 1448 1164 Nihil
1480 1109 1624 1164 enim

38 1201 306 1273 pollutum
333 1211 389 1257 et
414 1199 695 1256 sordidum
719 1200 786 1258 ad
815 1216 1102 1258 occursum
1122 1201 1326 1260 divinae
1369 1201 1633 1257 claritatis

39 1293 258 1358 insistit,
309 1302 365 1349 et
416 1291 483 1349 ad
524 1303 878 1363 conspectum
941 1295 1035 1351 Dei
1085 1294 1632 1368 acies(b)obsoletne

42 1387 236 1442 mentis
263 1385 588 1442 hebetatur:
637 1402 732 1443 eos
762 1375 969 1443 scilicet
998 1397 1055 1444 et
1101 1388 1242 1443 visui
1284 1388 1340 1444 et
1385 1389 1632 1444 occursul

47 1479 146 1536 Dei
176 1494 295 1535 esse
318 1479 392 1551 (c)
429 1489 697 1551 patentes,
727 1481 922 1552 quibus
948 1497 1044 1551 per
1082 1481 1244 1538 animi
1293 1483 1522 1538 nitorem
1573 1498 1637 1539 ac

47 1574 166 1628 vita:
216 1572 501 1642 puritatem
557 1583 797 1644 potestas
841 1575 912 1630 sit
959 1577 1273 1632 contuendi.
1325 1577 1442 1631 Non
1491 1578 1634 1632 enim

45 1666 148 1722 nisi
197 1665 385 1738 spiritu
432 1667 681 1737 perfecti,
715 1666 796 1740 (d)
824 1677 878 1722 et
907 1669 1312 1726 immortlitate
1345 1673 1632 1738 immutati,

43 1758 186 1829 quod
225 1758 357 1814 solis
387 1759 600 1818 mundis
647 1758 815 1814 corde
843 1760 1167 1831 dispositum
1198 1770 1303 1828 est,
1346 1761 1450 1818 hoc
1495 1763 1637 1835 quod

46 1853 96 1906 in
127 1852 240 1907 Deo
265 1861 347 1906 est
378 1852 682 1908 immortale
707 1867 1013 1909 cernemus.

59 1995 62 1998 .
115 1947 169 2002 8.
195 1945 341 2000 Beati
372 1946 611 2016 paciﬁci;
639 1949 883 2017 quoniam
903 1947 1000 2018 ﬁlii
1023 1947 1119 2003 Dei
1140 1949 1452 2004 vocabuntur
1474 1949 1636 2024 (Ibid.

43 2041 122 2104 9).
157 2039 506 2094 Paciticorum
537 2039 812 2095 beatitudo
843 2041 1149 2110 adoptionis
1187 2052 1271 2098 est
1301 2058 1532 2111 merces,
1583 2052 1642 2120 ut

45 2130 142 2185 lilii
208 2131 300 2185 Dei
352 2139 632 2196 maneant;
703 2147 900 2204 parens
968 2132 1112 2188 enim
1181 2135 1421 2188 omnium
1499 2135 1642 2191 Deus

41 2239 184 2280 unus
234 2231 334 2280 est.
383 2224 567 2295 Neque
610 2225 768 2281 aliter
809 2226 1040 2282 transire
1087 2227 1139 2281 in
1189 2227 1641 2298 nuncupationem

41 2317 267 2375 familia:
295 2317 414 2388 ejus
441 2318 648 2384 licebit,
674 2318 778 2373 nisi
806 2318 1080 2374 oblivione
1108 2334 1293 2376 earum
1323 2314 1517 2376 rerum'
1554 2335 1644 2375 as-

40 2419 282 2481 sumpta,
313 2411 508 2480 quibus
548 2426 831 2482 possemus
871 2411 1099 2481 otl‘endi,
1131 2411 1385 2469 fraternae
1410 2413 1640 2469 invicem

42 2503 328 2560 charitatis
359 2517 487 2573 pace
518 2504 781 2558 vivamus.

119 2597 175 2655 9.
213 2598 354 2655 Beati
377 2601 464 2669 qui
502 2602 900 2671 persecutionem
931 2601 1198 2672 patiuntur
1228 2612 1437 2674 propter
1477 2604 1642 2678 justi-

1727 560 1814 607 sto
1855 554 1961 622 pati
1993 551 2064 625 (e)
2112 568 2315 623 pronus
2343 551 2570 607 allectus
2608 558 2735 607 est:
2789 553 2913 622 quia
2964 554 3080 623 ipse
3117 558 3322 625 justitia

1727 656 1830 701 est.
1861 646 1954 700 liis
1987 647 2148 716 igitur
2172 655 2226 701 et
2254 661 2476 718 regnum
2507 654 2836 713 reservatur,
2861 656 2909 702 et
2938 662 3144 704 merces
3160 650 3325 728 682

1728 737 1782 794 in
1813 739 1953 794 cmlo
1983 739 2198 809 copiosa
2246 738 2599 810 promittitur,
2649 739 2736 810 qui
2769 739 2822 795 in
2867 750 3181 815 contemptu
3227 761 3330 799 sec-

1730 832 1836 888 culi
1859 847 2124 903 pauperes
2155 833 2368 902 spiritu,
2408 840 2463 889 et
2505 831 2715 887 damnis
2744 849 2925 888 rerum
2976 838 3326 904 prtesentlum

1729 914 2058 995 iacturisque
2107 925 2376 994 probrosi,
2423 932 2478 980 et
2525 924 2786 980 adversus
2834 925 3120 983 maledicta
3153 929 3330 986 homi-

1735 1033 1862 1074 num
1891 1018 2129 1073 cmlestis
2158 1017 2380 1088 justitize
2426 1016 2787 1085 coniessores,
2831 1032 2894 1073 ac
2933 1019 3187 1094 deinceps
3214 1023 3332 1093 glo-

1733 1109 1866 1165 rlosi
1899 1109 2288 1179 promissorum
2326 1108 2422 1165 Dei
2454 1117 2740 1181 martyres,
2771 1123 2988 1168 omnem
3014 1112 3141 1168 vita:
3173 1129 3328 1172 usum

1739 1204 2049 1261 testimonio
2079 1202 2149 1276 (Γ)
2180 1205 2499 1261 aeternitatis
2530 1203 2652 1275 ejus
2677 1201 3055 1276 impenderim.

1807 1297 1896 1353 10.
1930 1297 2026 1351 Sal
2055 1306 2205 1350 terra:
2225 1297 2464 1366 apostoli.
2491 1326 2565 1338 —
2603 1295 2704 1352 Vos
2727 1300 2847 1356 estis
2876 1301 2955 1355 sal
2983 1311 3151 1358 terrae.
3179 1303 3333 1372 Quod

1737 1390 1782 1444 si
1808 1389 1886 1444 sat
1908 1387 1984 1460 (g)
2012 1389 2324 1461 infatuatum
2354 1391 2509 1460 fuerit
2539 1409 2554 1445 :
2584 1392 2652 1445 ad
2679 1392 2896 1447 nihilum
2925 1393 3058 1448 ualet
3100 1396 3155 1450 id
3194 1399 3334 1466 quod

1738 1481 2184 1552 salietur(Mattlt.
2211 1498 2264 1550 v,
2299 1482 2410 1555 12).
2437 1483 2552 1551 Sal,
2576 1495 2632 1538 ut
2660 1486 2912 1550 arbitror,
2947 1497 3102 1544 term
3130 1491 3334 1548 nullum

1739 1585 1824 1634 est
1857 1594 1869 1629 :
1897 1575 2168 1647 quomodo
2196 1589 2326 1646 ergo
2355 1576 2630 1647 apostolos
2659 1579 2736 1632 sal
2765 1588 2924 1635 terrae
2967 1585 3335 1654 nuncupavit?

1742 1671 1848 1728 Sed
1906 1671 2208 1741 proprietas
2254 1677 2339 1726 est
2391 1671 2677 1742 quaerenda
2727 1673 3015 1742 dictorum,
3074 1693 3232 1747 quam
3281 1687 3338 1736 et

1743 1764 2110 1837 apostolorum
2141 1763 2400 1832 cilicium,
2467 1774 2520 1819 et
2563 1765 2732 1834 ipsius
2781 1767 2910 1822 salis
2959 1777 3148 1824 natura
3188 1787 3343 1828 mon-

1668 1864 1716 1926 B
1743 1858 1952 1913 strabit.
2000 1857 2091 1914 Sal
2121 1866 2205 1912 est
2258 1857 2309 1912 in
2359 1871 2419 1912 se
2472 1871 2579 1912 uno
2615 1858 2899 1914 continens
2943 1875 3094 1934 aqua:
3125 1870 3180 1918 et
3205 1864 3341 1933 ignis

1743 1951 2108 2018 elementum;
2159 1958 2215 2006 et
2260 1949 2365 2006 hoc
2411 1967 2479 2006 ex
2524 1949 2736 2006 duobus
2764 1962 2846 2007 est
2884 1969 3069 2009 unum.
3121 1955 3219 2011 llic
3247 1957 3346 2026 igi-

1745 2053 1832 2098 tur
1863 2042 1944 2116 (Ii)
1974 2044 2027 2098 in
2057 2058 2223 2098 unum
2253 2058 2407 2098 usum
2438 2043 2654 2096 immani
2706 2045 2918 2114 generis
2967 2045 3209 2113 effectus,
3262 2047 3347 2102 in-

1744 2136 2148 2206 corruptionem
2198 2135 2516 2207 corporibus
2561 2135 2759 2207 quibus
2822 2136 2985 2192 fuerit
3054 2138 3348 2209 adspersus

1747 2232 2008 2303 impertit,
2041 2239 2096 2287 et
2121 2231 2186 2285 ad
2213 2245 2429 2286 omnem
2463 2245 2683 2286 sensum
2713 2231 2912 2287 conditi
2942 2231 3150 2303 saporis
3176 2235 3347 2303 aptis-

1747 2325 1918 2386 simus
1963 2330 2065 2378 est.
2120 2321 2366 2392 Apostoli
2415 2332 2594 2378 autem
2642 2330 2770 2378 sunt
2812 2339 2992 2379 rerum
3040 2326 3347 2382 caelestium
3395 2308 3398 2310 ⁷

1750 2418 2162 2490 pra‘dicatore's,
2193 2425 2248 2472 et
2273 2416 2590 2471 aeternitatis
2621 2417 2767 2472 velut
2790 2427 2998 2474 satores
3024 2436 3038 2473 :
3074 2420 3355 2475 immorta-

1749 2512 1954 2567 litatem
2002 2510 2255 2565 omnibus
2300 2509 2639 2580 corporibus,
2691 2508 2887 2580 quibus
2932 2525 3119 2565 eorum
3168 2526 3352 2566 sermo

1748 2607 2048 2676 adspersus
2084 2604 2276 2670 fuerit,
2307 2604 2372 2676 (i)
2402 2613 2774 2670 conserentes,
2805 2612 2986 2678 atque,
3021 2612 3076 2658 ut
3117 2603 3352 2661 Joannes

41 2695 197 2761 tiam,
227 2701 283 2749 et
307 2695 511 2766 reliqua
542 2694 706 2768 (Ibid.
741 2695 852 2767 ιο).
888 2695 1136 2753 Periecta
1181 2696 1250 2751 ad
1305 2707 1638 2768 postremum
1747 2703 2000 2771 superius
2037 2698 2194 2754 testis
2241 2704 2349 2765 est,
2401 2706 2745 2752 sacramento
2773 2712 2928 2767 aqua:
2953 2695 3201 2768 ignisque
3231 2711 3356 2768 per-

128 2877 208 2946 (α)
235 2877 403 2932 Abest
425 2877 550 2934 solis
572 2891 602 2934 a
631 2885 862 2947 quatuor
889 2893 1000 2932 non
1026 2878 1299 2934 inferioris
1340 2889 1483 2934 notae
1507 2895 1645 2935 mss.

51 2959 110 3022 et
136 2950 334 3022 abesse
353 2949 535 3022 debet,
565 2949 756 3022 si__sola
801 2950 965 3018 liuius
1007 2953 1201 3019 capitis
1224 2952 1385 3008 verba
1411 2967 1648 3022 evange.

49 3020 158 3074 lica
200 3021 575 3088 reSpiciantur.
608 3020 722 3075 Non
753 3024 1110 3090 eXpnnximus
1159 3032 1355 3085 tamen,
1405 3039 1470 3078 ne
1512 3020 1650 3082 forte

53 3093 125 3146 ad
154 3092 315 3146 verba
340 3091 542 3147 Christi
573 3108 690 3162 cap.
726 3108 852 3154 xxv,
883 3094 974 3158 55,
1009 3103 1282 3163 respectus
1312 3095 1400 3149 sit.

1760 2881 1846 2936 vel
1884 2896 2008 2935 cum
2052 2895 2204 2935 num.
2236 2880 2292 2945 l,
2321 2877 2558 2934 suadens
2604 2878 2872 2932 neminem
2917 2894 3022 2934 non
3054 2895 3216 2944 egere
3262 2879 3356 2936 Del

1757 2951 2132 3012 misericordia
2160 2970 2175 3010 :
2209 2951 2272 3009 Si
2301 2951 2459 3022 enim,
2493 2950 2685 3020 inquit,
2714 2951 2871 3022 digna
2890 2953 3170 3006 secundum
3202 2968 3362 3022 opera

1762 3034 1941 3082 nostra
1967 3024 2235 3081 retributio
2275 3021 2563 3094 aderit,iin
2603 3021 2926 3094 peccatorum
2963 3039 3025 3080 ac
3053 3021 3361 3082 delictorum

1765 3105 2057 3150 nostrorum
2109 3097 2267 3168 ptrnis
2325 3093 2664 3168 manebimus.
2708 3093 2842 3162 Quid
2889 3095 3363 3168 praetereaWPela-

131 3163 209 3235 (θ)
247 3167 462 3238 Aliquot
502 3179 632 3219 mss.
681 3163 934 3238 subsoteta
973 3168 1218 3221 eminus:
1263 3177 1534 3238 corrupte.
1572 3167 1653 3229 Ab
1763 3169 1908 3236 gium
1946 3163 2164 3235 iuverit,
2207 3166 2448 3238 quodin
2484 3166 2616 3234 psal.
2642 3163 2928 3238 (eumn.
2960 3163 3013 3238 4,
3045 3167 3276 3238 _scribit,
3306 3166 3361 3222 in

61 3235 168 3308 hoc
217 3235 473 3308 obsoleta:
536 3235 732 3291 mentis
794 3235 922 3292 vitio
946 3238 1135 3293 aberat
1172 3235 1461 3308 propheta
1497 3282 1510 3304 ,
1564 3239 1652 3308 qui
1691 3299 1726 3308 _
1765 3235 1866 3294 hac
1885 3239 2104 3307 Quidem
2134 3235 2239 3292 vita
2271 3237 2513 3308 inchoari
2535 3237 2817 3308 sanitatem
2851 3236 3106 3303 hominis,
3131 3237 3225 3292 sed
3255 3254 3364 3293 non

59 3307 116 3362 in
143 3307 275 3374 psal.
307 3322 472 3372 cxxu,
515 3324 570 3362 n.
617 3309 668 3372 l,
721 3318 1049 3377 memoratur
1094 3326 1106 3361 :
1161 3299 1658 3366 Ialmenides}...
1684 3299 1728 3362 C
1765 3299 2130 3366 consummari
2189 3307 2296 3364 nisi
2327 3311 2378 3362 in
2421 3307 2632 3364 altera?
2679 3307 2867 3377 Neque
2907 3308 3052 3364 illius
3094 3299 3364 3364 doctrinae

66 3379 345 3446 petentibus
372 3379 749 3450 contemplandi
778 3375 874 3431 Dei
905 3396 1049 3438 usus.
1086 3395 1174 3446 per
1223 3382 1424 3433 modica
1465 3394 1506 3434 et
1559 3381 1657 3433 di—
1765 3382 1935 3447 magis
1974 3379 2318 3450 commodum
2356 3388 2439 3433 est
2467 3377 2568 3432 hoc
2601 3387 2754 3434 tract.
2782 3375 2922 3448 ‘psal.
2955 3394 3133 3441 cxuv,
3165 3397 3221 3436 ιι.
3252 3380 3362 3436 2οε

63 3468 240 3504 mensa
289 3452 528 3504 admissa:
577 3451 672 3504 sibi
717 3449 842 3502 lucis
888 3451 1178 3518 intervalla,
1211 3452 1281 3504 ad
1326 3452 1658 3506 consuetudi-
1763 3451 1910 3507 Totis
1939 3453 2108 3520 itaque
2135 3451 2188 3504 in
2219 3449 2382 3504 Deum
2411 3450 2550 3503 altisi
2580 3459 2624 3504 et
2673 3451 2910 3503 cadentes
2957 3451 3118 3504 oculis
3147 3452 3370 3520 adspec-

65 3540 182 3578 uem
207 3523 366 3577 totius
395 3523 601 3575 luniinis
631 3532 970 3592 preparatus.
1763 3533 1868 3578 teut
1893 3539 1911 3576 :
1955 3537 2116 3592 neque
2143 3523 2411 3592 quisquam
2439 3523 2512 3574 ita
2541 3521 2606 3575 de
2632 3537 2686 3575 se
2727 3521 2977 3592 conﬁdat.
3005 3532 3062 3574 ut
3099 3539 3201 3576 non
3230 3539 3364 3577 sem-

145 3592 218 3667 (c)
249 3592 321 3646 Ita
348 3610 448 3650 ms.
485 3595 608 3667 Bec.
641 3591 762 3667 cum
793 3593 1026 3667 antiquis
1052 3593 1181 3667 edit.
1215 3593 1320 3650 Alii
1369 3609 1496 3667 tero
1524 3609 1657 3652 mss.
1766 3613 1857 3667 per
1887 3591 2110 3667 cadere,
2133 3591 2331 3667 semper
2361 3609 2414 3667 se
2454 3604 2688 3667 vereatur
2735 3593 2919 3667 allidi._
2958 3591 3127 3646 lmmo
3157 3593 3209 3650 iu
3261 3593 3369 3667 hoc

73 3663 321 3739 patientes
351 3682 368 3718 :
398 3665 536 3739 quod
569 3665 787 3718 verbum
829 3663 955 3739 non?
978 3664 1380 3739 displiceret,_si
1425 3682 1544 3719 cum
1575 3681 1664 3720 se-
1766 3663 1888 3736 ipso
1918 3667 2036 3739 loco
2066 3666 2211 3722 aliud
2239 3663 2460 3739 ottinino
2493 3664 2724 3739 Hilarius
2747 3663 2967 3739 asserit,
3017 3681 3174 3739 quam
3222 3666 3367 3736 quod

72 3737 250 3791 cunde
302 3752 429 3791 casu
472 3737 808 3806 jungerctnr.
861 3735 1077 3805 Quippe
1113 3740 1164 3790 in
1211 3737 1342 3805 psal.
1399 3752 1660 3805 cxxxvnt,
1769 3735 1836 3791 eo
1865 3738 1976 3791 vult
2001 3739 2233 3808 probare
2259 3736 2524 3807 Pelagius.
2551 3735 2644 3808 ille
2668 3737 2868 3806 quippe
2893 3736 2977 3790 hic
3003 3735 3251 3791 afﬁrmat
3277 3753 3370 3793 ne-

1769 3810 1929 3870 mini,
1957 3807 2215 3879 qnatndiu
2249 3809 2490 3862 mortalis
2538 3807 2718 3872 fuerit,
2745 3819 3098 3878 cormpectum
3125 3808 3220 3862 Dei
3253 3823 3374 3864 esse

1769 3881 2200 3939 concedendum.
2244 3881 2366 3948 qttia
2397 3879 2648 3936 nimirum
2682 3879 2864 3935 tandiu
2910 3880 3228 3947 impollutus
3256 3895 3364 3935 non

1774 3954 1902 4008 crit.
1932 3952 2222 4007 Contendit
2253 3961 2440 4006 contra
2486 3949 2734 4008 Pelagius
2765 3966 2829 4004 ex
2877 3952 2979 4006 hoc
3023 3951 3144 4004 loco
3169 3951 3376 4006 contir—

69 3825 128 3862 ιι.
158 3809 250 3872 2i,
291 3810 525 3862 hinniens
556 3808 838 3862 inﬁrmitas
883 3823 1170 3862 occursum
1197 3809 1288 3863 Dei
1312 3808 1496 3878 fugere
1521 3809 1664 3863 dici-

76 3892 161 3935 tur
187 3879 649 3952 ohimpatieutiam
665 3879 894 3952 visionis.
925 3878 1149 3952 Legitur
1170 3879 1384 3948 quidem
1412 3882 1496 3934 hic
1521 3879 1665 3950 apud

73 3951 198 4005 Par.
225 3949 364 4004 visus
397 3962 439 4003 et
471 3968 713 4003 occursus
745 3949 836 4003 Dei
866 3966 974 4003 esse
1023 3951 1270 4018 patientes
1303 3968 1315 4022 ς
1343 3952 1434 4005 sed
1464 3949 1670 4022 alisque

72 4025 414 4077 auctoritate.
465 4022 699 4077 Verbqu
751 4030 920 4088 patere
949 4022 1148 4074 llilario
1189 4021 1448 4076 familiare
1477 4021 1589 4086 est,
1612 4033 1670 4076 ut

75 4097 263 4150 videre
291 4104 372 4147 est
401 4095 450 4147 in
479 4095 610 4162 psal.
639 4107 819 4156 cxvm,
855 4098 910 4145 et
942 4094 992 4144 in
1023 4092 1157 4158 psal.
1189 4107 1373 4151 cxxxr,
1406 4110 1459 4146 ιι.
1491 4093 1546 4147 6.

155 4165 238 4237 (d)
290 4165 508 4229 Excusi,
557 4175 600 4218 et
645 4165 750 4228 iam
783 4164 1091 4237 mortalitate
1133 4163 1407 4237 immutati.
1453 4163 1674 4237 Rectius

74 4233 287 4308 aliquot
344 4252 474 4290 nhs.
530 4245 576 4289 et
645 4235 1046 4308 ititrttOt'talitatiz,
1096 4235 1367 4308 quomodo
1415 4243 1476 4308 Δ(ξι,
1531 4233 1673 4308 διμιιᾴ

75 4305 439 4376 Augustinum
487 4307 583 4361 ιιι).
629 4307 695 4362 de
722 4305 842 4360 Nat.
874 4316 926 4361 et
972 4305 1123 4362 Grut.
1158 4322 1207 4360 c.
1251 4306 1342 4371 62,
1375 4305 1503 4360 olim
1548 4305 1678 4375 legit

75 4377 355 4451 Pelagius,
383 4381 471 4448 qui
513 4379 631 4434 haec
675 4378 861 4432 llilarii
889 4379 1054 4451 verba
1079 4379 1144 4433 ad
1162 4377 1398 4451 haeresis
1426 4391 1537 4451 suae
1577 4392 1677 4451 pa-

75 4447 371 4508 trocinium
405 4447 726 4520 tle-torquere
749 4449 1060 4503 cenabatur.
1093 4449 1173 4505 Ad
1215 4465 1372 4519 quem
1420 4447 1678 4519 Augusti-

78 4541 187 4579 nus
220 4523 349 4578 ibid.
405 4522 540 4592 Quid
585 4523 772 4576 dixerit
803 4521 1080 4589 (Hilarius)
1115 4529 1290 4574 contra
1333 4521 1386 4574 id
1429 4520 1565 4590 quod
1594 4520 1678 4592 dij

78 4598 273 4660 cimus,
307 4597 381 4647 vel
407 4591 528 4658 Quid
552 4595 703 4646 istaut
733 4592 1052 4665 (Pelagium)
1086 4593 1313 4664 adjuvet,
1348 4595 1548 4656 nescio,
1583 4591 1682 4646 nisi

78 4670 211 4736 quia
241 4683 400 4740 posse
441 4682 546 4718 esse
594 4667 846 4740 hominem
896 4665 1083 4740 mundo
1127 4665 1279 4740 corde
1319 4673 1550 4740 testatus
1583 4674 1677 4716 est.
1709 4682 1760 4740 ι)

84 4732 391 4864 Βηοιῐᾳιιὶδ
433 4737 621 4808 negat?
663 4737 749 4790 sed
779 4737 943 4808 gratia
979 4734 1070 4788 Dei
1100 4752 1186 4804 per
1210 4733 1392 4787 Jesum
1426 4732 1685 4788 Christum

144 4810 396 4864 amittam.
431 4825 531 4861 non
562 4808 670 4861 sola
699 4809 897 4860 arbitrii
949 4805 1194 4860 libertate.
1237 4805 1430 4864 Rctpsa
1475 4805 1685 4860 mundi-

144 4805 396 4871 Ominum,
431 4805 531 4861 non
562 4808 670 4861 sola
699 4805 897 4860 arbitrii
949 4805 1194 4860 libertate.
1237 4805 1430 4875 Rctpsa
1475 4805 1688 4860 mundi—

83 4884 222 4937 tiem
252 4889 304 4936 et
330 4880 705 4934 conﬁdentiam
747 4878 1085 4948 Pelagianam
1118 4880 1388 4932 sexcentis
1430 4877 1562 4932 locis
1584 4891 1687 4946 lex-

88 4952 268 5025 plodit
315 4952 570 5025 Hilarius,
621 4951 738 5025 q_ui_
764 4950 1009 5025 humana:
1053 4962 1257 5025 natura:
1298 4950 1686 5025 corruptelam,

91 5019 478 5097 ignorantiam,
546 5034 598 5097 et
636 5019 1017 5097 inﬁrmitatem
1066 5021 1262 5097 passim
1309 5021 1558 5076 inculcat.
1611 5019 1688 5072 llli

89 5091 250 5152 v'crbi
299 5099 465 5164 gratia
518 5095 740 5165 minime
787 5092 1099 5165 favetqund
1128 5091 1200 5165 ait
1231 5092 1301 5165 _in
1351 5107 1432 5161 ps.
1461 5105 1689 5154 cum,

95 5187 155 5224 ιι.
183 5169 236 5230 5,
272 5163 325 5221 ct
349 5182 506 5228 (λιν,
535 5183 594 5223 n.
622 5163 685 5234 2,
726 5165 996 5219 hominem
1034 5163 1102 5218 ab
1144 5163 1316 5218 insitis
1348 5173 1553 5217 natnrze
1579 5177 1695 5234 sua:

95 5240 320 5297 dotibus
350 5255 444 5307 per
475 5249 746 5307 peccatum
772 5237 1053 5292 excidisse.
1079 5233 1279 5307 (Neque
1325 5236 1501 5307 minus
1540 5233 1699 5307 abest

97 5314 170 5365 al)
195 5304 649 5370 illitts'scntent‘ia,
681 5325 802 5362 cum
835 5326 936 5361 mni
967 5306 1124 5362 modo
1156 5305 1210 5359 in
1241 5305 1376 5374 psal.
1407 5321 1497 5366 LII.
1523 5321 1578 5359 ιι.
1605 5304 1695 5368 11.

99 5385 268 5439 docet
298 5383 588 5436 bonitatem
618 5380 745 5435 nulli
780 5379 978 5433 homini
1030 5378 1208 5430 inesse
1242 5378 1564 5443 perfectam;
1600 5374 1696 5430 sed

99 5464 164 5512 et
209 5469 332 5508 cum
383 5453 544 5522 hujus
567 5452 830 5505 doct-rium
873 5452 1136 5522 rationem
1185 5448 1418 5522 atterens
1465 5447 1517 5500 in
1556 5447 1695 5522 psal.

1777 4038 1950 4086 mare,
1997 4022 2258 4091 quosdam
2304 4019 2473 4074 etiam'
2515 4036 2580 4075 ex
2626 4019 2723 4074 hac
2753 4021 2856 4073 vita
2884 4035 2948 4074 eo
2975 4020 3143 4074 animi
3173 4022 3372 4090 nitore,

1773 4109 1838 4144 ea
1865 4095 1981 4144 \‘itze
2012 4092 2240 4160 puritate
2264 4105 2385 4145 esse
2423 4091 2701 4162 praeditos,
2733 4105 2891 4162 quam
2924 4092 3054 4162 solis
3095 4091 3375 4162 immorta-

1781 4165 1928 4216 litate
1956 4159 2168 4216 donatis
2191 4159 2441 4215 concedit
2487 4161 2737 4214 llilarius.
2775 4159 2918 4215 Haec
2960 4159 3190 4215 strictim
3233 4161 3375 4218 dicta

1778 4236 1911 4298 sint,
1939 4245 1998 4289 ut
2029 4233 2342 4290 ostendatur
2388 4231 2613 4289 bmrcsis
2658 4231 2896 4300 genium.
2940 4247 3062 4301 quae
3110 4247 3177 4288 ex
3224 4242 3372 4290 rete.

1781 4321 1901 4360 rum
1934 4303 2251 4376 testimoniis
2277 4319 2386 4358 non
2419 4313 2524 4360 tam
2547 4303 2826 4362 veritatem
2855 4303 3132 4364 illustrare
3175 4304 3378 4376 studet,

1781 4391 1942 4450 quam
1961 4374 2389 4450 _i'ttcumjacere.

1855 4448 1926 4518 (ε)
1960 4445 2116 4518 Bad.,
2146 4446 2236 4502 Er.
2263 4457 2320 4504 et
2370 4445 2516 4518 Lips.
2567 4455 2832 4515 promptus
2881 4444 3116 4512 eiectus.
3173 4447 3384 4510 Habent

1785 4517 1964 4574 tamen
2013 4517 2152 4574 infra
2205 4536 2259 4572 ιι.
2312 4518 2406 4585 25,
2439 4517 2649 4588 pronos
2696 4535 2806 4578 esse
2849 4527 3082 4590 oportere
3111 4519 3164 4574 in
3199 4518 3383 4576 ofﬁcio

1785 4591 2161 4659 diapensauda:
2187 4591 2398 4660 gratiae.

1865 4665 1936 4736 (ί)
1965 4661 2135 4726 Editi,
2177 4664 2426 4736 ueritatis.
2462 4660 2685 4736 _Verius
2733 4675 2862 4718 mss.
2905 4661 3230 4728 «talitatis,
3279 4661 3384 4722 hoc

1791 4733 1897 4794 est,
1930 4749 2051 4787 cum
2085 4734 2394 4802 temporalis
2425 4733 2572 4796 vitae.
2606 4741 2664 4788 ut
2693 4747 2810 4790 eam
2844 4739 3175 4793 vastarentur
3222 4743 3386 4790 ωιθτρ

1795 4822 1942 4867 nam,
1982 4805 2433 4882 fuerintprodigi.
2478 4803 2554 4858 Ea
2601 4803 2811 4860 ratione
2852 4805 3085 4882 apostoli
3135 4821 3259 4864 mox
3303 4803 3384 4860 di-

1797 4887 1987 4932 centur
2017 4877 2316 4930 aeternitatis
2347 4877 2481 4929 velut
2511 4885 2723 4928 satores.

1871 4948 1950 5018 (g)
1983 4947 2127 5014 Lips.
2162 4957 2215 5002 et
2248 4948 2370 5002 Par.
2407 4949 2692 5014 infamatus
2731 4946 2906 5018 fuerit.
2949 4947 3079 5004 Mss.
3132 4945 3286 5004 Coll).
3335 4957 3392 5006 et

1798 5018 1962 5076 Cara.
1998 5022 2277 5073 evanuerit.
2328 5019 2446 5073 Mox
2481 5035 2588 5072 non
2623 5019 2762 5072 male
2791 5019 3066 5088 legeretur
3097 5019 3151 5072 id
3179 5036 3280 5089 quo
3306 5037 3393 5076 sa-

1801 5091 1996 5143 tietur:
2028 5089 2120 5143 sed
2168 5090 2232 5142 ad
2285 5102 2556 5160 receptam
2585 5089 2870 5144 lcetioncm
2921 5105 3028 5146 non
3080 5090 3257 5146 minus
3299 5105 3390 5146 ac-

1799 5159 2140 5232 climmodata
2161 5169 2287 5214 sunt
2319 5159 2588 5232 postrema
2621 5162 2779 5230 hujus
2810 5162 3021 5215 numeri
3055 5161 3241 5228 verba,
3272 5161 3389 5232 qui-

1802 5230 1968 5308 busti
1991 5231 2081 5302 qui
2108 5230 2375 5298 saiieriut,
2409 5249 2523 5286 cum
2547 5231 2627 5287 bis
2654 5249 2780 5305 quos
2801 5233 3052 5301 salierint,
3075 5230 3395 5308 proﬁciendi

1802 5303 2171 5369 declarantur,

1871 5373 1958 5446 (It)
1991 5373 2289 5446 EditicumA
2313 5383 2519 5446 septem
2542 5389 2720 5446 _mss.,
2750 5376 2802 5429 in
2834 5390 3054 5446 omnem.
3087 5375 3222 5434 Cum
3262 5390 3396 5432 mss.

1803 5443 1989 5510 Rom},
2023 5444 2223 5510 Vatia,
2251 5443 2407 5500 Colb.
2450 5455 2506 5500 et
2529 5444 2688 5500 Carn.
2740 5445 3074 5515 praeferimus
3117 5449 3171 5501 in
3214 5463 3395 5513 unum,

101 5541 300 5588 cum,
329 5518 478 5578 nutu.
505 5527 558 5589 ti,
599 5523 801 5577 habet:
856 5521 991 5577 Sunt
1037 5521 1172 5574 enim
1214 5521 1377 5573 multa
1428 5518 1697 5585 scandala,

99 5613 230 5671 qua
257 5595 521 5666 prohibent
547 5597 821 5665 perfectam
841 5593 983 5646 nobis
1006 5592 1367 5647 mandatorum
1395 5606 1500 5673 esse
1525 5599 1700 5672 custo-

107 5671 279 5715 diam-
305 5666 472 5715 Taceo
497 5667 560 5715 de
583 5667 786 5715 naturis
801 5680 1098 5715 corvorum.
1128 5678 1242 5715 auc
1271 5678 1364 5715 nos
1403 5671 1704 5715 truertsnosr

107 5666 279 5726 diam.
305 5666 472 5723 Taceo
497 5667 560 5721 de
583 5667 786 5720 naturis
801 5680 1098 5734 corporum,
1128 5678 1242 5734 qua
1271 5678 1364 5716 nos
1403 5666 1704 5730 interimpsr

107 5741 371 5797 incentiva
421 5739 661 5793 vitiorum
708 5738 1034 5807 imperfectos
1083 5751 1190 5790 esse
1237 5732 1586 5807 sonipellunt;
1641 5739 1708 5807 _et

113 5827 271 5870 num.
298 5811 333 5865 5
358 5827 371 5864 :
410 5809 665 5866 Rubenius
691 5801 1039 5863 autem'etiam
1065 5822 1201 5863 nunc
1231 5801 1516 5860 admixtam
1561 5801 1708 5858 nobis

115 5883 412 5950 mm,
442 5897 557 5952 quc
574 5882 765 5938 mortis
783 5880 887 5953 ιεσι
905 5891 957 5936 et
981 5879 1175 5950 mea
1194 5875 1416 5935 obnoxia
1438 5884 1532 5940 est,
1575 5881 1706 5945 etc.,

1807 5525 1992 5590 utpote
2047 5516 2291 5590 verbum,
2336 5517 2477 5584 quod
2528 5517 2686 5590 dictis
2729 5519 3054 5590 evangelicis
3082 5520 3152 5573 ad
3181 5519 3404 5574 sti/tilum

1810 5588 1962 5650 valet,
1989 5595 2118 5659 etc.,
2146 5588 2365 5659 propius
2387 5588 2736 5658 respondeat.

1889 5659 1954 5730 (i)
1987 5658 2065 5712 ita
2105 5658 2355 5734 plerigue
2402 5675 2532 5734 mss.
2569 5659 2674 5713 Alii
2705 5674 2839 5734 vero
2880 5660 3032 5729 libri,
3064 5666 3406 5734 conferentes,

1811 5729 1952 5804 Tum
1975 5729 2120 5802 apud
2150 5729 2432 5804 Bad..Er.,
2461 5729 2609 5802 Lips.
2639 5732 2773 5804 etin
2799 5741 3072 5804 posuema
3099 5729 3226 5796 edit.
3257 5734 3412 5800 Pan,

1818 5799 2076 5877 4tqge.$_..
2109 5799 2418 5856 sacramenti
2459 5799 2607 5873 aqua:
2634 5799 2864 5877 ignisque
2892 5805 3119 5877 perfecti,
3165 5804 3253 5877 ubi
3295 5821 3416 5874 per-

1821 5873 1942 5944 fecti
1979 5873 2046 5929 ad
2089 5881 2510 5944 sacramentum,
2562 5873 2669 5932 non
2717 5873 2787 5932 ad
2830 5873 3121 5948 Apostolos
3161 5873 3416 5934 refertur.
