3882 6332
495 305 605 362 935

1705 302 1952 363 SANCTI
1993 303 2094 362 IIII.

2207 303 2251 387 ῃ
2293 303 2595 366 EPISCOPI
3685 308 3772 366 οδε

492 419 644 478 fecti.
679 420 754 494 (a)
789 419 977 479 Merito
1004 418 1164 491 igitur
1190 417 1268 475 sal
1302 423 1462 476 terrae
1489 419 1786 488 nuncupati
1821 428 1969 487 sunt,
1997 436 2094 490 per
2120 423 2173 484 Α
2201 423 2342 478 intra
2386 437 2446 478 se
2479 430 2685 477 tantum
2714 428 3022 494 receptans,
3055 430 3273 479 certum
3305 420 3515 478 modum
3546 420 3771 481 dimensa:

499 515 754 570 virtutem
806 513 1066 570 doctrina:
1093 512 1320 568 saliendi
1353 513 1514 569 modo
1542 513 1834 568 aeternitati
1863 529 2093 583 corpora

499 617 863 664 reservantes.
925 605 1030 661 Sed
1079 614 1268 662 natura
1308 605 1443 661 salis
1495 621 1710 676 semper
1753 605 1940 660 eadem
1987 613 2092 672 est,

498 713 604 754 nec
629 679 902 754 immutari
929 713 1178 770 umquam
1223 705 1418 769 potest.
1452 695 1652 753 Verum
1701 699 1822 767 quia
1868 711 2096 752 conver-

497 794 639 850 sioni
673 793 835 849 homo
860 793 1124 864 subjacet,
1181 801 1237 850 et
1284 793 1435 848 solus
1481 793 1690 860 beatus,
1725 793 1816 864 qui
1864 793 2094 865 (supple,

495 884 603 956 est)
637 901 809 956 usque
838 887 905 940 ad
936 887 1094 942 finem
1138 886 1190 940 in
1223 885 1476 942 omnibus
1525 885 1619 942 Dei
1666 886 1922 957 operibus
1975 902 2095 957 per-

496 980 793 1045 manserit;
845 979 966 1034 ideo
1013 993 1129 1044 eos,
1170 979 1253 1057 sal
1296 988 1454 1034 terrae
1503 986 1864 1049 nuncupatos,
1910 986 2097 1033 monet

494 1068 550 1125 in
585 1069 793 1125 traditae
819 1069 921 1127 sibi
948 1070 1233 1142 potestatis
1276 1071 1474 1126 virtute
1511 1070 1826 1141 persistere,
1861 1086 1930 1126 ne
1961 1069 2099 1125 infa-

503 1163 642 1219 tuati
698 1163 832 1218 nihil
880 1163 1094 1226 saliant,
1150 1173 1204 1219 et
1252 1165 1352 1236 ipsi
1405 1179 1566 1220 sensu
1627 1165 1835 1234 accepti
1885 1166 2098 1234 saporis

495 1255 700 1311 amisso
730 1255 1004 1312 vivificare
1051 1266 1304 1327 corrupta
1351 1271 1458 1312 non
1505 1257 1734 1326 possint,
1767 1267 1822 1312 et
1870 1255 2098 1327 projecti

495 1347 564 1404 de
594 1347 858 1404 Ecclesia:
905 1350 1310 1419 promptuariis,
1358 1365 1480 1405 cum
1524 1349 1610 1404 his
1659 1364 1796 1420 quos
1827 1349 2093 1416 salieriut,

493 1439 726 1511 pedibus
756 1441 1117 1496 incedentium
1153 1449 1520 1512 proterantur.

568 1533 657 1588 11.
712 1533 900 1588 Mundi
949 1537 1132 1607 [uganl
1181 1534 1434 1588 tenebras.
1465 1563 1538 1574 —
1593 1531 1698 1589 Vos
1751 1534 1872 1589 estis
1922 1534 2097 1588 lumen

491 1626 673 1681 mundi
697 1624 970 1699 (Matth.v,
996 1626 1553 1700 14).Naturalumiuis
1580 1635 1684 1692 est,
1701 1626 1944 1686 utlucem
1960 1643 2097 1696 quo-

497 1733 736 1790 cumque
789 1718 1202 1775 circumferetur
1246 1719 1481 1786 emittat,
1535 1717 1850 1789 illatumque
1889 1718 2098 1774 uadibus

2197 515 2560 572 observantia!
2612 515 2958 580 continebat;
3014 531 3164 572 nunc
3209 523 3390 571 tamen
3419 515 3592 570 fructu
3632 521 3773 584 omni,

2199 608 2524 664 adveniente
2549 623 2630 673 se,
2664 607 2748 680 (ά)
2779 625 2945 665 vacua
2975 610 3070 676 sit,
3120 623 3230 665 non
3277 617 3456 664 tamen
3485 608 3656 665 adhuc
3699 625 3779 680 po-

2201 707 2323 756 tens
2373 701 2590 756 luminis
2646 700 2948 758 occulendi.
3006 700 3190 772 Atque
3249 701 3375 757 ideo
3418 689 3530 771 jam
3581 701 3772 758 lucerna

2198 790 2402 847 Christi
2434 807 2541 848 non
2575 792 2918 850 recondenda
2948 793 3051 849 sub
3098 793 3284 849 modio
3325 802 3431 860 est,
3462 808 3635 864 neque
3670 808 3776 863 cpe—

2198 884 2435 940 rimento
2461 885 2780 941 occultanda
2809 885 3110 958 Synagoga:
3141 905 3153 940 .-
3188 885 3287 942 sed
3318 884 3394 957 (e)
3438 885 3490 940 in
3520 885 3645 955 ligni
3681 902 3780 955 pas-

2197 977 2351 1039 sione
2399 991 2680 1048 suspensa,
2716 979 2894 1034 lumen
2938 987 3205 1033 aeternum
3231 988 3319 1034 est
3343 978 3396 1032 in
3430 978 3662 1033 Ecclesia
3703 979 3776 1032 ha.

2200 1069 2494 1125 bitantibus
2541 1071 2851 1140 prmbitura.
2906 1071 3025 1126 Pari
3072 1071 3238 1126 etiam
3293 1071 3501 1141 fulgere
3531 1072 3778 1139 apostolos

2203 1171 2390 1216 mouet
2413 1161 2619 1217 lumine
2648 1160 2863 1234 (Matth.
2897 1178 2952 1229 v,
2983 1161 3106 1235 16);
3156 1173 3214 1218 ut
3242 1162 3609 1218 admiratione
3632 1165 3778 1233 operis

2199 1268 2385 1309 eorum
2409 1253 2519 1309 Deo
2551 1253 2669 1308 laus
2697 1253 3074 1326 impertiatur:
3101 1270 3209 1311 non
3230 1254 3378 1327 quod
3411 1255 3478 1310 ab
3504 1255 3778 1311 hominibvs

2199 1355 2450 1417 Oporteat
2496 1347 2724 1417 gloriam
2766 1364 3032 1418 quaerere,
3078 1351 3202 1420 quia
3231 1350 3418 1405 omnia
3449 1349 3525 1420 (ι’)
3559 1350 3610 1404 in
3637 1350 3777 1405 bono-

2199 1454 2314 1493 rem
2347 1438 2440 1495 Dei
2488 1449 2617 1495 sunt
2662 1440 2904 1512 agenda;
2936 1441 3030 1497 sed
3061 1452 3140 1508 ut,
3174 1441 3649 1498 dissimulantibus
3676 1443 3773 1499 licet

2200 1531 2378 1597 nobis,
2409 1547 2544 1602 opus
2572 1542 2818 1590 nostrum
2845 1532 2929 1590 his
2974 1535 3114 1590 inter
3137 1549 3273 1606 quos
3312 1535 3550 1590 vivimus
3576 1536 3772 1591 eluceat.

2273 1623 2364 1678 M.
2408 1622 2519 1678 Lex
2566 1623 2759 1679 Christi
2811 1626 3122 1695 pranuntia.
3151 1656 3222 1666 —
3254 1625 3441 1681 Nolite
3467 1637 3651 1698 putare
3678 1644 3776 1695 qua

2201 1713 2340 1768 niam
2370 1715 2483 1769 veni
2533 1715 2809 1771 dissoluere
2854 1718 3016 1790 legem
3066 1729 3156 1774 aut
3180 1718 3508 1791 prophetas:
3559 1737 3656 1775 non
3693 1724 3777 1775 κιὶ

503 1812 758 1868 tenebras
800 1813 1094 1879 interimat,
1141 1813 1262 1869 luce
1305 1812 1641 1870 dominante.
1674 1813 1837 1886 Igitur
1867 1814 2100 1871 mundus
2130 1812 2176 1873 B
2205 1807 2500 1874 dissolvere.
2535 1809 2626 1862 sed
2668 1810 2948 1883 adimplere
2991 1811 3157 1882 (Ibid.
3215 1813 3328 1885 17).
3374 1813 3565 1870 Virtus
3607 1827 3657 1870 et
3705 1833 3776 1887 to-

493 1915 648 1962 extra
679 1907 1044 1976 cognitionem
1078 1906 1170 1961 Dei
1203 1905 1409 1976 positus
1435 1905 1511 1978 (b)
1546 1905 1934 1961 obscurabatur
1955 1907 2100 1977 igno-

497 2001 692 2056 rantia:
723 2000 1003 2056 tenebris:
1035 1999 1121 2054 cui
1161 2015 1256 2068 per
1301 1999 1576 2069 apostolos
1622 2000 1866 2056 scientia:
1916 2001 2098 2056 lumen

501 2093 793 2161 invehitur,
826 2102 880 2148 et
905 2093 1142 2164 cognitio
1173 2093 1265 2150 Dei
1288 2093 1477 2159 claret,
1502 2102 1558 2150 et
1584 2093 1650 2150 de
1700 2093 1880 2165 parvis
1909 2109 2099 2152 eorum

507 2188 868 2258 corpusculis,
918 2201 1258 2260 quocumque
1305 2186 1649 2256 incesserint,
1711 2187 1802 2242 lux
1860 2188 2099 2244 tenebris

497 2279 857 2338 ministratur.

580 2374 666 2430 12.
698 2373 890 2430 Civitas
920 2390 1041 2429 caro
1062 2391 1094 2429 a
1125 2374 1328 2429 Christo
1359 2383 1642 2447 assumpta,
1678 2373 1809 2429 cives
1849 2374 2096 2430 homines.

496 2497 571 2512 -—
592 2466 715 2523 Non
744 2477 908 2540 potest
931 2469 1111 2524 civitas
1131 2468 1374 2523 abscondi
1395 2485 1556 2539 supra
1574 2475 1795 2522 montem
1819 2467 2098 2538 ludificata,

497 2578 658 2634 neque
690 2561 974 2616 accendunt
1006 2561 1292 2628 lucernam,
1320 2573 1365 2615 et
1405 2569 1600 2630 ponunt
1623 2576 1749 2625 eam
1778 2558 1871 2612 sub
1903 2560 2096 2626 modio,

511 2665 570 2712 et
594 2656 798 2726 reliqua
831 2655 996 2729 (Ibid.
1031 2653 1144 2728 15).
1174 2653 1458 2711 Civilatem
1499 2669 1716 2710 carnem
1746 2668 1905 2726 quam
1934 2654 2098 2727 683

507 2759 878 2821 assumpscrst
903 2759 1217 2820 nuncupat:
1251 2751 1374 2819 quia
1421 2758 1482 2806 ut
1509 2751 1700 2806 civitas
1729 2766 1797 2806 ex
1839 2751 2100 2806 varietate

493 2857 561 2898 ac
602 2843 947 2918 multitudine
987 2844 1238 2900 consistit
1265 2843 1652 2910 habitantium;
1685 2846 1758 2901 ita
1789 2844 1844 2899 in
1876 2858 1963 2911 eo,
1999 2859 2096 2915 per

497 2947 749 2992 naturam
776 2937 1012 3006 suscepti
1043 2937 1311 3008 corporis,
1343 2937 1588 3008 quzedam
1621 2938 1854 2994 universi
1881 2937 2100 3009 generis

497 3027 720 3083 humani
748 3028 1094 3100 congregatio
1119 3030 1448 3086 continetur.
1496 3031 1674 3100 Atque
1714 3031 1786 3084 ita
1815 3038 1869 3085 et
1908 3029 2000 3085 ille
2025 3045 2096 3086 ex

437 3187 442 3192 ε
499 3132 688 3179 nostra
739 3123 792 3178 in
839 3139 898 3179 se
940 3123 1360 3196 congregatione
1405 3125 1466 3180 ﬁt
1508 3125 1720 3190 civitas,
1767 3132 1823 3181 et
1871 3139 1972 3180 nos
2002 3139 2099 3195 per

2205 1909 2371 1958 testas
2449 1903 2737 1959 verborum
2806 1905 3108 1960 cmlestium
3185 1906 3416 1978 grandia
3495 1908 3551 1962 in
3598 1922 3655 1964 se
3694 1925 3778 1963 ma-

2201 2003 2384 2049 meuta
2411 1994 2693 2065 complexa
2733 2006 2879 2052 sunt.
2911 1997 3023 2054 Lex
3051 1998 3196 2054 enim
3223 2014 3459 2069 operum
3493 2000 3664 2069 posita
3697 2011 3773 2064 est,

2201 2095 2257 2142 ct
2282 2088 2462 2143 omnia
2490 2087 2544 2143 in
2570 2087 2727 2144 fidem
2755 2103 2967 2155 eorum,
2997 2106 3116 2162 qua:
3157 2091 3211 2146 in
3250 2089 3479 2147 Christo
3524 2102 3674 2148 erant
3712 2109 3774 2148 re-

2200 2183 2448 2249 velanda,
2474 2185 2743 2241 conclusit
2767 2203 2780 2238 :
2810 2185 2967 2256 cujus
2992 2195 3048 2242 et
3067 2187 3313 2244 doctrina
3330 2198 3394 2244 et
3414 2191 3597 2259 passio
3615 2191 3778 2260 grande

2201 2287 2256 2332 et
2285 2277 2608 2348 profundum
2638 2286 2723 2334 est
2745 2287 2985 2349 paternae
3028 2280 3327 2337 voluntatis
3354 2282 3665 2339 arbitrium.
3690 2282 3775 2339 Lex

2200 2377 2380 2424 autem
2409 2367 2512 2425 sub
2535 2369 2838 2426 velamento
2864 2369 3150 2426 verborum
3193 2371 3535 2443 spiritalium
3562 2374 3774 2429 nativita-

2203 2471 2308 2518 tem
2341 2463 2556 2520 Domini
2597 2466 2767 2520 nostri
2817 2464 2946 2522 Jesu
2971 2465 3194 2535 Christi,
3246 2478 3303 2523 et
3346 2470 3769 2541 corporalium.

2201 2565 2257 2612 et
2284 2558 2614 2629 passionem,
2646 2561 3196 2629 etlresurrectionem
3243 2561 3430 2618 locuta
3461 2574 3555 2620 est
3594 2582 3609 2621 :
3649 2575 3774 2634 atque

2202 2650 2255 2706 id
2307 2654 2377 2707 ita
2422 2653 2533 2724 jam
2558 2664 2685 2710 ante
2714 2664 2956 2726 tempora
2984 2655 3270 2712 stecularia
3310 2657 3370 2713 in
3416 2659 3596 2715 astatis
3620 2670 3776 2714 nostra

2202 2754 2418 2818 tempus
2459 2761 2582 2803 esse
2608 2747 2949 2820 dispositum,
2983 2749 3240 2820 frequens
3287 2759 3344 2806 et
3398 2752 3702 2821 prophetica
3737 2765 3776 2806 et

2201 2837 2496 2908 apostolica
2543 2841 2838 2896 auctoritas
2887 2849 2990 2897 est.
3037 2840 3200 2910 Igitur
3247 2850 3378 2912 post
3414 2842 3674 2912 jejunium
3697 2843 3780 2899 die-

2201 2946 2320 2987 rum
2342 2933 2697 3004 quadraginta
2714 2976 2730 3001 ,
2757 2943 2972 2990 satanas
2996 2935 3161 2990 tantis
3176 2935 3594 3005 suspicionibus
3608 2937 3776 3003 anxias,

2202 3039 2372 3095 usque
2409 3025 2475 3080 ad
2507 3025 2750 3082 tentandi
2789 3027 2970 3098 erupit
3014 3025 3297 3082 audaciam
3327 3045 3340 3080 :
3376 3028 3576 3099 ingens
3603 3031 3652 3084 in
3683 3028 3774 3084 Ia

2203 3115 2590 3187 pertimescens
2631 3119 2871 3176 ctelestis
2899 3119 3196 3175 molitionis
3224 3133 3525 3176 arcanum.
3556 3120 3630 3193 (g)
3659 3121 3775 3177 Jesus

499 3216 834 3271 consortium
883 3218 1066 3273 carnis
1113 3231 1227 3273 suae
1287 3233 1474 3273 sumus
1529 3215 1765 3273 civitatis
1812 3216 2091 3272 habitatio.
2122 3213 2168 3277 C
2198 3210 2343 3265 enim
2393 3211 2622 3266 Domino
2663 3222 2853 3267 nostro
2896 3226 3092 3268 nomen
3137 3227 3203 3268 ex
3233 3227 3482 3283 corpore
3507 3224 3610 3271 est.
3639 3214 3776 3286 Itaque

495 3306 775 3363 Abscondi
821 3322 952 3380 ergo
996 3308 1106 3379 jam
1159 3325 1266 3363 non
1297 3317 1514 3379 potest:
1548 3309 1670 3379 quia
1715 3308 1768 3363 in
1813 3308 2095 3365 altitudine

493 3399 707 3470 positus
759 3399 1099 3457 celsitudinis
1143 3401 1260 3469 Dei,
1310 3401 1667 3457 admiratione
1709 3416 1935 3472 operum
1967 3416 2094 3456 suo-

491 3509 618 3552 rum
647 3505 701 3551 et
729 3495 1178 3568 contemplandus
1208 3502 1264 3550 et
1289 3495 1664 3568 intelligendus
1691 3495 1940 3552 omnibus
1966 3493 2096 3552 effe-

497 3598 670 3646 ratur.

567 3680 655 3736 I5.
681 3679 984 3753 Synagoga,
1010 3679 1238 3734 modium
1265 3680 1526 3735 occultans
1545 3679 1736 3735 lumen.
1751 3677 1990 3734 Christus
2007 3678 2090 3732 luo

495 3789 669 3829 cerna.
709 3801 782 3813 -—
809 3772 916 3829 Sed
963 3789 1065 3830 nec
1101 3774 1322 3829 lucerna
1368 3774 1703 3841 accenditur,
1749 3771 2094 3830 recondenda

501 3865 608 3922 sub
636 3865 837 3922 modio.
869 3865 973 3934 Qui
1015 3867 1160 3922 enim
1188 3867 1400 3924 fructus
1427 3875 1533 3934 est,
1564 3867 1633 3940 (ο)
1664 3866 1850 3922 clauso
1880 3866 2093 3937 impenc

494 3971 609 4014 sam
658 3957 876 4014 luminis
919 3958 1236 4016 continere?
1284 3959 1485 4015 Verum
1536 3959 1874 4032 Synagogam
1931 3958 2094 4030 digne

491 4052 751 4112 Dominus
775 4053 958 4112 modio
978 4053 1350 4126 comparavit:
1384 4070 1504 4126 quae
1552 4063 1837 4126 susceptos
1885 4054 2092 4110 fructus

489 4239 556 4296 In
583 4240 750 4312 prima
796 4239 951 4312 Pan,
975 4249 1035 4295 ut
1077 4240 1295 4308 quin....
1327 4251 1644 4295 sacramento
1663 4255 1811 4310 aqua
1855 4239 2086 4312 ignisque

491 4312 688 4382 perfici.
715 4311 772 4364 In
800 4311 1044 4378 pluribus
1075 4326 1204 4366 mss.
1235 4321 1476 4380 atque....
1511 4313 1816 4366 sacramenti
1843 4311 2077 4382 ignisque

492 4383 726 4454 perfecti.
775 4383 856 4437 Ex
889 4383 970 4437 his
1009 4382 1401 4438 restituendum
1429 4382 1798 4452 conjectamus
1826 4399 1993 4454 aquas,
2023 4392 2082 4437 ut

492 4451 719 4523 Joannes
743 4454 978 4521 superius
1018 4455 1160 4509 testis
1187 4464 1282 4519 est,
1329 4451 1658 4509 sacramentis
1699 4451 1928 4523 ignisque
1973 4471 2090 4522 per-

494 4524 632 4594 fecti.
659 4522 842 4592 Neque
872 4524 1008 4580 infra
1039 4525 1386 4580 mediocriter
1403 4522 1754 4581 confirmatur
1777 4522 2090 4594 conjecmra

494 4603 680 4651 nostra
713 4610 778 4650 ex
811 4613 867 4649 u.
911 4597 1004 4662 26,
1035 4597 1122 4651 ubi
1166 4598 1406 4666 baptismi
1442 4606 1488 4651 et
1517 4597 1730 4662 spiritus
1773 4606 2095 4651 sacramenta

494 4681 711 4740 rursum
739 4656 1126 4723 memorantur.
1159 4656 1448 4740 Sequimur
1491 4656 1601 4724 tres
1628 4683 1758 4723 mss.
1810 4668 1913 4723 nisi
1951 4667 2093 4739 quod
2121 4656 2176 4718 D

496 4738 750 4809 ponimus
777 4748 926 4808 atque
950 4747 1029 4806 ut,
1060 4741 1147 4794 ubi
1180 4738 1381 4795 habent
1405 4742 1605 4810 atquin.
1635 4783 1654 4791 ,

529 4829 608 4902 (a)
625 4830 681 4885 In
696 4829 926 4902 vulgatis
938 4829 1022 4884 hic
1035 4829 1292 4886 insertum
1305 4842 1445 4898 erat,
1461 4832 1583 4885 dum
1597 4832 1668 4886 ait
1691 4847 1706 4886 :
1731 4829 1854 4901 Ipse
1865 4847 1952 4885 vos
1969 4831 2096 4902 bap-

497 4900 671 4957 tisabit
701 4900 901 4974 Spiritu
915 4911 1091 4974 sancto
1108 4911 1154 4956 et
1181 4904 1286 4974 igni
1315 4919 1424 4959 :ne
1453 4918 1562 4958 uno
1583 4900 1799 4974 quidem
1830 4919 1861 4958 e
1891 4900 2091 4958 nostris

493 4987 626 5028 mss.
646 4972 1502 5044 suffragante.Obiter—observare
1524 4972 1630 5041 est,
1656 4974 1942 5039 Hilarium,
1967 4988 2091 5028 cum

490 5045 888 5115 superius,cap.
915 5045 972 5111 9.,
999 5059 1052 5098 n.
1079 5045 1133 5109 4,
1155 5044 1474 5114 baptismum
1502 5047 1638 5116 ignis
1658 5047 1726 5101 de
1759 5049 1880 5116 igne
1903 5044 2095 5116 judicii

493 5118 721 5173 extremi
763 5117 1376 5188 interpreteturtaliam
1417 5117 1576 5188 hujus
1615 5117 1868 5188 baptismi
1923 5118 2094 5171 inter-

493 5189 852 5271 pretationem
882 5185 988 5271 non
1012 5185 1320 5271 excludere,
1355 5189 1398 5242 si
1428 5185 1644 5271 quidem
1670 5185 1947 5271 apostolos
1969 5197 2094 5271 ante

489 5257 750 5330 judicium
779 5259 884 5316 hoc
927 5260 1066 5332 ignis
1123 5257 1392 5328 baptismo
1443 5257 1721 5330 perfectos
1761 5260 1851 5316 hic
1897 5259 2096 5330 przedi-

497 5339 609 5387 cat.

565 5401 640 5475 (b)
689 5402 878 5459 Plures
927 5419 1056 5460 mss.
1105 5401 1334 5457 obscurae
1378 5401 1662 5461 tenebatur.
1693 5404 1813 5462 Mox
1838 5403 1889 5458 in
1922 5402 2093 5460 tribus

495 5475 650 5536 venit,
686 5490 784 5544 pro
809 5477 1088 5530 invehitur.

567 5548 643 5615 (c)
668 5547 756 5618 Sic
785 5562 978 5618 magno
1018 5561 1286 5618 consensu
1315 5560 1447 5618 mss.
1470 5545 1544 5618 id
1577 5555 1682 5618 est,
1731 5547 1869 5603 clam
1898 5556 1954 5604 et
1999 5561 2091 5603 oc-

493 5619 657 5690 culte.
691 5617 770 5673 Ita
803 5617 898 5676 lib.
941 5633 1017 5679 In.
1049 5619 1117 5674 de
1143 5617 1296 5673 Trin.
1335 5635 1388 5672 n.
1419 5617 1491 5673 20
1515 5636 1528 5673 :
1553 5617 1727 5690 iErant
1767 5619 2009 5690 discipuli
2039 5621 2092 5673 in

497 5687 696 5764 clauso,
751 5698 796 5744 et
841 5700 1033 5764 secreto
1065 5700 1180 5764 post
1224 5691 1513 5764 passionem
1539 5689 1769 5764 Domini
1798 5687 2094 5764 congregati

495 5761 851 5836 consederant.
881 5762 952 5836 A_t
981 5763 1036 5817 in
1067 5761 1236 5836 prima
1263 5763 1503 5822 editione
1545 5763 1670 5820 Par.
1721 5761 1996 5830 clausam;
2037 5762 2090 5818 in

499 5832 732 5897 czeteris,
759 5833 942 5887 clausi.

2198 3310 2253 3356 et
2275 3301 2446 3374 684
2473 3304 2829 3373 corporalitas
2849 3303 2968 3374 ejus
2997 3312 3051 3358 et
3092 3303 3296 3374 passio,
3326 3305 3592 3360 voluntas
3630 3306 3708 3360 Dei
3738 3313 3775 3359 et

2197 3395 2345 3452 salus
2371 3396 2554 3452 smculi
2584 3405 2668 3452 est
2693 3414 2706 3450 :
2737 3404 2792 3453 et
2819 3397 2955 3452 ultra
2983 3396 3202 3451 humani
3233 3398 3523 3454 sermonis
3550 3398 3772 3469 eloqui

2198 3498 2302 3556 est,
2333 3491 2498 3546 Deum
2522 3505 2591 3546 ex
2620 3490 2753 3560 Deo,
2783 3490 2980 3548 Filium
3009 3505 3077 3546 ex
3103 3489 3281 3545 Patris
3308 3491 3622 3546 substantia
3650 3502 3770 3560 atque

2195 3582 2334 3638 intra
2373 3583 2548 3640 Patris
2602 3584 2959 3640 substantiam
3004 3582 3433 3651 consistentem,
3479 3587 3697 3657 primum
3732 3585 3768 3639 in

2199 3675 2473 3734 hominem
2501 3689 2870 3750 corporatum,
2902 3677 3100 3735 dehinc
3137 3676 3304 3734 morti
3348 3677 3598 3734 hominis
3626 3677 3768 3734 conii-

2196 3776 2344 3832 tione
2375 3772 2701 3844 subjectum,
2736 3782 3011 3843 postremo
3043 3780 3168 3842 post
3195 3771 3448 3828 triduum
3484 3773 3542 3829 in
3570 3776 3765 3831 vitane:

2196 3880 2371 3928 morte
2397 3869 2734 3935 redeuntem,
2777 3867 2856 3940 (Ii)
2897 3867 3263 3923 consociatam
3311 3867 3562 3938 Spiritus
3601 3878 3650 3924 et
3678 3865 3772 3921 sebo

2201 3963 2415 4019 stantia:
2444 3976 2556 4017 suae
2580 3959 2866 4016 aeternitati
2898 3957 3180 4014 materiem
3205 3957 3278 4014 ad
3304 3958 3523 4016 omium
3560 3956 3771 4029 assumpti

2197 4053 2441 4126 corporis
2471 4052 2747 4109 retulisse.

2263 4242 2342 4314 (ά)
2370 4240 2450 4297 Ita
2480 4251 2714 4313 quatuor
2742 4256 2873 4299 mss.
2906 4242 3013 4298 Alii
3044 4243 3245 4314 habent
3274 4255 3507 4300 vacuata
3546 4246 3627 4300 sit.
3664 4243 3764 4299 Isle

2193 4313 2371 4369 autem
2399 4315 2452 4368 in
2488 4314 2736 4388 vulgatis,
2763 4313 3287 4388 vacuavit._Pe_ssime
3316 4332 3457 4373 vero
3498 4319 3651 4388 paulo
3674 4327 3768 4370 ante

2194 4400 2294 4458 pro
2318 4402 2454 4439 nunc
2479 4395 2670 4452 tamen,
2717 4386 2933 4456 Lipsius
2963 4386 3241 4442 substituit
3287 4403 3431 4442 nunc
3482 4386 3684 4448 tametsi.
3719 4399 3767 4439 ac

2196 4466 2384 4528 postea
2416 4459 2662 4512 voculam
2693 4474 2748 4512 se
2773 4459 3003 4530 averbo
3029 4458 3333 4514 adveniente
3384 4460 3604 4530 virgula
3647 4470 3766 4530 sapa:

2199 4525 2370 4584 ratam
2423 4543 2546 4584 cum
2601 4529 2839 4582 vacuavit
2885 4528 3186 4599 conjunxit,
3235 4543 3364 4584 cum
3418 4525 3678 4587 referatur
3704 4525 3764 4580 al

2198 4599 2496 4672 Christum,
2530 4599 2683 4671 cujus
2712 4600 2948 4657 adventu
2992 4599 3295 4672 Synagoga:
3327 4604 3515 4658 cultus
3546 4601 3760 4657 inaniset

2202 4670 2566 4726 infructuosus
2587 4670 2840 4727 evaserit.

2279 4741 2349 4812 (ι)
2381 4741 2766 4820 Przeferremus
2808 4758 2929 4820 cum
2958 4743 3201 4812 pluribus
3231 4757 3369 4820 mss.
3396 4746 3452 4800 in
3503 4746 3642 4820 ligno
3677 4760 3772 4812 pu-

2203 4814 2366 4887 sione,
2395 4814 2575 4887 quasi,
2602 4814 2866 4882 passionis
2896 4825 3172 4887 tempore,
3193 4815 3297 4870 nisi
3317 4814 3770 4887 expertis-sset:

2205 4884 2408 4939 Hilario
2435 4885 2726 4940 familiares
2746 4901 2867 4942 esse
2895 4885 3197 4956 hujusmodi
3220 4884 3417 4944 vocum
3445 4889 3768 4949 inversionis,

2204 4966 2264 5011 ut
2284 4957 2427 5032 dicat
2455 4958 2511 5032 in
2533 4957 2660 5029 ligni
2691 4960 2949 5032 passione,
2979 4971 3077 5026 pro
3113 4957 3173 5032 in
3199 4958 3342 5032 ligno
3376 4961 3658 5032 passionis.

2275 5025 2344 5100 (Γ)
2375 5027 2504 5081 Bad.
2538 5025 2658 5083 cum
2692 5025 3092 5100 plurimisqmss.
3120 5030 3178 5083 in
3203 5025 3390 5100 ordine
3431 5032 3492 5085 in
3533 5033 3761 5085 honora.

2279 5097 2360 5172 (g)
2383 5099 2472 5154 Sic
2499 5097 2736 5169 potiores
2765 5114 2894 5154 mss.
2925 5097 3031 5154 Alii
3055 5115 3185 5172 vero
3217 5117 3231 5152 :
3259 5097 3392 5156 Iesu
3410 5103 3552 5156 enim
3580 5101 3767 5156 om

2201 5170 2300 5223 non
2324 5186 2503 5242 nomen
2534 5187 2609 5242 ea:_
2625 5186 2836 5242 corpore
2858 5179 2933 5226 est
2955 5187 2974 5225 :
3006 5170 3365 5228 adversantur
3405 5173 3496 5230 his
3522 5183 3673 5231 tract.
3698 5188 3761 5242 ps.

2200 5257 2320 5308 va,
2356 5259 2410 5297 n.
2446 5241 2550 5298 12:
2579 5240 2733 5296 Jesus
2770 5243 2906 5316 enim
2936 5244 3045 5312 ejus
3094 5243 3340 5312 hominis,
3390 5247 3486 5316 qui
3531 5263 3596 5302 ea;
3631 5240 3768 5301 laris

2199 5321 2351 5367 natus
2380 5323 2474 5380 est,
2500 5314 2812 5385 nuncupatio
2833 5323 2929 5369 est.

2271 5401 2350 5476 (lt)
2363 5402 2570 5459 Clarius
2589 5403 2704 5460 huic
2727 5406 2797 5460 ita
2815 5405 3202 5461 ordinarentur
3228 5423 3242 5459 :
3265 5409 3539 5463 materiem
3552 5404 3765 5474 mpii

2198 5476 2428 5545 corporis
2461 5476 2805 5531 consociatam
2831 5477 3103 5532 aeternitati
3140 5476 3376 5546 Spiritus
3420 5491 3472 5534 et
3512 5478 3764 5536 substituti:

2200 5562 2308 5602 sua:
2337 5547 2483 5620 (hoc
2513 5557 2595 5602 est
2641 5547 2834 5603 divinae
2882 5559 3090 5603 naturae
3114 5591 3130 5614 ,
3161 5565 3285 5620 qua:
3315 5551 3426 5607 filio
3456 5552 3554 5608 Dei
3582 5566 3670 5606 sua
3704 5556 3762 5602 est

2203 5633 2297 5693 per
2310 5619 2718 5693 proprietatem,
2737 5621 2966 5693 humana
2997 5619 3416 5693 autem’tantum
3448 5635 3764 5693 perassntltr

2203 5634 2297 5687 per
2310 5634 2405 5688 pro
2447 5634 2718 5684 rietatem,
2738 5634 2966 5674 numana
2997 5634 3175 5674 autem
3205 5634 3416 5676 tantum
3448 5635 3762 5693 perassntltr

2203 5634 2444 5762 tionem?
2467 5691 2535 5744 ad
2557 5691 2736 5746 malum
2763 5691 3022 5746 retulisse.
3056 5691 3124 5746 Et
3153 5693 3241 5747 hic
3269 5694 3424 5750 locus
3453 5694 3644 5750 avertit
3672 5707 3762 5745 oat-

2201 5776 2325 5836 nem
2347 5762 2730 5836 suspicionem,
2750 5778 2880 5836 quae
2911 5778 2979 5819 ex
3003 5763 3127 5820 aliis
3149 5763 3283 5836 oriri
3305 5773 3525 5836 posset,
3553 5780 3623 5821 ne
3645 5763 3760 5836 Hila-

2200 5832 2314 5891 rius
2360 5833 2562 5891 Christi
2599 5832 2878 5907 glorificati
2902 5848 3123 5894 carnem
3166 5832 3426 5896 abolitam
3454 5834 3756 5896 existimat-
