3882 6332
58 296 155 352 957

969 297 1604 365 COMMENTARIUS.“
1645 303 2077 365 MATTH/EUM.
2112 307 2263 365 CAP.
2313 309 2400 366 l-V.

3222 320 3334 378 958

127 411 207 466 15.
245 408 348 476 Qui
378 425 409 463 a
436 407 638 464 Christo
679 407 909 477 impleta.
960 408 1102 466 Crux
1145 411 1341 466 Christi
1371 429 1474 468 non
1515 430 1633 468 eru-
1660 421 1705 479 Α
1737 419 1827 488 qui
1855 420 2048 490 salit),
2079 421 2258 478 stulta!
2279 423 2649 493 intelligentiae
2670 439 2996 499 exasperare
3022 430 3332 491 maledicto.

53 505 310 560 bescenda.
345 534 414 544 -
440 503 521 559 Ne
553 503 715 574 igitur
735 502 880 558 aliud
923 504 1358 562 existimarentus
1403 507 1461 572 in
1503 523 1633 578 ope-

55 601 197 659 ribus
223 599 333 656 suis
359 613 504 664 esse,
528 613 688 669 quam
710 599 1081 656 contineretur
1115 601 1170 655 in
1199 603 1350 672 lege;
1386 618 1492 656 non
1523 602 1634 658 sol-

51 708 174 750 vere
219 708 276 748 se
321 693 492 763 legem
518 690 791 763 professus
813 701 933 756 est,
969 693 1063 749 sed
1091 693 1316 764 implere
1371 713 1384 750 :
1433 695 1632 752 coelum

49 785 256 858 quidem
286 794 341 841 et
373 795 595 853 terram,
630 785 886 853 maxime,
912 793 971 840 ut
994 786 1338 853 arbitramur,
1363 788 1633 845 elementa

48 892 166 933 esse
193 876 444 942 solvenda
471 893 484 928 :
517 885 773 946 crateram
813 894 880 933 ne
907 877 1190 934 minimum
1219 879 1438 950 quidem
1467 895 1633 952 posse

46 984 165 1026 esse
186 969 251 1026 de
283 967 550 1025 mandatis
580 968 714 1040 legis
734 969 988 1026 iniectum
1016 987 1032 1038 ;
1057 971 1112 1026 in
1145 971 1262 1042 ipso
1290 974 1434 1028 enim
1466 973 1554 1029 lex
1579 981 1635 1030 et

47 1062 322 1136 prophetia
349 1061 529 1117 omnis
568 1061 842 1133 impletur.
874 1063 985 1120 Sub
1017 1065 1272 1136 passione
1319 1076 1374 1121 et
1403 1067 1628 1137 jamjam

47 1156 283 1225 Spiritum
316 1154 631 1222 traditurus,
661 1157 839 1227 magni
886 1155 1048 1227 hujus
1095 1157 1147 1212 in
1195 1173 1257 1213 se
1303 1169 1484 1214 certus
1538 1176 1630 1215 ar-

46 1250 184 1316 cani,
213 1250 288 1322 (α)
329 1260 486 1320 potus
514 1259 668 1305 aceto
696 1262 1065 1306 consummata
1091 1252 1271 1307 omnia
1309 1263 1392 1308 cst
1420 1253 1628 1323 profes-

46 1358 136 1399 sus
167 1362 179 1398 :
212 1343 368 1398 ﬁdem
393 1341 540 1415 enim
561 1352 859 1414 gestorum,
892 1345 1072 1399 omnia
1103 1355 1212 1399 tum
1244 1347 1628 1416 prophetarum

50 1439 187 1495 dicta
209 1439 514 1496 sumebant.
547 1437 734 1510 Itaque
778 1455 846 1495 ne
891 1440 1112 1494 minima
1157 1440 1376 1512 quidem
1409 1443 1629 1500 manda-

47 1542 217 1590 torum
247 1532 378 1601 Dei,
411 1532 515 1588 nisi
555 1547 678 1588 cum
708 1533 918 1604 piaculo
946 1533 1022 1606 (b)
1057 1533 1153 1590 Dei
1195 1536 1480 1592 constituit
1507 1552 1630 1594 esse

43 1624 293 1680 solvenda
321 1623 483 1695 (Ibid.
518 1623 608 1694 19)
640 1624 887 1681 :luturos
909 1626 1181 1690 minimos,
1215 1626 1267 1707 id
1302 1639 1406 1694 est,
1439 1629 1625 1685 novis-

43 1718 210 1772 simos
229 1732 289 1774 ac
315 1732 474 1789 poene
497 1718 674 1773 nullos
701 1718 1049 1786 denuntians,
1081 1720 1300 1774 minima
1328 1722 1623 1778 solventes.

43 1808 196 1864 Nulla
224 1820 398 1865 autem
432 1809 515 1865 his
546 1810 754 1865 minora
787 1821 1013 1882 possunt
1055 1827 1178 1868 esse
1201 1853 1216 1879 ,
1247 1829 1367 1883 quae
1403 1815 1622 1870 minima
1655 1821 1703 1881 Β

38 1910 185 1956 sunt.
210 1901 484 1958 Minimum
513 1913 693 1959 autem
719 1913 802 1960 est
824 1904 1091 1970 omnium,
1120 1905 1330 1961 Domini
1365 1908 1545 1977 passio
1573 1917 1630 1965 et

37 1995 212 2050 crucis
253 2011 438 2051 mors:
469 2011 628 2066 quam
667 1998 712 2052 si
754 1997 871 2067 quis
902 2009 1177 2070 tamquam
1207 2001 1627 2058 erubescendum

35 2103 144 2144 non
189 2088 567 2156 conﬁtebitur,
626 2091 728 2145 erit
799 2090 1082 2157 minimus;
1139 2093 1415 2149 conﬁtenti
1501 2110 1630 2150 vero

32 2197 244 2254 magnae
273 2183 326 2237 in
349 2183 487 2238 cmlo
513 2183 809 2239 vocationis
837 2184 1065 2256 gloriam
1097 2184 1169 2258 (ε)
1203 2187 1509 2257 pollicetur.

105 2260 195 2333 16.
229 2276 568 2352 Evangelimn
608 2280 695 2349 qui
741 2279 902 2354 legem
933 2281 1163 2335 excedat.
1193 2311 1264 2322 -—-
1293 2281 1424 2337 Dico
1461 2293 1631 2338 autem

27 2375 204 2442 vobis,
243 2375 366 2444 quia
395 2373 494 2428 nisi
535 2374 872 2429 abundaverit
895 2376 1098 2446 iustitia
1135 2387 1305 2432 vestra
1330 2378 1447 2450 plus
1476 2394 1632 2448 quam

29 2469 337 2525 Scribarum
373 2479 417 2524 et
445 2467 835 2523 Pharisaeorum
858 2511 873 2535 ,
898 2485 1001 2523 non
1038 2469 1294 2525 intrabitis
1338 2471 1393 2524 in
1419 2487 1632 2543 regnum

25 2566 274 2620 caelorum
301 2561 462 2634 (Ibid.
496 2562 610 2634 20).
647 2561 1019 2618 Pulcherrima
1052 2563 1297 2633 ingressu
1318 2577 1454 2634 opus
1499 2564 1632 2635 legis

24 2660 199 2730 cmpit
227 2658 508 2724 excedere,
535 2666 594 2713 ut
619 2675 724 2712 non
751 2657 1072 2714 dissolveret
1101 2673 1241 2723 eam,
1263 2656 1359 2712 sed
1392 2657 1633 2726 profectu

23 2755 246 2827 potiore
276 2751 609 2822 praecederet
635 2770 648 2806 :
673 2751 876 2807 aditum
911 2751 1170 2822 apostolis
1194 2754 1246 2806 in
1272 2739 1492 2818 etclam,
1526 2750 1632 2806 nisi

19 2849 296 2921 justitiam
328 2847 722 2904 Pharisaeorum
765 2847 1022 2916 aequitate
1048 2845 1346 2901 anteissent
1367 2887 1381 2910 ,
1412 2844 1632 2902 denun-

24 2947 177 2998 tians
204 2958 311 2998 non
335 2940 588 2996 laturum.
626 2939 926 3011 Propositis
950 2939 1112 3011 igitur
1141 2938 1227 2994 his
1267 2955 1388 3009 qua:
1410 2938 1462 2994 in
1508 2940 1627 3010 lege

23 3035 347 3108 praescripta
366 3045 510 3102 sunt,
537 3033 781 3105 proiectu
811 3047 874 3088 ea
899 3048 1011 3088 non
1039 3032 1333 3090 abolitione
1361 3041 1632 3104 transgre-

23 3129 203 3185 ditur.

106 3223 198 3278 17.
233 3219 327 3276 Ira
351 3220 461 3276 sine
489 3237 647 3276 causa
677 3219 941 3274 homicidii
964 3235 1072 3274 rea.
1112 3249 1173 3260 -
1200 3218 1313 3275 Lex
1341 3219 1511 3275 vetuit
1541 3233 1633 3274 oc-
1657 3224 1704 3287 ο

27 3316 242 3384 cidere,
266 3324 473 3373 reatum
503 3315 779 3372 homicidii
811 3315 1105 3372 severitate
1132 3313 1320 3384 judicii
1345 3313 1632 3386 expiatura

29 3409 209 3483 (Ibid.
240 3407 354 3480 21).
386 3408 493 3464 Sed
522 3408 661 3464 male
717 3408 768 3462 in
821 3407 1050 3462 alterum
1102 3415 1389 3462 commota:
1440 3407 1636 3462 mentis

27 3502 252 3561 aﬁ‘ectio
265 3502 404 3558 idem
425 3502 479 3558 in
503 3501 810 3572 Evangeliis
836 3500 997 3556 habet
1018 3499 1098 3573 (ά)
1123 3515 1318 3572 ρωηιιις
1341 3508 1394 3556 ει
1417 3515 1481 3555 ex
1501 3514 1636 3570 pra:-

30 3607 197 3668 cepto
228 3595 354 3652 ﬁdei
401 3611 508 3651 non
556 3594 737 3651 minus
780 3610 870 3650 rea
904 3594 982 3649 ira
1025 3594 1254 3649 estsine
1284 3595 1492 3648 ratione
1518 3607 1640 3648 sus-

30 3698 220 3762 cepta,
265 3704 425 3761 quam
455 3689 507 3743 in
550 3687 808 3757 operibus
858 3686 991 3758 legis
1033 3685 1402 3741 homicidium.
1453 3683 1522 3738 Et
1548 3683 1637 3755 qui

15 3777 226 3841 dixerit
256 3783 407 3855 fratri
433 3798 526 3837 suo
551 3781 740 3849 racha,
775 3795 891 3834 reus
926 3779 1020 3833 erit
1049 3777 1268 3834 concilio
1299 3776 1474 3850 (Ibid.
1503 3774 1632 3848 22).

29 3881 223 3936 Racha
246 3878 532 3934 vacuitatis
563 3873 915 3946 opprobrium
943 3882 1028 3928 est
1052 3889 1065 3926 :
1098 3882 1152 3927 et
1174 3873 1265 3942 qui
1294 3883 1483 3926 sancto
1509 3871 1635 3938 Spi-

27 3977 142 4032 ritu
173 3973 394 4044 plenum
424 3969 674 4026 convicio
717 3964 1000 4021 vacuitatis
1040 3962 1355 4027 insimulat,
1403 3963 1460 4016 ﬁt
1509 3977 1636 4018 reus

30 4068 274 4126 concilio
327 4074 670 4127 sanctorum;
726 4057 1107 4115 contumeliam
1160 4055 1393 4125 Spiritus
1457 4054 1634 4110 sancti

25 4162 204 4236 685
232 4165 540 4215 sanctorum
561 4153 820 4225 judicium
848 4147 1317 4206 animadversione
1360 4147 1590 4201 luiturus
1615 4163 1630 4200 :

29 4258 143 4324 Qui
170 4266 346 4310 autem
392 4252 595 4323 fatuum
640 4248 861 4311 dixerit,
899 4261 1018 4298 reus
1063 4242 1157 4298 erit
1207 4241 1450 4313 gehennae
1480 4239 1632 4312 ignis.

25 4351 243 4408 Piaculi
267 4347 447 4419 magni
471 4343 767 4415 periculum
799 4349 912 4405 est,
943 4353 1102 4409 quem
1130 4335 1299 4392 salem
1325 4335 1468 4389 Deus
1500 4349 1638 4388 nun-

23 4443 356 4516 cupaverit,
411 4455 532 4495 eum
582 4432 910 4492 contumelia
961 4430 1205 4486 infatuati
1254 4443 1448 4485 sensus
1493 4428 1636 4484 lace-

1739 508 2042 568 Istiusmodi
2079 514 2240 584 igitur
2268 517 2457 574 sterni
2484 517 2624 588 ignis
2649 521 2750 575 erit
2773 523 3042 592 pabulum.
3075 525 3150 580 Ita
3180 527 3334 598 quid-

1737 603 1864 672 quid
1907 605 1990 660 lex
2023 605 2092 678 (e)
2131 622 2199 664 ne
2240 609 2290 663 in
2322 609 2453 679 ipsis
2479 612 2696 682 quidem
2733 616 2984 684 operibus
3022 618 3328 688 damnavit,

1737 700 2138 769 evangeliorum
2169 702 2304 758 ﬁdes
2333 719 2432 774 pro
2473 707 2866 765 contumeliosa
2893 720 3096 768 tantum
3136 714 3333 772 verbo-

1737 804 1856 845 rum
1882 792 2135 849 facilitate
2159 795 2507 852 condemnat.

1811 905 1897 961 18.
1917 890 2046 962 Ῥαω
2087 926 2201 964 cum
2246 894 2494 978 fratribus
2537 917 2652 986 paci
2707 917 2800 972 Dei
2840 919 3228 989 ‘prwmittenda.
3258 952 3331 964 ~—

1736 996 1914 1053 Mutua
1945 998 2106 1070 igitur
2129 1002 2413 1060 universos
2433 1005 2698 1065 charitate
2742 1009 3055 1066 devinciens
3078 1055 3094 1080 ,
3125 1012 3327 1068 nullam

1737 1091 2050 1162 impaciﬁcze
2077 1097 2339 1154 orationis
2364 1100 2478 1155 tieri
2505 1116 2719 1171 precem
2748 1105 2946 1174 patitur
2972 1124 2984 1160 :
3019 1108 3112 1164 sed
3137 1109 3330 1165 altario

1735 1200 1958 1241 munera
1990 1187 2322 1257 offerentes,
2369 1193 2413 1247 si
2461 1195 2814 1251 recordentur
2860 1199 3060 1256 habere
3101 1217 3160 1257 se
3207 1219 3329 1258 cum

1735 1279 1992 1335 fratribus
2027 1280 2231 1350 aliquid
2261 1284 2589 1341 simultatum
2613 1330 2626 1352 ,
2672 1292 3049 1348 reconciliatos
3097 1293 3330 1350 humana

1733 1387 1866 1442 pace
1894 1376 2090 1430 reverti
2121 1375 2174 1428 in
2211 1374 2445 1431 divinam
2475 1394 2659 1448 pacem
2695 1381 2881 1451 jubet,
2913 1386 2965 1440 in
3001 1385 3097 1442 Dei
3144 1387 3328 1442 chari-

1735 1474 1897 1522 tatem
1953 1467 2021 1524 de
2049 1467 2313 1526 charitate
2341 1468 2617 1528 hominum
2667 1479 2991 1534 transituros
3037 1479 3212 1551 (Ibid.
3257 1483 3330 1538 25

1733 1569 1778 1646 εξ
1802 1560 1897 1634 24)
1907 1602 1920 1615 .

1806 1683 1896 1740 19.
1929 1683 2044 1741 Cito
2077 1686 2301 1743 ineunda
2343 1700 2436 1746 est.
2483 1721 2554 1734 —-
2584 1692 2650 1748 Et
2696 1695 2818 1766 quia
2866 1699 3070 1754 nullum
3117 1708 3330 1772 tempus

1730 1791 1958 1832 vacuum
1989 1778 2183 1834 aﬂ'ectu
2210 1779 2596 1852 placabilitatis
2627 1803 2748 1844 esse
2785 1793 3044 1860 permittit
3072 1836 3086 1858 ,
3133 1796 3240 1849 cito
3272 1795 3329 1850 in

1733 1869 1881 1924 omni
1917 1870 2040 1925 vita:
2074 1880 2272 1927 nostrae
2323 1875 2408 1930 via
2464 1879 2806 1934 reconciliari
2861 1899 2960 1936 nos
3011 1885 3330 1942 adversario

1732 1959 2065 2032 benignitate
2095 1965 2354 2035 praecepit
2389 1984 2403 2021 :
2436 1984 2504 2024 ne
2534 1969 2588 2024 in
2630 1970 2808 2026 reditu
2853 1975 3043 2042 gratia:
3089 1977 3328 2041 morosi,

1732 2053 1787 2109 in
1831 2057 2025 2112 mortis
2057 2065 2270 2129 tempus
2297 2076 2404 2116 non
2452 2061 2581 2118 inita
2616 2071 2749 2135 pace
2781 2067 3058 2124 veniamus
3079 2110 3095 2134 ,
3122 2087 3334 2142 nosque

1733 2146 2078 2205 adversarius
2113 2150 2282 2218 judici
2329 2153 2545 2220 tradat,
2589 2167 2645 2212 et
2668 2159 2833 2226 judcx
2880 2160 3162 2227 ministro,
3192 2173 3246 2218 et
3279 2165 3334 2221 in

1734 2252 2006 2295 carcerem
2055 2242 2334 2299 mittamur
2359 2286 2375 2310 ,
2419 2255 2474 2301 et
2505 2263 2610 2302 non
2660 2265 2917 2306 exeamus
2949 2252 3076 2309 inde
3101 2295 3116 2322 ,
3146 2253 3328 2312 donec

1734 2332 2024 2390 reddamus
2053 2338 2406 2393 novissimum
2434 2341 2791 2411 quadrantem
2823 2342 2986 2417 (Ibid.
3015 2347 3088 2402 25
3125 2360 3173 2403 et
3212 2349 3328 2420 '26).

1734 2424 1791 2480 In
1819 2428 2104 2499 prreceptis
2130 2429 2417 2487 dominicae
2462 2434 2728 2491 orationis
2773 2439 2976 2493 remitti
3021 2440 3179 2496 nobis
3207 2457 3335 2512 pec-

1734 2529 1854 2574 cata
1911 2533 2098 2576 nostra
2149 2537 2370 2579 oramus
2400 2527 2648 2597 exemplo
2680 2570 2695 2593 ,
2741 2539 2796 2584 et
2849 2529 2972 2584 data
3004 2533 3334 2590 adversariis

1736 2611 2049 2669 conditione
2073 2616 2265 2682 venim,
2299 2617 2465 2687 ipsius
2488 2620 2700 2674 veniam
2731 2620 3088 2691 deprecamur
3113 2625 3332 2699 (Matth.

1735 2720 1822 2771 vt,
1851 2706 1962 2778 12).
1991 2706 2116 2762 Haec
2164 2711 2344 2779 itaque
2384 2711 2668 2781 negabitur
2700 2713 2858 2771 nobis
2880 2757 2895 2783 ,
2929 2715 2975 2770 si
3018 2716 3139 2772 aliis
3170 2734 3335 2789 nege-

1737 2807 1854 2854 tura
1885 2800 2040 2856 nobis
2073 2818 2086 2854 :
2118 2813 2415 2874 nostroque
2458 2805 2558 2874 ἱρή
2595 2805 2802 2876 judicio
2833 2808 2912 2863 rei
2939 2823 3126 2864 sumus
3151 2853 3165 2876 ,
3197 2813 3241 2867 si
3275 2814 3333 2870 in

1729 2890 1918 2962 judicii
1967 2901 2178 2964 tempus
2229 2910 2333 2950 non
2391 2897 2632 2953 remissis
2678 2899 3042 2956 simultatibus
3091 2911 3336 2960 transea-

1735 2999 1856 3039 mus
1883 3000 1898 3048 ι
1930 2985 2243 3042 adversario
2273 2988 2522 3051 tradente
2573 3005 2673 3046 nos
2697 2990 2866 3061 judici
2889 3035 2906 3061 ,
2933 2994 3058 3063 quia
3105 3011 3336 3053 manens

1735 3076 1789 3132 in
1823 3093 1944 3133 eum
1975 3080 2264 3135 simultatis
2292 3093 2488 3136 nostrm
2514 3083 2590 3138 ira
2616 3099 2714 3139 nos
2741 3085 2935 3155 arguit.
2961 3085 3029 3142 Et
3051 3088 3174 3158 quia
3202 3089 3337 3145 cha-

1734 3173 1866 3227 ritas
1899 3173 2186 3241 plurimum
2223 3185 2563 3245 peccatorum
2597 3182 2726 3247 tegit
2758 3177 2799 3250 (Ι
2840 3178 2982 3233 Petr.
3021 3196 3105 3242 tv,
3139 3180 3234 3252 8),
3269 3189 3326 3237 et

1737 3281 1984 3321 errorum
2013 3277 2320 3322 nostrorum
2345 3268 2629 3324 ambitiosa
2659 3269 2725 3324 ad
2758 3270 2930 3325 Deum
2955 3278 3180 3340 patrona
3209 3281 3293 3328 est
3317 3291 3334 3341 ;

1739 3355 2093 3414 novissimum
2119 3375 2291 3430 pinnae
2319 3361 2678 3431 quadrantem
2705 3362 2998 3428 solvemus,
3031 3365 3133 3419 nisi
3161 3365 3340 3435 pretio

1738 3449 1908 3520 ipsius
1933 3449 2332 3521 aliquantorum
2355 3453 2638 3508 criminum
2666 3455 2821 3524 culpa
2848 3455 3164 3511 redimatur.
3193 3457 3336 3526 Quid

1739 3554 1920 3600 autem
1943 3559 1974 3598 a
2004 3544 2245 3614 pluribus
2277 3545 2328 3600 in
2365 3545 2466 3600 hoc
2493 3547 2669 3616 capite
2697 3563 2914 3602 sensum
2958 3548 3065 3615 sit,
3101 3565 3206 3605 non
3240 3567 3341 3621 pu-

1743 3639 1846 3694 tavi
1878 3654 2001 3695 esse
2048 3639 2406 3695 tractandum.
2461 3639 2570 3696 [loc
2612 3641 2756 3696 enim
2783 3684 2798 3710 ,
2827 3641 2971 3712 quod
3022 3643 3340 3700 adversario

1742 3733 2080 3788 reconciliari
2111 3730 2181 3806 (ι’)
2217 3732 2592 3788 benevolentia
2620 3733 2895 3803 jubemur,
2921 3738 2987 3790 ad
3013 3736 3259 3806 corporis
3284 3745 3342 3794 et

1741 3829 1966 3900 Spiritus
2007 3828 2410 3885 adversantium
2457 3829 2558 3884 sibi
2605 3829 2950 3884 concordiam
2999 3832 3338 3899 retulerunt;

1739 3923 1833 3977 sed
1863 3939 1960 3977 nos
1991 3922 2235 3978 ordinem
2266 3923 2529 3979 dot-trime
2569 3933 2812 3980 tenentes
2840 3966 2855 3991 ,
2912 3933 2968 3978 et
3019 3941 3156 3996 Opus
3206 3926 3342 3995 legis

1741 4016 2067 4086 evangelicis
2111 4015 2444 4085 profectibus
2470 4015 2795 4071 excedentes
2822 4057 2836 4081 ,
2885 4031 2991 4071 non
3037 4017 3341 4096 putavimus

1742 4107 2113 4178 intelligentiae
2140 4109 2599 4162 continuationem
2630 4116 2883 4178 oportere
2908 4101 3164 4165 convelli.

1813 4245 1905 4302 20.
1938 4245 2171 4300 Audistis
2209 4246 2328 4316 quia
2369 4244 2558 4299 dictum
2597 4255 2668 4299 est
2699 4246 2952 4316 antiquis,
2987 4263 3088 4301 non
3118 4249 3341 4304 macha-

1745 4339 1895 4404 beris,
1922 4347 2027 4394 etc.
2057 4337 2235 4406 (Matt.
2269 4354 2324 4403 v,
2346 4338 2463 4410 27).
2493 4337 2684 4392 Fertur
2711 4352 2809 4392 suo
2838 4354 3002 4394 cursu
3041 4340 3175 4398 ordo
3204 4358 3340 4414 prac-

1745 4433 1885 4503 cepti
1908 4472 1922 4497 ,
1953 4439 2009 4486 et
2038 4430 2428 4500 praetermissis
2456 4429 2592 4501 legis
2622 4430 2900 4502 operibus,
2929 4430 3039 4501 jam
3067 4433 3120 4488 in
3156 4435 3338 4492 Evan-

23 4515 196 4601 scere
230 4556 246 4594 ι
277 4547 333 4595 ει
373 4537 670 4592 stultorum
703 4529 1120 4602 intelligentiam
1162 4527 1443 4584 salientem
1476 4523 1639 4598 (eum
1671 4515 1720 4579 D
1745 4525 1902 4598 geliis
1932 4523 2202 4580 adulterio
2231 4532 2409 4578 motus
2441 4531 2647 4578 tantum
2670 4521 2814 4578 oculi
2842 4521 3129 4581 incidentis
3150 4543 3338 4598 aequa-

104 4705 190 4779 (a)
222 4703 284 4758 In
307 4700 624 4779 quibusdam
652 4695 804 4779 libris
830 4704 969 4779 peto,
1015 4692 1067 4747 in
1109 4691 1226 4746 aliis
1259 4698 1628 4779 pqtatoaceto‘,

22 4780 84 4835 in
110 4761 404 4832 \nonnul'tis
435 4770 718 4844 potuiaceti
739 4810 754 4834 ,
786 4761 846 4844 in
872 4768 957 4844 Ps.
989 4780 1146 4844 cxxm
1166 4805 1180 4830 ,
1212 4779 1266 4817 n.
1297 4761 1359 4829 4,
1395 4771 1508 4844 post
1535 4776 1630 4831 po-

23 4851 214 4906 culum
235 4847 388 4901 aceti.
419 4834 654 4908 Deinde,
687 4855 782 4910 pro
812 4839 965 4904 ﬁdem
997 4838 1128 4915 enim
1155 4845 1443 4915 gestorum,
1474 4834 1632 4915 lqnge

23 4902 332 4978 mallemus
356 4918 510 4985 linem
539 4902 971 4985 enim'gestorum,
1005 4902 1205 4985 Christi
1236 4905 1462 4960 scilicet.
1495 4902 1631 4985 Per-

24 4974 192 5065 fect'is
239 4974 374 5045 enini
405 4987 667 5048 omnibus,
695 4974 755 5065 ἷιι
795 4974 988 5065 diqilur
1033 4981 1084 5033 in
1115 4977 1202 5033 Ps.
1234 4993 1426 5065 cxxxt,
1559 4974 1628 5065 ,

24 5052 105 5119 2m
133 5081 154 5118 :
186 5063 607 5118 Consumnmtunt
638 5064 804 5110 est....
858 5052 1250 5106 Pcrcucurrerat
1289 5052 1421 5102 enim
1460 5052 1632 5100 omnia

23 5135 355 5191 sacramenti
384 5131 548 5203 ofﬁcia
569 5145 588 5182 :
615 5135 662 5183 et
683 5127 766 5180 ubi
796 5125 862 5203 in_
878 5121 1319 5203 consummatione
1333 5120 1596 5203 ‘gaudetur
1614 5157 1629 5181 ,

23 5209 98 5262 ibi
129 5209 191 5261 in
219 5191 446 5274 suscepli
472 5201 637 5274 aperis
654 5196 960 5271 perfectioiie
983 5195 1160 5274 lartitia
1187 5202 1277 5246 est.
1305 5191 1484 5274 Itaque
1510 5205 1630 5274 cum

23 5261 175 5336 dixit
200 5261 456 5333 Christus
489 5261 946 5345 {Consummatum
972 5276 1064 5345 est,
1097 5272 1151 5317 ct
1179 5264 1438 5345 continuo
1468 5261 1631 5345 tradi:

22 5330 428 5421 signatum;
465 5345 624 5399 tinem
645 5339 882 5421 ρηρμίαηι
910 5339 1291 5421 autem".
1307 5334 1444 5421 die“
1467 5330 1632 5421 (Ψείὲ

19 5406 261 5480 Ρᾶτ.ἐι
286 5423 338 5475 in
367 5406 476 5473 uno
501 5429 602 5470 ms.
639 5410 791 5468 Colb.
831 5406 1006 5482 gesta)
1031 5411 1293 5462 sumebant
1324 5421 1341 5459 :
1371 5415 1480 5482 tum
1510 5406 1632 5482 quia

15 5475 190 5554 iub—rs
211 5475 302 5548 est
321 5490 444 5546 ﬁnis
471 5495 526 5542 et
546 5475 853 5557 extremum
871 5475 1080 5557 eorum,
1112 5495 1233 5548 qua:
1262 5476 1540 5557 propheta:
1567 5475 1634 5556 ab

11 5566 158 5640 ipso
185 5566 247 5620 in
286 5577 450 5618 carne
489 5555 723 5640 gerenda
755 5553 1289 5640 prazdixeranti‘tmn

9 5617 409 5697 ἦνιῖέηῖίεὰηὶὶῑ
455 5617 780 5701 prophetia:
811 5641 932 5680 cum
974 5625 1040 5679 ad
1071 5623 1274 5678 exitum
1327 5617 1640 5691 perducitur

9 5711 516 5788 rltio‘dcmnque‘ea
542 5701 856 5788 praedictum
877 5706 978 5754 est.

95 5771 450 5858 (b)_Aliqu_ot
477 5788 608 5830 mss.
631 5771 790 5858 Deus.

77 5833 291 5934 (Sin;
312 5833 553 5926 p'otiores
579 5859 711 5902 mss.
742 5841 797 5897 In
825 5839 947 5897 aliis
967 5880 984 5908 ,
1021 5837 1308 5907 conﬁtetur.
1364 5835 1423 5890 ln
1453 5833 1638 5904 vulga-

574 5940 853 6003 Ρηιιοι..
879 5933 991 5999 IX.

1740 4689 1807 4745 tis
1833 4696 2011 4745 autem
2031 4730 2046 4753 ,
2081 4685 2329 4741 Dominus
2352 4701 2466 4758 esse
2501 4683 2795 4758 confitetur.
2824 4683 2923 4740 llic
2955 4700 3154 4758 magna:
3189 4704 3340 4743 voca-

1737 4762 1890 4832 tionis
1920 4760 2160 4832 gloriant_
2181 4758 2310 4813 dicit
2349 4757 2583 4811 Hilarius
2604 4757 2800 4832 ,_quasi
2841 4757 3020 4826 magni
3043 4757 3326 4829 nominis,

1731 4831 1882 4902 juxta
1912 4827 2044 4885 illud
2068 4847 2082 4883 :
2111 4829 2210 4884 Hic
2231 4845 2447 4902 magnus
2473 4827 2754 4881 vocabitur.

1809 4922 1890 4996 (ό)
1924 4922 2208 4996 Singulare
2229 4933 2311 4976 est
2337 4920 2465 4996 illud
2494 4919 2634 4996 idem
2652 4937 2829 4996 pmnw,
2862 4937 2958 4992 pro
2981 4924 3208 4977 eamdem
3231 4942 3337 4994 pa:-

1735 4992 1877 5050 uam.
1923 4992 2130 5050 Deinde
2182 4994 2492 5066 notandum
2516 4992 2637 5046 ﬁdei
2669 4992 3013 5066 vocabulum;
3044 4995 3143 5065 legi
3169 5037 3182 5061 ,
3214 4992 3338 5053 lidei

1740 5078 2067 5138 praeceptum
2094 5074 2363 5136 praecepto
2393 5063 2526 5131 legis
2555 5064 2773 5132 Opponi.

1814 5159 1886 5236 (e)
1916 5160 2179 5215 Particula
2211 5175 2274 5239 ne
2317 5157 2468 5239 deest
2496 5156 2550 5211 in
2573 5158 2834 5239 vulgatis.
2868 5158 3056 5239 Exstat
3106 5161 3156 5215 in
3202 5178 3331 5239 mss.

1741 5229 1967 5302 quorum
2021 5233 2342 5285 auctoritate
2384 5229 2471 5284 hic
2519 5229 2808 5298 adjicitur,
2845 5233 3076 5286 maxime
3126 5248 3246 5287 cum
3281 5235 3338 5290 in

1741 5306 1858 5375 lege
1884 5303 2230 5359 homicidium
2259 5311 2622 5376 perpetratum
2660 5315 2764 5355 non
2791 5304 3052 5370 gehenme
3077 5345 3092 5371 ,
3125 5303 3218 5360 sed
3244 5305 3337 5376 ju-

1741 5372 1883 5431 dicio
1904 5377 2180 5430 dumtaxat
2203 5372 2620 5428 condemnatum
2655 5385 3005 5429 memoretur.

1815 5471 1886 5541 (Ῑ)
1915 5471 2046 5523 Dum
2076 5468 2161 5522 hic
2206 5467 2281 5521 ait
2305 5466 2581 5541 Hilarius,
2601 5467 2922 5541 reconciliari
2951 5469 3296 5524 benevolentia
3318 5512 3334 5534 ,

1747 5552 1801 5596 et
1827 5538 1988 5607 Supra
2008 5581 2022 5605 ,
2045 5539 2362 5594 reconciliari
2384 5540 2723 5611 benignitate;
2751 5538 2856 5592 vim
2887 5541 3045 5604 grzcei
3074 5543 3340 5596 sermonis

1749 5613 2018 5683 expressit
2043 5629 2055 5665 :
2079 5612 2224 5679 quia,
2258 5619 2316 5665 ut
2336 5617 2488 5665 notat
2509 5612 2866 5683 Hieronymus
2890 5612 2942 5664 in
2974 5612 3114 5665 hunc
3135 5611 3334 5679 locum,

1749 5681 1844 5756 pro
1871 5701 1928 5739 eo
1953 5684 2089 5754 quod
2122 5699 2214 5756 nos
2241 5683 2481 5756 habemus
2524 5682 2577 5734 in
2604 5681 2777 5756 latinis
2815 5682 3074 5756 codicibus
3118 5699 3337 5737 consen-

1752 5754 1900 5833 tiens,
1929 5757 1980 5833 in
1999 5755 2176 5833 grwcis
2203 5755 2447 5833 scriptum
2470 5763 2545 5808 est
2573 5754 2772 5820 εὐνοῶν,
2807 5758 2944 5822 quod
2973 5755 3342 5833 interpretatur

1753 5826 2019 5883 benevolus
2045 5843 2105 5881 ac
2135 5826 2398 5900 benignus.

2815 5924 2919 5984 .30
