3882 6332
106 305 205 371 ου

1033 308 1582 377 ΒΟΜΜΕΝτΑωυδ
1616 311 1686 375 IN
1720 312 2154 378 IA'I‘TIIEIJH.
2193 318 2347 378 CAP.
2402 322 2465 378 ν.

3286 334 3402 392 m

111 423 256 481 enim
302 424 563 485 momenti
600 430 718 483 erat
758 422 943 495 iurare
974 440 1068 496 per
1095 426 1290 485 coelum
1332 428 1430 486 Del
1471 428 1655 487 sedero
1680 469 1697 497 ,
1725 431 1780 497 Α
1808 445 1930 491 esse
1974 446 2226 506 oportere
2276 436 2645 508 denicastrat;
2686 442 2897 500 utboui
2940 445 3158 516 gratuiti
3182 446 3253 504 sit
3288 450 3401 506 dis-

104 516 288 588 iurare
341 534 441 591 per
486 525 683 576 terram
721 518 1016 576 scabellum
1061 520 1257 591 pedum
1304 522 1464 591 eius,
1516 520 1702 594 iurare

109 624 207 680 per
234 609 536 669 Jerusalem
584 610 772 669 urbem
812 612 960 669 brevi
994 614 1065 670 ob
1102 614 1444 673 insolentiam
1486 625 1543 673 et
1573 630 1700 686 pec-

109 711 226 759 cata
275 703 688 761 inhabitantium
746 703 1126 762 destruendam
1178 726 1191 761 :
1236 722 1361 765 cum
1400 709 1701 779 praesertim

109 800 163 855 in
187 798 680 870 praeformatiunem
702 799 979 870 Ecclesia,
1006 802 1061 858 id
1083 812 1188 870 est,
1212 804 1458 875 corporis
1476 803 1699 872 Christi,

109 906 230 961 quae
277 892 454 963 magni
476 892 619 966 regis
660 901 742 948 est
771 892 998 959 civitas,
1039 906 1188 952 esset
1224 897 1555 953 constituta?
1597 895 1704 954 Per

109 997 266 1055 caput
295 994 473 1041 autem
498 983 688 1056 iurare
713 1000 811 1043 cur
847 985 1080 1042 vellent?
1108 986 1382 1059 Numquid
1409 989 1491 1045 vel
1525 987 1702 1060 capilli

110 1078 268 1135 unius
313 1078 556 1137 mutandi
586 1079 815 1141 facultas
855 1095 978 1138 esse
1026 1091 1239 1153 poterat
1289 1084 1537 1154 iuranti,
1578 1099 1703 1142 cum

107 1170 357 1229 omnibus
384 1172 620 1229 colorem
640 1183 826 1228 natura
854 1188 884 1228 a
921 1174 1032 1229 Deo
1063 1174 1301 1245 profecta
1347 1174 1702 1248 suggereret!

107 1262 284 1334 Atque
310 1263 383 1320 ita
435 1264 550 1333 lupo
587 1276 1050 1323 sacramentorum
1095 1269 1317 1339 pignora
1364 1270 1524 1340 plena
1561 1268 1704 1340 apud

111 1373 209 1417 eos
245 1357 445 1430 piaculi
466 1358 632 1419 misse
655 1358 993 1415 demonstrat
1017 1377 1031 1414 :
1055 1376 1180 1419 cunt
1221 1362 1471 1435 ignorate
1492 1372 1583 1419 aut
1607 1378 1707 1420 ne-

106 1449 288 1522 glecto
302 1449 495 1522 opiIice
516 1465 635 1516 suo,
658 1451 976 1522 religionem
996 1454 1254 1523 operibus
1274 1456 1704 1526 itupertircntur.

180 1545 273 1605 25.
319 1542 614 1602 Ulciscendi
659 1544 820 1601 libido
858 1558 1140 1603 coercetur.
1167 1576 1240 1591 --
1269 1549 1500 1605 Audistis
1522 1591 1538 1617 ,
1584 1550 1707 1620 quia

111 1639 304 1695 dictum
333 1646 437 1705 est,
477 1638 682 1695 oculum
715 1655 810 1711 pro
837 1640 987 1696 oculo
1007 1681 1022 1705 ,
1060 1640 1263 1697 dentem
1302 1657 1397 1713 pro
1437 1642 1619 1708 dente,
1651 1649 1710 1699 et

111 1732 317 1804 reliqua
347 1728 511 1806 (Ibid.
542 1729 658 1805 58).
696 1733 988 1791 Extensam
1028 1730 1157 1789 lidel
1194 1744 1396 1789 nostra:
1443 1733 1497 1790 in
1547 1745 1705 1789 cetera

1800 526 2052 594 pensatio
2074 530 2329 598 gratuita,
2377 542 2433 585 et
2464 535 2697 590 mutuari
2742 534 3054 593 volentibus
3097 555 3204 597 non
3230 556 3398 612 nege-

1804 629 1926 672 mus
1959 618 2105 687 quod
2147 630 2458 678 mutuamur
2496 639 2527 679 a
2574 626 2705 691 Dec,
2752 642 2971 698 aeniper
3011 630 3128 687 sine
3166 632 3401 691 habendi

1804 706 2000 768 damno
2026 712 2369 784 impertiendi
2394 716 2697 776 ministerio
2716 720 2798 794 (d)
2818 722 3070 780 iuncturi.

1875 802 1967 858 27.
2006 804 2346 865 lnimieorstat
2394 809 2621 868 dilectio.
2656 841 2733 856 --
2771 814 3001 872 Audistis
3035 818 3159 889 quia
3202 821 3400 878 dictum

1801 903 1898 965 est,
1926 894 2125 973 Diliges
2149 904 2440 973 prosim
2465 914 2629 974 tuum,
2674 918 2722 962 et
2747 909 2888 965 odies
2932 911 3196 969 inimicam
3229 923 3399 985 tuum,

1800 997 1858 1049 et
1880 990 2087 1062 reliqua
2115 993 2279 1065 (Ibid.
2320 998 2439 1070 45).
2465 998 2749 1056 Conclusit
2794 1004 2975 1060 omnia
3005 1005 3245 1065 bonitate
3276 1023 3400 1081 per-

1804 1081 1963 1143 fecta.
1992 1084 2174 1143 Amari
2202 1089 2346 1145 enim
2367 1089 2455 1147 lex
2483 1092 2788 1163 mximum
2799 1096 3066 1167 exigebat,
3087 1100 3207 1154 etin
3223 1100 3400 1156 inimi-

1805 1188 1928 1229 cum
1961 1176 2232 1233 licentiam
2272 1181 2381 1238 odii
2415 1182 2595 1238 dabat.
2644 1185 2794 1256 Diligi
2827 1203 2955 1243 vero
2984 1189 3229 1246 inimicos
3260 1191 3402 1248 ﬁdes

1804 1269 2073 1338 prmcipit,
2105 1277 2162 1326 et
2196 1272 2501 1341 petulantes
2526 1274 2881 1334 humanarum
2909 1282 3170 1339 mentitust
3199 1290 3399 1352 motus,

1806 1360 2040 1431 publica:
2069 1361 2349 1420 cbaritatis
2378 1365 2790 1438 lrangitatl‘eetu
2822 1369 2986 1442 (Ibid.
3018 1372 3147 1447 ﬂ);
3181 1358 3288 1430 non
3315 1391 3408 1430 so-

1806 1452 1919 1510 lum
1943 1454 2077 1511 iram
2107 1456 2178 1513 ab
2208 1456 2413 1515 ultione
2441 1458 2742 1530 depellens,
2766 1463 2866 1519 sed
2889 1466 3048 1520 etiam
3078 1465 3133 1521 in
3158 1480 3405 1524 amorem

1806 1546 2064 1617 mitigans
2087 1547 2334 1618 iniuriosi
2361 1565 2374 1601 :
2410 1550 2531 1621 quia
2560 1554 2801 1623 gentium
2832 1556 2903 1611 sit
2927 1566 3172 1614 amantes
3195 1573 3403 1627 amare,

1810 1651 1866 1697 et
1892 1654 2179 1698 commune
2222 1643 2293 1698 sit
2316 1642 2543 1715 diligere
2566 1645 2879 1718 diligentes.
2910 1648 3081 1706 Vocat
3117 1652 3280 1723 igitur
3310 1669 3410 1710 nos

1812 1730 1865 1787 in
1897 1732 1992 1789 Dei
2015 1742 2074 1788 ut
2103 1733 2496 1804 btereditatem,
2541 1737 2613 1792 ita
2658 1747 2717 1794 et
2753 1740 3136 1798 imitationem:
3168 1744 3327 1802 bonis
3350 1754 3413 1803 et

112 1842 245 1887 nutu
272 1841 420 1895 spem
452 1825 614 1883 rebus
644 1825 777 1896 ipsis
810 1826 1068 1882 Dominus
1090 1828 1203 1881 vult
1226 1827 1445 1895 probari
1476 1845 1489 1880 :
1518 1835 1575 1883 ut
1594 1828 1709 1898 ipsa
1737 1823 1786 1889 Β
1810 1823 2050 1895 iniustis,
2094 1825 2295 1883 Christi
2332 1828 2415 1885 sui
2453 1829 2711 1900 adventu,
2756 1834 2814 1889 iu
2863 1835 3117 1906 baptismi
3146 1847 3203 1894 et
3228 1838 3408 1911 Spiri-

107 1918 517 1977 dissimulandte
541 1917 754 1989 iniuria.-
792 1918 1077 1975 tolerantia
1111 1919 1265 1975 testis
1294 1918 1486 1991 iudicii
1526 1920 1599 1977 sit
1627 1920 1708 1976 lu-

111 2011 243 2066 turi.
270 2009 383 2069 Lex
417 2010 692 2069 inﬁdelem
718 2011 883 2067 Israel
908 2014 1044 2068 iutra
1061 2022 1260 2069 metum
1293 2012 1371 2086 (a)
1402 2024 1550 2072 metu
1579 2029 1711 2072 cou-

109 2102 350 2169 tincbat,
387 2114 438 2159 et
475 2101 685 2174 iniuriae
717 2103 1044 2161 voluntatem
1085 2103 1303 2175 iniuria:
1344 2106 1712 2164 vicissitudine

112 2194 427 2253 coercebat.
463 2194 626 2253 Fides
649 2208 829 2255 autem
853 2196 1059 2255 nullius
1090 2206 1197 2255 tam
1226 2213 1444 2270 gravem
1471 2200 1711 2257 dolorem

106 2304 234 2347 esse
265 2289 463 2361 patitur
494 2289 701 2360 injuria:
729 2331 745 2358 ,
777 2299 834 2346 ut
860 2290 1120 2349 ultionem
1165 2302 1387 2361 expetat
1408 2332 1427 2359 ,
1468 2300 1525 2349 et
1555 2294 1715 2351 illatae

106 2382 210 2441 sibi
244 2383 526 2454 quisquam
560 2381 759 2439 tiudex
791 2381 864 2438 sit
889 2383 1237 2440 centumeliae
1266 2401 1280 2437 :
1308 2384 1620 2457 munia
1653 2386 1707 2441 in

103 2473 321 2547 judicio
352 2473 478 2540 Dei,
528 2482 585 2532 et
622 2474 896 2545 perpessis
920 2473 1172 2546 iniuriam
1204 2474 1327 2546 plus
1356 2487 1434 2533 est
1469 2478 1717 2532 consola-

108 2566 280 2627 tionis
316 2608 332 2635 ,
372 2574 428 2625 et
462 2582 621 2638 poena
656 2567 897 2627 severior
942 2566 1242 2638 iniuriosis.
1270 2570 1450 2640 Atque
1494 2569 1565 2624 ita
1605 2586 1715 2626 non

107 2668 293 2727 solum
331 2666 401 2723 ab
429 2666 804 2738 iniquitatibus
845 2681 948 2723 nos
980 2665 1174 2723 abesse
1199 2666 1492 2737 Evangelia
1526 2667 1720 2736 prteci-

108 2746 273 2833 pitint
293 2802 309 2826 ,
339 2775 525 2817 verum
558 2757 721 2814 etiam
764 2758 1091 2817 ulciscenda:
1130 2758 1342 2830 iniuriae
1369 2759 1721 2830 esiguntdis-

109 2853 538 2915 sitttulationetn.
567 2852 700 2911 Nam
750 2862 970 2924 accepta
999 2854 1151 2925 alapa
1180 2853 1453 2909 maxillam
1483 2852 1717 2910 alteram

100 2948 370 3021 iubemur
401 2946 599 3004 oﬂ’erre
627 2945 788 3018 (Ibid.
818 2947 914 3017 59)
934 2988 948 3011 ,
980 2956 1034 3005 et
1073 2947 1218 3003 mille
1246 2962 1437 3017 passus
1467 2962 1604 3004 onus
1628 2963 1721 3003 vc-

108 3040 347 3109 bentes,
376 3038 627 3113 progredi
658 3040 710 3095 iu
741 3040 974 3112 spatium
999 3055 1252 3111 passuum
1273 3040 1438 3096 duum
1470 3041 1719 3106 millium,

1812 1926 1900 1975 tus
1927 1917 2003 1991 (e)
2032 1922 2383 1979 sacramentis
2418 1932 2476 1981 et
2527 1926 2701 1981 solem
2741 1928 3028 1986 tribuentis
3068 1940 3125 1987 et
3165 1933 3408 2005 pluviam

1814 2008 1984 2083 (Ibid.
2015 2012 2131 2083 45).
2158 2013 2235 2070 Ita
2265 2030 2366 2072 nos
2394 2016 2461 2072 ad
2492 2018 2784 2088 perfectam
2818 2021 3001 2092 vitam,
3028 2041 3126 2096 per
3146 2026 3289 2083 lianc
3314 2044 3416 2098 pu-

1813 2103 1969 2162 blica:
1998 2103 2259 2164 bonitatis
2282 2110 2653 2180 concordiam,
2682 2113 2809 2184 quia
2828 2116 2990 2171 nobis
3012 2117 3068 2171 in
3090 2118 3232 2176 cmlo
3258 2129 3413 2191 pater

1814 2195 1886 2258 sit
1914 2196 2187 2266 perfectus
2217 2199 2531 2269 imitandos,
2550 2203 2804 2261 instituit.

1887 2288 1979 2346 28.
2019 2288 2287 2347 laetantia
2316 2295 2583 2367 fugienda.
2616 2298 2987 2367 —Atteadite,
3009 2302 3269 2375 justitiam
3305 2318 3419 2360 ues-

1816 2388 1947 2436 tram
1973 2398 2037 2437 ne
2068 2384 2273 2456 faciatis
2302 2402 2477 2443 coram
2504 2388 2816 2457 hominibus,
2845 2400 2952 2447 etc.
2986 2393 3200 2464 (Matth.
3234 2410 3306 2460 vt,
3334 2396 3413 2469 1).

1818 2471 2050 2530 Omnem
2080 2491 2262 2532 curam
2291 2493 2471 2536 rerum
2503 2484 2849 2551 praesentium
2886 2496 3125 2553 amovet,
3159 2496 3216 2544 et
3242 2496 3423 2544 atten-

1820 2560 1904 2625 tos
1932 2576 2137 2627 tantum
2177 2587 2297 2627 esse
2325 2572 2381 2629 iu
2412 2585 2567 2644 spem
2604 2575 2767 2634 futuri
2789 2578 2962 2650 iubet,
2998 2596 3174 2652 neque
3219 2585 3419 2639 sectari

1821 2663 1906 2718 vel
1952 2664 2426 2741 hominum”
2451 2670 2689 2727 favorem
2727 2676 3091 2732 ostentatione
3134 2677 3416 2747 bonitatis,

1821 2755 1905 2812 vel
1934 2755 2246 2827 iactantiam
2275 2761 2554 2831 religionis
2572 2765 2833 2821 orationis
2860 2767 3089 2838 publica:
3118 2771 3293 2841 copia,
3319 2771 3419 2828 sed

1823 2848 1960 2903 intra
2004 2851 2390 2908 conscientiam
2428 2853 2552 2911 fidei
2582 2853 2818 2915 fructum
2861 2858 2990 2915 boui
3026 2864 3208 2933 operis
3243 2866 3425 2923 conti-

1824 2942 2062 2999 nendum
2089 2961 2103 2999 :
2134 2946 2258 3015 quia
2300 2946 2550 3005 humana:
2580 2949 2754 3006 laudis
2782 2957 3119 3011 consectatio
3153 2972 3271 3013 eam
3302 2971 3423 3015 tan-

1822 3047 1961 3104 tum,
1990 3054 2149 3108 quam
2177 3040 2248 3098 ab
2286 3043 2596 3101 hominibus
2630 3048 2853 3117 expetit,
2886 3050 3191 3107 mercedem
3232 3052 3306 3109 sit
3334 3070 3425 3111 rc-

107 3136 331 3207 iniuria
367 3144 656 3207 augmento
686 3135 988 3207 proiectum
1019 3136 1240 3193 ultionis
1283 3136 1556 3202 habituri,
1603 3136 1721 3206 ipso
1770 3213 1793 3216 _
1824 3141 2083 3201 ceptura;
2111 3149 2367 3191 caeterum
2402 3138 2743 3208 promerendi
2772 3140 2864 3195 Dei
2896 3144 3252 3213 exspectatio,
3284 3162 3427 3216 prm-

109 3228 379 3287 νίι-ιυιυηι
409 3230 711 3288 caelestium
749 3228 976 3287 Domino
1013 3230 1082 3286 ad
1115 3233 1505 3287 incrementum
1535 3231 1722 3302 gloriae
1750 3213 1797 3279 C
1826 3225 1993 3281 mium
2022 3227 2096 3283 sit
2121 3228 2293 3300 longrc
2320 3232 2592 3300 patientiae
2613 3244 2991 3290 consecutura.
3029 3235 3255 3292 Sinistra
3282 3213 3424 3309 quo-

108 3332 166 3383 et
200 3322 451 3383 maxillas
466 3324 690 3395 palmis,
724 3334 778 3378 et
806 3322 990 3393 ﬂagris
1017 3322 1267 3393 scapulas
1291 3322 1571 3381 oﬂ‘erente.

183 3413 286 3475 26.
319 3412 513 3471 Litium
540 3431 710 3470 cauete
730 3424 1084 3485 amputantur.
1114 3414 1717 3494 Muniﬁcentiajubetur.

112 3504 321 3562 Gratia:
348 3503 448 3562 Dei
473 3508 700 3579 gratuita
728 3510 796 3562 sit
823 3507 1160 3577 dispensatio.
1178 3536 1250 3548 -ο
1276 3507 1394 3563 Non
1424 3508 1598 3564 solum
1628 3523 1723 3563 au-

110 3610 233 3661 tem
266 3602 456 3675 iudicii
503 3601 723 3659 humani
760 3601 1077 3674 refugienda
1125 3618 1248 3660 esse
1280 3602 1504 3659 arbitria
1534 3602 1725 3673 pracci-

96 3697 225 3768 pit,
258 3710 443 3755 verum
470 3696 631 3751 etiam
660 3710 783 3751 cum
825 3694 1009 3753 damni
1041 3696 1324 3752 voluntate
1355 3694 1570 3751 vitanda
1614 3711 1630 3759 ;
1666 3704 1724 3753 ut

106 3787 363 3849 tunicam
393 3787 548 3844 nobis
578 3788 779 3844 volenti
800 3787 1003 3859 iudicio
1028 3787 1108 3861 (b)
1138 3802 1356 3854 exuere,
1387 3787 1724 3845 remittamus

94 3890 165 3939 ct
196 3880 425 3951 pallium
453 3877 618 3951 (Ibid.
650 3877 744 3951 40)
776 3890 868 3937 :et
890 3895 994 3951 per
1021 3894 1177 3950 spem
1212 3881 1477 3936 bonorum
1512 3878 1723 3936 futuro-

103 3990 246 4035 runt
267 3972 581 4031 smcularem
601 3972 990 4043 supellectilem
1029 3982 1463 4039 contemnentes,
1507 3973 1722 4029 inanem

100 4068 365 4143 gentium
391 4068 737 4138 cupiditatem
770 4075 827 4124 et
852 4066 1144 4123 vanitatem
1174 4067 1522 4123 infructuosae
1544 4064 1727 4123 θυαε-ξε

110 4163 213 4220 tia:
237 4174 549 4232 arguamus.
591 4159 854 4216 Omnibus
879 4159 1043 4215 etiam
1072 4158 1189 4213 dari
1216 4173 1339 4229 quae
1378 4159 1726 4228 poposceriat

104 4256 299 4328 iubet,
326 4262 381 4310 et
407 4269 436 4309 a
468 4253 716 4325 precibus
741 4253 1035 4308 volentium
1066 4256 1296 4306 mutuari
1333 4266 1395 4306 os
1418 4260 1579 4321 atque
1605 4251 1726 4306 aui-

104 4364 279 4406 ηοω
300 4362 415 4402 ιιιοη
444 4344 651 4403 relerre
674 4363 689 4413 ;
716 4358 777 4402 ut
807 4347 913 4413 bis,
946 4346 1142 4416 quibus
1171 4345 1434 4417 indigent,
1482 4361 1578 4416 per
1602 4359 1729 4401 nos-

102 4453 267 4506 tram
308 4440 733 4496 muniﬁcentiam
771 4440 1113 4511 expleantur,
1136 4449 1191 4498 et
1221 4456 1412 4497 eorum
1449 4441 1537 4496 vel
1581 4440 1724 4496 sitim

113 4545 287 4608 potu,
319 4533 404 4588 vel
436 4534 628 4591 [amem
668 4532 812 4596 cibo.
840 4533 927 4590 vel
955 4534 1253 4590 nuditatem
1286 4535 1485 4589 vestitu
1518 4532 1726 4589 indulto

1824 3331 1932 3410 que
1962 3333 2162 3410 manus
2195 3328 2256 3375 ut
2285 3322 2644 3394 ignoretopus
2681 3324 2925 3381 dextera:
2963 3326 3214 3410 (subaud.
3242 3329 3424 3404 iubet)

1824 3405 1989 3480 (Ibid.
2023 3410 2101 3481 5).
2135 3410 2242 3468 Sed
2275 3413 2529 3483 numquid
2566 3415 2706 3471 istud
2751 3426 2939 3473 natura
2968 3405 3214 3490 corporis
3242 3420 3374 3478 sinit
3395 3424 3422 3478 ν

1824 3511 1919 3558 aut
1951 3504 2321 3576 intelligentia:
2345 3521 2564 3564 sensum
2584 3525 2840 3566 manuum
2860 3512 3160 3570 ministeria
3184 3515 3426 3572 sortiun-

1822 3599 1947 3652 tur?
1976 3596 2178 3655 Verum
2224 3598 2469 3670 (subaud.
2515 3601 2618 3657 boc
2654 3603 2789 3673 vult)
2838 3613 2897 3658 ut
2949 3606 3004 3661 in
3051 3606 3146 3661 Dei
3196 3606 3428 3665 scientia

1826 3705 1990 3763 opera
2044 3701 2226 3749 nostra
2272 3695 2574 3752 consistant
2615 3713 2629 3754 :
2682 3711 2804 3753 cum
2860 3698 2963 3755 sub
3025 3703 3426 3775 nuncupatione

1824 3784 2223 3853 membrorum,
2267 3787 2321 3844 in
2353 3788 2438 3844 bis
2477 3803 2601 3861 quae
2625 3805 2903 3862 geramus,
2929 3808 3119 3851 eorum
3147 3808 3270 3867 qua
3296 3811 3430 3853 uos-

1829 3885 1910 3937 tra
1938 3886 2068 3937 sunt
2100 3888 2268 3951 atque
2304 3880 2585 3937 nobiscum
2622 3891 2751 3939 sunt
2784 3885 3120 3943 conscientia
3142 3898 3401 3946 arceatur

2450 4010 2676 4068 CAPUT
2713 4012 2781 4068 ν.

1830 4117 1911 4199 lie
1938 4120 2169 4176 oratione
2193 4131 2239 4178 et
2259 4122 2485 4195 jejunio,
2516 4123 2580 4178 de
2597 4123 2834 4180 thesauro
2862 4126 2915 4181 in
2945 4126 3092 4197 (telo,
3125 4129 3188 4183 de
3216 4128 3429 4187 lucerna

1901 4216 2153 4286 corporis,
2184 4215 2248 4271 de
2281 4216 2479 4272 duobus
2520 4217 2761 4287 dominis,
2801 4218 2866 4274 de
2907 4220 3018 4275 cibo
3063 4230 3111 4276 et
3132 4224 3333 4292 vestitu,
3365 4225 3432 4283 de

1899 4306 2192 4367 volatilibus
2219 4320 2270 4366 et
2297 4310 2421 4366 liliis
2451 4311 2564 4386 agri
2582 4320 2631 4366 et
2653 4313 2808 4383 fano,
2836 4312 2905 4368 de
2929 4309 3279 4373 sollicitudine
3298 4316 3425 4388 diei,

1901 4402 1968 4456 de
1991 4405 2190 4474 [uruca
2215 4413 2260 4458 et
2282 4402 2429 4460 trabe
2455 4405 2510 4460 in
2538 4405 2708 4461 oculo.

1907 4519 1959 4577 1.
1995 4516 2256 4577 Orationis
2293 4520 2460 4587 locus,
2487 4535 2596 4576 eor.
2626 4548 2699 4560 —
2728 4518 2924 4577 Clauso
2952 4536 3169 4595 quoque
3198 4523 3433 4582 cubiculi

110 4640 418 4689 arceamus
449 4643 462 4681 :
503 4641 567 4682 ac
594 4628 672 4685 sic
691 4627 959 4683 bonorum
989 4641 1199 4695 eorum,
1230 4626 1423 4697 quibus
1445 4641 1476 4681 a
1501 4625 1610 4683 Deo
1648 4627 1701 4681 in

1832 4610 1975 4667 ostio
1999 4610 2256 4683 iubemur
2274 4628 2455 4681 orare,
2484 4621 2645 4684 atque
2672 4610 2727 4667 in
2756 4611 2902 4667 omni
2925 4612 3045 4668 loco
3074 4629 3288 4684 precem
3313 4617 3434 4674 ῐιιιιι

104 4721 403 4792 eligemus,
434 4717 581 4789 digni
612 4720 983 4788 reperiantur;
1017 4733 1139 4773 cum
1169 4717 1445 4773 obtinendi
1477 4720 1726 4775 meritum

104 4810 447 4881 indulgendi
487 4811 820 4867 consuetudo
854 4811 1129 4867 conciliet.
1186 4810 1239 4865 lu
1295 4810 1475 4867 ofﬁcio
1517 4827 1731 4885 quoque

116 4904 204 4980 (ο)
239 4902 619 4975 dispensanda:
648 4904 765 4973 eius
784 4918 943 4975 quam
971 4903 1275 4974 accepimus
1297 4903 1506 4975 gratiae,
1529 4918 1732 4975 pronos

116 5046 320 5103 urbem
339 5044 630 5105 Jerusalem
669 5055 715 5101 et
770 5046 1015 5117 templum
1067 5055 1114 5101 et
1166 5045 1414 5101 elementa
1457 5047 1730 5116 jnrantes,

113 5128 398 5251 creattgas
426 5134 604 5188 resque
640 5116 881 5174 carnales
899 5116 1272 5174 venerabantur
1296 5117 1490 5172 honore
1511 5127 1557 5173 et
1582 5119 1732 5172 obse-

117 5207 257 5251 quio
330 5206 400 5245 et.

117 5207 257 5265 quia
284 5206 400 5251 νει.

209 5280 293 5355 (a)
326 5282 492 5338 Abest
514 5293 670 5353 metu,
695 5301 723 5338 a
751 5285 908 5351 Bad.,
936 5285 1055 5350 Er.,
1081 5284 1229 5356 Lips.
1250 5293 1307 5339 et
1336 5283 1576 5355 pluribus
1597 5298 1731 5338 mss.

212 5376 291 5450 (b)
338 5378 469 5435 Bad.
522 5396 644 5435 cum
691 5395 821 5435 mss.
860 5397 1049 5435 eruere.
1100 5380 1222 5435 Mox
1254 5380 1305 5433 in
1349 5377 1596 5447 vulgatis,
1645 5392 1737 5448 per

119 5449 283 5524 spent
313 5450 496 5505 bonam
524 5467 544 5506 :
594 5450 685 5524 ubi
709 5451 1061 5524 Arestituimusﬁ
1078 5468 1168 5522 per
1201 5467 1343 5524 spent
1369 5450 1619 5524 bonorum
1646 5449 1735 5524 [u-

118 5518 401 5591 titrorurn,
429 5538 495 5602 ex
528 5522 824 5602 potioribus
867 5538 997 5577 mss.
1041 5518 1118 5578 Ita
1150 5518 1270 5592 cap.
1299 5520 1446 5602 5._n.
1479 5520 1539 5602 6,.
1572 5518 1738 5574 habe-

117 5609 186 5653 sn
198 5608 289 5664 uti,
312 5607 411 5648 nos
430 5595 483 5648 in
502 5611 643 5664 spent
657 5600 904 5649 bonorum
917 5603 1222 5649 retentorum
1244 5610 1337 5647 con
1342 5593 1559 5664 ﬁrmari.

248 5665 296 5786 ἢ
331 5662 546 5735 Aliquot
573 5679 705 5748 mss.
737 5680 857 5719 cum
885 5665 1015 5746 Bad.
1045 5676 1096 5748 et
1128 5666 1221 5720 Er.
1256 5662 1639 5733 dispendendte.

289 5733 306 5786 i
337 5735 616 5786 Beccensts
642 5736 835 5786 codex.
865 5736 1090 5786 frurturt.

284 5733 306 5808 )
337 5733 616 5794 Beccensis
642 5736 837 5804 codex,
860 5736 1090 5806 fruituri.

213 5824 293 5900 (θ)
318 5828 616 5900 Bad.,Er.,
645 5829 787 5900 Lips.
815 5835 871 5884 et
891 5826 1099 5900 aliquot
1119 5845 1250 5886 mss.
1274 5834 1613 5885 sacramento.
1647 5825 1750 5903 lte-

1837 4704 1966 4763 dere
2005 4705 2297 4762 cdocemur
2325 4706 2537 4780 (Matth.
2585 4722 2662 4774 vt,
2703 4704 2760 4778 6)
2792 4724 2806 4762 :
2835 4717 2889 4764 et
2918 4720 3227 4769 saneturum
3259 4713 3435 4769 oratio

1838 4799 1979 4859 inter
2004 4797 2166 4868 feras,
2196 4814 2465 4866 carceres,
2491 4798 2757 4869 ﬂammas,
2790 4810 2848 4857 et
2870 4799 2937 4859 de
2973 4800 3238 4873 profundo
3268 4807 3436 4871 maris

1840 4909 1906 4954 ac
1934 4893 2121 4951 bestia)
2143 4904 2332 4950 ventre
2348 4900 2599 4964 suscepta
2625 4903 2712 4950 est
2741 4892 2919 4967 (Iona
2936 4912 2997 4965 tt,
3020 4893 3103 4970 2).
3156 4896 3302 4970 Ergo
3326 4915 3436 4958 non
3474 4906 3481 4913 ’

1845 5035 2125 5096 tinendum
2159 5040 2410 5104 putamus
2438 5047 2559 5088 cum
2593 5031 2718 5091 Par.
2750 5042 2806 5089 et
2835 5034 3149 5091 melioribus
3187 5052 3319 5093 mss.
3351 5055 3439 5096 ss-

1842 5109 2137 5166 cramentis.
2180 5106 2280 5162 Hic
2314 5105 2458 5177 enim
2489 5105 2598 5160 duo
2634 5105 2903 5177 (distingui
2948 5108 3215 5165 videntur
3239 5109 3438 5167 Sacra.

1845 5189 2307 5253 menta,quo_rurn
2336 5176 2565 5253 alterum
2596 5176 2809 5253 pluviae,
2833 5179 3067 5253 alterum
3090 5182 3190 5253 soli
3218 5195 3440 5253 compa-

1844 5264 2024 5317 retur;
2057 5248 2327 5325 ltocbonis
2352 5248 2660 5325 conierzttur
2681 5249 2746 5325 ad
2764 5248 2900 5325 .lidei
2926 5256 2982 5304 et
3006 5251 3284 5307 citaritatis
3299 5248 3437 5325 aug.

1845 5329 2108 5385 mentum.
2139 5320 2271 5392 illud
2299 5320 2507 5392 injustis
2531 5320 2584 5375 in
2611 5320 2983 5376 remissionem
3008 5335 3351 5389 peccatorum
3373 5320 3441 5384 at

1844 5393 2228 5452 fecunditatem
2262 5391 2523 5463 bonorum
2553 5405 2799 5463 operum.
2843 5392 2896 5446 In
2941 5392 3079 5448 banc
3126 5393 3441 5463 Opinionem

1846 5465 2230 5538 conlirmamur
2251 5479 2314 5518 ex
2340 5462 2517 5538 verbis
2550 5464 2599 5515 in
2629 5462 3053 5538 ρεπιιρκνιιιρῃ
3139 5462 3267 5520 εέιιέει
3296 5484 3442 5538 ergo,

1847 5548 2096 5609 quantum
2142 5536 2260 5609 licet
2307 5535 2618 5609 existimare,
2658 5536 2907 5609 perfecta
2951 5536 3090 5591 illius
3136 5535 3442 5593 amandatio

1848 5605 2090 5683 puritatis
2115 5608 2267 5683 etiam
2300 5616 2410 5681 post
2445 5605 2685 5683 baptismi
2710 5620 2870 5674 aquas
2908 5609 3150 5683 reposita,
3187 5625 3325 5683 (qua
3350 5626 3446 5667 nos

1851 5675 2015 5736 sancti
2042 5678 2273 5751 Spiritus
2301 5675 2585 5751 samuﬁcet
2609 5675 2847 5751 aduentu,
2885 5675 2989 5734 etc.
3022 5681 3153 5746 Quae
3186 5678 3274 5735 hic
3308 5680 3441 5750 bap.

1853 5753 1991 5809 tisuti
2014 5760 2063 5807 et
2088 5747 2327 5821 spiritus,
2342 5749 2605 5823 (superius
2632 5764 2690 5807 tt.
2714 5747 2809 5816 10,
2832 5765 2983 5821 aqua
3008 5752 3237 5823 ignisque
3265 5747 3447 5811 sacra-

1856 5835 2040 5894 meuta
2067 5824 2241 5881 vocati
2262 5822 2567 5893 opinamur.
