  <div class='ocr_page' id='page_1' title='image "/cluster/home/n/w/nwhite01/storage/ocr_20150623/9/hvd.32044015471261/489.png"; bbox 0 0 3882 6332; ppageno 0'>
   <div class='ocr_carea' id='block_1_1' title="bbox 497 280 607 336">
    <p class='ocr_par' dir='ltr' id='par_1_1' title="bbox 497 280 607 336">
     <span class='ocr_line' id='line_1_1' title="bbox 497 280 607 336; baseline 0 0"><span class='ocrx_word' id='word_1_1' title='bbox 497 280 607 336; x_wconf 73' lang='grc'><strong>915</strong></span> 
     </span>
    </p>
   </div>
   <div class='ocr_carea' id='block_1_2' title="bbox 1701 269 3764 341">
    <p class='ocr_par' dir='ltr' id='par_1_2' title="bbox 1701 269 3764 341">
     <span class='ocr_line' id='line_1_2' title="bbox 1701 269 3764 341; baseline 0.006 -14"><span class='ocrx_word' id='word_1_2' title='bbox 1701 271 1780 327; x_wconf 85' lang='lat' dir='ltr'><strong>SA</strong></span> <span class='ocrx_word' id='word_1_3' title='bbox 1789 269 1946 326; x_wconf 78' lang='lat' dir='ltr'><strong>NCT!</strong></span> <span class='ocrx_word' id='word_1_4' title='bbox 1987 269 2244 328; x_wconf 73' lang='lat' dir='ltr'><strong>IllLARll</strong></span> <span class='ocrx_word' id='word_1_5' title='bbox 2283 273 2591 333; x_wconf 78' lang='lat' dir='ltr'><strong>EPISCOPI</strong></span> <span class='ocrx_word' id='word_1_6' title='bbox 3681 285 3764 341; x_wconf 69' lang='lat' dir='ltr'><strong>9H</strong></span> 
     </span>
    </p>
   </div>
   <div class='ocr_carea' id='block_1_3' title="bbox 492 390 3768 466">
    <p class='ocr_par' dir='ltr' id='par_1_3' title="bbox 492 390 3768 466">
     <span class='ocr_line' id='line_1_3' title="bbox 492 390 3768 466; baseline 0.001 -14"><span class='ocrx_word' id='word_1_7' title='bbox 492 397 707 452; x_wconf 89' lang='lat' dir='ltr'><strong>occulta</strong></span> <span class='ocrx_word' id='word_1_8' title='bbox 741 394 950 459; x_wconf 91' lang='lat' dir='ltr'><strong>domus,</strong></span> <span class='ocrx_word' id='word_1_9' title='bbox 982 391 1078 447; x_wconf 87' lang='lat' dir='ltr'><strong>sed</strong></span> <span class='ocrx_word' id='word_1_10' title='bbox 1108 391 1286 446; x_wconf 81' lang='lat' dir='ltr'><strong>cordis</strong></span> <span class='ocrx_word' id='word_1_11' title='bbox 1315 392 1484 448; x_wconf 90' lang='lat' dir='ltr'><strong>nostri</strong></span> <span class='ocrx_word' id='word_1_12' title='bbox 1512 391 1817 447; x_wconf 83' lang='lat' dir='ltr'><strong>cubiculum</strong></span> <span class='ocrx_word' id='word_1_13' title='bbox 1852 391 2077 462; x_wconf 84' lang='lat' dir='ltr'><strong>ingredi,</strong></span> <span class='ocrx_word' id='word_1_14' title='bbox 2108 390 2160 450; x_wconf 81' lang='grc' dir='ltr'><strong>Α</strong></span> <span class='ocrx_word' id='word_1_15' title='bbox 2257 393 2309 448; x_wconf 72' lang='grc'><strong>4.</strong></span> <span class='ocrx_word' id='word_1_16' title='bbox 2336 394 2626 460; x_wconf 87' lang='lat' dir='ltr'><strong>Corporum</strong></span> <span class='ocrx_word' id='word_1_17' title='bbox 2649 397 2861 451; x_wconf 84' lang='lat' dir='ltr'><strong>claritas</strong></span> <span class='ocrx_word' id='word_1_18' title='bbox 2883 407 2976 451; x_wconf 86' lang='lat' dir='ltr'><strong>aut</strong></span> <span class='ocrx_word' id='word_1_19' title='bbox 3008 398 3230 454; x_wconf 77' lang='lat' dir='ltr'><strong>tenebra:</strong></span> <span class='ocrx_word' id='word_1_20' title='bbox 3250 409 3452 454; x_wconf 79' lang='lat' dir='ltr'><strong>teterme</strong></span> <span class='ocrx_word' id='word_1_21' title='bbox 3481 417 3573 466; x_wconf 80' lang='lat' dir='ltr'><strong>pro</strong></span> <span class='ocrx_word' id='word_1_22' title='bbox 3603 402 3768 457; x_wconf 68' lang='lat' dir='ltr'><strong>dit-crsu</strong></span> 
     </span>
    </p>
   </div>
   <div class='ocr_carea' id='block_1_4' title="bbox 498 483 2092 548">
    <p class='ocr_par' dir='ltr' id='par_1_4' title="bbox 498 483 2092 548">
     <span class='ocr_line' id='line_1_4' title="bbox 498 483 2092 548; baseline -0.004 -4"><span class='ocrx_word' id='word_1_23' title='bbox 498 498 557 544; x_wconf 90' lang='lat' dir='ltr'><strong>et</strong></span> <span class='ocrx_word' id='word_1_24' title='bbox 584 489 768 544; x_wconf 91' lang='lat' dir='ltr'><strong>clauso</strong></span> <span class='ocrx_word' id='word_1_25' title='bbox 794 487 988 541; x_wconf 91' lang='lat' dir='ltr'><strong>mentis</strong></span> <span class='ocrx_word' id='word_1_26' title='bbox 1011 492 1210 539; x_wconf 81' lang='lat' dir='ltr'><strong>nostrae</strong></span> <span class='ocrx_word' id='word_1_27' title='bbox 1235 493 1450 540; x_wconf 89' lang='lat' dir='ltr'><strong>secreto</strong></span> <span class='ocrx_word' id='word_1_28' title='bbox 1480 499 1634 538; x_wconf 89' lang='lat' dir='ltr'><strong>orare</strong></span> <span class='ocrx_word' id='word_1_29' title='bbox 1668 483 1732 538; x_wconf 89' lang='lat' dir='ltr'><strong>ad</strong></span> <span class='ocrx_word' id='word_1_30' title='bbox 1767 484 1956 548; x_wconf 77' lang='lat' dir='ltr'><strong>Detnu,</strong></span> <span class='ocrx_word' id='word_1_31' title='bbox 1984 499 2092 537; x_wconf 90' lang='lat' dir='ltr'><strong>non</strong></span> 
     </span>
    </p>
   </div>
   <div class='ocr_carea' id='block_1_5' title="bbox 494 575 2094 648">
    <p class='ocr_par' dir='ltr' id='par_1_5' title="bbox 494 575 2094 648">
     <span class='ocr_line' id='line_1_5' title="bbox 494 575 2094 648; baseline -0.005 -12"><span class='ocrx_word' id='word_1_32' title='bbox 494 577 858 648; x_wconf 86' lang='lat' dir='ltr'><strong>multiloquio,</strong></span> <span class='ocrx_word' id='word_1_33' title='bbox 887 577 980 633; x_wconf 89' lang='lat' dir='ltr'><strong>sed</strong></span> <span class='ocrx_word' id='word_1_34' title='bbox 1007 576 1338 632; x_wconf 91' lang='lat' dir='ltr'><strong>conscientia</strong></span> <span class='ocrx_word' id='word_1_35' title='bbox 1373 577 1744 642; x_wconf 74' lang='lat' dir='ltr'><strong>admonemur,</strong></span> <span class='ocrx_word' id='word_1_36' title='bbox 1774 579 1895 646; x_wconf 82' lang='lat' dir='ltr'><strong>quia</strong></span> <span class='ocrx_word' id='word_1_37' title='bbox 1921 575 2094 630; x_wconf 89' lang='lat' dir='ltr'><strong>dicto-</strong></span> 
     </span>
    </p>
   </div>
   <div class='ocr_carea' id='block_1_6' title="bbox 495 671 2093 741">
    <p class='ocr_par' dir='ltr' id='par_1_6' title="bbox 495 671 2093 741">
     <span class='ocr_line' id='line_1_6' title="bbox 495 671 2093 741; baseline -0.001 -12"><span class='ocrx_word' id='word_1_38' title='bbox 495 690 617 728; x_wconf 97' lang='lat' dir='ltr'><strong>rum</strong></span> <span class='ocrx_word' id='word_1_39' title='bbox 647 673 824 727; x_wconf 87' lang='lat' dir='ltr'><strong>verbis</strong></span> <span class='ocrx_word' id='word_1_40' title='bbox 863 687 997 741; x_wconf 85' lang='lat' dir='ltr'><strong>opus</strong></span> <span class='ocrx_word' id='word_1_41' title='bbox 1049 686 1212 726; x_wconf 90' lang='lat' dir='ltr'><strong>omne</strong></span> <span class='ocrx_word' id='word_1_42' title='bbox 1263 671 1556 739; x_wconf 83' lang='lat' dir='ltr'><strong>praecellat.</strong></span> <span class='ocrx_word' id='word_1_43' title='bbox 1589 671 1662 741; x_wconf 91' lang='lat' dir='ltr'><strong>(a)</strong></span> <span class='ocrx_word' id='word_1_44' title='bbox 1715 671 1789 726; x_wconf 92' lang='lat' dir='ltr'><strong>De</strong></span> <span class='ocrx_word' id='word_1_45' title='bbox 1829 672 2093 727; x_wconf 89' lang='lat' dir='ltr'><strong>orationis</strong></span> 
     </span>
    </p>
   </div>
   <div class='ocr_carea' id='block_1_7' title="bbox 501 765 2094 838">
    <p class='ocr_par' dir='ltr' id='par_1_7' title="bbox 501 765 2094 838">
     <span class='ocr_line' id='line_1_7' title="bbox 501 765 2094 838; baseline -0.003 -14"><span class='ocrx_word' id='word_1_46' title='bbox 501 778 685 825; x_wconf 88' lang='lat' dir='ltr'><strong>autem</strong></span> <span class='ocrx_word' id='word_1_47' title='bbox 717 778 1055 823; x_wconf 86' lang='lat' dir='ltr'><strong>sacramento</strong></span> <span class='ocrx_word' id='word_1_48' title='bbox 1079 767 1399 822; x_wconf 91' lang='lat' dir='ltr'><strong>necessitate</strong></span> <span class='ocrx_word' id='word_1_49' title='bbox 1439 783 1537 822; x_wconf 94' lang='lat' dir='ltr'><strong>nos</strong></span> <span class='ocrx_word' id='word_1_50' title='bbox 1565 766 1962 822; x_wconf 72' lang='lat' dir='ltr'><strong>commentandi</strong></span> <span class='ocrx_word' id='word_1_51' title='bbox 1990 765 2094 838; x_wconf 87' lang='lat' dir='ltr'><strong>Cy-</strong></span> 
     </span>
    </p>
   </div>
   <div class='ocr_carea' id='block_1_8' title="bbox 493 859 2095 929">
    <p class='ocr_par' dir='ltr' id='par_1_8' title="bbox 493 859 2095 929">
     <span class='ocr_line' id='line_1_8' title="bbox 493 859 2095 929; baseline 0.001 -15"><span class='ocrx_word' id='word_1_52' title='bbox 493 862 719 928; x_wconf 87' lang='lat' dir='ltr'><strong>prianus</strong></span> <span class='ocrx_word' id='word_1_53' title='bbox 744 860 825 914; x_wconf 92' lang='lat' dir='ltr'><strong>vir</strong></span> <span class='ocrx_word' id='word_1_54' title='bbox 851 870 1050 915; x_wconf 79' lang='lat' dir='ltr'><strong>sanctae</strong></span> <span class='ocrx_word' id='word_1_55' title='bbox 1083 863 1356 915; x_wconf 74' lang='lat' dir='ltr'><strong>memoriae</strong></span> <span class='ocrx_word' id='word_1_56' title='bbox 1384 859 1652 914; x_wconf 79' lang='lat' dir='ltr'><strong>liberavit.</strong></span> <span class='ocrx_word' id='word_1_57' title='bbox 1678 859 2013 929; x_wconf 80' lang='lat' dir='ltr'><strong>Quamquam</strong></span> <span class='ocrx_word' id='word_1_58' title='bbox 2038 869 2095 914; x_wconf 90' lang='lat' dir='ltr'><strong>et</strong></span> 
     </span>
    </p>
   </div>
   <div class='ocr_carea' id='block_1_9' title="bbox 500 951 2091 1022">
    <p class='ocr_par' dir='ltr' id='par_1_9' title="bbox 500 951 2091 1022">
     <span class='ocr_line' id='line_1_9' title="bbox 500 951 2091 1022; baseline 0.001 -15"><span class='ocrx_word' id='word_1_59' title='bbox 500 951 865 1008; x_wconf 84' lang='lat' dir='ltr'><strong>Tertullianus</strong></span> <span class='ocrx_word' id='word_1_60' title='bbox 881 953 1005 1009; x_wconf 91' lang='lat' dir='ltr'><strong>hinc</strong></span> <span class='ocrx_word' id='word_1_61' title='bbox 1027 953 1276 1008; x_wconf 83' lang='lat' dir='ltr'><strong>volumen</strong></span> <span class='ocrx_word' id='word_1_62' title='bbox 1299 952 1634 1022; x_wconf 88' lang='lat' dir='ltr'><strong>aptissimum</strong></span> <span class='ocrx_word' id='word_1_63' title='bbox 1662 953 1970 1021; x_wconf 88' lang='lat' dir='ltr'><strong>scripserit:</strong></span> <span class='ocrx_word' id='word_1_64' title='bbox 1996 952 2091 1008; x_wconf 88' lang='lat' dir='ltr'><strong>sed</strong></span> 
     </span>
    </p>
   </div>
   <div class='ocr_carea' id='block_1_10' title="bbox 503 1046 2091 1118">
    <p class='ocr_par' dir='ltr' id='par_1_10' title="bbox 503 1046 2091 1118">
     <span class='ocr_line' id='line_1_10' title="bbox 503 1046 2091 1118; baseline -0.003 -13"><span class='ocrx_word' id='word_1_65' title='bbox 503 1064 843 1118; x_wconf 88' lang='lat' dir='ltr'><strong>consequens</strong></span> <span class='ocrx_word' id='word_1_66' title='bbox 869 1063 1026 1104; x_wconf 92' lang='lat' dir='ltr'><strong>error</strong></span> <span class='ocrx_word' id='word_1_67' title='bbox 1048 1047 1301 1114; x_wconf 86' lang='lat' dir='ltr'><strong>hominis,</strong></span> <span class='ocrx_word' id='word_1_68' title='bbox 1333 1047 1567 1102; x_wconf 80' lang='lat' dir='ltr'><strong>detraxit</strong></span> <span class='ocrx_word' id='word_1_69' title='bbox 1593 1046 1808 1118; x_wconf 78' lang='lat' dir='ltr'><strong>scriptis</strong></span> <span class='ocrx_word' id='word_1_70' title='bbox 1839 1046 2091 1116; x_wconf 84' lang='lat' dir='ltr'><strong>probabi-</strong></span> 
     </span>
    </p>
   </div>
   <div class='ocr_carea' id='block_1_11' title="bbox 499 1141 1066 1198">
    <p class='ocr_par' dir='ltr' id='par_1_11' title="bbox 499 1141 1066 1198">
     <span class='ocr_line' id='line_1_11' title="bbox 499 1141 1066 1198; baseline -0.002 -2"><span class='ocrx_word' id='word_1_71' title='bbox 499 1143 640 1198; x_wconf 86' lang='lat' dir='ltr'><strong>libus</strong></span> <span class='ocrx_word' id='word_1_72' title='bbox 671 1141 1066 1196; x_wconf 85' lang='lat' dir='ltr'><strong>auctoritatem.</strong></span> 
     </span>
    </p>
   </div>
   <div class='ocr_carea' id='block_1_12' title="bbox 563 1233 2092 1307">
    <p class='ocr_par' dir='ltr' id='par_1_12' title="bbox 563 1233 2092 1307">
     <span class='ocr_line' id='line_1_12' title="bbox 563 1233 2092 1307; baseline 0 -19"><span class='ocrx_word' id='word_1_73' title='bbox 563 1234 620 1288; x_wconf 78' lang='grc'><strong>2.</strong></span> <span class='ocrx_word' id='word_1_74' title='bbox 652 1233 948 1306; x_wconf 83' lang='lat' dir='ltr'><strong>Jejunantis</strong></span> <span class='ocrx_word' id='word_1_75' title='bbox 978 1236 1042 1290; x_wconf 89' lang='lat' dir='ltr'><strong>sit</strong></span> <span class='ocrx_word' id='word_1_76' title='bbox 1068 1235 1375 1290; x_wconf 84' lang='lat' dir='ltr'><strong>conscientia</strong></span> <span class='ocrx_word' id='word_1_77' title='bbox 1396 1253 1551 1307; x_wconf 84' lang='lat' dir='ltr'><strong>pura,</strong></span> <span class='ocrx_word' id='word_1_78' title='bbox 1581 1243 1628 1288; x_wconf 82' lang='lat' dir='ltr'><strong>et</strong></span> <span class='ocrx_word' id='word_1_79' title='bbox 1657 1235 1788 1288; x_wconf 87' lang='lat' dir='ltr'><strong>bona</strong></span> <span class='ocrx_word' id='word_1_80' title='bbox 1814 1250 1992 1305; x_wconf 82' lang='lat' dir='ltr'><strong>opera.</strong></span> <span class='ocrx_word' id='word_1_81' title='bbox 2020 1263 2092 1275; x_wconf 95' lang='lat'><strong><em>—</em></strong></span> 
     </span>
    </p>
   </div>
   <div class='ocr_carea' id='block_1_13' title="bbox 493 1327 2092 1401">
    <p class='ocr_par' dir='ltr' id='par_1_13' title="bbox 493 1327 2092 1401">
     <span class='ocr_line' id='line_1_13' title="bbox 493 1327 2092 1401; baseline 0.001 -20"><span class='ocrx_word' id='word_1_82' title='bbox 493 1327 624 1381; x_wconf 86' lang='lat' dir='ltr'><strong>Cum</strong></span> <span class='ocrx_word' id='word_1_83' title='bbox 651 1339 819 1382; x_wconf 90' lang='lat' dir='ltr'><strong>autem</strong></span> <span class='ocrx_word' id='word_1_84' title='bbox 843 1328 1117 1401; x_wconf 84' lang='lat' dir='ltr'><strong>jejunatis,</strong></span> <span class='ocrx_word' id='word_1_85' title='bbox 1163 1330 1319 1382; x_wconf 78' lang='lat' dir='ltr'><strong>nolite</strong></span> <span class='ocrx_word' id='word_1_86' title='bbox 1347 1329 1459 1396; x_wconf 77' lang='lat' dir='ltr'><strong>ﬁeri</strong></span> <span class='ocrx_word' id='word_1_87' title='bbox 1489 1329 1620 1382; x_wconf 80' lang='lat' dir='ltr'><strong>sicut</strong></span> <span class='ocrx_word' id='word_1_88' title='bbox 1662 1328 1945 1398; x_wconf 79' lang='lat' dir='ltr'><strong>hypocrin</strong></span> <span class='ocrx_word' id='word_1_89' title='bbox 1973 1328 2092 1382; x_wconf 91' lang='lat' dir='ltr'><strong>tris-</strong></span> 
     </span>
    </p>
   </div>
   <div class='ocr_carea' id='block_1_14' title="bbox 487 1419 2086 1490">
    <p class='ocr_par' dir='ltr' id='par_1_14' title="bbox 487 1419 2086 1490">
     <span class='ocr_line' id='line_1_14' title="bbox 487 1419 2086 1490; baseline -0.001 -16"><span class='ocrx_word' id='word_1_90' title='bbox 487 1432 564 1474; x_wconf 87' lang='lat' dir='ltr'><strong>tes</strong></span> <span class='ocrx_word' id='word_1_91' title='bbox 593 1437 611 1475; x_wconf 91' lang='lat'><strong><em>:</em></strong></span> <span class='ocrx_word' id='word_1_92' title='bbox 637 1422 972 1476; x_wconf 65' lang='lat' dir='ltr'><strong>exterminant</strong></span> <span class='ocrx_word' id='word_1_93' title='bbox 1001 1427 1135 1475; x_wconf 79' lang='lat' dir='ltr'><strong>enim</strong></span> <span class='ocrx_word' id='word_1_94' title='bbox 1167 1423 1324 1490; x_wconf 79' lang='lat' dir='ltr'><strong>[acies</strong></span> <span class='ocrx_word' id='word_1_95' title='bbox 1349 1437 1489 1481; x_wconf 85' lang='lat' dir='ltr'><strong>suas,</strong></span> <span class='ocrx_word' id='word_1_96' title='bbox 1523 1428 1577 1472; x_wconf 90' lang='lat' dir='ltr'><strong>ut</strong></span> <span class='ocrx_word' id='word_1_97' title='bbox 1607 1431 1818 1487; x_wconf 88' lang='lat' dir='ltr'><strong>pareant</strong></span> <span class='ocrx_word' id='word_1_98' title='bbox 1861 1419 2086 1473; x_wconf 88' lang='lat' dir='ltr'><strong>ltontini-</strong></span> 
     </span>
    </p>
   </div>
   <div class='ocr_carea' id='block_1_15' title="bbox 489 1511 2090 1584">
    <p class='ocr_par' dir='ltr' id='par_1_15' title="bbox 489 1511 2090 1584">
     <span class='ocr_line' id='line_1_15' title="bbox 489 1511 2090 1584; baseline 0 -18"><span class='ocrx_word' id='word_1_99' title='bbox 489 1514 914 1584; x_wconf 83' lang='lat' dir='ltr'><strong>busjejunantes,</strong></span> <span class='ocrx_word' id='word_1_100' title='bbox 943 1521 1051 1568; x_wconf 85' lang='lat' dir='ltr'><strong>etc.</strong></span> <span class='ocrx_word' id='word_1_101' title='bbox 1088 1511 1254 1583; x_wconf 86' lang='lat' dir='ltr'><strong>(Ibitl.</strong></span> <span class='ocrx_word' id='word_1_102' title='bbox 1284 1511 1350 1567; x_wconf 79' lang='grc'>16</span> <span class='ocrx_word' id='word_1_103' title='bbox 1379 1521 1425 1565; x_wconf 86' lang='lat' dir='ltr'><strong>et</strong></span> <span class='ocrx_word' id='word_1_104' title='bbox 1459 1511 1570 1580; x_wconf 86' lang='lat' dir='ltr'><strong>l7).</strong></span> <span class='ocrx_word' id='word_1_105' title='bbox 1598 1511 1932 1582; x_wconf 86' lang='lat' dir='ltr'><strong>Jejuniorum</strong></span> <span class='ocrx_word' id='word_1_106' title='bbox 1965 1527 2090 1580; x_wconf 84' lang='lat' dir='ltr'><strong>pro-</strong></span> 
     </span>
    </p>
   </div>
   <div class='ocr_carea' id='block_1_16' title="bbox 486 1603 2089 1676">
    <p class='ocr_par' dir='ltr' id='par_1_16' title="bbox 486 1603 2089 1676">
     <span class='ocr_line' id='line_1_16' title="bbox 486 1603 2089 1676; baseline -0.001 -16"><span class='ocrx_word' id='word_1_107' title='bbox 486 1606 688 1662; x_wconf 90' lang='lat' dir='ltr'><strong>fectum</strong></span> <span class='ocrx_word' id='word_1_108' title='bbox 720 1606 880 1662; x_wconf 89' lang='lat' dir='ltr'><strong>docet</strong></span> <span class='ocrx_word' id='word_1_109' title='bbox 899 1614 1051 1661; x_wconf 82' lang='lat' dir='ltr'><strong>extra</strong></span> <span class='ocrx_word' id='word_1_110' title='bbox 1073 1605 1390 1676; x_wconf 88' lang='lat' dir='ltr'><strong>jactantiam</strong></span> <span class='ocrx_word' id='word_1_111' title='bbox 1425 1605 1656 1659; x_wconf 86' lang='lat' dir='ltr'><strong>conlecti</strong></span> <span class='ocrx_word' id='word_1_112' title='bbox 1692 1603 1937 1672; x_wconf 90' lang='lat' dir='ltr'><strong>corporis</strong></span> <span class='ocrx_word' id='word_1_113' title='bbox 1968 1618 2089 1659; x_wconf 89' lang='lat' dir='ltr'><strong>esse</strong></span> 
     </span>
    </p>
   </div>
   <div class='ocr_carea' id='block_1_17' title="bbox 488 1695 2087 1768">
    <p class='ocr_par' dir='ltr' id='par_1_17' title="bbox 488 1695 2087 1768">
     <span class='ocr_line' id='line_1_17' title="bbox 488 1695 2087 1768; baseline -0.003 -16"><span class='ocrx_word' id='word_1_114' title='bbox 488 1707 762 1768; x_wconf 83' lang='lat' dir='ltr'><strong>Oportere,</strong></span> <span class='ocrx_word' id='word_1_115' title='bbox 809 1713 982 1768; x_wconf 89' lang='lat' dir='ltr'><strong>neque</strong></span> <span class='ocrx_word' id='word_1_116' title='bbox 1006 1697 1074 1752; x_wconf 90' lang='lat' dir='ltr'><strong>de</strong></span> <span class='ocrx_word' id='word_1_117' title='bbox 1105 1695 1178 1767; x_wconf 86' lang='lat' dir='ltr'><strong>(b)</strong></span> <span class='ocrx_word' id='word_1_118' title='bbox 1222 1696 1430 1765; x_wconf 71' lang='lat' dir='ltr'><strong>injuriae</strong></span> <span class='ocrx_word' id='word_1_119' title='bbox 1461 1696 1822 1750; x_wconf 88' lang='lat' dir='ltr'><strong>ostentatione</strong></span> <span class='ocrx_word' id='word_1_120' title='bbox 1851 1695 2087 1750; x_wconf 83' lang='lat' dir='ltr'><strong>favorem</strong></span> 
     </span>
    </p>
   </div>
   <div class='ocr_carea' id='block_1_18' title="bbox 2199 488 3768 560">
    <p class='ocr_par' dir='ltr' id='par_1_18' title="bbox 2199 488 3768 560">
     <span class='ocr_line' id='line_1_18' title="bbox 2199 488 3768 560; baseline 0.004 -20"><span class='ocrx_word' id='word_1_121' title='bbox 2199 488 2393 541; x_wconf 87' lang='lat' dir='ltr'><strong>ratione</strong></span> <span class='ocrx_word' id='word_1_122' title='bbox 2435 489 2742 543; x_wconf 83' lang='lat' dir='ltr'><strong>animorum.</strong></span> <span class='ocrx_word' id='word_1_123' title='bbox 2769 520 2842 530; x_wconf 88' lang='lat'><strong><em>—</em></strong></span> <span class='ocrx_word' id='word_1_124' title='bbox 2864 488 3104 544; x_wconf 83' lang='lat' dir='ltr'><strong>Lucerna</strong></span> <span class='ocrx_word' id='word_1_125' title='bbox 3147 493 3382 560; x_wconf 74' lang='lat' dir='ltr'><strong>corporis</strong></span> <span class='ocrx_word' id='word_1_126' title='bbox 3417 494 3492 546; x_wconf 83' lang='lat' dir='ltr'><strong>tui</strong></span> <span class='ocrx_word' id='word_1_127' title='bbox 3524 503 3595 547; x_wconf 82' lang='lat' dir='ltr'><strong>est</strong></span> <span class='ocrx_word' id='word_1_128' title='bbox 3616 497 3768 548; x_wconf 68' lang='lat' dir='ltr'><strong>oculos</strong></span> 
     </span>
    </p>
   </div>
   <div class='ocr_carea' id='block_1_19' title="bbox 2197 580 3766 654">
    <p class='ocr_par' dir='ltr' id='par_1_19' title="bbox 2197 580 3766 654">
     <span class='ocr_line' id='line_1_19' title="bbox 2197 580 3766 654; baseline 0.006 -22"><span class='ocrx_word' id='word_1_129' title='bbox 2197 591 2312 636; x_wconf 87' lang='lat' dir='ltr'><strong>tuus</strong></span> <span class='ocrx_word' id='word_1_130' title='bbox 2335 580 2498 653; x_wconf 90' lang='lat' dir='ltr'><strong>(Ibid.</strong></span> <span class='ocrx_word' id='word_1_131' title='bbox 2528 582 2644 654; x_wconf 72' lang='lat'><strong>‘22).</strong></span> <span class='ocrx_word' id='word_1_132' title='bbox 2685 581 2981 638; x_wconf 88' lang='lat' dir='ltr'><strong>Continens</strong></span> <span class='ocrx_word' id='word_1_133' title='bbox 3013 600 3210 639; x_wconf 85' lang='lat' dir='ltr'><strong>sensus</strong></span> <span class='ocrx_word' id='word_1_134' title='bbox 3234 595 3339 640; x_wconf 88' lang='lat' dir='ltr'><strong>est.</strong></span> <span class='ocrx_word' id='word_1_135' title='bbox 3375 586 3450 639; x_wconf 85' lang='lat' dir='ltr'><strong>De</strong></span> <span class='ocrx_word' id='word_1_136' title='bbox 3491 587 3625 640; x_wconf 87' lang='lat' dir='ltr'><strong>oculi</strong></span> <span class='ocrx_word' id='word_1_137' title='bbox 3650 590 3766 641; x_wconf 83' lang='lat' dir='ltr'><strong>enim</strong></span> 
     </span>
    </p>
   </div>
   <div class='ocr_carea' id='block_1_20' title="bbox 2197 675 3770 748">
    <p class='ocr_par' dir='ltr' id='par_1_20' title="bbox 2197 675 3770 748">
     <span class='ocr_line' id='line_1_20' title="bbox 2197 675 3770 748; baseline 0.004 -19"><span class='ocrx_word' id='word_1_138' title='bbox 2197 675 2268 747; x_wconf 72' lang='grc' dir='ltr'><strong>(ι’)</strong></span> <span class='ocrx_word' id='word_1_139' title='bbox 2314 675 2532 731; x_wconf 90' lang='lat' dir='ltr'><strong>luminis</strong></span> <span class='ocrx_word' id='word_1_140' title='bbox 2579 676 2761 731; x_wconf 88' lang='lat' dir='ltr'><strong>officio</strong></span> <span class='ocrx_word' id='word_1_141' title='bbox 2788 677 2966 732; x_wconf 91' lang='lat' dir='ltr'><strong>lumen</strong></span> <span class='ocrx_word' id='word_1_142' title='bbox 3011 677 3193 733; x_wconf 90' lang='lat' dir='ltr'><strong>cordis</strong></span> <span class='ocrx_word' id='word_1_143' title='bbox 3240 679 3531 748; x_wconf 80' lang='lat' dir='ltr'><strong>expressit.</strong></span> <span class='ocrx_word' id='word_1_144' title='bbox 3569 680 3707 746; x_wconf 82' lang='lat' dir='ltr'><strong>Quod</strong></span> <span class='ocrx_word' id='word_1_145' title='bbox 3736 683 3770 735; x_wconf 81' lang='lat' dir='ltr'><strong>si</strong></span> 
     </span>
    </p>
   </div>
   <div class='ocr_carea' id='block_1_21' title="bbox 2198 767 3767 838">
    <p class='ocr_par' dir='ltr' id='par_1_21' title="bbox 2198 767 3767 838">
     <span class='ocr_line' id='line_1_21' title="bbox 2198 767 3767 838; baseline 0.004 -16"><span class='ocrx_word' id='word_1_146' title='bbox 2198 767 2426 838; x_wconf 79' lang='lat' dir='ltr'><strong>simplex</strong></span> <span class='ocrx_word' id='word_1_147' title='bbox 2459 778 2511 824; x_wconf 90' lang='lat' dir='ltr'><strong>et</strong></span> <span class='ocrx_word' id='word_1_148' title='bbox 2541 769 2774 825; x_wconf 90' lang='lat' dir='ltr'><strong>lucidum</strong></span> <span class='ocrx_word' id='word_1_149' title='bbox 2802 772 3064 837; x_wconf 84' lang='lat' dir='ltr'><strong>manebit;</strong></span> <span class='ocrx_word' id='word_1_150' title='bbox 3095 774 3402 828; x_wconf 86' lang='lat' dir='ltr'><strong>claritatem</strong></span> <span class='ocrx_word' id='word_1_151' title='bbox 3428 774 3617 828; x_wconf 67' lang='lat' dir='ltr'><strong>aeterni</strong></span> <span class='ocrx_word' id='word_1_152' title='bbox 3644 775 3767 830; x_wconf 83' lang='lat' dir='ltr'><strong>lumi-</strong></span> 
     </span>
    </p>
   </div>
   <div class='ocr_carea' id='block_1_22' title="bbox 2197 860 3770 936">
    <p class='ocr_par' dir='ltr' id='par_1_22' title="bbox 2197 860 3770 936">
     <span class='ocr_line' id='line_1_22' title="bbox 2197 860 3770 936; baseline 0.005 -22"><span class='ocrx_word' id='word_1_153' title='bbox 2197 860 2282 914; x_wconf 91' lang='lat' dir='ltr'><strong>nis</strong></span> <span class='ocrx_word' id='word_1_154' title='bbox 2324 861 2537 930; x_wconf 83' lang='lat' dir='ltr'><strong>corpori</strong></span> <span class='ocrx_word' id='word_1_155' title='bbox 2581 862 2802 929; x_wconf 88' lang='lat' dir='ltr'><strong>tribuet,</strong></span> <span class='ocrx_word' id='word_1_156' title='bbox 2831 873 2886 918; x_wconf 91' lang='lat' dir='ltr'><strong>et</strong></span> <span class='ocrx_word' id='word_1_157' title='bbox 2929 864 3276 934; x_wconf 86' lang='lat' dir='ltr'><strong>splendorem</strong></span> <span class='ocrx_word' id='word_1_158' title='bbox 3323 864 3555 935; x_wconf 80' lang='lat' dir='ltr'><strong>originis</strong></span> <span class='ocrx_word' id='word_1_159' title='bbox 3586 864 3656 936; x_wconf 79' lang='lat'><strong>(9)</strong></span> <span class='ocrx_word' id='word_1_160' title='bbox 3687 882 3770 923; x_wconf 68' lang='lat' dir='ltr'><strong>sua</strong></span> 
     </span>
    </p>
   </div>
   <div class='ocr_carea' id='block_1_23' title="bbox 2197 954 3770 1028">
    <p class='ocr_par' dir='ltr' id='par_1_23' title="bbox 2197 954 3770 1028">
     <span class='ocr_line' id='line_1_23' title="bbox 2197 954 3770 1028; baseline 0.002 -19"><span class='ocrx_word' id='word_1_161' title='bbox 2197 954 2529 1025; x_wconf 87' lang='lat' dir='ltr'><strong>corruptioni</strong></span> <span class='ocrx_word' id='word_1_162' title='bbox 2560 957 2740 1010; x_wconf 85' lang='lat' dir='ltr'><strong>carnis</strong></span> <span class='ocrx_word' id='word_1_163' title='bbox 2770 957 3032 1012; x_wconf 83' lang='lat' dir='ltr'><strong>infundet.</strong></span> <span class='ocrx_word' id='word_1_164' title='bbox 3066 959 3122 1012; x_wconf 90' lang='lat' dir='ltr'><strong>Si</strong></span> <span class='ocrx_word' id='word_1_165' title='bbox 3147 967 3332 1012; x_wconf 86' lang='lat' dir='ltr'><strong>autem</strong></span> <span class='ocrx_word' id='word_1_166' title='bbox 3361 958 3652 1013; x_wconf 83' lang='lat' dir='ltr'><strong>obscurum</strong></span> <span class='ocrx_word' id='word_1_167' title='bbox 3674 975 3770 1028; x_wconf 62' lang='lat' dir='ltr'><strong>pec.</strong></span> 
     </span>
    </p>
   </div>
   <div class='ocr_carea' id='block_1_24' title="bbox 2196 1047 3767 1122">
    <p class='ocr_par' dir='ltr' id='par_1_24' title="bbox 2196 1047 3767 1122">
     <span class='ocr_line' id='line_1_24' title="bbox 2196 1047 3767 1122; baseline 0.003 -21"><span class='ocrx_word' id='word_1_168' title='bbox 2196 1047 2352 1112; x_wconf 86' lang='lat' dir='ltr'><strong>catis,</strong></span> <span class='ocrx_word' id='word_1_169' title='bbox 2382 1058 2436 1102; x_wconf 92' lang='lat' dir='ltr'><strong>et</strong></span> <span class='ocrx_word' id='word_1_170' title='bbox 2468 1049 2741 1103; x_wconf 89' lang='lat' dir='ltr'><strong>voluntate</strong></span> <span class='ocrx_word' id='word_1_171' title='bbox 2769 1050 2872 1104; x_wconf 91' lang='lat' dir='ltr'><strong>erit</strong></span> <span class='ocrx_word' id='word_1_172' title='bbox 2903 1066 3170 1122; x_wconf 88' lang='lat' dir='ltr'><strong>nequam;</strong></span> <span class='ocrx_word' id='word_1_173' title='bbox 3200 1050 3346 1104; x_wconf 80' lang='lat' dir='ltr'><strong>vitiis</strong></span> <span class='ocrx_word' id='word_1_174' title='bbox 3379 1051 3585 1106; x_wconf 75' lang='lat' dir='ltr'><strong>utentis</strong></span> <span class='ocrx_word' id='word_1_175' title='bbox 3617 1062 3767 1106; x_wconf 72' lang='lat' dir='ltr'><strong>natura</strong></span> 
     </span>
    </p>
   </div>
   <div class='ocr_carea' id='block_1_25' title="bbox 2196 1143 3770 1215">
    <p class='ocr_par' dir='ltr' id='par_1_25' title="bbox 2196 1143 3770 1215">
     <span class='ocr_line' id='line_1_25' title="bbox 2196 1143 3770 1215; baseline 0 -18"><span class='ocrx_word' id='word_1_176' title='bbox 2196 1144 2440 1214; x_wconf 91' lang='lat' dir='ltr'><strong>corporis</strong></span> <span class='ocrx_word' id='word_1_177' title='bbox 2467 1143 2785 1214; x_wconf 75' lang='lat' dir='ltr'><strong>subiacebit.</strong></span> <span class='ocrx_word' id='word_1_178' title='bbox 2823 1145 2888 1199; x_wconf 81' lang='lat' dir='ltr'><strong>Et</strong></span> <span class='ocrx_word' id='word_1_179' title='bbox 2921 1146 2963 1198; x_wconf 90' lang='lat' dir='ltr'><strong>si</strong></span> <span class='ocrx_word' id='word_1_180' title='bbox 3011 1145 3216 1210; x_wconf 89' lang='lat' dir='ltr'><strong>lumen,</strong></span> <span class='ocrx_word' id='word_1_181' title='bbox 3247 1144 3394 1215; x_wconf 88' lang='lat' dir='ltr'><strong>quod</strong></span> <span class='ocrx_word' id='word_1_182' title='bbox 3420 1146 3479 1200; x_wconf 85' lang='lat' dir='ltr'><strong>in</strong></span> <span class='ocrx_word' id='word_1_183' title='bbox 3523 1146 3669 1201; x_wconf 83' lang='lat' dir='ltr'><strong>nobis</strong></span> <span class='ocrx_word' id='word_1_184' title='bbox 3692 1157 3770 1211; x_wconf 82' lang='lat' dir='ltr'><strong>est,</strong></span> 
     </span>
    </p>
   </div>
   <div class='ocr_carea' id='block_1_26' title="bbox 2199 1236 3772 1307">
    <p class='ocr_par' dir='ltr' id='par_1_26' title="bbox 2199 1236 3772 1307">
     <span class='ocr_line' id='line_1_26' title="bbox 2199 1236 3772 1307; baseline 0.001 -17"><span class='ocrx_word' id='word_1_185' title='bbox 2199 1236 2544 1291; x_wconf 90' lang='lat' dir='ltr'><strong>tenebrosum</strong></span> <span class='ocrx_word' id='word_1_186' title='bbox 2573 1237 2674 1302; x_wconf 89' lang='lat' dir='ltr'><strong>sit;</strong></span> <span class='ocrx_word' id='word_1_187' title='bbox 2703 1246 2946 1307; x_wconf 75' lang='lat' dir='ltr'><strong>quantas</strong></span> <span class='ocrx_word' id='word_1_188' title='bbox 2991 1251 3218 1292; x_wconf 79' lang='lat' dir='ltr'><strong>necesse</strong></span> <span class='ocrx_word' id='word_1_189' title='bbox 3259 1245 3348 1293; x_wconf 87' lang='lat' dir='ltr'><strong>est</strong></span> <span class='ocrx_word' id='word_1_190' title='bbox 3388 1241 3630 1306; x_wconf 84' lang='lat' dir='ltr'><strong>ipsarqu</strong></span> <span class='ocrx_word' id='word_1_191' title='bbox 3657 1248 3772 1292; x_wconf 56' lang='lat' dir='ltr'><strong>tene</strong></span> 
     </span>
    </p>
   </div>
   <div class='ocr_carea' id='block_1_27' title="bbox 2197 1327 3770 1401">
    <p class='ocr_par' dir='ltr' id='par_1_27' title="bbox 2197 1327 3770 1401">
     <span class='ocr_line' id='line_1_27' title="bbox 2197 1327 3770 1401; baseline 0.003 -19"><span class='ocrx_word' id='word_1_192' title='bbox 2197 1327 2320 1382; x_wconf 86' lang='lat' dir='ltr'><strong>bras</strong></span> <span class='ocrx_word' id='word_1_193' title='bbox 2349 1343 2469 1382; x_wconf 87' lang='lat' dir='ltr'><strong>esse</strong></span> <span class='ocrx_word' id='word_1_194' title='bbox 2493 1328 2831 1389; x_wconf 84' lang='lat' dir='ltr'><strong>tenebrarum</strong></span> <span class='ocrx_word' id='word_1_195' title='bbox 2854 1327 3018 1401; x_wconf 90' lang='lat' dir='ltr'><strong>(Ibid.</strong></span> <span class='ocrx_word' id='word_1_196' title='bbox 3047 1329 3184 1398; x_wconf 75' lang='lat'><strong>9.5)?</strong></span> <span class='ocrx_word' id='word_1_197' title='bbox 3214 1331 3340 1398; x_wconf 83' lang='lat' dir='ltr'><strong>quia</strong></span> <span class='ocrx_word' id='word_1_198' title='bbox 3363 1327 3481 1396; x_wconf 82' lang='lat' dir='ltr'><strong>jam</strong></span> <span class='ocrx_word' id='word_1_199' title='bbox 3511 1329 3770 1400; x_wconf 76' lang='lat' dir='ltr'><strong>periculose</strong></span> 
     </span>
    </p>
   </div>
   <div class='ocr_carea' id='block_1_28' title="bbox 2196 1419 3769 1492">
    <p class='ocr_par' dir='ltr' id='par_1_28' title="bbox 2196 1419 3769 1492">
     <span class='ocr_line' id='line_1_28' title="bbox 2196 1419 3769 1492; baseline 0.001 -18"><span class='ocrx_word' id='word_1_200' title='bbox 2196 1419 2372 1474; x_wconf 88' lang='lat' dir='ltr'><strong>soleat</strong></span> <span class='ocrx_word' id='word_1_201' title='bbox 2401 1421 2565 1475; x_wconf 88' lang='lat' dir='ltr'><strong>animi</strong></span> <span class='ocrx_word' id='word_1_202' title='bbox 2588 1421 2936 1490; x_wconf 86' lang='lat' dir='ltr'><strong>generositati</strong></span> <span class='ocrx_word' id='word_1_203' title='bbox 2965 1429 3197 1476; x_wconf 76' lang='lat' dir='ltr'><strong>terrenae</strong></span> <span class='ocrx_word' id='word_1_204' title='bbox 3224 1422 3411 1476; x_wconf 86' lang='lat' dir='ltr'><strong>carnis</strong></span> <span class='ocrx_word' id='word_1_205' title='bbox 3442 1422 3636 1476; x_wconf 85' lang='lat' dir='ltr'><strong>vitiosa</strong></span> <span class='ocrx_word' id='word_1_206' title='bbox 3656 1425 3769 1492; x_wconf 67' lang='lat' dir='ltr'><strong>origo</strong></span> 
     </span>
    </p>
   </div>
   <div class='ocr_carea' id='block_1_29' title="bbox 2195 1511 3770 1587">
    <p class='ocr_par' dir='ltr' id='par_1_29' title="bbox 2195 1511 3770 1587">
     <span class='ocr_line' id='line_1_29' title="bbox 2195 1511 3770 1587; baseline 0.004 -22"><span class='ocrx_word' id='word_1_207' title='bbox 2195 1511 2482 1578; x_wconf 84' lang='lat' dir='ltr'><strong>dominari,</strong></span> <span class='ocrx_word' id='word_1_208' title='bbox 2513 1512 2777 1584; x_wconf 80' lang='lat' dir='ltr'><strong>longeque</strong></span> <span class='ocrx_word' id='word_1_209' title='bbox 2806 1515 2977 1585; x_wconf 89' lang='lat' dir='ltr'><strong>magis</strong></span> <span class='ocrx_word' id='word_1_210' title='bbox 3021 1525 3240 1583; x_wconf 85' lang='lat' dir='ltr'><strong>peccata</strong></span> <span class='ocrx_word' id='word_1_211' title='bbox 3285 1530 3586 1587; x_wconf 78' lang='lat' dir='ltr'><strong>corporum</strong></span> <span class='ocrx_word' id='word_1_212' title='bbox 3633 1517 3770 1586; x_wconf 75' lang='lat' dir='ltr'><strong>ingra-</strong></span> 
     </span>
    </p>
   </div>
   <div class='ocr_carea' id='block_1_30' title="bbox 2199 1606 3768 1678">
    <p class='ocr_par' dir='ltr' id='par_1_30' title="bbox 2199 1606 3768 1678">
     <span class='ocr_line' id='line_1_30' title="bbox 2199 1606 3768 1678; baseline 0.006 -21"><span class='ocrx_word' id='word_1_213' title='bbox 2199 1620 2443 1673; x_wconf 82' lang='lat' dir='ltr'><strong>vescere,</strong></span> <span class='ocrx_word' id='word_1_214' title='bbox 2498 1606 2545 1662; x_wconf 69' lang='grc' dir='ltr'><strong>εἰ</strong></span> <span class='ocrx_word' id='word_1_215' title='bbox 2589 1607 2759 1662; x_wconf 85' lang='lat' dir='ltr'><strong>etiam</strong></span> <span class='ocrx_word' id='word_1_216' title='bbox 2802 1608 3188 1677; x_wconf 77' lang='lat' dir='ltr'><strong>Cupiditatibus</strong></span> <span class='ocrx_word' id='word_1_217' title='bbox 3229 1609 3568 1678; x_wconf 84' lang='lat' dir='ltr'><strong>adjuventur</strong></span> <span class='ocrx_word' id='word_1_218' title='bbox 3608 1611 3768 1666; x_wconf 78' lang='lat' dir='ltr'><strong>auina-</strong></span> 
     </span>
    </p>
   </div>
   <div class='ocr_carea' id='block_1_31' title="bbox 2197 1697 3766 1774">
    <p class='ocr_par' dir='ltr' id='par_1_31' title="bbox 2197 1697 3766 1774">
     <span class='ocr_line' id='line_1_31' title="bbox 2197 1697 3766 1774; baseline 0.004 -22"><span class='ocrx_word' id='word_1_219' title='bbox 2197 1715 2314 1753; x_wconf 91' lang='lat' dir='ltr'><strong>rum</strong></span> <span class='ocrx_word' id='word_1_220' title='bbox 2342 1717 2355 1752; x_wconf 89' lang='lat'><strong>:</strong></span> <span class='ocrx_word' id='word_1_221' title='bbox 2383 1714 2451 1756; x_wconf 76' lang='lat' dir='ltr'><strong>ex</strong></span> <span class='ocrx_word' id='word_1_222' title='bbox 2477 1697 2744 1772; x_wconf 86' lang='lat' dir='ltr'><strong>eoque(h)</strong></span> <span class='ocrx_word' id='word_1_223' title='bbox 2768 1701 2883 1757; x_wconf 89' lang='lat' dir='ltr'><strong>fieri</strong></span> <span class='ocrx_word' id='word_1_224' title='bbox 2907 1713 3103 1771; x_wconf 76' lang='lat' dir='ltr'><strong>praeter</strong></span> <span class='ocrx_word' id='word_1_225' title='bbox 3126 1710 3379 1758; x_wconf 86' lang='lat' dir='ltr'><strong>naturam</strong></span> <span class='ocrx_word' id='word_1_226' title='bbox 3401 1716 3566 1758; x_wconf 85' lang='lat' dir='ltr'><strong>suam</strong></span> <span class='ocrx_word' id='word_1_227' title='bbox 3586 1719 3766 1774; x_wconf 79' lang='lat' dir='ltr'><strong>corpora</strong></span> 
     </span>
    </p>
   </div>
   <div class='ocr_carea' id='block_1_32' title="bbox 496 1789 3764 1862">
    <p class='ocr_par' dir='ltr' id='par_1_32' title="bbox 496 1789 3764 1862">
     <span class='ocr_line' id='line_1_32' title="bbox 496 1789 3764 1862; baseline 0.004 -17"><span class='ocrx_word' id='word_1_228' title='bbox 496 1793 735 1862; x_wconf 82' lang='lat' dir='ltr'><strong>gentium</strong></span> <span class='ocrx_word' id='word_1_229' title='bbox 767 1791 1226 1855; x_wconf 88' lang='lat' dir='ltr'><strong>consectandum;</strong></span> <span class='ocrx_word' id='word_1_230' title='bbox 1262 1789 1354 1845; x_wconf 89' lang='lat' dir='ltr'><strong>sed</strong></span> <span class='ocrx_word' id='word_1_231' title='bbox 1377 1805 1538 1846; x_wconf 89' lang='lat' dir='ltr'><strong>omne</strong></span> <span class='ocrx_word' id='word_1_232' title='bbox 1564 1790 1828 1860; x_wconf 80' lang='lat' dir='ltr'><strong>jejunium</strong></span> <span class='ocrx_word' id='word_1_233' title='bbox 1861 1792 1912 1844; x_wconf 93' lang='lat' dir='ltr'><strong>in</strong></span> <span class='ocrx_word' id='word_1_234' title='bbox 1940 1805 2095 1846; x_wconf 90' lang='lat' dir='ltr'><strong>sanc-</strong></span> <span class='ocrx_word' id='word_1_235' title='bbox 2124 1791 2172 1854; x_wconf 89' lang='lat' dir='ltr'><strong>B</strong></span> <span class='ocrx_word' id='word_1_236' title='bbox 2199 1808 2383 1850; x_wconf 79' lang='lat' dir='ltr'><strong>nosmt</strong></span> <span class='ocrx_word' id='word_1_237' title='bbox 2415 1796 2722 1862; x_wconf 88' lang='lat' dir='ltr'><strong>tenebrosa,</strong></span> <span class='ocrx_word' id='word_1_238' title='bbox 2769 1796 2814 1850; x_wconf 88' lang='lat' dir='ltr'><strong>si</strong></span> <span class='ocrx_word' id='word_1_239' title='bbox 2842 1794 2894 1851; x_wconf 91' lang='lat' dir='ltr'><strong>in</strong></span> <span class='ocrx_word' id='word_1_240' title='bbox 2923 1797 3031 1852; x_wconf 88' lang='lat' dir='ltr'><strong>illis</strong></span> <span class='ocrx_word' id='word_1_241' title='bbox 3059 1800 3323 1855; x_wconf 90' lang='lat' dir='ltr'><strong>mentium</strong></span> <span class='ocrx_word' id='word_1_242' title='bbox 3357 1800 3551 1855; x_wconf 89' lang='lat' dir='ltr'><strong>lumen</strong></span> <span class='ocrx_word' id='word_1_243' title='bbox 3584 1807 3764 1858; x_wconf 72' lang='lat' dir='ltr'><strong>exstinc—</strong></span> 
     </span>
    </p>
   </div>
   <div class='ocr_carea' id='block_1_33' title="bbox 492 1885 2095 1955">
    <p class='ocr_par' dir='ltr' id='par_1_33' title="bbox 492 1885 2095 1955">
     <span class='ocr_line' id='line_1_33' title="bbox 492 1885 2095 1955; baseline 0.001 -16"><span class='ocrx_word' id='word_1_244' title='bbox 492 1894 564 1941; x_wconf 79' lang='lat' dir='ltr'><strong>tae</strong></span> <span class='ocrx_word' id='word_1_245' title='bbox 590 1885 922 1954; x_wconf 82' lang='lat' dir='ltr'><strong>Operatiouis</strong></span> <span class='ocrx_word' id='word_1_246' title='bbox 948 1886 1144 1941; x_wconf 86' lang='lat' dir='ltr'><strong>decore</strong></span> <span class='ocrx_word' id='word_1_247' title='bbox 1173 1885 1504 1955; x_wconf 92' lang='lat' dir='ltr'><strong>ponendum.</strong></span> <span class='ocrx_word' id='word_1_248' title='bbox 1539 1885 1725 1939; x_wconf 83' lang='lat' dir='ltr'><strong>Oleum</strong></span> <span class='ocrx_word' id='word_1_249' title='bbox 1767 1887 1910 1940; x_wconf 87' lang='lat' dir='ltr'><strong>enim</strong></span> <span class='ocrx_word' id='word_1_250' title='bbox 1950 1886 2095 1941; x_wconf 91' lang='lat' dir='ltr'><strong>fruc-</strong></span> 
     </span>
    </p>
   </div>
   <div class='ocr_carea' id='block_1_34' title="bbox 490 1978 2093 2048">
    <p class='ocr_par' dir='ltr' id='par_1_34' title="bbox 490 1978 2093 2048">
     <span class='ocr_line' id='line_1_34' title="bbox 490 1978 2093 2048; baseline 0.001 -16"><span class='ocrx_word' id='word_1_251' title='bbox 490 1988 603 2033; x_wconf 89' lang='lat' dir='ltr'><strong>tum</strong></span> <span class='ocrx_word' id='word_1_252' title='bbox 633 1978 1017 2034; x_wconf 80' lang='lat' dir='ltr'><strong>misericordiae</strong></span> <span class='ocrx_word' id='word_1_253' title='bbox 1032 1993 1176 2043; x_wconf 67' lang='lat' dir='ltr'><strong>esse,</strong></span> <span class='ocrx_word' id='word_1_254' title='bbox 1205 1978 1441 2033; x_wconf 72' lang='lat' dir='ltr'><strong>cmlestis</strong></span> <span class='ocrx_word' id='word_1_255' title='bbox 1469 1989 1521 2032; x_wconf 89' lang='lat' dir='ltr'><strong>et</strong></span> <span class='ocrx_word' id='word_1_256' title='bbox 1543 1979 1890 2048; x_wconf 84' lang='lat' dir='ltr'><strong>propheticus</strong></span> <span class='ocrx_word' id='word_1_257' title='bbox 1912 1994 2093 2033; x_wconf 90' lang='lat' dir='ltr'><strong>sermo</strong></span> 
     </span>
    </p>
   </div>
   <div class='ocr_carea' id='block_1_35' title="bbox 492 2070 2088 2141">
    <p class='ocr_par' dir='ltr' id='par_1_35' title="bbox 492 2070 2088 2141">
     <span class='ocr_line' id='line_1_35' title="bbox 492 2070 2088 2141; baseline -0.001 -15"><span class='ocrx_word' id='word_1_258' title='bbox 492 2081 600 2126; x_wconf 90' lang='lat' dir='ltr'><strong>est.</strong></span> <span class='ocrx_word' id='word_1_259' title='bbox 637 2073 775 2141; x_wconf 72' lang='lat' dir='ltr'><strong>lirgo</strong></span> <span class='ocrx_word' id='word_1_260' title='bbox 816 2070 1070 2125; x_wconf 88' lang='lat' dir='ltr'><strong>bonitatis</strong></span> <span class='ocrx_word' id='word_1_261' title='bbox 1099 2070 1354 2140; x_wconf 88' lang='lat' dir='ltr'><strong>operibus</strong></span> <span class='ocrx_word' id='word_1_262' title='bbox 1391 2080 1554 2138; x_wconf 89' lang='lat' dir='ltr'><strong>caput</strong></span> <span class='ocrx_word' id='word_1_263' title='bbox 1587 2079 1851 2136; x_wconf 88' lang='lat' dir='ltr'><strong>nostrum,</strong></span> <span class='ocrx_word' id='word_1_264' title='bbox 1903 2070 1954 2124; x_wconf 91' lang='lat' dir='ltr'><strong>id</strong></span> <span class='ocrx_word' id='word_1_265' title='bbox 1986 2081 2088 2136; x_wconf 91' lang='lat' dir='ltr'><strong>est,</strong></span> 
     </span>
    </p>
   </div>
   <div class='ocr_carea' id='block_1_36' title="bbox 491 2162 2092 2233">
    <p class='ocr_par' dir='ltr' id='par_1_36' title="bbox 491 2162 2092 2233">
     <span class='ocr_line' id='line_1_36' title="bbox 491 2162 2092 2233; baseline -0.002 -15"><span class='ocrx_word' id='word_1_266' title='bbox 491 2165 617 2219; x_wconf 70' lang='lat' dir='ltr'><strong>vitae</strong></span> <span class='ocrx_word' id='word_1_267' title='bbox 651 2174 849 2218; x_wconf 77' lang='lat' dir='ltr'><strong>nOStra:</strong></span> <span class='ocrx_word' id='word_1_268' title='bbox 880 2175 1073 2217; x_wconf 88' lang='lat' dir='ltr'><strong>sensus</strong></span> <span class='ocrx_word' id='word_1_269' title='bbox 1115 2163 1392 2216; x_wconf 90' lang='lat' dir='ltr'><strong>ornandus</strong></span> <span class='ocrx_word' id='word_1_270' title='bbox 1422 2172 1535 2227; x_wconf 89' lang='lat' dir='ltr'><strong>est;</strong></span> <span class='ocrx_word' id='word_1_271' title='bbox 1567 2163 1689 2231; x_wconf 86' lang='lat' dir='ltr'><strong>quia</strong></span> <span class='ocrx_word' id='word_1_272' title='bbox 1735 2162 2092 2233; x_wconf 82' lang='lat' dir='ltr'><strong>intelligentia</strong></span> 
     </span>
    </p>
   </div>
   <div class='ocr_carea' id='block_1_37' title="bbox 489 2254 2092 2325">
    <p class='ocr_par' dir='ltr' id='par_1_37' title="bbox 489 2254 2092 2325">
     <span class='ocr_line' id='line_1_37' title="bbox 489 2254 2092 2325; baseline -0.001 -14"><span class='ocrx_word' id='word_1_273' title='bbox 489 2255 670 2311; x_wconf 90' lang='lat' dir='ltr'><strong>onmis</strong></span> <span class='ocrx_word' id='word_1_274' title='bbox 693 2255 746 2310; x_wconf 91' lang='lat' dir='ltr'><strong>iu</strong></span> <span class='ocrx_word' id='word_1_275' title='bbox 777 2254 953 2325; x_wconf 88' lang='lat' dir='ltr'><strong>capite</strong></span> <span class='ocrx_word' id='word_1_276' title='bbox 983 2262 1066 2309; x_wconf 87' lang='lat' dir='ltr'><strong>est</strong></span> <span class='ocrx_word' id='word_1_277' title='bbox 1098 2254 1429 2323; x_wconf 87' lang='lat' dir='ltr'><strong>:sordesqne</strong></span> <span class='ocrx_word' id='word_1_278' title='bbox 1456 2255 1506 2309; x_wconf 93' lang='lat' dir='ltr'><strong>in</strong></span> <span class='ocrx_word' id='word_1_279' title='bbox 1532 2254 1665 2309; x_wconf 74' lang='lat' dir='ltr'><strong>facie</strong></span> <span class='ocrx_word' id='word_1_280' title='bbox 1692 2255 1996 2322; x_wconf 77' lang='lat' dir='ltr'><strong>abluendtc,</strong></span> <span class='ocrx_word' id='word_1_281' title='bbox 2024 2271 2092 2310; x_wconf 90' lang='lat' dir='ltr'><strong>ne</strong></span> 
     </span>
    </p>
   </div>
   <div class='ocr_carea' id='block_1_38' title="bbox 493 2346 2092 2419">
    <p class='ocr_par' dir='ltr' id='par_1_38' title="bbox 493 2346 2092 2419">
     <span class='ocr_line' id='line_1_38' title="bbox 493 2346 2092 2419; baseline 0 -17"><span class='ocrx_word' id='word_1_282' title='bbox 493 2347 622 2419; x_wconf 90' lang='lat' dir='ltr'><strong>quid</strong></span> <span class='ocrx_word' id='word_1_283' title='bbox 639 2346 962 2402; x_wconf 91' lang='lat' dir='ltr'><strong>sithorroris</strong></span> <span class='ocrx_word' id='word_1_284' title='bbox 984 2361 1050 2400; x_wconf 79' lang='lat' dir='ltr'><strong>ex</strong></span> <span class='ocrx_word' id='word_1_285' title='bbox 1073 2347 1236 2406; x_wconf 89' lang='lat' dir='ltr'><strong>vitiis.</strong></span> <span class='ocrx_word' id='word_1_286' title='bbox 1258 2347 1350 2400; x_wconf 83' lang='lat' dir='ltr'><strong>sed</strong></span> <span class='ocrx_word' id='word_1_287' title='bbox 1376 2346 1544 2415; x_wconf 87' lang='lat' dir='ltr'><strong>magis</strong></span> <span class='ocrx_word' id='word_1_288' title='bbox 1561 2346 1727 2416; x_wconf 85' lang='lat' dir='ltr'><strong>gratia</strong></span> <span class='ocrx_word' id='word_1_289' title='bbox 1751 2346 2000 2402; x_wconf 89' lang='lat' dir='ltr'><strong>candoris</strong></span> <span class='ocrx_word' id='word_1_290' title='bbox 2022 2347 2092 2402; x_wconf 85' lang='lat' dir='ltr'><strong>sit</strong></span> 
     </span>
    </p>
   </div>
   <div class='ocr_carea' id='block_1_39' title="bbox 498 2439 2088 2513">
    <p class='ocr_par' dir='ltr' id='par_1_39' title="bbox 498 2439 2088 2513">
     <span class='ocr_line' id='line_1_39' title="bbox 498 2439 2088 2513; baseline 0.001 -17"><span class='ocrx_word' id='word_1_291' title='bbox 498 2442 549 2496; x_wconf 92' lang='lat' dir='ltr'><strong>iu</strong></span> <span class='ocrx_word' id='word_1_292' title='bbox 581 2442 656 2513; x_wconf 79' lang='grc' dir='ltr'><strong>(ο)</strong></span> <span class='ocrx_word' id='word_1_293' title='bbox 680 2456 906 2496; x_wconf 88' lang='lat' dir='ltr'><strong>occursu</strong></span> <span class='ocrx_word' id='word_1_294' title='bbox 938 2457 950 2493; x_wconf 91' lang='lat'><strong>:</strong></span> <span class='ocrx_word' id='word_1_295' title='bbox 980 2448 1140 2510; x_wconf 85' lang='lat' dir='ltr'><strong>atque</strong></span> <span class='ocrx_word' id='word_1_296' title='bbox 1185 2439 1253 2494; x_wconf 84' lang='lat' dir='ltr'><strong>ita</strong></span> <span class='ocrx_word' id='word_1_297' title='bbox 1296 2454 1395 2494; x_wconf 90' lang='lat' dir='ltr'><strong>nos</strong></span> <span class='ocrx_word' id='word_1_298' title='bbox 1444 2440 1612 2512; x_wconf 77' lang='lat'><strong>690</strong></span> <span class='ocrx_word' id='word_1_299' title='bbox 1667 2442 1717 2494; x_wconf 93' lang='lat' dir='ltr'><strong>in</strong></span> <span class='ocrx_word' id='word_1_300' title='bbox 1747 2441 2088 2511; x_wconf 85' lang='lat' dir='ltr'><strong>splendorem</strong></span> 
     </span>
    </p>
   </div>
   <div class='ocr_carea' id='block_1_40' title="bbox 501 2533 2090 2603">
    <p class='ocr_par' dir='ltr' id='par_1_40' title="bbox 501 2533 2090 2603">
     <span class='ocr_line' id='line_1_40' title="bbox 501 2533 2090 2603; baseline 0 -14"><span class='ocrx_word' id='word_1_301' title='bbox 501 2536 657 2590; x_wconf 80' lang='lat' dir='ltr'><strong>bonae</strong></span> <span class='ocrx_word' id='word_1_302' title='bbox 683 2533 1032 2590; x_wconf 83' lang='lat' dir='ltr'><strong>conscientiae</strong></span> <span class='ocrx_word' id='word_1_303' title='bbox 1059 2535 1254 2597; x_wconf 89' lang='lat' dir='ltr'><strong>elutos,</strong></span> <span class='ocrx_word' id='word_1_304' title='bbox 1285 2544 1335 2587; x_wconf 86' lang='lat' dir='ltr'><strong>ct</strong></span> <span class='ocrx_word' id='word_1_305' title='bbox 1367 2533 1418 2588; x_wconf 92' lang='lat' dir='ltr'><strong>in</strong></span> <span class='ocrx_word' id='word_1_306' title='bbox 1457 2538 1682 2603; x_wconf 76' lang='lat' dir='ltr'><strong>gratiam</strong></span> <span class='ocrx_word' id='word_1_307' title='bbox 1724 2535 2090 2590; x_wconf 83' lang='lat' dir='ltr'><strong>misericordis</strong></span> 
     </span>
    </p>
   </div>
   <div class='ocr_carea' id='block_1_41' title="bbox 490 2626 2084 2701">
    <p class='ocr_par' dir='ltr' id='par_1_41' title="bbox 490 2626 2084 2701">
     <span class='ocr_line' id='line_1_41' title="bbox 490 2626 2084 2701; baseline -0.002 -17"><span class='ocrx_word' id='word_1_308' title='bbox 490 2632 672 2701; x_wconf 87' lang='lat' dir='ltr'><strong>operis</strong></span> <span class='ocrx_word' id='word_1_309' title='bbox 709 2629 1002 2690; x_wconf 90' lang='lat' dir='ltr'><strong>delibutos,</strong></span> <span class='ocrx_word' id='word_1_310' title='bbox 1051 2629 1159 2682; x_wconf 86' lang='lat' dir='ltr'><strong>Deo</strong></span> <span class='ocrx_word' id='word_1_311' title='bbox 1191 2626 1396 2697; x_wconf 88' lang='lat' dir='ltr'><strong>jejunia</strong></span> <span class='ocrx_word' id='word_1_312' title='bbox 1449 2636 1632 2682; x_wconf 87' lang='lat' dir='ltr'><strong>nostra</strong></span> <span class='ocrx_word' id='word_1_313' title='bbox 1679 2628 2084 2683; x_wconf 85' lang='lat' dir='ltr'><strong>commendent.</strong></span> 
     </span>
    </p>
   </div>
   <div class='ocr_carea' id='block_1_42' title="bbox 492 2719 2087 2794">
    <p class='ocr_par' dir='ltr' id='par_1_42' title="bbox 492 2719 2087 2794">
     <span class='ocr_line' id='line_1_42' title="bbox 492 2719 2087 2794; baseline -0.003 -15"><span class='ocrx_word' id='word_1_314' title='bbox 492 2723 761 2779; x_wconf 76' lang='lat' dir='ltr'><strong>Cat-terum</strong></span> <span class='ocrx_word' id='word_1_315' title='bbox 780 2723 1040 2794; x_wconf 83' lang='lat' dir='ltr'><strong>fugientes</strong></span> <span class='ocrx_word' id='word_1_316' title='bbox 1070 2723 1120 2776; x_wconf 93' lang='lat' dir='ltr'><strong>in</strong></span> <span class='ocrx_word' id='word_1_317' title='bbox 1144 2721 1364 2792; x_wconf 88' lang='lat' dir='ltr'><strong>jejuuiis</strong></span> <span class='ocrx_word' id='word_1_318' title='bbox 1394 2719 1670 2776; x_wconf 88' lang='lat' dir='ltr'><strong>hominum</strong></span> <span class='ocrx_word' id='word_1_319' title='bbox 1701 2723 2087 2777; x_wconf 78' lang='lat' dir='ltr'><strong>conscientiam</strong></span> 
     </span>
    </p>
   </div>
   <div class='ocr_carea' id='block_1_43' title="bbox 490 2815 2091 2890">
    <p class='ocr_par' dir='ltr' id='par_1_43' title="bbox 490 2815 2091 2890">
     <span class='ocr_line' id='line_1_43' title="bbox 490 2815 2091 2890; baseline 0 -19"><span class='ocrx_word' id='word_1_320' title='bbox 490 2819 571 2890; x_wconf 63' lang='lat' dir='ltr'><strong>(at)</strong></span> <span class='ocrx_word' id='word_1_321' title='bbox 599 2818 770 2872; x_wconf 90' lang='lat' dir='ltr'><strong>unctis</strong></span> <span class='ocrx_word' id='word_1_322' title='bbox 799 2817 1086 2888; x_wconf 88' lang='lat' dir='ltr'><strong>capitibus,</strong></span> <span class='ocrx_word' id='word_1_323' title='bbox 1122 2828 1176 2871; x_wconf 88' lang='lat' dir='ltr'><strong>et</strong></span> <span class='ocrx_word' id='word_1_324' title='bbox 1225 2815 1435 2870; x_wconf 86' lang='lat' dir='ltr'><strong>ridiculi</strong></span> <span class='ocrx_word' id='word_1_325' title='bbox 1471 2816 1638 2886; x_wconf 87' lang='lat' dir='ltr'><strong>magis</strong></span> <span class='ocrx_word' id='word_1_326' title='bbox 1665 2815 1887 2883; x_wconf 89' lang='lat' dir='ltr'><strong>erimus,</strong></span> <span class='ocrx_word' id='word_1_327' title='bbox 1918 2827 1971 2871; x_wconf 90' lang='lat' dir='ltr'><strong>et</strong></span> <span class='ocrx_word' id='word_1_328' title='bbox 1998 2831 2091 2871; x_wconf 84' lang='lat' dir='ltr'><strong>co-</strong></span> 
     </span>
    </p>
   </div>
   <div class='ocr_carea' id='block_1_44' title="bbox 490 2911 654 2980">
    <p class='ocr_par' dir='ltr' id='par_1_44' title="bbox 490 2911 654 2980">
     <span class='ocr_line' id='line_1_44' title="bbox 490 2911 654 2980; baseline 0 -16"><span class='ocrx_word' id='word_1_329' title='bbox 490 2911 654 2980; x_wconf 83' lang='lat' dir='ltr'><strong>gniti.</strong></span> 
     </span>
    </p>
   </div>
   <div class='ocr_carea' id='block_1_45' title="bbox 561 3001 2090 3077">
    <p class='ocr_par' dir='ltr' id='par_1_45' title="bbox 561 3001 2090 3077">
     <span class='ocr_line' id='line_1_45' title="bbox 561 3001 2090 3077; baseline 0 -20"><span class='ocrx_word' id='word_1_330' title='bbox 561 3004 613 3057; x_wconf 77' lang='grc'><strong>5.</strong></span> <span class='ocrx_word' id='word_1_331' title='bbox 650 3001 751 3057; x_wconf 85' lang='lat' dir='ltr'><strong>Ubi</strong></span> <span class='ocrx_word' id='word_1_332' title='bbox 771 3019 858 3056; x_wconf 88' lang='lat' dir='ltr'><strong>cor</strong></span> <span class='ocrx_word' id='word_1_333' title='bbox 889 3003 992 3066; x_wconf 83' lang='lat' dir='ltr'><strong>hic,</strong></span> <span class='ocrx_word' id='word_1_334' title='bbox 1018 3003 1086 3056; x_wconf 88' lang='lat' dir='ltr'><strong>ibi</strong></span> <span class='ocrx_word' id='word_1_335' title='bbox 1111 3011 1222 3077; x_wconf 73' lang='lat' dir='ltr'><strong>post</strong></span> <span class='ocrx_word' id='word_1_336' title='bbox 1249 3002 1379 3055; x_wconf 83' lang='lat' dir='ltr'><strong>hanc</strong></span> <span class='ocrx_word' id='word_1_337' title='bbox 1403 3003 1554 3056; x_wconf 74' lang='lat' dir='ltr'><strong>vitam</strong></span> <span class='ocrx_word' id='word_1_338' title='bbox 1576 3001 1950 3057; x_wconf 83' lang='lat' dir='ltr'><strong>erit.—Nolite</strong></span> <span class='ocrx_word' id='word_1_339' title='bbox 1981 3008 2090 3057; x_wconf 85' lang='lat' dir='ltr'><strong>tlte-</strong></span> 
     </span>
    </p>
   </div>
   <div class='ocr_carea' id='block_1_46' title="bbox 489 3094 2088 3169">
    <p class='ocr_par' dir='ltr' id='par_1_46' title="bbox 489 3094 2088 3169">
     <span class='ocr_line' id='line_1_46' title="bbox 489 3094 2088 3169; baseline -0.001 -18"><span class='ocrx_word' id='word_1_340' title='bbox 489 3097 755 3152; x_wconf 77' lang='lat' dir='ltr'><strong>saurizare</strong></span> <span class='ocrx_word' id='word_1_341' title='bbox 775 3095 910 3149; x_wconf 80' lang='lat' dir='ltr'><strong>vobis</strong></span> <span class='ocrx_word' id='word_1_342' title='bbox 933 3096 1198 3149; x_wconf 81' lang='lat' dir='ltr'><strong>thesauros</strong></span> <span class='ocrx_word' id='word_1_343' title='bbox 1221 3095 1272 3148; x_wconf 92' lang='lat' dir='ltr'><strong>in</strong></span> <span class='ocrx_word' id='word_1_344' title='bbox 1301 3104 1456 3159; x_wconf 86' lang='lat' dir='ltr'><strong>terra,</strong></span> <span class='ocrx_word' id='word_1_345' title='bbox 1489 3105 1540 3149; x_wconf 91' lang='lat' dir='ltr'><strong>ct</strong></span> <span class='ocrx_word' id='word_1_346' title='bbox 1561 3097 1764 3163; x_wconf 87' lang='lat' dir='ltr'><strong>reliqua</strong></span> <span class='ocrx_word' id='word_1_347' title='bbox 1787 3094 1944 3166; x_wconf 86' lang='lat' dir='ltr'><strong>(Ibid.</strong></span> <span class='ocrx_word' id='word_1_348' title='bbox 1974 3096 2088 3169; x_wconf 77' lang='grc'><strong>19).</strong></span> 
     </span>
    </p>
   </div>
   <div class='ocr_carea' id='block_1_47' title="bbox 2201 1888 3753 1963">
    <p class='ocr_par' dir='ltr' id='par_1_47' title="bbox 2201 1888 3753 1963">
     <span class='ocr_line' id='line_1_47' title="bbox 2201 1888 3753 1963; baseline 0.005 -21"><span class='ocrx_word' id='word_1_349' title='bbox 2201 1898 2311 1942; x_wconf 91' lang='lat' dir='ltr'><strong>tum</strong></span> <span class='ocrx_word' id='word_1_350' title='bbox 2344 1889 2434 1953; x_wconf 86' lang='lat' dir='ltr'><strong>sit;</strong></span> <span class='ocrx_word' id='word_1_351' title='bbox 2461 1888 2605 1957; x_wconf 90' lang='lat' dir='ltr'><strong>quod</strong></span> <span class='ocrx_word' id='word_1_352' title='bbox 2633 1890 2676 1942; x_wconf 90' lang='lat' dir='ltr'><strong>si</strong></span> <span class='ocrx_word' id='word_1_353' title='bbox 2707 1904 2800 1958; x_wconf 91' lang='lat' dir='ltr'><strong>per</strong></span> <span class='ocrx_word' id='word_1_354' title='bbox 2827 1888 3228 1958; x_wconf 86' lang='lat' dir='ltr'><strong>simplicitatem</strong></span> <span class='ocrx_word' id='word_1_355' title='bbox 3259 1892 3501 1963; x_wconf 90' lang='lat' dir='ltr'><strong>spiritus</strong></span> <span class='ocrx_word' id='word_1_356' title='bbox 3524 1895 3753 1950; x_wconf 69' lang='lat' dir='ltr'><strong>reti-ceri-</strong></span> 
     </span>
    </p>
   </div>
   <div class='ocr_carea' id='block_1_48' title="bbox 2195 1982 3660 2055">
    <p class='ocr_par' dir='ltr' id='par_1_48' title="bbox 2195 1982 3660 2055">
     <span class='ocr_line' id='line_1_48' title="bbox 2195 1982 3660 2055; baseline 0.005 -22"><span class='ocrx_word' id='word_1_357' title='bbox 2195 1997 2337 2045; x_wconf 87' lang='lat' dir='ltr'><strong>nuts,</strong></span> <span class='ocrx_word' id='word_1_358' title='bbox 2361 1982 2560 2035; x_wconf 90' lang='lat' dir='ltr'><strong>lumine</strong></span> <span class='ocrx_word' id='word_1_359' title='bbox 2586 1995 2686 2035; x_wconf 86' lang='lat' dir='ltr'><strong>suo</strong></span> <span class='ocrx_word' id='word_1_360' title='bbox 2710 1997 2932 2038; x_wconf 88' lang='lat' dir='ltr'><strong>necesse</strong></span> <span class='ocrx_word' id='word_1_361' title='bbox 2955 1994 3037 2038; x_wconf 89' lang='lat' dir='ltr'><strong>est</strong></span> <span class='ocrx_word' id='word_1_362' title='bbox 3067 1994 3122 2039; x_wconf 91' lang='lat' dir='ltr'><strong>et</strong></span> <span class='ocrx_word' id='word_1_363' title='bbox 3142 2001 3342 2055; x_wconf 89' lang='lat' dir='ltr'><strong>corpus</strong></span> <span class='ocrx_word' id='word_1_364' title='bbox 3373 1986 3660 2042; x_wconf 83' lang='lat' dir='ltr'><strong>illumiaet.</strong></span> 
     </span>
    </p>
   </div>
   <div class='ocr_carea' id='block_1_49' title="bbox 2266 2073 3763 2153">
    <p class='ocr_par' dir='ltr' id='par_1_49' title="bbox 2266 2073 3763 2153">
     <span class='ocr_line' id='line_1_49' title="bbox 2266 2073 3763 2153; baseline 0.006 -26"><span class='ocrx_word' id='word_1_365' title='bbox 2266 2074 2319 2127; x_wconf 84' lang='lat'><strong>5.</strong></span> <span class='ocrx_word' id='word_1_366' title='bbox 2358 2073 2463 2128; x_wconf 88' lang='lat' dir='ltr'><strong>Deo</strong></span> <span class='ocrx_word' id='word_1_367' title='bbox 2485 2085 2532 2128; x_wconf 87' lang='lat' dir='ltr'><strong>et</strong></span> <span class='ocrx_word' id='word_1_368' title='bbox 2556 2078 2746 2131; x_wconf 67' lang='lat' dir='ltr'><strong>siccato</strong></span> <span class='ocrx_word' id='word_1_369' title='bbox 2785 2078 2964 2132; x_wconf 70' lang='grc' dir='ltr'><em>δετυὶνὶ</em></span> <span class='ocrx_word' id='word_1_370' title='bbox 2986 2080 3180 2147; x_wconf 86' lang='lat' dir='ltr'><strong>nequit.</strong></span> <span class='ocrx_word' id='word_1_371' title='bbox 3205 2109 3277 2120; x_wconf 93' lang='lat'><strong>—</strong></span> <span class='ocrx_word' id='word_1_372' title='bbox 3300 2079 3478 2135; x_wconf 84' lang='lat' dir='ltr'><strong>Nemo</strong></span> <span class='ocrx_word' id='word_1_373' title='bbox 3498 2092 3655 2153; x_wconf 70' lang='lat' dir='ltr'><strong>potest</strong></span> <span class='ocrx_word' id='word_1_374' title='bbox 3672 2084 3763 2136; x_wconf 70' lang='lat' dir='ltr'><strong>das-</strong></span> 
     </span>
    </p>
   </div>
   <div class='ocr_carea' id='block_1_50' title="bbox 2200 2166 3764 2243">
    <p class='ocr_par' dir='ltr' id='par_1_50' title="bbox 2200 2166 3764 2243">
     <span class='ocr_line' id='line_1_50' title="bbox 2200 2166 3764 2243; baseline 0.008 -23"><span class='ocrx_word' id='word_1_375' title='bbox 2200 2166 2293 2220; x_wconf 88' lang='lat' dir='ltr'><strong>bus</strong></span> <span class='ocrx_word' id='word_1_376' title='bbox 2328 2169 2550 2223; x_wconf 86' lang='lat' dir='ltr'><strong>dominis</strong></span> <span class='ocrx_word' id='word_1_377' title='bbox 2584 2171 2792 2233; x_wconf 85' lang='lat' dir='ltr'><strong>servire,</strong></span> <span class='ocrx_word' id='word_1_378' title='bbox 2838 2183 2941 2227; x_wconf 90' lang='lat' dir='ltr'><strong>etc.</strong></span> <span class='ocrx_word' id='word_1_379' title='bbox 2969 2172 3135 2243; x_wconf 90' lang='lat' dir='ltr'><strong>(Ibid.</strong></span> <span class='ocrx_word' id='word_1_380' title='bbox 3176 2173 3294 2239; x_wconf 63' lang='lat'><strong>24).</strong></span> <span class='ocrx_word' id='word_1_381' title='bbox 3332 2175 3508 2229; x_wconf 80' lang='lat' dir='ltr'><strong>Datum</strong></span> <span class='ocrx_word' id='word_1_382' title='bbox 3561 2175 3764 2232; x_wconf 70' lang='lat' dir='ltr'><strong>demitto-</strong></span> 
     </span>
    </p>
   </div>
   <div class='ocr_carea' id='block_1_51' title="bbox 2193 2263 3758 2338">
    <p class='ocr_par' dir='ltr' id='par_1_51' title="bbox 2193 2263 3758 2338">
     <span class='ocr_line' id='line_1_51' title="bbox 2193 2263 3758 2338; baseline 0.005 -20"><span class='ocrx_word' id='word_1_383' title='bbox 2193 2278 2311 2318; x_wconf 90' lang='lat' dir='ltr'><strong>rum</strong></span> <span class='ocrx_word' id='word_1_384' title='bbox 2345 2263 2558 2318; x_wconf 89' lang='lat' dir='ltr'><strong>infidele</strong></span> <span class='ocrx_word' id='word_1_385' title='bbox 2592 2265 2870 2320; x_wconf 89' lang='lat' dir='ltr'><strong>servitium</strong></span> <span class='ocrx_word' id='word_1_386' title='bbox 2909 2274 3010 2334; x_wconf 90' lang='lat' dir='ltr'><strong>cst,</strong></span> <span class='ocrx_word' id='word_1_387' title='bbox 3049 2283 3150 2322; x_wconf 86' lang='lat' dir='ltr'><strong>nec</strong></span> <span class='ocrx_word' id='word_1_388' title='bbox 3196 2283 3293 2338; x_wconf 85' lang='lat' dir='ltr'><strong>par</strong></span> <span class='ocrx_word' id='word_1_389' title='bbox 3331 2268 3581 2338; x_wconf 83' lang='lat' dir='ltr'><strong>ejusdem</strong></span> <span class='ocrx_word' id='word_1_390' title='bbox 3621 2278 3758 2338; x_wconf 78' lang='lat' dir='ltr'><strong>potest</strong></span> 
     </span>
    </p>
   </div>
   <div class='ocr_carea' id='block_1_52' title="bbox 2201 2356 3752 2427">
    <p class='ocr_par' dir='ltr' id='par_1_52' title="bbox 2201 2356 3752 2427">
     <span class='ocr_line' id='line_1_52' title="bbox 2201 2356 3752 2427; baseline 0.003 -15"><span class='ocrx_word' id='word_1_391' title='bbox 2201 2371 2322 2412; x_wconf 71' lang='lat' dir='ltr'><strong>esse</strong></span> <span class='ocrx_word' id='word_1_392' title='bbox 2348 2356 2412 2410; x_wconf 86' lang='lat' dir='ltr'><strong>ad</strong></span> <span class='ocrx_word' id='word_1_393' title='bbox 2445 2358 2701 2411; x_wconf 78' lang='lat' dir='ltr'><strong>sacculum</strong></span> <span class='ocrx_word' id='word_1_394' title='bbox 2742 2369 2902 2427; x_wconf 89' lang='lat' dir='ltr'><strong>atque</strong></span> <span class='ocrx_word' id='word_1_395' title='bbox 2947 2359 3012 2414; x_wconf 87' lang='lat' dir='ltr'><strong>ad</strong></span> <span class='ocrx_word' id='word_1_396' title='bbox 3060 2359 3230 2414; x_wconf 84' lang='lat' dir='ltr'><strong>Deum</strong></span> <span class='ocrx_word' id='word_1_397' title='bbox 3274 2375 3428 2415; x_wconf 81' lang='lat' dir='ltr'><strong>cura.</strong></span> <span class='ocrx_word' id='word_1_398' title='bbox 3464 2359 3520 2416; x_wconf 90' lang='lat' dir='ltr'><strong>lu</strong></span> <span class='ocrx_word' id='word_1_399' title='bbox 3564 2362 3752 2416; x_wconf 67' lang='lat' dir='ltr'><strong>alterna</strong></span> 
     </span>
    </p>
   </div>
   <div class='ocr_carea' id='block_1_53' title="bbox 2194 2448 3755 2524">
    <p class='ocr_par' dir='ltr' id='par_1_53' title="bbox 2194 2448 3755 2524">
     <span class='ocr_line' id='line_1_53' title="bbox 2194 2448 3755 2524; baseline 0.004 -21"><span class='ocrx_word' id='word_1_400' title='bbox 2194 2448 2335 2503; x_wconf 88' lang='lat' dir='ltr'><strong>enim</strong></span> <span class='ocrx_word' id='word_1_401' title='bbox 2371 2464 2592 2505; x_wconf 84' lang='lat' dir='ltr'><strong>necesse</strong></span> <span class='ocrx_word' id='word_1_402' title='bbox 2621 2458 2706 2505; x_wconf 91' lang='lat' dir='ltr'><strong>est</strong></span> <span class='ocrx_word' id='word_1_403' title='bbox 2740 2451 2918 2505; x_wconf 83' lang='lat' dir='ltr'><strong>odium</strong></span> <span class='ocrx_word' id='word_1_404' title='bbox 2947 2454 3038 2518; x_wconf 90' lang='lat' dir='ltr'><strong>sit,</strong></span> <span class='ocrx_word' id='word_1_405' title='bbox 3083 2452 3136 2506; x_wconf 92' lang='lat' dir='ltr'><strong>iu</strong></span> <span class='ocrx_word' id='word_1_406' title='bbox 3160 2454 3394 2508; x_wconf 87' lang='lat' dir='ltr'><strong>alterum</strong></span> <span class='ocrx_word' id='word_1_407' title='bbox 3447 2470 3603 2510; x_wconf 86' lang='lat' dir='ltr'><strong>amor</strong></span> <span class='ocrx_word' id='word_1_408' title='bbox 3631 2458 3755 2524; x_wconf 79' lang='lat' dir='ltr'><strong>:qnia</strong></span> 
     </span>
    </p>
   </div>
   <div class='ocr_carea' id='block_1_54' title="bbox 2193 2541 3761 2612">
    <p class='ocr_par' dir='ltr' id='par_1_54' title="bbox 2193 2541 3761 2612">
     <span class='ocr_line' id='line_1_54' title="bbox 2193 2541 3761 2612; baseline 0.004 -16"><span class='ocrx_word' id='word_1_409' title='bbox 2193 2541 2335 2597; x_wconf 91' lang='lat' dir='ltr'><strong>idem</strong></span> <span class='ocrx_word' id='word_1_410' title='bbox 2367 2556 2502 2612; x_wconf 85' lang='lat' dir='ltr'><strong>opus</strong></span> <span class='ocrx_word' id='word_1_411' title='bbox 2526 2543 2755 2598; x_wconf 78' lang='lat' dir='ltr'><strong>diversae</strong></span> <span class='ocrx_word' id='word_1_412' title='bbox 2785 2543 3127 2600; x_wconf 87' lang='lat' dir='ltr'><strong>dominorum</strong></span> <span class='ocrx_word' id='word_1_413' title='bbox 3163 2563 3268 2600; x_wconf 91' lang='lat' dir='ltr'><strong>non</strong></span> <span class='ocrx_word' id='word_1_414' title='bbox 3301 2548 3595 2603; x_wconf 82' lang='lat' dir='ltr'><strong>conveniat</strong></span> <span class='ocrx_word' id='word_1_415' title='bbox 3613 2548 3761 2602; x_wconf 68' lang='lat' dir='ltr'><strong>voleti-</strong></span> 
     </span>
    </p>
   </div>
   <div class='ocr_carea' id='block_1_55' title="bbox 2203 2634 3760 2709">
    <p class='ocr_par' dir='ltr' id='par_1_55' title="bbox 2203 2634 3760 2709">
     <span class='ocr_line' id='line_1_55' title="bbox 2203 2634 3760 2709; baseline 0.007 -23"><span class='ocrx_word' id='word_1_416' title='bbox 2203 2634 2321 2697; x_wconf 88' lang='lat' dir='ltr'><strong>tati,</strong></span> <span class='ocrx_word' id='word_1_417' title='bbox 2353 2649 2449 2688; x_wconf 79' lang='lat' dir='ltr'><strong>nec</strong></span> <span class='ocrx_word' id='word_1_418' title='bbox 2480 2650 2745 2704; x_wconf 87' lang='lat' dir='ltr'><strong>pauperes</strong></span> <span class='ocrx_word' id='word_1_419' title='bbox 2784 2637 2973 2706; x_wconf 89' lang='lat' dir='ltr'><strong>spiritu</strong></span> <span class='ocrx_word' id='word_1_420' title='bbox 3017 2637 3128 2694; x_wconf 91' lang='lat' dir='ltr'><strong>Deo</strong></span> <span class='ocrx_word' id='word_1_421' title='bbox 3172 2639 3458 2709; x_wconf 83' lang='lat' dir='ltr'><strong>placentes</strong></span> <span class='ocrx_word' id='word_1_422' title='bbox 3498 2641 3760 2708; x_wconf 66' lang='lat' dir='ltr'><strong>ambitiosa</strong></span> 
     </span>
    </p>
   </div>
   <div class='ocr_carea' id='block_1_56' title="bbox 2201 2726 3409 2800">
    <p class='ocr_par' dir='ltr' id='par_1_56' title="bbox 2201 2726 3409 2800">
     <span class='ocr_line' id='line_1_56' title="bbox 2201 2726 3409 2800; baseline 0.003 -19"><span class='ocrx_word' id='word_1_423' title='bbox 2201 2727 2383 2782; x_wconf 78' lang='lat' dir='ltr'><strong>saeculi</strong></span> <span class='ocrx_word' id='word_1_424' title='bbox 2419 2726 2574 2797; x_wconf 87' lang='lat' dir='ltr'><strong>hujus</strong></span> <span class='ocrx_word' id='word_1_425' title='bbox 2601 2729 2806 2798; x_wconf 88' lang='lat' dir='ltr'><strong>possint</strong></span> <span class='ocrx_word' id='word_1_426' title='bbox 2831 2731 2938 2800; x_wconf 89' lang='lat' dir='ltr'><strong>apti</strong></span> <span class='ocrx_word' id='word_1_427' title='bbox 2971 2730 3409 2800; x_wconf 76' lang='lat' dir='ltr'><strong>essejactantian.</strong></span> 
     </span>
    </p>
   </div>
   <div class='ocr_carea' id='block_1_57' title="bbox 2275 2821 3757 2898">
    <p class='ocr_par' dir='ltr' id='par_1_57' title="bbox 2275 2821 3757 2898">
     <span class='ocr_line' id='line_1_57' title="bbox 2275 2821 3757 2898; baseline 0.004 -23"><span class='ocrx_word' id='word_1_428' title='bbox 2275 2821 2326 2875; x_wconf 88' lang='lat'><strong>6.</strong></span> <span class='ocrx_word' id='word_1_429' title='bbox 2363 2822 2559 2876; x_wconf 76' lang='lat' dir='ltr'><strong>Sa&#39;culi</strong></span> <span class='ocrx_word' id='word_1_430' title='bbox 2588 2832 2878 2893; x_wconf 87' lang='lat' dir='ltr'><strong>contemptu</strong></span> <span class='ocrx_word' id='word_1_431' title='bbox 2908 2825 3092 2878; x_wconf 69' lang='lat' dir='ltr'><strong>coefum</strong></span> <span class='ocrx_word' id='word_1_432' title='bbox 3114 2842 3275 2879; x_wconf 87' lang='lat' dir='ltr'><strong>unum</strong></span> <span class='ocrx_word' id='word_1_433' title='bbox 3320 2827 3550 2898; x_wconf 69' lang='lat' dir='ltr'><strong>suspiret</strong></span> <span class='ocrx_word' id='word_1_434' title='bbox 3572 2829 3757 2883; x_wconf 68' lang='lat' dir='ltr'><strong>enim.</strong></span> 
     </span>
    </p>
   </div>
   <div class='ocr_carea' id='block_1_58' title="bbox 2194 2912 3760 2990">
    <p class='ocr_par' dir='ltr' id='par_1_58' title="bbox 2194 2912 3760 2990">
     <span class='ocr_line' id='line_1_58' title="bbox 2194 2912 3760 2990; baseline 0.006 -25"><span class='ocrx_word' id='word_1_435' title='bbox 2194 2943 2264 2954; x_wconf 89' lang='lat'><strong>--</strong></span> <span class='ocrx_word' id='word_1_436' title='bbox 2291 2912 2419 2968; x_wconf 83' lang='lat' dir='ltr'><strong>Ideo</strong></span> <span class='ocrx_word' id='word_1_437' title='bbox 2445 2915 2559 2969; x_wconf 87' lang='lat' dir='ltr'><strong>dico</strong></span> <span class='ocrx_word' id='word_1_438' title='bbox 2587 2915 2743 2984; x_wconf 80' lang='lat' dir='ltr'><strong>vobis,</strong></span> <span class='ocrx_word' id='word_1_439' title='bbox 2789 2933 2850 2971; x_wconf 90' lang='lat' dir='ltr'><strong>ne</strong></span> <span class='ocrx_word' id='word_1_440' title='bbox 2894 2918 3121 2988; x_wconf 77' lang='lat' dir='ltr'><strong>cogitetis</strong></span> <span class='ocrx_word' id='word_1_441' title='bbox 3149 2918 3203 2972; x_wconf 87' lang='lat' dir='ltr'><strong>in</strong></span> <span class='ocrx_word' id='word_1_442' title='bbox 3239 2919 3400 2973; x_wconf 79' lang='lat' dir='ltr'><strong>corde</strong></span> <span class='ocrx_word' id='word_1_443' title='bbox 3443 2931 3625 2986; x_wconf 72' lang='lat' dir='ltr'><strong>vestro,</strong></span> <span class='ocrx_word' id='word_1_444' title='bbox 3667 2922 3760 2990; x_wconf 67' lang='grc' dir='ltr'><strong>ςιιέἐ</strong></span> 
     </span>
    </p>
   </div>
   <div class='ocr_carea' id='block_1_59' title="bbox 2195 3007 3756 3086">
    <p class='ocr_par' dir='ltr' id='par_1_59' title="bbox 2195 3007 3756 3086">
     <span class='ocr_line' id='line_1_59' title="bbox 2195 3007 3756 3086; baseline 0.004 -26"><span class='ocrx_word' id='word_1_445' title='bbox 2195 3007 2512 3062; x_wconf 86' lang='lat' dir='ltr'><strong>manducetis</strong></span> <span class='ocrx_word' id='word_1_446' title='bbox 2530 3025 2548 3072; x_wconf 90' lang='lat'><strong><em>;</em></strong></span> <span class='ocrx_word' id='word_1_447' title='bbox 2567 3025 2726 3078; x_wconf 84' lang='lat' dir='ltr'><strong>neque</strong></span> <span class='ocrx_word' id='word_1_448' title='bbox 2740 3011 2940 3079; x_wconf 79' lang='lat' dir='ltr'><strong>corpori</strong></span> <span class='ocrx_word' id='word_1_449' title='bbox 2962 3020 3145 3074; x_wconf 87' lang='lat' dir='ltr'><strong>vestro,</strong></span> <span class='ocrx_word' id='word_1_450' title='bbox 3173 3011 3303 3080; x_wconf 86' lang='lat' dir='ltr'><strong>quid</strong></span> <span class='ocrx_word' id='word_1_451' title='bbox 3335 3012 3584 3066; x_wconf 70' lang='lat' dir='ltr'><strong>bestiolis.</strong></span> 
     </span>
    </p>
   </div>
   <div class='ocr_carea' id='block_1_60' title="bbox 2194 3087 3751 3174">
    <p class='ocr_par' dir='ltr' id='par_1_60' title="bbox 2194 3087 3751 3174">
     <span class='ocr_line' id='line_1_60' title="bbox 2194 3087 3751 3174; baseline 0.002 -21"><span class='ocrx_word' id='word_1_452' title='bbox 2194 3100 2368 3153; x_wconf 84' lang='lat' dir='ltr'><strong>anima</strong></span> <span class='ocrx_word' id='word_1_453' title='bbox 2395 3109 2557 3152; x_wconf 80' lang='lat' dir='ltr'><strong>vestra</strong></span> <span class='ocrx_word' id='word_1_454' title='bbox 2588 3099 2755 3169; x_wconf 81' lang='lat' dir='ltr'><strong>pluris</strong></span> <span class='ocrx_word' id='word_1_455' title='bbox 2784 3108 2859 3154; x_wconf 81' lang='lat' dir='ltr'><strong>est</strong></span> <span class='ocrx_word' id='word_1_456' title='bbox 2885 3117 3039 3171; x_wconf 84' lang='lat' dir='ltr'><strong>quam</strong></span> <span class='ocrx_word' id='word_1_457' title='bbox 3069 3117 3205 3164; x_wconf 84' lang='lat' dir='ltr'><strong>esca,</strong></span> <span class='ocrx_word' id='word_1_458' title='bbox 3239 3112 3285 3155; x_wconf 85' lang='lat' dir='ltr'><strong>et</strong></span> <span class='ocrx_word' id='word_1_459' title='bbox 3317 3119 3512 3170; x_wconf 76' lang='lat' dir='ltr'><strong>corpus</strong></span> <span class='ocrx_word' id='word_1_460' title='bbox 3537 3087 3751 3174; x_wconf 67' lang='lat' dir='ltr'><strong>plurim:</strong></span> 
     </span>
    </p>
   </div>
   <div class='ocr_carea' id='block_1_61' title="bbox 493 3183 3752 3266">
    <p class='ocr_par' dir='ltr' id='par_1_61' title="bbox 493 3183 3752 3266">
     <span class='ocr_line' id='line_1_61' title="bbox 493 3183 3752 3266; baseline 0.002 -20"><span class='ocrx_word' id='word_1_461' title='bbox 493 3190 863 3248; x_wconf 72' lang='lat' dir='ltr'><strong>Practermissa</strong></span> <span class='ocrx_word' id='word_1_462' title='bbox 894 3189 1053 3260; x_wconf 82' lang='lat' dir='ltr'><strong>igitur</strong></span> <span class='ocrx_word' id='word_1_463' title='bbox 1095 3187 1343 3243; x_wconf 82' lang='lat' dir='ltr'><strong>humanae</strong></span> <span class='ocrx_word' id='word_1_464' title='bbox 1368 3187 1554 3258; x_wconf 78' lang='lat' dir='ltr'><strong>gloriae</strong></span> <span class='ocrx_word' id='word_1_465' title='bbox 1582 3198 1635 3243; x_wconf 89' lang='lat' dir='ltr'><strong>et</strong></span> <span class='ocrx_word' id='word_1_466' title='bbox 1663 3189 1952 3258; x_wconf 73' lang='lat' dir='ltr'><strong>opulentia:</strong></span> <span class='ocrx_word' id='word_1_467' title='bbox 1979 3190 2086 3245; x_wconf 89' lang='lat' dir='ltr'><strong>sol-</strong></span> <span class='ocrx_word' id='word_1_468' title='bbox 2113 3183 2158 3246; x_wconf 89' lang='lat' dir='ltr'><strong><em>C</em></strong></span> <span class='ocrx_word' id='word_1_469' title='bbox 2191 3210 2345 3265; x_wconf 87' lang='lat' dir='ltr'><strong>quam</strong></span> <span class='ocrx_word' id='word_1_470' title='bbox 2386 3194 2735 3248; x_wconf 84' lang='lat' dir='ltr'><strong>vestimentum</strong></span> <span class='ocrx_word' id='word_1_471' title='bbox 2768 3192 2933 3265; x_wconf 87' lang='lat' dir='ltr'><strong>(Ibid.</strong></span> <span class='ocrx_word' id='word_1_472' title='bbox 2966 3194 3060 3264; x_wconf 69' lang='grc'><strong>25)</strong></span> <span class='ocrx_word' id='word_1_473' title='bbox 3087 3194 3111 3248; x_wconf 84' lang='lat'><strong>?</strong></span> <span class='ocrx_word' id='word_1_474' title='bbox 3146 3195 3541 3266; x_wconf 88' lang='lat' dir='ltr'><strong>Contemptum</strong></span> <span class='ocrx_word' id='word_1_475' title='bbox 3591 3198 3752 3258; x_wconf 66' lang='lat' dir='ltr'><strong>sculi,</strong></span> 
     </span>
    </p>
   </div>
   <div class='ocr_carea' id='block_1_62' title="bbox 488 3282 2084 3353">
    <p class='ocr_par' dir='ltr' id='par_1_62' title="bbox 488 3282 2084 3353">
     <span class='ocr_line' id='line_1_62' title="bbox 488 3282 2084 3353; baseline -0.001 -12"><span class='ocrx_word' id='word_1_476' title='bbox 488 3284 791 3348; x_wconf 86' lang='lat' dir='ltr'><strong>licitudiue,</strong></span> <span class='ocrx_word' id='word_1_477' title='bbox 841 3297 1055 3338; x_wconf 91' lang='lat' dir='ltr'><strong>omnem</strong></span> <span class='ocrx_word' id='word_1_478' title='bbox 1089 3282 1331 3349; x_wconf 85' lang='lat' dir='ltr'><strong>placendi</strong></span> <span class='ocrx_word' id='word_1_479' title='bbox 1378 3283 1488 3336; x_wconf 87' lang='lat' dir='ltr'><strong>Deo</strong></span> <span class='ocrx_word' id='word_1_480' title='bbox 1525 3297 1708 3344; x_wconf 84' lang='lat' dir='ltr'><strong>curam</strong></span> <span class='ocrx_word' id='word_1_481' title='bbox 1740 3283 1877 3338; x_wconf 91' lang='lat' dir='ltr'><strong>sumi</strong></span> <span class='ocrx_word' id='word_1_482' title='bbox 1917 3299 2084 3353; x_wconf 91' lang='lat' dir='ltr'><strong>opor-</strong></span> 
     </span>
    </p>
   </div>
   <div class='ocr_carea' id='block_1_63' title="bbox 489 3376 2086 3449">
    <p class='ocr_par' dir='ltr' id='par_1_63' title="bbox 489 3376 2086 3449">
     <span class='ocr_line' id='line_1_63' title="bbox 489 3376 2086 3449; baseline -0.001 -14"><span class='ocrx_word' id='word_1_483' title='bbox 489 3390 602 3435; x_wconf 78' lang='lat' dir='ltr'><strong>tere</strong></span> <span class='ocrx_word' id='word_1_484' title='bbox 632 3379 966 3433; x_wconf 88' lang='lat' dir='ltr'><strong>demonstrat</strong></span> <span class='ocrx_word' id='word_1_485' title='bbox 997 3394 1008 3429; x_wconf 90' lang='lat'><strong>:</strong></span> <span class='ocrx_word' id='word_1_486' title='bbox 1037 3377 1159 3446; x_wconf 88' lang='lat' dir='ltr'><strong>quia</strong></span> <span class='ocrx_word' id='word_1_487' title='bbox 1195 3377 1483 3430; x_wconf 87' lang='lat' dir='ltr'><strong>lnunanam</strong></span> <span class='ocrx_word' id='word_1_488' title='bbox 1514 3376 1725 3431; x_wconf 92' lang='lat' dir='ltr'><strong>laudem</strong></span> <span class='ocrx_word' id='word_1_489' title='bbox 1759 3377 1840 3432; x_wconf 90' lang='lat' dir='ltr'><strong>vel</strong></span> <span class='ocrx_word' id='word_1_490' title='bbox 1879 3393 2086 3449; x_wconf 88' lang='lat' dir='ltr'><strong>corpo-</strong></span> 
     </span>
    </p>
   </div>
   <div class='ocr_carea' id='block_1_64' title="bbox 490 3467 2088 3539">
    <p class='ocr_par' dir='ltr' id='par_1_64' title="bbox 490 3467 2088 3539">
     <span class='ocr_line' id='line_1_64' title="bbox 490 3467 2088 3539; baseline -0.001 -13"><span class='ocrx_word' id='word_1_491' title='bbox 490 3487 608 3526; x_wconf 87' lang='lat' dir='ltr'><strong>rum</strong></span> <span class='ocrx_word' id='word_1_492' title='bbox 638 3469 787 3533; x_wconf 87' lang='lat' dir='ltr'><strong>vitia,</strong></span> <span class='ocrx_word' id='word_1_493' title='bbox 821 3467 905 3523; x_wconf 84' lang='lat' dir='ltr'><strong>vel</strong></span> <span class='ocrx_word' id='word_1_494' title='bbox 930 3467 1254 3522; x_wconf 87' lang='lat' dir='ltr'><strong>obtrectatio</strong></span> <span class='ocrx_word' id='word_1_495' title='bbox 1277 3467 1628 3522; x_wconf 89' lang='lat' dir='ltr'><strong>invidentium</strong></span> <span class='ocrx_word' id='word_1_496' title='bbox 1656 3479 2008 3539; x_wconf 88' lang='lat' dir='ltr'><strong>corrumpat;</strong></span> <span class='ocrx_word' id='word_1_497' title='bbox 2033 3480 2088 3524; x_wconf 90' lang='lat' dir='ltr'><strong>et</strong></span> 
     </span>
    </p>
   </div>
   <div class='ocr_carea' id='block_1_65' title="bbox 493 3557 2087 3631">
    <p class='ocr_par' dir='ltr' id='par_1_65' title="bbox 493 3557 2087 3631">
     <span class='ocr_line' id='line_1_65' title="bbox 493 3557 2087 3631; baseline 0 -13"><span class='ocrx_word' id='word_1_498' title='bbox 493 3564 582 3620; x_wconf 91' lang='lat' dir='ltr'><strong>hic</strong></span> <span class='ocrx_word' id='word_1_499' title='bbox 609 3563 894 3618; x_wconf 88' lang='lat' dir='ltr'><strong>thesaurus</strong></span> <span class='ocrx_word' id='word_1_500' title='bbox 932 3561 1194 3630; x_wconf 80' lang='lat' dir='ltr'><strong>pecuniae,</strong></span> <span class='ocrx_word' id='word_1_501' title='bbox 1224 3570 1313 3614; x_wconf 90' lang='lat' dir='ltr'><strong>aut</strong></span> <span class='ocrx_word' id='word_1_502' title='bbox 1336 3557 1676 3617; x_wconf 79' lang='lat' dir='ltr'><strong>detrimento</strong></span> <span class='ocrx_word' id='word_1_503' title='bbox 1723 3563 1791 3615; x_wconf 76' lang='lat' dir='ltr'><strong>sit</strong></span> <span class='ocrx_word' id='word_1_504' title='bbox 1818 3563 2087 3631; x_wconf 89' lang='lat' dir='ltr'><strong>periculo-</strong></span> 
     </span>
    </p>
   </div>
   <div class='ocr_carea' id='block_1_66' title="bbox 490 3651 2081 3722">
    <p class='ocr_par' dir='ltr' id='par_1_66' title="bbox 490 3651 2081 3722">
     <span class='ocr_line' id='line_1_66' title="bbox 490 3651 2081 3722; baseline 0 -11"><span class='ocrx_word' id='word_1_505' title='bbox 490 3672 607 3720; x_wconf 83' lang='lat' dir='ltr'><strong>sus,</strong></span> <span class='ocrx_word' id='word_1_506' title='bbox 655 3666 746 3710; x_wconf 88' lang='lat' dir='ltr'><strong>aut</strong></span> <span class='ocrx_word' id='word_1_507' title='bbox 776 3654 936 3709; x_wconf 88' lang='lat' dir='ltr'><strong>furto.</strong></span> <span class='ocrx_word' id='word_1_508' title='bbox 973 3651 1241 3708; x_wconf 80' lang='lat' dir='ltr'><strong>Caeterum</strong></span> <span class='ocrx_word' id='word_1_509' title='bbox 1295 3655 1409 3710; x_wconf 88' lang='lat' dir='ltr'><strong>laus</strong></span> <span class='ocrx_word' id='word_1_510' title='bbox 1453 3655 1690 3710; x_wconf 73' lang='lat' dir='ltr'><strong>cmlestis</strong></span> <span class='ocrx_word' id='word_1_511' title='bbox 1729 3663 1927 3710; x_wconf 84' lang='lat' dir='ltr'><strong>acterna</strong></span> <span class='ocrx_word' id='word_1_512' title='bbox 1977 3666 2081 3722; x_wconf 90' lang='lat' dir='ltr'><strong>cst,</strong></span> 
     </span>
    </p>
   </div>
   <div class='ocr_carea' id='block_1_67' title="bbox 494 3747 2090 3816">
    <p class='ocr_par' dir='ltr' id='par_1_67' title="bbox 494 3747 2090 3816">
     <span class='ocr_line' id='line_1_67' title="bbox 494 3747 2090 3816; baseline -0.001 -11"><span class='ocrx_word' id='word_1_513' title='bbox 494 3765 598 3805; x_wconf 91' lang='lat' dir='ltr'><strong>nec</strong></span> <span class='ocrx_word' id='word_1_514' title='bbox 621 3747 964 3816; x_wconf 85' lang='lat' dir='ltr'><strong>subrepcnlis</strong></span> <span class='ocrx_word' id='word_1_515' title='bbox 987 3747 1128 3801; x_wconf 88' lang='lat' dir='ltr'><strong>furto</strong></span> <span class='ocrx_word' id='word_1_516' title='bbox 1157 3747 1541 3811; x_wconf 84' lang='lat' dir='ltr'><strong>subtrahenda,</strong></span> <span class='ocrx_word' id='word_1_517' title='bbox 1573 3763 1672 3803; x_wconf 87' lang='lat' dir='ltr'><strong>nec</strong></span> <span class='ocrx_word' id='word_1_518' title='bbox 1701 3747 1846 3802; x_wconf 86' lang='lat' dir='ltr'><strong>tinea</strong></span> <span class='ocrx_word' id='word_1_519' title='bbox 1871 3758 1965 3803; x_wconf 91' lang='lat' dir='ltr'><strong>aut</strong></span> <span class='ocrx_word' id='word_1_520' title='bbox 1995 3766 2090 3804; x_wconf 83' lang='lat' dir='ltr'><strong>ru-</strong></span> 
     </span>
    </p>
   </div>
   <div class='ocr_carea' id='block_1_68' title="bbox 489 3840 2088 3915">
    <p class='ocr_par' dir='ltr' id='par_1_68' title="bbox 489 3840 2088 3915">
     <span class='ocr_line' id='line_1_68' title="bbox 489 3840 2088 3915; baseline -0.001 -17"><span class='ocrx_word' id='word_1_521' title='bbox 489 3843 671 3915; x_wconf 87' lang='lat' dir='ltr'><strong>bigine</strong></span> <span class='ocrx_word' id='word_1_522' title='bbox 709 3841 925 3905; x_wconf 83' lang='lat' dir='ltr'><strong>invidiae</strong></span> <span class='ocrx_word' id='word_1_523' title='bbox 967 3840 1242 3895; x_wconf 77' lang='lat' dir='ltr'><strong>exedenda</strong></span> <span class='ocrx_word' id='word_1_524' title='bbox 1271 3858 1282 3892; x_wconf 94' lang='lat'><strong>:</strong></span> <span class='ocrx_word' id='word_1_525' title='bbox 1311 3841 1475 3895; x_wconf 89' lang='lat' dir='ltr'><strong>corde</strong></span> <span class='ocrx_word' id='word_1_526' title='bbox 1518 3850 1704 3894; x_wconf 91' lang='lat' dir='ltr'><strong>nostro</strong></span> <span class='ocrx_word' id='word_1_527' title='bbox 1744 3841 1925 3897; x_wconf 89' lang='lat' dir='ltr'><strong>sedem</strong></span> <span class='ocrx_word' id='word_1_528' title='bbox 1966 3843 2088 3898; x_wconf 83' lang='lat' dir='ltr'><strong>tlte-</strong></span> 
     </span>
    </p>
   </div>
   <div class='ocr_carea' id='block_1_69' title="bbox 493 3932 2090 4007">
    <p class='ocr_par' dir='ltr' id='par_1_69' title="bbox 493 3932 2090 4007">
     <span class='ocr_line' id='line_1_69' title="bbox 493 3932 2090 4007; baseline -0.001 -15"><span class='ocrx_word' id='word_1_529' title='bbox 493 3936 640 3993; x_wconf 88' lang='lat' dir='ltr'><strong>sauri</strong></span> <span class='ocrx_word' id='word_1_530' title='bbox 667 3943 842 3990; x_wconf 89' lang='lat' dir='ltr'><strong>utram</strong></span> <span class='ocrx_word' id='word_1_531' title='bbox 868 3935 937 3988; x_wconf 89' lang='lat' dir='ltr'><strong>sit</strong></span> <span class='ocrx_word' id='word_1_532' title='bbox 965 3933 1033 4007; x_wconf 75' lang='lat' dir='ltr'><strong>(e)</strong></span> <span class='ocrx_word' id='word_1_533' title='bbox 1067 3944 1310 3987; x_wconf 90' lang='lat' dir='ltr'><strong>secutum</strong></span> <span class='ocrx_word' id='word_1_534' title='bbox 1345 3932 1616 3998; x_wconf 89' lang='lat' dir='ltr'><strong>habituro,</strong></span> <span class='ocrx_word' id='word_1_535' title='bbox 1640 3943 1692 3988; x_wconf 90' lang='lat' dir='ltr'><strong>et</strong></span> <span class='ocrx_word' id='word_1_536' title='bbox 1721 3933 2090 4006; x_wconf 76' lang='lat' dir='ltr'><strong>intelligentia:</strong></span> 
     </span>
    </p>
   </div>
   <div class='ocr_carea' id='block_1_70' title="bbox 491 4023 2093 4095">
    <p class='ocr_par' dir='ltr' id='par_1_70' title="bbox 491 4023 2093 4095">
     <span class='ocr_line' id='line_1_70' title="bbox 491 4023 2093 4095; baseline -0.001 -10"><span class='ocrx_word' id='word_1_537' title='bbox 491 4038 694 4085; x_wconf 80' lang='lat' dir='ltr'><strong>nostrae</strong></span> <span class='ocrx_word' id='word_1_538' title='bbox 725 4027 925 4083; x_wconf 88' lang='lat' dir='ltr'><strong>lumine</strong></span> <span class='ocrx_word' id='word_1_539' title='bbox 953 4036 1042 4080; x_wconf 88' lang='lat' dir='ltr'><strong>aut</strong></span> <span class='ocrx_word' id='word_1_540' title='bbox 1073 4040 1191 4080; x_wconf 90' lang='lat' dir='ltr'><strong>cum</strong></span> <span class='ocrx_word' id='word_1_541' title='bbox 1237 4024 1458 4095; x_wconf 72' lang='lat' dir='ltr'><strong>pet-unia</strong></span> <span class='ocrx_word' id='word_1_542' title='bbox 1484 4023 1741 4081; x_wconf 86' lang='lat' dir='ltr'><strong>damnosa</strong></span> <span class='ocrx_word' id='word_1_543' title='bbox 1771 4025 1968 4095; x_wconf 91' lang='lat' dir='ltr'><strong>futuro,</strong></span> <span class='ocrx_word' id='word_1_544' title='bbox 1999 4038 2093 4084; x_wconf 88' lang='lat' dir='ltr'><strong>aut</strong></span> 
     </span>
    </p>
   </div>
   <div class='ocr_carea' id='block_1_71' title="bbox 489 4119 1128 4191">
    <p class='ocr_par' dir='ltr' id='par_1_71' title="bbox 489 4119 1128 4191">
     <span class='ocr_line' id='line_1_71' title="bbox 489 4119 1128 4191; baseline -0.009 -13"><span class='ocrx_word' id='word_1_545' title='bbox 489 4139 610 4179; x_wconf 93' lang='lat' dir='ltr'><strong>cum</strong></span> <span class='ocrx_word' id='word_1_546' title='bbox 640 4123 750 4178; x_wconf 90' lang='lat' dir='ltr'><strong>Deo</strong></span> <span class='ocrx_word' id='word_1_547' title='bbox 777 4119 1128 4191; x_wconf 88' lang='lat' dir='ltr'><strong>sempiterno.</strong></span> 
     </span>
    </p>
   </div>
   <div class='ocr_carea' id='block_1_72' title="bbox 567 4281 2090 4364">
    <p class='ocr_par' dir='ltr' id='par_1_72' title="bbox 567 4281 2090 4364">
     <span class='ocr_line' id='line_1_72' title="bbox 567 4281 2090 4364; baseline -0.004 -20"><span class='ocrx_word' id='word_1_548' title='bbox 567 4291 639 4364; x_wconf 15' lang='grc' dir='ltr'><strong>(αν)</strong></span> <span class='ocrx_word' id='word_1_549' title='bbox 660 4291 723 4364; x_wconf 79' lang='lat' dir='ltr'><strong>lu</strong></span> <span class='ocrx_word' id='word_1_550' title='bbox 754 4303 900 4364; x_wconf 87' lang='lat' dir='ltr'><strong>mss._</strong></span> <span class='ocrx_word' id='word_1_551' title='bbox 921 4288 1018 4364; x_wconf 83' lang='lat' dir='ltr'><strong>hic</strong></span> <span class='ocrx_word' id='word_1_552' title='bbox 1046 4283 1435 4364; x_wconf 36' lang='lat' dir='ltr'><strong>dumtaitathit</strong></span> <span class='ocrx_word' id='word_1_553' title='bbox 1471 4282 1682 4337; x_wconf 88' lang='lat' dir='ltr'><strong>initium</strong></span> <span class='ocrx_word' id='word_1_554' title='bbox 1712 4281 1984 4364; x_wconf 71' lang='lat' dir='ltr'><strong>capitis</strong></span> <span class='ocrx_word' id='word_1_555' title='bbox 2017 4283 2090 4364; x_wconf 73' lang='lat' dir='ltr'><strong>Ut</strong></span> 
     </span>
    </p>
   </div>
   <div class='ocr_carea' id='block_1_73' title="bbox 495 4355 2088 4428">
    <p class='ocr_par' dir='ltr' id='par_1_73' title="bbox 495 4355 2088 4428">
     <span class='ocr_line' id='line_1_73' title="bbox 495 4355 2088 4428; baseline -0.004 -10"><span class='ocrx_word' id='word_1_556' title='bbox 495 4355 585 4418; x_wconf 75' lang='lat' dir='ltr'><strong>hic</strong></span> <span class='ocrx_word' id='word_1_557' title='bbox 611 4355 858 4423; x_wconf 74' lang='lat' dir='ltr'><strong>Hilarius,</strong></span> <span class='ocrx_word' id='word_1_558' title='bbox 891 4361 965 4428; x_wconf 84' lang='lat' dir='ltr'><strong>ita</strong></span> <span class='ocrx_word' id='word_1_559' title='bbox 995 4357 1312 4428; x_wconf 84' lang='lat' dir='ltr'><strong>Ambrosius</strong></span> <span class='ocrx_word' id='word_1_560' title='bbox 1332 4355 1535 4428; x_wconf 2' lang='lat' dir='ltr'><strong>(Lucam</strong></span> <span class='ocrx_word' id='word_1_561' title='bbox 1557 4355 1882 4426; x_wconf 81' lang='lat' dir='ltr'><strong>exponendo</strong></span> <span class='ocrx_word' id='word_1_562' title='bbox 1912 4356 2088 4411; x_wconf 90' lang='lat' dir='ltr'><strong>domi-</strong></span> 
     </span>
    </p>
   </div>
   <div class='ocr_carea' id='block_1_74' title="bbox 493 4426 1390 4498">
    <p class='ocr_par' dir='ltr' id='par_1_74' title="bbox 493 4426 1390 4498">
     <span class='ocr_line' id='line_1_74' title="bbox 493 4426 1390 4498; baseline -0.011 -9"><span class='ocrx_word' id='word_1_563' title='bbox 493 4435 667 4489; x_wconf 88' lang='lat' dir='ltr'><strong>nicatn</strong></span> <span class='ocrx_word' id='word_1_564' title='bbox 697 4426 990 4486; x_wconf 85' lang='lat' dir='ltr'><strong>orationem</strong></span> <span class='ocrx_word' id='word_1_565' title='bbox 1025 4426 1390 4498; x_wconf 63' lang='lat' dir='ltr'><strong>praetermisit.</strong></span> 
     </span>
    </p>
   </div>
   <div class='ocr_carea' id='block_1_75' title="bbox 569 4496 2083 4574">
    <p class='ocr_par' dir='ltr' id='par_1_75' title="bbox 569 4496 2083 4574">
     <span class='ocr_line' id='line_1_75' title="bbox 569 4496 2083 4574; baseline -0.003 -17"><span class='ocrx_word' id='word_1_566' title='bbox 569 4502 645 4574; x_wconf 92' lang='lat' dir='ltr'><strong>(b)</strong></span> <span class='ocrx_word' id='word_1_567' title='bbox 679 4501 830 4561; x_wconf 84' lang='lat' dir='ltr'><strong>Bad..</strong></span> <span class='ocrx_word' id='word_1_568' title='bbox 863 4503 953 4556; x_wconf 87' lang='lat' dir='ltr'><strong>Er.</strong></span> <span class='ocrx_word' id='word_1_569' title='bbox 996 4496 1053 4555; x_wconf 80' lang='lat' dir='ltr'><strong>et</strong></span> <span class='ocrx_word' id='word_1_570' title='bbox 1077 4499 1223 4574; x_wconf 79' lang='lat' dir='ltr'><strong>Lips.</strong></span> <span class='ocrx_word' id='word_1_571' title='bbox 1258 4497 1459 4574; x_wconf 59' lang='lat' dir='ltr'><strong>inedire.</strong></span> <span class='ocrx_word' id='word_1_572' title='bbox 1505 4496 1576 4553; x_wconf 86' lang='lat' dir='ltr'><strong>At</strong></span> <span class='ocrx_word' id='word_1_573' title='bbox 1601 4497 1726 4574; x_wconf 79' lang='lat' dir='ltr'><strong>Par.</strong></span> <span class='ocrx_word' id='word_1_574' title='bbox 1755 4514 1876 4554; x_wconf 90' lang='lat' dir='ltr'><strong>cum</strong></span> <span class='ocrx_word' id='word_1_575' title='bbox 1909 4498 2083 4553; x_wconf 90' lang='lat' dir='ltr'><strong>omui-</strong></span> 
     </span>
    </p>
   </div>
   <div class='ocr_carea' id='block_1_76' title="bbox 494 4569 2166 4657">
    <p class='ocr_par' dir='ltr' id='par_1_76' title="bbox 494 4569 2166 4657">
     <span class='ocr_line' id='line_1_76' title="bbox 494 4569 2166 4657; baseline -0.004 -26"><span class='ocrx_word' id='word_1_576' title='bbox 494 4569 595 4657; x_wconf 79' lang='lat' dir='ltr'><strong>bus</strong></span> <span class='ocrx_word' id='word_1_577' title='bbox 625 4569 754 4656; x_wconf 73' lang='lat' dir='ltr'><strong>mss.</strong></span> <span class='ocrx_word' id='word_1_578' title='bbox 793 4573 1039 4654; x_wconf 70' lang='lat' dir='ltr'><strong>injuriae:</strong></span> <span class='ocrx_word' id='word_1_579' title='bbox 1067 4570 1210 4642; x_wconf 87' lang='lat' dir='ltr'><strong>quod</strong></span> <span class='ocrx_word' id='word_1_580' title='bbox 1247 4571 1504 4626; x_wconf 87' lang='lat' dir='ltr'><strong>mendose</strong></span> <span class='ocrx_word' id='word_1_581' title='bbox 1546 4569 1805 4640; x_wconf 84' lang='lat' dir='ltr'><strong>scriptum</strong></span> <span class='ocrx_word' id='word_1_582' title='bbox 1836 4580 2081 4641; x_wconf 87' lang='lat' dir='ltr'><strong>putamus</strong></span> <span class='ocrx_word' id='word_1_583' title='bbox 2111 4596 2166 4657; x_wconf 77' lang='grc' dir='ltr'><strong>Ι)</strong></span> 
     </span>
    </p>
   </div>
   <div class='ocr_carea' id='block_1_77' title="bbox 491 4645 867 4705">
    <p class='ocr_par' dir='ltr' id='par_1_77' title="bbox 491 4645 867 4705">
     <span class='ocr_line' id='line_1_77' title="bbox 491 4645 867 4705; baseline -0.021 1"><span class='ocrx_word' id='word_1_584' title='bbox 491 4649 613 4705; x_wconf 88' lang='lat' dir='ltr'><strong>loco</strong></span> <span class='ocrx_word' id='word_1_585' title='bbox 639 4645 867 4699; x_wconf 76' lang='lat' dir='ltr'><strong>incuriw.</strong></span> 
     </span>
    </p>
   </div>
   <div class='ocr_carea' id='block_1_78' title="bbox 569 4713 2086 4793">
    <p class='ocr_par' dir='ltr' id='par_1_78' title="bbox 569 4713 2086 4793">
     <span class='ocr_line' id='line_1_78' title="bbox 569 4713 2086 4793; baseline -0.001 -21"><span class='ocrx_word' id='word_1_586' title='bbox 569 4715 640 4793; x_wconf 78' lang='grc' dir='ltr'><strong>(ε)</strong></span> <span class='ocrx_word' id='word_1_587' title='bbox 662 4716 765 4793; x_wconf 71' lang='lat' dir='ltr'><strong>llic</strong></span> <span class='ocrx_word' id='word_1_588' title='bbox 809 4715 998 4793; x_wconf 62' lang='lat' dir='ltr'><strong>supple</strong></span> <span class='ocrx_word' id='word_1_589' title='bbox 1028 4713 1120 4793; x_wconf 66' lang='lat' dir='ltr'><strong>Dei</strong></span> <span class='ocrx_word' id='word_1_590' title='bbox 1159 4713 1494 4793; x_wconf 74' lang='lat' dir='ltr'><strong>vocabulum.</strong></span> <span class='ocrx_word' id='word_1_591' title='bbox 1517 4713 1655 4793; x_wconf 42' lang='lat' dir='ltr'><strong>alarm.</strong></span> <span class='ocrx_word' id='word_1_592' title='bbox 1683 4713 1824 4768; x_wconf 91' lang='lat' dir='ltr'><strong>enim</strong></span> <span class='ocrx_word' id='word_1_593' title='bbox 1860 4713 2086 4781; x_wconf 80' lang='lat' dir='ltr'><strong>legimus</strong></span> 
     </span>
    </p>
   </div>
   <div class='ocr_carea' id='block_1_79' title="bbox 494 4784 2081 4861">
    <p class='ocr_par' dir='ltr' id='par_1_79' title="bbox 494 4784 2081 4861">
     <span class='ocr_line' id='line_1_79' title="bbox 494 4784 2081 4861; baseline -0.001 -21"><span class='ocrx_word' id='word_1_594' title='bbox 494 4784 704 4861; x_wconf 51' lang='lat' dir='ltr'><strong>c3554,</strong></span> <span class='ocrx_word' id='word_1_595' title='bbox 733 4804 787 4843; x_wconf 91' lang='grc' dir='ltr'><strong>ιι.</strong></span> <span class='ocrx_word' id='word_1_596' title='bbox 818 4786 850 4841; x_wconf 88' lang='grc'><strong>7</strong></span> <span class='ocrx_word' id='word_1_597' title='bbox 879 4784 999 4861; x_wconf 77' lang='lat' dir='ltr'><strong>:_eos</strong></span> <span class='ocrx_word' id='word_1_598' title='bbox 1043 4786 1171 4861; x_wconf 71' lang='lat' dir='ltr'><strong>nisui</strong></span> <span class='ocrx_word' id='word_1_599' title='bbox 1206 4796 1252 4841; x_wconf 82' lang='lat' dir='ltr'><strong>et</strong></span> <span class='ocrx_word' id='word_1_600' title='bbox 1295 4786 1529 4861; x_wconf 82' lang='lat' dir='ltr'><strong>occursui</strong></span> <span class='ocrx_word' id='word_1_601' title='bbox 1561 4784 1655 4861; x_wconf 72' lang='lat' dir='ltr'><strong>Dei</strong></span> <span class='ocrx_word' id='word_1_602' title='bbox 1698 4801 1804 4839; x_wconf 85' lang='lat' dir='ltr'><strong>esse</strong></span> <span class='ocrx_word' id='word_1_603' title='bbox 1833 4795 2081 4861; x_wconf 78' lang='lat' dir='ltr'><strong>patentes.</strong></span> 
     </span>
    </p>
   </div>
   <div class='ocr_carea' id='block_1_80' title="bbox 493 4858 2087 4932">
    <p class='ocr_par' dir='ltr' id='par_1_80' title="bbox 493 4858 2087 4932">
     <span class='ocr_line' id='line_1_80' title="bbox 493 4858 2087 4932; baseline -0.004 -15"><span class='ocrx_word' id='word_1_604' title='bbox 493 4858 676 4932; x_wconf 83' lang='lat' dir='ltr'><strong>quibus</strong></span> <span class='ocrx_word' id='word_1_605' title='bbox 708 4877 797 4926; x_wconf 86' lang='lat' dir='ltr'><strong>per</strong></span> <span class='ocrx_word' id='word_1_606' title='bbox 822 4859 980 4932; x_wconf 81' lang='lat' dir='ltr'><strong>animi</strong></span> <span class='ocrx_word' id='word_1_607' title='bbox 1003 4859 1214 4932; x_wconf 81' lang='lat' dir='ltr'><strong>nitorem</strong></span> <span class='ocrx_word' id='word_1_608' title='bbox 1243 4875 1302 4911; x_wconf 88' lang='lat' dir='ltr'><strong>ac</strong></span> <span class='ocrx_word' id='word_1_609' title='bbox 1331 4859 1446 4932; x_wconf 67' lang='lat' dir='ltr'><strong>vitae</strong></span> <span class='ocrx_word' id='word_1_610' title='bbox 1473 4858 1743 4932; x_wconf 78' lang='lat' dir='ltr'><strong>puritatem</strong></span> <span class='ocrx_word' id='word_1_611' title='bbox 1774 4865 1993 4932; x_wconf 77' lang='lat' dir='ltr'><strong>potestas</strong></span> <span class='ocrx_word' id='word_1_612' title='bbox 2020 4859 2087 4932; x_wconf 79' lang='lat' dir='ltr'><strong>sit</strong></span> 
     </span>
    </p>
   </div>
   <div class='ocr_carea' id='block_1_81' title="bbox 496 4927 2082 4999">
    <p class='ocr_par' dir='ltr' id='par_1_81' title="bbox 496 4927 2082 4999">
     <span class='ocr_line' id='line_1_81' title="bbox 496 4927 2082 4999; baseline -0.004 -9"><span class='ocrx_word' id='word_1_613' title='bbox 496 4927 788 4990; x_wconf 83' lang='lat' dir='ltr'><strong>contuendi.</strong></span> <span class='ocrx_word' id='word_1_614' title='bbox 825 4930 1063 4999; x_wconf 88' lang='lat' dir='ltr'><strong>Utroque</strong></span> <span class='ocrx_word' id='word_1_615' title='bbox 1109 4928 1160 4982; x_wconf 90' lang='lat' dir='ltr'><strong>in</strong></span> <span class='ocrx_word' id='word_1_616' title='bbox 1201 4931 1317 4983; x_wconf 92' lang='lat' dir='ltr'><strong>loco</strong></span> <span class='ocrx_word' id='word_1_617' title='bbox 1345 4929 1555 4999; x_wconf 75' lang='lat' dir='ltr'><strong>videtur</strong></span> <span class='ocrx_word' id='word_1_618' title='bbox 1595 4927 1786 4996; x_wconf 80' lang='lat' dir='ltr'><strong>respici</strong></span> <span class='ocrx_word' id='word_1_619' title='bbox 1830 4929 2082 4996; x_wconf 89' lang='lat' dir='ltr'><strong>parabola</strong></span> 
     </span>
    </p>
   </div>
   <div class='ocr_carea' id='block_1_82' title="bbox 493 4998 2084 5077">
    <p class='ocr_par' dir='ltr' id='par_1_82' title="bbox 493 4998 2084 5077">
     <span class='ocr_line' id='line_1_82' title="bbox 493 4998 2084 5077; baseline -0.005 -15"><span class='ocrx_word' id='word_1_620' title='bbox 493 5008 786 5077; x_wconf 82' lang='lat' dir='ltr'><strong>virginum,</strong></span> <span class='ocrx_word' id='word_1_621' title='bbox 814 4998 1008 5077; x_wconf 76' lang='lat' dir='ltr'><strong>quibus</strong></span> <span class='ocrx_word' id='word_1_622' title='bbox 1054 5000 1250 5077; x_wconf 73' lang='lat' dir='ltr'><strong>dicitur</strong></span> <span class='ocrx_word' id='word_1_623' title='bbox 1281 5017 1295 5051; x_wconf 73' lang='grc' dir='ltr'>ε</span> <span class='ocrx_word' id='word_1_624' title='bbox 1329 4998 1460 5053; x_wconf 86' lang='lat' dir='ltr'><strong>Ecce</strong></span> <span class='ocrx_word' id='word_1_625' title='bbox 1498 5016 1717 5077; x_wconf 67' lang='lat' dir='ltr'><strong>sponsus</strong></span> <span class='ocrx_word' id='word_1_626' title='bbox 1749 5003 1900 5077; x_wconf 75' lang='lat' dir='ltr'><strong>venit,</strong></span> <span class='ocrx_word' id='word_1_627' title='bbox 1951 5000 2084 5054; x_wconf 74' lang='lat' dir='ltr'><strong>exite</strong></span> 
     </span>
    </p>
   </div>
   <div class='ocr_carea' id='block_1_83' title="bbox 494 5071 2076 5134">
    <p class='ocr_par' dir='ltr' id='par_1_83' title="bbox 494 5071 2076 5134">
     <span class='ocr_line' id='line_1_83' title="bbox 494 5071 2076 5134; baseline -0.006 0"><span class='ocrx_word' id='word_1_628' title='bbox 494 5071 692 5134; x_wconf 74' lang='lat' dir='ltr'><strong>obviam</strong></span> <span class='ocrx_word' id='word_1_629' title='bbox 720 5077 785 5131; x_wconf 88' lang='lat' dir='ltr'><strong>ei.</strong></span> <span class='ocrx_word' id='word_1_630' title='bbox 813 5074 1045 5127; x_wconf 73' lang='lat' dir='ltr'><strong>llursum</strong></span> <span class='ocrx_word' id='word_1_631' title='bbox 1077 5071 1198 5124; x_wconf 90' lang='lat' dir='ltr'><strong>huic</strong></span> <span class='ocrx_word' id='word_1_632' title='bbox 1223 5071 1396 5125; x_wconf 90' lang='lat' dir='ltr'><strong>lucem</strong></span> <span class='ocrx_word' id='word_1_633' title='bbox 1429 5074 1637 5124; x_wconf 88' lang='lat' dir='ltr'><strong>confert</strong></span> <span class='ocrx_word' id='word_1_634' title='bbox 1663 5071 1794 5124; x_wconf 85' lang='lat' dir='ltr'><strong>illud</strong></span> <span class='ocrx_word' id='word_1_635' title='bbox 1827 5087 1890 5125; x_wconf 84' lang='lat' dir='ltr'><strong>ex</strong></span> <span class='ocrx_word' id='word_1_636' title='bbox 1921 5077 2076 5124; x_wconf 87' lang='lat' dir='ltr'><strong>tract.</strong></span> 
     </span>
    </p>
   </div>
   <div class='ocr_carea' id='block_1_84' title="bbox 494 5141 2077 5221">
    <p class='ocr_par' dir='ltr' id='par_1_84' title="bbox 494 5141 2077 5221">
     <span class='ocr_line' id='line_1_84' title="bbox 494 5141 2077 5221; baseline -0.008 -15"><span class='ocrx_word' id='word_1_637' title='bbox 494 5166 578 5221; x_wconf 88' lang='lat' dir='ltr'><strong>ps.</strong></span> <span class='ocrx_word' id='word_1_638' title='bbox 626 5165 747 5213; x_wconf 72' lang='lat' dir='ltr'><strong>CXL,</strong></span> <span class='ocrx_word' id='word_1_639' title='bbox 774 5165 828 5201; x_wconf 91' lang='grc' dir='ltr'><strong>ιι.</strong></span> <span class='ocrx_word' id='word_1_640' title='bbox 852 5145 922 5221; x_wconf 87' lang='lat'><strong>9_:</strong></span> <span class='ocrx_word' id='word_1_641' title='bbox 971 5143 1037 5197; x_wconf 89' lang='lat' dir='ltr'><strong>In</strong></span> <span class='ocrx_word' id='word_1_642' title='bbox 1085 5141 1335 5221; x_wconf 71' lang='lat' dir='ltr'><strong>abluenda</strong></span> <span class='ocrx_word' id='word_1_643' title='bbox 1371 5142 1501 5221; x_wconf 74' lang='lat' dir='ltr'><strong>[acie</strong></span> <span class='ocrx_word' id='word_1_644' title='bbox 1527 5143 1742 5221; x_wconf 68' lang='lat' dir='ltr'><strong>nitorem</strong></span> <span class='ocrx_word' id='word_1_645' title='bbox 1768 5157 1911 5210; x_wconf 78' lang='lat' dir='ltr'><strong>purw</strong></span> <span class='ocrx_word' id='word_1_646' title='bbox 1952 5157 2077 5221; x_wconf 41' lang='lat' dir='ltr'><strong>con-</strong></span> 
     </span>
    </p>
   </div>
   <div class='ocr_carea' id='block_1_85' title="bbox 493 5212 2079 5287">
    <p class='ocr_par' dir='ltr' id='par_1_85' title="bbox 493 5212 2079 5287">
     <span class='ocr_line' id='line_1_85' title="bbox 493 5212 2079 5287; baseline -0.008 -10"><span class='ocrx_word' id='word_1_647' title='bbox 493 5212 942 5287; x_wconf 13' lang='lat' dir='ltr'><strong>scientite’ex-egit,</strong></span> <span class='ocrx_word' id='word_1_648' title='bbox 993 5231 1056 5269; x_wconf 89' lang='lat' dir='ltr'><strong>ne</strong></span> <span class='ocrx_word' id='word_1_649' title='bbox 1083 5212 1206 5284; x_wconf 87' lang='lat' dir='ltr'><strong>quid</strong></span> <span class='ocrx_word' id='word_1_650' title='bbox 1245 5213 1297 5287; x_wconf 80' lang='lat' dir='ltr'><strong>in</strong></span> <span class='ocrx_word' id='word_1_651' title='bbox 1345 5213 1486 5266; x_wconf 85' lang='lat' dir='ltr'><strong>nobis</strong></span> <span class='ocrx_word' id='word_1_652' title='bbox 1525 5215 1806 5287; x_wconf 84' lang='lat' dir='ltr'><strong>sordidum,</strong></span> <span class='ocrx_word' id='word_1_653' title='bbox 1854 5229 1918 5287; x_wconf 82' lang='lat' dir='ltr'><strong>ne</strong></span> <span class='ocrx_word' id='word_1_654' title='bbox 1955 5214 2079 5287; x_wconf 78' lang='lat' dir='ltr'><strong>quid</strong></span> 
     </span>
    </p>
   </div>
   <div class='ocr_carea' id='block_1_86' title="bbox 494 5285 2076 5354">
    <p class='ocr_par' dir='ltr' id='par_1_86' title="bbox 494 5285 2076 5354">
     <span class='ocr_line' id='line_1_86' title="bbox 494 5285 2076 5354; baseline -0.006 -6"><span class='ocrx_word' id='word_1_655' title='bbox 494 5295 704 5348; x_wconf 88' lang='lat' dir='ltr'><strong>oblitum</strong></span> <span class='ocrx_word' id='word_1_656' title='bbox 736 5285 1017 5343; x_wconf 70' lang='lat' dir='ltr'><strong>adhaereret</strong></span> <span class='ocrx_word' id='word_1_657' title='bbox 1047 5301 1066 5340; x_wconf 91' lang='lat'><strong><em>:</em></strong></span> <span class='ocrx_word' id='word_1_658' title='bbox 1092 5288 1143 5339; x_wconf 89' lang='lat' dir='ltr'><strong>in</strong></span> <span class='ocrx_word' id='word_1_659' title='bbox 1183 5285 1350 5354; x_wconf 85' lang='lat' dir='ltr'><strong>capite</strong></span> <span class='ocrx_word' id='word_1_660' title='bbox 1383 5299 1497 5336; x_wconf 83' lang='lat' dir='ltr'><strong>vero</strong></span> <span class='ocrx_word' id='word_1_661' title='bbox 1526 5285 2076 5354; x_wconf 69' lang='lat' dir='ltr'><strong>ungenda,&quot;doctrinis</strong></span> 
     </span>
    </p>
   </div>
   <div class='ocr_carea' id='block_1_87' title="bbox 491 5355 2073 5431">
    <p class='ocr_par' dir='ltr' id='par_1_87' title="bbox 491 5355 2073 5431">
     <span class='ocr_line' id='line_1_87' title="bbox 491 5355 2073 5431; baseline -0.005 -13"><span class='ocrx_word' id='word_1_662' title='bbox 491 5384 584 5420; x_wconf 89' lang='lat' dir='ltr'><strong>nos</strong></span> <span class='ocrx_word' id='word_1_663' title='bbox 608 5373 758 5431; x_wconf 68' lang='lat' dir='ltr'><strong>atque</strong></span> <span class='ocrx_word' id='word_1_664' title='bbox 786 5358 1022 5431; x_wconf 85' lang='lat' dir='ltr'><strong>operibus</strong></span> <span class='ocrx_word' id='word_1_665' title='bbox 1047 5357 1294 5430; x_wconf 86' lang='lat' dir='ltr'><strong>spiritalis</strong></span> <span class='ocrx_word' id='word_1_666' title='bbox 1323 5355 1649 5408; x_wconf 81' lang='lat' dir='ltr'><strong>institutionis</strong></span> <span class='ocrx_word' id='word_1_667' title='bbox 1691 5359 1938 5426; x_wconf 78' lang='lat' dir='ltr'><strong>perfectos</strong></span> <span class='ocrx_word' id='word_1_668' title='bbox 1969 5373 2073 5410; x_wconf 84' lang='lat' dir='ltr'><strong>esse</strong></span> 
     </span>
    </p>
   </div>
   <div class='ocr_carea' id='block_1_88' title="bbox 527 5435 752 5493">
    <p class='ocr_par' dir='ltr' id='par_1_88' title="bbox 527 5435 752 5493">
     <span class='ocr_line' id='line_1_88' title="bbox 527 5435 752 5493; baseline -0.018 -3"><span class='ocrx_word' id='word_1_669' title='bbox 527 5435 752 5493; x_wconf 77' lang='lat' dir='ltr'><strong>rtecepit.</strong></span> 
     </span>
    </p>
   </div>
   <div class='ocr_carea' id='block_1_89' title="bbox 489 5453 2079 5580">
    <p class='ocr_par' dir='ltr' id='par_1_89' title="bbox 489 5453 2079 5580">
     <span class='ocr_line' id='line_1_89' title="bbox 489 5453 2079 5580; baseline -0.006 -18"><span class='ocrx_word' id='word_1_670' title='bbox 489 5453 1029 5580; x_wconf 51' lang='lat' dir='ltr'><strong>pufdfpélarnutensis</strong></span> <span class='ocrx_word' id='word_1_671' title='bbox 1084 5501 1278 5580; x_wconf 55' lang='lat' dir='ltr'><strong>cedes,</strong></span> <span class='ocrx_word' id='word_1_672' title='bbox 1322 5499 1536 5580; x_wconf 70' lang='lat' dir='ltr'><strong>comptis</strong></span> <span class='ocrx_word' id='word_1_673' title='bbox 1578 5499 1847 5580; x_wconf 77' lang='lat' dir='ltr'><strong>capitibus.</strong></span> <span class='ocrx_word' id='word_1_674' title='bbox 1895 5497 2079 5580; x_wconf 71' lang='lat' dir='ltr'><strong>Monet</strong></span> 
     </span>
    </p>
   </div>
   <div class='ocr_carea' id='block_1_90' title="bbox 496 5569 2077 5649">
    <p class='ocr_par' dir='ltr' id='par_1_90' title="bbox 496 5569 2077 5649">
     <span class='ocr_line' id='line_1_90' title="bbox 496 5569 2077 5649; baseline -0.008 -15"><span class='ocrx_word' id='word_1_675' title='bbox 496 5569 851 5649; x_wconf 71' lang='lat' dir='ltr'><strong>Hiéronymus</strong></span> <span class='ocrx_word' id='word_1_676' title='bbox 877 5574 1154 5649; x_wconf 78' lang='lat' dir='ltr'><strong>Christum</strong></span> <span class='ocrx_word' id='word_1_677' title='bbox 1196 5573 1286 5649; x_wconf 73' lang='lat' dir='ltr'><strong>hic</strong></span> <span class='ocrx_word' id='word_1_678' title='bbox 1325 5569 1645 5649; x_wconf 75' lang='lat' dir='ltr'><strong>loqui‘juxta</strong></span> <span class='ocrx_word' id='word_1_679' title='bbox 1673 5572 1827 5624; x_wconf 89' lang='lat' dir='ltr'><strong>ritum</strong></span> <span class='ocrx_word' id='word_1_680' title='bbox 1868 5570 2077 5649; x_wconf 76' lang='lat' dir='ltr'><strong>provin-</strong></span> 
     </span>
    </p>
   </div>
   <div class='ocr_carea' id='block_1_91' title="bbox 488 5641 1999 5714">
    <p class='ocr_par' dir='ltr' id='par_1_91' title="bbox 488 5641 1999 5714">
     <span class='ocr_line' id='line_1_91' title="bbox 488 5641 1999 5714; baseline -0.006 -12"><span class='ocrx_word' id='word_1_681' title='bbox 488 5652 582 5706; x_wconf 77' lang='lat' dir='ltr'><strong>cia:</strong></span> <span class='ocrx_word' id='word_1_682' title='bbox 609 5641 902 5711; x_wconf 54' lang='lat' dir='ltr'><strong>Pal&#39;estime,</strong></span> <span class='ocrx_word' id='word_1_683' title='bbox 926 5645 1011 5699; x_wconf 85' lang='lat' dir='ltr'><strong>ubi</strong></span> <span class='ocrx_word' id='word_1_684' title='bbox 1054 5644 1227 5699; x_wconf 83' lang='lat' dir='ltr'><strong>diebus</strong></span> <span class='ocrx_word' id='word_1_685' title='bbox 1257 5641 1400 5713; x_wconf 77' lang='lat' dir='ltr'><strong>festis</strong></span> <span class='ocrx_word' id='word_1_686' title='bbox 1421 5643 1580 5696; x_wconf 87' lang='lat' dir='ltr'><strong>solent</strong></span> <span class='ocrx_word' id='word_1_687' title='bbox 1600 5657 1785 5714; x_wconf 85' lang='lat' dir='ltr'><strong>ungere</strong></span> <span class='ocrx_word' id='word_1_688' title='bbox 1809 5643 1999 5710; x_wconf 88' lang='lat' dir='ltr'><strong>capita.</strong></span> 
     </span>
    </p>
   </div>
   <div class='ocr_carea' id='block_1_92' title="bbox 564 5714 2072 5789">
    <p class='ocr_par' dir='ltr' id='par_1_92' title="bbox 564 5714 2072 5789">
     <span class='ocr_line' id='line_1_92' title="bbox 564 5714 2072 5789; baseline -0.005 -15"><span class='ocrx_word' id='word_1_689' title='bbox 564 5719 634 5789; x_wconf 88' lang='lat' dir='ltr'><strong>(e)</strong></span> <span class='ocrx_word' id='word_1_690' title='bbox 662 5719 718 5774; x_wconf 90' lang='lat' dir='ltr'><strong>lu</strong></span> <span class='ocrx_word' id='word_1_691' title='bbox 747 5719 994 5788; x_wconf 82' lang='lat' dir='ltr'><strong>vulgatis,</strong></span> <span class='ocrx_word' id='word_1_692' title='bbox 1038 5714 1639 5789; x_wconf 56' lang='lat' dir='ltr'><strong>secutusasolaacismus</strong></span> <span class='ocrx_word' id='word_1_693' title='bbox 1681 5727 1841 5783; x_wconf 87' lang='lat' dir='ltr'><strong>quem</strong></span> <span class='ocrx_word' id='word_1_694' title='bbox 1888 5727 2072 5789; x_wconf 45' lang='lat' dir='ltr'><strong>einen:</strong></span> 
     </span>
    </p>
   </div>
   <div class='ocr_carea' id='block_1_93' title="bbox 496 5784 2066 5854">
    <p class='ocr_par' dir='ltr' id='par_1_93' title="bbox 496 5784 2066 5854">
     <span class='ocr_line' id='line_1_93' title="bbox 496 5784 2066 5854; baseline -0.003 -9"><span class='ocrx_word' id='word_1_695' title='bbox 496 5784 626 5846; x_wconf 85' lang='lat' dir='ltr'><strong>dant</strong></span> <span class='ocrx_word' id='word_1_696' title='bbox 653 5805 778 5846; x_wconf 88' lang='lat' dir='ltr'><strong>mss.</strong></span> <span class='ocrx_word' id='word_1_697' title='bbox 811 5784 946 5846; x_wconf 76' lang='lat' dir='ltr'><strong>Ante</strong></span> <span class='ocrx_word' id='word_1_698' title='bbox 976 5789 1031 5844; x_wconf 92' lang='lat' dir='ltr'><strong>in</strong></span> <span class='ocrx_word' id='word_1_699' title='bbox 1055 5786 1324 5846; x_wconf 88' lang='lat' dir='ltr'><strong>nonnullis</strong></span> <span class='ocrx_word' id='word_1_700' title='bbox 1346 5795 1538 5854; x_wconf 82' lang='lat' dir='ltr'><strong>utrum,</strong></span> <span class='ocrx_word' id='word_1_701' title='bbox 1568 5799 1676 5844; x_wconf 92' lang='lat' dir='ltr'><strong>non</strong></span> <span class='ocrx_word' id='word_1_702' title='bbox 1706 5793 1903 5839; x_wconf 87' lang='lat' dir='ltr'><strong>utram:</strong></span> <span class='ocrx_word' id='word_1_703' title='bbox 1924 5784 2066 5854; x_wconf 82' lang='lat' dir='ltr'><strong>quod</strong></span> 
     </span>
    </p>
   </div>
   <div class='ocr_carea' id='block_1_94' title="bbox 2193 3287 3757 3363">
    <p class='ocr_par' dir='ltr' id='par_1_94' title="bbox 2193 3287 3757 3363">
     <span class='ocr_line' id='line_1_94' title="bbox 2193 3287 3757 3363; baseline 0.004 -22"><span class='ocrx_word' id='word_1_704' title='bbox 2193 3297 2247 3341; x_wconf 90' lang='lat' dir='ltr'><strong>et</strong></span> <span class='ocrx_word' id='word_1_705' title='bbox 2275 3287 2520 3342; x_wconf 87' lang='lat' dir='ltr'><strong>fiduciam</strong></span> <span class='ocrx_word' id='word_1_706' title='bbox 2550 3287 2850 3342; x_wconf 90' lang='lat' dir='ltr'><strong>futurorum</strong></span> <span class='ocrx_word' id='word_1_707' title='bbox 2881 3298 2994 3342; x_wconf 93' lang='lat' dir='ltr'><strong>toto</strong></span> <span class='ocrx_word' id='word_1_708' title='bbox 3021 3292 3304 3358; x_wconf 87' lang='lat' dir='ltr'><strong>superiore</strong></span> <span class='ocrx_word' id='word_1_709' title='bbox 3331 3291 3500 3363; x_wconf 73' lang='lat'><strong>691</strong></span> <span class='ocrx_word' id='word_1_710' title='bbox 3550 3308 3757 3348; x_wconf 65' lang='lat' dir='ltr'><strong>sermost</strong></span> 
     </span>
    </p>
   </div>
   <div class='ocr_carea' id='block_1_95' title="bbox 2194 3379 3758 3455">
    <p class='ocr_par' dir='ltr' id='par_1_95' title="bbox 2194 3379 3758 3455">
     <span class='ocr_line' id='line_1_95' title="bbox 2194 3379 3758 3455; baseline 0.004 -21"><span class='ocrx_word' id='word_1_711' title='bbox 2194 3391 2542 3451; x_wconf 68' lang='lat' dir='ltr'><strong>praeceperat.</strong></span> <span class='ocrx_word' id='word_1_712' title='bbox 2572 3379 2703 3436; x_wconf 85' lang='lat' dir='ltr'><strong>Nam</strong></span> <span class='ocrx_word' id='word_1_713' title='bbox 2731 3397 2851 3436; x_wconf 92' lang='lat' dir='ltr'><strong>cum</strong></span> <span class='ocrx_word' id='word_1_714' title='bbox 2872 3381 2938 3436; x_wconf 89' lang='lat' dir='ltr'><strong>ad</strong></span> <span class='ocrx_word' id='word_1_715' title='bbox 2965 3381 3216 3451; x_wconf 88' lang='lat' dir='ltr'><strong>iujuriam</strong></span> <span class='ocrx_word' id='word_1_716' title='bbox 3246 3399 3455 3452; x_wconf 89' lang='lat' dir='ltr'><strong>pronos</strong></span> <span class='ocrx_word' id='word_1_717' title='bbox 3479 3386 3631 3455; x_wconf 83' lang='lat' dir='ltr'><strong>jubet</strong></span> <span class='ocrx_word' id='word_1_718' title='bbox 3647 3400 3758 3447; x_wconf 80' lang='lat' dir='ltr'><strong>esse,</strong></span> 
     </span>
    </p>
   </div>
   <div class='ocr_carea' id='block_1_96' title="bbox 2193 3473 3761 3549">
    <p class='ocr_par' dir='ltr' id='par_1_96' title="bbox 2193 3473 3761 3549">
     <span class='ocr_line' id='line_1_96' title="bbox 2193 3473 3761 3549; baseline 0.003 -21"><span class='ocrx_word' id='word_1_719' title='bbox 2193 3485 2246 3528; x_wconf 88' lang='lat' dir='ltr'><strong>et</strong></span> <span class='ocrx_word' id='word_1_720' title='bbox 2277 3475 2341 3527; x_wconf 89' lang='lat' dir='ltr'><strong>ad</strong></span> <span class='ocrx_word' id='word_1_721' title='bbox 2373 3473 2628 3528; x_wconf 89' lang='lat' dir='ltr'><strong>damnum</strong></span> <span class='ocrx_word' id='word_1_722' title='bbox 2657 3475 3007 3541; x_wconf 84' lang='lat' dir='ltr'><strong>voluntarios,</strong></span> <span class='ocrx_word' id='word_1_723' title='bbox 3041 3481 3094 3530; x_wconf 85' lang='lat' dir='ltr'><strong>et</strong></span> <span class='ocrx_word' id='word_1_724' title='bbox 3137 3476 3204 3529; x_wconf 84' lang='lat' dir='ltr'><strong>ad</strong></span> <span class='ocrx_word' id='word_1_725' title='bbox 3237 3477 3503 3532; x_wconf 89' lang='lat' dir='ltr'><strong>ultionem</strong></span> <span class='ocrx_word' id='word_1_726' title='bbox 3531 3480 3761 3549; x_wconf 74' lang='lat' dir='ltr'><strong>negligen-</strong></span> 
     </span>
    </p>
   </div>
   <div class='ocr_carea' id='block_1_97' title="bbox 2193 3567 3758 3641">
    <p class='ocr_par' dir='ltr' id='par_1_97' title="bbox 2193 3567 3758 3641">
     <span class='ocr_line' id='line_1_97' title="bbox 2193 3567 3758 3641; baseline 0.001 -19"><span class='ocrx_word' id='word_1_727' title='bbox 2193 3577 2294 3634; x_wconf 87' lang='lat' dir='ltr'><strong>tes,</strong></span> <span class='ocrx_word' id='word_1_728' title='bbox 2315 3577 2369 3622; x_wconf 91' lang='lat' dir='ltr'><strong>et</strong></span> <span class='ocrx_word' id='word_1_729' title='bbox 2399 3568 2462 3620; x_wconf 91' lang='lat' dir='ltr'><strong>ad</strong></span> <span class='ocrx_word' id='word_1_730' title='bbox 2493 3567 2823 3637; x_wconf 82' lang='lat' dir='ltr'><strong>diligendum</strong></span> <span class='ocrx_word' id='word_1_731' title='bbox 2855 3568 2917 3641; x_wconf 85' lang='lat' dir='ltr'><strong>(i)</strong></span> <span class='ocrx_word' id='word_1_732' title='bbox 2945 3568 3310 3638; x_wconf 88' lang='lat' dir='ltr'><strong>promiscuos,</strong></span> <span class='ocrx_word' id='word_1_733' title='bbox 3337 3578 3397 3625; x_wconf 89' lang='lat' dir='ltr'><strong>et</strong></span> <span class='ocrx_word' id='word_1_734' title='bbox 3417 3571 3485 3625; x_wconf 85' lang='lat' dir='ltr'><strong>ad</strong></span> <span class='ocrx_word' id='word_1_735' title='bbox 3513 3573 3758 3626; x_wconf 69' lang='lat' dir='ltr'><strong>humanam</strong></span> 
     </span>
    </p>
   </div>
   <div class='ocr_carea' id='block_1_98' title="bbox 2195 3659 3758 3734">
    <p class='ocr_par' dir='ltr' id='par_1_98' title="bbox 2195 3659 3758 3734">
     <span class='ocr_line' id='line_1_98' title="bbox 2195 3659 3758 3734; baseline 0.003 -20"><span class='ocrx_word' id='word_1_736' title='bbox 2195 3660 2417 3731; x_wconf 86' lang='lat' dir='ltr'><strong>gloriam</strong></span> <span class='ocrx_word' id='word_1_737' title='bbox 2451 3659 3138 3725; x_wconf 63' lang='lat' dir='ltr'><strong>incuriosos;&#39;confirmari</strong></span> <span class='ocrx_word' id='word_1_738' title='bbox 3181 3677 3283 3715; x_wconf 87' lang='lat' dir='ltr'><strong>nos</strong></span> <span class='ocrx_word' id='word_1_739' title='bbox 3324 3663 3381 3717; x_wconf 90' lang='lat' dir='ltr'><strong>in</strong></span> <span class='ocrx_word' id='word_1_740' title='bbox 3433 3679 3589 3734; x_wconf 88' lang='lat' dir='ltr'><strong>spem</strong></span> <span class='ocrx_word' id='word_1_741' title='bbox 3629 3664 3758 3718; x_wconf 74' lang='lat' dir='ltr'><strong>boso-</strong></span> 
     </span>
    </p>
   </div>
   <div class='ocr_carea' id='block_1_99' title="bbox 2191 3753 3748 3826">
    <p class='ocr_par' dir='ltr' id='par_1_99' title="bbox 2191 3753 3748 3826">
     <span class='ocr_line' id='line_1_99' title="bbox 2191 3753 3748 3826; baseline 0.002 -18"><span class='ocrx_word' id='word_1_742' title='bbox 2191 3768 2310 3808; x_wconf 91' lang='lat' dir='ltr'><strong>rum</strong></span> <span class='ocrx_word' id='word_1_743' title='bbox 2353 3762 2681 3808; x_wconf 78' lang='lat' dir='ltr'><strong>aeternorum</strong></span> <span class='ocrx_word' id='word_1_744' title='bbox 2711 3753 2938 3808; x_wconf 89' lang='lat' dir='ltr'><strong>laborat.</strong></span> <span class='ocrx_word' id='word_1_745' title='bbox 2967 3753 3161 3809; x_wconf 89' lang='lat' dir='ltr'><strong>Plures</strong></span> <span class='ocrx_word' id='word_1_746' title='bbox 3199 3755 3348 3810; x_wconf 88' lang='lat' dir='ltr'><strong>enim</strong></span> <span class='ocrx_word' id='word_1_747' title='bbox 3381 3765 3442 3812; x_wconf 92' lang='lat' dir='ltr'><strong>et</strong></span> <span class='ocrx_word' id='word_1_748' title='bbox 3482 3770 3748 3826; x_wconf 62' lang='lat' dir='ltr'><strong>amarat:-</strong></span> 
     </span>
    </p>
   </div>
   <div class='ocr_carea' id='block_1_100' title="bbox 2192 3845 3760 3918">
    <p class='ocr_par' dir='ltr' id='par_1_100' title="bbox 2192 3845 3760 3918">
     <span class='ocr_line' id='line_1_100' title="bbox 2192 3845 3760 3918; baseline 0.001 -16"><span class='ocrx_word' id='word_1_749' title='bbox 2192 3848 2448 3912; x_wconf 90' lang='lat' dir='ltr'><strong>seutimn,</strong></span> <span class='ocrx_word' id='word_1_750' title='bbox 2481 3856 2534 3902; x_wconf 87' lang='lat' dir='ltr'><strong>et</strong></span> <span class='ocrx_word' id='word_1_751' title='bbox 2578 3846 2883 3918; x_wconf 88' lang='lat' dir='ltr'><strong>desperatio</strong></span> <span class='ocrx_word' id='word_1_752' title='bbox 2911 3845 3217 3902; x_wconf 91' lang='lat' dir='ltr'><strong>futurorum</strong></span> <span class='ocrx_word' id='word_1_753' title='bbox 3267 3849 3518 3905; x_wconf 84' lang='lat' dir='ltr'><strong>incertos</strong></span> <span class='ocrx_word' id='word_1_754' title='bbox 3547 3850 3660 3904; x_wconf 84' lang='lat' dir='ltr'><strong>facit</strong></span> <span class='ocrx_word' id='word_1_755' title='bbox 3684 3865 3697 3902; x_wconf 94' lang='lat'><strong>:</strong></span> <span class='ocrx_word' id='word_1_756' title='bbox 3718 3856 3760 3902; x_wconf 70' lang='lat' dir='ltr'><strong>et</strong></span> 
     </span>
    </p>
   </div>
   <div class='ocr_carea' id='block_1_101' title="bbox 2192 3936 3761 4010">
    <p class='ocr_par' dir='ltr' id='par_1_101' title="bbox 2192 3936 3761 4010">
     <span class='ocr_line' id='line_1_101' title="bbox 2192 3936 3761 4010; baseline 0.001 -19"><span class='ocrx_word' id='word_1_757' title='bbox 2192 3946 2282 3991; x_wconf 88' lang='lat' dir='ltr'><strong>aut</strong></span> <span class='ocrx_word' id='word_1_758' title='bbox 2312 3938 2583 3993; x_wconf 89' lang='lat' dir='ltr'><strong>illecebris</strong></span> <span class='ocrx_word' id='word_1_759' title='bbox 2611 3939 2774 4008; x_wconf 87' lang='lat' dir='ltr'><strong>capit,</strong></span> <span class='ocrx_word' id='word_1_760' title='bbox 2816 3947 2907 3992; x_wconf 90' lang='lat' dir='ltr'><strong>aut</strong></span> <span class='ocrx_word' id='word_1_761' title='bbox 2938 3936 3251 3995; x_wconf 87' lang='lat' dir='ltr'><strong>infidelitate</strong></span> <span class='ocrx_word' id='word_1_762' title='bbox 3293 3940 3588 3996; x_wconf 88' lang='lat' dir='ltr'><strong>confundit</strong></span> <span class='ocrx_word' id='word_1_763' title='bbox 3615 3961 3626 3994; x_wconf 94' lang='lat'>:</span> <span class='ocrx_word' id='word_1_764' title='bbox 3651 3939 3761 4010; x_wconf 69' lang='lat' dir='ltr'><strong>Erga</strong></span> 
     </span>
    </p>
   </div>
   <div class='ocr_carea' id='block_1_102' title="bbox 2194 4031 3761 4104">
    <p class='ocr_par' dir='ltr' id='par_1_102' title="bbox 2194 4031 3761 4104">
     <span class='ocr_line' id='line_1_102' title="bbox 2194 4031 3761 4104; baseline 0.001 -19"><span class='ocrx_word' id='word_1_765' title='bbox 2194 4047 2417 4102; x_wconf 86' lang='lat' dir='ltr'><strong>regnum</strong></span> <span class='ocrx_word' id='word_1_766' title='bbox 2471 4031 2770 4100; x_wconf 63' lang='lat' dir='ltr'><strong>caelorum,</strong></span> <span class='ocrx_word' id='word_1_767' title='bbox 2829 4031 2971 4102; x_wconf 91' lang='lat' dir='ltr'><strong>quod</strong></span> <span class='ocrx_word' id='word_1_768' title='bbox 3034 4032 3321 4104; x_wconf 68' lang='lat' dir='ltr'><strong>prophetae</strong></span> <span class='ocrx_word' id='word_1_769' title='bbox 3379 4037 3761 4096; x_wconf 74' lang='lat' dir='ltr'><strong>nuntiaverunt.</strong></span> 
     </span>
    </p>
   </div>
   <div class='ocr_carea' id='block_1_103' title="bbox 2193 4124 3760 4199">
    <p class='ocr_par' dir='ltr' id='par_1_103' title="bbox 2193 4124 3760 4199">
     <span class='ocr_line' id='line_1_103' title="bbox 2193 4124 3760 4199; baseline 0.003 -19"><span class='ocrx_word' id='word_1_770' title='bbox 2193 4124 2426 4181; x_wconf 85' lang='lat' dir='ltr'><strong>Joannes</strong></span> <span class='ocrx_word' id='word_1_771' title='bbox 2454 4126 2786 4197; x_wconf 77' lang='lat' dir='ltr'><strong>praedicavit,</strong></span> <span class='ocrx_word' id='word_1_772' title='bbox 2819 4126 3075 4182; x_wconf 89' lang='lat' dir='ltr'><strong>Dominus</strong></span> <span class='ocrx_word' id='word_1_773' title='bbox 3106 4135 3296 4182; x_wconf 88' lang='lat' dir='ltr'><strong>noster</strong></span> <span class='ocrx_word' id='word_1_774' title='bbox 3322 4126 3381 4183; x_wconf 89' lang='lat' dir='ltr'><strong>in</strong></span> <span class='ocrx_word' id='word_1_775' title='bbox 3411 4143 3472 4184; x_wconf 90' lang='lat' dir='ltr'><strong>se</strong></span> <span class='ocrx_word' id='word_1_776' title='bbox 3500 4143 3620 4184; x_wconf 86' lang='lat' dir='ltr'><strong>esse</strong></span> <span class='ocrx_word' id='word_1_777' title='bbox 3644 4128 3760 4199; x_wconf 68' lang='lat' dir='ltr'><strong>pod-</strong></span> 
     </span>
    </p>
   </div>
   <div class='ocr_carea' id='block_1_104' title="bbox 2197 4286 3764 4358">
    <p class='ocr_par' dir='ltr' id='par_1_104' title="bbox 2197 4286 3764 4358">
     <span class='ocr_line' id='line_1_104' title="bbox 2197 4286 3764 4358; baseline 0.004 -18"><span class='ocrx_word' id='word_1_778' title='bbox 2197 4286 2265 4342; x_wconf 89' lang='lat' dir='ltr'><strong>ad</strong></span> <span class='ocrx_word' id='word_1_779' title='bbox 2295 4287 2479 4344; x_wconf 85' lang='lat' dir='ltr'><strong>sedem</strong></span> <span class='ocrx_word' id='word_1_780' title='bbox 2511 4287 2598 4343; x_wconf 87' lang='lat' dir='ltr'><strong>vel</strong></span> <span class='ocrx_word' id='word_1_781' title='bbox 2630 4287 2685 4342; x_wconf 90' lang='lat' dir='ltr'><strong>in</strong></span> <span class='ocrx_word' id='word_1_782' title='bbox 2726 4287 2836 4343; x_wconf 88' lang='lat' dir='ltr'><strong>Deo</strong></span> <span class='ocrx_word' id='word_1_783' title='bbox 2863 4288 2948 4343; x_wconf 77' lang='lat' dir='ltr'><strong>Vel</strong></span> <span class='ocrx_word' id='word_1_784' title='bbox 2973 4288 3026 4343; x_wconf 92' lang='lat' dir='ltr'><strong>in</strong></span> <span class='ocrx_word' id='word_1_785' title='bbox 3055 4289 3281 4358; x_wconf 85' lang='lat' dir='ltr'><strong>pecunia</strong></span> <span class='ocrx_word' id='word_1_786' title='bbox 3326 4289 3636 4347; x_wconf 84' lang='lat' dir='ltr'><strong>habendam</strong></span> <span class='ocrx_word' id='word_1_787' title='bbox 3674 4304 3764 4346; x_wconf 67' lang='lat' dir='ltr'><strong>m-</strong></span> 
     </span>
    </p>
   </div>
   <div class='ocr_carea' id='block_1_105' title="bbox 2195 4359 3764 4420">
    <p class='ocr_par' dir='ltr' id='par_1_105' title="bbox 2195 4359 3764 4420">
     <span class='ocr_line' id='line_1_105' title="bbox 2195 4359 3764 4420; baseline 0.001 -7"><span class='ocrx_word' id='word_1_788' title='bbox 2195 4360 2300 4413; x_wconf 89' lang='lat' dir='ltr'><strong>tius</strong></span> <span class='ocrx_word' id='word_1_789' title='bbox 2325 4360 2572 4415; x_wconf 82' lang='lat' dir='ltr'><strong>refertur.</strong></span> <span class='ocrx_word' id='word_1_790' title='bbox 2605 4359 2731 4414; x_wconf 87' lang='lat' dir='ltr'><strong>Post</strong></span> <span class='ocrx_word' id='word_1_791' title='bbox 2775 4360 2830 4414; x_wconf 93' lang='lat' dir='ltr'><strong>in</strong></span> <span class='ocrx_word' id='word_1_792' title='bbox 2858 4359 3048 4414; x_wconf 85' lang='lat' dir='ltr'><strong>iisdem</strong></span> <span class='ocrx_word' id='word_1_793' title='bbox 3077 4361 3328 4415; x_wconf 85' lang='lat' dir='ltr'><strong>damnoso</strong></span> <span class='ocrx_word' id='word_1_794' title='bbox 3362 4379 3383 4415; x_wconf 89' lang='lat'><strong><em>:</em></strong></span> <span class='ocrx_word' id='word_1_795' title='bbox 3418 4363 3524 4420; x_wconf 87' lang='lat' dir='ltr'><strong>hoc</strong></span> <span class='ocrx_word' id='word_1_796' title='bbox 3546 4364 3615 4418; x_wconf 82' lang='lat' dir='ltr'><strong>ad</strong></span> <span class='ocrx_word' id='word_1_797' title='bbox 3635 4361 3764 4416; x_wconf 82' lang='lat' dir='ltr'><strong>intel-</strong></span> 
     </span>
    </p>
   </div>
   <div class='ocr_carea' id='block_1_106' title="bbox 2194 4431 3764 4503">
    <p class='ocr_par' dir='ltr' id='par_1_106' title="bbox 2194 4431 3764 4503">
     <span class='ocr_line' id='line_1_106' title="bbox 2194 4431 3764 4503; baseline 0.002 -19"><span class='ocrx_word' id='word_1_798' title='bbox 2194 4431 2428 4501; x_wconf 71' lang='lat' dir='ltr'><strong>ligentiae</strong></span> <span class='ocrx_word' id='word_1_799' title='bbox 2467 4432 2644 4486; x_wconf 91' lang='lat' dir='ltr'><strong>lumen</strong></span> <span class='ocrx_word' id='word_1_800' title='bbox 2679 4431 2866 4486; x_wconf 89' lang='lat' dir='ltr'><strong>referri</strong></span> <span class='ocrx_word' id='word_1_801' title='bbox 2907 4442 3084 4500; x_wconf 88' lang='lat' dir='ltr'><strong>queat,</strong></span> <span class='ocrx_word' id='word_1_802' title='bbox 3114 4432 3257 4501; x_wconf 91' lang='lat' dir='ltr'><strong>quod</strong></span> <span class='ocrx_word' id='word_1_803' title='bbox 3291 4433 3343 4485; x_wconf 92' lang='lat' dir='ltr'><strong>iu</strong></span> <span class='ocrx_word' id='word_1_804' title='bbox 3378 4436 3608 4503; x_wconf 83' lang='lat' dir='ltr'><strong>pecunia</strong></span> <span class='ocrx_word' id='word_1_805' title='bbox 3641 4434 3764 4490; x_wconf 79' lang='lat' dir='ltr'><strong>dam-</strong></span> 
     </span>
    </p>
   </div>
   <div class='ocr_carea' id='block_1_107' title="bbox 2192 4503 3456 4572">
    <p class='ocr_par' dir='ltr' id='par_1_107' title="bbox 2192 4503 3456 4572">
     <span class='ocr_line' id='line_1_107' title="bbox 2192 4503 3456 4572; baseline 0.002 -15"><span class='ocrx_word' id='word_1_806' title='bbox 2192 4518 2406 4565; x_wconf 73' lang='lat' dir='ltr'><strong>nosum,</strong></span> <span class='ocrx_word' id='word_1_807' title='bbox 2440 4504 2492 4556; x_wconf 91' lang='lat' dir='ltr'><strong>iu</strong></span> <span class='ocrx_word' id='word_1_808' title='bbox 2529 4505 2636 4557; x_wconf 86' lang='lat' dir='ltr'><strong>Deo</strong></span> <span class='ocrx_word' id='word_1_809' title='bbox 2664 4503 3052 4572; x_wconf 90' lang='lat' dir='ltr'><strong>sempiternum</strong></span> <span class='ocrx_word' id='word_1_810' title='bbox 3084 4503 3324 4559; x_wconf 89' lang='lat' dir='ltr'><strong>futurum</strong></span> <span class='ocrx_word' id='word_1_811' title='bbox 3357 4507 3456 4561; x_wconf 89' lang='lat' dir='ltr'><strong>sit.</strong></span> 
     </span>
    </p>
   </div>
   <div class='ocr_carea' id='block_1_108' title="bbox 2264 4594 3765 4670">
    <p class='ocr_par' dir='ltr' id='par_1_108' title="bbox 2264 4594 3765 4670">
     <span class='ocr_line' id='line_1_108' title="bbox 2264 4594 3765 4670; baseline 0.003 -20"><span class='ocrx_word' id='word_1_812' title='bbox 2264 4594 2332 4670; x_wconf 81' lang='grc' dir='ltr'><strong>(Ῑ)</strong></span> <span class='ocrx_word' id='word_1_813' title='bbox 2361 4595 3016 4670; x_wconf 69' lang='lat' dir='ltr'><strong>Vocabulnm_luminis_in</strong></span> <span class='ocrx_word' id='word_1_814' title='bbox 3055 4595 3286 4670; x_wconf 77' lang='lat' dir='ltr'><strong>vulgatis</strong></span> <span class='ocrx_word' id='word_1_815' title='bbox 3329 4601 3619 4660; x_wconf 86' lang='lat' dir='ltr'><strong>omissum.</strong></span> <span class='ocrx_word' id='word_1_816' title='bbox 3661 4612 3765 4668; x_wconf 74' lang='lat' dir='ltr'><strong>sap-</strong></span> 
     </span>
    </p>
   </div>
   <div class='ocr_carea' id='block_1_109' title="bbox 2194 4667 3762 4739">
    <p class='ocr_par' dir='ltr' id='par_1_109' title="bbox 2194 4667 3762 4739">
     <span class='ocr_line' id='line_1_109' title="bbox 2194 4667 3762 4739; baseline 0.001 -18"><span class='ocrx_word' id='word_1_817' title='bbox 2194 4667 2404 4737; x_wconf 76' lang='lat' dir='ltr'><strong>pleiuus</strong></span> <span class='ocrx_word' id='word_1_818' title='bbox 2425 4684 2491 4739; x_wconf 65' lang='lat' dir='ltr'><strong>ei;</strong></span> <span class='ocrx_word' id='word_1_819' title='bbox 2518 4682 2647 4722; x_wconf 90' lang='lat' dir='ltr'><strong>mss.</strong></span> <span class='ocrx_word' id='word_1_820' title='bbox 2679 4668 2768 4722; x_wconf 88' lang='lat' dir='ltr'><strong>Sic</strong></span> <span class='ocrx_word' id='word_1_821' title='bbox 2793 4677 2850 4722; x_wconf 89' lang='lat' dir='ltr'><strong>et</strong></span> <span class='ocrx_word' id='word_1_822' title='bbox 2888 4667 3020 4722; x_wconf 87' lang='lat' dir='ltr'><strong>infra</strong></span> <span class='ocrx_word' id='word_1_823' title='bbox 3059 4684 3113 4721; x_wconf 92' lang='lat' dir='ltr'><strong>n.</strong></span> <span class='ocrx_word' id='word_1_824' title='bbox 3144 4669 3197 4733; x_wconf 90' lang='lat'><strong>7,</strong></span> <span class='ocrx_word' id='word_1_825' title='bbox 3242 4683 3351 4722; x_wconf 91' lang='lat' dir='ltr'><strong>non</strong></span> <span class='ocrx_word' id='word_1_826' title='bbox 3380 4671 3692 4739; x_wconf 81' lang='lat' dir='ltr'><strong>simpliciter</strong></span> <span class='ocrx_word' id='word_1_827' title='bbox 3713 4667 3762 4722; x_wconf 73' lang='lat' dir='ltr'><strong>es</strong></span> 
     </span>
    </p>
   </div>
   <div class='ocr_carea' id='block_1_110' title="bbox 2193 4737 3762 4814">
    <p class='ocr_par' dir='ltr' id='par_1_110' title="bbox 2193 4737 3762 4814">
     <span class='ocr_line' id='line_1_110' title="bbox 2193 4737 3762 4814; baseline 0.003 -21"><span class='ocrx_word' id='word_1_828' title='bbox 2193 4741 2361 4803; x_wconf 89' lang='lat' dir='ltr'><strong>oculo,</strong></span> <span class='ocrx_word' id='word_1_829' title='bbox 2390 4737 2509 4814; x_wconf 83' lang='lat' dir='ltr'><strong>sed,</strong></span> <span class='ocrx_word' id='word_1_830' title='bbox 2538 4755 2599 4793; x_wconf 74' lang='lat' dir='ltr'><strong>ea;</strong></span> <span class='ocrx_word' id='word_1_831' title='bbox 2625 4739 2756 4793; x_wconf 90' lang='lat' dir='ltr'><strong>oculi</strong></span> <span class='ocrx_word' id='word_1_832' title='bbox 2788 4739 2976 4792; x_wconf 88' lang='lat' dir='ltr'><strong>lumine</strong></span> <span class='ocrx_word' id='word_1_833' title='bbox 3006 4740 3212 4810; x_wconf 84' lang='lat' dir='ltr'><strong>corpori</strong></span> <span class='ocrx_word' id='word_1_834' title='bbox 3232 4756 3439 4811; x_wconf 80' lang='lat' dir='ltr'><strong>quoque</strong></span> <span class='ocrx_word' id='word_1_835' title='bbox 3465 4737 3762 4814; x_wconf 64' lang='lat' dir='ltr'><strong>splendores</strong></span> 
     </span>
    </p>
   </div>
   <div class='ocr_carea' id='block_1_111' title="bbox 2189 4811 2481 4882">
    <p class='ocr_par' dir='ltr' id='par_1_111' title="bbox 2189 4811 2481 4882">
     <span class='ocr_line' id='line_1_111' title="bbox 2189 4811 2481 4882; baseline -0.007 -18"><span class='ocrx_word' id='word_1_836' title='bbox 2189 4811 2481 4882; x_wconf 81' lang='lat' dir='ltr'><strong>spopondit.</strong></span> 
     </span>
    </p>
   </div>
   <div class='ocr_carea' id='block_1_112' title="bbox 2266 4880 3762 4954">
    <p class='ocr_par' dir='ltr' id='par_1_112' title="bbox 2266 4880 3762 4954">
     <span class='ocr_line' id='line_1_112' title="bbox 2266 4880 3762 4954; baseline 0.004 -21"><span class='ocrx_word' id='word_1_837' title='bbox 2266 4881 2342 4954; x_wconf 67' lang='grc' dir='ltr'><strong>(υ)</strong></span> <span class='ocrx_word' id='word_1_838' title='bbox 2379 4881 2611 4936; x_wconf 88' lang='lat' dir='ltr'><strong>Hilarius</strong></span> <span class='ocrx_word' id='word_1_839' title='bbox 2643 4880 2762 4945; x_wconf 91' lang='lat' dir='ltr'><strong>hic,</strong></span> <span class='ocrx_word' id='word_1_840' title='bbox 2792 4891 3029 4935; x_wconf 85' lang='lat' dir='ltr'><strong>veterum</strong></span> <span class='ocrx_word' id='word_1_841' title='bbox 3061 4896 3231 4948; x_wconf 83' lang='lat' dir='ltr'><strong>more,</strong></span> <span class='ocrx_word' id='word_1_842' title='bbox 3262 4882 3515 4954; x_wconf 79' lang='lat' dir='ltr'><strong>animam</strong></span> <span class='ocrx_word' id='word_1_843' title='bbox 3550 4893 3762 4941; x_wconf 73' lang='lat' dir='ltr'><strong>nostram</strong></span> 
     </span>
    </p>
   </div>
   <div class='ocr_carea' id='block_1_113' title="bbox 2187 4953 3761 5027">
    <p class='ocr_par' dir='ltr' id='par_1_113' title="bbox 2187 4953 3761 5027">
     <span class='ocr_line' id='line_1_113' title="bbox 2187 4953 3761 5027; baseline 0.002 -21"><span class='ocrx_word' id='word_1_844' title='bbox 2187 4953 2392 5027; x_wconf 55' lang='lat' dir='ltr'><strong>specta</strong></span> <span class='ocrx_word' id='word_1_845' title='bbox 2419 4966 2474 5006; x_wconf 94' lang='lat' dir='ltr'><strong>ut</strong></span> <span class='ocrx_word' id='word_1_846' title='bbox 2503 4964 2788 5027; x_wconf 72' lang='lat' dir='ltr'><strong>ex_n_atur:_t</strong></span> <span class='ocrx_word' id='word_1_847' title='bbox 2825 4970 2916 5006; x_wconf 89' lang='lat' dir='ltr'><strong>sua</strong></span> <span class='ocrx_word' id='word_1_848' title='bbox 2946 4953 3229 5027; x_wconf 73' lang='lat' dir='ltr'><strong>quamdam</strong></span> <span class='ocrx_word' id='word_1_849' title='bbox 3260 4953 3465 5020; x_wconf 87' lang='lat' dir='ltr'><strong>lucem,</strong></span> <span class='ocrx_word' id='word_1_850' title='bbox 3499 4957 3761 5027; x_wconf 73' lang='lat' dir='ltr'><strong>quemdam</strong></span> 
     </span>
    </p>
   </div>
   <div class='ocr_carea' id='block_1_114' title="bbox 2187 5023 3761 5098">
    <p class='ocr_par' dir='ltr' id='par_1_114' title="bbox 2187 5023 3761 5098">
     <span class='ocr_line' id='line_1_114' title="bbox 2187 5023 3761 5098; baseline 0 -18"><span class='ocrx_word' id='word_1_851' title='bbox 2187 5023 2551 5098; x_wconf 63' lang='lat' dir='ltr'><strong>Splendorem.</strong></span> <span class='ocrx_word' id='word_1_852' title='bbox 2580 5023 2667 5098; x_wconf 85' lang='lat' dir='ltr'><strong>Sic</strong></span> <span class='ocrx_word' id='word_1_853' title='bbox 2695 5041 2723 5076; x_wconf 91' lang='lat' dir='ltr'><strong>a</strong></span> <span class='ocrx_word' id='word_1_854' title='bbox 2751 5024 3010 5098; x_wconf 81' lang='lat' dir='ltr'><strong>Gregorio</strong></span> <span class='ocrx_word' id='word_1_855' title='bbox 3046 5024 3172 5079; x_wconf 86' lang='lat' dir='ltr'><strong>Naz.</strong></span> <span class='ocrx_word' id='word_1_856' title='bbox 3205 5027 3301 5079; x_wconf 89' lang='lat' dir='ltr'><strong>0r.</strong></span> <span class='ocrx_word' id='word_1_857' title='bbox 3333 5043 3445 5082; x_wconf 80' lang='lat' dir='ltr'><strong>xui</strong></span> <span class='ocrx_word' id='word_1_858' title='bbox 3477 5023 3601 5094; x_wconf 76' lang='lat' dir='ltr'><strong>post</strong></span> <span class='ocrx_word' id='word_1_859' title='bbox 3625 5043 3761 5098; x_wconf 75' lang='lat' dir='ltr'><strong>qmm</strong></span> 
     </span>
    </p>
   </div>
   <div class='ocr_carea' id='block_1_115' title="bbox 2188 5097 3764 5168">
    <p class='ocr_par' dir='ltr' id='par_1_115' title="bbox 2188 5097 3764 5168">
     <span class='ocr_line' id='line_1_115' title="bbox 2188 5097 3764 5168; baseline 0 -18"><span class='ocrx_word' id='word_1_860' title='bbox 2188 5113 2334 5150; x_wconf 90' lang='lat' dir='ltr'><strong>ntnn.</strong></span> <span class='ocrx_word' id='word_1_861' title='bbox 2382 5097 2469 5160; x_wconf 72' lang='lat'><strong>1‘2,</strong></span> <span class='ocrx_word' id='word_1_862' title='bbox 2507 5097 2631 5150; x_wconf 80' lang='lat' dir='ltr'><strong>dit-li</strong></span> <span class='ocrx_word' id='word_1_863' title='bbox 2675 5103 2799 5149; x_wconf 88' lang='lat' dir='ltr'><strong>sunt</strong></span> <span class='ocrx_word' id='word_1_864' title='bbox 2843 5097 3013 5164; x_wconf 76' lang='lat' dir='ltr'><strong>angeli</strong></span> <span class='ocrx_word' id='word_1_865' title='bbox 3054 5097 3265 5150; x_wconf 76' lang='lat' dir='ltr'><strong>secundi</strong></span> <span class='ocrx_word' id='word_1_866' title='bbox 3300 5101 3608 5167; x_wconf 73' lang='lat' dir='ltr'><strong>splendores</strong></span> 
     </span>
    </p>
   </div>
   <div class='ocr_carea' id='block_1_116' title="bbox 2183 5167 3764 5236">
    <p class='ocr_par' dir='ltr' id='par_1_116' title="bbox 2183 5167 3764 5236">
     <span class='ocr_line' id='line_1_116' title="bbox 2183 5167 3764 5236; baseline 0.002 -15"><span class='ocrx_word' id='word_1_867' title='bbox 2183 5168 2471 5236; x_wconf 76' lang='lat' dir='ltr'><strong>splendoris</strong></span> <span class='ocrx_word' id='word_1_868' title='bbox 2497 5167 2805 5233; x_wconf 77' lang='lat' dir='ltr'><strong>administri,</strong></span> <span class='ocrx_word' id='word_1_869' title='bbox 2833 5183 2980 5220; x_wconf 90' lang='lat' dir='ltr'><strong>num.</strong></span> <span class='ocrx_word' id='word_1_870' title='bbox 3018 5167 3106 5232; x_wconf 67' lang='lat' dir='ltr'><strong>lii,</strong></span> <span class='ocrx_word' id='word_1_871' title='bbox 3137 5169 3302 5223; x_wconf 90' lang='lat' dir='ltr'><strong>homo</strong></span> <span class='ocrx_word' id='word_1_872' title='bbox 3328 5167 3640 5226; x_wconf 84' lang='lat' dir='ltr'><strong>secundum</strong></span> <span class='ocrx_word' id='word_1_873' title='bbox 3667 5171 3764 5224; x_wconf 82' lang='lat' dir='ltr'><strong>ani-</strong></span> 
     </span>
    </p>
   </div>
   <div class='ocr_carea' id='block_1_117' title="bbox 2183 5239 3118 5312">
    <p class='ocr_par' dir='ltr' id='par_1_117' title="bbox 2183 5239 3118 5312">
     <span class='ocr_line' id='line_1_117' title="bbox 2183 5239 3118 5312; baseline 0.001 -20"><span class='ocrx_word' id='word_1_874' title='bbox 2183 5256 2325 5294; x_wconf 86' lang='lat' dir='ltr'><strong>mam</strong></span> <span class='ocrx_word' id='word_1_875' title='bbox 2358 5239 2568 5312; x_wconf 76' lang='lat' dir='ltr'><strong>angelus</strong></span> <span class='ocrx_word' id='word_1_876' title='bbox 2591 5239 2725 5291; x_wconf 87' lang='lat' dir='ltr'><strong>alius</strong></span> <span class='ocrx_word' id='word_1_877' title='bbox 2758 5249 3118 5307; x_wconf 86' lang='lat' dir='ltr'><strong>nuncupatur.</strong></span> 
     </span>
    </p>
   </div>
   <div class='ocr_carea' id='block_1_118' title="bbox 2253 5330 3761 5405">
    <p class='ocr_par' dir='ltr' id='par_1_118' title="bbox 2253 5330 3761 5405">
     <span class='ocr_line' id='line_1_118' title="bbox 2253 5330 3761 5405; baseline 0.007 -23"><span class='ocrx_word' id='word_1_878' title='bbox 2253 5331 2331 5402; x_wconf 76' lang='lat' dir='ltr'><strong>(la)</strong></span> <span class='ocrx_word' id='word_1_879' title='bbox 2368 5330 2668 5405; x_wconf 75' lang='lat' dir='ltr'><strong>Apudl’ar.</strong></span> <span class='ocrx_word' id='word_1_880' title='bbox 2704 5331 2898 5405; x_wconf 71' lang='lat' dir='ltr'><strong>fuerit;</strong></span> <span class='ocrx_word' id='word_1_881' title='bbox 2925 5339 3198 5400; x_wconf 81' lang='lat' dir='ltr'><strong>corrupte.</strong></span> <span class='ocrx_word' id='word_1_882' title='bbox 3238 5331 3379 5386; x_wconf 86' lang='lat' dir='ltr'><strong>Tum</strong></span> <span class='ocrx_word' id='word_1_883' title='bbox 3420 5347 3606 5405; x_wconf 61' lang='lat' dir='ltr'><strong>printer</strong></span> <span class='ocrx_word' id='word_1_884' title='bbox 3627 5345 3761 5391; x_wconf 68' lang='lat' dir='ltr'><strong>ttat:-</strong></span> 
     </span>
    </p>
   </div>
   <div class='ocr_carea' id='block_1_119' title="bbox 2188 5402 3759 5471">
    <p class='ocr_par' dir='ltr' id='par_1_119' title="bbox 2188 5402 3759 5471">
     <span class='ocr_line' id='line_1_119' title="bbox 2188 5402 3759 5471; baseline 0.002 -15"><span class='ocrx_word' id='word_1_885' title='bbox 2188 5419 2298 5456; x_wconf 90' lang='lat' dir='ltr'><strong>ram</strong></span> <span class='ocrx_word' id='word_1_886' title='bbox 2327 5419 2492 5464; x_wconf 85' lang='lat' dir='ltr'><strong>sttttm,</strong></span> <span class='ocrx_word' id='word_1_887' title='bbox 2527 5402 2576 5455; x_wconf 92' lang='lat' dir='ltr'><strong>id</strong></span> <span class='ocrx_word' id='word_1_888' title='bbox 2607 5409 2710 5464; x_wconf 71' lang='lat' dir='ltr'><strong>e~t,</strong></span> <span class='ocrx_word' id='word_1_889' title='bbox 2736 5402 2964 5470; x_wconf 88' lang='lat' dir='ltr'><strong>amplius</strong></span> <span class='ocrx_word' id='word_1_890' title='bbox 2989 5417 3148 5471; x_wconf 91' lang='lat' dir='ltr'><strong>quam</strong></span> <span class='ocrx_word' id='word_1_891' title='bbox 3179 5419 3245 5457; x_wconf 83' lang='lat' dir='ltr'><strong>ex</strong></span> <span class='ocrx_word' id='word_1_892' title='bbox 3289 5402 3487 5463; x_wconf 80' lang='lat' dir='ltr'><strong>natura</strong></span> <span class='ocrx_word' id='word_1_893' title='bbox 3528 5425 3619 5462; x_wconf 79' lang='lat' dir='ltr'><strong>sua</strong></span> <span class='ocrx_word' id='word_1_894' title='bbox 3646 5411 3759 5466; x_wconf 82' lang='lat' dir='ltr'><strong>sit.</strong></span> 
     </span>
    </p>
   </div>
   <div class='ocr_carea' id='block_1_120' title="bbox 2187 5474 3758 5544">
    <p class='ocr_par' dir='ltr' id='par_1_120' title="bbox 2187 5474 3758 5544">
     <span class='ocr_line' id='line_1_120' title="bbox 2187 5474 3758 5544; baseline 0.003 -16"><span class='ocrx_word' id='word_1_895' title='bbox 2187 5476 2337 5544; x_wconf 89' lang='lat' dir='ltr'><strong>quasi</strong></span> <span class='ocrx_word' id='word_1_896' title='bbox 2399 5483 2592 5541; x_wconf 80' lang='lat' dir='ltr'><strong>praeter</strong></span> <span class='ocrx_word' id='word_1_897' title='bbox 2631 5474 2900 5528; x_wconf 90' lang='lat' dir='ltr'><strong>naturales</strong></span> <span class='ocrx_word' id='word_1_898' title='bbox 2930 5474 3236 5544; x_wconf 81' lang='lat' dir='ltr'><strong>tenebras,</strong></span> <span class='ocrx_word' id='word_1_899' title='bbox 3299 5491 3474 5533; x_wconf 86' lang='lat' dir='ltr'><strong>novas</strong></span> <span class='ocrx_word' id='word_1_900' title='bbox 3526 5479 3758 5544; x_wconf 78' lang='lat' dir='ltr'><strong>quasdam</strong></span> 
     </span>
    </p>
   </div>
   <div class='ocr_carea' id='block_1_121' title="bbox 2185 5543 3756 5620">
    <p class='ocr_par' dir='ltr' id='par_1_121' title="bbox 2185 5543 3756 5620">
     <span class='ocr_line' id='line_1_121' title="bbox 2185 5543 3756 5620; baseline 0.003 -20"><span class='ocrx_word' id='word_1_901' title='bbox 2185 5543 2503 5620; x_wconf 79' lang='lat' dir='ltr'><strong>eontraliant</strong></span> <span class='ocrx_word' id='word_1_902' title='bbox 2526 5544 2790 5599; x_wconf 79' lang='lat' dir='ltr'><strong>exstincto</strong></span> <span class='ocrx_word' id='word_1_903' title='bbox 2811 5543 3013 5599; x_wconf 88' lang='lat' dir='ltr'><strong>lumine</strong></span> <span class='ocrx_word' id='word_1_904' title='bbox 3036 5547 3334 5611; x_wconf 86' lang='lat' dir='ltr'><strong>mentium;</strong></span> <span class='ocrx_word' id='word_1_905' title='bbox 3362 5553 3505 5620; x_wconf 81' lang='lat' dir='ltr'><strong>quod</strong></span> <span class='ocrx_word' id='word_1_906' title='bbox 3532 5543 3700 5606; x_wconf 75' lang='lat' dir='ltr'><strong>lumen</strong></span> <span class='ocrx_word' id='word_1_907' title='bbox 3723 5549 3756 5604; x_wconf 79' lang='lat' dir='ltr'><strong>si</strong></span> 
     </span>
    </p>
   </div>
   <div class='ocr_carea' id='block_1_122' title="bbox 2178 5619 2701 5682">
    <p class='ocr_par' dir='ltr' id='par_1_122' title="bbox 2178 5619 2701 5682">
     <span class='ocr_line' id='line_1_122' title="bbox 2178 5619 2701 5682; baseline 0.002 -12"><span class='ocrx_word' id='word_1_908' title='bbox 2178 5619 2554 5682; x_wconf 79' lang='lat' dir='ltr'><strong>retinuerimus,</strong></span> <span class='ocrx_word' id='word_1_909' title='bbox 2595 5626 2701 5672; x_wconf 89' lang='lat' dir='ltr'><strong>etc.</strong></span> 
     </span>
    </p>
   </div>
   <div class='ocr_carea' id='block_1_123' title="bbox 2251 5705 3755 5781">
    <p class='ocr_par' dir='ltr' id='par_1_123' title="bbox 2251 5705 3755 5781">
     <span class='ocr_line' id='line_1_123' title="bbox 2251 5705 3755 5781; baseline 0.002 -18"><span class='ocrx_word' id='word_1_910' title='bbox 2251 5709 2315 5781; x_wconf 88' lang='lat' dir='ltr'><strong>(i)</strong></span> <span class='ocrx_word' id='word_1_911' title='bbox 2342 5709 2452 5764; x_wconf 91' lang='lat' dir='ltr'><strong>lloc</strong></span> <span class='ocrx_word' id='word_1_912' title='bbox 2479 5718 2583 5771; x_wconf 90' lang='lat' dir='ltr'><strong>est,</strong></span> <span class='ocrx_word' id='word_1_913' title='bbox 2615 5707 2682 5781; x_wconf 84' lang='lat' dir='ltr'><strong>ad</strong></span> <span class='ocrx_word' id='word_1_914' title='bbox 2708 5705 3006 5781; x_wconf 74' lang='lat' dir='ltr'><strong>diligendus</strong></span> <span class='ocrx_word' id='word_1_915' title='bbox 3034 5710 3244 5766; x_wconf 87' lang='lat' dir='ltr'><strong>amicos</strong></span> <span class='ocrx_word' id='word_1_916' title='bbox 3275 5714 3358 5768; x_wconf 85' lang='lat' dir='ltr'><strong>vel</strong></span> <span class='ocrx_word' id='word_1_917' title='bbox 3390 5714 3657 5780; x_wconf 81' lang='lat' dir='ltr'><strong>inimicos,</strong></span> <span class='ocrx_word' id='word_1_918' title='bbox 3678 5728 3755 5769; x_wconf 78' lang='lat' dir='ltr'><strong>seu</strong></span> 
     </span>
    </p>
   </div>
   <div class='ocr_carea' id='block_1_124' title="bbox 2178 5777 3751 5852">
    <p class='ocr_par' dir='ltr' id='par_1_124' title="bbox 2178 5777 3751 5852">
     <span class='ocr_line' id='line_1_124' title="bbox 2178 5777 3751 5852; baseline 0.002 -14"><span class='ocrx_word' id='word_1_919' title='bbox 2178 5782 2242 5838; x_wconf 89' lang='lat' dir='ltr'><strong>ad</strong></span> <span class='ocrx_word' id='word_1_920' title='bbox 2262 5777 2408 5839; x_wconf 80' lang='lat' dir='ltr'><strong>bene</strong></span> <span class='ocrx_word' id='word_1_921' title='bbox 2435 5782 2517 5838; x_wconf 82' lang='lat' dir='ltr'><strong>vel</strong></span> <span class='ocrx_word' id='word_1_922' title='bbox 2549 5779 2688 5837; x_wconf 85' lang='lat' dir='ltr'><strong>male</strong></span> <span class='ocrx_word' id='word_1_923' title='bbox 2715 5778 2814 5836; x_wconf 87' lang='lat' dir='ltr'><strong>sibi</strong></span> <span class='ocrx_word' id='word_1_924' title='bbox 2845 5777 3101 5837; x_wconf 84' lang='lat' dir='ltr'><strong>facientes</strong></span> <span class='ocrx_word' id='word_1_925' title='bbox 3125 5784 3446 5852; x_wconf 83' lang='lat' dir='ltr'><strong>promiscue</strong></span> <span class='ocrx_word' id='word_1_926' title='bbox 3475 5803 3538 5843; x_wconf 89' lang='lat' dir='ltr'><strong>sc</strong></span> <span class='ocrx_word' id='word_1_927' title='bbox 3559 5777 3751 5845; x_wconf 74' lang='lat' dir='ltr'><strong>lubere.</strong></span> 
     </span>
    </p>
   </div>
  </div>
