3882 6332
49 337 159 395 945
246 366 253 370 ·

972 347 1521 411 COMMENTARIUS
1559 352 1629 412 ΙΝ
1667 355 2096 419 ΜΑΤΤΗᾹζυΜ.
2134 362 2289 419 CAP.
2339 363 2397 419 V.

3234 373 3341 432 946

49 468 165 518 tum
190 472 270 521 est
309 464 607 536 professus,
639 466 754 523 vult
782 466 899 524 sine
923 468 1101 541 aliqua
1143 469 1367 527 incerta:
1392 470 1640 528 volunta-
1666 477 1723 539 Α
1815 475 1870 532 8.
1902 477 1979 533 De
1994 481 2362 535 resurrectione
2382 483 2618 552 quadam
2647 483 2806 540 dubia
2834 487 3123 545 solvuntur.
3141 520 3213 531 —
3232 490 3343 547 Sed

49 555 121 610 tis
153 557 493 628 ambiguitate
530 560 735 628 sperari
768 578 781 614 :
810 560 1043 632 alioquin
1082 562 1396 632 jusulicatio
1437 578 1506 620 ex
1540 564 1644 620 fide

48 652 194 708 nulla
239 663 342 721 est,
391 654 436 710 si
476 653 611 710 iides
655 656 766 724 ipsa
814 655 905 711 fiat
941 657 1212 728 ambigua.
1260 655 1428 727 Igitur
1455 671 1641 715 curam

48 743 250 799 nullam
271 760 393 803 esse
423 747 649 802 vestitus
679 755 733 803 ct
761 748 864 803 cibi
894 748 1157 821 praecipit,
1186 749 1376 806 dicens
1413 757 1469 807 et
1497 750 1638 806 escis

50 835 303 901 animam.
335 847 391 892 et
413 839 535 895 cibo
566 853 764 909 corpus
790 855 911 895 esse
939 840 1251 909 pretiosius.

118 928 172 983 7.
221 928 390 984 Altior
427 947 607 986 sensus
644 932 763 986 latet
808 933 861 986 iu
906 933 1185 1000 pradicas.
1214 965 1284 975 -—
1312 933 1381 990 Et
1424 920 1640 1007 quidem

47 1022 324 1094 pulchrum
354 1033 459 1092 est,
491 1026 833 1096 praesentium
866 1041 1046 1082 rerum
1077 1036 1411 1096 contemptu,
1454 1044 1638 1085 curam

50 1124 253 1173 tantum
283 1117 480 1173 divinis
529 1119 692 1176 rebus
731 1121 1089 1191 impendere:
1121 1124 1215 1179 sed
1255 1124 1419 1180 altius
1460 1141 1640 1181 sermo

44 1208 345 1276 descendit,
385 1219 439 1267 et
474 1210 525 1265 in
570 1211 809 1285 cmiesus
850 1212 982 1270 dicti
1012 1214 1425 1286 intelligentiam
1454 1218 1637 1271 verbis

43 1305 281 1375 subjecta
310 1305 449 1363 ratio
478 1307 806 1364 extenditur.
832 1308 1170 1365 Thesaurum
1204 1310 1465 1366 Dominus
1480 1311 1639 1367 condi

43 1396 200 1467 iussit
240 1399 294 1454 in
332 1399 495 1467 caelo,
530 1410 586 1455 et
629 1416 693 1457 ex
743 1401 885 1458 oculi
928 1402 1133 1459 lumine
1170 1406 1385 1474 corpori
1424 1422 1640 1477 quoque

43 1492 385 1562 splendorem
424 1492 734 1564 Spopondit,
766 1502 823 1550 et
848 1494 1084 1551 dominis
1123 1495 1332 1553 duobus
1363 1500 1637 1555 neminem

43 1584 254 1657 placere
270 1598 430 1655 posse
458 1594 684 1643 testatus
710 1594 795 1643 est
822 1604 837 1641 :
860 1595 917 1642 et
939 1588 1194 1659 pastinare
1222 1590 1297 1644 ait
1326 1606 1339 1643 :
1369 1588 1498 1645 Ideo
1519 1591 1634 1647 dico

43 1676 203 1745 vobis,
233 1692 296 1732 ne
326 1678 561 1749 cogitetis
602 1678 658 1732 in
697 1679 854 1734 corde
882 1688 1069 1745 vestro,
1114 1680 1240 1749 quid
1282 1681 1638 1749 manducetis;

43 1787 204 1841 neque
243 1773 447 1842 corpori
490 1784 678 1840 vestro,
709 1773 834 1844 quid
877 1773 1127 1829 inductis.
1165 1773 1241 1849 (a)
1273 1776 1406 1843 Quae
1444 1792 1638 1833 conse-

1746 568 1871 639 quia
1923 579 2211 642 corruptus
2258 572 2399 628 circa
2452 574 2754 633 futurorum
2808 593 2994 636 curam
3041 580 3340 638 infidelium

1744 676 1937 719 sensus
1967 675 2070 730 est,
2100 667 2545 725 calumniantium
2563 687 2686 743 qua:
2714 672 2766 728 in
2797 679 3192 732 resurrectione
3218 691 3343 733 eor-

1745 771 1935 829 porum
1989 762 2198 831 species
2241 762 2310 817 sit
2356 763 2551 832 futura,
2602 764 2821 840 qua:(b)
2871 770 2923 823 iu
2979 768 3336 827 substantiam

1744 849 2062 907 aitertiitatis
2089 849 2342 909 aiinmnia
2373 869 2387 920 ;
2416 864 2612 910 etcum
2634 871 2703 911 ex
2732 857 3141 917 difficultatibus
3163 877 3340 932 quies-

1743 942 1949 999 tionum
1993 945 2286 1010 inutilium.
2326 950 2573 1018 quzedam
2618 952 2939 1021 utendarum
2978 956 3329 1026 prmsentium

1743 1037 2074 1106 voluptatum
2118 1041 2256 1096 ratio
2282 1044 2504 1113 quaesita
2547 1053 2650 1112 cst,
2700 1046 2871 1101 inutili
2906 1046 2976 1119 (c)
2996 1057 3157 1105 metu
3197 1049 3340 1106 circa

1746 1130 1837 1186 Dei
1868 1134 2224 1188 reverentiam
2256 1134 2619 1201 demorantcs.
2648 1138 2701 1193 in
2732 1140 2916 1194 saeculi
2938 1140 3127 1210 gaudia
3163 1151 3338 1197 trans-

1742 1232 1903 1288 eunt;
1927 1233 2089 1295 atque
2121 1226 2190 1279 ita
2220 1234 2323 1290 est.
2358 1237 2414 1280 ut
2442 1227 2652 1284 duobus
2673 1229 2908 1287 dominis
2931 1233 3090 1289 unius
3116 1233 3335 1289 inlidele

1742 1318 2019 1373 servitium
2051 1319 2121 1373 sit
2153 1338 2165 1372 :
2191 1319 2352 1388 igitur
2378 1338 2441 1377 ex
2468 1337 2678 1377 summo
2703 1326 2922 1396 pietatis
2952 1325 3167 1394 ali‘ectu,
3201 1343 3327 1399 gra-

1740 1412 1962 1489 vissimo
1994 1411 2075 1486 (ιι)
2123 1412 2437 1469 diifidentiae
2476 1417 2714 1485 periculo
2758 1427 2882 1473 aute
2932 1419 3210 1489 prtcdicto,
3264 1420 3340 1476 ita

1740 1482 1992 1559 admonet
2026 1521 2039 1556 :
2075 1502 2266 1559 Nonne
2302 1506 2475 1560 anima
2504 1508 2671 1578 pluris
2697 1520 2770 1564 est
2800 1528 2952 1582 quam
2981 1529 3117 1574 esca.
3145 1524 3191 1568 et
3220 1529 3339 1568 cor-

1740 1611 1837 1666 pus
1862 1596 2028 1668 pluris
2054 1605 2126 1650 est
2152 1612 2307 1667 quam
2335 1600 2684 1655 uestimentum
2710 1600 2871 1675 (Ibid.
2915 1600 3048 1676 25)?
3080 1605 3137 1660 In
3178 1604 3339 1663 dictis

1740 1687 1836 1744 Dei
1865 1690 2065 1745 veritas
2087 1700 2191 1753 est,
2216 1702 2270 1747 et
2298 1706 2477 1747 rerum
2506 1693 2863 1749 creandarum
2892 1695 3182 1753 efficientia
3214 1713 3335 1753 om-

1739 1781 1825 1836 nis
1850 1782 1902 1836 iu
1933 1782 2100 1838 verbo
2128 1793 2230 1839 cst.
2267 1781 2344 1837 ita
2392 1799 2490 1839 nec
2519 1785 2662 1856 quod
2695 1787 2988 1856 spopondit
3024 1789 3334 1861 ambiguum

43 1876 298 1938 iuuatur,
330 1883 437 1923 non
461 1868 593 1924 satis
616 1867 1426 1951 pr0positionibuscongruunt.
1460 1871 1619 1927 Num-
1655 1878 1705 1938 B
1732 1885 1835 1943 est,
1868 1880 1968 1931 nec
2011 1876 2259 1933 inefficax
2289 1878 2454 1950 692
2484 1878 2626 1949 quod
2683 1880 2894 1938 locutus
2935 1890 3038 1938 est.
3068 1883 3210 1938 Nihil
3240 1893 3326 1939 est

43 1961 163 2031 lnid
196 1969 252 2016 et
279 1959 440 2017 unius
460 1962 662 2017 domini
696 1977 889 2017 servus
919 1977 1023 2018 non
1052 1963 1221 2034 possit
1247 1965 1389 2019 circa
1420 1974 1630 2023 vestem

43 2066 155 2108 sse
174 2052 461 2125 cibumque
489 2054 791 2110 sollicitus?
809 2054 1075 2124 Numquid
1101 2070 1198 2127 per
1220 2056 1508 2113 adversam
1536 2074 1632 2114 va-

43 2143 333 2202 etudinem
388 2145 639 2202 hebetato
680 2148 820 2203 oculi
850 2146 1055 2204 lumine
1094 2147 1470 2205 obscurabitur
1512 2166 1634 2206 cor-

43 2238 167 2306 ius?
193 2247 288 2293 aut
315 2239 456 2310 quod
484 2240 725 2311 corporis
753 2240 934 2295 lumen
963 2255 1084 2297 esse
1122 2243 1295 2312 possit
1330 2258 1395 2299 ex
1424 2245 1631 2301 oculo?

43 2330 298 2403 iumquid
341 2332 702 2391 thesaurizare
729 2335 783 2390 in
829 2334 983 2392 caelis
1015 2334 1132 2392 sola
1163 2335 1379 2392 auditas
1409 2345 1505 2393 aut
1553 2338 1631 2392 fa-

43 2440 144 2482 nes
171 2425 417 2498 poterit?

91 2591 180 2671 (α)
206 2592 264 2671 Id
296 2601 401 2671 est,
431 2593 552 2651 licet
584 2596 637 2651 in
672 2595 755 2671 his
785 2614 798 2649 :
829 2595 959 2650 Ideo
988 2595 1105 2671 diro
1120 2597 1259 2651 vobis
1286 2612 1349 2651 ne
1367 2597 1622 2671 cogitetis,

43 2664 296 2720 iarticula
322 2667 439 2720 ideo
479 2670 875 2723 connexionetn
916 2670 1255 2736 superiorum
1284 2683 1404 2723 cum
1428 2664 1627 2723 'subse-

43 2737 323 2808 tuentibus
352 2738 555 2794 indicet
585 2756 597 2792 :
629 2748 809 2794 tamen
831 2755 950 2808 quae
974 2738 1104 2794 illud
1133 2739 1248 2793 ideo
1276 2754 1621 2808 consequun-

43 2825 136 2869 ur.
168 2823 276 2882 non
296 2810 436 2882 satis
477 2819 782 2882 congruunt
808 2826 930 2866 cum
972 2811 1037 2866 iis
1064 2826 1185 2882 quze
1213 2812 1547 2881 praecedunt.

97 2881 179 2952 (b)
235 2880 394 2944 Edili,
433 2882 489 2936 in
512 2880 817 2936 substantia.
851 2880 1093 2937 Rectius
1116 2880 1246 2937 mss.
1279 2883 1535 2953 potiores,
1570 2886 1624 2940 in

46 2953 402 3019 ubstantiam;
452 2954 553 3008 hoc
583 2960 688 3020 est,
719 2970 818 3024 qua
865 2954 917 3008 in
952 2964 1213 3009 mternum
1242 2955 1457 3009 valeant
1500 2957 1626 3011 sub-

44 3024 226 3079 sistere.
260 3033 420 3094 atque
443 3029 752 3081 conservari
781 3043 794 3080 :
822 3034 933 3080 tum
966 3040 1063 3092 pro
1086 3035 1132 3080 et
1167 3040 1307 3092 cunt,
1341 3027 1625 3085 mallemus

43 3105 74 3150 ιι
108 3111 264 3162 cum;
305 3097 540 3169 maxime
568 3098 690 3167 quia
722 3097 772 3152 in
802 3113 903 3152 ms.
932 3095 1088 3153 Colb.
1123 3108 1244 3168 post
1278 3099 1543 3169 sequitur,
1572 3101 1628 3155 in

43 3169 211 3240 :trculi
232 3167 421 3240 gaudia
450 3179 733 3224 transeant.

101 3239 180 3313 (c)
211 3239 324 3313 [ioc
345 3248 451 3313 est,
475 3256 598 3297 eum
626 3240 830 3312 ahjecta
860 3241 1176 3297 a-ternitatis
1195 3255 1292 3312 spe
1316 3242 1369 3297 in
1399 3240 1549 3298 cultu
1567 3257 1631 3299 ac

1737 1968 1881 2039 quod
1941 1985 2048 2025 non
2091 1971 2142 2026 in
2183 1971 2483 2026 substantia
2536 1989 2630 2027 sua
2683 1981 2739 2027 et
2774 1975 3048 2031 creatione
3088 1975 3159 2049 (ε)
3217 1992 3340 2032 cor-

1736 2074 1960 2131 porcum
1989 2061 2057 2116 sit
2085 2079 2097 2115 :
2124 2072 2179 2117 et
2223 2065 2488 2131 omnium,
2517 2064 2632 2121 sive
2672 2066 2726 2120 in
2766 2065 2907 2120 coelo
2934 2066 3048 2122 sive
3080 2068 3131 2122 in
3166 2079 3331 2133 terra,

1734 2152 1852 2207 sive
1899 2152 2190 2208 visibilium
2241 2154 2356 2209 sive
2389 2155 2762 2223 invisibilium,
2798 2158 3063 2215 elementa
3110 2159 3338 2216 formata

1734 2254 1881 2300 sunt.
1913 2245 2049 2301 Nam
2095 2255 2152 2302 et
2190 2248 2490 2303 animarum
2531 2250 2764 2320 species,
2814 2252 2930 2308 sive
2971 2253 3335 2310 obtinentium

1733 2353 1986 2409 corpora,
2018 2340 2135 2395 sive
2153 2341 2475 2411 corporibus
2502 2342 2888 2409 exsulantium,
2925 2345 2993 2418 (f)
3015 2360 3335 2418 corpoream

1737 2441 1916 2490 tamen
1970 2444 2177 2490 natura:
2228 2449 2343 2492 suae
2393 2435 2752 2492 substantiam
2809 2440 3150 2507 sortiuntur;
3202 2441 3328 2511 quia

1730 2614 1889 2654 sonus
1907 2598 2064 2662 uocis,
2097 2597 2187 2652 sed
2208 2614 2290 2652 res
2316 2597 2631 2653 substantira
2657 2614 2718 2653 ac
2743 2613 2833 2668 per
2858 2597 3194 2652 substantiam
3216 2613 3333 2651 cor—

1731 2669 2014 2735 pnlentiva.
2048 2668 2184 2724 Tum
2209 2670 2575 2739 prosequitur,
2603 2667 2725 2723 Non
2744 2669 2881 2723 enim
2906 2669 3016 2722 sine
3042 2668 3333 2739 substantia

1729 2742 1974 2812 constitit,
1995 2740 2128 2812 quod
2158 2738 2225 2794 de
2243 2738 2689 2812 tanta'substantia
2717 2742 2834 2812 fecit
2865 2739 3026 2811 (forte
3046 2740 3200 2812 fuit).
3230 2738 3333 2795 Ni-

1728 2811 1956 2885 hiliergo
1986 2810 2203 2885 uacnunt
2228 2813 2492 2885 de_pleno,
2523 2811 2655 2867 nihil
2674 2810 2841 2885 inane
2869 2810 2933 2864 de
2957 2810 3125 2865 solido
3149 2826 3169 2865 :
3210 2812 3334 2882 quia

1729 2880 1826 2937 Dei
1856 2880 2021 2938 sermo
2050 2884 2262 2955 spiritus
2283 2881 2380 2939 Dei
2410 2882 2640 2938 Christus
2664 2883 2945 2937 instructus
2968 2890 3080 2955 est,
3135 2891 3183 2936 et
3204 2880 3232 2948 ,'
3272 2892 3333 2937 ut

1734 2954 2013 3008 evidentius
2067 2949 2258 3019 dicam,
2306 2957 2552 3010 sermonis
2591 2970 2781 3025 corpus
2818 2962 2911 3006 est.
2955 2949 3158 3025 Corpus
3196 2955 3333 3007 enim

1734 3026 1970 3095 spiritus,
1996 3026 2088 3080 sed
2118 3042 2305 3092 corpus
2351 3027 2429 3081 sui
2458 3023 2690 3096 generis;
2731 3024 2872 3079 Nam
2899 3032 2947 3077 et
2989 3023 3255 3078 invisibilis
3284 3034 3333 3079 et

1735 3097 2265 3167 incomprehensibilis
2290 3098 2503 3164 spiritus
2526 3112 2545 3149 :
2571 3097 3084 3167 nttmquidAtantenet
3107 3096 3263 3149 inane
3282 3105 3334 3150 et

1735 3165 2024 3250 immanes
2055 3168 2216 3250 (forte
2248 3170 2325 3250 rei
2355 3180 2444 3223 aut
2478 3184 2640 3250 vacua
2669 3165 2774 3250 res)
2806 3165 2964 3220 Deus.
2999 3165 3117 3250 Quo
3145 3182 3332 3250 feusu

1735 3236 2124 3304 Tertulliantis,
2155 3239 2248 3293 ιιι».
2280 3242 2347 3294 tie
2375 3256 2538 3295 carne
2566 3236 2796 3302 Christi,
2830 3253 2977 3291 num.
3004 3237 3096 3303 l2,
3126 3236 3330 3292 dixisse

43 3305 179 3392 netu
226 3310 449 3392 Deinjta
488 3305 956 3392 demoréuturz‘ut
1001 3313 1190 3392 cultus
1224 3305 1288 3367 ac
1332 3321 1508 3392 metus
1548 3315 1632 3369 sui
1658 3318 1703 3380 C
1736 3310 1949 3392 videtur
1974 3330 1987 3363 :
2015 3309 2178 3392 Omne
2204 3310 2341 3392 quod
2365 3321 2460 3392 est,
2491 3326 2678 3392 corpus
2705 3319 2776 3392 est
2819 3309 2899 3392 sui
2894 3305 3332 3392 "gener-istulliihil

43 3383 231 3457 tuilam
257 3382 546 3457 utilitatem
572 3393 811 3457 sperent.
840 3381 1082 3457 Dejectus
1111 3385 1245 3437 enim
1285 3386 1634 3452 unusquisque

43 3456 107 3528 t_el
134 3462 307 3509 motus
357 3455 420 3510 de
456 3454 623 3528 gradu
667 3456 775 3528 spei
819 3454 932 3528 ejus
959 3472 1112 3523 quam
1153 3465 1449 3525 susceperat
1489 3456 1633 3527 apud

43 3525 349 3599 Ireatorem,
392 3526 543 3599 facile
568 3528 684 3599 ⁸ᾔριιι
722 3525 1013 3599 declinatur
1026 3529 1093 3581 ad
1122 3528 1332 3581 alterius
1357 3528 1468 3599 spei
1494 3525 1632 3582 ant:-

46 3614 217 3659 orent,
246 3605 308 3652 ut
335 3596 580 3663 loquitur
592 3596 959 3653 Tertullianns
985 3598 1053 3652 de
1075 3614 1274 3654 resurr.
1298 3598 1475 3653 cat-nis
1503 3599 1629 3655 n.2.

98 3669 182 3742 (ά)
214 3668 272 3723 lu
294 3668 546 3739 vulgatis.
579 3669 1351 3742 gratissimoqueLRemovctur
1371 3671 1629 3742 particula

43 3738 439 3812 supervacanea
484 3738 805 3812 auctoritate
833 3738 935 3796 nis.
974 3738 1125 3797 Colb.
1156 3741 1341 3812 Neque
1376 3738 1630 3798 audiendi

43 3812 276 3883 luinque
314 3810 424 3875 alii,
454 3812 542 3879 qui
574 3811 717 3883 hunc
748 3813 921 3869 locum
954 3811 1025 3866 ita
1068 3810 1323 3868 exhibent
1352 3830 1364 3865 :
1392 3813 1549 3883 igitur
1569 3830 1633 3869 ea:

43 3880 233 3956 inmitia
277 3883 553 3956 impietatis
600 3880 809 3950 affectu,
861 3885 1279 3956 gravissimoqnei
1310 3880 1626 3956 diﬁidentiae,

43 3952 443 4008 rrredicutio'ita
477 3952 735 4009 admonet.
777 3952 1045 4011 Admonet
1068 3952 1231 4024 porro
1262 3952 1519 4010 Doniinus
1561 3972 1629 4013 ex

43 4025 226 4082 tﬂ'ectu
254 4025 494 4097 pietatis,
527 4035 646 4097 post
673 4039 832 4096 quam
866 4025 1112 4097 prmdixit
1140 4024 1456 4080 difﬁdentiae
1486 4027 1628 4096 peri-

43 4099 233 4153 utinm.

96 4169 176 4242 (ε)
208 4169 350 4242 Quid
382 4168 469 4226 hic
505 4184 824 4242 corporeum
846 4167 990 4224 dicat
1032 4167 1264 4223 Hilarius
1292 4210 1308 4233 ,
1366 4184 1473 4242 non
1501 4169 1634 4224 satis
1668 4204 1673 4209 -

48 4239 229 4312 iquet.
258 4240 392 4296 Cum
418 4239 675 4312 tamenin
706 4239 847 4294 Psal.
879 4256 1060 4303 CXXIX,
1099 4257 1129 4293 ιι
1169 4242 1221 4303 5,
1265 4240 1632 4312 explicaturus

43 4310 155 4369 liud
200 4311 461 4380 Joannis,
514 4310 656 4368 Deus
683 4312 895 4384 spiritus
924 4321 1016 4376 est,
1048 4312 1315 4375 subjiciat,
1362 4310 1632 4366 invisibilis

44 4387 226 4440 cilicet
255 4396 302 4439 et
328 4385 577 4439 immensa
607 4393 758 4451 atque
779 4384 914 4436 intra
934 4399 987 4437 se
1013 4399 1221 4436 manens
1246 4395 1289 4437 et
1315 4394 1507 4437 teter-na
1536 4400 1633 4436 na-

43 4473 187 4521 ura;
222 4457 399 4510 innuit
439 4455 491 4510 id
523 4470 721 4527 corpus
750 4469 873 4510 esse
897 4496 912 4520 ,
943 4454 1087 4525 quod
1133 4453 1499 4527 immensitate
1540 4463 1634 4527 aut

43 4528 333 4583 eteruilale
351 4541 545 4582 carens
561 4525 699 4581 intra
718 4541 777 4579 se
793 4541 897 4580 non
921 4536 1155 4581 maneat.
1176 4525 1410 4595 ldipsum
1434 4525 1632 4581 confir-

43 4615 182 4655 nare
218 4598 434 4653 videtur
479 4599 529 4652 in
562 4597 704 4653 Psal.
746 4612 928 4663 CXXIV,
959 4614 1013 4653 ιι.
1062 4596 1119 4660 6,
1153 4596 1241 4652 ubi
1273 4596 1431 4652 docet
1460 4596 1628 4652 Deum

50 4672 288 4727 mnibus
316 4670 508 4725 adesse
532 4687 547 4725 :
578 4668 779 4733 ethoc,
804 4669 925 4737 quia
972 4667 1205 4736 Spiritus
1230 4676 1306 4721 est
1344 4670 1516 4722 omnia
1541 4686 1633 4738 pe-

44 4755 246 4801 etrans
280 4750 325 4796 et
348 4742 630 4795 continens.
660 4738 779 4794 Non
800 4741 936 4795 enim
956 4741 1239 4793 secundum
1260 4755 1351 4794 nos
1381 4756 1630 4807 corpora-

49 4835 77 4869 s
107 4824 196 4870 est
221 4855 238 4879 ,
294 4822 351 4866 ut
381 4829 496 4866 cum
543 4811 734 4866 alicubi
762 4813 916 4879 adsit,
974 4810 1103 4866 absit
1127 4811 1357 4876 aliunde,
1388 4820 1493 4866 etc.
1526 4809 1630 4867 Ubi

45 4889 181 4942 ides
212 4883 269 4939 id
301 4887 479 4940 vocari
503 4882 803 4948 corporale.
835 4882 977 4953 quod
1002 4899 1115 4937 cum
1140 4882 1329 4937 alicubi
1357 4882 1512 4948 adsit,
1540 4882 1632 4936 ub-

43 4962 76 5013 it
109 4957 360 5012 aliunde.
385 4953 522 5010 Cum
553 4955 713 5025 igitur
743 4954 828 5008 hic
849 4968 1099 5009 asserens
1120 4953 1250 5008 nihil
1281 4969 1385 5008 non
1413 4954 1466 5008 in
1498 4956 1629 5010 sub-

43 5030 231 5087 iantia
273 5035 326 5081 et
354 5027 630 5081 creatione
654 5040 1003 5095 corporeum,
1028 5025 1079 5080 id
1128 5040 1231 5080 una
1262 5025 1471 5081 ratione
1498 5041 1633 5081 cou-

46 5110 238 5165 rmet,
272 5099 393 5168 quia
414 5113 564 5151 omne
586 5098 723 5169 quod
742 5107 968 5151 creatum
1010 5106 1100 5169 est,
1131 5098 1185 5150 in
1234 5097 1411 5169 aliqua
1444 5098 1511 5151 sit
1539 5113 1629 5151 ne-

43 5188 169 5231 esse
189 5180 310 5235 est;
333 5169 404 5223 nil
420 5177 565 5225 vetat
579 5167 686 5238 quo
698 5169 876 5223 minus
890 5168 1219 5238 intelligatur
1233 5167 1284 5221 iti
1306 5183 1627 5236 corporeum

45 5248 251 5306 icere,
281 5240 424 5312 quod
449 5241 500 5296 in
527 5240 705 5310 aliquo
732 5247 964 5312 tantum,
989 5254 1093 5312 non
1126 5239 1179 5293 in
1220 5239 1367 5293 omni
1389 5246 1637 5308 tempore

43 5328 111 5373 ut
153 5314 284 5369 loco
303 5310 420 5377 sit,
472 5326 568 5366 seu
621 5311 761 5380 quod
794 5311 844 5365 iu
874 5310 982 5365 alio
1002 5310 1184 5382 aliquo
1207 5350 1223 5377 ,
1256 5325 1363 5364 non
1394 5311 1533 5366 intra
1576 5326 1637 5382 se

43 5394 278 5445 ianeat.
315 5383 369 5438 id
398 5397 614 5452 quoque
655 5396 975 5451 corporeum
1025 5380 1219 5437 vocare
1271 5383 1463 5450 potuit,
1492 5380 1635 5450 quod

43 5475 151 5516 nm
186 5471 258 5510 ex
291 5455 532 5524 partibus
560 5461 653 5508 aut
678 5453 1021 5524 qualitatibus
1067 5463 1255 5508 natura
1287 5468 1382 5507 sua
1412 5467 1635 5524 compog

43 5536 198 5589 itum
232 5523 326 5590 sit,
358 5526 487 5580 nihil
520 5539 625 5579 non
655 5523 815 5580 habet
840 5524 980 5592 quod
1025 5524 1092 5580 ad
1146 5525 1505 5594 integritatem
1549 5523 1631 5579 sui

43 5601 316 5660 ertineat
347 5616 361 5652 :
410 5612 517 5668 quo
544 5603 753 5665 spectat
799 5595 937 5668 illud
978 5596 1029 5668 in
1058 5597 1195 5668 psal.
1237 5610 1395 5650 cxxtx
1423 5637 1436 5658 ,
1473 5612 1527 5650 ιι.
1556 5594 1630 5648 4:

43 5668 307 5742 lnidquid
333 5666 666 5742 compositum
694 5677 787 5720 est.
800 5666 1066 5742 ._hab_et
1089 5666 1435 5742 initiumaqu
1447 5682 1633 5738 corpo-

43 5736 200 5802 ntur'
224 5750 285 5795 ut
321 5748 539 5793 maneat.
583 5739 695 5794 lino
715 5737 855 5806 apud
878 5736 1231 5793 Phtnbadium
1252 5737 1437 5793 Hilarii
1454 5736 1635 5807 aequa-

43 5834 132 5876 :m
168 5825 350 5869 vacuo
388 5817 445 5866 et
471 5810 612 5864 iuaui
643 5824 720 5880 ac,
754 5824 861 5880 non
892 5808 1053 5878 pleno
1095 5824 1294 5880 corpus
1321 5807 1633 5880 opponitur.

43 5902 150 5955 pse
183 5884 335 5940 enim
366 5881 460 5936 Dei
508 5879 648 5935 ﬁlius
673 5878 742 5934 ab
781 5879 874 5936 illo
920 5888 1143 5935 vocatur
1187 5879 1286 5937 Dei
1313 5878 1499 5945 sermo,
1531 5893 1633 5935 non

1659 4706 1708 4768 D

1736 3391 1809 3436 est
1837 3382 2179 3450 incorporale,
2201 3378 2300 3435 nisi
2320 3382 2458 3452 quod
2470 3398 2569 3436 non
2584 3378 2684 3435 est.
2712 3380 2802 3435 Sic
2818 3390 2872 3433 et
2894 3378 3120 3452 'l‘uilius,
3138 3378 3230 3452 lib.
3253 3394 3328 3452 tv,

1734 3452 1803 3507 de
1836 3448 2057 3509 Finibus
2082 3471 2095 3508 :
2128 3453 2253 3518 Alii,
2276 3448 2421 3521 quasi
2443 3452 2640 3506 nullum
2662 3467 2846 3523 corpus
2870 3450 2936 3503 sit
2960 3448 3185 3523 hominis
3212 3490 3228 3512 ,
3256 3451 3333 3503 ita

1733 3536 1920 3596 prwter
1941 3525 2168 3578 animum
2210 3523 2341 3577 nihil
2368 3534 2588 3596 curant:
2616 3521 3044 3596 cumprtpsertim
3069 3522 3331 3596 ipseque:

1732 3590 1831 3666 que
1872 3598 2075 3651 animus
2116 3613 2217 3650 non
2248 3597 2397 3649 inane
2427 3595 2597 3649 nescio
2626 3594 2750 3658 quid
2797 3593 2863 3646 sit
2894 3590 3074 3665 (neque
3109 3592 3243 3666 enim
3268 3592 3330 3666 id

1733 3662 1940 3739 possum
1975 3668 2301 3738 intelligere),
2327 3668 2416 3721 sed
2441 3668 2495 3721 in
2516 3667 2735 3739 quodam
2760 3662 2955 3739 genere
2983 3663 3248 3739 corporis._
3268 3662 3328 3718 ld

1732 3735 1950 3793 demum
1994 3735 2314 3808 corporeum
2350 3735 2547 3793 vocare
2592 3738 2741 3803 licet,
2772 3735 3051 3808 quodnon
3096 3744 3179 3788 est
3205 3735 3327 3808 sine

1732 3810 1908 3880 aliqua
1934 3811 2000 3881 ad
2022 3805 2218 3881 corpus
2233 3809 2564 3871 habitudine,
2589 3809 2773 3881 sicque
2794 3805 3022 3881 intelligi
3041 3805 3328 3861 commode

1734 3878 2097 3959 potest‘iliud‘
2122 3878 2334 3959 ’EVndii
2369 3882 2510 3952 apud
2542 3878 2897 3959 Augustinum
2935 3878 3092 3949 epist.
3139 3891 3323 3959 et.v_ttt,

1734 3968 1881 4007 uum.
1919 3953 1979 4006 ll
2017 3972 2029 4006 :
2063 3954 2300 4007 Animam
2347 3970 2467 4022 ergo
2494 3953 2632 4006 omni
2661 3966 2873 4022 corpore
2918 3964 3090 4022 carere
3127 3953 3331 4022 penitus

1734 4039 1837 4075 non
1862 4039 2031 4105 posse,
2068 4024 2161 4077 illa
2205 4039 2283 4077 res
2312 4032 2365 4076 ut
2394 4015 2515 4105 ,qu
2548 4015 2791 4105 ostendi},
2836 4019 2973 4101 quod
2997 4015 3327 4105 solusiylieus

1733 4090 1873 4146 omni
1897 4109 2340 4166 corporesemper
2372 4090 2527 4147 caret.
2565 4091 2689 4146 ιιωε
2722 4092 2934 4144 interim
2965 4099 3106 4143 uota:
3135 4090 3329 4142 subse-

1733 4165 2219 4241 quenti‘pﬁcmissa
2249 4166 2377 4241 sint.
2435 4234 2446 4241 _
3118 4229 3130 4241 _
3204 4229 3215 4241 .

1805 4234 1877 4318 (ί)
1908 4228 2135 4318 D'tlliciie
2164 4244 2248 4290 est
2268 4233 2411 4318 hunc
2435 4231 2916 4318 iocumconfiiiare.
2933 4228 3326 4318 cumipluribu‘s

1732 4302 1870 4371 aliis,
1906 4317 2027 4373 puta
2059 4317 2213 4364 tract.
2250 4306 2384 4377 psal.
2418 4322 2509 4371 LII,
2536 4321 2683 4377 num.
2716 4304 2772 4377 7,
2796 4302 2939 4377 ipsai.
2963 4316 3156 4365 cxvut,
3187 4317 3241 4356 ιι.
3267 4302 3323 4377 _8,

1735 4392 1943 4434 necnon
1972 4381 2106 4447 psai.
2133 4373 2315 4443 ραι-χ,
2347 4394 2400 4433 n.
2426 4381 2481 4445 4,
2514 4378 2547 4433 5
2578 4387 2631 4431 ct
2649 4376 2703 4439 6,
2721 4373 2806 4429 ubi
2829 4373 3003 4447 anima
3037 4373 3326 4447 non‘modo

1733 4444 2016 4518 spiritalis.
2044 4452 2138 4527 sed
2163 4459 2217 4505 et
2244 4444 2596 4527 incorporalis
2612 4447 2814 4502 diserte
2837 4445 3117 4527 asset-itur.
3145 4444 3322 4527 Simo

1733 4514 2058 4589 corpoream,
2092 4523 2272 4592 legere
2296 4514 2486 4592 liceret
2512 4533 2825 4592 congruam_,_
2868 4514 3001 4592 nihil
3027 4519 3135 4592 jam
3184 4514 3329 4592 diili-_-

1733 4585 1949 4648 cultatis
1976 4585 2306 4664 superasset.
2331 4591 2438 4649 Sed
2468 4585 3046 4664 lectionettt_(_llaudiatii
3068 4585 3325 4664 blamerii

1735 4678 1856 4737 ιεγο
1871 4665 1984 4733 jam
2012 4656 2282 4734 receptam
2314 4674 2527 4737 mutare
2557 4663 2677 4728 quis
2698 4659 2805 4737 sibi
2833 4658 3090 4737 arroget?
3120 4656 3324 4715 Verum

1738 4728 1896 4790 aliter
1936 4728 2209 4791 conciliari
2261 4736 2423 4796 valet,
2454 4734 2499 4788 si
2530 4730 2835 4787 attendatur
2879 4728 3061 4783 Hilarii
3102 4743 3321 4799 scapus.

1739 4805 1855 4859 Non
1878 4807 2021 4861 enim
2040 4807 2091 4861 ei
2112 4823 2291 4862 sermo
2320 4818 2402 4862 est
2422 4804 2490 4859 dc
2512 4807 2717 4860 interna
2745 4801 3045 4857 animarum
3076 4801 3327 4853 substan-

1740 4876 1833 4947 tia,
1865 4880 1959 4932 scd
1989 4877 2056 4933 de
2085 4888 2303 4933 externa
2348 4876 2702 4947 quatiamaut
2731 4874 2887 4947 quasi
2923 4882 3174 4947 enterna,
3201 4884 3323 4940 qua:

1739 4946 1790 5001 iu
1817 4949 2034 5007 modum
2061 4943 2378 5004 vestimenti
2410 4957 2501 5001 aut
2527 4945 2796 5000 alimonia:
2824 4943 2890 4997 ad
2928 4943 3091 4996 vitam
3136 4956 3323 4996 earum

1737 5021 2162 5095 conservandam
2210 5019 2553 5095 requiratur;
2580 5016 3104 5095 Τυιιιε-(ιυίμικε.ρει,Δ
3136 5022 3325 5095 contra

1738 5105 1855 5151 eos.
1905 5093 1996 5158 qui
2042 5082 2491 5147 resurrectionem
2521 5090 2647 5145 licet
2689 5106 2717 5142 tt
2754 5082 3130 5158 Deoaudiaut,
3162 5082 3327 5158 de_ea

1740 5154 1933 5218 tamen
1970 5162 2172 5218 ideirco
2213 5160 2483 5226 diﬂiduut,
2517 5163 2637 5230 quia
2665 5175 2785 5230 qua:
2811 5155 3065 5211 alimonia
3099 5166 3207 5208 tum
3239 5154 3324 5230 fu-
3417 5162 3422 5167 ‘

1740 5241 1860 5289 tura
1904 5235 1976 5289 sit
2019 5238 2123 5289 non
2144 5242 2518 5303 assequantur.
2537 5226 2732 5285 'Prim'n
2751 5230 2945 5303 itaque
2971 5226 3328 5281 resurrectio-

1738 5320 1862 5360 nem
1881 5300 2350 5381 a_dstruit,-de_qua
2367 5304 2641 5373 ambigere
2660 5301 2889 5381 stultum
2897 5300 2995 5381 sit,
3023 5308 3138 5381 post
3159 5311 3323 5366 quam

1739 5377 2031 5450 eant_Deu_s
2056 5369 2189 5432 etin
2215 5369 2372 5432 dictis
2397 5369 2582 5439 vcra'x,
2613 5383 2670 5450 et
2693 5375 2764 5450 in_
2787 5369 2943 5450 factis
2984 5376 3175 5450 potens
3198 5383 3327 5450 spo-

1743 5447 1949 5519 pondit.
1984 5447 2118 5503 Tum
2149 5457 2360 5522 aSserta
2383 5442 3050 5522 resurrectionisveritate
3082 5453 3187 5493 non
3218 5442 3325 5492 mi-

1738 5514 1842 5573 nus
1872 5535 2066 5574 vanum
2088 5519 2345 5584 ostendit,
2364 5518 2432 5574 de
2457 5517 2710 5571 alin'ionia
2734 5514 3181 5584 sollicitumqesse,
3200 5523 3324 5564 cum

1739 5592 2072 5659 experientia
2116 5581 2410 5647 doceamur
2433 5630 2448 5651 ,
2480 5587 2609 5643 nihil
2636 5601 2667 5640 a
2709 5584 2818 5639 Deo
2848 5581 3203 5659 semiplenam
3229 5588 3325 5634 aut

1739 5650 1847 5716 non
1875 5662 2165 5734 integrum,
2194 5679 2304 5737 non
2329 5650 2617 5737 formatum
2646 5667 2700 5737 et
2724 5654 2956 5737 quodam
3004 5650 3167 5737 modo
3191 5664 3327 5737 cor:

1738 5718 2206 5808 poqratuntf’crea'ri
2224 5775 2240 5802 ,
2270 5732 2367 5789 sed
2393 5732 2572 5787 omnia
2615 5728 2683 5782 ab
2707 5718 2775 5781 eo
2797 5724 3059 5808 .accipere
3089 5735 3228 5808 quae
3243 5718 3324 5808 ad

1739 5805 2056 5861 substantia!
2080 5809 2248 5862 semel
2275 5812 2473 5860 creatse
2494 5805 2973 5874 conservationem
3016 5806 3324 5874 necessaria

1742 5874 1868 5931 sint.
1903 5876 1996 5933 His
2022 5876 2192 5944 addit,
2224 5877 2387 5932 Deum
2416 5873 2506 5944 qtti
2536 5868 2785 5941 promisit
2811 5867 3043 5937 majora,
3086 5867 3321 5917 animant
