3882 6332
47 336 150 394 949

959 325 1503 386 COMMENTARIUS
1542 327 1610 384 IN
1651 327 2087 388 ΙίΔΤἸἮιΕυΜ.
2129 329 2283 390 CAP.
2325 329 2392 386 ν.

3219 326 3326 388 950

45 453 249 521 piorum
281 445 593 502 auctoritate
617 444 939 499 conﬁrmat:
973 449 1032 498 ut
1057 450 1208 498 tanto
1232 442 1459 513 majoris
1488 443 1628 514 peri-
1653 456 1707 517 Α
1732 445 1828 517 pit,
1852 445 1958 502 diei
1985 447 2246 518 deputare
2275 449 2468 504 mentis
2495 448 2746 505 aﬁ'eetum
2775 467 2787 503 :
2818 463 2949 520 ergo
2972 448 3197 519 etquod
3225 449 3327 504 sibi

41 542 144 598 culi
175 554 259 596 res
285 539 352 593 sit
390 538 660 608 ambigere
681 579 694 600 ,
745 545 946 608 quanto
975 536 1300 605 impensiore
1330 551 1458 591 cura
1513 551 1630 590 om-

39 654 154 697 nem
185 635 526 692 occasionem
553 633 886 690 inﬁdelitatis
931 632 1234 688 abstulerit.
1269 632 1493 688 anum
1523 646 1628 686 non

39 731 231 788 idcirco
255 726 526 792 nascitur,
561 734 618 779 ut
645 724 803 780 detur
841 725 982 794 igni;
1013 739 1186 795 neque
1219 723 1342 779 ideo
1370 723 1632 779 vestiendi

39 825 147 894 ejus
190 818 480 891 peculiaris
511 817 623 872 Deo
653 832 778 871 cura
833 828 936 882 est,
969 827 1027 871 ut
1072 825 1378 872 cremetur:
1412 815 1506 871 sed
1533 815 1634 870 sub

39 918 160 973 lieni
188 913 405 969 nomine
449 920 780 980 nuncupatas
806 923 928 964 esse
955 925 986 964 a
1031 909 1140 964 Deo
1167 917 1391 980 gentes,
1439 907 1633 963 crebro

39 1008 355 1066 invenimus.
382 1003 613 1060 Germen
641 1010 821 1057 autem
844 1001 975 1057 illud
999 1011 1105 1066 est,
1123 1000 1263 1070 quod
1287 1001 1499 1056 virtutis
1522 1015 1633 1055 suae

39 1104 165 1158 ﬁore
193 1100 423 1165 dilapso,
459 1095 525 1150 ad
554 1095 793 1150 calorem
827 1094 960 1148 solis
981 1093 1199 1148 arescit.
1231 1092 1396 1163 Igitur
1415 1091 1632 1162 requies

37 1196 169 1251 nulla
201 1190 481 1261 gentibus,
533 1203 705 1257 neque
743 1187 935 1241 mortis
960 1227 975 1250 ,
1005 1194 1062 1240 ut
1110 1185 1334 1248 volunt,
1364 1199 1626 1252 compen-

37 1288 120 1343 dio
149 1286 301 1357 quies
327 1281 581 1338 dabitur:
612 1279 705 1335 sed
748 1280 1043 1349 corporalis
1093 1287 1146 1334 et
1193 1278 1324 1349 ipsis
1369 1279 1639 1334 aeternitas

37 1377 386 1437 destinabitur
415 1384 473 1430 ut
518 1375 657 1445 ignis
709 1377 894 1431 aeterni
927 1378 978 1429 in
1032 1374 1159 1444 ipsis
1196 1373 1265 1428 sit
1295 1383 1491 1428 aeterna
1528 1387 1640 1426 ma-

37 1475 210 1537 teries,
244 1478 300 1525 et
330 1471 382 1525 in
438 1467 705 1523 universis
745 1467 1089 1536 sempiternis
1119 1479 1435 1522 exerceatur
1499 1464 1634 1519 ultio

37 1565 378 1634 sempiterna.
409 1561 465 1617 Si
489 1560 648 1632 igitur
677 1561 928 1631 gentibus
975 1559 1176 1614 idcirco
1223 1567 1429 1613 tantum
1463 1556 1640 1611 indul-

37 1669 185 1731 getur
225 1655 498 1712 aeternitas
541 1654 876 1724 corporalis,
903 1661 963 1708 ut
1009 1667 1136 1707 mox
1173 1651 1251 1721 (α)
1294 1651 1402 1722 igni
1451 1649 1640 1720 judicii

38 1755 414 1815 destinentur;
447 1764 606 1820 quam
637 1747 919 1819 prolauum
959 1755 1042 1801 est
1064 1788 1080 1813 ,
1113 1756 1330 1801 sanctos
1359 1745 1426 1799 de
1469 1743 1640 1813 gloria

1733 538 1846 608 ipsa
1863 539 2086 594 sollicita
2099 549 2200 602 est.
2221 552 2274 596 et
2291 541 2433 612 quod
2456 543 2504 598 ei
2530 542 2731 597 malitia
2752 556 2848 597 sua
2866 541 3086 609 sufﬁcit,
3115 550 3170 598 et
3185 541 3328 612 quod

1734 629 2038 687 inhibemur
2049 633 2265 689 solliciti
2280 648 2400 689 esse
2413 634 2481 690 de
2500 636 2754 701 crastino;
2773 642 2946 690 totum
2966 633 3038 707 (e)
3056 635 3156 689 sub
3171 634 3330 689 dictis

1736 724 1972 780 ccelestis
1997 725 2369 797 signiﬁcantia:
2397 728 2718 783 continetur.
2745 728 3006 784 Jubemur
3035 729 3196 800 igitur
3223 744 3330 783 non

1737 820 2010 891 ambigere
2039 821 2106 876 de
2137 821 2362 890 futuris;
2389 825 2518 878 satis
2535 824 2674 878 enim
2709 823 2835 877 vitae
2874 831 3077 878 nostra:
3105 821 3328 888 malitia,

1738 922 1792 968 et
1816 913 2023 968 dierum
2053 915 2244 985 quibus
2271 916 2499 972 vivimus
2545 927 2762 987 peccata
2784 916 3077 982 sufﬁciunt,
3101 928 3159 971 ut
3187 917 3329 972 circa

1741 1005 1856 1060 bmc
1885 1007 2154 1076 purganda
2187 1016 2242 1064 et
2264 1009 2617 1078 promerenda
2647 1010 2824 1063 omnis
2845 1009 3186 1064 vitaenostra:
3213 1023 3330 1063 me-

1740 1100 1932 1155 ditatio
1980 1099 2236 1171 laborque
2281 1111 2551 1167 versetur,
2597 1118 2664 1158 ne
2705 1101 2868 1157 etiam
2915 1101 2983 1157 de
3032 1100 3334 1156 luturorum

1741 1193 2040 1250 difﬁdentia
2103 1194 2441 1263 inexpiabilis
2504 1194 2873 1264 irreligiositas
2941 1193 3331 1250 contrahatur:

1741 1304 1863 1344 cum
1894 1296 2144 1343 cessante
2174 1303 2301 1342 cura
2334 1298 2516 1343 nostra
2539 1329 2555 1355 ,
2601 1289 2714 1358 ipsa
2756 1290 2808 1344 in
2841 1287 3024 1344 ofﬁcio
3049 1302 3150 1342 suo
3171 1331 3186 1354 ,
3217 1302 3337 1358 qua:

1743 1393 1871 1439 sunt
1901 1381 2098 1449 futura,
2131 1381 2365 1438 sollicita
2391 1382 2534 1448 sint,
2566 1393 2620 1438 et
2644 1384 2800 1439 nobis
2821 1394 3045 1440 :eternze
3076 1383 3337 1439 claritatis

1747 1476 2037 1547 protectus,
2075 1475 2167 1530 Dei
2199 1485 2523 1545 procurante
2544 1476 2784 1532 bonitate
2807 1519 2821 1544 ,
2848 1477 2958 1547 jam
3001 1491 3106 1532 non
3135 1475 3336 1531 sollici-

1743 1572 1812 1626 tis
1836 1579 2184 1642 praeparetur.

1821 1661 1907 1717 M.
1935 1661 2186 1717 Judicare
2215 1663 2278 1716 de
2297 1660 2397 1721 Dei
2425 1662 2788 1732 sponsionibus
2811 1667 2956 1736 nefas
2983 1671 3076 1716 est.
3111 1659 3236 1716 Cur.
3269 1687 3342 1700 -—-

1749 1755 1926 1811 Nolite
1943 1757 2207 1825 judicare,
2233 1772 2295 1809 ne
2315 1755 2644 1829 judicemini.
2672 1757 2784 1823 Quo
2815 1757 2948 1812 enim
2967 1755 3175 1830 judicio
3205 1753 3344 1820 iudi-

38 1845 351 1901 wtcrnitatis
391 1842 700 1912 ambisere.
747 1855 868 1895 cum
910 1840 1106 1910 iniquis
1136 1837 1452 1892 aeternitatis
1497 1849 1632 1904 opus
1662 1851 1710 1912 Β
1737 1850 1993 1915 caveritis,
2013 1849 2337 1923 judicabitur
2365 1849 2427 1902 de
2447 1850 2584 1904 vobis
2621 1848 2837 1920 (Matth.
2862 1865 2958 1916 vn,
2986 1851 3037 1917 ι,
3065 1848 3144 1920 9).
3169 1849 3343 1904 Omne

37 1949 317 2012 prmstetur
345 1937 412 1993 ad
438 1951 670 2008 patiam.
715 1936 943 1991 Omnem
988 1935 1149 2005 igitur
1173 1930 1630 2002 exspectationem

37 2043 271 2089 nostram
316 2032 369 2086 in
403 2029 509 2086 ﬁde
537 2029 1021 2100 repromissionum
1061 2037 1115 2080 et
1143 2025 1357 2080 virtutis
1386 2039 1499 2078 suae
1545 2039 1642 2091 po-

36 2132 230 2181 testate
271 2123 440 2194 exigit
480 2122 736 2178 collocari
765 2139 777 2172 :
824 2128 883 2175 ut
908 2135 1035 2175 cura
1064 2134 1245 2174 rerum
1273 2117 1466 2187 quibus
1498 2115 1634 2169 indi-

35 2235 222 2290 genius
249 2217 479 2285 omissa,
515 2217 583 2272 ab
607 2233 674 2272 eo
712 2216 894 2286 potius
919 2214 1120 2280 omnia,
1153 2227 1182 2266 a
1212 2226 1319 2282 quo
1349 2209 1450 2280 ipsi
1481 2207 1642 2264 vitale

35 2314 318 2370 exordium
349 2313 705 2382 sumpsimus,
734 2317 1140 2379 exspectemus,
1176 2317 1506 2375 regnumque
1549 2301 1639 2356 Dei

36 2410 155 2462 vitae
187 2417 394 2462 nostra:
420 2404 705 2476 stipendiis
732 2416 1060 2474 qumramus.
1102 2399 1172 2455 Et
1200 2399 1314 2452 haec
1344 2406 1492 2452 recte
1523 2410 1645 2465 per-

36 2499 284 2569 fectaque
324 2497 621 2552 viventium
651 2511 864 2551 merces
894 2504 976 2548 est
1001 2531 1018 2559 ,
1053 2501 1113 2548 ut
1157 2492 1209 2545 in
1236 2504 1426 2544 novam
1453 2486 1648 2543 cmles—

38 2603 251 2664 temque
280 2591 642 2647 substantiam
660 2606 723 2646 ex
752 2589 851 2644 hac
873 2585 1240 2656 corruptibilis
1255 2583 1501 2652 corporis
1528 2595 1643 2636 ma-

37 2689 171 2744 terie
196 2685 623 2752 transferantur,
657 2694 712 2740 et
735 2683 1012 2752 corruptio
1065 2691 1277 2736 terrena
1323 2676 1530 2733 erelesti
1563 2677 1644 2732 iu-

36 2785 391 2855 corruptione
414 2791 670 2838 mutetur.
692 2779 946 2836 Gentium
976 2777 1136 2848 igitur
1154 2784 1268 2839 est,
1304 2771 1639 2827 inﬁdelitatis

36 2878 190 2934 istius
205 2894 336 2933 cura
359 2876 486 2947 angi
510 2894 523 2930 :
546 2874 741 2946 quibus
760 2871 946 2928 steculi
971 2885 1157 2926 amore
1174 2868 1430 2935 detentis,
1458 2875 1513 2922 et
1537 2882 1649 2922 cor-

39 2974 183 3042 poris
210 2971 432 3044 gaudiis
452 2969 750 3039 occupatis,
796 2967 1000 3022 nttllum
1031 2980 1126 3036 per
1167 2963 1324 3018 ﬁdem
1354 2972 1410 3018 et
1437 2960 1650 3017 contes-

37 3067 244 3122 sionem
268 3065 369 3122 Dei
388 3065 443 3120 in
460 3063 682 3120 sceleste
697 3076 918 3132 regnum
937 3061 1037 3116 iter
1055 3059 1314 3129 quaeritur
1335 3065 1390 3112 et
1410 3065 1646 3126 optatur.

105 3160 194 3214 l3.
227 3157 358 3213 Dies
387 3157 533 3228 quid.
568 3154 880 3212 Sollicitudo
924 3153 976 3207 in
1005 3153 1139 3207 diem
1170 3167 1270 3205 non
1314 3149 1472 3203 cadit.
1505 3145 1654 3202 Circa

1740 1942 1929 2014 judicii
1959 1941 2197 1998 ofﬁcium
2244 1943 2458 2013 penitus
2505 1944 2642 1999 Deus
2681 1943 2986 2010 submovet,
3037 1958 3139 1998 nec
3176 1943 3344 1998 ullum

1747 2037 1969 2091 omnino
2015 2038 2212 2108 suscipi
2257 2037 2476 2108 patitur.
2512 2037 2617 2094 Sed
2647 2053 3011 2112 compugnarc
3052 2037 3344 2108 propositis

1747 2129 2128 2198 subsequentia
2170 2129 2578 2194 existimantur,
2635 2145 2756 2186 cum
2799 2129 2964 2185 dicit:
2996 2128 3110 2195 Quo
3141 2129 3346 2203 judicio

1738 2220 2097 2295 judicaveritis
2128 2265 2141 2288 ,
2182 2221 2507 2296 judicabitur
2533 2223 2596 2276 de
2625 2224 2784 2278 vobis.
2821 2223 2928 2280 Sed
2958 2223 3205 2293 superius
3231 2223 3306 2276 ait
3332 2241 3344 2276 :

1751 2312 1932 2368 Nolite
1949 2313 2193 2387 judicare
2217 2356 2231 2381 ,
2265 2330 2328 2367 ne
2342 2315 2671 2384 judicemini.
2699 2315 2966 2386 Numquid
3014 2314 3139 2370 boni
3161 2314 3349 2386 judicii

1750 2407 2032 2461 arbitrium
2087 2407 2284 2476 suscipi
2333 2422 2440 2461 non
2485 2407 3020 2477 oportebit‘lAtquin
3067 2407 3349 2476 proﬁtetur

1752 2516 1850 2572 pro
1880 2501 2189 2557 conditione
2233 2501 2416 2571 judicii
2455 2501 2798 2571 judicandos,
2845 2510 2899 2556 et
2945 2501 3213 2555 universis
3257 2514 3348 2570 gc-

1753 2611 1882 2651 nere
1925 2612 2032 2666 quo
2071 2597 2241 2650 mensi
2289 2605 2412 2650 sunt
2461 2594 2815 2651 metiendum.
2869 2594 3011 2666 Ergo
3057 2608 3347 2664 numquam

1753 2689 1891 2745 bene
1916 2688 2282 2759 judicabltur,
2315 2689 2359 2742 si
2408 2688 2630 2743 omnino
2681 2704 2786 2741 non
2831 2688 2933 2742 erit
2972 2686 3345 2755 iudicandum.

1754 2782 1858 2839 Sed
1903 2782 2012 2850 jam
2054 2780 2277 2842 dttdttm.
2313 2788 2368 2834 ut
2399 2779 2646 2850 superius
2695 2779 3074 2850 cognoscitur,
3119 2777 3249 2832 nihil
3294 2777 3346 2831 itt

1753 2875 1933 2930 verbis
1962 2875 2057 2929 Dei
2100 2875 2220 2929 leve
2263 2881 2354 2928 aut
2383 2873 2540 2928 inane
2581 2881 2883 2927 tractatur:
2935 2871 3217 2942 omnisque
3263 2870 3350 2925 hic

1755 2969 1895 3024 ultra
1935 2983 2151 3023 sensum
2192 2969 2473 3037 gentilium
2525 2969 2732 3022 aurium
2771 2983 2952 3023 sermo
2979 2976 3078 3022 est.
3113 2966 3348 3022 Judicari

1755 3064 1896 3120 enim
1927 3063 1994 3118 tle
2021 3063 2404 3132 sponsionibus
2429 3063 2541 3115 suis
2573 3063 2740 3116 vetuit
2772 3080 2784 3116 :
2819 3062 2945 3132 quia
2972 3070 3030 3115 ut
3055 3059 3252 3130 judicia
3285 3073 3350 3112 ex

1757 3156 1980 3211 incertis
2007 3156 2168 3210 rebus
2193 3156 2330 3210 inter
2358 3154 2602 3208 homines
2627 3163 2929 3217 sumuntur,
2967 3153 3034 3206 ita
3063 3162 3112 3206 et
3141 3150 3241 3205 hoc
3266 3151 3354 3219 ju-

35 3275 148 3329 qute
185 3267 294 3310 tota
336 3253 535 3308 versari
581 3251 760 3306 debeat
786 3247 1007 3303 hominis
1047 3263 1191 3301 cura.
1231 3276 1302 3285 —
1335 3243 1509 3298 Nolite
1534 3257 1639 3314 ergt

1762 3251 1954 3304 dicium
1987 3249 2271 3303 adversum
2311 3249 2474 3302 Deum
2500 3263 2563 3302 ex
2613 3246 2878 3303 sentiendi
2909 3256 3067 3316 atque
3097 3241 3355 3315 opinandi

34 3348 244 3402 solliciti
266 3361 385 3401 esse
413 3345 475 3399 de
500 3337 1023 3398 crastino.Crastinus
1039 3336 1202 3408 695
1224 3336 1359 3389 enim
1382 3335 1492 3386 dies
1511 3331 1649 3388 solli-

33 3443 163 3495 citus
189 3442 288 3495 erit
323 3439 424 3495 sibi
449 3438 577 3509 ipse.
611 3434 822 3505 Sufﬁcit
850 3432 952 3487 diei
983 3430 1182 3486 malitia
1222 3445 1317 3482 sua
1345 3425 1507 3497 (Ibid.
1535 3425 1646 3495 3i).

33 3533 616 3604 Communejudicium
632 3529 885 3596 est,diem
899 3523 1326 3584 esselabentinut
1348 3532 1648 3588 temporum

41 3644 272 3686 cursum
299 3629 428 3684 luce
457 3626 588 3681 solis
617 3623 1005 3683 illuminatum,
1042 3633 1204 3687 quem
1237 3631 1340 3671 nox
1372 3613 1653 3684 interjecta

33 3723 404 3785 discriminat,
449 3726 505 3774 et
532 3718 835 3773 interventu
864 3728 964 3768 suo
1006 3711 1112 3767 diei
1164 3710 1305 3770 diem
1353 3708 1649 3775 subrogat:

33 3817 199 3872 futuri
248 3827 438 3871 autem
504 3809 766 3881 temporis
830 3805 1185 3874 signiﬁcantia
1234 3803 1540 3859 continetur
1598 3798 1653 3853 in

33 3913 299 3966 crastino.
340 3908 487 3977 Ergo
513 3905 580 3960 de
605 3903 786 3959 futuro
817 3900 1083 3956 sollicitos
1111 3913 1207 3952 nos
1230 3910 1353 3950 esse
1381 3895 1523 3950 Deus
1558 3907 1653 3948 vc-

33 4007 152 4061 tnit.
192 4003 416 4060 lncuria
447 4012 626 4055 autem
676 3993 1059 4052 sollicitudinis
1106 3990 1359 4045 relaxata
1382 4027 1396 4051 ,
1426 4001 1534 4041 non
1562 3999 1658 4040 ne—

33 4103 337 4174 gligentiae.
370 4097 462 4152 sed
495 4095 615 4151 ﬁdei
668 4103 772 4149 est.
801 4088 914 4148 Cur
940 4087 1085 4142 enim
1126 4082 1349 4174 solliciti
1384 4082 1555 4136 simus
1582 4078 1655 4174 Διιι

33 4170 322 4257 crastino;
358 4206 480 4246 cum
509 4187 782 4244 crastinus
811 4183 934 4238 dies
965 4180 1067 4235 sibi
1108 4179 1224 4248 ipse
1255 4173 1520 4230 sollicitus
1549 4170 1658 4225 sit?

33 4289 181 4357 Ergo
203 4285 554 4341 anxietatem
579 4286 818 4334 nostram
847 4277 962 4344 ipsa
993 4287 1090 4343 pro
1120 4268 1275 4324 nobis
1292 4267 1408 4322 dies
1430 4264 1659 4320 sollicita

33 4356 288 4448 depellit.
323 4373 436 4430 Sed
455 4369 784 4437 sollicitudo,
819 4377 875 4423 ut
903 4365 1158 4426 arbitror,
1192 4359 1440 4430 proprius
1465 4356 1661 4412 estho-

33 4472 204 4526 minis
234 4469 477 4524 aﬂectus
509 4482 524 4519 :
551 4463 691 4518 hanc
721 4461 863 4515 enim
895 4458 1095 4514 excitat
1124 4460 1217 4512 aut
1243 4467 1409 4516 cum,
1434 4456 1527 4503 aut
1550 4461 1662 4504 me-

33 4573 145 4629 tus,
177 4571 279 4618 aut
302 4561 512 4615 doloris
539 4558 801 4613 anxietas.
839 4553 962 4608 Dies
999 4565 1130 4606 vero
1153 4561 1345 4603 cursus
1394 4553 1477 4600 est
1522 4551 1660 4598 tem-

1753 3342 2100 3413 ambiguitate
2131 3342 2455 3413 suscipitur,
2491 3341 2632 3410 quod
2681 3340 2890 3409 penitus
2939 3337 3148 3408 repellit
3198 3352 3226 3390 a
3259 3349 3354 3390 uo-

1751 3438 1867 3505 bis,
1899 3448 1956 3492 ut
1977 3447 2232 3493 constans
2261 3440 2436 3508 potius
2456 3436 2588 3491 ﬁdes
2604 3438 2930 3499 retineatur;
2965 3435 3220 3504 quianon
3249 3433 3356 3487 sic-

1754 3544 1811 3588 ut
1856 3535 1907 3588 in
1951 3534 2112 3588 rebus
2169 3528 2402 3597 caeteris,
2446 3540 2720 3600 peccatum
2753 3533 2821 3584 sit
2849 3529 3016 3602 696
3073 3541 3352 3598 perperam

1749 3625 2057 3697 judicasse;
2088 3623 2182 3678 sed
2224 3625 2306 3695 (d)
2350 3625 2401 3678 in
2440 3622 2524 3678 bis
2554 3623 2714 3677 rebus
2752 3620 3121 3675 tantummodo
3151 3620 3216 3674 de
3249 3620 3356 3674 lico

1750 3718 2032 3788 judicium,
2063 3718 2269 3771 initium
2303 3730 2421 3770 esse
2449 3717 2518 3770 sit
2545 3715 2810 3770 criminis.

1832 3811 1916 3865 15.
1945 3809 2236 3882 Inﬁdelitas
2264 3811 2414 3881 quale
2456 3821 2501 3863 et
2528 3819 2775 3879 quantum
2817 3818 3102 3881 peccatum.
3141 3806 3360 3861 Frustra

1757 3906 1887 3960 alios
1930 3905 2140 3973 corrigit
2170 3919 2270 3955 non
2288 3911 2564 3957 correctus.
2596 3901 2820 3967 —Quid
2842 3912 3010 3954 autent
3040 3900 3181 3954 vides
3197 3903 3357 3969 festu-

1757 4013 1870 4050 cam
1912 3998 1964 4048 in
2013 3997 2162 4048 oculo
2220 3995 2397 4062 fratris
2442 3994 2535 4056 tui,
2579 4003 2626 4047 et
2672 3995 2863 4046 trabem
2887 3994 2938 4045 in
2965 3993 3117 4045 oculo
3143 4001 3226 4044 tuo
3254 4001 3355 4042 non

1759 4090 1919 4155 vides,
1952 4095 2007 4141 et
2033 4088 2240 4156 reliqua
2279 4085 2439 4156 (Ibid.
2459 4086 2516 4156 3)
2539 4085 2560 4136 ?
2583 4083 2640 4140 In
2670 4085 3127 4154 consequentibus
3153 4082 3356 4147 docuit,

1761 4184 1929 4237 solam
1980 4181 2033 4235 in
2064 4179 2321 4250 Spiritum
2351 4177 2743 4246 blaSpltctniatu
2787 4183 2937 4231 extra
2970 4174 3180 4230 veniam
3214 4173 3356 4227 lutu-

1761 4291 1899 4340 ram,
1932 4274 2144 4328 caeteris
2192 4271 2444 4326 omnibus
2501 4271 2613 4326 Deo
2645 4269 3029 4341 indulgentiam
3070 4267 3355 4339 largiente.

1763 4369 2048 4424 Pecc-atum
2081 4377 2259 4420 autem
2314 4365 2366 4420 in
2427 4362 2685 4435 Spit-ltum
2746 4375 2853 4429 εει,
2889 4362 2999 4416 Deo
3023 4361 3236 4416 virtutis
3265 4375 3361 4430 po-

1765 4470 2009 4517 testatem
2065 4472 2298 4527 negare,
2351 4465 2404 4511 et
2456 4457 2670 4511 Christo
2719 4455 3069 4510 substantiam
3121 4453 3362 4508 adimere

1765 4554 2083 4610 :cternitatis
2109 4571 2121 4606 :
2144 4567 2238 4622 per
2265 4567 2448 4622 quem,
2478 4549 2600 4621 quia
2631 4549 2683 4604 iu
2714 4548 2988 4602 hominem
3023 4548 3161 4602 Deus
3193 4546 3360 4611 venit,

33 4657 187 4727 poris
218 4672 232 4710 :
270 4664 334 4710 et
360 4653 473 4708 sola
502 4652 576 4723 (ὸ)
606 4646 998 4721 providentiam
1020 4650 1306 4700 consecuta
1337 4635 1639 4695 sollicitutli

1769 4649 1932 4704 homo
1959 4662 2172 4701 rursum
2199 4646 2288 4699 ﬁet
2331 4646 2381 4698 in
2424 4643 2612 4697 Deum.
2649 4643 2787 4708 Ergo
2808 4650 3066 4712 quantum
3094 4640 3233 4692 inter
3259 4638 3363 4692 fes-

33 4755 124 4808 nis
176 4750 464 4820 recipiunt
491 4748 762 4803 aﬁectum.
814 4743 1183 4800 Constituetur
1217 4753 1347 4808 ergo
1373 4735 1492 4790 dies
1533 4747 1654 4788 esse

33 4844 279 4908 animal,
314 4840 458 4911 quod
483 4849 536 4895 et
576 4845 784 4904 caveat,
826 4845 878 4891 et
906 4833 1218 4906 prospiciat,
1261 4838 1316 4884 et
1353 4836 1542 4891 curet;
1572 4825 1660 4880 cui

34 4945 92 4991 et
134 4933 360 4994 malitia
409 4931 622 5000 prepria
667 4928 917 4992 sufﬁciat,
966 4940 1136 4994 neque
1158 4921 1495 4978 extrinsecus
1523 4917 1660 4972 acci-

34 5028 196 5085 denti
231 5026 313 5082 sit
337 5022 662 5081 cumulanda
686 5028 924 5090 peccato.
956 5017 1064 5075 Sed
1087 5025 1274 5072 natura
1306 5015 1382 5070 rei
1434 5028 1539 5068 non
1568 5025 1660 5066 ca-

116 5255 205 5382 (αἲ
244 5253 310 5320 ln
361 5259 565 5336 septem
615 5248 870 5332 mssn‘gni
897 5245 1068 5318 judici
1105 5261 1117 5296 :
1172 5241 1332 5326 lectio
1362 5254 1487 5322 non.
1517 5253 1670 5362 s‘per-

117 5343 261 5382 nta.
332 5335 388 5379 ut
437 5324 573 5382 Ignis
613 5321 774 5382 iudex
821 5321 1031 5376 dicatur
1077 5315 1228 5382 quasi
1275 5328 1410 5381 tgnts
1441 5327 1524 5382 vin
1570 5325 1664 5382 ex.

35 5312 261 5390 nenda,
298 5312 388 5379 ἰιι
425 5312 573 5393 ignis
611 5312 800 5394 iudex"
821 5312 1031 5376 dicatur
1077 5315 1228 5394 quasi
1275 5313 1410 5381 ignis
1441 5312 1657 5394 vindex.

38 5379 766 5458 biiab—iv!amettuconﬁ'rmat
792 5401 947 5446 tract.
981 5379 1114 5451 psal'.
1138 5402 1253 5442 xm.
1286 5379 1433 5458 nutu.
1467 5381 1552 5458 ll,
1580 5379 1669 5435 ubi

37 5451 274 5527 interlitas
305 5477 352 5522 et
378 5467 726 5538 infructuosos
750 5466 856 5535 igni
877 5461 1067 5538 judicii
1089 5459 1359 5521 deputatas
1386 5451 1633 5538 legi't‘nus.

223 5522 406 5596 iEditi.
422 5522 532 5593 s'ola
586 5522 899 5591 roviden'tia':
916 5533 1317 5600 castiganturex
1333 5539 1461 5579 mss.
1485 5522 1672 5606 item”

121 5617 217 5668 ib.
257 5619 319 5663 et
362 5610 522 5665 Carn.
549 5557 953 5665 gravitlentiam
1002 5611 1178 5655 autem
1230 5607 1384 5653 vocat
1435 5595 1670 5650 Iltlartus

37 5595 217 5672 (Zoili.
257 5619 319 5663 et
362 5595 953 5665 Carti.i’rtivitlentiam
1002 5595 1178 5655 autem
1230 5607 1384 5653 vocat
1435 5595 1670 5650 llilarius

43 5681 399 5759 pmv_i(l_endi
429 5697 490 5736 ac
514 5680 871 5759 prospiciendi
903 5674 1242 5759 facultatem.-
1429 5741 1439 5752 θ
1478 5736 1586 5759 ,μη

131 5736 215 5829 te)
250 5753 336 5812 lla
366 5736 785 5829 tuss._'_potiores,
820 5749 869 5803 id
892 5756 994 5829 ρειζ
1025 5751 1193 5829 totum
1228 5743 1329 5829 hoc
1363 5736 1677 5829 spiritaliter

49 5808 286 5886 dictum
321 5833 420 5878 est.
455 5808 556 5882 Alii
577 5808 721 5878 vero
745 5808 865 5875 eum
909 5813 1140 5888 vulgatis
1164 5856 1179 5882 ,
1225 5814 1316 5872 sub
1350 5808 1470 5868 dicti
1501 5808 1678 5864 cccles-

42 5906 117 5958 tis
149 5896 536 5974 signiﬁcantia.

1773 4752 1948 4796 tucam
1995 4749 2049 4792 ct
2095 4740 2302 4792 trabem
2353 4735 2681 4791 discriminis
2726 4742 2830 4800 est,
2883 4741 3086 4788 tantum
3130 4731 3366 4786 ostendit

1769 4844 2050 4904 peccatum
2085 4833 2135 4886 in
2181 4831 2437 4898 Spiritum
2479 4828 2847 4884 conditionem
2902 4835 3218 4882 cmterorum
3259 4825 3366 4879 cri-

1774 4926 1976 4979 minum
2023 4923 2287 4980 excedere
2321 4941 2333 4976 :
2366 4930 2425 4976 ut
2464 4937 2584 4975 cum
2633 4920 2876 4976 inﬁdeles
2903 4919 3096 4975 delicta
3120 4919 3365 4986 corporis

1771 5020 1894 5075 aliis
1923 5021 2270 5088 exlirobrcnt,
2305 5031 2440 5071 onus
2488 5016 2694 5086 peccati
2735 5011 2805 5088 (e)
2838 5029 2943 5086 quo
2971 5012 3038 5070 de
3087 5011 3368 5083 promiSsis

1851 5233 1928 5305 (ά)
1951 5231 2080 5305 Par.
2103 5229 2154 5305 in
2176 5226 2346 5305 rebus,
2374 5222 2577 5305 omisso
2608 5221 2928 5305 pronomine
2959 5222 3056 5305 his,
3087 5234 3193 5305 quo
3210 5235 3372 5305 span.

1777 5291 1960 5360 sio‘ués
1993 5301 2082 5356 Dei
2104 5298 2429 5355 indicantur.
2461 5291 2964 5368 MoxfapudBad,
3001 5291 3189 5354 Er,‘et
3219 5291 3365 5368 Lips.

1778 5379 1980 5440 initum,
2015 5375 2100 5426 ubi
2129 5373 2178 5425 in
2209 5370 2328 5424 aliis
2358 5368 2505 5423 libris
2536 5370 2762 5440 rectius._
2782 5367 3000 5440 initium.

1858 5448 1929 5531 (e)
1959 5435 2110 5520 Apud
2141 5443 2259 5531 Par.
2285 5441 2419 5510 quod
2440 5439 2718 5531 promissis.
2737 5437 2942 5492 Juverit
2977 5438 3063 5531 llic
3091 5443 3258 5531 totum
3280 5435 3368 5490 Hi—

1785 5507 2324 5586 lariiargumentum,
2343 5507 2483 5586 quod
2516 5523 2618 5562 non
2646 5525 2737 5586 per
2767 5524 2826 5562 se
2851 5510 3100 5586 omnibus
3129 5507 3256 5586 satis
3275 5524 3369 5574 ap-

1785 5599 1958 5662 paret,
1992 5578 2193 5662 "paucis
2235 5578 2641 5662 per-stringere.
2668 5579 2757 5634 Sic
2801 5581 2941 5662 enim
2975 5578 3367 5634 ratiocinatur:

1785 5649 1883 5730 Qui
1915 5649 1982 5714 de
2012 5649 2308 5730 pro‘tni~s'is_
2326 5653 2417 5707 Dei
2436 5649 2690 5730 ambigit,
2719 5649 2940 5717 ambigit
2983 5667 3040 5730 se
3082 5663 3369 5730 exastuum

1787 5718 1839 5793 iit
1873 5718 2061 5786 Deum.
2096 5727 2248 5781 Circa
2297 5724 2397 5776 hoc
2436 5725 2690 5782 illCCIlUS,
2739 5737 2841 5773 non
2885 5721 3052 5793 credit
3094 5718 3370 5793 Christum

1789 5790 1958 5860 Deum
1985 5819 1999 5868 ;
2027 5797 2290 5869 siquidem
2319 5795 2384 5869 ad
2425 5795 2566 5869 ItocL
2582 5805 2702 5844 cum
2733 5801 2874 5869 esset
2907 5791 3067 5857 Deus,
3101 5790 3271 5869 [actus
3293 5799 3378 5845 est

1790 5859 1998 5946 homo;
2025 5859 2287 5929 ut'ltomo
2331 5865 2481 5921 ﬁeret
2533 5862 2693 5919 Deus.
2726 5860 2827 5931 Qui
2871 5872 3050 5920 autem
3097 5859 3379 5922 Christum
