4046 6340
471 255 572 314 951

1656 243 1898 303 SANC'I‘I
1933 240 2184 302 lllL.\Rl|
2227 241 2528 300 EPISCOPI

3661 225 3783 282 932

476 369 577 426 Dei
605 367 899 438 ambigam,
919 365 970 422 in
995 355 1061 422 se
1083 375 1209 422 ante
1235 380 1342 424 non
1363 364 1600 432 videant,
1633 361 1710 434 (ο)
1735 357 2066 418 inﬁdelitatis
2096 357 2150 420 Α
2171 358 2408 430 gentilis,
2463 365 2555 412 aut
2595 370 2696 430 pro
2726 353 2973 426 baptismi
3003 349 3414 407 conservatione
3455 352 3783 417 serpentem

473 462 631 518 trabe
683 463 736 517 in
781 460 940 516 oculo
978 467 1250 530 tamquam
1297 461 1350 516 in
1410 459 1604 514 mentis
1631 455 1747 512 acie
1779 453 2068 510 insidente.

419 587 428 594 ο
477 555 565 612 Fit
594 555 738 610 enim
768 569 934 623 saepe,
982 560 1042 608 ut
1071 567 1410 608 assumamus
1441 551 1597 607 nobis
1650 547 1906 620 arguendi
1938 546 2074 603 alios

477 649 878 714 auctoritatem,
922 649 1040 702 sine
1069 647 1177 702 ullo
1209 648 1444 717 propria:
1466 642 1862 701 emendationis
1886 656 2072 697 exem-

479 744 570 814 pio
597 758 612 807 ;
640 751 694 795 et
724 739 1006 796 medenda:
1047 741 1304 795 caecitatis
1346 739 1539 794 alienae
1579 737 1893 807 jaCIantiam
1938 749 2081 805 prae-

479 835 736 896 feramus,
769 833 868 902 ipsi
891 833 945 888 in
975 834 1216 888 tenebris
1245 833 1486 903 corrupti
1517 832 1736 886 luminis
1757 828 2074 886 constituti:

482 943 601 983 cum
627 925 845 982 difﬁcile
868 941 1189 998 quemquam
1204 927 1274 981 sit
1295 938 1549 996 praestare
1573 923 1645 996 (b)
1667 925 1807 997 quod
1827 933 2001 993 egeat,
2025 933 2078 979 et

481 1019 742 1090 optimum
765 1019 835 1073 sit
857 1019 1108 1089 exemplo
1139 1018 1316 1090 potius
1332 1019 1530 1074 docere
1551 1033 1710 1089 quam
1740 1017 1920 1072 dictis.
1941 1015 2079 1072 Cura

483 1133 608 1185 erga
641 1115 872 1185 propriae
897 1115 1203 1172 adhibenda
1232 1124 1317 1172 est
1342 1117 1573 1171 caacitati
1603 1133 1616 1168 :
1650 1119 1774 1186 quia
1801 1131 1869 1170 ex
1893 1122 2082 1168 natura

482 1224 666 1264 rerum
724 1219 829 1273 est,
863 1223 970 1264 non
1025 1209 1175 1280 prius
1206 1209 1442 1279 aliquem
1489 1207 1783 1279 purganda:
1827 1207 1894 1261 de
1925 1207 2084 1262 oculo

483 1301 663 1357 fratris
696 1299 917 1356 festuca:
948 1300 1196 1356 idoneum
1228 1300 1372 1356 eftici
1405 1315 1563 1371 posse
1590 1300 1888 1361 doctorem,
1923 1314 2083 1369 quam

487 1393 556 1449 de
579 1394 773 1462 mentis
797 1408 906 1448 sua:
933 1393 1136 1450 lumine
1163 1393 1369 1450 trabem
1399 1392 1635 1464 perfidiae
1664 1403 1948 1465 gravantes
1971 1392 2085 1460 ejc--

489 1487 644 1542 cerit.

1065 1599 1296 1658 CAPUT
1351 1599 1443 1657 VI.

496 1712 574 1770 De
600 1715 892 1787 margaritis
917 1722 1034 1770 ante
1045 1731 1250 1788 porcos,
1269 1715 1332 1769 de
1343 1716 1818 1787 pseadOpropheta,
1846 1715 1908 1770 de
1939 1715 2091 1770 domo

953 1807 1211 1876 wdiﬁcata
1235 1823 1395 1877 supra
1420 1815 1639 1878 petram.

570 1949 624 2001 1.
651 1945 902 2018 Mysteria
942 1943 1131 2000 Christi
1160 1955 1309 2001 caute
1354 1946 1584 2018 gentibus
1611 1954 1660 2002 et
1693 1946 1946 2001 hwreticis
1966 1963 2095 2014 ape-

495 2040 697 2094 rienda.
728 2069 793 2080 α·-
820 2037 998 2092 Nolite
1014 2037 1139 2092 dare
1165 2048 1399 2093 sanctum
1421 2039 1650 2104 canibus,
1680 2055 1840 2110 neque
1860 2039 2097 2094 miseritis

500 2133 811 2203 margaritas
837 2140 1027 2186 vestras
1068 2142 1184 2186 ante
1215 2147 1414 2200 porcos,
1447 2140 1503 2186 et
1527 2129 1965 2202 reliqua(Matth.
2000 2148 2094 2198 vtt,

501 2224 578 2295 6).
610 2223 905 2293 Praeceptis
955 2233 1009 2278 et
1051 2223 1332 2294 promissis
1359 2223 1453 2279 Dei
1495 2223 1630 2278 nihil
1658 2223 1949 2294 pretiosius
1976 2239 2101 2279 san-

500 2317 748 2388 ctiusque
779 2325 883 2383 est,
913 2332 1034 2387 qua:
1075 2317 1425 2372 sanctificatis
1481 2316 1636 2372 nobis
1680 2315 2102 2373 immortalitatis

501 2411 816 2467 thesaurum
852 2411 1171 2483 largiuntur.
1205 2411 1404 2466 Horum
1457 2411 1623 2483 igitur
1657 2421 1995 2468 sacramenta
2018 2422 2101 2468 at-

505 2521 610 2576 que
633 2505 862 2559 virtutes
884 2519 1058 2574 neque
1108 2505 1162 2559 in
1193 2514 1382 2575 gentes
1399 2503 1616 2572 efferre,
1640 2519 1815 2574 neque
1843 2518 1963 2560 cum
1994 2503 2106 2558 hae-

503 2597 690 2652 reticis
743 2594 994 2651 conferre
1037 2595 1418 2666 permittimur.
1449 2593 1624 2652 Canes
1665 2595 1832 2661 enim,
1855 2595 1924 2651 de
1950 2595 2104 2651 obla-

506 2688 682 2743 trandi
707 2687 967 2743 adversus
991 2687 1158 2742 Deum
1189 2687 1569 2758 rabie,gentes
1599 2696 1727 2744 sunt
1755 2698 2100 2759 nuncupatur.

509 2781 803 2838 Porcorum
855 2795 984 2836 vero
1017 2779 1288 2836 haereticis
1328 2792 1409 2836 est
1439 2797 1674 2838 nomen:
1709 2783 1832 2854 quia
1862 2784 2108 2853 quamvis

508 2876 721 2946 ungulae
748 2873 923 2930 bifida:
953 2876 1090 2941 sint,
1115 2887 1391 2947 acceptam
1419 2884 1598 2932 tamen
1627 2878 1722 2933 Dei
1747 2878 2108 2949 cognitionem

510 2981 616 3022 non
641 2966 964 3021 ruminando
980 2966 1295 3035 disponunt.
1320 2968 1459 3039 Ergo
1481 2978 1535 3024 et
1565 2969 1634 3040 (c)
1661 2971 2110 3039 eoncorporatio—

513 3075 637 3116 nem
670 3059 830 3114 Verbi
861 3059 976 3126 Dei,
1017 3069 1070 3115 et
1095 3061 1362 3131 passionis
1397 3061 1732 3133 mysterium,
1783 3071 1838 3120 et
1859 3062 2108 3119 virtutem

511 3152 925 3208 resurrecﬁonis
982 3168 1086 3206 non
1121 3153 1425 3224 promiscue
1453 3163 1682 3209 tractare
1712 3171 1810 3211 nos
1835 3158 2108 3225 convenit,
2139 3141 2185 3205 (ἶ

515 3246 1340 3318 nequeimperiteiocurioseque
1363 3247 1636 3317 proferre:
1661 3263 1729 3304 ne
1757 3249 2114 3320 ignorantiam

514 3351 757 3396 nostram
778 3383 794 3407 ,
825 3342 867 3397 si
915 3341 1162 3412 perfectae
1181 3342 1345 3415 697
1366 3343 1609 3399 scientiae
1637 3344 1780 3400 desit
1804 3344 2111 3413 instructio,

516 3443 797 3504 proferant
848 3447 1009 3504 atque
1059 3435 1404 3500 conculcent,
1438 3442 1494 3489 et
1532 3434 1898 3492 inﬁrmitatem
1925 3439 1976 3492 in
2009 3439 2116 3492 Deo

518 3528 788 3601 passionis
813 3528 1074 3584 irrideant
1097 3545 1110 3592 ;
1136 3529 1492 3598 conversique
1515 3529 1566 3582 in
1590 3545 1711 3596 nos,
1730 3531 2116 3586 contradictio-

519 3639 649 3678 num
695 3621 900 3677 aculeis
940 3621 1264 3692 imperitiam
1311 3631 1553 3678 nostram
1583 3623 1851 3694 iidemque
1879 3623 2116 3680 disrum-

520 3724 670 3784 pant.

592 3807 648 3861 2.
685 3805 950 3862 Orationis
971 3807 1046 3861 vis
1076 3816 1252 3862 contra
1289 3808 1620 3877 imperitiam.
1654 3807 1763 3864 Lex
1791 3808 2121 3865 caritatis.—

520 3899 627 3957 Sed
656 3902 707 3956 in
741 3899 846 3967 bis,
873 3915 994 3970 quae
1019 3900 1412 3970 lgnorabimus,
1439 3903 1521 3955 via
1545 3901 1700 3958 nobis
1725 3904 2119 3975 consequendaa

521 3993 766 4050 veritatis
815 3992 1058 4062 aperitur
1091 4007 1290 4062 :quam
1339 3992 1585 4048 obtinere
1635 3995 1686 4048 in
1733 3995 1851 4049 sola
1900 4010 2119 4064 precum

521 4103 674 4144 mora
727 4095 831 4142 est.
866 4085 935 4142 Ut
974 4085 1137 4157 igitur
1161 4085 1463 4141 sentiamus
1493 4086 1886 4158 credamusque
1913 4089 2118 4156 omnia,

522 4190 580 4237 et
628 4181 777 4236 nullo
825 4179 1093 4250 ambiguae
1146 4177 1443 4232 voluntatis
1510 4177 1828 4235 differantur
1874 4182 2120 4249 incerto;

481 4267 490 4272 ’
525 4273 790 4328 orandum
820 4281 926 4337 est,
955 4270 1306 4341 quaerendum
1337 4280 1440 4337 est,
1472 4272 1796 4342 pulsandum
1825 4284 1910 4331 est
1931 4273 2122 4346 (Ibid.,

524 4363 581 4433 7)
608 4379 622 4418 :
649 4363 893 4418 oratione
939 4363 1017 4436 (ά)
1054 4363 1503 4428 misericordiam,
1534 4363 1881 4436 inquisitione
1912 4365 2125 4436 profec-

525 4463 1024 4519 tum,tentameuto
1072 4455 1276 4510 aditum
1330 4456 1618 4526 repertori.
1673 4456 1812 4522 Quin
1863 4458 2026 4513 etiam
2056 4458 2122 4513 ad

2178 450 2378 507 veneni
2410 450 2645 506 haeretici
2690 446 3081 518 prastiturus?
3121 439 3531 500 Consummavit
3573 437 3788 494 deinde

2177 547 2357 600 omnia
2388 545 2647 601 bonitatis
2686 541 2959 613 exemplo,
3005 538 3290 595 universos
3347 534 3550 591 amoris
3599 531 3789 588 mutui

2181 653 2311 708 pace
2357 637 2690 707 conjungens
2717 653 2728 689 :
2759 634 2812 690 in
2842 650 2908 689 eo
2956 632 3087 700 legis
3115 640 3169 687 et
3209 629 3593 700 prophetarum
3621 641 3792 680 man-

2179 730 2302 786 data
2346 730 2701 792 constituens,
2735 737 2793 782 ut
2835 726 3215 782 universorum
3261 724 3312 777 in
3345 735 3444 776 nos
3471 718 3791 776 bonitatem

2181 832 2450 894 optantes,
2472 822 2571 892 ipsi
2595 820 2839 876 omnibus
2862 818 2984 874 boni
3007 818 3192 872 simus.
3287 847 3290 850 η

2253 916 2306 971 3.
2353 913 2445 968 Via
2471 913 2584 967 caeli
2605 913 2826 985 apaucis
2855 911 2994 975 trita,
3018 920 3062 963 et
3090 926 3117 963 ε
3139 918 3340 963 contra.
3357 935 3427 952 --
3449 903 3651 960 Intrate
3687 920 3797 976 per

2183 1017 2450 1079 angustam
2471 1016 2690 1078 portam.
2719 1005 2887 1072 Quam
2919 1005 3021 1058 lata
3040 1013 3084 1058 et
3114 1003 3341 1073 spatiosa
3370 1002 3472 1064 uia,
3497 1013 3616 1068 quc
3636 998 3798 1052 ducit

2184 1105 2252 1158 ad
2292 1102 2629 1172 perditionem
2654 1102 2668 1155 ι
2693 1099 2933 1155 Arduum
2968 1097 3019 1152 in
3051 1097 3248 1153 uelum
3277 1096 3382 1150 iter
3408 1093 3646 1148 hominis
3673 1100 3797 1157 est,

2186 1206 2241 1252 et
2279 1196 2456 1250 aditus
2495 1204 2753 1264 angustus
2795 1207 2858 1247 ac
2911 1191 3084 1246 tenuis
3117 1207 3129 1244 :
3157 1199 3414 1244 ca'terum
3463 1185 3802 1256 perditionis

2187 1289 2270 1343 via
2301 1288 2404 1342 lata
2444 1295 2547 1341 est.
2583 1286 2730 1339 lianc
2759 1284 2940 1354 plures
2965 1282 3235 1344 obtinent,
3264 1280 3409 1334 illam
3441 1293 3606 1349 porro
3628 1275 3802 1346 pauci

2191 1379 2493 1434 inveniunt.
2553 1375 2744 1430 Paucis
2791 1376 2932 1428 cnim
2964 1373 3157 1427 damna
3213 1387 3391 1426 rerum
3435 1368 3803 1440 praesentium

2189 1485 2315 1526 cara
2329 1477 2454 1524 sunt
2473 1486 2492 1524 :
2513 1467 2711 1539 quibus
2732 1466 3055 1537 cupiditates
3079 1474 3134 1520 et
3153 1463 3318 1518 animi
3340 1463 3558 1517 vincere
3585 1470 3644 1516 et
3671 1475 3809 1515 cor-

2191 1563 2339 1636 poris
2366 1562 2636 1634 frangere,
2667 1571 2720 1616 et
2745 1559 2988 1630 exposita
3021 1559 3146 1612 totis
3171 1554 3582 1612 sicculiviribus
3608 1552 3806 1607 illece-

2195 1657 2411 1713 brarum
2444 1653 2683 1709 omnium
2715 1650 2980 1708 lenocinia
3025 1649 3324 1720 praeterire,
3358 1646 3655 1702 maximum
3683 1658 3806 1700 cm-

2127 1752 2174 1812 B
2201 1749 2352 1805 festis
2375 1749 2489 1819 spei
2523 1747 2730 1802 lucrum
2770 1754 2874 1800 est.
2913 1745 3024 1799 illis
3053 1752 3229 1798 autem
3261 1739 3459 1811 quibus
3490 1739 3660 1793 solum
3697 1738 3805 1792 bo-

2201 1857 2329 1895 num
2384 1849 2468 1896 est
2507 1839 2754 1904 scortari,
2795 1837 3113 1900 comessari,
3155 1833 3383 1899 ambire,
3436 1831 3787 1899 insolescere,

2202 1933 2472 2001 fastidire,
2503 1933 2703 1998 odisse,
2729 1932 2990 2002 diripere,
3009 1930 3270 2002 plurimus
3285 1936 3370 1984 est
3395 1925 3800 1998 frequentatum

2201 2031 2305 2085 iter
2337 2031 2442 2084 tale
2481 2029 2788 2084 comitatus.

2274 2120 2328 2176 4.
2364 2120 2461 2176 Dei
2483 2137 2656 2176 servus
2687 2137 2789 2174 non
2812 2119 2995 2185 rerbis,
3029 2118 3118 2173 sed
3145 2115 3292 2188 factis
3319 2111 3816 2186 dignoscitur.—Et

2204 2219 2328 2288 quia
2358 2230 2651 2287 paucorum
2678 2224 2824 2270 esset
2865 2213 3002 2268 viam
3044 2219 3325 2282 angustam
3369 2208 3644 2270 invenire,
3668 2205 3818 2260 frauo

2205 2311 2504 2367 dulentiam
2537 2324 2723 2364 eorum
2764 2308 2852 2378 qui
2904 2321 3023 2362 eam
3065 2320 3124 2360 se
3171 2317 3414 2374 querere
3440 2299 3820 2357 mentirentur

2205 2409 2450 2479 exponit,
2479 2405 2701 2461 dicens:
2731 2403 2991 2459 Attendite
3029 2419 3058 2455 a
3088 2400 3573 2474 pseudOpmpltetis,
3603 2396 3690 2467 qui
3725 2411 3819 2448 ee-

2205 2504 2351 2557 niunt
2395 2501 2462 2556 ad
2507 2516 2594 2555 vos
2636 2500 2692 2554 in
2725 2498 3029 2553 vestimentis
3082 2499 3272 2561 ovium,
3302 2505 3408 2551 etc.
3450 2491 3648 2562 (Ibid.,
3695 2491 3818 2560 15).

2209 2597 2583 2653 Blandimenta
2613 2594 2900 2649 verborum
2948 2601 3003 2648 et
3047 2589 3477 2646 mansuetudinis
3503 2586 3819 2643 simulatio-

2210 2707 2333 2748 nem
2365 2691 2620 2746 admonet
2653 2687 2836 2744 fructu
2875 2687 3208 2758 operationis
3250 2683 3481 2755 expendi
3509 2689 3818 2752 oportere:

2209 2796 2270 2840 ut
2299 2799 2406 2838 non
2435 2784 2648 2854 qualem
2685 2782 2807 2852 quis
2846 2796 2905 2835 se
2939 2780 3117 2835 verbis
3143 2779 3362 2845 referat,
3386 2776 3482 2832 sed
3507 2775 3731 2846 qualem
3759 2789 3823 2831 se

2211 2881 2375 2936 rebus
2425 2878 2624 2934 efﬁciat
2677 2885 3026 2948 spectemus;
3080 2874 3204 2945 quia
3273 2873 3326 2928 in
3380 2871 3567 2927 multis
3610 2870 3823 2925 vestitu

2211 2976 2392 3030 ovium
2421 2973 2600 3029 rabies
2625 2972 2806 3043 lupina
2835 2969 3160 3041 contegitur.
3188 2968 3352 3038 Ergo,
3373 2975 3433 3021 ut
3459 2965 3634 3036 spina:
3654 2979 3822 3030 uvas,

2219 3079 2278 3122 ut
2306 3066 2488 3123 tribuli
2537 3065 2672 3120 ﬁcus
2713 3079 2821 3120 non
2870 3070 3154 3135 generant,
3186 3069 3243 3117 et
3271 3069 3330 3115 ut
3357 3060 3556 3130 iniqua:
3588 3057 3825 3113 arbores

2218 3163 2366 3218 utilia
2411 3176 2570 3232 poma
2601 3175 2708 3215 non
2739 3157 2970 3216 afferunt
3019 3155 3208 3228 (Ibid.,
3241 3155 3367 3226 16):
3399 3154 3474 3209 ita
3504 3169 3575 3209 ne
3606 3155 3660 3209 in
3699 3152 3828 3210 istis

2216 3257 2431 3329 quidem
2477 3255 2779 3312 consistere
2825 3254 2985 3310 docet
3035 3252 3162 3309 boni
3205 3252 3389 3323 operis
3436 3250 3740 3314 eﬂectum;
3773 3257 3833 3306 et

2218 3351 2420 3406 idcirco
2456 3365 2645 3406 omnes
2699 3345 3105 3419 cognoscendos
3125 3361 3249 3402 esse
3276 3344 3346 3400 de
3394 3343 3684 3399 fructibus.
3721 3343 3834 3398 Re-

2216 3461 2380 3516 gnum
2409 3445 2554 3500 enim
2582 3444 2848 3500 caelorum
2887 3442 2999 3497 sola
3025 3439 3308 3496 verborum
3331 3437 3514 3492 officia
3553 3451 3668 3493 non
3688 3436 3834 3492 obti-

2219 3546 2382 3594 nent:
2404 3551 2578 3608 neque
2605 3536 2696 3606 qui
2725 3533 2953 3590 dixerit:
2979 3532 3212 3599 Domine,
3243 3530 3412 3604 698
3439 3527 3684 3597 Domine,
3711 3527 3833 3584 bte-

2217 3637 2306 3686 res
2338 3630 2478 3685 illius
2505 3628 2609 3684 erit
2635 3625 2769 3700 (1b.,
2788 3627 2904 3694 21).
2933 3622 3072 3693 Quid
3100 3624 3244 3680 enim
3285 3624 3462 3678 meriti
3485 3629 3573 3678 est
3595 3621 3832 3677 Domino

2221 3723 2404 3779 dicere
2430 3719 2669 3789 Domine,
2697 3717 2953 3772 Domine?
2981 3717 3249 3786 Numquid
3275 3715 3536 3770 Dominus
3554 3729 3662 3768 non
3689 3713 3828 3780 erit,

2222 3815 2326 3872 nisi
2357 3815 2518 3870 fuerit
2546 3813 2720 3868 dictus
2749 3827 2778 3866 a
2803 3811 2992 3867 nobis?
3028 3809 3098 3864 Et
3127 3823 3248 3880 quac
3267 3807 3430 3863 officii
3451 3808 3717 3863 sanctitas
3744 3816 3833 3862 est

2225 3907 2460 3964 nominis
2494 3904 2867 3974 nuncupatio;
2897 3917 3017 3956 cum
3066 3900 3307 3958 etelestis
3353 3899 3507 3969 regni
3561 3900 3668 3954 iter
3691 3897 3832 3953 obe-

2223 4000 2424 4056 dientia
2452 4001 2632 4070 potius
2677 3995 2996 4061 voluntatis,
3024 3993 3097 4067 (e)
3121 4007 3226 4049 non
3260 3991 3352 4048 Dei
3384 3990 3719 4062 nuncupatio
3747 4005 3837 4046 re-

2225 4104 2442 4165 pertura
2466 4091 2580 4146 sit?

2299 4185 2352 4240 5.
2373 4183 2567 4239 Ctelum
2587 4199 2690 4236 non
2713 4180 3026 4235 mirabilibus
3040 4178 3130 4234 sed
3149 4178 3294 4232 bonis
3314 4175 3554 4248 operibus
3573 4176 3836 4232 redditur.

2227 4279 2458 4333 -—Multi
2479 4279 2603 4332 mihi
2622 4277 2791 4332 dicent
2818 4277 2874 4330 in
2905 4275 3000 4330 illa
3027 4275 3130 4341 die,
3153 4272 3375 4328 Domine
3401 4273 3645 4339 Domine,
3667 4289 3841 4328 nonne

2228 4373 2281 4425 in
2299 4381 2386 4426 tuo
2403 4371 2606 4424 nomine
2628 4368 3041 4441 praphetavimus
3053 4367 3079 4420 .9
3093 4377 3147 4421 et
3169 4366 3372 4437 reliqua
3393 4365 3500 4439 (Ib.
3515 4365 3636 4435 22).
3657 4364 3838 4421 Etiam

2232 4480 2376 4520 nunc
2416 4459 3006 4533 pseudOprophetarum
3037 4457 3453 4513 fraudulentiam
3471 4465 3538 4512 .et
3579 4455 3840 4528 hypocri-

527 4561 680 4616 spem
710 4546 1012 4613 obtinendi,
1052 4546 1302 4616 exemplo
1335 4545 1550 4601 humani
1597 4547 1820 4603 affectus
1842 4548 2104 4605 docemur

2237 4529 2431 4614 tarum-
2459 4529 2838 4612 simulamenta
2865 4553 3212 4618 condemnat,
3244 4552 3336 4622 qui
3377 4552 3607 4622 gloriam
3638 4551 3740 4606 sibi
3774 4566 3844 4606 ex

527 4638 662 4694 Nam
685 4653 807 4698 cum
837 4653 937 4693 nos
966 4639 1088 4694 tiliis
1117 4639 1318 4710 piscem
1337 4655 1600 4710 panemve
1626 4644 1995 4712 poscentibus,
2020 4660 2126 4700 non

527 4743 838 4805 serpentem
870 4733 1039 4788 simus
1067 4743 1159 4788 aut
1185 4735 1418 4805 lapidem
1462 4735 1756 4800 reddituri;
1789 4746 1990 4806 quanto
2013 4753 2130 4794 ma-

529 4827 614 4900 gis
670 4823 830 4880 nobis
870 4825 1108 4891 optimos
1159 4842 1222 4882 ac
1269 4829 1748 4898 praestantissimus
1793 4839 1948 4901 pater
1993 4832 2130 4886 Deus

528 4915 810 4975 orantibus
839 4913 1090 4986 perfectte
1142 4917 1263 4973 fidei
1311 4936 1536 4976 munera
1593 4922 1851 4992 largietur
1883 4923 2068 4994 (Ibid,
2097 4924 2132 4978 9

529 5021 580 5066 et
626 5012 800 5081 seq.);
848 5022 1026 5080 neque
1077 5008 1150 5064 sit
1198 5026 1294 5080 pro
1317 5014 1441 5070 vita:
1497 5015 1621 5072 cibo
1650 5016 1882 5086 lapidem
1914 5017 2130 5073 duritia:

531 5196 703 5252 Deum
731 5211 837 5251 non
864 5191 1060 5256 credit,
1094 5200 1285 5260 peccat
1307 5190 1358 5244 in
1386 5189 1646 5262 Spiritum
1679 5205 1947 5263 sanctum,
1972 5196 2024 5251 id
2050 5205 2136 5252 est

537 5269 594 5322 in
621 5267 820 5322 Christi
870 5263 1232 5325 divinitatem,
1261 5263 1402 5330 quod
1458 5275 1732 5333 peccatum
1765 5267 1910 5322 trabs
1945 5267 2135 5323 intide-

544 5337 716 5393 litatis
745 5348 828 5392 est
857 5338 911 5390 in
965 5334 1124 5389 oculo
1178 5333 1392 5386 mentis.

607 5411 688 5481 (a)
727 5409 899 5481 Editi,
934 5405 1152 5460 omissis
1195 5403 1378 5457 verbis
1409 5404 1727 5473 inﬁdelitatis
1758 5409 1921 5475 trabe,
1959 5408 2132 5478 subji-

533 5479 686 5535 ciunt
709 5481 762 5533 in
785 5479 935 5532 oculo
966 5485 1180 5550 utroque
1207 5491 1220 5528 :
1257 5486 1629 5550 restattrantur
1662 5494 1728 5534 ex
1755 5495 1884 5536 mss.
1923 5481 1977 5534 in
2002 5496 2138 5550 quo-

536 5566 657 5605 rum
689 5551 964 5604 nonnullis
986 5547 1141 5601 deest
1168 5561 1275 5600 vox
1306 5547 1648 5616 inﬁdelitatis.

615 5628 693 5703 (ρ)
722 5624 1212 5703 Ιηλεχευεὶεέ-ᾳυοά
1259 5627 1452 5703 erigat.
1491 5627 1785 5703 blelittshin
1827 5645 1962 5688 mss.
2005 5631 2144 5703 quod

549 5695 812 5770 (velaria)
833 5707 994 5770 egeat.
1020 5695 1134 5750 Hoc
1155 5704 1241 5750 est
1265 5695 1408 5766 quod
1436 5699 1636 5755 schola:
1659 5699 1868 5770 dicunt,
1893 5695 2038 5758 nemo
2058 5703 2147 5757 dat

536 5768 676 5832 quod
694 5768 800 5822 non
825 5769 995 5821 habet.

2236 4653 2385 4709 verbi
2427 4652 2627 4706 virtute
2683 4655 3036 4719 prmsumunt,
3071 4647 3122 4701 in
3153 4646 3414 4702 doctrina:
3442 4645 3756 4716 prophetia,
3787 4654 3845 4701 et

2237 4745 2628 4800 daemoniorum
2667 4741 2812 4813 fuga,
2831 4747 2888 4796 et
2915 4737 3217 4794 istiusmodi
3245 4752 3472 4808 operum
3503 4735 3842 4792 virtutibus:

2237 4849 2400 4909 atque
2431 4837 2554 4891 hinc
2593 4835 2695 4890 sibi
2749 4849 2971 4903 regnum
3001 4831 3261 4887 caalorum
3292 4829 3646 4901 pollicentur.
3673 4829 3844 4897 Quasi

2235 4943 2367 4984 vero
2392 4942 2581 4983 eorum
2609 4925 2813 4995 aliquid
2846 4923 3122 4994 proprium
3169 4921 3261 4987 sit,
3288 4936 3410 4991 qua:
3433 4923 3730 4989 loquuntur
3747 4931 3846 4975 aut

2235 5019 2463 5085 faciunt,
2496 5027 2553 5075 et
2581 5032 2687 5072 non
2718 5017 2898 5072 omnia
2939 5018 3110 5070 virtus
3154 5013 3250 5069 Dei
3278 5014 3526 5069 invocata
3554 5013 3841 5084 perﬁciat:

2314 5195 2387 5271 (c)
2435 5196 2799 5271 Bad.,Er._et
2841 5196 2990 5271 Lips.
3033 5197 3522 5271 incorporationent.
3549 5196 3662 5271 Alii
3708 5211 3845 5271 vero

2241 5267 2375 5324 libri
2385 5267 2919 5339 concor-perationem.
2938 5267 3362 5337 Corporationeni
3389 5267 3614 5338 prologo
3627 5269 3681 5323 in
3699 5269 3847 5339 psal-

2243 5356 2359 5394 mos
2392 5357 2449 5395 n.
2474 5344 2528 5406 5,
2560 5339 2594 5396 6
2622 5341 2823 5395 etalibi
2852 5340 3035 5395 dicere
3054 5340 3196 5395 solet
3217 5339 3472 5394 Hilarius.

2317 5411 2400 5484 (ά)
2427 5412 2526 5467 Ms.
2572 5412 2729 5484 Rom.
2783 5411 3157 5484 misericordia,
3174 5411 3520 5484 inquisitione
3563 5415 3848 5484 perfectum

2247 5481 2544 5538 testamento
2564 5481 2762 5536 aditum
2790 5484 3046 5554 reperturi
3075 5499 3094 5548 ;
3119 5482 3250 5537 falsa
3269 5483 3381 5539 veri
3414 5484 3618 5552 specie,
3647 5481 3774 5538 licet
3791 5484 3847 5538 in

2247 5559 2459 5610 cmteris
2503 5557 2667 5609 etiam
2695 5553 2874 5608 exstet
2913 5555 3266 5609 misericordia
3287 5594 3304 5622 ,
3334 5553 3680 5624 inquisitione,
3725 5571 3850 5625 pro.

2248 5630 2404 5695 fectu,
2436 5641 2499 5680 ac
2527 5625 2722 5680 deinde
2750 5625 2802 5679 in
2833 5625 3042 5680 duobus
3070 5636 3390 5680 testamento.

2324 5703 2397 5778 (ε)
2423 5705 2615 5779 Editi,
2641 5722 2810 5779 quam
2853 5704 3000 5760 Dei:
3030 5706 3423 5779 reluctantibus
3450 5721 3584 5764 mss.
3609 5699 3845 5761 Rursum

2252 5773 2513 5845 particula
2541 5773 2713 5844 potius
2743 5779 2864 5832 cum
2895 5793 2997 5832 non
3025 5776 3270 5848 jungitur
3315 5773 3454 5833 inira
3477 5793 3528 5832 c.
3565 5779 3619 5842 8,
3640 5789 3695 5834 η.
3720 5781 3774 5830 8:
