3882 6332
71 328 168 385 955

963 324 1502 384 COMMENTARIUS
1534 326 1595 381 IN
1650 327 2085 392 MATTHEUM.
2128 332 2281 391 CAP.
2327 335 2438 392 Vll.

3231 345 3335 402 954

69 445 441 506 cumdoetrinte
456 443 731 500 scientiam
749 443 906 500 lectio
924 445 1136 513 afferat,
1159 446 1637 520 (a)d:emouiorttm
1666 453 1719 514 Α
1743 452 1960 512 efficere
1985 472 2104 529 qua:
2143 457 2324 527 jussit,
2367 466 2422 513 et
2454 459 2679 515 credere
2706 473 2826 529 quze
2855 459 3164 532 spopondit.
3194 458 3336 518 Con-

66 543 232 615 fugam
283 539 475 595 Christi
535 553 728 594 nomen
781 540 1034 611 exagitet.
1071 541 1146 596 De
1172 551 1359 597 nostro
1383 543 1540 612 igitur
1558 551 1642 598 est

67 636 209 694 beata
238 634 324 690 illa
353 633 625 688 mternitas
651 634 1008 703 promereuda
1031 635 1535 707 :prtestandumque
1557 647 1640 694 est

61 727 249 800 aliquid
275 742 338 782 ex
387 725 634 796 proprio,
681 736 738 781 ιιι
779 726 976 782 bonum
1020 726 1094 801 (b)
1125 731 1386 794 velimus,
1438 731 1636 786 malum

61 835 210 876 omne
232 820 478 882 vitemus,
510 827 728 889 totoque
769 818 960 872 affectu
1002 821 1285 892 praeceptis
1325 821 1638 878 cmlestibus

56 915 481 982 obtemperemus
505 927 520 968 :
549 925 612 965 ac
641 911 837 966 talibus
857 911 1052 968 ofliciis
1080 915 1278 985 cogniti
1308 915 1417 970 Deo
1445 917 1634 983 simus,

56 1020 372 1079 agamusque
405 1003 584 1074 putius
621 1004 764 1075 quod
811 1005 944 1073 vult,
969 1021 1128 1077 quam
1160 1006 1236 1080 (ε)
1265 1009 1408 1078 quod
1461 1020 1638 1081 p0test

53 1101 336 1172 gloriemur
365 1115 378 1152 :
414 1096 701 1167 repudians
745 1113 840 1154 eos
886 1113 951 1154 ac
989 1101 1285 1170 repellens,
1319 1117 1453 1174 quos
1486 1119 1515 1158 a
1544 1118 1636 1160 co-

53 1193 285 1264 gnitione
311 1205 405 1246 sua
438 1204 600 1260 opera
631 1191 929 1260 iniquitatis
955 1193 1270 1248 averterint.

119 1285 168 1339 6.
207 1283 557 1338 Tentationum
587 1283 1168 1354 progressus.—-0mnis
1193 1303 1313 1359 ergo
1356 1289 1442 1356 qui
1489 1289 1633 1342 audit

50 1378 342 1441 uerbamea,
375 1386 421 1431 ct
467 1375 614 1446 facit,
668 1377 884 1430 similem
915 1394 1029 1431 cum
1077 1379 1336 1433 aestimabo
1385 1381 1492 1433 viro
1543 1398 1632 1435 sa-

46 1473 217 1543 pienti,
239 1472 327 1541 qui
352 1472 627 1540 ardiﬁcavit
681 1472 886 1526 domum
936 1490 1087 1556 suam
1134 1491 1286 1545 super
1330 1485 1546 1546 petram,
1579 1485 1633 1532 et

46 1565 240 1634 reliqua
291 1561 478 1632 (Ibid.,
531 1562 646 1634 2b).
690 1564 890 1620 Sensus
945 1574 1030 1621 est
1097 1569 1468 1637 superioribus
1506 1569 1633 1639 jun-

48 1664 180 1711 ctus.
209 1655 283 1726 (d)
310 1653 618 1725 Objurgaus
641 1657 786 1711 enim
811 1657 1403 1729 pseudopropltetarutn
1422 1661 1631 1730 jactan-

49 1751 168 1807 tiam
190 1761 241 1806 et
279 1749 683 1822 Itypocritarum
716 1754 995 1824 figmenta,
1048 1771 1142 1825 per
1205 1759 1628 1828 comparationis

1741 552 2025 606 summatis
2069 551 2233 622 igitur
2268 551 2542 618 omnibus,
2576 552 2744 607 turbae
2770 552 3102 608 mirabantur
3129 553 3334 610 doctri-

1741 653 1866 695 nam
1889 643 2045 712 ejus,
2100 660 2206 714 qua
2259 659 2318 700 se
2359 661 2467 701 non
2499 644 2810 702 Scribarum
2857 655 2911 701 et
2937 646 3332 704 Pharisaaorum

1741 746 1892 786 more
1921 735 2198 792 docuisset
2234 737 2425 810 (Ibid.,
2453 739 2523 792 28
2567 749 2613 793 et
2641 741 2756 813 29).
2787 740 2843 795 In
2873 741 3163 799 verborum
3187 743 3332 800 enim

1742 825 2026 884 virtutibus
2055 829 2279 888 effectus
2311 840 2638 903 potestatum
2668 834 3047 891 metiebantur.

2349 967 2578 1026 CAPUT
2616 970 2730 1027 VII.

1739 1083 1818 1140 De
1848 1087 2048 1157 leproso
2087 1105 2236 1158 quem
2266 1093 2482 1159 curavit,
2517 1094 2580 1148 de
2606 1111 2765 1166 puero
2793 1095 2987 1150 tribuni
3019 1098 3329 1170 paralytico,

1879 1179 1944 1234 de
1969 1196 2118 1235 socru
2148 1180 2318 1251 Petri,
2351 1185 2413 1239 de
2457 1187 2692 1256 plurimis
2719 1199 2768 1243 et
2797 1188 3008 1245 diversis
3030 1192 3186 1246 curis.

1811 1294 1862 1348 i.
1898 1295 2091 1350 Sensus
2145 1297 2450 1368 allegoricus
2501 1303 2576 1355 nil
2619 1303 2844 1358 detrahit
2887 1305 3068 1361 littera:
3109 1308 3329 1364 veritati.

1735 1387 1845 1443 Lex
1855 1390 1969 1460 jam
1992 1390 2282 1444 inutilis.—
2301 1391 2366 1446 Et
2387 1393 2720 1451 descendente
2759 1413 2816 1452 eo
2842 1397 2906 1453 de
2934 1408 3124 1466 monte,
3147 1410 3334 1456 secutte

1734 1490 1854 1536 sunt
1889 1497 2002 1535 eum
2045 1481 2203 1536 turba:
2245 1484 2436 1538 mutue.
2487 1484 2554 1538 Et
2595 1503 2709 1540 ecce
2756 1488 2987 1559 leprosus
3017 1491 3225 1560 quidam
3252 1509 3334 1547 ve-

1735 1574 1879 1628 niens
1921 1574 2167 1629 adorabat
2205 1591 2318 1630 eum
2354 1577 2558 1644 dicens,
2601 1577 2837 1648 Domine,
2870 1584 2914 1636 si
2956 1585 3050 1648 vis,
3087 1596 3228 1656 potes
3257 1603 3335 1640 me

1732 1669 2005 1734 mundare,
2031 1679 2086 1724 et
2133 1669 2338 1740 reliqua
2369 1668 2584 1743 (Matth.
2608 1689 2721 1740 vttt,
2766 1677 2789 1730 l
2823 1686 2871 1730 et
2922 1677 3002 1747 2).
3031 1677 3088 1733 In
3111 1681 3334 1736 exordio

1731 1762 2002 1817 sermonis
2032 1763 2106 1838 (λ)
2133 1763 2534 1832 admonuimus,
2575 1783 2641 1823 ne
2669 1769 2792 1840 quis
2821 1769 2961 1827 forte
2989 1773 3332 1830 existimaret

44 1844 336 1916 exemplum
380 1844 635 1915 perfectae
667 1847 720 1901 in
773 1861 832 1901 se
879 1846 1026 1912 fidei.
1058 1847 1329 1904 hominem
1383 1852 1625 1920 exponit,
1657 1856 1705 1917 Β
1732 1856 1932 1926 aliquid
1992 1872 2170 1911 rerum
2200 1867 2475 1927 gestarum
2519 1859 2643 1915 fidei
2689 1860 3102 1930 detrahendum,
3150 1868 3195 1922 si
3245 1882 3332 1924 res

41 1939 174 2010 quod
206 1940 270 2005 is,
296 1941 388 2011 qui
421 1942 583 1996 verba
626 1957 718 1996 sua
763 1950 815 1997 et
845 1943 1027 1997 audiat
1051 1951 1107 1998 et
1135 1942 1316 2008 faciat,
1349 1960 1511 2014 super
1533 1962 1626 2016 pc-

41 2039 169 2085 tram
197 2033 267 2085 sit
296 2032 616 2099 aedificatus,
647 2041 702 2088 et
748 2032 1102 2090 fundamento
1153 2036 1333 2092 stabili
1366 2038 1628 2110 firmoque

39 2125 315 2189 consistat,
346 2126 422 2198 (e)
470 2142 704 2198 eumque
732 2128 1082 2184 incidentium
1123 2138 1498 2200 tempestatum
1530 2133 1630 2187 im-

39 2224 158 2286 petu
203 2233 311 2272 non
373 2233 537 2289 posse
585 2219 848 2285 di3501Vi;
903 2222 955 2277 in
1016 2233 1167 2292 petra
1213 2239 1273 2280 se
1304 2225 1476 2296 ipsum
1527 2225 1630 2282 Do-

39 2310 206 2365 minus
253 2311 568 2383 signifieans
599 2355 613 2380 ,
647 2314 882 2369 validum
936 2316 1154 2372 aedificii
1203 2319 1627 2375 fundamentum.

40 2402 104 2473 (Ῑ)
129 2399 260 2458 Cum
289 2417 472 2462 autem
497 2407 587 2476 qui
621 2423 687 2461 ex
723 2423 782 2463 se
808 2409 860 2463 in
885 2410 1114 2465 sublime
1145 2427 1281 2480 opus
1305 2413 1628 2477 excreverit,

37 2499 230 2552 moveri
281 2515 388 2553 non
444 2502 614 2568 possit
657 2501 745 2555 vel
797 2502 1010 2571 pluviis,
1055 2504 1140 2558 vel
1182 2503 1512 2568 fluminibus,
1547 2505 1631 2561 vel

37 2599 186 2643 vento
211 2607 225 2656 ;
250 2591 304 2645 in
337 2592 556 2661 pluviis,
599 2593 916 2648 blandarum
950 2604 1004 2651 et
1043 2598 1244 2651 sensim
1296 2597 1628 2654 illabeutium

35 2685 366 2754 voluptatum
397 2687 684 2743 illecebras
713 2689 1002 2758 signiﬁcat,
1037 2690 1229 2760 quibus
1287 2691 1516 2760 primum
1571 2691 1632 2746 fi-

39 2776 134 2832 des
170 2779 324 2833 rimis
350 2781 662 2850 patentibus
693 2781 1066 2838 immadescit:
1099 2793 1217 2852 post
1241 2799 1375 2852 quas
1421 2795 1634 2839 torren-

33 2872 158 2927 tium
191 2889 510 2944 procursus,
537 2875 587 2929 id
633 2884 737 2940 est.
778 2877 1089 2947 graviorum
1133 2877 1482 2949 cupiditatum
1516 2892 1632 2933 mo-

33 2973 114 3020 tus
146 2967 410 3024 incurrit:
443 2978 605 3040 atque
653 2969 849 3026 exinde
909 2979 1016 3025 tota
1070 2980 1350 3026 ventorum
1397 2973 1478 3026 vis
1527 2973 1635 3028 cir-

33 3059 398 3116 cumflantiutn
433 3063 514 3135 (g)
536 3063 786 3129 desaevit,
813 3063 1094 3119 universus
1119 3066 1325 3122 scilicet
1353 3065 1632 3121 diabolica:

31 3155 309 3222 potestatis
356 3155 588 3226 Spiritus
625 3157 871 3212 infertur.
903 3157 1008 3214 Sed
1068 3158 1420 3216 fundamento
1467 3172 1633 3232 petrae

1734 1951 1880 2020 ipsas
1904 1950 2177 2020 profectus
2205 1967 2385 2008 rerum
2414 1957 2860 2025 consequentium
2881 1960 3163 2014 continere
3191 1960 3246 2017 in
3272 1977 3334 2018 se

1732 2043 2072 2098 duceremus.
2098 2043 2241 2098 Nihil
2273 2046 2419 2099 enim
2453 2047 2670 2102 veritati
2696 2046 2956 2115 detrahit,
2977 2050 3333 2108 imitationem

1732 2136 1933 2191 veritas
1977 2149 2286 2192 consecuta.
2337 2138 2476 2193 Toto
2529 2140 2688 2210 igitur
2743 2142 3027 2211 superiore
3079 2159 3334 2200 sermone

1737 2228 1994 2283 Dominus
2040 2228 2162 2286 fidei
2215 2240 2483 2302 praecepta
2511 2231 2825 2302 tradiderat,
2869 2233 3047 2305 legem
3073 2250 3325 2292 excesse-

1735 2328 1839 2388 rat,
1864 2320 1974 2391 jam
2015 2322 2253 2376 inutilem
2285 2332 2448 2394 atque
2477 2324 2810 2379 inefficacem
2829 2307 3142 2382 ercedendo
3166 2327 3334 2398 signi-

1735 2415 1922 2469 fieans.
1995 2413 2366 2471 Maudaturutn
2410 2417 2814 2473 observantiam
2861 2428 3157 2490 exegerat,
3207 2430 3334 2478 ante

1737 2509 2124 2577 promissorum
2159 2524 2375 2563 suorum
2407 2523 2558 2579 spem
2593 2509 2905 2564 fidissimum
2933 2511 3327 2581 imperaverat:

1735 2600 1877 2671 quod
1929 2601 2090 2672 igitur
2139 2612 2258 2673 post
2309 2602 2423 2658 iure
2464 2603 2696 2673 primum
2755 2605 3022 2675 gesserit,
3064 2615 3330 2662 contuen-

1737 2695 1861 2750 dum
1890 2705 1992 2752 est.

1805 2787 1860 2841 2.
1884 2785 2034 2857 Legis
2061 2786 2335 2856 inﬁrmitas
2355 2805 2386 2842 a
2413 2786 2618 2843 Christo
2652 2789 3019 2860 suppletur.-
3045 2788 3214 2845 Adest
3256 2789 3334 2845 le-

1736 2897 1952 2954 prosus,
2004 2881 2286 2938 emundari
2340 2898 2398 2937 se
2449 2891 2622 2950 rogat,
2657 2892 2914 2954 purgatur
2960 2883 3106 2939 verbi
3151 2893 3332 2954 potes-

1737 2981 1846 3030 tate
1873 2973 1949 3046 (lt)
1973 2989 2093 3030 cum
2136 2983 2301 3043 tactu,
2329 2975 2545 3046 jubetur
2565 2977 2729 3031 silere
2761 2977 2947 3048 (Ibid.,
2977 2979 3012 3032 '5
3035 2987 3082 3032 et
3109 2976 3200 3048 4),
3233 2978 3328 3033 sed

1739 3077 1918 3124 tamen
1949 3068 2236 3124 ostendere
2279 3085 2338 3124 se
2389 3071 2656 3125 sacerdoti
2687 3079 2742 3125 et
2769 3086 2962 3126 munus
2990 3072 3132 3142 quod
3183 3071 3333 3144 Moy-

1739 3173 1826 3214 ses
1855 3160 1905 3214 in
1941 3161 2308 3216 testimonium
2338 3161 2452 3217 fieri
2479 3165 2738 3234 prtecepit
2760 3163 2980 3220 offerre.
3002 3165 3218 3220 Curatio
3239 3165 3335 3235 igi-

31 3245 185 3302 homo
237 3248 543 3306 aedificatus
565 3251 732 3324 699
753 3251 986 3319 insistet,
1019 3270 1119 3310 nec
1148 3257 1349 3310 moveri
1388 3256 1508 3311 loco
1534 3273 1633 3312 suo
1662 3256 1708 3319 C
1742 3261 1827 3306 tur
1863 3251 1924 3325 (Ι)
1955 3253 2224 3308 audientis
2252 3266 2304 3309 et
2331 3255 2602 3310 credentis
2631 3257 2805 3310 turba:
2851 3267 2905 3312 et
2950 3272 3070 3311 cum
3103 3257 3334 3312 Domino

31 3342 238 3408 poterit.
255 3343 472 3398 Stulttts
501 3360 626 3400 vero
652 3350 767 3400 haec
780 3345 961 3400 audita
976 3346 1344 3415 dissimulans,
1366 3358 1630 3420 tamquam

31 3446 184 3503 super
208 3451 440 3490 arenam
485 3452 620 3507 opus
651 3437 1023 3494 :editicationis
1065 3441 1412 3511 impenderit,
1441 3441 1636 3498 intide-

31 3527 143 3582 liter
169 3540 297 3597 stat,
338 3531 458 3585 (‘ito
499 3532 692 3601 pluviis
722 3531 1069 3588 illabentibus
1091 3534 1174 3604 (lt)
1199 3535 1555 3603 subluendus,
1579 3546 1634 3594 et

31 3626 334 3684 fluminibus
381 3630 796 3701 propellendus,
845 3642 900 3687 et
941 3634 1113 3688 ventis
1163 3631 1515 3703 differendus,
1543 3649 1632 3690 se-

31 3723 253 3778 :undutu
313 3733 571 3779 naturam
619 3741 781 3795 super
808 3741 942 3792 quas
983 3727 1280 3782 mditicatus
1329 3734 1412 3782 est
1441 3741 1634 3784 arena-

32 3830 158 3882 unn,
193 3831 322 3871 cum
355 3815 513 3888 gravi
545 3817 715 3872 ruina:
748 3833 861 3873 suae
915 3827 1096 3889 strage
1127 3818 1418 3874 solvendus
1441 3817 1630 3891 (Ibid.,

31 3907 131 3978 ιδ).

86 4002 138 4056 7.
188 4002 407 4072 Scopus
449 4004 830 4074 praedictorum.
869 4033 940 4045 -—
965 4005 1140 4075 Atque
1181 4005 1252 4060 ita
1292 4005 1632 4075 superiorum

35 4091 73 4165 ὁ)
102 4094 587 4165 comparationum
626 4095 877 4167 exemplo
926 4096 1186 4151 Dominus
1217 4110 1319 4151 nos
1367 4095 1556 4157 voluit,
1582 4103 1638 4150 et

108 4233 160 4294 (ι)
186 4231 280 4288 Sic
307 4245 448 4286 mss.
476 4231 546 4288 At
569 4232 720 4298 editi,
746 4231 1002 4285 dtemonia
1030 4228 1243 4297 Christi,
1270 4239 1377 4286 etc.

108 4233 160 4294 (ι)
186 4231 280 4288 Sic
307 4245 448 4286 mss.
476 4231 546 4288 At
569 4232 720 4298 editi,
746 4231 1002 4285 dtemonia
1030 4230 1243 4297 Christi,
1270 4239 1377 4286 etc.

84 4230 165 4375 ib)
196 4304 257 4359 In
297 4305 511 4374 aliquot
541 4319 668 4358 tuss.
714 4304 974 4357 malimus.
1008 4302 1082 4357 lta
1121 4311 1301 4358 autem
1327 4302 1440 4356 vult
1485 4300 1629 4375 llila-

31 4373 128 4429 'ius
142 4373 222 4432 de
252 4373 453 4430 nostro
481 4375 892 4444 promerendam
928 4375 1335 4436 beatitudinem,
1358 4384 1414 4428 ut
1439 4374 1632 4429 salutis

31 4457 218 4502 tostrtn
251 4463 401 4515 opus
431 4447 521 4500 Dei
548 4463 668 4502 esse
699 4463 804 4500 non
827 4455 1003 4515 neget.
1043 4447 1104 4500 Et
1121 4457 1428 4513 competens,
1463 4446 1634 4516 inquit

35 4536 63 4570 n
94 4534 181 4588 ps.
213 4535 394 4583 extat,
427 4535 480 4572 tt.
529 4518 596 4572 t2
624 4537 636 4571 :
665 4516 768 4571 Illa
817 4520 1056 4588 humanm
1084 4517 1407 4571 verecundia:
1437 4523 1634 4587 profes-

35 4587 201 4654 io’est,
238 4601 298 4644 ut
322 4590 466 4660 quod
491 4605 578 4657 per
605 4591 856 4658 Spiritum
903 4587 1000 4643 Dei
1026 4590 1076 4642 in
1101 4600 1288 4641 terram
1325 4599 1516 4642 rectam
1544 4589 1634 4642 de-

1738 3345 1806 3400 de
1839 3358 2026 3402 monte
2075 3350 2342 3404 venientis
2389 3351 2438 3403 in
2482 3345 2696 3420 leproso
2747 3352 3086 3406 ostenditur:
3116 3367 3234 3423 qum
3255 3351 3336 3406 vi-

1738 3439 1873 3494 tiosa
1901 3440 2020 3496 labe
2047 3443 2295 3512 corporis
2319 3445 2706 3509 contaminata,
2731 3445 3016 3516 auditaque
3043 3446 3193 3517 regni
3212 3460 3334 3526 ete—

1736 3533 1907 3589 lorum
1939 3535 2322 3606 prtedicatione
2351 3539 2526 3592 curari
2579 3554 2639 3592 se
2685 3547 2870 3609 rogat;
2907 3539 3002 3609 (ιιι)
3033 3554 3156 3594 cum
3189 3550 3333 3596 tactu

1735 3631 1981 3700 corporis
2026 3631 2302 3696 visitatur,
2333 3630 2494 3686 Verbi
2525 3631 2726 3687 virtute
2754 3643 2992 3699 curatur,
3013 3641 3069 3688 et
3107 3642 3164 3687 ιιι
3188 3633 3334 3687 salus

1736 3721 1851 3776 haec
1878 3723 2043 3795 700
2070 3739 2174 3779 non
2221 3723 2508 3780 offerretur
2560 3725 2758 3794 potius,
2789 3740 2947 3794 quam
2979 3732 3332 3795 quaereretur,

1734 3816 2006 3871 silentium
2032 3817 2345 3886 imperatur,
2361 3826 2415 3872 et
2429 3817 2718 3874 ostendere
2733 3832 2792 3873 se
2803 3817 3172 3873 sacerdotibus
3183 3817 3336 3888 jube-

1738 3914 1861 3960 tur:
1891 3917 1946 3961 ut
1978 3909 2370 3978 prteuuntiatus
2403 3910 2454 3963 in
2495 3910 2614 3981 lege
2655 3909 2809 3964 factis
2836 3917 2889 3965 et
2918 3911 3174 3980 operibus
3219 3925 3339 3965 cer-

1738 4011 1933 4064 natur;
1965 4011 2018 4056 et
2061 4003 2112 4056 in
2157 4018 2264 4074 quo
2306 4003 2390 4057 lex
2438 4003 2852 4068 infirmabatur,
2890 4005 2940 4057 in
2969 4003 3054 4058 eo'
3078 4003 3156 4076 (ιι)
3187 4003 3336 4058 verbi

1738 4093 1910 4148 virtus
1939 4093 2332 4163 intelligeretur
2360 4112 2372 4148 :
2402 4095 2681 4164 prtemium
2695 4110 2909 4165 quoque
2931 4104 3160 4164 receptae
3191 4091 3339 4148 salu-

1754 4299 1766 4310 θ
1814 4227 1890 4310 fg)
1923 4227 2081 4294 Bad.,
2107 4228 2200 4283 Er.
2227 4236 2280 4283 et
2334 4243 2524 4284 omnes
2574 4243 2740 4298 prope
2793 4243 2922 4285 mss.
2977 4231 3331 4290 desierim”...

1748 4311 2258 4442 faithful‘itnvulgatis,
2309 4371 2649 4426 subruendus.
2689 4373 2878 4428 Verius
2923 4373 2976 4426 in
3023 4390 3153 4430 mss.
3211 4376 3335 4430 sub-

1740 4440 1975 4499 luendus.
2006 4443 2121 4498 Non
2145 4444 2286 4498 enim
2313 4444 2504 4497 domus
2530 4445 2723 4513 pluviis
2739 4445 3020 4507 evertitur,
3053 4446 3147 4502 sed
3177 4462 3335 4502 ever-

1738 4517 1877 4586 §i0ni
1910 4525 2260 4586 prteparatur.
2299 4515 2387 4570 Sic
2411 4515 2504 4570 lib.
2539 4531 2574 4570 tt
2603 4515 2668 4570 de
2697 4513 2848 4569 Trin.
2884 4534 2936 4568 u.
2963 4517 3055 4580 22,
3084 4518 3338 4574 laudatur

1739 4582 2152 4644 fundamentum
2185 4604 2287 4640 non
2316 4587 2733 4641 inundationibus
2780 4586 3138 4642 subluendum.
3188 4591 3254 4644 Et
3281 4591 3333 4646 in

31 4648 287 4716 tacendus
313 4648 408 4726 sit,
429 4648 606 4715 id'non
627 4648 792 4714 meriti
820 4677 927 4715 esse
945 4661 1026 4713 sui
1046 4671 1275 4732 arroget.
1296 4660 1430 4732 Tum
1459 4679 1512 4713 ιι.
1542 4661 1626 4724 i5,
1659 4648 1712 4708 D
1741 4675 1822 4732 ps.
1853 4675 2037 4728 vattt,
2066 4677 2120 4713 ιι.
2158 4659 2192 4713 5
2216 4675 2230 4714 :
2257 4657 2391 4712 Sunt
2421 4667 2467 4711 et
2500 4674 2646 4729 aqua:
2680 4674 2950 4712 arenosum
2983 4661 3188 4714 domum
3215 4661 3335 4714 sub-

31 4734 276 4788 neritutn
305 4749 436 4786 eutn
476 4734 644 4802 gloria
695 4733 784 4788 Dei
833 4733 1088 4802 praeclare
1107 4731 1363 4786 conciliat
1391 4731 1474 4784 his
1504 4748 1626 4786 ver-

31 4805 88 4860 tis
114 4822 127 4858 :
180 4804 421 4877 [lubuit
443 4805 646 4877 quidem
676 4804 770 4857 hoc
787 4805 993 4877 justitia
1024 4804 1340 4877 verecundia:
1384 4812 1464 4877 ut!
1484 4804 1633 4877 quiti-

32 4877 132 4929 uid
163 4877 315 4931 illud
354 4875 450 4928 sibi
475 4875 800 4947 beatitudinis
832 4885 1018 4947 sperat,
1054 4875 1106 4929 id
1137 4890 1224 4937 pro
1255 4875 1634 4947 magniﬁcentia

31 4950 105 5020 )ei
138 4951 348 5020 potius,
384 4948 504 5014 quia
536 4945 646 5000 Deo
677 4947 822 5020 beata
857 4943 914 4999 et
953 4957 1144 5000 (eterna
1172 4953 1220 5020 et
1261 4943 1393 5020 bona
1419 4947 1636 5020 tribuere

31 5019 70 5071 it
97 5016 362 5089 dignum,
393 5035 546 5082 quam
573 5035 665 5086 pro
696 5019 874 5072 merito
905 5034 1000 5072 suo
1049 5016 1286 5089 pos_tu_let.
1331 5017 1437 5071 Sed
1459 5028 1636 5089 tamen

31 5087 309 5161 auferens
335 5090 583 5143 honorent
611 5100 656 5142 et
687 5089 1087 5161 misericordiam
1113 5087 1231 5152 Dei,
1259 5088 1485 5142 merendi
1508 5104 1636 5158 quo-

36 5178 104 5216 ue
123 5160 193 5216 id
218 5178 319 5228 per
354 5177 412 5214 se
440 5177 543 5215 non
572 5161 787 5215 exclusit
808 5160 1155 5230 uﬂicium,etc.

78 5234 163 5306 (ε)
203 5231 380 5302 Apud
413 5231 533 5306 Par.
556 5231 952 5306 quod_prodest.
985 5232 1204 5306 [tectius
1258 5231 1309 5299 in
1339 5231 1459 5306 aliis
1485 5231 1636 5306 libris

32 5302 152 5359 uad
209 5310 420 5374 potest,
453 5304 504 5358 id
551 5302 654 5366 est,
685 5303 752 5357 de
797 5311 1060 5373 potestate
1113 5302 1205 5358 Dei
1235 5302 1402 5372 gratis
1432 5311 1488 5356 et
1513 5302 1637 5356 abs-

42 5392 113 5434 ue
157 5377 283 5431 ullo
321 5376 523 5429 merito
550 5374 774 5428 indulta.

32 5441 33 5444 “
75 5449 164 5518 (d)
202 5448 264 5502 In
303 5446 708 5518 pluribusmss.
736 5445 1064 5518 subjurgans.

103 5513 158 5579 ei
191 5519 274 5572 Ita
307 5513 498 5571 codex
525 5514 679 5570 Colb.
726 5513 845 5570 aliis
889 5513 1214 5571 faventibus.
1241 5516 1307 5570 At
1349 5515 1507 5579 Bad.,
1543 5514 1634 5569 Er.

76 5523 158 5646 ἴ)
191 5523 274 5572 Ita
319 5523 679 5598 cedesuolb.
726 5523 845 5570 aliis
889 5523 1214 5596 faventibus.
1241 5523 1307 5570 At
1350 5523 1507 5579 Bad.,
1543 5523 1634 5597 Er.

35 5601 56 5647 t
136 5606 249 5661 Ips.
277 5603 413 5661 cum
442 5589 660 5661 aliquot
677 5601 806 5640 mss.
827 5596 1086 5640 omittunt
1114 5603 1345 5658 eumque,
1366 5601 1427 5639 ac
1461 5600 1639 5661 proxi-

39 5658 171 5717 tum'
225 5659 469 5714 verbum
521 5658 813 5712 consistat:
849 5672 1082 5726 moxque
1131 5661 1423 5725 subjiciunt
1479 5658 1636 5724 possit

31 5733 372 5788 'issolvi.....
429 5729 677 5782 Dominus
719 5729 996 5798 signiﬁcat.
1043 5727 1356 5794 Malletuus,
1404 5729 1638 5796 quodque

31 5803 377 5859 addentium
406 5807 758 5868 tempestatum
804 5800 1119 5871 impetu‘non
1150 5801 1308 5871 possit
1331 5799 1558 5854 dissolvi.

77 5876 158 5946 (Γ)
203 5872 389 5934 I'Iditi,
415 5883 530 5923 eum
558 5873 790 5924 du'cm...
818 5868 1010 5921 διιοιίηῆ
1041 5868 1326 5939 noti—posse.

1737 4736 1951 4789 luentes.

1811 4802 1876 4876 (ὅ)
1923 4803 2067 4858 Editi
2115 4800 2560 4856 conturbationum
2613 4803 2846 4873 exentplo
2892 4803 3239 4873 corriguntur
3263 4818 3330 4858 ex

1741 4876 2041 4948 potioribus
2064 4889 2195 4929 mss.

1813 4947 1885 5018 (1')
1912 4947 2042 5001 Puta
2073 4961 2192 5014 cap.
2224 4943 2291 5007 2,
2326 4944 2549 5018 num.2_.

1820 5015 1892 5087 (lt)
1918 5018 2082 5081 Editi,
2125 5025 2411 5090 contactum
2449 5015 2660 5090 jubetur
2683 5019 2850 5073 silere.
2877 5018 3070 5074 Verbis
3097 5033 3332 5090 evange-

1739 5085 1881 5154 licis,
1920 5090 2080 5158 tetigit
2118 5103 2234 5141 eum
2280 5086 2472 5154 dicens,
2508 5085 2655 5155 Volo,
2713 5092 2979 5156 mundare,
3007 5093 3176 5160 magis
3203 5085 3336 5168 cott-

1740 5169 1941 5231 ενιιιιιιι
1960 5177 2092 5216 mss.

1813 5233 1882 5301 (Ι)
1906 5232 1997 5288 Sic
2038 5246 2147 5286 mss
2183 5230 2437 5298 potiores.
2473 5233 2578 5287 Alii
2608 5248 2736 5286 vero
2769 5234 2912 5300 libri,
2943 5232 3239 5298 obedientis,
3269 5248 3335 5291 ac

1743 5317 1865 5372 post
1887 5305 2107 5359 verbum
2129 5305 2372 5356 venientis
2393 5303 2653 5374 adjiciunt
2679 5306 2937 5359 adoratio.

1815 5373 1912 5446 (m)
1936 5375 1995 5431 In
2014 5375 2266 5444 vulgatis,
2290 5373 2543 5430 contactu.
2560 5375 2779 5430 Rectius
2810 5377 2861 5430 in
2883 5391 3011 5430 mss.
3035 5390 3149 5428 cum
3175 5384 3330 5431 tactu.

1746 5441 1836 5500 Sic
1883 5449 2025 5503 enim
2070 5441 2130 5499 et
2193 5455 2404 5516 tempus
2458 5458 2673 5501 notatur
2725 5448 3008 5516 impertita:
3061 5445 3331 5515 sanitatis,

1745 5517 1964 5586 quando
2009 5534 2174 5574 carne
2216 5532 2243 5569 a
2278 5515 2456 5570 Verbo
2505 5515 3059 5588 assumptapopnlus
3090 5517 3335 5574 visitatus

1746 5597 1925 5652 est,et
1956 5591 2109 5645 Verbi
2143 5591 2311 5642 virtus
2331 5602 2453 5642 cum
2477 5589 2720 5656 corporis
2752 5588 3332 5658 tactujungitur,quo-

1745 5659 1910 5713 modo
1962 5663 2207 5731 superius
2257 5661 2309 5713 in
2365 5659 2466 5722 ftis,
2497 5668 2749 5730 purgatur
2776 5659 2907 5712 uerbi
2952 5667 3195 5728 potestate
3220 5675 3337 5714 cum

1743 5739 1877 5783 ΝΟΜ
1885 5770 1898 5782 .

1817 5800 1894 5870 (n)
1939 5794 2268 5868 Vocabulum
2309 5801 2444 5857 uerbi
2487 5800 2640 5857 abest
2667 5815 2697 5855 ει
2726 5799 2883 5869 Bad.,
2923 5799 3044 5871 En,
3091 5798 3239 5870 Lips.
3283 5806 3340 5859 et

1746 5867 1949 5940 aliquot
1978 5873 2107 5922 mss.
