3882 6332
549 321 658 378 955
1740 319 1982 378 S-\NCTI
2022 320 2131 377 Hii.

2257 323 2277 376 I
2317 323 2619 380 EPISCOPI
3717 334 3789 387 954!

547 438 640 505 tis,
669 441 764 510 qui
797 449 1046 510 purgatus
1071 445 1172 504 est,
1208 438 1317 492 Deo
1355 436 1548 492 olferat
1578 437 1690 509 (a);
1725 437 1822 493 sed
1851 446 1907 493 ut
1933 437 2132 492 donum
2162 438 2217 499 Λ
2240 437 2529 495 efﬁcientia
2567 441 2730 496 etiam
2765 439 3067 496 futurorum
3112 442 3333 513 imagini
3365 443 3624 512 procere
3651 459 3787 498 nicas-

543 529 680 584 illud
710 547 815 586 non
842 533 910 585 sit
949 545 1013 586 cx
1044 531 1254 596 avibus,
1284 529 1376 585 sed
1406 539 1464 584 ut
1506 530 1669 584 homo
1696 531 1810 600 ipse
1833 549 1859 582 a
1890 531 2141 585 sordibus
2247 537 2434 597 tratur,
2467 532 2682 602 quando
2726 541 2780 588 et
2820 533 3037 589 tribuno
3067 535 3350 597 credente,
3384 535 3545 608 701
3575 546 3625 591 et
3666 552 3789 607 puero

541 625 751 692 peccati
779 624 1020 693 corporis
1052 621 1398 690 emundatus,
1425 624 1475 678 in
1497 622 1816 678 sacriﬁclum
1841 623 1934 679 Dei
1966 632 2141 678 trans-
2244 623 2472 691 salvato,
2501 639 2600 680 nec
2627 625 2746 679 talis
2777 625 2829 680 In
2861 625 3024 682 Israel
3054 626 3190 682 ﬁdes
3218 637 3436 696 reperta
3459 637 3581 693 est,
3610 638 3657 682 et
3682 637 3789 701 regni

543 726 628 769 eat
656 714 842 788 (Leuit.
871 731 980 781 xw,
1010 715 1064 786 4)
1091 732 1104 779 ;
1130 715 1253 786 quia
1284 715 1425 785 quod
1454 715 1664 787 Moyses
1696 716 1752 770 in
1788 716 1911 788 lege
1941 732 2140 787 [πωρο-

545 809 704 878 perit,
742 808 1104 862 testimonium
1134 809 1224 875 sit,
1259 823 1362 863 non
1393 808 1634 863 effectus.

613 900 666 953 5.
709 899 1003 958 Tribunus.
1056 902 1293 971 princeps
1349 903 1575 972 gentium
1626 901 2022 975 crediturarum.
2069 933 2141 943 -—

539 991 668 1047 Post
696 995 804 1048 Ita'c
825 1005 990 1048 autem
1023 1012 1139 1047 cum
1165 996 1420 1050 introisset
1439 996 1824 1068 Capharnaum,
1849 1000 2060 1052 accessit
2073 999 2140 1053 ad

538 1102 651 1140 eum
677 1088 883 1157 quidam
905 1088 1137 1143 tribunus
1168 1105 1356 1162 ragans
1378 1107 1514 1156 eum,
1542 1102 1589 1146 et
1617 1093 1810 1146 dicens:
1837 1091 1979 1147 Puer
2001 1111 2140 1149 meus

527 1180 668 1248 jacet
695 1180 747 1232 in
779 1181 928 1234 domo
957 1182 1307 1252 paralyticus,
1347 1194 1451 1238 etc.
1501 1183 1715 1255 (.llatth.
1765 1199 1866 1248 vn,
1900 1186 1932 1239 5
1970 1196 2017 1239 et
2053 1188 2135 1256 6).

539 1272 793 1342 Sequitur
818 1275 1253 1330 emundatiouem
1285 1276 1528 1347 leprosi,.
1556 1279 1833 1350 paralytici
1865 1281 2014 1350 pueri
2041 1296 2136 1335 cn-

538 1363 696 1418 ratio.
731 1365 836 1420 Sed
877 1367 1004 1436 quid
1039 1367 1178 1422 istud
1211 1376 1312 1432 est,
1351 1370 1490 1439 quod
1539 1385 1646 1425 non
1690 1369 1910 1442 dignum
1943 1386 2003 1427 se
2037 1373 2136 1427 tri-

535 1457 710 1513 bunus
733 1462 882 1530 pueri
905 1461 1157 1517 dominus
1185 1462 1467 1532 profitetur
1496 1480 1637 1529 esse,
1671 1474 1729 1519 ut
1758 1464 2006 1521 Christus
2039 1467 2134 1520 do-

535 1567 684 1607 mnm
713 1553 829 1624 ejus
863 1554 1112 1618 introeat,
1147 1571 1368 1624 puerum
1409 1557 1607 1624 videat,
1642 1569 1698 1613 et
1737 1575 1974 1630 prmscus
2005 1575 2142 1630 prae-

535 1648 674 1703 senti
699 1662 854 1717 opem
877 1647 1100 1714 aﬁ‘erat;
1136 1665 1302 1721 seque
1327 1650 1525 1706 habere
1544 1652 1763 1717 milites,
1786 1653 1974 1722 jubere
1995 1654 2139 1724 quod
2245 1654 2568 1712 θιὶῐεδῑιιίὶηεν
2602 1657 2657 1702 (λι
2693 1650 2944 1705 Vitiorum
2973 1668 3114 1724 3'8"
3152 1653 3472 1711 dominam-
3508 1657 3622 1713 MOI
3657 1661 3791 1716 defixit

537 1740 690 1805 velit,
723 1742 852 1796 etin
887 1750 1152 1812 potestate
1182 1744 1356 1814 posito
1390 1759 1580 1815 parere
1610 1747 1710 1800 sibi
1747 1748 2030 1817 plurimos,
2059 1749 2137 1803 si-
2245 1752 2429 1797 sanata
2456 1785 2470 1806 ,
2504 1744 2663 1799 ofﬁcii
2696 1745 2954 1802 famulatu
2983 1749 3274 1805 ministrat.
3310 1751 3454 1807 Nam
3509 1755 3688 1824 primas
3712 1773 3789 1812 ae-

534 1832 734 1887 militer
774 1844 828 1888 et
874 1834 1157 1891 Dominum
1199 1837 1531 1892 curationem
1587 1839 1750 1895 verbo
1801 1855 1958 1910 posse
2001 1857 2131 1912 prae-

2254 1835 2395 1902 lidit,
2423 1846 2474 1890 et
2501 1836 2573 1910 (e)
2603 1841 2932 1908 ap0stolatus
2973 1849 3057 1896 est
3088 1844 3344 1915 princeps
3377 1862 3392 1898 τ
3426 1856 3485 1901 et
3531 1849 3656 1916 quod
3680 1853 3780 1905 ista

534 1925 720 1981 stare?
738 1926 810 1981 De
832 1927 1047 1982 tribuno
1063 1929 1304 1998 posuisse
1324 1946 1411 1986 me
1432 1932 1564 1986 satis
1585 1933 1675 1996 sit,
1698 1933 1992 2005 principem
2015 1950 2136 1992 esse
2240 1938 2364 1984 3M6
2398 1931 2702 2001 lallsuebi".
2739 1932 2831 1987 Dei
2860 1934 3024 1988 Verbo
3057 1936 3406 1992 ῖιινθιθδοειιε
3454 1939 3533 2010 (f)
3569 1943 3768 1995 ωἰεέεξετίΰ

534 2022 772 2088 gentium
796 2022 1210 2078 crcditurarum.
1244 2025 1374 2092 Quis
1405 2025 1491 2081 hic
1513 2028 1766 2097 princeps
1797 2029 1867 2082 sit
1893 2030 1977 2084 cui
2009 2032 2136 2087 sub—
2242 2033 2513 2096 tamquam
2545 2028 2768 2096 pllblicm
2799 2029 2985 2084 salulis
3007 2043 3290 2101 operatum
3322 2045 3433 2090 est.
3480 2037 3638 2093 Reae
3661 2052 3776 2092 assa

533 2115 665 2184 jccti
693 2124 820 2169 sunt
853 2117 1054 2184 plures,
1087 2118 1175 2184 qui
1211 2120 1356 2186 volet
1391 2122 1563 2186 scire,
1597 2121 1765 2194 Moysi
1795 2123 1844 2177 in
1872 2123 2136 2180 Dculero-
2242 2116 2380 2171 hanc
2402 2133 2464 2171 ex
2493 2132 2649 2173 socru
2681 2120 2822 2175 Petri
2854 2123 3260 2180 similitudinem
3296 2128 3368 2182 ad
3401 2129 3786 2186 aﬂaxtionemin-

538 2205 724 2261 nuntio
753 2209 1020 2264 canticum
1051 2209 1228 2284 (Deut.
1263 2212 1467 2285 sun),
1500 2222 1554 2267 et
1579 2211 1885 2269 Salomonis
1943 2217 2136 2272 librum
2241 2208 2514 2265 ῧάειίιπῑίδ
2538 2213 2730 2280 afﬂari.
2764 2213 2879 2270 Ιοοο
2909 2216 2995 2282 ﬁni
3039 2216 3109 2273 de
3158 2234 3298 2273 ηιιτιι
3348 2229 3406 2276 ει
3456 2237 3615 2277 εοοηι
3652 2240 3786 2279 clm-‘9-

2241 2302 2425 2372 quitur
2475 2305 2817 2362 tractabimus
2860 2308 3013 2379 (Cap.
3065 2311 3154 2378 10,
3207 2331 3262 2368 n.
3319 2315 3440 2386 18).
3479 2317 3625 2373 Nunc
3669 2329 3789 2374 astes

2241 2394 2365 2452 ideo
2389 2396 2722 2454 inﬁdelitatis
2747 2417 2936 2458 socrus
2964 2404 3110 2461 Petri
3147 2411 3576 2480 nuncupabitur,
3605 2415 3708 2482 quia
3737 2429 3790 2466 ss-

2229 2502 2345 2558 .que
2389 2489 2516 2545 dum
2561 2491 2823 2561 credidit,
2865 2497 3157 2555 voluntatis
3200 2515 3319 2556 sua:
3372 2505 3604 2559 servitio
3645 2505 3788 2560 ditias

2242 2581 2419 2636 batur.

2316 2675 2368 2728 7.
2393 2671 2627 2731 Christus
2653 2681 2892 2747 passione
2919 2699 3015 2737 sua
3037 2683 3372 2754 inﬁrmitates
3399 2699 3612 2744 nostras
3633 2693 3788 2744 mi.

2241 2796 2314 2808 —
2351 2767 2570 2838 Vespere
2595 2784 2762 2828 autem
2792 2775 2930 2846 facto
2969 2778 3263 2834 obtulerunt
3309 2783 3356 2835 ei
3379 2785 3575 2840 multos
3603 2785 3790 2839 dictaea:

2243 2860 2594 2918 habentenet
2624 2867 2858 2939 ejiciebat
2903 2872 3120 2941 spiritus
3149 2876 3475 2942 immundos,
3526 2888 3628 2933 etc.
3675 2879 3787 2949 (Ῑὲέέ,

2244 2954 2354 3026 16).
2386 2955 2731 3015 Curationem
2763 2964 3123 3032 promiscuam
3161 2967 3311 3024 horis
3342 2974 3681 3042 vespertinis,
3706 2991 3788 3027 ei:-

2244 817 2418 862 natur.

2314 900 2367 952 6.
2415 899 2553 954 Petri
2579 917 2757 956 socrus
2781 904 3104 974 inﬁdelitatis
3134 905 3361 972 aﬂ'ectio.
3413 906 3609 964 Petrus
3650 911 3791 980 ﬁdae

2242 995 2556 1064 apostolatus
2587 996 2843 1066 princeps.
2875 1028 2948 1040 —
2977 997 3103 1054 Cum
3128 1002 3348 1055 venisset
3374 1001 3535 1056 Iesus
3564 1004 3616 1057 in
3639 1005 3792 1060 domus

2246 1085 2409 1153 Petri,
2441 1090 2562 1141 sidit
2592 1107 2794 1143 socrum
2837 1095 2951 1165 ejus
2970 1094 3230 1164 jaccntem
3262 1105 3310 1150 et
3349 1097 3737 1167 febricitautea,
3761 1112 3793 1156 et

2243 1180 2444 1250 reliqua
2490 1179 2651 1250 (Ibid.
2704 1182 2812 1256 M).
2846 1183 2904 1238 In
2947 1201 3105 1242 socru
3153 1188 3340 1253 Petri,
3375 1191 3578 1246 vitiosa
3626 1193 3793 1249 inﬁdai-

2245 1272 2369 1325 tatis
2408 1276 2706 1328 :estimatur
2745 1275 2978 1343 affectio,
3013 1280 3098 1333 cui
3146 1280 3363 1349 adjacet
3409 1283 3635 1338 libertas
3657 1287 3792 1339 voles-

2243 1365 2386 1429 tatis,
2421 1382 2540 1436 qua:
2568 1382 2665 1422 nos
2694 1370 2924 1439 quadam
2971 1372 3070 1425 sibi
3124 1375 3365 1442 coniugii
3403 1377 3662 1432 societate
3698 1394 3788 1432 coa-

2239 1456 2428 1527 jungit.
2482 1459 2621 1530 Ergo
2652 1461 2894 1532 ingressu
2921 1463 3154 1531 Domini,
3183 1466 3267 1538 (d)
3303 1469 3360 1521 in
3404 1467 3558 1522 Petri
3586 1470 3736 1532 dcam.
3763 1474 3794 1526 ΞΔ

2243 1560 2347 1616 est,
2378 1551 2432 1606 in
2458 1567 2686 1623 corpore
2710 1565 2930 1612 curatur
2961 1558 3252 1615 inﬁdelitas
3283 1573 3637 1630 peccatorum
3667 1568 3792 1622 calam

537 2301 995 2369 Ecclesiasticum,
1032 2304 1120 2359 ubi
1160 2305 1226 2360 de
1254 2307 1594 2377 dispersione
1627 2311 1863 2380 gentium
1891 2311 2136 2380 quietiam

535 2392 699 2449 locuti
743 2404 905 2464 sunt,
961 2397 1317 2469 legatznobis
1353 2409 1559 2458 tantum
1603 2402 1670 2458 de
1718 2418 1885 2473 puero
1939 2412 2139 2459 tracta-

538 2493 622 2541 tus
653 2487 742 2542 sit.
1119 2531 1128 2544 .

608 2579 663 2637 4.
707 2581 946 2637 Gentium
995 2585 1136 2640 salus
1182 2602 1244 2640 ea:
1283 2587 1402 2655 ﬁde.
1436 2619 1508 2629 —
1539 2588 1788 2645 Succedit
1828 2589 2025 2645 deinde
2078 2590 2130 2645 in

538 2671 641 2726 hoc
673 2689 839 2744 puero
867 2683 988 2744 post
1019 2677 1279 2749 paralysis
1309 2681 1590 2734 sanitatem
1623 2681 1699 2753 (b)
1743 2683 2010 2736 curationi
2042 2698 2137 2753 po-

537 2766 646 2837 puli
671 2766 738 2820 de
764 2776 948 2823 monte
975 2769 1350 2825 descendentis
1373 2813 1388 2835 ,
1436 2773 1583 2827 salus
1609 2776 1866 2844 gentium.
1912 2773 2135 2830 Iacebat

535 2861 680 2914 enim
709 2875 839 2929 puer
879 2860 1175 2917 dissolutus
1203 2863 1256 2916 in
1289 2862 1451 2918 domo
1494 2863 1721 2929 humili,
1771 2867 2136 2937 corruptibili,

536 2953 592 3000 et
614 2945 856 3014 ingressu
886 2946 1024 3016 ejus,
1060 2947 1214 3017 cujus
1248 2956 1423 3003 tamen
1447 2964 1611 3020 egens
1642 2958 1796 3017 erat,
1841 2950 2138 3008 Salvatoris

536 3035 777 3106 indigna.
813 3036 880 3092 Et
908 3037 1153 3093 tribunus
1177 3039 1280 3094 scit
1305 3057 1525 3109 puerum
1550 3043 1716 3096 verbo
1739 3057 1898 3112 posse
1925 3046 2130 3100 sanari:
2241 3062 2399 3103 cursu
2430 3065 2614 3106 eorum
2646 3070 2781 3123 quos
2822 3065 2941 3126 post
2971 3059 3280 3128 passionem
3314 3063 3505 3119 docuit
3551 3082 3783 3131 recogns's

539 3130 665 3200 quia
698 3130 840 3185 salus
869 3132 1108 3200 gentium
1133 3135 1308 3190 omnis
1338 3150 1402 3189 cx
1437 3135 1541 3190 ﬁde
1562 3146 1664 3201 est,
1697 3136 1828 3190 etin
1857 3139 2138 3208 praaceptis
2241 3142 2410 3196 cimus
2441 3160 2454 3196 :
2483 3146 2720 3201 omnium
2771 3159 2983 3218 peccata
3013 3151 3312 3216 dimittens.
3345 3159 3595 3212 omnium
3626 3160 3790 3211 inﬁma:

538 3222 751 3279 Domini
781 3225 888 3281 vita
930 3233 1013 3281 est
1048 3228 1440 3285 universctrum.
1484 3229 1916 3302 lgiturjacentes
1949 3232 2001 3291 in
2037 3247 2131 3288 sm-

2254 3245 2379 3290 tates
2417 3237 2687 3307 auferens,
2737 3250 2792 3297 et
2837 3244 3096 3301 malarum
3123 3249 3463 3320 voluptatum
3495 3251 3788 3306 ίηείιίιιηιὶῐιξθ

536 3318 682 3385 culo,
715 3329 769 3374 et
795 3328 1135 3390 peccatorum
1179 3324 1380 3381 morbis
1409 3326 1688 3382 dissolutae
1725 3338 1914 3398 gentes
1944 3328 2138 3383 existl-
2242 3329 2503 3384 incentiva
2535 3332 2830 3402 depellons,
2862 3339 3114 3407 passione
3139 3344 3391 3412 corporis
3418 3347 3522 3411 sui,
3553 3351 3790 3401 secundum

536 3411 750 3467 manda:
778 3422 902 3468 sunt
927 3431 939 3466 :
968 3415 1221 3470 omnibus
1253 3417 1488 3488 undique
1516 3419 1740 3473 artubus
1768 3418 1968 3484 ﬂuidis,
1995 3429 2046 3473 et
2068 3419 2134 3473 ad
2241 3423 2623 3493 prophetarum
2672 3426 2835 3491 dicta,
2872 3430 3212 3488 inﬁrmitates
3241 3411 3522 3494 humana:
3565 3440 3789 3495 imbct'ilii-

537 3503 874 3559 consistendi
917 3505 1150 3561 ofﬁcium
1183 3507 1621 3579 ingrcdieudique
1660 3511 1950 3579 corruptis.
1997 3509 2138 3578 Qua-
2242 3517 2367 3571 tatis
2394 3517 2692 3574 absorbens
2719 3520 2880 3594 (Ibid.
2907 3525 3022 3593 17).

537 3611 657 3650 rum
688 3597 877 3652 salutis
897 3609 1296 3654 sacramentum
1329 3601 1382 3654 in
1424 3602 1624 3656 tribuni
1656 3614 1825 3673 puero
1865 3603 2134 3674 expletur,
2243 3625 2248 3640 ι
2312 3608 2365 3664 8.
2411 3609 2527 3675 Qua
2569 3613 2763 3668 ratione
2804 3615 2912 3669 lucc
2955 3618 3284 3690 explicanda.
3332 3651 3407 3663 —
3465 3623 3645 3679 Videas
3668 3636 3788 3678 cerea

539 3701 648 3742 non
677 3694 859 3743 tamen
883 3689 1191 3759 ingressum
1213 3691 1431 3748 domum
1457 3693 1696 3750 Christo.
1727 3695 1883 3752 Licet
1910 3697 2054 3756 enim
2083 3698 2134 3752 in
2239 3698 2392 3756 Iesus
2417 3703 2590 3758 turbas
2613 3707 2798 3761 multas
2817 3708 3006 3761 circum
3020 3689 3102 3774 se,
3122 3714 3283 3784 jussit
3307 3715 3602 3784 discipulos
3627 3734 3715 3770 sses
3731 3721 3784 3768 ire

539 3781 738 3836 saeculo
764 3781 1076 3840 demoratus
1103 3785 1204 3853 sit,
1243 3789 1370 3843 vitia
1404 3797 1584 3844 tamen
1614 3792 1804 3846 smculi
1836 3800 1890 3847 et
1918 3801 2136 3862 peccata
2241 3804 2380 3849 trans
2403 3800 2608 3866 fretum.
2643 3797 2712 3852 Et
2755 3800 2997 3856 accedens
3026 3804 3094 3856 ad
3121 3781 3236 3858 eum
3279 3781 3499 3875 quidam
3545 3809 3697 3864 Senis
3713 3813 3785 3866 et.

540 3885 645 3929 nun
677 3873 826 3929 adiit.
2240 3885 2509 3957 Magister,
2543 3906 2723 3957 sequar
2747 3902 2793 3946 te
2820 3909 3136 3965 quocumque
3165 3873 3311 3963 ieris,
3343 3911 3403 3955 et
3432 3901 3636 3970 reliqua
3663 3902 3785 3974 (Ibid.

609 3967 662 4022 5.
705 3967 965 4026 Tribunus
985 3987 1085 4026 non
1105 3975 1295 4029 eratde
1315 3976 1547 4047 gentibus
1603 4005 1674 4019 κο
1701 3976 1923 4034 Miratus
1939 3978 2139 4037 deinde
2243 3979 2308 4035 I8
2337 3989 2382 4034 et
2407 3981 2513 4052 l9).
2554 3982 2715 4039 Multa
2748 3984 3051 4054 incurrunt,
3084 4007 3206 4058 cpite
3232 4006 3463 4047 sensum
3498 4011 3788 4050 communest

538 4059 696 4117 [idem
746 4063 843 4128 ait,
897 4064 1020 4121 Non
1073 4070 1242 4123 inveni
1271 4079 1462 4124 tantam
1494 4071 1646 4142 ﬁdem
1676 4073 1729 4127 in
1759 4071 1924 4128 Israel
1961 4073 2130 4146 (Ibid.
2237 4091 2459 4132 movero
2507 4089 2747 4148 possunt.
2783 4081 2862 4155 (g)
2903 4084 3082 4146 Atque
3125 4101 3233 4139 non
3284 4101 3386 4142 nos
3432 4090 3788 4160 intelligentiae

536 4154 648 4225 10).
684 4156 758 4230 (ε)
791 4156 907 4212 Non
937 4169 1052 4214 crat
1086 4162 1330 4218 tribunus
1366 4163 1466 4220 iste
1497 4163 1564 4218 de
1592 4165 1882 4237 gentibus:
1916 4178 1969 4230 et
2004 4182 2138 4236 quo-
2236 4167 2504 4240 ﬁngimus,
2561 4171 2656 4235 sed
2697 4154 2843 4246 gesta
2875 4176 2986 4246 ipsa
3011 4177 3429 4249 intelligentiam
3460 4154 3792 4252 nobisimper-

535 4247 696 4302 modo
728 4249 778 4302 in
815 4248 972 4305 Israel
1018 4251 1150 4308 ﬁdes
1183 4255 1304 4309 talis
1334 4271 1442 4310 non
1476 4264 1562 4311 est
1599 4269 1849 4325 reperta;
1895 4273 2018 4324 cum
2044 4260 2134 4331 qui
2236 4261 2456 4320 tiuntur.
2491 4263 2675 4336 Neque
2705 4268 2846 4326 enim
2891 4285 2976 4326 res
3007 4247 3404 4343 intelliéeutiae,
3438 4277 3537 4332 sed
3571 4278 3643 4332 rei
3675 4247 3786 4332 iis.

533 4337 778 4394 crederet
807 4351 947 4397 esset
975 4343 1257 4400 Israelita?
1297 4345 1402 4403 Sed
1432 4355 1491 4401 ut
1519 4348 1926 4404 sin-tilitudinem
1958 4348 2126 4406 futuri
2233 4355 2448 4427 Iigeutia
2481 4359 2859 4416 subsecundat.
2893 4361 3088 4418 Turbae
3113 4337 3296 4435 pltires
3318 4337 3470 4435 sunt,
3503 4379 3559 4424 et
3585 4370 3660 4425 ire
3681 4381 3788 4422 me:

535 4429 652 4486 haec
677 4432 791 4502 ipsa
820 4437 1022 4493 veritas
1043 4441 1419 4509 aemularetur;
1453 4443 1653 4508 idcirco
1676 4443 1826 4499 verbi
1847 4446 1982 4500 ratio
2008 4445 2134 4500 sub-
2233 4449 2426 4505 fretum
2475 4452 2736 4508 Dominus
2777 4453 3056 4532 discipulis
3104 4459 3372 4534 praecipit.
3421 4461 3541 4516 Non
3588 4463 3788 4518 existim

533 4520 675 4593 jecta
702 4533 804 4591 est,
835 4533 1031 4592 tantam
1061 4531 1241 4599 ﬁdem,
1274 4544 1468 4606 quanta
1489 4536 1726 4607 gentium
1751 4543 1854 4602 est,
1890 4538 1941 4602 in
1967 4537 2127 4602 Israel
2232 4540 2426 4606 cadere
2455 4547 2505 4600 iu
2538 4544 2832 4602 Salvatoris
2862 4520 3190 4615 bonitatem,
3239 4520 3299 4605 ιιί
3336 4556 3788 4610 circumcnrsatnﬁ

537 4631 644 4672 non
675 4622 1063 4689 reperiendam,
1097 4637 1288 4683 etcum
1322 4629 1591 4684 Abraham
1619 4639 1674 4685 ct
1703 4630 1856 4686 Isaac
1887 4641 1940 4685 et
1961 4631 2129 4694 Iacob
2155 4624 2209 4685 Ι)
2235 4636 2537 4705 relinquere
2580 4640 2829 4704 voluerit,
2893 4649 2948 4695 et
2987 4651 3256 4697 secretum
3304 4647 3582 4713 quoddam
3611 4648 3688 4719 (Δ)
3721 4651 3790 4697 ite-

537 4709 590 4765 in
641 4728 805 4784 regno
864 4717 1122 4774 caelorum
1173 4738 1238 4777 ex
1305 4724 1503 4778 ultimis
1549 4724 1799 4796 gentibus
1847 4728 2122 4797 quieturos
2235 4729 2526 4798 pertienda:
2555 4730 2742 4787 salutis
2765 4733 2984 4804 eligere.
3012 4734 3213 4789 Deinde
3233 4741 3598 4809 consequitur
3620 4741 3789 4798 Senis.

519 4801 699 4876 (Ibid.
735 4805 845 4877 11).
879 4808 1118 4866 Perfecta
1161 4816 1375 4887 quidem
1404 4826 1484 4872 est
1525 4819 1578 4873 in
1623 4834 1792 4889 puero
1831 4820 2123 4882 secundum

538 4895 806 4954 credentis
861 4899 1017 4955 ﬁdem
1065 4907 1260 4962 veritas
1307 4909 1554 4965 sanitatis
1588 4927 1601 4964 :
1632 4909 1726 4970 sed
1774 4913 2120 4981 prmentium

607 5059 685 5186 (α)
723 5059 1090 5132 Supplendum
1139 5063 1224 5122 hic
1260 5069 1489 5137 jubetur.
1537 5070 1675 5125 Tum
1727 5067 1986 5140 particula
2035 5068 2125 5124 sed

610 5150 660 5186 ιι(
711 5134 830 5186 Par.
863 5150 1144 5186 neruoram
1177 5150 1439 5186 exnuncln
1473 5152 1574 5186 ρει-

539 5134 677 5210 apud
711 5134 830 5210 ἕξειν.
863 5150 1144 5206 perperam
1177 5134 1440 5210 expuncta
1473 5152 1574 5197 est.

613 5204 693 5285 (b)_
726 5204 873 5285 Lips.
922 5204 975 5262 et
1009 5210 1127 5285 Pa_r.
1176 5204 1371 5266 curatio
1419 5215 1599 5282 populi
1627 5231 1645 5270 :
1673 5230 1856 5285 prave.
1911 5209 2126 5270 Planius

541 5275 751 5353 baccita
779 5275 988 5353 diceres
1012 5295 1027 5337 :
1062 5281 1246 5353 Ρυριιιι
1275 5285 1339 5337 de
1363 5275 1544 5341 monte
1570 5275 1944 5343 descendentis
1971 5301 2126 5341 cura-

539 5347 683 5433 tioni
725 5349 776 5402 in
809 5350 1021 5433 leproso
1062 5347 1376 5425 sighilicatze
1423 5359 1662 5433 succedit
1699 5361 1854 5433 salus
1882 5360 2123 5433 gentium

538 5419 878 5499 pricﬁgnrala
899 5421 952 5476 in
981 5419 1145 5494 puero
1174 5435 1292 5497 post
1314 5428 1572 5499 paralysis
1595 5419 1912 5486 sanitatem:
1926 5430 2126 5498 Quam-

538 5505 697 5570 quam
726 5491 800 5570 de
825 5491 1010 5550 nostro
1037 5491 1376 5569 reposuimus
1419 5491 1697 5570 paralysis,
1732 5491 1971 5557 maxime
2001 5517 2122 5556 cunt

540 5561 592 5616 in
627 5579 728 5644 ius.
758 5563 888 5644 'I‘ur.
938 5561 1113 5626 exstet
1152 5561 1483 5644 paralyticis,
1515 5561 1605 5628 ubi
1650 5561 1700 5627 in
1728 5574 1884 5629 editis
1928 5584 1981 5629 et
2007 5573 2126 5628 aliis

535 5634 764 5714 scriptis
781 5635 1007 5714 habetur
1033 5634 1321 5714 paralytict':

616 5707 686 5776 (ε)
726 5705 1009 5784 Becrensis
1033 5705 1207 5772 ἐθειθὶ
1235 5761 1249 5784 ,
1282 5735 1401 5774 nam
1447 5729 1556 5775 erat
1583 5735 1602 5772 :
1629 5734 1733 5774 non
1763 5720 1861 5775 sibi
1890 5725 2124 5784 constat,

535 5773 966 5902 ἳέῗὲιειίἷξοιὶιηθ
1009 5773 1265 5859 subjicit',
1304 5773 1459 5848 cum,
1492 5773 1755 5856 crederet,
1812 5773 1942 5872 quia
1997 5773 2127 5847 εδδεὲ

2230 4819 2415 4876 dicens
2461 4823 2774 4895 magistrum
2819 4840 2877 4881 se
2925 4841 3264 4900 quocumque
3313 4831 3438 4890 ierit
3477 4846 3787 4889 secuturum:

2228 4913 2325 4971 sed
2349 4915 2481 4971 nihil
2507 4931 2538 4972 ι
2560 4918 2743 4974 Scriba
2769 4917 2968 4976 dictum
2992 4920 3262 4980 factumve
3283 4924 3507 4995 legitur,
3539 4927 3676 4998 quod
3701 4941 3788 4995 pei-

2302 5071 2384 5142 (d)
2423 5069 2587 5138 Editi,
2620 5074 2675 5129 in
2703 5071 2847 5130 Petri
2875 5076 3104 5147 domum,
3160 5078 3216 5132 id
3240 5089 3340 5144 cst,
3373 5097 3582 5151 corpus.

2304 5167 2372 5244 (ε)
2398 5165 2572 5244 _Rom.
2605 5185 2705 5244 m_s_.
2755 5172 3069 5244 apostoldlu.
3099 5161 3288 5228 Hilarii
3320 5185 3564 5234 mentem
3593 5177 3785 5230 illusit-.21

2232 5235 2363 5292 illud
2398 5237 2697 5296 Innocentii
2726 5235 2882 5311 epist.
2918 5243 2984 5298 ad
3033 5242 3346 5299 Victricinm
3374 5246 3605 5302 dicentis
3633 5249 3692 5301 de
3720 5247 3788 5299 Pe

2233 5315 2461 5393 tro,.per
2487 5328 2636 5396 quem
2661 5323 2707 5366 et
2741 5314 3058 5385 apostolatus
3083 5324 3128 5370 et
3155 5317 3487 5396 episcopatus
3530 5322 3582 5373 in
3622 5317 3786 5374 Came

2229 5383 2380 5452 cwpit
2411 5383 2701 5438 exordium.

2235 5557 2473 5614 operatus
2499 5557 2591 5606 est.

2235 5727 2336 5766 non
2369 5730 2492 5768 nos:
2522 5712 2910 5786 refragantibus
2940 5730 3070 5770 mss.

2237 5865 2248 5879 ,,
2310 5811 2389 5886 (Ιι)
2419 5811 2550 5870 Bad.
2578 5821 2633 5869 et
2658 5813 2749 5870 Er.
2779 5814 3089 5888 imperanda:
3105 5814 3310 5883 salutis,

2243 717 2506 778 caelorum
2544 719 2875 774 consortium
2916 735 3038 775 cum
3081 721 3360 776 Abraham
3403 722 3651 793 gentibus
3673 726 3793 779 deszi-
3850 797 3851 804 γ

2305 5473 2368 5544 (fl
2401 5474 2534 5562 Mss.
2560 5475 2762 5562 _Carn.,
2793 5475 2972 5542 Colb.,
3004 5476 3176 5536 Vatic.
3209 5490 3265 5538 et
3285 5481 3446 5539 Rom.
3476 5482 3786 5537 ministeria...

2312 5641 2387 5712 (g)
2430 5640 2655 5716 Lipsnel
2683 5642 2805 5716 Par.
2850 5651 2905 5696 at
2949 5659 3051 5698 non
3096 5659 3209 5710 nos,
3243 5645 3378 5702 Bad.
3410 5657 3462 5703 et
3491 5648 3580 5704 Er.
3618 5648 3786 5716 adea:
3850 5667 3851 5706 ;
