3882 6332
18 379 120 436 95Ί

922 365 1461 427 COMMENTARIUS
1496 364 1565 426 iN
1604 320 2031 425 maritauit.
2075 364 2230 423 CAP.
2275 363 2411 421 vm.

3200 356 3303 416 938

19 504 101 553 set
126 490 419 553 oB‘eudore.
452 489 714 545 Dominus
740 486 1040 559 respondit,
1078 484 1327 557 vulpibus
1361 497 1483 539 esse
1523 480 1597 537 fo-
1633 478 1687 543 Α
1712 494 1869 554 caput
1901 483 2045 540 Deus
2092 483 2184 549 sit,
2219 495 2324 537 non
2367 480 2606 550 reperire
2635 481 2688 536 in
2735 492 2869 552 quos
2918 479 3174 537 collocata
3208 479 3305 541 Dei

18 601 168 653 veos,
191 594 244 640 et
268 582 389 641 eali
415 582 721 639 volucribus
746 579 902 636 nidos
926 578 1263 651 quiescendi,
1287 576 1399 631 lilio
1423 581 1603 631 autem
1708 576 2012 647 cognitione
2033 575 2339 647 requiescat
2360 593 2372 629 :
2406 574 2642 631 invitatis
2666 574 2916 631 omnibus
2938 582 2996 629 ut
3020 573 3072 630 in
3093 587 3304 638 navem,

19 678 274 741 botuinis,
324 692 433 747 quo
462 675 688 732 reclinet
712 684 871 746 caput
901 688 1081 739 suum,
1134 672 1310 727 locum
1337 682 1456 726 esse
1487 667 1608 723 nul-

16 774 126 830 lum
159 769 321 843 (ibid.
357 768 471 840 90).
518 768 587 825 Et
634 767 958 836 discipulum
1003 765 1324 836 postulasse,
1356 762 1471 818 dari
1504 758 1609 817 sibi

19 873 229 934 tempus
258 862 423 932 patris
446 858 743 930 sepeliendi
772 877 785 913 :
816 858 921 913 hoc
950 866 1227 929 negatum,
1258 865 1313 911 et
1346 854 1417 925 pii
1448 862 1610 924 atque

19 955 242 1014 humani
290 951 458 1010 ol'lieii
498 953 718 1010 vetitam
745 951 1059 1023 religionem
1096 948 1259 1021 (ibid.
1302 948 1367 1004 2i
1416 958 1463 1002 et
1490 945 1604 1018 22).

19 1050 163 1119 Ergo
190 1062 370 1105 rerum
401 1055 693 1109 tantarum,
724 1054 778 1099 et
800 1052 907 1099 tam
936 1042 1276 1098 diversarum
1297 1040 1437 1097 ratio
1482 1055 1608 1111 pro-

17 1142 215 1200 menda
238 1148 319 1197 est
344 1158 358 1194 :
381 1149 544 1210 atque
581 1139 674 1204 ita,
714 1147 774 1193 ut
809 1135 1103 1192 secundum
1132 1135 1499 1191 cuntinentem
1528 1148 1614 1188 re-

18 1252 137 1292 rum
160 1233 425 1298 ordinem,
459 1242 514 1288 et
537 1230 886 1304 gravissimas
914 1229 1156 1284 veritatis
1202 1221 1371 1298 ipsius
1397 1241 1610 1294 causas,

18 1326 296 1384 interioris
313 1324 686 1395 signiﬁcantize
709 1321 1062 1392 intelligentia
1083 1321 1403 1392 explicetur.

94 1420 260 1495 7m
297 1418 353 1475 9.
394 1416 656 1474 Fidelium
686 1416 944 1472 electionis
971 1423 1146 1489 typus.
1177 1413 1424 1469 Ecclesiae
1448 1412 1612 1467 navis.

23 1542 95 1565 ..μ-
127 1511 523 1582 Discipuiorum
568 1523 768 1564 nomen
811 1524 919 1563 non
979 1508 1032 1562 in
1074 1506 1377 1563 duodecim‘
1410 1515 1615 1564 tantum

24 1606 300 1679 Apustoiis
345 1605 548 1661 versari
608 1602 1028 1660 existimandum
1077 1611 1181 1658 est.
1234 1601 1368 1659 Nam
1420 1612 1620 1673 praeter

28 1700 336 1772 Apostolus,
368 1698 549 1769 plures
573 1696 739 1753 fuisse
766 1696 1057 1767 discipulos
1090 1696 1335 1769 legimus.
1372 1698 1448 1753 Ex
1472 1696 1620 1754 omni

28 1796 191 1865 igitur
221 1792 375 1849 turbs
400 1791 645 1863 quaedam
673 1789 789 1849 fieri
817 1790 895 1864 (a)
918 1790 1139 1860 jubetur
1161 1790 1356 1847 electio
1386 1809 1399 1845 :
1429 1806 1616 1847 eorum

1711 668 1781 723 ita
1809 670 1860 723 in
1892 669 2225 735 Ecclesiam;
2258 667 2442 743 paucis
2474 676 2619 724 metu
2649 667 2835 737 maris,
2883 666 2934 725 id
2966 675 3051 729 est
3097 665 3303 737 smculi,

1710 764 1996 819 secuturis.

1785 854 1871 911 ii.
1920 855 2063 912 Patri
2084 855 2282 928 inﬁdeli
2310 873 2377 912 an
2394 859 2488 932 jus
2516 856 2569 911 in
2595 855 2759 928 ﬁlium
2779 855 3003 926 fidelem.
3032 883 3104 895 ——
3132 851 3307 915 Adest

1711 957 1834 1023 post
1872 948 1988 1007 haec
2028 948 2356 1022 discipulus,
2415 967 2521 1006 non
2568 951 2906 1021 interrogans
2951 963 3018 1005 an
3059 956 3315 1019 sequatur

1716 1043 1844 1115 (jam
1874 1044 2018 1100 cnim
2062 1044 2212 1123 Sequi
2241 1052 2491 1117 eportere
2537 1060 2595 1101 se
2623 1043 2895 1115 credidit),
2929 1042 3022 1100 sed
3072 1041 3310 1115 permitti

1713 1137 1814 1194 sibi
1846 1153 2006 1193 orans
2033 1137 2262 1207 sepelire
2311 1148 2537 1211 patrem.
2588 1138 2908 1210 Accepimus
2939 1136 2991 1191 iu
3022 1133 3343 1191 dominicas-

1715 1232 1977 1288 orationis
2029 1232 2253 1295 exordio
2280 1274 2295 1297 ,
2347 1233 2417 1287 ita
2460 1233 2703 1307 primum'
2737 1231 3063 1304 precandum
3103 1248 3116 1285 :
3150 1230 3311 1287 Pater

1715 1337 1901 1387 noster
1928 1328 2019 1403 qui
2050 1343 2109 1383 es
2152 1328 2203 1382 in
2233 1327 2386 1383 ctelis
2413 1326 2628 1403 (Matth.
2658 1344 2735 1394 vi,
2763 1328 2844 1399 9).
2878 1328 3015 1399 Ergo
3044 1326 3164 1397 quia
3195 1339 3315 1380 crc«

1717 1422 1893 1479 dentis
1923 1420 1974 1477 in
2002 1420 2263 1492 discipulo
2296 1420 2473 1493 populi
2505 1436 2735 1492 persona
2760 1429 2864 1487 est,
2894 1419 3217 1479 admonetur
3246 1424 3307 1479 ut

1719 1513 2020 1573 meminerit
2048 1513 2188 1584 quod
2221 1521 2374 1589 pater
2402 1513 2502 1569 sibi
2531 1512 2608 1587 (ά)
2636 1513 2785 1568 vivus
2816 1513 2869 1568 in
2898 1512 3050 1569 caelis
3078 1519 3180 1568 est.
3209 1508 3309 1567 Sev

1719 1610 1811 1684 qui
1837 1617 2015 1666 autem
2043 1607 2203 1685 703
2246 1608 2532 1666 Dominum
2559 1608 2794 1680 iubetur,
2826 1609 2946 1680 quia
2975 1618 3030 1664 et
3070 1607 3309 1673 volebat,

1720 1705 1792 1760 ita
1824 1709 1881 1758 ut
1910 1703 2105 1757 mortui
2139 1711 2407 1757 mortuum
2451 1702 2736 1773 sepeliant.
2767 1700 2876 1763 Sed
2925 1701 3131 1763 nullum
3170 1701 3319 1757 arbia

1725 1806 1839 1853 tror
1883 1794 2117 1851 ofticinm
2146 1794 2449 1866 exspectari
2495 1810 2526 1850 a
2556 1796 2780 1859 mortuis
2824 1810 3004 1864 posse.
3034 1793 3323 1863 Quomodo

23 1887 251 1955 εοίιίοθιν
281 1887 370 1957 (ἰαί
402 1885 686 1943 Dominum
734 1899 828 1954 Per
854 1884 1025 1939 "mila
1072 1884 1252 1939 91‘0""
1288 1883 1449 1954 huius
1477 1886 1618 1955 Peri-
1650 1874 1700 1939 Β
1727 1906 1858 1962 ergo
1889 1887 2084 1949 mortui
2112 1896 2353 1945 mortuos
2397 1888 2727 1951 itnmabunt?
2757 1888 2995 1947 Primum
3042 1889 3202 1959 igitur
3229 1902 3319 1941 os.

22 1980 145 2037 cuia
192 1988 250 2036 et
289 1971 607 2050 jactationes
650 1987 833 2035 essent
884 1978 1142 2035 secuturi.
1188 1977 1433 2034 Ecclesia
1480 1981 1624 2037 enim

26 2075 201 2132 instar
222 2082 308 2130 est
350 2072 528 2140 navis,
554 2081 609 2127 et
629 2070 876 2142 plurimis
897 2073 1030 2128 locis
1053 2072 1125 2127 ita
1159 2070 1467 2141 nuncupata
1495 2081 1578 2128 cst
1608 2088 1622 2129 :

26 2182 145 2240 qum
172 2165 530 2223 diversis-limi
561 2166 779 2237 generis
825 2173 880 2220 et
905 2166 1082 2237 gentis
1115 2165 1188 2238 (b)
1239 2175 1461 2221 vectore
1506 2180 1625 2221 sus-

28 2267 211 2329 cepto,
242 2257 483 2327 subjecta
514 2265 599 2312 est
639 2257 892 2312 omnibus
935 2266 989 2313 et
1016 2265 1298 2312 ventorum
1330 2256 1545 2312 llatibus
1571 2263 1627 2313 et

29 2354 196 2410 maris
218 2351 478 2409 motibus.
511 2350 689 2421 Atque
728 2351 799 2405 ita
828 2350 916 2406 illa
944 2357 998 2405 et
1026 2350 1209 2406 saeculi
1240 2358 1295 2406 et
1322 2350 1627 2406 immundo.

28 2461 146 2509 rum
172 2445 465 2516 spirituum
505 2453 731 2499 vexatur
766 2444 1092 2500 incursibus.
1135 2443 1433 2514 Propositis
1481 2445 1626 2501 enim

28 2536 403 2608 periculorum
422 2536 665 2592 omnium
688 2537 945 2603 motibus,
966 2534 1166 2591 Christi
1191 2550 1405 2601 navem,
1439 2534 1491 2591 id
1520 2544 1625 2602 est,

30 2628 343 2687 Ecclesium
388 2628 674 2688 introimus
713 2627 992 2685 :scicntes
1034 2643 1135 2684 nos
1182 2627 1318 2684 mari
1361 2639 1632 2700 ventoque

21 2720 345 2793 jactandos.
372 2720 446 2779 Ut
473 2721 636 2793 igitur
662 2719 796 2777 ordo
828 2722 1025 2793 typicte
1049 2721 1423 2792 significantius
1452 2722 1633 2780 colue-

29 2822 200 2879 reret.
257 2822 550 2886 possetque
595 2812 819 2884 intelligi
872 2813 1110 2869 fidelium
1140 2815 1317 2884 portio
1367 2828 1632 2871 conscen-

27 2907 285 2963 dentium
340 2923 565 2973 navem,
612 2917 666 2963 et
698 2906 994 2962 infidelium
1043 2904 1194 2963 turba
1243 2907 1632 2977 residentiunt;

29 3004 254 3061 Scriba
276 3012 333 3061 et
355 3003 604 3076 discipuli
635 3017 865 3073 persona
894 3004 1252 3077 subiungitur.
1652 3012 1657 3017 '

102 3100 195 3157 10.
251 3097 440 3155 Scriba
467 3097 645 3153 doctor
667 3098 817 3172 legis,
837 3097 1074 3169 inﬁdeles
1094 3097 1385 3152 adumbrat.
1419 3096 1634 3169 Vulpes,

25 3194 525 3266 pssudOpropheta.
605 3191 853 3248 Volucres
904 3192 1018 3248 etuti
1047 3233 1061 3259 ,
1125 3191 1400 3247 diametros.
1472 3191 1639 3266 Caput

27 3291 243 3350 Christi
275 3288 432 3343 Deus.
468 3287 655 3345 Omnes
682 3287 738 3341 in
760 3284 1044 3339 Ecclesium
1068 3285 1288 3341 invitati.
1321 3314 1392 3325 -
1423 3283 1491 3339 Et
1521 3283 1638 3355 qui-

25 3393 153 3450 dem
184 3388 409 3453 Srriba,
440 3384 529 3455 qui
558 3390 642 3438 est
665 3394 805 3437 unus
831 3394 896 3436 ex
934 3377 1246 3435 doctmﬁus
1284 3377 1441 3449 legis,
1472 3394 1538 3435 an
1572 3379 1640 3434 sit

23 3496 334 3545 secuturus
359 3481 674 3546 interrogat.
705 3472 867 3540 Quasi
914 3486 1043 3527 vero
1071 3470 1190 3542 iege
1212 3487 1317 3525 non
1349 3472 1489 3526 hunc
1518 3486 1641 3530 esse

28 3579 346 3641 Christum,
377 3587 536 3645 quem
567 3569 718 3639 sequi
750 3573 895 3622 esset
931 3565 1082 3628 utile,
1115 3565 1504 3621 contineretur.
1539 3565 1643 3637 lgi-

30 3686 123 3732 tur
156 3665 501 3728 infidelitatis
547 3662 797 3718 affectuum
846 3658 948 3714 sub
997 3657 1291 3713 diffidentia
1345 3657 1643 3731 interroga-

32 3768 205 3826 tionis
252 3759 563 3831 expressit:
593 3756 716 3827 qula
766 3753 891 3810 fidei
931 3753 1227 3824 assumptio
1258 3766 1365 3807 non
1416 3753 1645 3809 interro-

27 3860 215 3935 ganda
247 3864 358 3919 cst,
403 3851 499 3909 sed
530 3848 821 3921 sequenda.
852 3847 924 3904 Ut
968 3853 1146 3901 autem
1192 3846 1382 3902 eadem
1416 3845 1645 3902 interro-

28 3956 187 4028 gatio
239 3944 579 4006 infidelitatis
628 3950 775 3999 esset
834 3938 1021 4010 punita
1076 3939 1280 4009 judicio
1302 3956 1331 4021 ς,
1383 3939 1645 3997 Dominus

26 4042 357 4117 respondit,
390 4039 577 4108 vulpes
598 4034 796 4089 habere
817 4032 1022 4099 foveas,
1049 4039 1105 4087 et
1131 4033 1381 4087 volucres
1411 4033 1535 4089 coeli
1562 4032 1648 4088 ni-

27 4143 137 4198 dos
165 4137 376 4212 quibus
401 4132 764 4202 requiescant,
816 4126 1273 4182 bominis'autcm
1323 4124 1491 4181 lilium
1541 4142 1649 4182 non

28 4235 252 4291 habere
280 4229 373 4284 ubi
403 4233 562 4296 eaput
608 4238 765 4277 suum
815 4219 1061 4277 reclinet.
1097 4218 1172 4293 (ε)
1206 4219 1405 4291 Vulpes
1428 4227 1513 4275 est
1539 4220 1652 4275 ani—

26 4326 146 4385 mal
181 4321 509 4381 insidiosum
529 4358 545 4384 ,
576 4318 718 4373 circa
745 4314 1029 4369 domorum
1061 4328 1121 4368 se
1149 4312 1405 4368 accolens
1442 4312 1650 4380 foveas,

1728 1981 1919 2049 tendit,
1954 1981 2243 2057 perlectam
2269 1982 2324 2037 in
2354 1998 2413 2038 se
2442 1980 2599 2043 ﬁdem
2632 1982 2775 2042 nulla
2805 1981 3079 2043 saecularis
3106 1980 3160 2035 in
3187 1980 3321 2039 alto-

1727 2093 1848 2132 rum
1876 2074 2039 2131 ollicii
2089 2072 2352 2153 religione
2393 2090 2515 2136 esse
2562 2073 2867 2133 devinctam
2906 2071 3145 2135 :deinde
3173 2070 3316 2127 inter

1728 2168 1940 2226 fidelem
1984 2168 2148 2224 lilium
2181 2179 2498 2240 patremque
2538 2166 2809 2229 infidelem
2850 2166 2940 2237 jus
2982 2163 3188 2235 paterni
3222 2178 3321 2221 no-

1728 2262 1892 2321 minis
1923 2279 2027 2318 non
2060 2260 2305 2335 relinqui.
2352 2256 2671 2335 Non'igilur
2699 2259 3015 2329 obsequium
3056 2254 3323 2319 .itumaudi

1728 2355 1896 2430 patris
1920 2356 2134 2426 negavit
2162 2372 2173 2408 :
2205 2344 2297 2410 sed
2324 2350 2592 2419 addendo,
2626 2346 2833 2407 Dimitte
2855 2360 3080 2409 mortuos
3109 2347 3335 2418 sepelire

1729 2461 1957 2506 mortuos
1976 2464 2117 2524 suos,
2143 2446 2423 2509 admonuit
2446 2461 2548 2505 non
2569 2443 2855 2505 admisceri
2877 2442 3152 2505 memoriis
3171 2455 3331 2503 santh

1732 2552 1909 2599 torum
1941 2550 2183 2597 mortuos
2225 2539 2504 2596 infideles:
2534 2547 2775 2595 mortuos
2818 2545 2994 2593 autem
3036 2534 3199 2593 etiam
3231 2548 3329 2595 eos

1732 2650 1884 2701 esse,
1916 2635 2007 2706 qui
2032 2644 2182 2690 extra
2216 2632 2381 2695 Deum
2410 2632 2613 2688 vivant.
2648 2631 2713 2686 Et
2741 2629 2942 2685 idcirco
2971 2636 3154 2689 mutua
3185 2641 3333 2689 more

1734 2732 1841 2788 tuis
1866 2728 2042 2785 ollicia
2069 2724 2441 2803 relinquenda,
2466 2734 2527 2782 ut
2552 2724 2747 2780 mortui
2775 2722 3106 2797 sepeliantur
3127 2736 3157 2775 a
3184 2734 3331 2777 mor-

1735 2826 1887 2882 tuis:
1920 2823 2041 2901 quia
2091 2836 2203 2894 per.
2235 2818 2327 2876 Dei
2377 2817 2535 2875 fidem
2582 2817 2732 2879 vivos
2780 2815 2902 2871 vivo
2945 2822 3193 2889 oporteat
3235 2810 3330 2873 ad-

1735 2919 1966 2976 haerere.

2330 3027 2560 3089 CAPUT
2601 3024 2731 3083 Vill.

1741 3150 1823 3210 De
1843 3149 2112 3220 discipulis
2146 3148 2201 3204 in
2229 3144 2348 3203 uari
2392 3141 2732 3201 excitantibus
2775 3138 2977 3201 Jesunt,
3028 3136 3092 3192 de
3136 3135 3338 3189 duobus

1666 3258 1715 3324 ο
1814 3242 2145 3300 άωηιοηὶαεὶε
2171 3241 2223 3294 in
2249 3249 2385 3294 terra
2414 3235 2815 3299 Gerasenorum,
2837 3229 2903 3285 de
2936 3228 3223 3301 paralytico
3241 3242 3339 3282 cu-

1815 3347 1928 3395 rato
1949 3344 1995 3390 et
2025 3335 2209 3390 lectum
2236 3333 2518 3404 auferente.

1818 3476 1871 3532 l.
1912 3472 2143 3530 Christus
2191 3466 2396 3542 quando
2445 3474 2490 3520 et
2533 3475 2721 3537 quanto
2761 3460 2991 3541 periculo
3036 3459 3256 3515 dormiat
3286 3458 3341 3525 in

1745 3567 1910 3627 nobis.
1943 3597 2013 3609 -—
2042 3563 2108 3619 Et
2148 3560 2448 3618 ascendente
2498 3575 2556 3613 eo
2596 3559 2649 3612 in
2703 3554 3011 3629 naviculam,
3043 3553 3198 3612 secuti
3224 3560 3340 3611 sunt

1746 3680 1859 3719 eum
1891 3657 2151 3732 discipuli.
2203 3654 2267 3711 Et
2307 3669 2419 3709 ecce
2447 3660 2715 3729 tempestas
2756 3666 2941 3718 magna
2989 3650 3125 3721 facta
3170 3654 3242 3707 est
3288 3648 3341 3709 in

1748 3756 1902 3823 mari,
1944 3762 1999 3809 et
2029 3751 2233 3823 reliqua
2284 3744 2512 3823 (Matth.
2544 3761 2660 3810 vni,
2690 3741 2763 3797 2'5
2807 3751 2852 3796 et
2892 3735 3092 3813 δοίη).
3142 3736 3343 3801 Navem

1749 3845 2027 3917 discipulis
2066 3842 2409 3914 lntrogressis
2450 3844 2739 3909 tempestas
2781 3834 2972 3901 oritur,
3007 3848 3154 3889 mare
3195 3847 3345 3887 com-

1752 3948 2019 4004 movetur,
2047 3936 2357 4009 navigantes
2385 3931 2684 3987 turbantur.
2710 3928 2829 4002 Ipse
2851 3942 2979 3982 vero
3000 3940 3191 3979 somno
3216 3940 3346 3979 εοηφ

1753 4033 1959 4107 sopitus
1982 4030 2048 4104 (ε)
2085 4030 2386 4087 timentium
2412 4035 2557 4081 metu
2577 4025 2860 4088 excitatur,
2895 4032 3079 4077 oratur
3100 4031 3155 4076 ut
3184 4029 3345 4088 opem

1754 4128 1962 4185 afferat.
1992 4125 2058 4181 Et
2100 4120 2376 4211 increpitis
2421 4119 2487 4174 iis
2513 4117 2653 4193 quod
2702 4115 2927 4173 modica!
2972 4122 3155 4169 essent
3198 4110 3344 4187 lidei,

1753 4230 1916 4279 vento
1942 4228 1998 4277 et
2032 4217 2170 4275 mari
2197 4205 2637 4287 tranquillitatem
2667 4209 2972 4279 imperavit,
3007 4206 3074 4281 (Γ)
3105 4223 3222 4263 cum
3251 4205 3345 4260 ad-

1756 4315 2041 4374 miratione
2068 4309 2345 4375 hominum
2391 4305 2674 4378 praeceptis
2713 4302 2829 4379 ejus
2866 4310 3083 4357 ventum
3114 4307 3169 4355 et
3198 4314 3349 4365 mare

27 4433 88 4480 et
128 4415 458 4477 doinesticis
504 4411 690 4467 avibus
734 4407 1042 4464 insidians:
1072 4415 1235 4479 atque
1283 4404 1389 4462 hoc
1436 4407 1656 4473 nomine
1757 4411 2025 4475 obedisse.
2059 4406 2225 4483 Igitur
2256 4402 2551 4467 secundum
2591 4396 2709 4459 hrco
2737 4397 3003 4464 ecclesiae,
3033 4396 3172 4453 intra
3215 4410 3352 4467 quas

24 4506 560 4587 pseudoprophclas
610 4500 906 4570 nuncupari
956 4499 1161 4571 aliquot
1217 4498 1352 4557 locis
1404 4498 1650 4571 legimus.

1756 4508 1981 4565 verbum
2007 4505 2102 4563 Dei
2124 4508 2229 4560 non
2254 4498 2573 4573 vigilaverit,
2595 4492 2865 4562 naufragat
2886 4502 3012 4547 sunt
3037 4509 3051 4544 :
3080 4505 3184 4546 non
3207 4488 3350 4561 quod

24 4610 322 4666 Volucres
349 4608 526 4656 autem
545 4597 668 4659 caeli
687 4609 834 4665 sche
861 4608 1086 4653 numero
1111 4592 1416 4675 immundos
1436 4595 1659 4662 spiritus
1685 4658 1731 4675 ﬁ
1758 4602 2006 4659 Christus
2030 4600 2082 4655 in
2107 4610 2351 4653 somnum
2381 4593 2652 4649 relaxetur
2672 4632 2685 4654 ,
2727 4589 2823 4649 sed
2847 4587 2989 4656 quod
3012 4601 3202 4641 somno
3230 4598 3358 4643 nos-

23 4692 428 4774 cognominarl
473 4689 779 4747 didicimus.
831 4686 923 4742 Dei
977 4700 1106 4756 ergo
1152 4686 1291 4741 filius
1333 4668 1657 4756 paucitatem
1685 4658 1735 4721 D
1761 4658 2219 4763 troiconsopiatur
2247 4689 2299 4744 in
2333 4687 2508 4743 nobis.
2529 4683 2757 4740 Maxime
2776 4690 2953 4736 autem
2975 4677 3105 4733 illud
3136 4675 3354 4749 accidit,

25 4769 407 4870 sequentium
441 4792 730 4850 contuens,
763 4789 818 4837 et
855 4779 1077 4836 doctore
1105 4778 1240 4850 legis
1284 4778 1561 4841 diffidente
1589 4798 1657 4841 an
1759 4796 1872 4845 uta
1896 4786 2006 4843 Deo
2032 4786 2110 4854 (ς)
2152 4782 2415 4853 ρπωοίρυθ
2443 4779 2495 4835 in
2550 4774 2776 4847 periculi
2823 4781 2966 4828 metu
2992 4781 3045 4828 et
3073 4769 3356 4825 vexatione

24 4862 384 4960 sequeretur
444 4879 647 4949 ipsum.
698 4871 991 4945 exprobrat
1038 4870 1519 4943 pseudoprophetis
1538 4884 1662 4931 esse
1762 4891 2061 4951 speremus.
2096 4877 2269 4946 Atque
2294 4873 2497 4929 utinam
2529 4869 2611 4924 vel
2636 4883 2761 4938 spes
2798 4880 2914 4921 sera
2951 4862 3182 4919 confidat
3227 4874 3351 4915 sese

22 4954 268 5043 {ev—eas,
295 4983 347 5031 et
368 4969 659 5027 immundis
679 4967 953 5038 spiritibus
974 4965 1130 5020 nidos
1145 4966 1490 5035 quiescendi;
1511 4967 1655 5040 quod
1767 4973 2063 5046 periculum
2091 4983 2250 5041 posse
2278 4964 2531 5031 evadere,
2564 4960 2763 5029 Christi
2793 4959 2872 5033 (It)
2900 4960 3038 5015 intra
3069 4972 3129 5011 se
3160 4954 3355 5011 virtute

24 5084 209 5132 extra
262 5082 453 5124 ηωόπη
480 5063 676 5128 rem“:
724 5061 775 5117 ίίί
805 5068 907 5133 es"
937 5068 1088 5116 “"3
1138 5057 1433 5125 Ecclesium
1478 5062 1660 5137 positi,
1764 5068 2039 5140 vigilante.
2071 5063 2392 5135 Perpetuam
2436 5067 2617 5113 autem
2649 5054 2803 5110 nobis
2832 5047 3219 5125 objurgationis
3246 5062 3358 5105 sure

25 5162 241 5224 effecti
272 5161 378 5217 sint
410 5159 675 5215 iaculatus
718 5153 1343 5226 pseudopropltetarum,
1372 5164 1425 5211 et
1455 5153 1664 5215 habita.
1767 5159 2197 5223 mem-damnet“
2226 5151 2460 5221 reliquit,
2492 5150 2701 5207 dicens;
2734 5145 2955 5203 Mediae
2976 5144 3119 5215 ﬁdei,
3149 5140 3272 5214 quid
3294 5140 3360 5195 ti.

22 5269 119 5322 tio
151 5261 475 5323 daemonum
507 5272 522 5309 ε
554 5253 721 5317 lilium
751 5258 930 5315 autem
960 5249 1219 5318 hominis.
1252 5266 1315 5309 80
1347 5252 1555 5313 “ilicei
1577 5259 1666 5317 oui
1766 5258 1894 5316 midi
1917 5255 2037 5313 estis
2090 5247 2255 5322 (ibid.
2283 5244 2415 5318 26)?
2442 5250 2646 5300 metum
2668 5239 2878 5296 scilicet
2911 5246 3150 5292 motuum
3184 5244 3357 5288 siccu-

1846 5421 1920 5497 (e)
1960 5413 2310 5476 Carnutensis
2338 5408 2508 5497 codex
2531 5421 2652 5464 cum
2673 5416 2783 5461 uno
2808 5400 2958 5465 Colb.
2995 5395 3320 5497 compositus.

1869 5486 1914 5588 fi
1952 5510 2109 5581 illud.
2129 5488 2645 5588 cinaedmiratione
2666 5495 2951 5588 hominum,
2979 5486 3225 5551 eamdem
3252 5487 3365 5547 vim

1771 5571 1934 5645 habet
1962 5571 2043 5647 ac.
2061 5571 2397 5643 mirantibus
2424 5571 2754 5639 hominibus.

1848 5678 1924 5752 (g)
1964 5675 2174 5752 Latinio
2215 5669 2539 5742 coniectanti
2565 5661 2853 5735 legendum
2893 5673 3017 5717 esse
3062 5654 3365 5727 praesidium

1770 5749 1886 5813 non
1902 5749 2261 5823 Sull'ragantur
2289 5758 2421 5801 mss.

1865 5842 1946 5918 (lt)
1987 5818 2239 5918 Vulgati,
2289 5839 2425 5895 intra
2471 5848 2567 5905 uos
2609 5827 2848 5897 seruitute
2888 5824 3174 5899 vigilante:
3203 5818 3375 5913 eorr'h

1790 5908 1987 6000 guntur
2010 5908 2327 5977 auctoritate
2345 5920 2475 5972 mss.
3218 5908 3221 5913 ·

111 5430 207 5508 (a)
253 5427 310 5483 in
341 5423 592 5495 vulgatis,
625 5422 841 5477 videtur.
875 5421 943 5504 At
981 5417 1038 5503 in
1078 5430 1212 5501 mss.
1251 5418 1483 5488 jubetur,
1532 5434 1666 5503 quo.

23 5505 231 5569 modo
263 5498 389 5554 etin
418 5511 574 5552 sacro
605 5503 774 5556 textu.
794 5496 955 5567 jussit
985 5489 1268 5560 discipulos
1282 5506 1403 5546 suos
1430 5491 1504 5546 ire
1523 5500 1665 5549 trans

199 5590 280 5631 m.

24 5585 361 5719 [νρῗὲἷιῂίο
381 5648 439 5697 αι
464 5637 601 5697 intra
621 5651 670 5693 c.
695 5634 787 5699 21.
825 5650 880 5690 n.
902 5632 960 5702 2,
985 5639 1153 5719 petitor
1174 5632 1391 5703 passive
1409 5633 1664 5692 sumitur.

154 5703 217 5774 ὦ
267 5710 391 5771 Mss.
426 5722 638 5769 summo
665 5721 954 5772 consensu,
983 5703 1175 5769 pulpis.

154 5737 188 5774 ο
267 5724 391 5771 uss.
426 5724 638 5769 summo
665 5724 954 5772 consensu,
983 5724 1175 5769 surpta.

122 5724 251 5861 {egi
277 5773 441 5848 Etliti,
491 5796 623 5861 unus
651 5779 721 5861 in‘
748 5778 891 5861 caelis
931 5785 1023 5861 est.
1056 5774 1286 5861 Raeti-ns.
1322 5790 1455 5861 mss.
1500 5774 1661 5859 sirus,

31 5848 367 5941 ιῃιὶείιοοι)Δ
402 5852 651 5941 mortui:
670 5850 885 5941 ethoc,
924 5848 1311 5941 gu_iabp‘e2rg_l}f_i_
1332 5848 1485 5921 ﬁdem
1526 5848 1666 5909 siros

31 5872 192 5949 piata
234 5866 356 5921 loco
402 5866 599 5908 mortui
630 5868 644 5905 :
674 5866 728 5906 et
758 5866 885 5936 nec,
924 5866 1044 5982 guto
1071 5866 1168 5935 pet:
1191 5866 1287 5933 {let

28 5951 174 6001 meo
210 5934 450 6005 eporteat
478 5920 760 5993 adhaerere,
786 5933 843 5980 ut
871 5941 924 5983 tn
951 5937 1007 5978 ra
1033 5922 1328 5995 subpcttur.
