4046 6340
499 255 611 315 959

1693 259 1938 317 SANCTl
1966 259 2217 316 unam:
2251 259 2556 322 EPISCOPI
2629 235 2634 240 ’

3700 272 3807 331 9εο

500 371 720 442 larium,
766 388 890 431 cum
935 375 1131 448 quibus
1158 376 1233 451 (α)
1263 376 1465 437 Christi
1490 377 1619 435 tides
1659 376 1864 448 vigilet,
1898 375 2102 432 nullum
2132 379 2185 437 Α
2213 381 2491 447 praesentis
2519 382 2793 440 infestam.
2824 386 2990 458 Igitur
3016 397 3076 444 ut
3095 398 3241 447 esset
3271 389 3328 444 in
3353 388 3519 445 rebus
3547 390 3804 462 gerendis

503 478 630 524 esse
659 475 929 538 oportere.

575 558 634 613 2.
675 558 934 631 Discipuli
962 578 1055 617 cur
1073 566 1187 637 jam
1216 563 1443 619 homines
1462 606 1476 630 ,
1523 581 1624 619 non
1649 564 1892 633 discipuli
1929 563 2109 618 dican-

507 657 610 704 tur.
657 679 728 691 —
776 650 1138 724 Consequitur
1166 653 1363 710 deinde
1396 655 1672 711 hominum
1715 655 2000 711 admiratio
2029 656 2112 710 di-
2143 655 2146 657 Α

511 743 773 798 centium:
807 743 992 810 Qualis
1023 746 1109 800 hic
1136 747 1286 801 homo
1308 757 1403 814 est,
1433 750 1570 820 quod
1590 749 1724 803 venti
1753 758 1799 802 et
1828 766 1968 804 mare
1993 749 2112 804 obe-

510 833 660 890 diunt
703 837 750 890 ei
810 835 973 912 (Ibid.
1013 839 1147 910 27)?
1198 839 1313 895 Non
1343 840 1729 912 discipulorum
1779 840 1867 897 bie
1909 856 2111 909 sermo,

511 929 609 986 sed
652 931 892 1000 gentium
939 943 1040 988 est.
1091 933 1224 989 Nam
1270 951 1393 990 cum
1439 937 1688 1006 snperius
1720 944 1776 991 et
1818 935 2114 1006 discipulos

513 1030 721 1078 tantum
751 1039 942 1080 navem
973 1025 1248 1093 introisse,
1282 1038 1336 1082 et
1374 1044 1403 1082 a
1431 1027 1712 1098 discipulis
1736 1038 1942 1083 tantum
1966 1028 2116 1084 exci-

519 1123 686 1170 tatum
734 1131 854 1172 esse
896 1118 1154 1184 dixisset;
1190 1136 1332 1176 nunc
1375 1120 1672 1177 admiratos
1720 1135 1841 1177 esse
1867 1121 2117 1177 homines

518 1210 806 1280 signiﬁcat,
841 1211 914 1283 (b)
944 1211 1252 1268 hominibus
1294 1215 1566 1272 hominem
1597 1211 1761 1286 7M
1798 1214 1850 1268 in
1881 1215 1993 1285 ipsa
2019 1211 2116 1268 ad-

521 1303 810 1359 miratione
854 1305 1176 1361 dicentibus.
1209 1307 1325 1375 Qua
1357 1309 1634 1362 nominum
1655 1305 2014 1362 conversione
2037 1307 2120 1361 in-

523 1395 801 1466 telligitur,
847 1397 1027 1452 omnia
1056 1413 1220 1468 opera
1251 1399 1474 1465 Christi,
1525 1413 1820 1470 omnesque
1868 1398 1987 1466 ejus
2013 1397 2120 1452 vir-

524 1496 668 1543 tutes
711 1498 768 1542 ut
811 1489 905 1544 Dei
949 1504 1072 1545 esse
1119 1491 1410 1546 Iaudandas
1454 1491 1624 1562 :quia
1674 1489 1869 1561 piaculi
1907 1489 2123 1562 gentilis

525 1581 922 1654 miserrimique
967 1585 1169 1639 erroris
1211 1586 1490 1640 stultitiam
1537 1586 1920 1651 demonstrat,
1969 1584 2114 1655 quod

525 1686 650 1728 eum
680 1688 747 1728 ex
781 1674 1080 1733 humilitate
1112 1677 1376 1746 passionis
1409 1678 1681 1734 hominem
1710 1678 1886 1749 potius
1912 1692 2117 1733 nuncu-

527 1775 677 1836 pent,
709 1782 872 1838 quam
898 1783 962 1823 ex
997 1769 1280 1825 virtutibus
1312 1773 1499 1826 Deum.

600 1862 654 1916 3.
691 1859 761 1915 Et
790 1877 908 1915 cum
927 1864 1142 1918 venisset
1173 1873 1316 1918 trans
1349 1867 1533 1936 fretum
1557 1867 1612 1920 in
1637 1867 1892 1936 regionem
1917 1864 2133 1921 Gerase-

529 1969 735 2015 norum,
767 1966 1101 2010 occurrerunt
1131 1957 1177 2010 ei
1207 1956 1312 2010 duo
1345 1955 1579 2012 homines
1609 1959 1864 2012 dwnionia
1894 1957 2134 2014 habentes

532 2045 596 2099 de
637 2049 978 2105 monumentis
1023 2060 1294 2116 exeuntes,
1328 2051 1605 2120 periculosi
1645 2051 1817 2116 nimis,
1849 2059 1903 2106 et
1932 2051 2135 2120 reliqua

533 2134 700 2208 (Ibid.
726 2134 842 2209 28).
877 2139 1046 2192 Dutnn
1080 2140 1356 2196 hominum
1389 2157 1650 2197 occursus
1671 2184 1685 2209 ,
1728 2142 2034 2198 daemonum
2081 2145 2133 2198 in

534 2230 671 2286 duos
713 2231 961 2289 homines
1005 2234 1164 2306 longa
1201 2237 1496 2306 possessio,
1541 2245 1596 2292 et
1624 2237 1924 2308 periculosa
1957 2246 2135 2293 trans-

534 2326 788 2382 euntibus
843 2328 950 2390 via,
1001 2337 1056 2384 et
1084 2330 1472 2402 transfugiendi
1502 2332 1554 2387 in
1585 2347 1780 2404 porcos
1806 2331 2135 2402 deprecatio,

536 2428 592 2474 et
639 2421 882 2491 purgatis
925 2419 1233 2479 hominibus
1260 2425 1438 2495 gregis
1478 2424 1647 2495 ipsius
1683 2439 1782 2495 per
1812 2439 2054 2494 praeceps
2086 2425 2137 2479 in

537 2530 687 2572 mare
714 2531 893 2582 casus,
925 2517 1122 2574 dehinc
1164 2529 1442 2590 pastorum
1477 2522 1532 2576 in
1564 2521 1823 2592 oppidum
1856 2519 1978 2592 fuga
1999 2564 2013 2588 ,
2038 2535 2138 2592 po-

540 2613 649 2684 puli
692 2615 759 2670 de
804 2616 1028 2672 civitate
1070 2633 1411 2689 progressus,
1456 2628 1512 2675 et
1552 2634 1618 2674 ne
1656 2618 1849 2674 urbem
1883 2619 2141 2674 Dominus

539 2707 713 2765 adiret
742 2710 956 2781 legatio,
991 2723 1043 2768 et
1075 2712 1282 2770 reditus
1311 2715 1428 2784 ejus
1460 2714 1510 2768 in
1545 2715 1795 2783 patriam,
1829 2722 1884 2768 et
1915 2714 2025 2769 illic
2049 2729 2140 2784 pa-

542 2804 750 2876 ralytici
782 2806 833 2859 in
865 2807 1004 2862 lecto
1027 2808 1263 2878 jacentis
1293 2808 1491 2863 oblatio
1512 2850 1525 2873 ,
1558 2817 1612 2862 et
1645 2806 1716 2880 (c)
1750 2822 1847 2878 pro
1875 2807 1995 2862 ﬁdei
2029 2822 2139 2862 me-

543 2899 648 2953 rito
675 2899 727 2953 in
773 2907 1015 2969 tempore
1048 2902 1164 2971 ipso
1204 2910 1545 2972 peccatorum
1587 2903 1862 2967 remissio,
1908 2910 1963 2956 et
1994 2917 2140 2954 mur-

546 3007 671 3046 mur
711 2991 1045 3058 Scriharum,
1101 3003 1156 3048 et
1194 2995 1411 3050 virtutis
1449 2993 1743 3060 conlcssio,
1775 3001 1830 3048 et
1867 2992 2142 3064 paralytici

547 3087 707 3142 etiam
749 3087 850 3141 sub
877 3101 1042 3141 onere
1073 3087 1255 3142 lectuli
1289 3091 1340 3142 in
1363 3087 1583 3142 domum
1616 3085 1854 3153 reditus,
1882 3094 1938 3140 et
1967 3085 2146 3141 homi-

547 3195 673 3234 num
697 3177 1005 3245 admiratio,
1033 3179 1170 3235 hanc
1195 3180 1394 3236 habent
1418 3194 1658 3234 causam.

616 3274 673 3328 d.
711 3272 979 3328 Dwmanes
1006 3292 1034 3329 e
1075 3275 1308 3346 gentibus
1353 3276 1556 3347 expulsi
1589 3274 1856 3329 haereticos
1896 3274 2137 3329 obtinent.

546 3361 780 3419 Christus
817 3383 848 3419 a
880 3364 1083 3421 Iudicis
1124 3369 1426 3438 repudiatus
1457 3384 1580 3424 ABIT
1627 3384 1695 3423 Αυ
1725 3380 1958 3424 GEN‘I‘ES.
1984 3397 2052 3410 -—
2085 3368 2139 3422 lu

541 3461 768 3516 exordio
795 3461 1010 3533 generis
1042 3463 1262 3518 humani
1304 3465 1354 3518 in
1401 3472 1511 3518 tres
1541 3462 1640 3518 fuit
1683 3463 1900 3517 humani
1930 3463 2146 3533 generis

543 3552 758 3619 divisio,
785 3554 898 3610 Noe
925 3556 1135 3611 scilicet
1176 3557 1340 3622 ﬁlios,
1363 3572 1430 3612 ex
1461 3557 1656 3626 quibus
1687 3557 1983 3612 secundum
2017 3571 2142 3626 pro-

546 3644 786 3716 phetiam
817 3646 1066 3714 Genesis,
1096 3647 1223 3703 Sem
1255 3649 1307 3702 in
1342 3648 1742 3718 possessionem
1777 3648 1870 3703 Dei
1906 3648 2146 3703 delectus

546 3745 649 3792 est.
680 3737 848 3792 Extra
880 3739 1069 3793 urbem
1097 3750 1301 3802 autem,
1336 3739 1386 3794 id
1419 3750 1497 3794 est
1520 3782 1535 3804 ,
1566 3747 1718 3795 extra
1765 3739 1898 3811 legis
1927 3747 1982 3794 et
2019 3756 2147 3811 pro-

548 3829 834 3901 phetarum
866 3847 1189 3904 synagogam
1218 3875 1231 3897 ,
1259 3832 1397 3886 duos
1428 3831 1676 3888 homines
1707 3833 1758 3887 in
1790 3834 2153 3890 monumentis

553 3920 830 3978 daemones
857 3924 1172 3980 detinebant
1207 3943 1220 3978 :
1255 3925 1481 3980 duarum
1527 3925 1737 3980 scilicet
1770 3928 2012 3997 gentium
2044 3927 2153 3982 ori-

546 4019 698 4090 gines
723 4021 860 4076 intra
877 4021 1254 4076 defunctorum
1285 4021 1442 4076 sedes
1463 4029 1868 4078 ctmortuorum
1897 4022 2152 4094 reliquias

547 4113 912 4182 obsederant,
973 4113 1274 4172 efﬁcientes
1328 4115 1787 4187 praetereuntibus
1833 4115 1974 4172 viam
2027 4115 2151 4171 vitae

624 4305 701 4378 (a)
739 4306 845 4361 Sex
873 4321 1002 4361 mss.
1028 4305 1263 4361 Christus
1286 4304 1503 4378 vigilet;
1525 4317 1644 4378 non
1675 4302 1782 4357 alio
1807 4317 1992 4378 sensu,
2021 4315 2146 4378 cum

552 4374 830 4432 secundum
861 4378 1014 4446 ﬁdem
1060 4388 1288 4430 nostram
1317 4374 1406 4429 aut
1433 4375 1726 4445 vigilantem
1753 4385 1844 4428 aut
1874 4374 2148 4446 (dormien-

557 4459 676 4507 tem,
701 4459 754 4501 et
779 4444 914 4501 Deus
936 4459 990 4502 et
1013 4448 1262 4502 Christus
1286 4449 1336 4502 in
1363 4447 1518 4501 nobis
1541 4446 1760 4508 vigilent
1781 4455 1836 4500 et
1855 4444 2141 4508 dormiant,

555 4528 614 4572 ut
639 4520 920 4640 exponitur
950 4520 1001 4574 in
1045 4521 1180 4590 psil.
1229 4535 1361 4583 cxx,
1411 4535 1464 4573 n.
1499 4518 1552 4574 9.

556 4588 676 4640 aliis
727 4588 857 4640 ibris
885 4589 1206 4640 exnrinitur
1234 4591 1355 4640 ﬁdei
1383 4591 1552 4640 vocab

556 4588 676 4644 aliis
694 4587 857 4643 ‘libris
885 4587 1206 4657 exprinitur
1233 4591 1355 4644 ﬁdei
1383 4588 1701 4646 vocabulum
1735 4597 1959 4659 propter
1985 4587 2154 4642 verba

557 4659 774 4714 modica:
793 4660 934 4729 ﬁdei.

631 4728 706 4804 (b)
751 4728 944 4786 VOcem
973 4733 1260 4787 hominibus
1292 4733 1344 4786 in
1372 4733 1607 4804 vulgatis
1645 4731 1901 4786 omissam
1933 4744 2157 4804 revoca-

560 4801 771 4858 mus'ex
803 4817 933 4858 mss.
982 4805 1276 4859 retinentes
1319 4801 1487 4860 simul
1523 4803 1944 4874 subsequentem
1970 4844 1985 4868 ,
2034 4801 2153 4858 scil.

563 4875 836 4937 hominem,
864 4875 1106 4944 quamvis
1132 4875 1183 4929 in
1218 4875 1298 4930 his
1328 4876 1490 4932 desit.

635 4948 708 5018 (c)
742 4946 910 5002 Abest
941 4962 1032 5016 pro
1060 4947 1182 5014 fidei
1207 4949 1387 5001 merito
1415 4963 1442 5000 a
1473 4947 1646 5003 tribus
1675 4959 1808 5000 mss.

640 5040 719 5115 (ά)
763 5040 818 5095 1η
861 5040 1065 5115 aliquot
1109 5054 1239 5093 mss.
1293 5056 1596 5115 ex__genere,
1647 5038 2172 5115 omisso‘vocabulo

566 5111 712 5178 Sem,
745 5113 886 5183 quod
917 5113 1138 5166 omnino
1167 5125 1287 5163 cum
1320 5113 1439 5165 aliis
1462 5113 1612 5166 libris
1637 5111 2000 5166 retinendum.
2036 5111 2160 5164 Vult

565 5187 763 5255 quippe
795 5184 1047 5248 Hilarius,
1069 5183 1309 5253 gentium
1349 5183 1645 5237 intidelitati
1687 5183 1990 5252 proximam
2034 5195 2156 5238 esse

568 5255 839 5321 lueresim,
890 5257 1120 5310 maxime
1157 5270 1274 5324 qu:e
1320 5255 1766 5309 resurrectionem
1816 5265 1992 5322 negat.
2036 5269 2156 5322 qua:

567 5327 750 5398 populi
781 5327 893 5394 Dei,
935 5343 1028 5381 seu
1058 5324 1424 5398 generis_Sein
1450 5330 1748 5392 portionem
1771 5325 2030 5398 corrupit.
2063 5325 2156 5398 liis

567 5395 728 5469 porro
767 5400 1019 5468 explanat
1066 5395 1216 5469 illud,
1249 5395 1374 5450 Erat
1417 5405 1586 5469 autem
1628 5413 1728 5450 non
1763 5396 1910 5466 longe
1949 5395 2011 5449 ab
2053 5395 2159 5469 illis

568 5465 798 5543 (duobus
824 5465 1192 5537 dtemoniacis)
1231 5483 1356 5543 grege
1379 5465 1676 5543 multorum
1715 5465 1988 5543 porcorum
2021 5483 2040 5522 :
2066 5468 2157 5522 ubi

565 5537 619 5598 in
651 5542 828 5612 porcis
859 5543 1143 5598 haereticos
1169 5537 1410 5611 mielligit
1439 5537 1525 5592 hic
1554 5545 1610 5593 et
1640 5539 1798 5606 infra,
1832 5550 1888 5594 ut
1913 5550 1966 5594 et
1996 5553 2158 5610 supe-

562 5615 674 5672 rius
698 5629 818 5684 cap.
853 5613 908 5680 6,
941 5629 998 5668 n.
1031 5614 1085 5668 l.

635 5707 713 5776 (ε)
765 5706 928 5773 Editi,
975 5707 1310 5762 smeularium
1355 5722 1376 5762 :
1419 5703 1818 5774 refragantibus
1862 5720 1992 5761 mss.
2039 5720 2160 5758 cum

561 5775 761 5846 quibus
817 5777 1018 5834 deinde
1077 5780 1348 5834 malumus
1399 5777 1860 5849 prtecipitantur...
1903 5775 2165 5844 morituri,

2210 470 2372 527 futuri
2404 475 2564 544 plena
2611 477 2912 546 meditatio,
2945 482 3181 536 venienti
3216 481 3443 536 Domino
3481 481 3590 537 duo
3633 482 3806 537 homi-

2212 582 2307 622 nes
2332 579 2624 626 occurrunt
2651 588 2664 626 :
2698 581 2759 628 ut
2780 589 3009 630 occursu
3036 590 3243 642 eorum,
3268 576 3708 632 concurrentium
3743 575 3808 632 ad

2213 660 2441 717 salutem
2467 663 2716 721 voluntas
2746 667 3092 724 indicaretur.
3117 669 3225 725 Sed
3266 670 3319 724 in
3353 669 3666 724 hominibus
3695 669 3809 726 da-

2216 767 2404 808 moncs
2432 757 2788 826 proclamant,
2818 775 2916 816 cur
2938 761 3121 818 sedem
3153 762 3408 828 invideat,
3435 777 3534 817 cur
3562 771 3692 816 ante
3725 762 3810 831 ju-

2217 844 2343 900 dicii
2386 855 2600 917 tempus
2639 851 2879 907 infestet.
2929 855 3224 925 Adjacebat
3272 857 3435 911 etiam
3477 855 3557 910 eis
3604 855 3814 912 duobus

2216 938 2455 1007 gentium
2484 943 2697 1011 papulis
2727 945 2877 1015 plebs
2906 946 2985 1019 (d)
3011 962 3074 1002 ex
3103 947 3228 1004 Sem
3257 964 3462 1018 genere
3486 949 3816 1004 Sadducaso-

2220 1045 2362 1095 rum,
2393 1048 2619 1102 quorum
2651 1035 2876 1093 hzeresis
2903 1054 2969 1093 ex
2999 1039 3199 1095 Judaeis
3225 1048 3433 1111 negata:
3464 1043 3818 1097 resurrectio-

2222 1122 2313 1177 nis
2344 1124 2611 1195 piaculum
2640 1141 2742 1184 est.
2768 1130 3022 1186 Videntes
3050 1133 3210 1204 igitur
3232 1133 3513 1190 daemones
3532 1176 3547 1198 ,
3582 1148 3694 1188 non
3721 1134 3819 1189 sibi

2217 1222 2328 1292 jam
2369 1219 2542 1278 locum
2578 1226 2629 1280 in
2655 1226 2907 1296 gentibus
2943 1225 3243 1296 derelinqui
3266 1269 3281 1293 ,
3311 1239 3368 1281 ut
3395 1228 3636 1296 patiatur
3666 1226 3815 1282 habi-

2225 1325 2340 1372 tare
2371 1331 2430 1372 se
2458 1316 2511 1371 in
2541 1317 2811 1374 haereticis
2834 1318 3194 1389 deprecantur
3227 1336 3240 1372 :
3269 1318 3464 1390 quibus
3495 1320 3812 1389 occupatis,

2229 1417 2372 1461 totus
2403 1409 2454 1463 in
2490 1424 2637 1466 mare
2666 1410 2870 1482 impetu
2895 1410 3084 1482 rapido
3115 1427 3212 1480 per
3239 1426 3482 1482 praeceps
3506 1428 3641 1481 grex
3671 1426 3827 1468 coac-

2228 1510 2313 1556 tus
2335 1511 2419 1558 est
2448 1521 2460 1556 :
2494 1504 2545 1558 in
2569 1505 2914 1573 cupiditatem
2943 1505 3150 1560 scilicet
3171 1505 3242 1578 (ε)
3273 1507 3594 1560 saecularem
3625 1505 3830 1562 damo-

2230 1609 2356 1649 num
2392 1595 2795 1666 praecipitantur
2819 1598 3095 1662 instinctu,
3129 1598 3181 1651 in
3204 1597 3358 1666 aquis
3385 1597 3613 1663 multis,
3639 1599 3690 1651 id
3723 1608 3828 1667 est,

2230 1702 2351 1742 cum
2381 1688 2706 1760 reliquarum
2731 1691 2972 1760 gentium
3003 1689 3163 1762 705
3193 1688 3510 1743 infidelitate
3555 1689 3826 1744 morituri.

2159 1781 2206 1841 B
2238 1779 2413 1848 Atque
2431 1779 2590 1834 etiam
2612 1781 2663 1835 in
2683 1781 2786 1836 hoc
2799 1783 2970 1850 typica
2991 1783 3128 1836 ratio
3143 1789 3354 1836 servata
3373 1789 3480 1845 est,
3501 1792 3556 1835 ut
3572 1797 3672 1838 non
3691 1783 3825 1838 satis

2237 1882 2384 1928 esset
2403 1872 2606 1929 dixisse
2635 1875 3000 1944 prgucipitatos
3025 1873 3080 1929 in
3104 1888 3270 1936 mare,
3294 1872 3396 1928 nisi
3420 1873 3580 1928 etiam
3601 1875 3824 1930 addere-

2243 1973 2348 2032 tur,
2374 1965 2440 2020 Et
2467 1967 2654 2021 mortui
2681 1981 2797 2020 sunt
2824 1967 2878 2020 in
2907 1967 3055 2036 aquis
3079 1966 3271 2020 multis.
3297 1965 3540 2033 Quorum
3570 1967 3835 2036 principes

2240 2068 2402 2128 atque
2445 2067 2690 2130 pastores
2733 2074 2914 2112 rerum
2947 2057 3130 2113 talium
3159 2057 3520 2114 admiratione
3545 2059 3744 2114 turbati
3775 2059 3842 2113 ad

2243 2151 2427 2207 urbem
2463 2151 2704 2216 veniunt,
2728 2161 2779 2206 et
2801 2167 2921 2221 qum
2944 2159 3094 2220 gesta
3119 2160 3246 2207 sunt
3272 2153 3523 2207 nuntiant
3545 2151 3716 2225 (Ibid.
3743 2151 3834 2218 δί,

2241 2244 2356 2316 55).
2388 2243 2529 2300 Urbs
2557 2244 2646 2298 illa
2675 2243 2879 2300 Judaici
2910 2244 3090 2314 populi
3135 2243 3294 2300 habet
3321 2247 3587 2314 Speciem,
3626 2244 3700 2316 (f)
3726 2260 3844 2314 quae

2242 2335 2439 2392 Christi
2471 2336 2723 2406 operibus
2752 2334 2948 2389 auditis
2973 2375 2990 2402 ,
3020 2335 3248 2390 Domino
3276 2350 3376 2390 suo
3400 2336 3622 2391 obviam
3652 2338 3844 2408 pergit,

2245 2431 2535 2502 prohibens
2558 2448 2625 2486 ne
2650 2430 2783 2487 fines
2804 2445 2930 2486 suos
2952 2430 3248 2502 urbemque
3267 2431 3651 2502 contingeret;
3673 2446 3847 2504 neque

2245 2524 2386 2579 enim
2413 2524 2700 2595 Evangelia
2733 2521 2810 2598 (g)
2835 2523 2918 2579 lex
2954 2522 3144 2592 recipit
3179 2541 3191 2577 :
3221 2539 3250 2577 a
3277 2539 3379 2594 qua
3411 2523 3764 2593 repudiatus,
3789 2526 3841 2580 in

2245 2619 2512 2674 civitatem
2544 2633 2695 2674 suam
2733 2619 3018 2674 revertitur
3039 2617 3255 2690 (Matth.
3289 2633 3364 2683 ιι,
3399 2617 3476 2688 1).
3509 2617 3594 2690 (Ir)
3635 2619 3750 2675 Deo
3775 2618 3846 2674 ci-

2245 2714 2382 2768 vitas
2407 2713 2644 2770 ﬁdelinm
2672 2714 2823 2784 plebs
2867 2724 2969 2769 est.
3020 2713 3075 2769 ln
3103 2712 3244 2769 hanc
3273 2713 3433 2785 igitur
3477 2713 3630 2780 navi,
3673 2713 3730 2768 id
3769 2721 3844 2770 est

2245 2808 2305 2881 (i)
2339 2805 2600 2870 Ecclesia,
2636 2807 2819 2862 vectus
2849 2806 3070 2861 introiit.

2319 2902 2372 2956 5.
2405 2901 2567 2956 Adam
2596 2902 2809 2956 obtinuit
2835 2903 3052 2956 ueniam.
3081 2931 3152 2942 —
3175 2899 3404 2972 Jamque
3443 2900 3500 2956 in
3544 2902 3840 2974 paralytieo

2246 2995 2484 3067 gentium
2528 2994 2850 3049 universitas
2880 2993 3105 3048 oﬁertur
3130 2992 3418 3047 medenda.
3448 2992 3560 3048 Sed
3599 3001 3658 3048 et
3697 3009 3846 3049 cura-

2250 3087 2410 3142 tionis
2434 3086 2600 3156 ipsius
2630 3088 2790 3140 verba
2818 3094 2942 3140 sunt
2962 3085 3281 3141 contuenda.
3316 3084 3435 3140 Non
3463 3084 3669 3142 dicitur
3695 3101 3845 3157 para-

2170 3171 2216 3236 C
2249 3178 2432 3250 Iytico,
2469 3177 2646 3233 Sanus
2683 3186 2835 3240 esto;
2881 3193 2986 3231 non
3034 3175 3251 3243 dicitur,
3295 3176 3468 3244 Surge
3511 3187 3562 3232 et
3599 3177 3840 3244 ambula;

2246 3271 2340 3327 sed
2371 3271 2586 3337 dicitur,
2610 3268 2860 3336 Canium
2887 3280 2992 3324 esto
3020 3269 3120 3338 ﬁli,
3138 3270 3348 3324 remissa
3374 3281 3496 3323 sunt
3523 3270 3621 3324 tibi
3644 3283 3847 3342 peccata

2211 3366 2218 3370 ’
2250 3376 2337 3420 tua
2367 3365 2532 3438 (Ibid.
2576 3364 2657 3436 2).
2705 3365 2762 3420 lit
2795 3364 2966 3420 Adam
3013 3379 3120 3419 uno
3159 3377 3375 3434 peccata
3417 3365 3689 3420 universis
3724 3381 3850 3434 gen-

2251 3458 2392 3513 tibus
2420 3459 2784 3514 remittuntur.
2817 3458 2915 3513 Hic
2949 3458 3128 3528 itaque
3158 3456 3376 3526 Angelis
3416 3457 3843 3514 ministrantibus

2249 3553 2520 3609 curandus
2540 3550 2780 3616 oll‘ertur,
2812 3551 2900 3608 hic
2927 3551 3068 3606 filius
3099 3559 3458 3620 nuncupatur,
3486 3551 3559 3625 (j)
3598 3552 3720 3621 quia
3747 3553 3851 3620 pri-

2255 3661 2401 3702 mum
2433 3645 2526 3700 Dei
2551 3659 2688 3714 opus
2717 3654 2800 3700 est
2830 3662 2842 3698 :
2869 3644 2994 3700 huic
3017 3644 3361 3700 remittuntur
3381 3644 3586 3699 animae
3609 3655 3844 3714 peccata,

2261 3750 2318 3797 et
2365 3740 2692 3812 indulgentia
2740 3740 2927 3810 prima;
2971 3735 3416 3806 transgressionis
3453 3752 3522 3792 ex
3555 3739 3712 3793 venia
3746 3747 3848 3793 est.

2259 3834 2374 3892 Non
2407 3836 2550 3890 enim
2585 3834 2935 3904 paralyticum
2969 3845 3221 3904 peccasse
3259 3829 3464 3901 aliquid
3496 3830 3808 3900 accepimus
3837 3849 3850 3884 :

2258 3944 2379 3984 cum
2409 3927 2713 3999 praesertim
2760 3927 2865 3981 alio
2908 3926 2960 3980 in
3003 3925 3121 3980 loco
3153 3923 3296 3980 idem
3339 3923 3606 3978 Dominus
3641 3923 3852 3988 dixerit,

2259 4022 2554 4078 cmcitatem
2582 4035 2612 4073 a
2653 4020 2930 4073 nativitatc
2974 4032 3081 4073 non
3120 4033 3184 4072 ex
3232 4026 3453 4084 peccato
3499 4025 3599 4070 aut
3642 4014 3856 4086 proprio

2259 4123 2353 4170 aut
2381 4099 2607 4184 paterno
2636 4111 2804 4170 fuisse
2831 4121 3163 4167 contractam
3195 4107 3380 4178 (Joan.
3407 4123 3494 4175 tx,
3517 4107 3600 4178 ὅ).

2254 4299 2508 4382 nimirum
2539 4297 2799 4364 haeretici,
2829 4309 2988 4366 quam
3013 4308 3137 4351 cum
3163 4289 3392 4362 vulgatis
3417 4289 3852 4361 praecipitatur...

2255 4379 2556 4425 moriturus.

2256 4513 2300 4522 __
2331 4443 2398 4522 (ῃ
2427 4443 2479 4497 In
2518 4440 2777 4522 vulgatis,
2796 4439 2903 4509 qui.
2930 4437 3119 4493 Melius
3141 4436 3193 4490 in
3217 4449 3348 4490 mss.
3375 4447 3512 4506 quia,
3537 4432 3666 4488 scil.
3695 4433 3842 4489 urbs.

1655 4519 1824 4573 ectius
1871 4525 2050 4570 tamen
2086 4517 2148 4591 _in
2178 4531 2232 4591 ι)
2256 4513 2412 4591 Unde
2439 4523 2492 4591 et
2521 4513 2873 4591 m_ox_legitur
2896 4527 2928 4564 a
2952 4527 3083 4591 qua,
3108 4522 3210 4591 pou
3243 4525 3274 4561 a
3299 4525 3416 4591 quo.

2333 4584 2412 4658 (g)
2443 4586 2497 4640 ln
2530 4577 2774 4658 pluribus
2802 4596 2932 4637 mss.
2958 4577 3322 4658 desideratur
3349 4579 3466 4642 lex;
3495 4591 3606 4648 quo
3625 4577 3860 4658 _nomine

2259 4649 2576 4727 suppresso,
2607 4656 2830 4727 verbum
2861 4653 3044 4727 recipit
3075 4651 3140 4705 ad
3169 4649 3446 4727 iudaicuin
3471 4649 3736 4719 populum
3765 4665 3852 4704 reo

2262 4721 2404 4784 ferre
2433 4729 2645 4783 liceret.
2672 4725 2875 4781 Horum
2903 4721 3020 4778 loco
3048 4722 3186 4792 apud
3217 4721 3348 4776 Bad.
3391 4729 3579 4775 exstat
3597 4763 3610 4779 .
3646 4737 3859 4790 euange-

2263 4801 2363 4855 lica
2397 4802 2478 4854 lea:
2513 4801 2756 4871 praecepit
2788 4797 2975 4871 :_apud
3003 4791 3102 4871 ΔΕνζ
3136 4793 3444 4871 Evangelica
3469 4791 3555 4846 lea:
3577 4793 3858 4863 praecipit:

2263 4872 2406 4942 apnd
2441 4865 2591 4939 Lips.
2626 4865 2966 4950 euangelicum
2995 4868 3154 4935 legem
3184 4865 3429 4989 percepit.
3557 4936 3568 4946 .

2336 4943 2416 4989 (In
2469 4941 2632 4989 Editi-
2687 4941 2783 4989 Dei
2826 4949 3001 4989 ciuitas
3044 4953 3062 4989 :
3103 4952 3208 4989 non
3257 4951 3319 4989 su
3367 4945 3568 4989 raaantt

2336 4943 2416 5016 (h)
2468 4934 2634 5006 Editi,
2684 4934 2783 4995 Dei
2826 4940 3001 5016 ciuitas
3037 4934 3062 5016 _.'
3103 4934 3683 5016 noit_suli‘ragapt_ibus
3725 4949 3853 5016 mss.

2263 5007 2493 5086 quorum
2541 5025 2649 5070 tres
2693 5027 2819 5066 mox
2857 5009 3175 5081 subjiciunt,
3219 5008 3271 5061 in
3313 5008 3446 5061 hanc
3488 5007 3653 5078 igitur
3692 5007 3859 5062 sedem

2261 5087 2397 5151 naui,
2427 5097 2532 5141 etc.

2331 5181 2396 5250 (i)
2425 5179 2516 5236 Sic
2545 5177 2902 5250 pluresimss.
2936 5184 2996 5230 ut
3025 5175 3186 5250 etiam
3217 5171 3856 5250 conjectabat_Latir_iius.

2260 5244 2504 5318 Aie-diti,
2535 5244 2586 5304 id
2615 5260 2690 5305 est
2721 5249 3023 5304 Ecclesium.
3058 5249 3204 5301 lianc
3235 5256 3415 5300 autem
3448 5245 3696 5318 plurimis
3727 5244 3857 5318 locis

2262 5324 2443 5452 navim
2475 5315 2775 5392 nuncupari
2801 5322 2917 5391 ipse
2951 5319 3184 5374 Hilarius
3214 5317 3482 5388 superiori
3512 5316 3693 5387 capite
3721 5331 3778 5370 η.
3803 5315 3856 5382 9,

2265 5414 2296 5450 0
2337 5405 2542 5450 servat.
2701 5424 2703 5426 ‘

2341 5487 2412 5562 (j)
2451 5487 2508 5542 ln
2558 5484 2823 5562 vulgatis,
2873 5482 3253 5562 qui.__Rectius_
3295 5481 3346 5536 in
3395 5481 3703 5562 potioribus
3727 5494 3857 5534 mss.

2262 5552 2435 5630 quia:
2467 5574 2572 5627 qua
2601 5552 2858 5630 particula
2876 5554 3132 5630 redditur
3153 5556 3293 5630 ratio
3319 5552 3414 5630 cur
3445 5553 3615 5607 Adam
3642 5552 3861 5630 dicatur

2270 5624 2414 5686 ﬁlius
2441 5624 2558 5694 Dei,
2589 5624 2656 5684 ad
2696 5629 3051 5683 imitationem
3090 5626 3296 5680 scilicet
3323 5625 3484 5680 Luem
3523 5639 3603 5689 ιιι,
3642 5625 3735 5691 58,
3776 5624 3859 5678 ubi

2270 5705 2366 5767 ait,
2401 5702 2502 5774 Qui
2531 5702 2629 5774 fuit
2659 5700 2856 5767 Henna,
2882 5699 2967 5774 qui
2987 5696 3284 5774 _fuit_Seth,
3313 5697 3400 5774 qui
3432 5696 3529 5768 [uit
3562 5695 3749 5774 Adam,
3779 5695 3861 5774 qui

2273 5716 2366 5767 ait,
2401 5716 2502 5770 (ιω
2531 5716 2629 5774 μαι
2659 5716 2856 5767 uenas,
2917 5716 2967 5752 ut
3001 5716 3100 5768 [tm
3135 5716 3284 5762 aeut,
3383 5716 3399 5748 ι
3432 5716 3529 5768 μιιι
3562 5716 3749 5758 natura,
3779 5716 3861 5764 qu

2273 5775 2370 5843 fuit
2397 5773 2514 5830 Dei.
2546 5773 2718 5828 Paulo
2743 5778 2868 5827 ante
2882 5716 3052 5836 (bam,
3095 5767 3190 5823 Er.
3223 5776 3279 5823 et
3313 5716 3468 5836 Tim.
3499 5778 3624 5825 cum
3665 5766 3862 5836 aliquot
