3882 6332
30 283 121 339 961

947 279 1490 342 COMMENTARIUS
1528 285 1596 342 IN
1634 283 2072 353 MA'l'TlIABUM.
2116 298 2270 355 CAP.
2316 298 2407 355 lX.

3206 262 3314 366 oss

94 399 144 454 6.
188 395 436 453 Christum
455 410 564 450 esse
583 394 948 472 Deum.—(a)
982 400 1230 458 Veritatis
1255 403 1450 459 deinde
1472 405 1606 460 ordo
1635 406 2056 483 Acredetur?);
2101 413 2337 484 alioquin
2382 414 2501 471 laus
2541 417 2608 472 de
2655 433 2764 473 uno
2813 417 3053 488 homine,
3095 436 3200 476 non
3242 422 3312 480 de

25 489 257 544 succedit
299 489 349 542 in
372 487 558 557 gestis,
603 489 848 556 quamvis
877 490 1041 545 futuri
1089 495 1298 563 species
1327 496 1608 566 expleatur

26 582 80 636 in
105 578 276 636 dictis.
309 577 484 632 Movet
513 578 727 636 Scribas
759 583 1041 637 remissum
1065 584 1133 638 ab
1161 583 1378 642 homine
1418 603 1607 657 pecca-

28 683 132 728 tum
158 669 366 742 (Matth.
401 685 483 735 rx,
521 669 578 741 5)
609 689 621 724 :
656 672 928 729 hominem
968 676 1110 730 enim
1145 687 1348 733 tantum
1384 680 1436 734 in
1478 679 1606 735 Jesu

25 765 232 821 Christo
273 761 684 819 contuebantur.
726 765 792 820 Et
835 769 1120 822 remissum
1166 778 1250 826 est
1287 771 1364 844 (b)
1402 773 1469 827 ab
1515 788 1604 838 eo,

32 856 169 930 quod
196 856 280 912 lex
309 856 488 911 laxare
519 873 625 913 non
655 867 892 927 poterat;
929 861 1061 917 ﬁdes
1091 864 1235 919 enim
1267 866 1381 920 sola
1409 866 1607 936 justiﬁ-

26 962 122 1008 cat.
176 950 378 1008 Deinde
426 956 908 1010 murmurationem
971 973 1156 1011 eorum
1221 960 1476 1016 Dominus
1525 963 1608 1016 in-

28 1043 276 1115 trospicit,
305 1044 376 1115 (c)
402 1043 636 1116 dicitque
660 1045 815 1102 facile
843 1063 962 1103 esse
993 1049 1102 1104 ﬁlio
1131 1051 1362 1106 hominis
1386 1053 1437 1108 in
1463 1063 1605 1110 terra

29 1146 236 1208 peccata
276 1135 543 1193 dimittere
577 1137 738 1207 (Ibid.
768 1139 803 1194 4
843 1151 889 1195 ει
919 1142 999 1212 5).
1037 1143 1230 1199 Verum
1261 1146 1404 1200 enim
1446 1161 1604 1205 nemo

27 1238 195 1300 potest
221 1227 491 1285 dimittere
534 1241 770 1300 peccata,
818 1233 916 1289 nisi
955 1235 1106 1290 solus
1137 1237 1278 1292 Deus
1313 1256 1325 1291 :
1359 1253 1487 1310 ergo
1513 1240 1606 1310 qui

27 1321 242 1377 remittit
265 1322 400 1377 Deus
421 1333 522 1377 cst.
551 1325 684 1391 Quia
714 1341 874 1382 nemo
897 1328 1120 1384 remittit
1147 1330 1250 1386 nisi
1279 1331 1438 1398 Deus,
1463 1333 1605 1389 Deus

28 1417 76 1472 in
105 1416 314 1472 homine
344 1433 566 1474 manens
588 1423 920 1478 curationem
954 1423 1156 1478 homini
1181 1426 1471 1495 pratstabat
1505 1445 1517 1480 :
1551 1436 1606 1484 et

28 1509 166 1566 nulla
189 1509 237 1566 ei
265 1510 456 1580 agendi
485 1521 538 1567 et
559 1513 813 1581 loquendi
835 1523 954 1569 erat
974 1514 1286 1584 difﬁcultas,
1309 1519 1395 1572 cui
1418 1519 1607 1575 subest

31 1611 190 1657 totum
213 1616 367 1673 posse
391 1603 537 1674 quod
570 1606 826 1675 l0quitur.

101 1695 149 1749 7.
197 1694 480 1767 Paralytici
523 1701 785 1754 curatione
831 1718 981 1769 quant
1012 1705 1172 1758 ntulta
1199 1704 1499 1762 doceantur.
1537 1733 1608 1747 ~—

1712 501 1953 572 pluribus
2008 507 2307 563 exstitisset
2358 525 2370 562 :
2413 510 2505 565 sed
2548 511 2709 568 delati
2762 514 2870 568 [lco
2913 514 3132 570 honoris
3179 515 3309 572 hinc

1710 608 1869 650 causa
1910 607 2012 664 est,
2057 601 2196 670 quod
2242 611 2480 672 potestas
2522 604 2829 663 hominibus
2853 607 2920 678 (f)
2949 624 3012 664 ac
3062 610 3145 665 via
3185 609 3309 666 data

1711 687 1780 739 sit
1807 703 1902 756 per
1930 691 2149 747 verbum
2179 695 2319 764 ejus,
2362 705 2416 751 et
2461 707 2802 768 peccatorum
2847 702 3204 768 remissionis,
3253 711 3310 760 et

1711 792 1994 850 corporum
2029 788 2463 857 resurrectionis,
2493 799 2548 846 et
2577 794 2904 850 reversionis
2931 794 2984 850 in
3012 795 3230 852 ccelum.

2334 921 2560 980 CAPUT
2599 926 2690 984 IX.

1709 1024 1789 1084 De
1817 1029 2063 1086 Matt/two
2089 1036 2386 1106 publicano,
2420 1041 2483 1095 de
2507 1039 2896 1099 Pharisaeorum
2939 1056 2985 1100 et
3023 1045 3308 1118 discipulo-

1779 1138 1895 1176 rum
1935 1122 2158 1182 Joannis
2191 1131 2437 1202 jejunio,
2482 1133 2546 1188 de
2597 1149 2776 1191 assuto
2822 1154 2992 1208 panno
3042 1139 3200 1205 rudi,
3246 1139 3312 1194 de

1783 1217 2040 1287 proﬂuvio
2069 1221 2317 1287 mulieris,
2347 1224 2409 1277 de
2435 1223 2547 1294 ﬁlia
2576 1228 2825 1299 principis
2851 1232 3070 1284 excitata
3099 1248 3130 1283 a
3161 1246 3306 1285 mor-

1781 1309 1901 1376 tuis,
1934 1310 1998 1364 de
2017 1314 2212 1367 duobus
2238 1317 2404 1384 caecis,
2439 1317 2503 1371 de
2530 1320 2690 1374 surdo
2716 1332 2763 1375 et
2796 1332 2953 1378 muto.

1782 1424 1836 1480 1.
1861 1424 1926 1478 Et
1952 1442 2069 1480 cum
2097 1429 2336 1484 transiret
2359 1431 2480 1486 inde
2505 1430 2537 1485 J
2545 1449 2678 1503 esus,
2705 1437 2828 1490 vidit
2855 1436 3111 1492 hominem
3132 1439 3315 1494 seden-

1711 1526 1810 1571 tem
1839 1519 1891 1572 itt
1921 1520 2117 1576 teloneo
2145 1520 2450 1578 Matt/ta:th
2489 1527 2715 1593 nomine,
2751 1541 2796 1583 et
2836 1531 2908 1584 ait
2939 1531 3051 1600 illi,
3086 1532 3313 1604 Sequere

1709 1625 1808 1676 me,
1839 1618 1894 1665 et
1913 1611 2119 1684 reliqua
2157 1612 2370 1685 (Matth.
2405 1633 2482 1682 ιχ,
2509 1618 2588 1688 9).
2623 1619 2929 1677 Malthwum
2955 1625 3308 1694 publicanum

1711 1702 1990 1758 sedentem
2018 1705 2070 1758 in
2097 1706 2313 1763 teloneo
2339 1713 2490 1780 sequi
2536 1726 2594 1766 se
2615 1711 2786 1782 jubet.
2825 1714 2887 1769 Et
2928 1717 3231 1774 concedens
3258 1718 3312 1774 in

35 1788 190 1844 Porro
207 1797 378 1844 autem
409 1801 464 1845 ut
494 1791 607 1861 ipse
629 1793 706 1865 (ιι)
729 1809 850 1850 esse
873 1796 924 1849 in
952 1811 1180 1868 corpore
1216 1801 1418 1868 positus
1443 1801 1604 1857 intel-
1636 1808 1682 1868 Β
1710 1795 1925 1850 domum
1954 1799 2260 1854 convivium
2296 1802 2530 1868 instruit,
2557 1815 2611 1858 et
2636 1819 2757 1860 cum
2801 1821 2865 1862 eo
2891 1809 3302 1878 publicanorum

32 1881 115 1951 ligi
146 1893 338 1952 posset,
374 1885 464 1954 qui
506 1895 560 1941 et
595 1887 790 1944 animis
835 1901 1051 1958 peccata
1092 1891 1408 1962 dimitteret,
1436 1906 1490 1950 et
1520 1911 1609 1951 re-

27 1971 402 2033 surrectionem
452 1980 770 2049 corporibus
819 1991 1128 2054 prmstaret;
1171 1987 1278 2051 ait,
1327 1986 1396 2042 Ut
1432 1989 1608 2045 sciatis

28 2068 253 2136 quoniam
281 2069 426 2139 [ilius
447 2073 664 2126 hominis
695 2075 842 2129 habet
869 2087 1166 2145 potestatein
1193 2080 1247 2131 in
1275 2089 1409 2132 terra
1439 2081 1612 2136 dimit-

27 2171 122 2214 tere
143 2174 364 2232 peccata,
392 2167 467 2218 ait
491 2167 792 2239 paralytico,
822 2171 1006 2241 Surge,
1036 2182 1082 2226 et
1103 2173 1224 2227 tolle
1251 2174 1436 2231 lectum
1468 2187 1612 2231 tuum

30 2251 184 2323 (Ibid.
216 2254 292 2326 6).
319 2257 464 2313 Satis
490 2259 664 2314 fuerat
685 2262 848 2334 706
876 2264 1093 2331 dixisse,
1120 2265 1290 2339 Surge
1315 2284 1333 2322 :
1357 2270 1454 2325 sed
1487 2272 1610 2342 quia

29 2347 194 2402 omnis
213 2357 327 2404 erat
357 2351 672 2420 perﬁciendi
703 2357 883 2425 Operis
913 2358 1050 2412 ratio
1092 2359 1439 2429 esplicanda;
1468 2363 1616 2434 adje-

31 2439 118 2506 cit,
151 2438 291 2497 Tolle
316 2443 503 2498 lectunt
531 2455 694 2512 luunt,
725 2457 770 2502 et
799 2451 922 2504 vade
953 2452 1009 2504 in
1040 2452 1246 2508 domum
1291 2466 1450 2510 tuam.
1494 2456 1614 2512 Pri-

33 2549 168 2589 mum
206 2537 580 2594 remissionem
628 2541 810 2596 tribuit
858 2546 1083 2613 peccati,
1126 2545 1322 2602 dehinc
1364 2551 1614 2606 virtutem

33 2630 437 2684 resurrectionis
466 2632 724 2700 ostendit,
753 2642 863 2689 tum
908 2637 1216 2694 sublatione
1261 2641 1438 2696 lectuli
1467 2643 1618 2698 inﬁr-

34 2721 258 2776 mitatem
288 2737 352 2778 ac
379 2723 624 2780 dolorem
656 2729 973 2797 corporibus
1002 2731 1187 2786 docuit
1215 2732 1488 2790 afuturum
1521 2737 1614 2809 (al.

33 2811 408 2887 ablaturum),
450 2827 720 2886 postremo
763 2822 936 2877 reditu
983 2823 1034 2878 in
1078 2824 1296 2880 domum
1347 2830 1616 2899 propriam

31 2904 128 2962 iter
154 2908 204 2962 in
233 2909 546 2979 paradisum
576 2915 921 2970 credentibus
946 2931 1066 2971 esse
1101 2917 1516 2987 redhibendum,
1550 2937 1618 2977 ex

32 3013 132 3067 quo
159 2999 327 3056 Adam
358 3017 556 3074 parens
583 3005 955 3062 universorum
987 3011 1192 3079 peccati
1226 3011 1346 3068 labe
1382 3013 1616 3068 dissolu-

33 3102 111 3149 lllS
138 3107 466 3153 excesserat.

1713 1899 1768 1946 et
1796 1901 2134 1959 peccatorum
2160 1895 2316 1951 turba
2341 1897 2634 1954 discumbit
2662 1918 2676 1954 :
2701 1900 2990 1958 Pltarismis
3015 1904 3315 1977 discipulos

1716 1984 2147 2055 obiurgantibus,
2200 2003 2297 2043 cur
2339 1992 2596 2061 magistro
2645 2008 2765 2047 cum
2820 1995 3116 2064 publicanis
3162 1999 3317 2055 cibus

1714 2088 1876 2133 esset.
1903 2079 2110 2146 Quibus
2132 2083 2446 2152 respondet,
2465 2083 2624 2140 Sanis
2645 2085 2857 2141 medico
2882 2103 3017 2157 Opus
3040 2104 3144 2144 non
3173 2105 3314 2158 esse,

1717 2170 1811 2225 sed
1863 2173 2142 2227 curatione
2191 2186 2424 2244 aegrotos
2470 2177 2770 2248 indigere:
2823 2191 3122 2252 euntesque
3162 2183 3322 2253 jubet

1715 2265 1921 2320 discere
1944 2266 2071 2336 quid
2114 2267 2203 2333 sit,
2240 2267 2652 2331 Misericordiant
2700 2273 2859 2346 707
2909 2275 2989 2348 (g)
3023 2276 3138 2331 volo
3167 2293 3320 2348 quant

1717 2358 2056 2426 sacriﬁcium.

1743 2464 1746 2465 '
1786 2450 1840 2504 2.
1895 2448 2190 2507 Publicani.
2224 2451 2463 2509 Matthwi
2510 2458 2727 2512 vacatio.
2759 2457 2920 2515 Salus
2965 2462 3198 2517 omnibus
3230 2480 3322 2519 ne-

1718 2543 1963 2608 cessaria,
1993 2545 2124 2599 nulli
2149 2562 2179 2599 a
2207 2546 2316 2618 lege
2349 2558 2642 2617 praestatur.
2673 2581 2745 2591 —
2768 2551 3181 2609 Publicanorum
3218 2571 3320 2611 no-

1720 2650 1841 2690 men
1879 2652 1944 2691 ex
1988 2638 2094 2694 vita
2131 2647 2235 2708 est,
2282 2640 2374 2712 qui
2413 2641 2611 2698 relictis
2654 2644 2787 2715 legis
2816 2647 3092 2716 operibus,
3130 2664 3324 2719 gerere

1720 2743 1779 2784 se
1830 2746 1928 2786 usu
1981 2735 2256 2789 communi
2303 2744 2358 2791 et
2412 2736 2628 2807 publico
2681 2739 3007 2796 maluerunt.
3062 2742 3204 2814 Ergo
3251 2759 3319 2800 ex

1720 2820 1902 2891 domo,
1934 2824 1985 2879 id
2018 2837 2122 2894 est,
2159 2843 2226 2883 ex
2269 2831 2504 2898 peccatis
2546 2835 2810 2902 corporis,
2859 2833 3167 2890 Matthzeum
3215 2837 3318 2890 Do-

1721 2920 1898 2974 minus
1928 2924 2196 2989 evocavit,
2227 2924 2278 2978 in
2316 2925 2469 2996 cujus
2511 2936 2748 2983 mentem
2787 2929 3066 3000 ingressus
3111 2946 3326 2987 recum-

1722 3014 1817 3068 bit.
1847 3016 1941 3072 llic
1963 3021 2106 3073 enim
2137 3019 2278 3075 idem
2307 3019 2588 3092 Evangelii
2615 3023 2772 3078 istius
2792 3025 3027 3095 scriptor
3049 3034 3152 3089 est,
3174 3035 3229 3082 et
3250 3025 3323 3084 de

1726 3114 1926 3180 peccati
1970 3115 2054 3168 sui
2102 3113 2263 3170 domo
2308 3117 2516 3182 exiens,
2555 3117 2837 3173 Dominum
2881 3119 2995 3191 ipse
3038 3120 3105 3192 (Ῑ.
3140 3121 3192 3175 in
3241 3121 3326 3192 se)

96 3187 144 3242 8.
188 3187 347 3244 Venia
373 3208 548 3246 omnes
575 3204 738 3266 egent.
773 3194 895 3250 Non
926 3199 1163 3252 miranda
1189 3199 1242 3252 in
1270 3199 1475 3255 Christo
1518 3218 1615 3270 ρο-
1642 3206 1687 3269 C
1721 3206 1975 3274 suscepit,
2008 3205 2267 3263 interiore
2297 3209 2415 3278 ejus
2443 3209 2774 3266 habitatione
2799 3187 3149 3280 illuminatus,
3175 3214 3314 3269 intra

32 3288 176 3334 testas
205 3281 499 3338 dimittendi
522 3296 749 3357 peccata.
783 3319 855 3328 —-
890 3289 1130 3344 Videntes
1169 3303 1337 3345 autem
1365 3293 1523 3346 turba:
1555 3293 1620 3346 ti-

30 3385 259 3428 muerunt
285 3374 453 3446 (Ibid.
486 3377 566 3448 8).
608 3379 754 3450 Opus
795 3381 934 3435 istud
966 3368 1253 3437 admil’itio
1287 3385 1464 3452 potius
1493 3399 1622 3439 con-

29 3470 194 3538 sequi,
227 3487 335 3526 non
363 3483 537 3529 metus
561 3475 779 3542 debuit;
808 3478 902 3530 sed
934 3488 1114 3532 manet
1136 3479 1297 3533 etiam
1322 3496 1461 3536 nunc
1487 3480 1621 3536 ordo

31 3565 299 3633 mysterii;
352 3577 411 3620 nt
461 3569 672 3622 veritati
716 3572 1098 3639 prmsentium,
1147 3571 1444 3630 futurorum
1495 3590 1618 3646 spe-

29 3657 132 3710 cies
155 3656 229 3730 (e)
258 3659 473 3730 adjecta
516 3662 584 3715 sit
613 3661 874 3716 dictorum
906 3671 960 3718 et
984 3667 1242 3720 factorum
1277 3666 1484 3721 Domini
1517 3668 1621 3722 vir-

30 3757 192 3806 tutem
223 3755 399 3810 turba:
422 3755 628 3808 timent.
664 3757 834 3826 Magni
858 3759 1001 3812 enim
1029 3760 1234 3815 timoris
1259 3776 1346 3816 res
1373 3770 1478 3827 est,
1510 3776 1614 3816 non

28 3841 262 3901 dimissis
286 3861 317 3901 a
341 3845 562 3903 Christo
587 3851 820 3918 peccatis
851 3852 903 3904 in
938 3862 1165 3907 mortem
1212 3854 1414 3908 resolvi
1450 3872 1462 3909 :
1497 3857 1618 3925 quia

29 3938 202 3994 nullus
227 3941 299 3996 sit
329 3941 386 3996 in
421 3940 638 4000 domum
668 3953 924 3999 aeternam
967 3945 1191 4012 reditus,
1219 3947 1262 4000 si
1303 3948 1386 4001 cui
1417 3947 1622 4003 indulta

29 4047 131 4090 non
146 4035 308 4094 fuerit
321 4039 478 4095 venia
491 4038 833 4096 delictorum.
858 4041 922 4094 Et
943 4040 1407 4112 honoriﬁcaverunt
1434 4041 1622 4109 Deum,

27 4131 109 4198 qui
136 4140 333 4190 tantam
363 4133 502 4189 dedit
531 4145 823 4206 potestatem
851 4135 1158 4190 Itontinibus.
1189 4134 1453 4191 Conclusa
1501 4147 1624 4192 sunt

25 4227 203 4282 omnia
230 4243 334 4294 suo
364 4229 575 4297 ordine,
608 4239 663 4285 et
688 4239 935 4287 cessante
961 4229 1070 4300 jam
1109 4229 1502 4300 desperationis
1549 4233 1619 4286 ti-

27 4333 175 4376 more
205 4321 385 4377 honor
415 4323 524 4378 Deo
559 4323 823 4389 redditur,
853 4323 997 4395 quod
1048 4332 1250 4392 tantam
1290 4323 1500 4378 dederit
1531 4325 1627 4378 ho-

24 4413 260 4471 minibus
289 4425 613 4485 potestatem
646 4435 658 4471 :
693 4417 789 4472 sed
818 4417 920 4472 soli
949 4416 1050 4472 hoc
1076 4415 1297 4472 Christo
1327 4427 1445 4472 erat
1475 4416 1627 4474 debi-

27 4513 170 4574 tum,
202 4507 306 4562 soli
336 4506 404 4582 de
447 4509 828 4564 communione
866 4518 1107 4579 paternae
1151 4509 1476 4564 substantia:
1512 4510 1627 4566 hcce

1723 3313 1882 3368 quem
1926 3303 2249 3372 evangelicis
2298 3303 2434 3358 cibis
2485 3308 2862 3375 peccatoribus
2908 3315 2964 3362 et
3011 3309 3314 3377 publicanis

1725 3393 2029 3447 convivimn
2058 3394 2222 3449 divite
2249 3397 2403 3466 copia
2426 3409 2781 3468 pricparatur.
2804 3398 3104 3456 Emulatio
3125 3400 3325 3458 deinde

1726 3486 1886 3555 agitat
1915 3486 2152 3551 Jndicos,
2190 3489 2472 3546 Don‘tinnm
2506 3493 2805 3562 publicanis
2846 3503 2902 3550 et
2946 3495 3326 3565 peccatoribus

1725 3583 2126 3638 communicare
2157 3581 2322 3654 (Ibid.
2357 3585 2465 3658 ll).
2499 3587 2704 3653 Quibus
2744 3589 2834 3643 ille
2859 3598 3046 3659 operta
3090 3589 3327 3646 inﬁdeli-

1728 3674 1851 3730 tatis
1897 3675 2160 3731 velamine
2200 3677 2358 3733 verba
2410 3679 2541 3750 legis
2587 3683 2939 3752 exprompsit,
2993 3698 3052 3739 se
3096 3683 3321 3754 quidem

1728 3768 1945 3836 aegrotis
1966 3784 2121 3838 opem
2152 3769 2290 3824 ferre
2313 3780 2364 3825 et
2389 3771 2708 3827 medicinam
2735 3775 3017 3844 egentibus
3038 3784 3323 3845 praestare;

1729 3859 1809 3913 eis
1848 3870 2048 3925 autem,
2081 3862 2171 3932 qui
2209 3877 2268 3917 se
2307 3879 2468 3919 sanos
2509 3865 2918 3934 existimarent,
2967 3870 3330 3926 necessariam

1730 3956 2059 4010 curationem
2103 3957 2300 4011 nullam
2327 3972 2467 4014 esse.
2510 3959 2618 4014 Sed
2645 3969 2705 4013 ut
2735 3960 3118 4030 intelligerent,
3151 3963 3329 4018 nemi-

1731 4064 1854 4103 nem
1907 4065 2128 4103 suorum
2178 4063 2368 4104 sanum
2417 4067 2572 4117 esse;
2623 4053 2907 4107 admonuit
2953 4062 3011 4108 ut
3055 4053 3330 4111 discerent

1730 4141 1857 4211 quid
1884 4149 1987 4208 est,
2021 4141 2432 4198 Misericordiam
2467 4145 2611 4210 volo,
2656 4161 2761 4200 non
2801 4145 3115 4214 sacriﬁcium
3157 4145 3326 4217 (Ibid.

1732 4233 1820 4305 15)
1858 4249 1870 4288 :
1906 4234 2078 4304 legem
2124 4235 2350 4302 scilicet,
2383 4235 2770 4293 sacriﬁciorum
2813 4239 3194 4294 observatione
3230 4239 3327 4296 de-

1729 4326 1987 4394 vinctam,
2017 4341 2174 4398 opem
2206 4326 2351 4384 ferre
2374 4345 2480 4385 non
2515 4344 2709 4399 posse;
2743 4330 2837 4387 sed
2860 4331 3088 4388 salutem
3114 4333 3333 4389 univer-

1731 4419 1808 4475 sis
1835 4422 1886 4474 in
1923 4421 2308 4478 misericordia:
2349 4423 2676 4495 indulgentia
2711 4425 3000 4482 reservari.
3043 4426 3166 4482 Non
3199 4429 3333 4486 enim

1733 4514 1843 4567 veni
1863 4514 2034 4585 justas
2053 4530 2252 4582 vocare,
2286 4517 2375 4571 sed
2405 4528 2695 4587 peccatores
2719 4519 2773 4572 in
2803 4519 3171 4589 pwnitentiam.
3205 4521 3336 4579 0m-

25 4611 186 4669 agere
212 4611 334 4657 erat
356 4602 636 4659 familiare.
669 4601 787 4658 Non
817 4618 947 4674 ergo
977 4603 1081 4656 hoc
1115 4601 1258 4658 venit
1290 4602 1344 4657 in
1385 4602 1619 4658 admira-
1649 4619 1704 4680 Ι)
1729 4606 1888 4661 nibus
1915 4617 2169 4673 venerat;
2199 4609 2471 4679 quomodo
2509 4624 2639 4682 ergo
2681 4627 2787 4668 non
2819 4628 2878 4668 se
2924 4613 3085 4683 justis
3117 4615 3336 4674 venisse

29 4691 254 4762 tionem,
286 4693 430 4766 quod
461 4703 648 4765 posset
676 4694 774 4750 ista
811 4692 966 4767 (quid
996 4694 1138 4750 enim
1162 4709 1268 4749 non
1297 4709 1456 4765 posse
1482 4695 1622 4752 Dens

26 4899 162 4966 tnss.
187 4884 392 4966 angelis
420 4883 788 4966 ministrandus
799 4881 1070 4966 noiertur:
1100 4880 1261 4966 male.
1292 4880 1368 4964 De
1387 4879 1520 4937 Adae
1541 4895 1629 4936 sa-

27 4955 142 5038 lute
160 4954 368 5038 ‘Vi‘déSIs
394 4967 576 5038 notam
599 4974 629 5026 g
653 4957 760 5011 col.
795 4955 898 5038 64.7
929 4955 1088 5038 hujus
1126 4954 1447 5038 editionis.“
1516 5025 1547 5038 ,Α
1592 5025 1627 5038 Α.

100 5026 180 5100 (a)
212 5026 275 5082 In
307 5029 578 5109 nonnullis
602 5025 737 5084 mss.
760 5027 961 5109 ueritati
993 5044 1007 5080 :
1040 5041 1146 5109 non
1165 5026 1377 5109 “placet.
1406 5025 1628 5109 veritati

28 5096 118 5154 hie
147 5096 210 5153 ut
240 5114 387 5165 saepe
421 5101 553 5155 alias
577 5100 867 5170 opponitur
907 5099 1118 5168 species
1162 5096 1327 5152 futuri
1360 5115 1372 5151 :
1407 5105 1473 5170 nt
1501 5098 1628 5152 ordo

27 5171 267 5242 ueritatis
290 5170 429 5225 idem
459 5172 528 5226 sit
557 5169 702 5242 quod
729 5187 906 5228 rerum
931 5184 1060 5242 vere
1082 5179 1352 5242 gestarum
1381 5169 1534 5242 ordo.

105 5242 184 5313 (b)
220 5240 281 5313 In
313 5240 682 5312 vulgatis,'hic
711 5243 913 5298 omisso
953 5241 1118 5297 verbo
1154 5240 1489 5297 substantive
1529 5248 1623 5308 est,

29 5312 312 5396 nonsatis
340 5314 1033 5396 patethHilarii_sententia._
1143 5393 1151 5396 Δ
1191 5383 1226 5396 Α
1414 5383 1446 5396 η

108 5383 186 5456 (ε)
220 5382 282 5436 ιη
315 5382 446 5440 mss.
479 5385 657 5452 liom.,
693 5385 892 5452 Vatic.,
920 5384 1074 5440 Colb.
1105 5393 1159 5440 et
1188 5383 1351 5439 Carn.
1380 5383 1518 5456 alius
1544 5392 1628 5439 est

25 5455 482 5540 subsequentium
511 5459 815 5540 verborum.
833 5457 987 5540 ordo,
1019 5464 1166 5540 pn't‘a,
1192 5457 1432 5526 dicitque,
1457 5455 1627 5540 Nemo

29 5536 200 5608 potest
229 5527 482 5610 dimittere
512 5539 736 5610 peccata,
765 5530 1036 5610 nisiusolus
1077 5526 1262 5610 Dequ
1283 5544 1400 5610 ergo
1427 5529 1516 5610 qui
1543 5543 1626 5610 re-

29 5594 197 5663 misit,
234 5594 375 5652 Deus
409 5594 522 5680 est."
545 5601 698 5680 facile
721 5594 828 5680 esse
849 5597 1028 5680 (Colb.
1055 5601 1150 5680 est)
1175 5599 1287 5680 ﬁlio
1321 5594 1630 5680 hominisju

31 5681 174 5723 terra
217 5681 427 5736 peccata
461 5668 730 5727 dimittere.
765 5670 990 5724 Verbum
1028 5671 1164 5725 enim
1192 5668 1287 5725 Dei
1331 5671 1385 5724 in
1427 5669 1632 5723 homine

27 5756 257 5796 manens
271 5779 286 5802 .
316 5753 420 5797 etc.

106 5812 192 5886 (ά)
228 5813 383 5883 Apud
414 5815 542 5873 Bad.
577 5825 722 5871 esset.
757 5814 1012 5872 Erasmus
1051 5814 1247 5872 deinde
1273 5811 1496 5873 verbum
1529 5828 1636 5869 esse

1729 4698 1897 4755 dicit?
1926 4701 2094 4757 Erant
2123 4717 2254 4774 ergo
2283 4705 2480 4775 quibus
2523 4719 2748 4762 necesse
2788 4721 2896 4764 non
2927 4717 3046 4766 erat
3088 4719 3148 4766 ut
3185 4711 3340 4768 veni-

1733 4891 1854 4954 post
1894 4893 2061 4954 posset
2100 4884 2402 4947 transtulit,
2440 4882 2652 4940 detorta
2696 4887 2940 4944 nonnihil
2979 4887 3169 4944 Hilarii
3204 4892 3334 4946 seu--~

1730 4956 1919 5022 tentia,
1946 4971 2050 5027 qua
2080 4958 2251 5012 vulta
2293 4955 2514 5010 Christo
2543 4954 2808 5013 declarari
2835 5002 2850 5026 ,
2881 4976 3007 5015 eum
3051 4961 3234 5028 ipsum
3279 4963 3334 5019 in

1729 5043 1790 5083 se
1820 5028 1931 5097 jam
1963 5029 2112 5084 cerni
2151 5038 2520 5099 corporatura,
2563 5029 2649 5084 cui
2691 5033 2948 5089 convenit
2989 5037 3208 5108 peccati
3250 5033 3335 5088 di-

1733 5101 1972 5156 mittere.

1807 5194 1877 5278 (e)
1924 5194 2213 5279 P_ar._cun_t
2253 5208 2358 5278 ms.
2402 5193 2564 5279 Colb.
2596 5196 2824 5254 adtexta.
2871 5193 3211 5279 Concinnius
3244 5196 3337 5254 alii

1731 5265 2142 5350 liltri,_adjecta_,_
2153 5267 2410 5350 nimirum
2438 5278 2636 5350 praeter
2657 5267 3332 5350 prmsentliumlveritatem.

1734 5336 1939 5393 Deinde
1965 5336 2030 5394 'in
2075 5338 2196 5393 aliis
2237 5340 2398 5422 etiam
2430 5339 2575 5422 .edit.
2624 5336 2746 5410 post
2789 5340 2951 5422 verba
2988 5339 3244 5422 dictorum
3287 5350 3337 5396 et

1733 5412 2295 5492 factot'unt_punctutn_
2320 5410 2783 5492 ﬁgebaturjncum
2816 5427 2869 5464 ιι.
2902 5412 2970 5476 ti,
3007 5410 3170 5492 intqu
3208 5425 3336 5492 spe-

1734 5482 1873 5536 ciem
1904 5483 1958 5535 in
1985 5482 2145 5536 dictis
2176 5481 2380 5551 expleri
2410 5482 2549 5538 dicat
2582 5481 2845 5547 Hilarius,
2877 5497 2984 5536 non
3015 5481 3067 5536 in
3097 5481 3277 5537 factis.

1808 5571 1877 5647 (ί)
1902 5572 1957 5628 In
1991 5573 2381 5655 vulgatis,_ltac
2411 5576 2513 5628 via.
2549 5573 2716 5655 δεθείς
2741 5572 2918 5655 Ρ¹³ίὶθί
2954 5582 3337 5655 ευω.ί1¹¹²ει¹⁰τ

1738 5643 1869 5700 mss.
1900 5662 1960 5699 ac
1991 5643 2104 5714 via,
2134 5646 2368 5702 maxime
2407 5660 2528 5700 cum
2566 5644 2634 5699 de
2664 5643 2978 5702 reversione
3021 5643 3092 5701 ad
3130 5645 3336 5703 ctelutn

1738 5731 1866 5774 mox
1895 5731 2076 5774 sermo
2103 5719 2198 5775 sit.

1812 5807 1893 5882 (θ)
1924 5809 2142 5883 Aliquot
2173 5827 2303 5870 mss.
2331 5825 2453 5869 cum
2481 5807 2735 5881 vulgatis,
2762 5809 2936 5869 malle.
