4046 6340
553 233 662 306 M3
1747 229 1986 298 SANGTI
2023 231 2280 302 uiuum
2327 233 2630 304 EPISOON
3755 235 3849 302 ιιι

559 352 678 409 ret?
708 351 813 410 Sed
846 364 1004 408 nemo
1035 348 1209 423 justus
1236 365 1304 408 ex
1334 349 1454 421 lege
1479 356 1583 406 est.
1611 347 1858 410 Ostendit
1882 364 2011 422 ergo
2041 349 2150 403 ina-
2180 356 2228 424 Α
2331 359 2384 416 5,
2457 358 2712 429 prima,”
2761 353 2887 429 μία
2927 353 3086 414 etiam
3135 354 3446 426 ams,
3493 350 3624 425 ιρςῑε
3683 359 3847 422 typus.

564 460 688 500 nem
726 444 944 513 justitiae
974 457 1095 497 esse
1130 443 1440 511 jactantiam
1477 460 1487 496 :
1519 443 1642 513 quia
1691 439 1969 498 sacrificiis
2005 439 2157 495 infir-

562 539 740 595 mibus
769 537 834 592 ad
863 537 1112 604 salutem,
1138 537 1503 594 misericordia
1528 545 1645 594 erat
1668 536 1935 592 universis
1962 535 2015 590 in
2040 535 2160 607 lege

563 632 750 705 positis
795 632 1120 688 neceSSaria.
1163 628 1295 684 Nam
1339 633 1382 684 si
1421 629 1627 702 justitia
1673 629 1865 688 fuisset
1905 644 1970 686 ex
2014 627 2156 698 lege,

559 726 712 780 venia
743 741 839 796 per
860 726 1084 796 gratiam
1113 724 1416 779 necessaria
1449 739 1557 779 non
1589 722 1802 783 fuisset.

630 818 683 872 5.
720 817 957 873 Christus
986 834 1230 888 sponsus.
1255 815 1410 870 Cibus
1441 818 1574 882 tritae,
1607 831 1706 885 quo
1740 824 1988 886 prasente
2013 827 2160 867 nemo

557 913 736 966 esurit.
769 941 842 952 --
875 910 1020 965 Tunc
1060 919 1381 965 accesserunt
1420 911 1488 963 ad
1514 925 1630 964 eum
1669 907 1890 963 Joannis
1921 904 2164 976 discipuli

559 1004 802 1071 dicentes,
839 1005 1008 1073 Quare
1035 1020 1128 1059 nos
1154 1014 1201 1059 et
1226 1003 1483 1059 Plurimi
1515 1005 1818 1077 jejunamus
1853 1005 2162 1072 frequenter,

560 1097 804 1166 discipuli
843 1105 1011 1149 autem
1053 1096 1126 1149 tui
1161 1112 1263 1150 non
1295 1098 1538 1168 jejunant
1563 1093 1729 1167 (Ibid.
1769 1091 1894 1164 ιω
1929 1090 2163 1162 Jejuna-

564 1189 697 1246 bant
727 1189 986 1243 Pharisaai
1019 1198 1075 1244 et
1112 1188 1354 1258 discipuli
1385 1186 1629 1253 Joannis,
1674 1195 1731 1242 et
1771 1183 2018 1256 Apostoli
2055 1198 2166 1240 non

562 1283 901 1356 jejunabant.
929 1284 1036 1340 Sed
1063 1283 1177 1338 istis
1201 1283 1517 1354 Spit-italiter
1538 1282 1854 1354 respondet,
1876 1294 2168 1352 sponsaru-

565 1394 670 1450 que
700 1394 758 1434 se
782 1377 1006 1434 Joannis
1049 1378 1331 1447 discipulis
1361 1379 1619 1434 ostendit.
1646 1375 1883 1434 Joannes
1908 1376 2051 1432 enim
2081 1389 2168 1430 re-

569 1475 796 1544 positam
828 1473 880 1528 in
907 1471 1125 1528 Christo
1153 1488 1369 1530 onmem
1400 1471 1521 1527 vitae
1563 1486 1713 1542 spem
1759 1468 2077 1542 spopondit;
2115 1476 2170 1524 et

568 1565 735 1636 recipi
761 1579 789 1618 a
821 1563 1046 1620 Domino
1072 1563 1324 1634 discipuli
1356 1562 1476 1632 ejus
1515 1563 1691 1618 adhuc
1742 1577 1808 1618 eo
1845 1561 2170 1632 praedicante

571 1675 678 1715 non
709 1669 976 1732 poterant.
1013 1657 1193 1729 Usque
1235 1657 1289 1714 in
1331 1673 1454 1714 eum
1486 1658 1633 1714 enim
1670 1658 1756 1713 lex
1789 1665 1845 1712 et
1890 1655 2170 1726 propheta:

2259 481 2332 494 -—
2367 449 2494 506 Haec
2523 451 2614 506 illo
2641 452 2910 516 loquente.
2941 465 3058 504 ecce
3093 449 3333 519 princeps
3374 461 3510 500 unus
3533 445 3745 499 accessit
3768 486 3781 508 ,
3809 453 3851 496 et

2261 536 2511 594 adorabat
2558 552 2674 592 eum
2694 575 2711 603 ,
2760 535 2956 600 dicens,
3020 532 3274 594 Domine,
3306 532 3418 603 ﬁlia
3437 547 3554 586 nica
3593 529 3748 585 modo
3771 529 3854 584 de-

2262 631 2443 702 functa
2497 639 2597 697 est,
2654 628 2768 684 veni
2820 638 2868 684 et
2914 643 3048 698 pone
3097 641 3310 680 uanum
3353 640 3510 696 super
3553 639 3706 688 an,
3753 629 3849 677 etc.

2266 723 2370 796 (Ib.
2409 722 2517 796 l8).
2566 724 2761 780 Preces
2799 721 3087 792 principis,
3133 719 3269 778 ﬁdes
3296 717 3570 783 mulieris,
3595 714 3772 771 turba:
3801 715 3852 772 in

2265 817 2428 875 domo
2467 825 2795 879 conventus,
2843 825 2900 872 et
2935 827 3204 868 caecorum
3241 810 3408 868 duum
3433 808 3680 875 clamor,
3731 807 3855 864 muti

2265 920 2322 970 et
2347 913 2493 970 surdi
2524 921 2580 968 et
2607 909 2925 966 daemoniaci
2950 907 3172 973 oblatio,
3205 921 3272 962 ex
3295 903 3676 974 superioribus
3707 901 3855 956 dictis

2265 1017 2526 1062 coanexa:
2551 1001 2652 1056 sibi
2683 999 3053 1070 intelligentiae
3090 1005 3278 1054 tenent
3303 995 3574 1052 ordinem.
3611 991 3856 1062 Princeps

2265 1096 2373 1162 hic,
2399 1097 2483 1152 lex
2517 1110 2639 1152 esse
2667 1093 3009 1163 intelligitur;
3041 1107 3162 1163 qua:
3198 1091 3486 1148 Dominum
3507 1087 3582 1158 (ε)
3623 1096 3746 1144 orat
3771 1102 3858 1156 pro

2270 1190 2456 1262 plebe,
2485 1204 2646 1262 quam
2698 1188 2811 1258 ipsa
2853 1184 3072 1242 Christo
3119 1184 3408 1256 praedicata
3447 1183 3720 1238 adventus
3753 1181 3862 1250 ejus

2269 1283 2676 1354 exspectatione
2719 1280 3046 1346 nutriverat,
3079 1287 3138 1334 ut
3181 1277 3346 1334 vitam
3378 1283 3611 1332 mortua:
3663 1273 3862 1330 reddat.

2270 1379 2402 1438 Nam
2447 1377 2650 1434 nullum
2681 1375 2976 1447 principem
3021 1372 3318 1428 credidisse
3349 1369 3578 1440 legimus
3609 1385 3626 1422 :
3667 1383 3738 1426 ex
3765 1383 3866 1438 quo

2271 1488 2499 1544 persona
2541 1469 2796 1541 principis
2833 1467 2992 1539 hujus
3017 1466 3227 1523 orantis
3255 1464 3451 1520 merito
3495 1463 3549 1518 in
3581 1471 3768 1531 typum
3801 1462 3870 1516 le-

2272 1569 2352 1640 gis
2373 1567 2664 1637 aptabitur.
2693 1563 2789 1618 Cui
2819 1562 3035 1634 quidem
3073 1559 3332 1618 Dominus
3359 1573 3526 1628 opem
3549 1556 3866 1628 spopondit,

2270 1661 2338 1717 ad
2366 1675 2526 1732 quam
2559 1656 2915 1730 praestandam
2949 1655 3221 1726 profectus
3249 1660 3353 1710 est.

570 1762 722 1817 sunt;
746 1760 822 1818 et,
850 1751 951 1806 nisi
981 1752 1097 1823 lege
1123 1751 1290 1816 finita,
1316 1750 1368 1804 in
1399 1749 1557 1806 fidem
1579 1749 1948 1819 evangelicum
1977 1759 2166 1802 eorum

2343 1753 2395 1809 6.
2456 1752 2689 1810 Salutem
2725 1749 2925 1806 Iudicis
2963 1757 3198 1819 paratam
3237 1755 3411 1820 gentes
3453 1746 3776 1816 prmipiamt.
3803 1773 3870 1785 ~—

570 1862 732 1902 nemo
761 1844 1104 1901 concederet.
1138 1843 1291 1911 Quod
1331 1859 1458 1899 vero
1502 1851 1765 1914 przesente
1804 1856 2010 1911 sponso
2032 1839 2172 1912 jeju-

573 1937 735 1994 nandi
793 1939 1173 1994 necessitatem
1231 1935 1511 2006 discipulis
1557 1950 1662 1990 non
1718 1949 1839 1990 esse
1883 1931 2176 2005 respondet

570 2029 622 2101 (l
633 2031 736 2082 bid.
772 2030 889 2100 l5);
924 2030 1225 2098 praesentizc
1253 2043 1364 2082 sum
1390 2027 1666 2098 gaudium,
1691 2039 1745 2082 et
1772 2032 2170 2082 sacramentum

572 2123 744 2180 sancti
776 2123 881 2176 eihi
908 2122 1123 2186 edocet,
1153 2137 1261 2192 quo
1291 2138 1450 2178 nemo
1479 2137 1543 2179 se
1585 2130 1870 2192 praesente,
1905 2119 1958 2176 id
1989 2130 2094 2186 est,
2120 2119 2174 2176 in

579 2226 871 2286 conspectu
900 2215 1094 2272 mentis
1132 2215 1406 2272 Christum
1444 2215 1753 2283 continens,
1785 2213 1864 2286 (α)
1897 2213 2172 2284 indigebit.

574 2308 771 2362 Ablato
800 2315 977 2361 autem
1009 2323 1066 2360 se
1091 2307 1426 2378 jejunaturos
1453 2323 1574 2362 esse
1612 2307 1747 2362 dicit
1774 2325 1787 2360 :
1823 2309 1946 2377 quia
1984 2321 2174 2362 omnes

574 2416 680 2454 non
699 2398 982 2453 credentes
1007 2399 1372 2456 resurrexisse
1393 2398 1688 2461 Christum,
1705 2397 1939 2454 habituri
1959 2413 2065 2452 non
2088 2412 2178 2453 es-

571 2501 694 2547 sent
713 2491 892 2546 cibum
917 2491 1058 2546 vitre.
1083 2488 1160 2563 (b)
1187 2490 1242 2544 In
1270 2491 1375 2546 fide
1397 2492 1539 2546 enim
1567 2488 1979 2548 resurrectiOnis
1997 2503 2182 2544 sacra-

575 2595 813 2640 mentum
859 2586 1012 2656 panis
1056 2585 1298 2640 ctelestis
1333 2583 1594 2652 accipitur
1629 2604 1641 2640 :
1674 2595 1729 2640 et
1767 2583 2014 2656 quisquis
2057 2584 2178 2642 sine

573 2677 790 2732 Christo
817 2690 922 2743 eSt,
949 2677 1022 2749 (c)
1055 2679 1106 2733 i'n
1140 2678 1261 2732 vita:
1290 2677 1394 2734 cibi
1416 2678 1624 2748 jejunio
1657 2677 2018 2750 relinquetur.

644 2767 874 2844 7084.
909 2767 955 2822 Η
964 2786 1060 2824 unc
1086 2770 1251 2824 cibum
1279 2787 1379 2824 non
1401 2771 1617 2841 percipit
1643 2780 1783 2828 vetus
1810 2771 1981 2826 homo.
2015 2797 2084 2814 -ο
2114 2769 2185 2826 Ut

578 2877 757 2918 autem
786 2863 1168 2936 intelligerent,
1186 2880 1288 2918 non
1311 2879 1469 2933 posse
1495 2865 1595 2920 sibi
1628 2865 1682 2920 in
1707 2864 1983 2922 veteribus
1993 2864 2184 2934 positis

573 2953 810 3026 perfecta
841 2955 958 3010 hare
985 2955 1175 3010 salutis
1200 2965 1544 3012 sacramenta
1573 2958 1862 3024 committi,
1897 2972 2183 3028 compara-

577 3046 739 3102 tionis
783 3049 962 3118 posuit
985 3048 1314 3120 exemplum.
1349 3048 1593 3103 Pannum
1635 3050 1820 3106 rudem
1855 3052 2182 3106 vestimento

2277 1845 2384 1904 Sed
2413 1846 2561 1917 prior
2583 1861 2706 1902 cum
2736 1842 2999 1914 apostolis
3029 1847 3377 1911 peccatorum
3415 1838 3570 1894 turba
3607 1837 3861 1894 salvator.

2277 1940 2347 1996 Et
2375 1954 2495 1994 cum
2526 1938 2757 2007 primum
2783 1934 3103 1992 electimiem
3125 1973 3140 1996 ,
3171 1947 3294 2003 quae
3317 1947 3384 1988 ex
3415 1931 3539 2002 lege
3561 1928 3863 1986 destinata-

2278 2039 2387 2099 tur,
2421 2032 2601 2087 vivere
2639 2029 2969 2099 oportuisset
2999 2043 3013 2080 :
3055 2024 3293 2081 anterior
3323 2033 3508 2080 tamen
3547 2022 3603 2078 in
3633 2020 3872 2077 mulieris

2279 2125 2463 2197 specie
2515 2124 2660 2180 salus
2709 2120 3014 2194 publicanis
3070 2128 3124 2174 et
3183 2117 3560 2188 peccatoribus
3613 2113 3872 2171 redditur.

2281 2221 2409 2276 Haec
2436 2222 2615 2290 itaque
2643 2217 2706 2274 ad
2749 2217 2961 2286 Domini
2992 2213 3368 2288 prmereuntis
3394 2225 3692 2268 occursum
3737 2217 3878 2264 tacta

2280 2313 2449 2370 vestis
2480 2310 2690 2368 Domini
2720 2324 2904 2366 sanam
2931 2322 2992 2364 se
3019 2307 3087 2362 de
3118 2303 3391 2377 proﬂuvio
3427 2303 3716 2373 sanguinis
3745 2301 3880 2357 futu-

2279 2422 2396 2466 ram
2422 2420 2544 2461 esse
2572 2402 2796 2460 confidit
2823 2421 2836 2456 :
2874 2400 3126 2458 sordibus
3149 2398 3359 2454 scilicet
3397 2397 3607 2468 polluta
3637 2396 3876 2467 corporis

2281 2498 2475 2565 sui,et
2522 2497 2796 2554 interioris
2843 2494 2959 2550 vitii
3007 2489 3361 2548 immunditiis
3401 2490 3713 2555 disabluta,
3767 2488 3880 2544 lim-

2279 2595 2456 2652 briam
2479 2593 2647 2650 vestis
2677 2606 2772 2662 per
2803 2589 2963 2650 ﬁdem
2993 2587 3213 2644 festinat
3240 2585 3544 2654 attingere,
3571 2583 3780 2640 donum
3803 2585 3875 2636 vi-

2283 2689 2482 2746 deliret
2509 2685 2576 2760 (ί)
2601 2684 2833 2756 Spiritus
2871 2682 3043 2738 sancti
3067 2722 3082 2746 ,
3108 2680 3177 2736 de
3213 2677 3417 2735 Christi
3459 2692 3702 2747 corpore
3725 2677 3875 2732 modo

2284 2781 2512 2838 fimbriae
2538 2780 2785 2838 exeuntis
2803 2821 2820 2844 ,
2857 2792 2983 2833 cum
3013 2773 3278 2845 apostolis
3299 2780 3632 2830 couversata
3669 2770 3876 2825 coruin-

2279 2893 2444 2949 gere;
2479 2878 2642 2948 [itque
2689 2890 2814 2930 mox
2863 2887 2992 2927 sana
3032 2868 3195 2942 (Ibid.
3225 2867 3342 2939 ξιξ).
3395 2865 3471 2922 Ita
3509 2864 3677 2921 alteri
3705 2865 3872 2926 salus,

2281 2972 2410 3027 dum
2440 2970 2530 3026 alii
2558 2967 2833 3033 defertur,
2865 2975 2948 3022 est
2993 2961 3222 3020 reddita.
3261 2958 3429 3028 Cujus
3457 2957 3626 3014 “om
3655 2964 3716 3012 et
3760 2972 3877 3011 csu-

2285 3067 2537 3120 stantiam
2593 3062 2850 3118 Dominus
2890 3073 3019 3114 mox
3060 3055 3298 3113 laudavit
3329 3072 3341 3107 :
3370 3054 3496 3125 quia
3521 3052 3676 3124 quod
3703 3052 3876 3109 ΠηλεΙὶ

575 3142 745 3197 veteri
776 3155 880 3197 non
924 3142 1109 3210 adsui,
1159 3143 1285 3214 quia
1332 3146 1614 3199 vetustatis
1654 3144 2022 3202 infirmitatem
2069 3144 2178 3202 vir-
2201 3139 2247 3204 C
2283 3161 2590 3232 parabatur,
2625 3156 2773 3224 plebs
2801 3152 3040 3226 gentium
3071 3146 3374 3220 occupavit.

581 3247 668 3293 tus
704 3235 782 3311 (ά)
814 3238 1118 3294 adsumenti
1151 3239 1300 3293 rudis
1329 3240 1592 3294 dissolvat
1623 3257 1636 3293 :
1678 3249 1733 3294 et
1759 3239 1941 3296 vinum
1980 3254 2177 3296 novum

576 3331 850 3388 veteribus
890 3333 1099 3392 utribus
1130 3348 1236 3387 non
1268 3332 1511 3400 infundi;
1548 3332 1804 3389 ferventis
1844 3336 1985 3388 enim
2016 3335 2178 3388 musti

571 3427 722 3483 calor
754 3440 901 3484 utres
926 3436 1136 3484 veteres
1166 3429 1441 3500 abrumpit
1470 3426 1637 3501 (Ibid.
1675 3427 1740 3484 16
1772 3438 1815 3484 et
1848 3429 1940 3498 l7)
1975 3445 1987 3480 :
2017 3425 2174 3484 infir-

581 3536 700 3576 mas
745 3520 1003 3576 videlicet
1049 3531 1319 3576 vetustate
1375 3528 1718 3592 peccatorum
1773 3529 1828 3576 et
1876 3521 2084 3576 animas
2124 3527 2179 3576 et

498 3621 502 3625 ‘
577 3627 830 3684 corpora,
870 3626 1021 3665 nova:
1053 3614 1242 3681 gratia:
1277 3620 1614 3667 sacramenta
1662 3626 1768 3667 non
1799 3627 2016 3681 capere.
2053 3611 2172 3668 Fiet

579 3705 722 3760 enim
769 3705 1008 3759 scissura
1055 3704 1240 3774 pejor,
1284 3702 1562 3775 effusoque
1612 3705 1736 3760 vino
1785 3712 1932 3760 utres
1965 3713 2175 3761 veteres

575 3796 853 3868 peribunt.
883 3795 1093 3866 Duplex
1122 3797 1266 3852 enim
1296 3797 1484 3851 talium
1512 3798 1614 3852 erit
1661 3807 1873 3866 reatus,
1903 3799 1947 3853 si
1979 3810 2176 3869 praeter

579 3901 900 3948 vetustatem
936 3904 1280 3963 peccatorum
1325 3907 1542 3947 suorum
1575 3892 1827 3948 virtutem
1871 3909 2022 3950 ηονερ
2048 3909 2174 3964 gra-

578 3985 667 4043 tiae
698 4003 804 4046 non
848 3987 1194 4043 sustinebunt
1235 4005 1248 4041 :
1301 3995 1464 4059 atque
1508 3988 1628 4046 ideo
1673 3998 1727 4044 et
1774 3988 2077 4048 Pharisreos
2123 3999 2180 4046 et

575 4079 870 4154 discipulos
907 4079 1128 4138 Joannis
1170 4096 1306 4138 nova
1355 4096 1460 4137 non
1507 4092 1827 4156 accepturos
1866 4099 2027 4150 esse,
2074 4083 2180 4142 nisi

576 4179 702 4234 novi
735 4176 948 4232 tierent.

649 4343 728 4412 (a)
753 4339 860 4413 sex
883 4353 1017 4413 mss.
1045 4336 1307 4409 indigebat
1332 4355 1346 4392 :
1373 4337 1518 4413 quod
1545 4353 1652 4413 non
1683 4338 1875 4408 placet.
1907 4339 2034 4396 "(eo
2053 4343 2174 4413 qui-

573 4409 717 4468 dem
749 4412 886 4467 nihil
922 4409 1170 4483 videntur
1212 4409 1408 4483 sonare
1451 4412 1619 4477 aliud,
1659 4413 1784 4477 nisi,
1829 4427 1937 4483 quo
1983 4409 2172 4470 sancto

580 4485 703 4544 cibo
735 4500 894 4538 nemo
924 4482 1184 4553 indigebit
1217 4482 1433 4538 ChriSto
1465 4496 1731 4552 praesente
1761 4501 1777 4537 ς
1809 4483 1904 4539 sed
1938 4500 2006 4540 ex
2040 4488 2170 4541 sub-

582 4558 738 4612 nesis
778 4556 946 4623 liquet
987 4569 1046 4608 ea
1091 4555 1266 4622 potius
1303 4556 1372 4608 ita
1412 4553 1759 4625 intelligenda
1793 4573 1806 4608 :
1836 4571 1943 4621 quo
1983 4568 2174 4614 sancto

580 4625 1214 4704 cibo(Ilii-isiuseftleitur
1239 4639 1502 4695 praesens,
1527 4642 1700 4698 eoque
1723 4638 1992 4704 praesente
2013 4644 2175 4686 nemo

573 4699 693 4753 alio
719 4698 840 4768 cibo
871 4696 1148 4768 indigebit.

663 4770 735 4841 (b)
767 4766 902 4822 Tres
931 4766 1058 4841 mss.
1090 4769 1144 4841 in
1173 4769 1347 4837 ﬁdem.
1385 4767 1781 4824 Encharistiam
1810 4771 2104 4839 accipimus
2128 4773 2180 4827 in

592 4842 699 4898 fide
719 4840 1159 4907 resurrectionis,
1192 4841 1319 4894 dum
1361 4842 1478 4912 ejus
1517 4844 1865 4910 perceptione
1903 4845 2181 4899 credimus

590 4929 692 4972 nos
721 4927 914 4984 panem
946 4913 1148 4984 vivum,
1172 4921 1226 4984 et
1260 4912 1388 4978 vivi,
1418 4931 1522 4968 non
1555 4914 1774 4976 mortui,
1811 4912 2013 4970 Christi
2056 4932 2181 4970 eor-

592 5000 690 5060 pus
716 4983 983 5060 accipere.
1018 4983 1413 5060 Accipimuset
1445 4986 1497 5040 in
1537 4985 1695 5060 fidem
1738 4988 2180 5060 resurrectionis,

589 5054 716 5112 dum
744 5071 850 5110 non
874 5054 1048 5108 solum
1077 5067 1269 5122 panem
1303 5057 1502 5116 vivum,
1535 5055 1630 5110 sed
1658 5065 1712 5110 et
1743 5057 2106 5114 vivificantem
2131 5060 2184 5114 in

591 5145 654 5185 ea
684 5127 947 5182 contineri
979 5126 1315 5198 profitemur,
1341 5127 1392 5198 in
1420 5143 1523 5198 qua
1549 5127 1968 5184 immortalitatis
1994 5143 2182 5185 semen

591 5200 752 5256 nobis
786 5196 1030 5269 prtestari
1058 5196 1300 5269 nontmlli
1341 5196 1530 5252 Patres
1567 5215 1672 5254 non
1708 5199 1980 5255 immerito
2014 5202 2184 5258 tradi-

593 5268 808 5328 derunt.
847 5268 1539 5343 Unde(Athanasiusepisj.
1573 5271 1627 5334 ι,
1658 5270 1724 5326 ad
1760 5272 1950 5342 Serap.
1981 5283 2020 5326 t.
2055 5289 2093 5337 ι,
2130 5289 2180 5343 p.

593 5344 720 5416 379,
749 5342 1080 5416 edit._Paris.
1119 5356 1208 5394 an.
1250 5339 1412 5402 i627,
1441 5341 1716 5416 Christum
1757 5344 1836 5398 sic
1875 5339 2183 5416 loquentem

593 5415 840 5472 inducit:
873 5410 1071 5486 Corpus
1095 5427 1284 5486 meum,
1319 5412 1454 5478 quod
1497 5414 1780 5486 ostenditur
1816 5425 1862 5470 et
1901 5410 2054 5471 datur
2093 5432 2186 5486 pro

594 5486 809 5548 mundo,
833 5486 887 5538 in
923 5485 1091 5538 cibum
1117 5485 1343 5558 dabitur,
1375 5494 1428 5536 ut
1455 5485 1753 5554 spiritaliter
1794 5488 2065 5558 unicuique
2088 5485 2186 5542 tri-

595 5561 805 5630 buatur,
829 5565 877 5610 et
915 5557 1252 5630 ﬁatrsiugulis
1283 5565 1505 5609 tutamen
1541 5557 2063 5630 praeseraatioque’ad
2103 5576 2186 5613 re-

591 5629 960 5686 surrectionem
985 5629 1101 5682 vita:
1118 5638 1342 5683 (eterna.

669 5699 742 5773 (c)
771 5699 1012 5774 Latinius
1034 5716 1065 5755 e
1084 5715 1201 5774 ms.
1227 5699 1396 5755 Vatic.
1425 5703 1480 5753 in
1509 5700 1624 5774 uita:
1652 5699 1763 5753 cibo
1781 5703 2015 5774 jejunus,
2040 5703 2191 5759 ιιιιαη

600 5773 665 5828 rii
682 5771 934 5827 mentem
963 5771 1163 5830 clarius
1190 5771 1262 5830 ita
1283 5771 1668 5846 expressisset,
1692 5789 1726 5826 α
1749 5771 1860 5830 cibo
1897 5775 2013 5832 vitae
2039 5779 2188 5850 jeju-

2273 3321 2276 3324 ,
2355 3254 2408 3309 7.
2469 3251 2647 3306 Virtus
2669 3248 2858 3304 Christi
2887 3246 3111 3316 inﬁnita.
3134 3273 3206 3288 --
3235 3242 3332 3298 Est
3355 3247 3541 3296 autem
3571 3239 3628 3294 iu

2277 3344 2665 3416 intelligentia,
2710 3347 2903 3411 magna
2932 3337 3148 3393 virtutis
3191 3333 3486 3391 dominica:
3531 3329 3877 3387 admiratio:

2281 3455 2403 3495 cum
2433 3446 2671 3508 potestas
2694 3435 2830 3489 intra
2857 3445 3056 3502 corpus
3079 3442 3302 3484 manens
3327 3426 3489 3482 rebus
3508 3424 3737 3480 caducis
3765 3420 3881 3478 dﬁ-

2281 3533 2531 3590 eientiam
2560 3529 2723 3603 Ὶω
2745 3526 2969 3584 adderet
2997 3523 3266 3588 sanitatis,
3294 3531 3347 3576 et
3377 3535 3550 3589 usque
3576 3519 3634 3572 in
3662 3517 3882 3573 vestium

2281 3626 2524 3682 ﬁmbrias
2549 3623 2792 3694 operatio
2810 3619 2992 3676 divina
3008 3617 3341 3690 procederet.
3353 3614 3472 3669 Non
3486 3613 3638 3670 enim
3647 3611 3890 3668 ὁὶ.νίιίδί-

2283 3719 2352 3774 iis
2370 3727 2426 3772 et
2440 3712 2944 3786 comprehensibilis
2959 3721 3076 3766 erat
3095 3711 3255 3772 Deus,
3277 3717 3334 3763 ut
3347 3721 3586 3777 corpore
3605 3705 3887 3762 claudae-

2285 3821 2392 3866 tur.
2417 3809 2540 3879 Ipse
2565 3809 2709 3864 enim
2738 3806 2878 3863 dona
2924 3805 2975 3859 in
3005 3804 3206 3875 Spiritu
3231 3801 3458 3866 dividit;
3489 3808 3754 3858 caeterum
3779 3814 3888 3855 non

2285 3904 2545 3961 dividitur
2569 3903 2620 3957 in
2644 3901 2822 3958 donis.
2841 3898 3104 3955 Virtutem
3133 3907 3315 3952 autem
3339 3894 3458 3965 ejus
3485 3894 3630 3950 ﬁdes
3649 3893 3890 3950 ubiun-

2287 4012 2392 4068 que
2414 3993 2764 4064 consequitur
2788 4008 2801 4044 :
2829 3991 2954 4062 quia
2985 3989 3186 4060 ubique
3206 3995 3310 4055 est,
3339 3993 3400 4046 et
3419 4001 3696 4056 nusquam
3721 3986 3889 4041 abest.

2290 4093 2358 4148 Et
2382 4090 2681 4160 assumptio
2699 4086 2948 4158 corporis
2976 4099 3082 4141 non
3107 4089 3348 4140 naturam
3385 4080 3614 4140 Vir-tutis
3655 4081 3888 4144 inclusit.

2291 4187 2386 4246 sed
2411 4186 2479 4242 ad
2502 4183 2932 4255 redemptionem
2958 4177 3038 4254 (g)
3067 4195 3246 4244 suam,
3277 4177 3627 4249 fragilitatem
3647 4177 3892 4247 corporis

2279 4367 2374 4407 nus
2411 4368 2424 4405 :
2456 4350 2559 4405 hoc
2580 4349 2723 4403 enim
2754 4354 2870 4414 est,
2897 4345 3214 4416 relinquetur
3242 4343 3296 4396 in
3317 4343 3532 4416 jejunio
3554 4342 3659 4397 cibi
3685 4341 3824 4396 nitor.

2352 4422 2429 4495 (ἀ)
2457 4421 2549 4477 Sic
2581 4419 2866 4495 Bad.,__Er.
2901 4424 2962 4495 et_
2988 4413 3150 4495 Lips.
3174 4413 3474 4495 faventibus
3507 4413 3636 4467 Par.
3680 4421 3742 4495 _ct
3770 4427 3891 4495 qua-

2275 4484 2556 4549 tuor'mss.
2585 4493 2639 4546 in
2667 4491 2865 4561 quibus
2895 4489 3172 4555 adsumpti.
3209 4488 3264 4542 lu
3285 4485 3407 4540 aliis
3433 4500 3569 4539 mss.
3619 4484 3820 4538 adstiti.

2351 4584 2422 4658 (e)
2480 4585 2618 4640 Editi
2641 4627 2655 4650 ,
2686 4591 2800 4637 orat
2841 4581 3018 4658 plebs,
3048 4597 3198 4651 quam
3221 4581 3335 4649 ipsa
3373 4576 3566 4632 Christi
3597 4578 3895 4650 pradicant

2203 4665 2256 4726 Ι)
2280 4654 2550 4723 aduentus,
2581 4662 2686 4712 etc.
2723 4654 3081 4712 emendantur
3103 4669 3166 4706 ex
3189 4666 3323 4706 mss.

2363 4754 2430 4822 (ο
2457 4751 2686 4824 Spiritus
2705 4749 2868 4805 sancti
2895 4747 3156 4824 vocabulo
3188 4743 3898 4824 verbidivinitatemsigni:

2295 4814 2443 4880 ficari
2465 4867 2478 4884 .
2500 4814 2718 4893 liquido
2747 4831 2895 4894 patet
2919 4837 2985 4894 ex
3007 4817 3288 4894 subnexis.
3313 4816 3633 4894 Quidenim
3673 4817 3766 4870 hic
3797 4814 3894 4894 sibi

2293 4898 2405 4952 vult
2433 4886 2663 4964 Spiritus
2689 4886 2850 4950 sancti
2899 4891 3123 4964 domum
3153 4889 3302 4944 modo
3352 4886 3573 4964 [imbrice
3621 4888 3858 4964 exeuntis
3880 4927 3895 4948 ,

2295 4968 2398 5026 nisi
2425 4959 2567 5038 quod
2599 4964 2738 5038 infra
2766 4965 2992 5032 Operatio
3023 4963 3196 5038 diuina
3233 4975 3389 5026 usque
3403 4961 3466 5038 in
3518 4963 3746 5014 vestium
3777 4959 3896 5028 ﬁn:-

2291 5033 2456 5096 brias'
2478 5037 2759 5111 procedens
2779 5033 3123 5111 ,_seu_‘q_uod_
3145 5040 3366 5111 potestas
3395 5033 3531 5084 intra
3565 5046 3766 5111 corpus
3793 5046 3896 5111 an:

2294 5128 2417 5166 nens
2458 5098 2608 5166 r'ebus
2636 5098 2844 5162 caduCis
2891 5098 3210 5177 rﬂicientiant
3254 5102 3447 5158 addens
3477 5103 3748 5158 sanitatis.

2290 5200 2394 5238 non
2430 5183 2606 5236 minus
2649 5170 2989 5236 manifestum
3029 5189 3112 5232 est
3157 5174 3379 5230 Virtutis
3432 5189 3633 5230 nomen
3677 5189 3812 5228 mox
3833 5170 3896 5224 ad

2289 5254 2538 5310 eumdem
2559 5251 2912 5318 signiﬁcatum
2938 5246 3166 5304 assumi.
3198 5247 3455 5318 ltiviuitas
3484 5257 3667 5318 autem
3691 5243 3896 5318 Christi

2289 5327 2356 5382 de
2379 5315 2616 5394 corpore
2636 5324 2798 5385 exiit,
2828 5337 2948 5376 cum
2997 5337 3059 5376 se
3085 5336 3178 5390 per
3205 5335 3370 5394 opera
3402 5317 3584 5372 divina
3635 5315 3898 5372 manifes

2293 5399 2440 5454 lavit.
2467 5393 2577 5451 Nec
2603 5396 2872 5450 immerito
2895 5402 3224 5450 memoratur
3251 5393 3436 5448 exisse
3464 5431 3480 5457 ,
3509 5404 3634 5460 qua:
3661 5400 3897 5460 corpore

2294 5485 2398 5526 non
2429 5467 2801 5524 claudebatur.

2368 5559 2601 5634 (glillttd
2633 5575 2778 5634 suam
2801 5573 2907 5613 non
2939 5556 3004 5613 ad
3033 5557 3332 5634 virtutem,
3357 5553 3454 5634 sed
3477 5552 3544 5608 ad
3573 5565 3785 5634 corpus
3807 5566 3895 5632 Ife.

2297 5626 2501 5688 fertur:
2527 5631 2773 5696 corporis
2799 5638 2979 5686 autem
3002 5628 3264 5684 vocabulo
3287 5626 3564 5685 hominum
3593 5632 3794 5696 natura
3817 5627 3896 5696 in-

2299 5705 2577 5775 telligitur.
2602 5695 2713 5757 Hoc
2727 5700 2998 5775 igitursibi
3023 5700 3136 5775 vult
3164 5699 3438 5754 hominum
3466 5706 3722 5775 naturam
3745 5695 3896 5754 ἰιιεὶτο

2301 5769 2442 5832 main
2471 5774 2538 5832 ad
2561 5769 2768 5830 eorum'
2779 5772 3210 5843 redemptionem
3232 5769 3543 5842 assumpsit.
