3882 6332
26 269 132 333 965

996 264 1534 336 COMMENTARIUS
1574 271 1637 333 IN
1668 266 2105 340 ωΑττηΑευω.
2146 272 2303 339 CAP.
2343 273 2413 339 Χ.

3384 361 3402 376 θ

23 386 218 441 Virtus
241 385 539 457 assumpsit
567 402 585 448 ς
614 399 734 458 quas
760 391 869 444 tam
898 385 1104 445 inﬁnita
1124 430 1140 456 ,
1183 397 1291 444 tam
1320 389 1488 446 libera
1510 399 1624 454 est,
1657 394 1706 457 Α
1731 390 1989 449 oti‘ertur..
2012 391 2275 453 Omnibus
2310 392 2460 450 enim
2491 391 2727 465 undique
2757 393 2916 451 malis
2942 392 3332 461 circumsessa,

26 488 87 533 ut
108 481 275 535 etiam
308 479 384 554 (a)
413 482 465 536 in
502 479 727 538 ﬁmbriis
754 480 869 554 ejus
897 478 1146 538 humana:
1172 481 1362 538 salutis
1389 483 1635 555 operatio

23 572 431 630 contineretur.

101 666 157 723 8.
231 664 413 724 Judwi
489 671 911 727 resurrectionem
979 666 1168 728 rident.
1220 669 1385 726 Pauci
1447 688 1511 728 ex
1563 671 1636 729 eis

23 758 299 813 credituri.
368 790 429 801 --
485 757 791 833 ingreditur
841 760 1040 819 deinde
1109 762 1370 820 Dominus
1416 762 1636 819 domum

26 851 329 922 principis,
396 866 722 927 synagogam
802 853 1082 920 videlicet,
1128 856 1213 912 cui
1291 855 1344 914 iu
1410 854 1639 915 canticis

26 943 165 1016 legis
208 942 451 1019 hymnus
497 945 736 1002 luctuum
796 950 1114 1017 personabat
1167 947 1330 1020 (Ibid.
1384 949 1524 1020 25):
1585 954 1642 1007 et

25 1038 295 1094 irridetur
352 1055 385 1094 a
449 1041 715 1112 plurimis.
784 1039 1086 1114 Numquam
1134 1043 1277 1099 enim
1341 1041 1419 1097 illi
1471 1043 1639 1101 Deum

26 1132 86 1186 in
116 1131 342 1188 homine
386 1133 781 1203 crediderunt,
830 1134 957 1207 quin
1019 1134 1195 1204 potius
1242 1134 1519 1205 praedicari
1551 1149 1637 1191 re-

26 1225 430 1282 surrectionem
493 1242 561 1281 ex
619 1226 846 1282 mortuis
904 1227 1162 1284 riserunt.
1230 1225 1640 1298 Apprehensam

26 1317 201 1390 igitur
227 1318 459 1389 puellam
493 1334 653 1374 manu
675 1363 690 1387 ,
721 1320 874 1392 cujus
919 1321 1059 1392 apud
1087 1336 1147 1377 se
1176 1336 1322 1377 mors
1345 1331 1464 1379 erat
1491 1336 1641 1379 som-

27 1429 160 1480 nus,
198 1412 431 1469 retraxit
463 1413 529 1468 ad
571 1413 736 1468 vitam
786 1411 948 1487 (Ibid.
1000 1411 1117 1486 25).
1170 1412 1349 1486 Atque
1376 1423 1436 1470 ut
1486 1428 1643 1471 rarus

28 1505 166 1561 hinc
192 1521 318 1562 esse
344 1521 414 1561 ex
443 1505 562 1578 lege
595 1504 933 1562 credentium
961 1505 1251 1562 electionis
1276 1521 1535 1563 numerus
1565 1508 1647 1565 in-

33 1598 211 1670 telligi
258 1606 476 1669 posset,
519 1595 677 1653 turba
700 1598 880 1654 omnis
907 1598 1131 1669 expulsa
1159 1606 1244 1654 est
1278 1615 1290 1651 :
1334 1602 1494 1669 Quam
1540 1599 1646 1654 uti-

33 1707 151 1764 que
181 1691 379 1749 salvari
424 1689 688 1748 Dominus
717 1700 1000 1761 optasset;
1033 1688 1130 1748 sed
1179 1689 1459 1749 irridendo
1501 1691 1644 1749 dicta

34 1796 303 1856 geStaque
325 1783 444 1855 ejus
465 1827 480 1852 ,
508 1782 928 1841 resurrectionis
957 1799 1063 1841 non
1098 1783 1194 1839 t‘uit
1222 1782 1379 1855 digna
1417 1799 1643 1840 consor-
1673 1788 1720 1853 ῃ

33 1876 135 1933 tio.
192 1877 260 1933 Et
307 1887 543 1935 exeunte
591 1877 728 1937 fama
776 1876 832 1933 in
880 1879 1184 1934 universam
1240 1887 1439 1933 terram
1491 1877 1638 1934 illam

28 1969 207 2039 (Ibid.
238 1969 356 2035 26).
389 1970 467 2044 (b)
494 1979 616 2044 post
639 1970 920 2028 electionis
946 1971 1176 2028 salutem
1205 1971 1409 2027 donum
1437 1969 1640 2029 Christi

26 2068 200 2129 atque
226 2073 393 2128 opera
421 2058 806 2130 prmdicanlnr.

102 2151 163 2207 9.
238 2150 400 2209 Fides
453 2152 523 2206 ad
570 2152 786 2208 salutem
839 2151 1220 2224 prmrequisita.
1269 2181 1340 2193 —
1390 2148 1641 2211 Exeunte

26 2244 201 2313 igitur
232 2244 483 2310 Domino,
529 2258 658 2300 mox
690 2244 821 2302 caeci
852 2244 962 2300 duo
993 2254 1292 2315 sequuntur
1319 2241 1486 2313 (Ibid.
1519 2240 1637 2315 27).

25 2341 144 2395 Sed
175 2339 307 2395 caeci
339 2348 392 2395 et
420 2351 701 2410 egressum
751 2347 806 2395 et
846 2352 1045 2395 nomen
1092 2337 1304 2392 Domini
1356 2334 1633 2409 quomodo

25 2432 183 2489 scire
211 2432 551 2505 potuerunt?
587 2431 729 2500 Quin
760 2433 925 2487 etiam
957 2439 1013 2487 et
1041 2430 1206 2486 lilium
1237 2426 1404 2485 David
1434 2444 1643 2489 nuncu-

26 2536 194 2599 pant,
221 2534 279 2582 et
304 2525 501 2581 salvari
533 2539 592 2582 se
614 2535 828 2597 rogant.
855 2522 915 2581 In
954 2524 1117 2581 orceis
1144 2524 1356 2580 duobus
1386 2525 1526 2580 ratio
1557 2535 1641 2579 to-

28 2620 159 2677 tius,
200 2618 501 2688 superioris
547 2617 997 2689 praetigurationis
1050 2617 1373 2675 absolvitur.
1428 2617 1509 2674 Ex
1560 2617 1644 2674 bis

25 2711 189 2765 enim
220 2710 327 2764 tilia
360 2709 623 2781 principis
669 2724 792 2767 esse
842 2718 1206 2772 monstratur.
1261 2707 1333 2783 (c)
1383 2708 1644 2767 Pbarismi

26 2806 253 2862 scilicet
299 2815 353 2859 et
399 2804 648 2875 discipuli
688 2803 943 2871 Ioannis,
974 2805 1064 2876 qui
1095 2804 1379 2860 Dominum
1409 2806 1521 2876 jam
1553 2821 1646 2861 su-

25 2898 227 2969 perius
252 2898 310 2952 in
341 2912 631 2954 commune
655 2906 1013 2953 tentaverant.
1048 2895 1141 2952 His
1166 2898 1326 2970 igitur
1346 2897 1643 2953 nescienti-

26 2994 203 3050 busa
232 3007 342 3064 quo
387 2992 610 3048 salutem
657 2999 932 3063 peterent,
978 2990 1234 3048 indicavit
1284 2992 1404 3059 lex,
1455 3003 1507 3048 et
1559 2991 1644 3048 his

26 3089 370 3145 salvatorem
396 3101 553 3142 suum
586 3088 638 3140 in
681 3098 913 3156 corpore
941 3099 1006 3141 ex
1039 3083 1203 3140 David
1248 3100 1448 3156 genere
1489 3100 1646 3140 mon-

1738 485 1899 541 totius
1930 488 2173 558 corporis
2215 488 2361 543 vitiis
2408 479 2810 558 implicabatur.
2855 488 2924 544 Et
2974 488 3028 545 in
3058 503 3126 545 eo
3154 505 3335 545 rerum

1736 583 1870 639 ordo
1895 596 2143 641 servatus
2170 595 2275 642 est.
2309 584 2440 642 Nam
2467 585 2683 644 daemon
2704 589 2857 660 prius
2882 587 3120 659 eiicitur,
3144 599 3199 644 et
3224 599 3335 644 tum

1736 673 1943 745 reliqua
1985 678 2230 748 corporis
2278 665 2455 733 ofﬁcia
2506 680 2823 736 succedunt.
2874 678 2946 752 (ί)
2998 680 3092 735 Dei
3137 681 3339 752 quippe

1738 762 2044 838 cognitione
2069 771 2513 841 superstitionum
2541 773 2784 830 omnium
2815 773 3036 829 vesania
3068 772 3336 845 effugata,

1740 870 1793 917 et
1820 862 1968 917 visus
1990 874 2044 918 et
2073 865 2287 922 auditus
2315 874 2370 923 et
2407 882 2587 923 sermo
2622 867 2818 925 salutis
2844 866 3143 924 invehitur.
3173 852 3357 937 Cujus.

1741 951 1867 1009 facti
1894 953 2312 1015 admirationem
2350 959 2471 1039 talis
2502 960 2673 1015 turba:
2699 970 2784 1017 est
2808 970 3101 1017 consecuta
3130 959 3346 1017 confes—

1741 1045 1863 1113 sio,
1909 1045 2207 1120 Numquam
2252 1051 2329 1107 sic
2374 1052 2622 1122 apparuit
2667 1053 2723 1108 in
2772 1050 2940 1108 Israel
2988 1051 3152 1127 (Ibid.
3198 1050 3292 1125 ‘53)
3327 1069 3343 1106 :

1742 1156 1891 1207 eum,
1911 1142 1997 1199 cui
2027 1158 2125 1212 per
2156 1143 2330 1214 legem
2360 1146 2496 1201 nihil
2526 1146 2707 1202 atierri
2733 1148 2856 1219 opis
2884 1154 3166 1218 potuerat,
3189 1146 3343 1202 verbi

1742 1233 1942 1290 virtute
1972 1234 2207 1301 salvari;
2257 1237 2508 1311 quodque
2563 1239 2756 1296 laudes
2802 1239 2901 1296 Dei
2952 1239 3116 1297 homo
3166 1248 3348 1295 mutus

1743 1324 2045 1398 surdusque
2092 1327 2425 1398 loqueretur.
2456 1330 2644 1389 Salute
2671 1340 2852 1388 autem
2878 1332 3133 1404 gentibus
3181 1333 3306 1388 data
3330 1372 3346 1398 ,

1744 1419 1991 1477 civitates
2018 1436 2207 1481 omnes
2232 1430 2291 1478 et
2317 1424 2545 1480 castella
2572 1425 2754 1482 omnia
2786 1428 2985 1482 virtute
3004 1414 3073 1482 et
3102 1427 3346 1497 ingressu

1745 1510 1945 1569 Christi
1976 1510 2375 1585 illuminantur,
2407 1526 2465 1573 et
2493 1530 2715 1575 omnem
2744 1517 3116 1575 inﬁrmitatem
3139 1519 3349 1575 veterni

1745 1604 2018 1679 languoris
2050 1606 2306 1667 evadunt.

2364 1740 2596 1800 CAPUT
2660 1743 2731 1800 Χ.

1820 1852 1921 1910 Ubi
1950 1855 2220 1911 duodecim
2252 1855 2538 1928 discipulos
2562 1858 2828 1929 prazmittit
2858 1876 2973 1914 cum
2997 1852 3259 1917 doctrina.

1815 1969 1856 2025 l.
1914 1968 2109 2027 Videas
2137 1981 2308 2029 autem
2344 1972 2552 2035 turbas,
2592 1973 2829 2033 misertus
2858 1984 2934 2031 est
2964 1992 2983 2033 :
3009 1976 3150 2048 quod
3187 1986 3355 2033 essent

1740 2073 1938 2119 uexata
1985 2073 2032 2123 et
2049 2067 2284 2138 jacentes
2305 2105 2321 2132 ,
2371 2075 2427 2122 et
2469 2065 2675 2137 reliqua
2698 2065 2918 2139 (Matth.
2950 2084 3004 2124 tx
3026 2109 3042 2134 ,
3070 2067 3187 2143 56).
3225 2068 3360 2125 Vero

1743 2153 1935 2211 borum
1990 2157 2216 2213 virtutes
2286 2171 2393 2215 non
2445 2158 2623 2215 minus
2669 2168 2884 2232 oportet
2958 2160 3353 2237 introspicere,

1740 2261 1902 2317 quam
1934 2262 2120 2303 rerum
2151 2264 2165 2302 :
2197 2249 2343 2325 quia,
2368 2258 2428 2306 ut
2448 2249 2686 2306 diximus
2705 2293 2720 2318 ,
2748 2252 2898 2323 paria
2922 2252 2978 2309 in
2998 2252 3169 2310 dictis
3196 2264 3361 2325 atque

1748 2344 1803 2399 in
1831 2338 1986 2395 Iactis
2006 2330 2458 2413 signiﬁcationum
2501 2352 2771 2400 momenta
2801 2346 3128 2403 consistunt.
3153 2346 3363 2404 Turba-

1744 2446 1862 2486 rum
1908 2428 2175 2487 Dominus
2231 2433 2522 2490 miseretur
2566 2444 2881 2495 vexatarum
2919 2448 2972 2493 et
3014 2437 3356 2508 jacentium,

1746 2532 2021 2596 tamquam
2053 2524 2233 2597 gregis
2260 2524 2381 2581 sine
2414 2536 2632 2598 pastore
2663 2528 2918 2598 dispersi.
2954 2528 3024 2585 Et
3067 2532 3144 2587 ait
3172 2571 3187 2597 ,
3216 2546 3362 2588 mes-

1745 2612 1861 2675 sem
1892 2617 2115 2675 multam
2136 2658 2154 2687 ,
2186 2633 2390 2690 paucos
2419 2622 2733 2690 operarios,
2765 2621 3029 2679 orandum
3074 2623 3360 2681 Dominum

1748 2708 1964 2777 messis,
1994 2720 2053 2765 ut
2079 2713 2357 2782 operarios
2410 2712 2594 2785 plures
2625 2713 2677 2768 in
2706 2730 2939 2773 messem
2985 2714 3164 2788 ejiciat
3192 2715 3357 2789 (Ibid.

1746 2800 1862 2876 57).
1894 2794 1963 2857 Et
1984 2803 2253 2875 discipulis
2284 2805 2608 2873 convocatis,
2640 2806 2780 2863 dedit
2819 2818 3121 2879 potestatem
3146 2810 3366 2883 ejicien-

1748 2895 1931 2950 dorum
1975 2895 2252 2966 spirituum
2302 2896 2705 2965 immundorum,
2754 2899 3100 2972 curandteque
3163 2912 3363 2957 cuncta:

1749 2990 2098 3062 inﬁrmitatis,
2131 2992 2395 3067 omnisque
2441 2994 2705 3067 languoris
2746 2992 2966 3068 (Matth.
3012 3011 3049 3052 ι
3073 3038 3089 3062 ,
3122 2994 3199 3069 1).
3233 2992 3365 3055 Hmc

1749 3087 1911 3159 igitur
1942 3089 2066 3143 licet
2093 3087 2148 3143 in
2185 3102 2428 3158 praesens
2454 3102 2602 3163 gesta
2632 3090 2742 3146 sint
2764 3132 2780 3158 ,
2806 3090 2934 3164 quid
2976 3101 3156 3149 tamen
3189 3093 3241 3149 in
3271 3092 3358 3151 fu-

23 3181 271 3246 stravit,
320 3188 374 3236 et
399 3180 555 3235 caecis
580 3188 767 3234 vetere
796 3187 1052 3250 peccato,
1082 3178 1204 3249 quia
1232 3177 1509 3234 Christum
1541 3175 1646 3234 nisi
1670 3187 1718 3251 ρ
1753 3190 1929 3241 turum
1959 3182 2287 3253 signiﬁcent,
2321 3184 2690 3240 contuendum
2722 3194 2829 3241 est.

23 3270 312 3329 δάπισιιὶιὶ
348 3285 454 3325 non
486 3270 768 3339 videbant,
796 3270 978 3325 lumen
1010 3269 1208 3325 mentis
1237 3269 1484 3324 inseruit.
1513 3267 1646 3337 Qui-

22 3369 147 3424 bus
174 3365 456 3426 Dominus.
488 3363 568 3438 (ά)
596 3365 886 3420 ostendens
914 3380 1020 3419 non
1046 3380 1113 3419 ex
1134 3364 1308 3419 salute
1335 3362 1644 3431 iidem,-sed

22 3444 146 3532 per
186 3456 353 3513 iidem
403 3457 634 3512 salutem
686 3455 1103 3528 exspectandam
1149 3454 1302 3528 (caeci
1345 3454 1488 3511 enim
1520 3455 1646 3526 quia

21 3552 392 3612 crediderant
419 3551 703 3614 viderunt,
733 3564 841 3607 non
870 3551 994 3622 quia
1026 3549 1270 3607 viderant
1297 3549 1647 3609 crediderunt

24 3650 213 3724 (Ibid.
242 3647 340 3722 28)
370 3667 383 3704 :
412 3662 475 3709 ex
506 3663 613 3721 quo
644 3648 1048 3719 intelligendum
1076 3656 1159 3704 est
1187 3645 1294 3703 [ide
1323 3644 1644 3704 merendum

26 3759 166 3802 esse
196 3742 345 3815 quod
374 3742 602 3815 petitur,
636 3757 743 3797 non
776 3758 841 3798 ex
875 3742 1181 3813 impetratis
1219 3741 1376 3799 Iidem
1408 3756 1530 3798 esse
1555 3758 1648 3797 su-

23 3837 350 3906 mendam),
382 3836 426 3891 si
457 3835 841 3902 credidissent,
874 3836 1049 3891 visum
1096 3835 1401 3906 pollicetur,
1444 3847 1499 3892 et
1528 3851 1649 3892 cre-

24 3932 304 3990 dentibus
330 3941 571 4002 prtestat,
618 3940 673 3987 et
714 3930 987 3986 silentium
1036 3928 1452 4003 imperat(Ibid.
1501 3928 1594 4001 30)
1629 3947 1644 3985 :

23 4028 164 4101 quia
198 4026 564 4097 apostolorum
594 4033 709 4081 erat
741 4022 1023 4098 proprium
1057 4023 1374 4095 praedicare.

104 4119 209 4177 ‘10.
270 4116 453 4174 Gentes
482 4117 798 4175 darmoniaco
834 4116 1188 4191 designantur.
1222 4114 1450 4187 —-Quin
1477 4115 1642 4171 etiam

1823 3274 1877 3331 Ξ.
1912 3272 2097 3330 Messis
2119 3273 2349 3345 Spiritus
2377 3277 2540 3331 sancti
2557 3293 2759 3331 munus.
2788 3277 2957 3344 Quam
2978 3276 3221 3333 abundet.
3261 3277 3366 3335 Per

1752 3385 1954 3439 precem
1972 3378 2247 3442 pra’statur
2273 3368 2449 3424 Virtus
2461 3370 2854 3444 ejus.-Nullus
2871 3369 2923 3424 in
2940 3370 3125 3427 turbas
3139 3382 3367 3429 vexator

1753 3462 2059 3533 irruperat,
2095 3476 2269 3535 neque
2294 3476 2421 3517 casu
2454 3462 2636 3532 aliquo
2686 3470 2943 3534 motuque
2986 3463 3251 3534 perculsre
3277 3463 3367 3537 ja-

1752 3553 1948 3609 cebant
1991 3569 2005 3606 :
2048 3551 2322 3624 quomodo
2350 3567 2481 3623 ergo
2504 3552 2752 3624 jacentes
2807 3563 3139 3626 vexatasque
3198 3555 3368 3613 mise-

1752 3658 1902 3702 ratur
1931 3645 2027 3718 (al.
2064 3642 2415 3717 miseretur)?
2438 3646 2702 3704 lmmundi
2733 3647 2983 3703 videlicet
3009 3648 3234 3719 spiritus
3264 3646 3365 3704 do-

1752 3742 1996 3797 minante
2026 3740 2278 3797 violentia
2306 3750 2583 3809 vexatam,
2612 3752 2665 3799 et
2690 3743 2791 3798 sub
2823 3742 2958 3815 legis
2986 3759 3157 3800 onere
3184 3760 3364 3817 tegro-

1757 3845 1864 3890 tam
1905 3833 2116 3906 plebem
2151 3832 2406 3890 Dominus
2436 3835 2726 3890 miseratur
2752 3876 2766 3900 ,
2791 3836 2916 3906 quia
2948 3835 3027 3909 (g)
3054 3834 3236 3892 nullus
3263 3836 3365 3897 ad-

1756 3926 1858 3983 huc
1915 3924 1998 3980 liis
2046 3935 2230 3998 pastor
2282 3936 2464 3991 esset,
2524 3928 2829 3982 custodiam
2896 3929 3069 3985 sancti
3123 3928 3363 4000 Spiritus

1761 4016 2094 4075 redditurus.
2150 4016 2279 4073 Erat
2335 4028 2517 4075 autem
2575 4020 2703 4075 doni
2749 4020 2904 4076 istius
2952 4023 3363 4092 copiosissimus

1757 4111 1983 4178 fructus,
2040 4110 2135 4166 sed
2176 4109 2413 4166 nondum
2444 4109 2525 4185 (h)
2556 4126 2767 4167 messos
2812 4127 2841 4165 a
2889 4127 3181 4183 quoquam.
3232 4112 3362 4185 Ejus

20 4224 162 4288 post
196 4213 350 4278 haec,
400 4212 458 4268 in
509 4221 657 4267 muto
685 4220 739 4268 et
780 4211 944 4267 surdo
993 4206 1158 4285 710
1202 4218 1257 4264 et
1309 4193 1682 4264 daemoniaco'
1756 4207 1901 4263 enim
1923 4205 2075 4275 c0pia
2104 4203 2463 4260 haurientium
2485 4202 2549 4279 (i)
2572 4203 2639 4260 de
2660 4220 2721 4260 se
2745 4203 3143 4263 multitudinem
3174 4206 3361 4264 vincit.

22 4308 212 4387 (Ibid.
247 4305 368 4379 52),
416 4306 656 4385 gentium
706 4304 855 4379 plebs
906 4300 981 4376 (e)
1022 4303 1199 4375 indiga
1248 4301 1416 4358 totius
1451 4300 1646 4357 salutis

104 4448 199 4526 (a)
225 4447 382 4516 Apud
415 4447 570 4514 Bad.,
604 4445 901 4526 Ern-Lips.
932 4450 988 4499 et
1016 4442 1068 4525 in
1100 4440 1307 4526 aliquot
1335 4454 1466 4526 mss.
1496 4438 1647 4494 desi-

1755 4299 1893 4357 Nam
1918 4299 2315 4375 quantumlibet
2340 4310 2654 4357 assumatur
2682 4314 2711 4355 a
2738 4300 2970 4370 cunctis,
3014 4300 3082 4357 ad
3125 4300 3365 4375 largien-

1755 4440 2005 4509 ndeoque
2030 4438 2086 4493 in
2118 4436 2224 4494 illis
2250 4435 2791 4510 principisPltarisrei
2831 4448 2888 4494 et
2910 4439 3160 4509 discipuli
3190 4438 3361 4496 Joan-

25 4508 318 4607 de}aql!ll'l'
348 4508 618 4589 postrema
660 4508 834 4607 hujus“
851 4514 1060 4570 numeri
1085 4508 1423 4607 vorbaased
1456 4526 1644 4607 eorum
1673 4545 1729 4607 Β
1754 4514 1841 4595 nis
1869 4508 2323 4607 morietrttnlturgut
2350 4510 2486 4607 legis
2513 4508 2606 4607 lilii
2629 4550 2644 4575 ,
2686 4524 2780 4579 per
2806 4523 2878 4607 se.
2906 4508 3071 4581 caici,
3098 4511 3193 4568 sed
3226 4513 3364 4585 legis

20 4596 166 4651 loco
193 4582 361 4663 plura'
380 4606 446 4647 ex
495 4582 1100 4657 numero—subsequeuti
1143 4582 1344 4638 inserta
1390 4593 1551 4650 sunt,
1587 4590 1646 4639 ut

16 4684 164 4724 mox
198 4665 467 4719 dicemus.

108 4735 371 4811 (by)_Editi
399 4731 777 4811 (διίξομαι-ΡΨ.
799 4731 853 4811 in
877 4726 1133 4811 electionis
1160 4727 1395 4811 salutem.
1429 4726 1644 4811 Rectius

15 4799 129 4870 alii
164 4799 325 4868 libri,
354 4813 465 4870 post
494 4799 751 4859 electionis
767 4804 981 4856 salutem
1000 4843 1011 4861 ,
1044 4799 1259 4870 hocest
1280 4841 1293 4864 ,
1328 4809 1450 4867 post
1479 4813 1641 4867 quam

16 4869 236 4941 annale
267 4869 549 4933 estrelecta
600 4875 773 4945 portio
800 4873 1109 4945 Iudaeorum
1155 4869 1209 4924 in
1241 4872 1346 4923 tilia
1381 4870 1641 4945 principis

18 4939 387 5011 adumbrata.
436 4939 646 5017 Quippe
684 4946 807 5010 hic,
862 4955 921 4999 ut
968 4942 1126 5012 paulo
1174 4951 1333 5017 ante,
1383 4939 1439 4995 et
1484 4939 1642 5017 inrtio

16 5040 196 5085 num.
232 5021 289 5084 6,
316 5011 604 5075 electionem
632 5018 863 5073 Hilarius
889 5021 1162 5083 nuncupat
1182 5011 1420 5085 Judaeos,
1444 5013 1642 5085 quibus

22 5082 202 5154 salus
232 5082 403 5147 aDeo
433 5092 697 5147 destinata
730 5100 837 5155 est,
863 5088 928 5142 ad
959 5082 1312 5140 imitationem
1340 5083 1457 5138 scil.
1486 5082 1640 5138 Pauli

21 5171 208 5226 Rom.
236 5181 315 5228 Il,
341 5166 374 5220 5
399 5173 454 5220 et
478 5164 539 5223 πε
572 5161 819 5234 Reliquae
843 5158 1123 5234 sectuidunt
1142 5157 1431 5234 electionem
1459 5155 1642 5225 gratia:

19 5224 206 5297 salva:
234 5224 383 5309 {actae
406 5245 599 5311 sunt...
638 5224 787 5303 Quod
812 5229 1066 5304 quaerebat
1090 5224 1297 5311 Israel,
1319 5224 1417 5311 hoc
1445 5224 1643 5282 nonest

20 5304 355 5368 consecutus
393 5325 412 5363 :
450 5304 626 5365 electio
654 5314 821 5360 autem
862 5309 1135 5360 consecuta
1184 5310 1290 5355 est:
1341 5307 1395 5353 et
1424 5312 1640 5352 rursum

20 5401 87 5439 ν.
123 5383 235 5437 28ε
264 5379 557 5435 Secundum
602 5375 935 5449 Evangeliuut
958 5372 1166 5449 quidem
1193 5369 1407 5449 inimici
1431 5377 1645 5436 prapter

20 5472 134 5511 vos
154 5495 171 5518 ,
196 5451 481 5507 secundum
506 5442 800 5504 electionem
828 5442 996 5501 autem
1024 5442 1277 5498 carissimi
1305 5449 1512 5512 propter
1541 5458 1642 5512 pa-

21 5540 173 5582 tres.

114 5592 203 5667 (c)
222 5590 509 5667 Beeeensis
528 5590 724 5667 coges,
737 5587 1047 5667 ,Τῷ-ωιῃή
1066 5584 1318 5667 secundis
1349 5582 1644 5667 euris_eum

23 5684 110 5726 eo
122 5653 553 5727 ‘ciinsentiente,
584 5660 869 5716 Phasiacis
884 5657 1077 5714 scilicet
1098 5667 1150 5711 et
1182 5655 1453 5725 discipulis
1470 5653 1640 5727 Joan-

24 5724 154 5796 nis.
190 5737 278 5792 Nil
307 5724 961 5811 videturjgmntandum.

24 5812 138 5870 lim
167 5817 341 5879 pater,
371 5805 492 5870 lex;
524 5804 658 5871 tilia,
686 5801 840 5874 plebs
862 5800 967 5873 legi
988 5797 1200 5855 subdita
1222 5797 1599 5855 intellectae“
1624 5810 1640 5863 ;

1762 4584 2062 4639 ministerio
2089 4581 2363 4643 Christum
2401 4582 2673 4637 discentes
2702 4592 3061 4638 servatorem.

1832 4680 1912 4753 (ά)
1946 4679 2051 4736 Sex
2082 4693 2274 4753 versus
2294 4687 2734 4753 consequentes,
2766 4680 2884 4735 scil.
2935 4697 3103 4751 usque
3124 4682 3169 4739 si
3196 4683 3363 4741 credi-

1756 4749 1948 4833 dissent
1972 4794 1987 4818 ,
2018 4753 2071 4806 in
2103 4749 2802 4833 antiquisneditionibtts.et
2855 4749 3064 4833 septem
3108 4755 3359 4833 mss._bic

1753 4822 1970 4896 omissi,
1996 4820 2325 4896 immeriti
2347 4820 2507 4875 linem
2536 4820 3132 4896 eonticiebantILonge
3164 4826 3361 4881 melius
3448 4828 3459 4833 “

1758 4894 2007 4976 liie_a_pud
2042 4895 2163 4948 Par.
2208 4901 2259 4947 et
2304 4892 2365 4974 in
2397 4904 2627 4976 quatuor
2670 4910 2799 4976 mss.
2856 4897 3030 4976 locum
3072 4892 3360 4976 obtinent:

1755 4966 1857 5051 nisi
1886 4966 2022 5023 forte
2052 4981 2117 5022 es
2151 4966 2391 5035 margine
2419 4966 2475 5025 in
2522 4970 2728 5023 textum
2770 4967 3056 5040 irrepsisse
3106 4967 3227 5038 quis
3271 4982 3365 5024 su-

1751 5047 2014 5108 spicetur.

1792 5129 2055 5213 _(e).ifar.
2088 5126 2333 5213 indigna;
2367 5141 2493 5183 mox
2523 5128 2688 5213 etiam
2711 5130 2807 5213 alii
2837 5128 3005 5195 editi,
3034 5131 3155 5185 totis
3176 5146 3365 5201 corpo-

1754 5206 1834 5258 ris
1861 5206 2033 5266 uitiis;
2060 5206 2407 5271 corriguntur
2434 5206 2757 5257 auctoritate
2780 5217 2914 5257 mss.

1816 5291 1899 5375 (fl
1920 5290 2438 5375 ξδῖιίιβαισηκὶρρε
2449 5291 3122 5375 cognitionemstigantur
3138 5309 3206 5351 ex
3228 5310 3360 5359 mss.
3410 5316 3415 5325 υ

1826 5363 1905 5490 (2)
1927 5364 1994 5419 ειη
2016 5363 2342 5418 ινὶικιετηηέ.
2370 5364 2592 5419 nullum.
2925 5363 2945 5447 ξ

1829 5444 1847 5509 (
1892 5436 1911 5509 )
1941 5437 2046 5509 Sex
2081 5449 2208 5509 mas.
2243 5434 2477 5490 nandum
2512 5438 2711 5489 messis.
2743 5434 2938 5490 Caneri
2965 5449 3087 5492 cunt
3135 5437 3268 5495 8nd.
3298 5451 3356 5497 et

1755 5507 1852 5563 Er.
1886 5507 2113 5562 nondum
2136 5507 2351 5560 uissus.

1795 5579 1895 5656 _(i)
1922 5577 2194 5635 Vocabula
2228 5578 2302 5656 de
2322 5592 2379 5631 se
2403 5575 2544 5656 apud
2571 5575 2803 5656 [tinget
2830 5576 2955 5656 Par.
2981 5580 3363 5656 omissa,‘sup-

1754 5647 2061 5731 plemusex
2084 5649 2395 5731 missilem.
2422 5660 2476 5702 et
2495 5648 2661 5731 ροιι).
2682 5647 2783 5702 His
2809 5647 3363 5731 verbisnsubaequet'tti

1751 5720 2047 5796 suum.
2069 5721 2210 5796 ιιιψ
2254 5720 2563 5796 man-reis
2607 5732 2706 5796 ire
2750 5720 3170 5796 αμιιςξιάεηεηι.
3218 5728 3365 5796 apud

1755 5794 1885 5851 Bari.
1918 5802 1983 5851 et
2009 5792 2104 5853 Bs.
2631 5828 2648 5857 ,
2680 5788 2737 5845 in
2760 5790 3012 5861 pluribus
3034 5788 3173 5849 mss.
3206 5788 3365 5855 dissiu
