  <div class='ocr_page' id='page_1' title='image "/cluster/home/n/w/nwhite01/storage/ocr_20150623/9/hvd.32044015471261/501.png"; bbox 0 0 3882 6332; ppageno 0'>
   <div class='ocr_carea' id='block_1_1' title="bbox 515 262 624 319">
    <p class='ocr_par' dir='ltr' id='par_1_1' title="bbox 515 262 624 319">
     <span class='ocr_line' id='line_1_1' title="bbox 515 262 624 319; baseline -0.009 0"><span class='ocrx_word' id='word_1_1' title='bbox 515 262 624 319; x_wconf 81' lang='grc'>967</span> 
     </span>
    </p>
   </div>
   <div class='ocr_carea' id='block_1_2' title="bbox 515 472 2109 546">
    <p class='ocr_par' dir='ltr' id='par_1_2' title="bbox 515 472 2109 546">
     <span class='ocr_line' id='line_1_2' title="bbox 515 472 2109 546; baseline -0.002 -16"><span class='ocrx_word' id='word_1_2' title='bbox 515 476 650 531; x_wconf 90' lang='lat' dir='ltr'><strong>utile</strong></span> <span class='ocrx_word' id='word_1_3' title='bbox 680 477 768 542; x_wconf 99' lang='lat' dir='ltr'><strong>sit,</strong></span> <span class='ocrx_word' id='word_1_4' title='bbox 796 491 889 546; x_wconf 88' lang='lat' dir='ltr'><strong>per</strong></span> <span class='ocrx_word' id='word_1_5' title='bbox 912 489 1047 545; x_wconf 89' lang='lat' dir='ltr'><strong>quos</strong></span> <span class='ocrx_word' id='word_1_6' title='bbox 1073 472 1436 538; x_wconf 84' lang='lat' dir='ltr'><strong>ministretur;</strong></span> <span class='ocrx_word' id='word_1_7' title='bbox 1465 472 1641 544; x_wconf 88' lang='lat' dir='ltr'><strong>rogari</strong></span> <span class='ocrx_word' id='word_1_8' title='bbox 1658 472 1942 528; x_wconf 92' lang='lat' dir='ltr'><strong>Dominum</strong></span> <span class='ocrx_word' id='word_1_9' title='bbox 1962 487 2109 527; x_wconf 91' lang='lat' dir='ltr'><strong>mes-</strong></span> 
     </span>
    </p>
   </div>
   <div class='ocr_carea' id='block_1_3' title="bbox 512 555 2111 640">
    <p class='ocr_par' dir='ltr' id='par_1_3' title="bbox 512 555 2111 640">
     <span class='ocr_line' id='line_1_3' title="bbox 512 555 2111 640; baseline -0.004 -16"><span class='ocrx_word' id='word_1_10' title='bbox 512 569 592 624; x_wconf 83' lang='lat' dir='ltr'><strong>sis</strong></span> <span class='ocrx_word' id='word_1_11' title='bbox 614 569 790 640; x_wconf 89' lang='lat' dir='ltr'><strong>jubet,</strong></span> <span class='ocrx_word' id='word_1_12' title='bbox 822 576 876 621; x_wconf 94' lang='lat' dir='ltr'><strong>ut</strong></span> <span class='ocrx_word' id='word_1_13' title='bbox 899 567 954 622; x_wconf 91' lang='lat' dir='ltr'><strong>in</strong></span> <span class='ocrx_word' id='word_1_14' title='bbox 999 581 1230 622; x_wconf 85' lang='lat' dir='ltr'><strong>messem</strong></span> <span class='ocrx_word' id='word_1_15' title='bbox 1274 555 1551 635; x_wconf 88' lang='lat' dir='ltr'><strong>operarios</strong></span> <span class='ocrx_word' id='word_1_16' title='bbox 1580 564 1761 635; x_wconf 87' lang='lat' dir='ltr'><strong>plures</strong></span> <span class='ocrx_word' id='word_1_17' title='bbox 1792 563 2011 635; x_wconf 89' lang='lat' dir='ltr'><strong>ejiciat:</strong></span> <span class='ocrx_word' id='word_1_18' title='bbox 2042 562 2111 618; x_wconf 91' lang='lat' dir='ltr'><strong>ad</strong></span> 
     </span>
    </p>
   </div>
   <div class='ocr_carea' id='block_1_4' title="bbox 513 657 2109 730">
    <p class='ocr_par' dir='ltr' id='par_1_4' title="bbox 513 657 2109 730">
     <span class='ocr_line' id='line_1_4' title="bbox 513 657 2109 730; baseline -0.002 -14"><span class='ocrx_word' id='word_1_19' title='bbox 513 658 903 730; x_wconf 87' lang='lat' dir='ltr'><strong>capessendum</strong></span> <span class='ocrx_word' id='word_1_20' title='bbox 930 659 1136 714; x_wconf 90' lang='lat' dir='ltr'><strong>scilicet</strong></span> <span class='ocrx_word' id='word_1_21' title='bbox 1153 657 1294 729; x_wconf 91' lang='lat' dir='ltr'><strong>quod</strong></span> <span class='ocrx_word' id='word_1_22' title='bbox 1313 657 1711 728; x_wconf 66' lang='lat' dir='ltr'><strong>praeparabatur</strong></span> <span class='ocrx_word' id='word_1_23' title='bbox 1731 657 1930 712; x_wconf 87' lang='lat' dir='ltr'><strong>donum</strong></span> <span class='ocrx_word' id='word_1_24' title='bbox 1949 658 2109 730; x_wconf 79' lang='lat' dir='ltr'><strong>7n</strong></span> 
     </span>
    </p>
   </div>
   <div class='ocr_carea' id='block_1_5' title="bbox 512 750 2109 822">
    <p class='ocr_par' dir='ltr' id='par_1_5' title="bbox 512 750 2109 822">
     <span class='ocr_line' id='line_1_5' title="bbox 512 750 2109 822; baseline -0.003 -14"><span class='ocrx_word' id='word_1_25' title='bbox 512 750 745 822; x_wconf 90' lang='lat' dir='ltr'><strong>Spiritus</strong></span> <span class='ocrx_word' id='word_1_26' title='bbox 796 751 1002 818; x_wconf 88' lang='lat' dir='ltr'><strong>sancti,</strong></span> <span class='ocrx_word' id='word_1_27' title='bbox 1056 766 1354 808; x_wconf 86' lang='lat' dir='ltr'><strong>messorum</strong></span> <span class='ocrx_word' id='word_1_28' title='bbox 1411 752 1620 821; x_wconf 86' lang='lat' dir='ltr'><strong>copiam</strong></span> <span class='ocrx_word' id='word_1_29' title='bbox 1675 751 1816 807; x_wconf 89' lang='lat' dir='ltr'><strong>Deus</strong></span> <span class='ocrx_word' id='word_1_30' title='bbox 1847 760 2109 821; x_wconf 60' lang='lat' dir='ltr'><strong>prastet:</strong></span> 
     </span>
    </p>
   </div>
   <div class='ocr_carea' id='block_1_6' title="bbox 501 844 2114 917">
    <p class='ocr_par' dir='ltr' id='par_1_6' title="bbox 501 844 2114 917">
     <span class='ocr_line' id='line_1_6' title="bbox 501 844 2114 917; baseline -0.003 -15"><span class='ocrx_word' id='word_1_31' title='bbox 501 861 612 917; x_wconf 81' lang='lat' dir='ltr'><strong>per</strong></span> <span class='ocrx_word' id='word_1_32' title='bbox 632 845 929 902; x_wconf 85' lang='lat' dir='ltr'><strong>oralionem</strong></span> <span class='ocrx_word' id='word_1_33' title='bbox 953 847 1097 902; x_wconf 90' lang='lat' dir='ltr'><strong>enim</strong></span> <span class='ocrx_word' id='word_1_34' title='bbox 1127 861 1190 901; x_wconf 92' lang='lat' dir='ltr'><strong>ac</strong></span> <span class='ocrx_word' id='word_1_35' title='bbox 1218 860 1434 916; x_wconf 85' lang='lat' dir='ltr'><strong>precem</strong></span> <span class='ocrx_word' id='word_1_36' title='bbox 1468 844 1570 901; x_wconf 89' lang='lat' dir='ltr'><strong>hoc</strong></span> <span class='ocrx_word' id='word_1_37' title='bbox 1602 845 1758 900; x_wconf 90' lang='lat' dir='ltr'><strong>nobis</strong></span> <span class='ocrx_word' id='word_1_38' title='bbox 1789 861 1818 899; x_wconf 90' lang='lat' dir='ltr'><strong>a</strong></span> <span class='ocrx_word' id='word_1_39' title='bbox 1853 844 1962 899; x_wconf 89' lang='lat' dir='ltr'><strong>Deo</strong></span> <span class='ocrx_word' id='word_1_40' title='bbox 1993 859 2114 898; x_wconf 87' lang='lat' dir='ltr'><strong>mu-</strong></span> 
     </span>
    </p>
   </div>
   <div class='ocr_carea' id='block_1_7' title="bbox 512 937 2113 1012">
    <p class='ocr_par' dir='ltr' id='par_1_7' title="bbox 512 937 2113 1012">
     <span class='ocr_line' id='line_1_7' title="bbox 512 937 2113 1012; baseline -0.002 -16"><span class='ocrx_word' id='word_1_41' title='bbox 512 954 615 996; x_wconf 85' lang='lat' dir='ltr'><strong>nus</strong></span> <span class='ocrx_word' id='word_1_42' title='bbox 647 937 722 1012; x_wconf 78' lang='lat' dir='ltr'><strong>(a)</strong></span> <span class='ocrx_word' id='word_1_43' title='bbox 751 940 1068 997; x_wconf 76' lang='lat' dir='ltr'><strong>ellunditur.</strong></span> <span class='ocrx_word' id='word_1_44' title='bbox 1095 941 1272 1012; x_wconf 87' lang='lat' dir='ltr'><strong>Atque</strong></span> <span class='ocrx_word' id='word_1_45' title='bbox 1302 949 1360 995; x_wconf 90' lang='lat' dir='ltr'><strong>ut</strong></span> <span class='ocrx_word' id='word_1_46' title='bbox 1389 941 1440 995; x_wconf 93' lang='lat' dir='ltr'><strong>in</strong></span> <span class='ocrx_word' id='word_1_47' title='bbox 1471 956 1705 996; x_wconf 89' lang='lat' dir='ltr'><strong>messem</strong></span> <span class='ocrx_word' id='word_1_48' title='bbox 1740 939 1881 994; x_wconf 86' lang='lat' dir='ltr'><strong>illam</strong></span> <span class='ocrx_word' id='word_1_49' title='bbox 1907 953 2113 994; x_wconf 82' lang='lat' dir='ltr'><strong>messo-</strong></span> 
     </span>
    </p>
   </div>
   <div class='ocr_carea' id='block_1_8' title="bbox 510 1032 2113 1104">
    <p class='ocr_par' dir='ltr' id='par_1_8' title="bbox 510 1032 2113 1104">
     <span class='ocr_line' id='line_1_8' title="bbox 510 1032 2113 1104; baseline -0.003 -14"><span class='ocrx_word' id='word_1_50' title='bbox 510 1049 600 1090; x_wconf 81' lang='lat' dir='ltr'><strong>res</strong></span> <span class='ocrx_word' id='word_1_51' title='bbox 635 1049 957 1091; x_wconf 90' lang='lat' dir='ltr'><strong>numerosos</strong></span> <span class='ocrx_word' id='word_1_52' title='bbox 986 1051 1052 1090; x_wconf 80' lang='lat' dir='ltr'><strong>ex</strong></span> <span class='ocrx_word' id='word_1_53' title='bbox 1094 1035 1176 1090; x_wconf 88' lang='lat' dir='ltr'><strong>his</strong></span> <span class='ocrx_word' id='word_1_54' title='bbox 1221 1034 1508 1090; x_wconf 88' lang='lat' dir='ltr'><strong>duodecim</strong></span> <span class='ocrx_word' id='word_1_55' title='bbox 1553 1035 1787 1104; x_wconf 89' lang='lat' dir='ltr'><strong>primum</strong></span> <span class='ocrx_word' id='word_1_56' title='bbox 1836 1032 2113 1103; x_wconf 87' lang='lat' dir='ltr'><strong>Apostolis</strong></span> 
     </span>
    </p>
   </div>
   <div class='ocr_carea' id='block_1_9' title="bbox 511 1124 2112 1197">
    <p class='ocr_par' dir='ltr' id='par_1_9' title="bbox 511 1124 2112 1197">
     <span class='ocr_line' id='line_1_9' title="bbox 511 1124 2112 1197; baseline -0.002 -15"><span class='ocrx_word' id='word_1_57' title='bbox 511 1125 890 1184; x_wconf 77' lang='lat' dir='ltr'><strong>dill‘undendos</strong></span> <span class='ocrx_word' id='word_1_58' title='bbox 912 1128 1176 1184; x_wconf 88' lang='lat' dir='ltr'><strong>indicaret</strong></span> <span class='ocrx_word' id='word_1_59' title='bbox 1200 1145 1216 1194; x_wconf 83' lang='lat'><strong>;</strong></span> <span class='ocrx_word' id='word_1_60' title='bbox 1247 1127 1559 1184; x_wconf 80' lang='lat' dir='ltr'><strong>convocatis</strong></span> <span class='ocrx_word' id='word_1_61' title='bbox 1586 1127 1690 1181; x_wconf 89' lang='lat' dir='ltr'><strong>illis</strong></span> <span class='ocrx_word' id='word_1_62' title='bbox 1717 1125 1865 1181; x_wconf 91' lang='lat' dir='ltr'><strong>dedit</strong></span> <span class='ocrx_word' id='word_1_63' title='bbox 1887 1124 2112 1197; x_wconf 85' lang='lat' dir='ltr'><strong>ejicien-</strong></span> 
     </span>
    </p>
   </div>
   <div class='ocr_carea' id='block_1_10' title="bbox 510 1217 2116 1294">
    <p class='ocr_par' dir='ltr' id='par_1_10' title="bbox 510 1217 2116 1294">
     <span class='ocr_line' id='line_1_10' title="bbox 510 1217 2116 1294; baseline -0.004 -15"><span class='ocrx_word' id='word_1_64' title='bbox 510 1222 702 1279; x_wconf 90' lang='lat' dir='ltr'><strong>dorum</strong></span> <span class='ocrx_word' id='word_1_65' title='bbox 751 1224 1036 1294; x_wconf 86' lang='lat' dir='ltr'><strong>spirituum</strong></span> <span class='ocrx_word' id='word_1_66' title='bbox 1081 1232 1441 1294; x_wconf 86' lang='lat' dir='ltr'><strong>potestatem,</strong></span> <span class='ocrx_word' id='word_1_67' title='bbox 1485 1230 1540 1277; x_wconf 90' lang='lat' dir='ltr'><strong>et</strong></span> <span class='ocrx_word' id='word_1_68' title='bbox 1581 1220 1758 1275; x_wconf 89' lang='lat' dir='ltr'><strong>onmis</strong></span> <span class='ocrx_word' id='word_1_69' title='bbox 1787 1217 2116 1284; x_wconf 74' lang='lat' dir='ltr'><strong>infirmitatis</strong></span> 
     </span>
    </p>
   </div>
   <div class='ocr_carea' id='block_1_11' title="bbox 509 1314 2116 1387">
    <p class='ocr_par' dir='ltr' id='par_1_11' title="bbox 509 1314 2116 1387">
     <span class='ocr_line' id='line_1_11' title="bbox 509 1314 2116 1387; baseline -0.004 -14"><span class='ocrx_word' id='word_1_70' title='bbox 509 1316 814 1373; x_wconf 65' lang='lat' dir='ltr'><strong>medendre.</strong></span> <span class='ocrx_word' id='word_1_71' title='bbox 867 1315 1036 1387; x_wconf 84' lang='lat' dir='ltr'><strong>Hujus</strong></span> <span class='ocrx_word' id='word_1_72' title='bbox 1063 1317 1207 1372; x_wconf 91' lang='lat' dir='ltr'><strong>enim</strong></span> <span class='ocrx_word' id='word_1_73' title='bbox 1237 1316 1363 1371; x_wconf 89' lang='lat' dir='ltr'><strong>doni</strong></span> <span class='ocrx_word' id='word_1_74' title='bbox 1396 1314 1470 1386; x_wconf 93' lang='lat' dir='ltr'><strong>(b)</strong></span> <span class='ocrx_word' id='word_1_75' title='bbox 1500 1314 1820 1380; x_wconf 86' lang='lat' dir='ltr'><strong>virtutibus,</strong></span> <span class='ocrx_word' id='word_1_76' title='bbox 1868 1319 2116 1384; x_wconf 89' lang='lat' dir='ltr'><strong>poterant</strong></span> 
     </span>
    </p>
   </div>
   <div class='ocr_carea' id='block_1_12' title="bbox 518 1408 2116 1482">
    <p class='ocr_par' dir='ltr' id='par_1_12' title="bbox 518 1408 2116 1482">
     <span class='ocr_line' id='line_1_12' title="bbox 518 1408 2116 1482; baseline -0.004 -16"><span class='ocrx_word' id='word_1_77' title='bbox 518 1421 574 1466; x_wconf 91' lang='lat' dir='ltr'><strong>ct</strong></span> <span class='ocrx_word' id='word_1_78' title='bbox 602 1409 851 1466; x_wconf 80' lang='lat' dir='ltr'><strong>turbator</strong></span> <span class='ocrx_word' id='word_1_79' title='bbox 877 1410 1097 1482; x_wconf 72' lang='lat' dir='ltr'><strong>expelli,</strong></span> <span class='ocrx_word' id='word_1_80' title='bbox 1129 1419 1185 1465; x_wconf 93' lang='lat' dir='ltr'><strong>et</strong></span> <span class='ocrx_word' id='word_1_81' title='bbox 1213 1410 1428 1464; x_wconf 82' lang='lat' dir='ltr'><strong>inﬁrma</strong></span> <span class='ocrx_word' id='word_1_82' title='bbox 1455 1409 1656 1464; x_wconf 89' lang='lat' dir='ltr'><strong>curari.</strong></span> <span class='ocrx_word' id='word_1_83' title='bbox 1685 1408 1755 1464; x_wconf 72' lang='lat' dir='ltr'><strong>Et</strong></span> <span class='ocrx_word' id='word_1_84' title='bbox 1782 1408 2000 1477; x_wconf 89' lang='lat' dir='ltr'><strong>dignum</strong></span> <span class='ocrx_word' id='word_1_85' title='bbox 2033 1413 2116 1461; x_wconf 90' lang='lat' dir='ltr'><strong>est</strong></span> 
     </span>
    </p>
   </div>
   <div class='ocr_carea' id='block_1_13' title="bbox 516 1498 2017 1576">
    <p class='ocr_par' dir='ltr' id='par_1_13' title="bbox 516 1498 2017 1576">
     <span class='ocr_line' id='line_1_13' title="bbox 516 1498 2017 1576; baseline -0.006 -15"><span class='ocrx_word' id='word_1_86' title='bbox 516 1511 914 1576; x_wconf 74' lang='lat' dir='ltr'><strong>prteceptorum</strong></span> <span class='ocrx_word' id='word_1_87' title='bbox 946 1504 1282 1575; x_wconf 90' lang='lat' dir='ltr'><strong>singulorum</strong></span> <span class='ocrx_word' id='word_1_88' title='bbox 1309 1501 1721 1572; x_wconf 82' lang='lat' dir='ltr'><strong>siguiﬁcantiam</strong></span> <span class='ocrx_word' id='word_1_89' title='bbox 1751 1498 2017 1556; x_wconf 88' lang='lat' dir='ltr'><strong>contueri.</strong></span> 
     </span>
    </p>
   </div>
   <div class='ocr_carea' id='block_1_14' title="bbox 582 1593 2118 1669">
    <p class='ocr_par' dir='ltr' id='par_1_14' title="bbox 582 1593 2118 1669">
     <span class='ocr_line' id='line_1_14' title="bbox 582 1593 2118 1669; baseline -0.007 -15"><span class='ocrx_word' id='word_1_90' title='bbox 582 1600 638 1654; x_wconf 81' lang='lat'><strong>5.</strong></span> <span class='ocrx_word' id='word_1_91' title='bbox 660 1597 935 1669; x_wconf 68' lang='lat' dir='ltr'><strong>Praecepta</strong></span> <span class='ocrx_word' id='word_1_92' title='bbox 964 1596 1155 1652; x_wconf 77' lang='lat' dir='ltr'><strong>Christi</strong></span> <span class='ocrx_word' id='word_1_93' title='bbox 1178 1596 1521 1666; x_wconf 82' lang='lat' dir='ltr'><strong>apostolicum</strong></span> <span class='ocrx_word' id='word_1_94' title='bbox 1541 1611 1725 1648; x_wconf 84' lang='lat' dir='ltr'><strong>munus</strong></span> <span class='ocrx_word' id='word_1_95' title='bbox 1737 1593 2118 1663; x_wconf 84' lang='lat' dir='ltr'><strong>spectantia.—</strong></span> 
     </span>
    </p>
   </div>
   <div class='ocr_carea' id='block_1_15' title="bbox 511 1684 2112 1760">
    <p class='ocr_par' dir='ltr' id='par_1_15' title="bbox 511 1684 2112 1760">
     <span class='ocr_line' id='line_1_15' title="bbox 511 1684 2112 1760; baseline -0.006 -10"><span class='ocrx_word' id='word_1_96' title='bbox 511 1691 803 1750; x_wconf 84' lang='lat' dir='ltr'><strong>Abstinerc</strong></span> <span class='ocrx_word' id='word_1_97' title='bbox 841 1706 899 1746; x_wconf 92' lang='lat' dir='ltr'><strong>se</strong></span> <span class='ocrx_word' id='word_1_98' title='bbox 943 1706 974 1746; x_wconf 93' lang='lat' dir='ltr'><strong>a</strong></span> <span class='ocrx_word' id='word_1_99' title='bbox 1006 1691 1111 1745; x_wconf 91' lang='lat' dir='ltr'><strong>viis</strong></span> <span class='ocrx_word' id='word_1_100' title='bbox 1151 1688 1390 1760; x_wconf 89' lang='lat' dir='ltr'><strong>gentium</strong></span> <span class='ocrx_word' id='word_1_101' title='bbox 1431 1687 1790 1744; x_wconf 87' lang='lat' dir='ltr'><strong>admonentur</strong></span> <span class='ocrx_word' id='word_1_102' title='bbox 1814 1684 1977 1758; x_wconf 84' lang='lat' dir='ltr'><strong>(Ibid.</strong></span> <span class='ocrx_word' id='word_1_103' title='bbox 2008 1684 2062 1756; x_wconf 81' lang='lat'><strong>5)</strong></span> <span class='ocrx_word' id='word_1_104' title='bbox 2098 1702 2112 1740; x_wconf 94' lang='lat'>:</span> 
     </span>
    </p>
   </div>
   <div class='ocr_carea' id='block_1_16' title="bbox 1725 258 3793 329">
    <p class='ocr_par' dir='ltr' id='par_1_16' title="bbox 1725 258 3793 329">
     <span class='ocr_line' id='line_1_16' title="bbox 1725 258 3793 329; baseline 0.006 -13"><span class='ocrx_word' id='word_1_105' title='bbox 1725 258 1973 316; x_wconf 77' lang='lat' dir='ltr'><strong>SANC&#39;II</strong></span> <span class='ocrx_word' id='word_1_106' title='bbox 2011 260 2263 317; x_wconf 70' lang='lat' dir='ltr'><strong>HlLAltll</strong></span> <span class='ocrx_word' id='word_1_107' title='bbox 2297 262 2597 320; x_wconf 83' lang='lat' dir='ltr'><strong>EPISCOPI</strong></span> <span class='ocrx_word' id='word_1_108' title='bbox 3713 270 3793 329; x_wconf 60' lang='lat'><strong>9138</strong></span> 
     </span>
    </p>
   </div>
   <div class='ocr_carea' id='block_1_17' title="bbox 513 376 2192 449">
    <p class='ocr_par' dir='ltr' id='par_1_17' title="bbox 513 376 2192 449">
     <span class='ocr_line' id='line_1_17' title="bbox 513 376 2192 449; baseline -0.001 -13"><span class='ocrx_word' id='word_1_109' title='bbox 513 380 646 436; x_wconf 91' lang='lat' dir='ltr'><strong>dum</strong></span> <span class='ocrx_word' id='word_1_110' title='bbox 679 394 738 436; x_wconf 89' lang='lat' dir='ltr'><strong>se</strong></span> <span class='ocrx_word' id='word_1_111' title='bbox 769 389 944 436; x_wconf 87' lang='lat' dir='ltr'><strong>tamen</strong></span> <span class='ocrx_word' id='word_1_112' title='bbox 975 392 1187 449; x_wconf 88' lang='lat' dir='ltr'><strong>semper</strong></span> <span class='ocrx_word' id='word_1_113' title='bbox 1221 376 1502 435; x_wconf 76' lang='lat' dir='ltr'><strong>exuberat.</strong></span> <span class='ocrx_word' id='word_1_114' title='bbox 1530 376 1600 434; x_wconf 88' lang='lat' dir='ltr'><strong>Et</strong></span> <span class='ocrx_word' id='word_1_115' title='bbox 1628 377 1748 448; x_wconf 85' lang='lat' dir='ltr'><strong>quia</strong></span> <span class='ocrx_word' id='word_1_116' title='bbox 1780 379 1966 448; x_wconf 87' lang='lat' dir='ltr'><strong>plures</strong></span> <span class='ocrx_word' id='word_1_117' title='bbox 1991 393 2112 434; x_wconf 89' lang='lat' dir='ltr'><strong>esse</strong></span> <span class='ocrx_word' id='word_1_118' title='bbox 2141 381 2192 440; x_wconf 86' lang='grc' dir='ltr'><strong>Α</strong></span> 
     </span>
    </p>
   </div>
   <div class='ocr_carea' id='block_1_18' title="bbox 2289 380 3789 452">
    <p class='ocr_par' dir='ltr' id='par_1_18' title="bbox 2289 380 3789 452">
     <span class='ocr_line' id='line_1_18' title="bbox 2289 380 3789 452; baseline 0.003 -17"><span class='ocrx_word' id='word_1_119' title='bbox 2289 381 2342 435; x_wconf 81' lang='grc'><strong>5.</strong></span> <span class='ocrx_word' id='word_1_120' title='bbox 2387 380 2469 436; x_wconf 80' lang='lat' dir='ltr'><strong>Jtt</strong></span> <span class='ocrx_word' id='word_1_121' title='bbox 2498 382 2782 452; x_wconf 80' lang='lat' dir='ltr'><strong>apostolico</strong></span> <span class='ocrx_word' id='word_1_122' title='bbox 2823 381 3107 438; x_wconf 81' lang='lat' dir='ltr'><strong>ministerio</strong></span> <span class='ocrx_word' id='word_1_123' title='bbox 3135 381 3214 436; x_wconf 81' lang='lat' dir='ltr'><strong>nil</strong></span> <span class='ocrx_word' id='word_1_124' title='bbox 3248 384 3441 437; x_wconf 78' lang='lat' dir='ltr'><strong>venale.</strong></span> <span class='ocrx_word' id='word_1_125' title='bbox 3475 412 3546 424; x_wconf 92' lang='lat'><strong><em>—</em></strong></span> <span class='ocrx_word' id='word_1_126' title='bbox 3577 382 3789 452; x_wconf 82' lang='lat' dir='ltr'><strong>Aurum,</strong></span> 
     </span>
    </p>
   </div>
   <div class='ocr_carea' id='block_1_19' title="bbox 2215 475 3789 547">
    <p class='ocr_par' dir='ltr' id='par_1_19' title="bbox 2215 475 3789 547">
     <span class='ocr_line' id='line_1_19' title="bbox 2215 475 3789 547; baseline 0.003 -20"><span class='ocrx_word' id='word_1_127' title='bbox 2215 485 2526 544; x_wconf 83' lang='lat' dir='ltr'><strong>argentum,</strong></span> <span class='ocrx_word' id='word_1_128' title='bbox 2567 477 2848 546; x_wconf 84' lang='lat' dir='ltr'><strong>pecuniam</strong></span> <span class='ocrx_word' id='word_1_129' title='bbox 2887 475 3171 547; x_wconf 90' lang='lat' dir='ltr'><strong>possidere</strong></span> <span class='ocrx_word' id='word_1_130' title='bbox 3206 475 3522 530; x_wconf 88' lang='lat' dir='ltr'><strong>inhibentur</strong></span> <span class='ocrx_word' id='word_1_131' title='bbox 3551 477 3605 530; x_wconf 92' lang='lat' dir='ltr'><strong>in</strong></span> <span class='ocrx_word' id='word_1_132' title='bbox 3633 481 3789 545; x_wconf 77' lang='lat' dir='ltr'><strong>zonis,</strong></span> 
     </span>
    </p>
   </div>
   <div class='ocr_carea' id='block_1_20' title="bbox 2214 567 3791 638">
    <p class='ocr_par' dir='ltr' id='par_1_20' title="bbox 2214 567 3791 638">
     <span class='ocr_line' id='line_1_20' title="bbox 2214 567 3791 638; baseline 0.002 -17"><span class='ocrx_word' id='word_1_133' title='bbox 2214 576 2267 621; x_wconf 90' lang='lat' dir='ltr'><strong>et</strong></span> <span class='ocrx_word' id='word_1_134' title='bbox 2295 582 2475 636; x_wconf 85' lang='lat' dir='ltr'><strong>peram</strong></span> <span class='ocrx_word' id='word_1_135' title='bbox 2501 567 2552 621; x_wconf 93' lang='lat' dir='ltr'><strong>in</strong></span> <span class='ocrx_word' id='word_1_136' title='bbox 2581 568 2664 621; x_wconf 90' lang='lat' dir='ltr'><strong>via</strong></span> <span class='ocrx_word' id='word_1_137' title='bbox 2687 570 2846 634; x_wconf 81' lang='lat' dir='ltr'><strong>ferre,</strong></span> <span class='ocrx_word' id='word_1_138' title='bbox 2876 577 2930 623; x_wconf 92' lang='lat' dir='ltr'><strong>et</strong></span> <span class='ocrx_word' id='word_1_139' title='bbox 2957 568 3092 622; x_wconf 89' lang='lat' dir='ltr'><strong>duas</strong></span> <span class='ocrx_word' id='word_1_140' title='bbox 3120 568 3335 623; x_wconf 83' lang='lat' dir='ltr'><strong>tunicas</strong></span> <span class='ocrx_word' id='word_1_141' title='bbox 3359 579 3412 623; x_wconf 92' lang='lat' dir='ltr'><strong>et</strong></span> <span class='ocrx_word' id='word_1_142' title='bbox 3431 568 3791 638; x_wconf 77' lang='lat' dir='ltr'><strong>calceamenta,</strong></span> 
     </span>
    </p>
   </div>
   <div class='ocr_carea' id='block_1_21' title="bbox 2213 657 3792 732">
    <p class='ocr_par' dir='ltr' id='par_1_21' title="bbox 2213 657 3792 732">
     <span class='ocr_line' id='line_1_21' title="bbox 2213 657 3792 732; baseline 0.005 -22"><span class='ocrx_word' id='word_1_143' title='bbox 2213 663 2269 711; x_wconf 88' lang='lat' dir='ltr'><strong>et</strong></span> <span class='ocrx_word' id='word_1_144' title='bbox 2295 657 2499 726; x_wconf 81' lang='lat' dir='ltr'><strong>virgam</strong></span> <span class='ocrx_word' id='word_1_145' title='bbox 2556 659 2608 713; x_wconf 91' lang='lat' dir='ltr'><strong>in</strong></span> <span class='ocrx_word' id='word_1_146' title='bbox 2643 660 2890 716; x_wconf 89' lang='lat' dir='ltr'><strong>manibus</strong></span> <span class='ocrx_word' id='word_1_147' title='bbox 2919 674 3235 716; x_wconf 88' lang='lat' dir='ltr'><strong>assumere:</strong></span> <span class='ocrx_word' id='word_1_148' title='bbox 3266 668 3323 715; x_wconf 90' lang='lat' dir='ltr'><strong>et</strong></span> <span class='ocrx_word' id='word_1_149' title='bbox 3345 659 3545 732; x_wconf 87' lang='lat' dir='ltr'><strong>dignus</strong></span> <span class='ocrx_word' id='word_1_150' title='bbox 3576 666 3792 718; x_wconf 77' lang='lat' dir='ltr'><strong>mercede</strong></span> 
     </span>
    </p>
   </div>
   <div class='ocr_carea' id='block_1_22' title="bbox 2226 751 3792 825">
    <p class='ocr_par' dir='ltr' id='par_1_22' title="bbox 2226 751 3792 825">
     <span class='ocr_line' id='line_1_22' title="bbox 2226 751 3792 825; baseline 0.004 -21"><span class='ocrx_word' id='word_1_151' title='bbox 2226 764 2321 805; x_wconf 88' lang='lat' dir='ltr'><strong>sua</strong></span> <span class='ocrx_word' id='word_1_152' title='bbox 2347 763 2430 805; x_wconf 88' lang='lat' dir='ltr'><strong>cst</strong></span> <span class='ocrx_word' id='word_1_153' title='bbox 2460 753 2740 821; x_wconf 89' lang='lat' dir='ltr'><strong>operarius</strong></span> <span class='ocrx_word' id='word_1_154' title='bbox 2768 751 2932 825; x_wconf 91' lang='lat' dir='ltr'><strong>(Ibid.</strong></span> <span class='ocrx_word' id='word_1_155' title='bbox 2963 754 2996 808; x_wconf 85' lang='lat'><strong>9</strong></span> <span class='ocrx_word' id='word_1_156' title='bbox 3024 763 3074 808; x_wconf 81' lang='lat' dir='ltr'><strong>et</strong></span> <span class='ocrx_word' id='word_1_157' title='bbox 3108 753 3222 824; x_wconf 79' lang='grc'><strong>10).</strong></span> <span class='ocrx_word' id='word_1_158' title='bbox 3255 753 3375 808; x_wconf 81' lang='lat' dir='ltr'><strong>Non</strong></span> <span class='ocrx_word' id='word_1_159' title='bbox 3404 754 3727 821; x_wconf 75' lang='lat' dir='ltr'><strong>invidiosus,</strong></span> <span class='ocrx_word' id='word_1_160' title='bbox 3751 768 3792 810; x_wconf 78' lang='lat' dir='ltr'><strong>ut</strong></span> 
     </span>
    </p>
   </div>
   <div class='ocr_carea' id='block_1_23' title="bbox 2214 845 3794 918">
    <p class='ocr_par' dir='ltr' id='par_1_23' title="bbox 2214 845 3794 918">
     <span class='ocr_line' id='line_1_23' title="bbox 2214 845 3794 918; baseline 0.003 -20"><span class='ocrx_word' id='word_1_161' title='bbox 2214 845 2482 911; x_wconf 89' lang='lat' dir='ltr'><strong>arbitror,</strong></span> <span class='ocrx_word' id='word_1_162' title='bbox 2529 845 2819 901; x_wconf 88' lang='lat' dir='ltr'><strong>thesaurus</strong></span> <span class='ocrx_word' id='word_1_163' title='bbox 2859 847 2911 901; x_wconf 89' lang='lat' dir='ltr'><strong>in</strong></span> <span class='ocrx_word' id='word_1_164' title='bbox 2963 863 3101 902; x_wconf 86' lang='lat' dir='ltr'><strong>zona</strong></span> <span class='ocrx_word' id='word_1_165' title='bbox 3151 856 3278 902; x_wconf 90' lang='lat' dir='ltr'><strong>est:</strong></span> <span class='ocrx_word' id='word_1_166' title='bbox 3315 857 3371 902; x_wconf 91' lang='lat' dir='ltr'><strong>et</strong></span> <span class='ocrx_word' id='word_1_167' title='bbox 3400 848 3532 918; x_wconf 88' lang='lat' dir='ltr'><strong>quid</strong></span> <span class='ocrx_word' id='word_1_168' title='bbox 3563 847 3663 902; x_wconf 83' lang='lat' dir='ltr'><strong>sibi</strong></span> <span class='ocrx_word' id='word_1_169' title='bbox 3712 851 3794 903; x_wconf 74' lang='lat' dir='ltr'><strong>vult</strong></span> 
     </span>
    </p>
   </div>
   <div class='ocr_carea' id='block_1_24' title="bbox 2215 939 3793 1010">
    <p class='ocr_par' dir='ltr' id='par_1_24' title="bbox 2215 939 3793 1010">
     <span class='ocr_line' id='line_1_24' title="bbox 2215 939 3793 1010; baseline 0.003 -19"><span class='ocrx_word' id='word_1_170' title='bbox 2215 939 2362 1006; x_wconf 86' lang='lat' dir='ltr'><strong>auri,</strong></span> <span class='ocrx_word' id='word_1_171' title='bbox 2394 942 2638 1010; x_wconf 90' lang='lat' dir='ltr'><strong>argenti,</strong></span> <span class='ocrx_word' id='word_1_172' title='bbox 2663 949 2825 1010; x_wconf 84' lang='lat' dir='ltr'><strong>atque</strong></span> <span class='ocrx_word' id='word_1_173' title='bbox 2851 940 2975 995; x_wconf 59' lang='lat' dir='ltr'><strong>aeris</strong></span> <span class='ocrx_word' id='word_1_174' title='bbox 3016 940 3068 994; x_wconf 90' lang='lat' dir='ltr'><strong>in</strong></span> <span class='ocrx_word' id='word_1_175' title='bbox 3093 957 3234 994; x_wconf 85' lang='lat' dir='ltr'><strong>zona</strong></span> <span class='ocrx_word' id='word_1_176' title='bbox 3258 939 3494 994; x_wconf 86' lang='lat' dir='ltr'><strong>inhibita</strong></span> <span class='ocrx_word' id='word_1_177' title='bbox 3521 943 3793 1010; x_wconf 70' lang='lat' dir='ltr'><strong>possessis?</strong></span> 
     </span>
    </p>
   </div>
   <div class='ocr_carea' id='block_1_25' title="bbox 2215 1032 3792 1104">
    <p class='ocr_par' dir='ltr' id='par_1_25' title="bbox 2215 1032 3792 1104">
     <span class='ocr_line' id='line_1_25' title="bbox 2215 1032 3792 1104; baseline 0.003 -18"><span class='ocrx_word' id='word_1_178' title='bbox 2215 1032 2358 1087; x_wconf 86' lang='lat' dir='ltr'><strong>Zona</strong></span> <span class='ocrx_word' id='word_1_179' title='bbox 2389 1042 2473 1088; x_wconf 90' lang='lat' dir='ltr'><strong>est</strong></span> <span class='ocrx_word' id='word_1_180' title='bbox 2502 1035 2782 1088; x_wconf 89' lang='lat' dir='ltr'><strong>ministerii</strong></span> <span class='ocrx_word' id='word_1_181' title='bbox 2817 1045 3108 1103; x_wconf 83' lang='lat' dir='ltr'><strong>apparatus</strong></span> <span class='ocrx_word' id='word_1_182' title='bbox 3134 1076 3149 1101; x_wconf 95' lang='lat'><strong>,</strong></span> <span class='ocrx_word' id='word_1_183' title='bbox 3184 1045 3239 1090; x_wconf 93' lang='lat' dir='ltr'><strong>et</strong></span> <span class='ocrx_word' id='word_1_184' title='bbox 3272 1032 3344 1088; x_wconf 88' lang='lat' dir='ltr'><strong>ad</strong></span> <span class='ocrx_word' id='word_1_185' title='bbox 3370 1033 3673 1089; x_wconf 80' lang='lat' dir='ltr'><strong>efﬁcaciam</strong></span> <span class='ocrx_word' id='word_1_186' title='bbox 3699 1052 3792 1104; x_wconf 62' lang='lat' dir='ltr'><strong>ore</strong></span> 
     </span>
    </p>
   </div>
   <div class='ocr_carea' id='block_1_26' title="bbox 2215 1125 3794 1198">
    <p class='ocr_par' dir='ltr' id='par_1_26' title="bbox 2215 1125 3794 1198">
     <span class='ocr_line' id='line_1_26' title="bbox 2215 1125 3794 1198; baseline -0.001 -18"><span class='ocrx_word' id='word_1_187' title='bbox 2215 1126 2291 1180; x_wconf 90' lang='lat' dir='ltr'><strong>ris</strong></span> <span class='ocrx_word' id='word_1_188' title='bbox 2318 1125 2652 1196; x_wconf 70' lang='lat' dir='ltr'><strong>prmcinctio.</strong></span> <span class='ocrx_word' id='word_1_189' title='bbox 2679 1125 2820 1196; x_wconf 83' lang='lat' dir='ltr'><strong>Ergo</strong></span> <span class='ocrx_word' id='word_1_190' title='bbox 2848 1143 2917 1182; x_wconf 89' lang='lat' dir='ltr'><strong>ne</strong></span> <span class='ocrx_word' id='word_1_191' title='bbox 2938 1127 3065 1198; x_wconf 87' lang='lat' dir='ltr'><strong>quid</strong></span> <span class='ocrx_word' id='word_1_192' title='bbox 3100 1129 3151 1181; x_wconf 91' lang='lat' dir='ltr'><strong>in</strong></span> <span class='ocrx_word' id='word_1_193' title='bbox 3182 1127 3499 1182; x_wconf 89' lang='lat' dir='ltr'><strong>ministerio</strong></span> <span class='ocrx_word' id='word_1_194' title='bbox 3523 1137 3705 1182; x_wconf 85' lang='lat' dir='ltr'><strong>nostro</strong></span> <span class='ocrx_word' id='word_1_195' title='bbox 3730 1147 3794 1185; x_wconf 70' lang='lat' dir='ltr'><strong>ve-</strong></span> 
     </span>
    </p>
   </div>
   <div class='ocr_carea' id='block_1_27' title="bbox 2217 1217 3793 1295">
    <p class='ocr_par' dir='ltr' id='par_1_27' title="bbox 2217 1217 3793 1295">
     <span class='ocr_line' id='line_1_27' title="bbox 2217 1217 3793 1295; baseline 0.003 -22"><span class='ocrx_word' id='word_1_196' title='bbox 2217 1219 2340 1274; x_wconf 91' lang='lat' dir='ltr'><strong>nale</strong></span> <span class='ocrx_word' id='word_1_197' title='bbox 2356 1217 2832 1282; x_wconf 86' lang='lat' dir='ltr'><strong>situdmonemur;</strong></span> <span class='ocrx_word' id='word_1_198' title='bbox 2865 1220 2936 1293; x_wconf 75' lang='lat' dir='ltr'><strong>(f)</strong></span> <span class='ocrx_word' id='word_1_199' title='bbox 2960 1237 3136 1292; x_wconf 89' lang='lat' dir='ltr'><strong>neque</strong></span> <span class='ocrx_word' id='word_1_200' title='bbox 3169 1220 3274 1276; x_wconf 92' lang='lat' dir='ltr'><strong>hoc</strong></span> <span class='ocrx_word' id='word_1_201' title='bbox 3303 1222 3648 1292; x_wconf 80' lang='lat' dir='ltr'><strong>apostolatus</strong></span> <span class='ocrx_word' id='word_1_202' title='bbox 3673 1222 3793 1295; x_wconf 69' lang='lat'><strong>712</strong></span> 
     </span>
    </p>
   </div>
   <div class='ocr_carea' id='block_1_28' title="bbox 2217 1312 3788 1386">
    <p class='ocr_par' dir='ltr' id='par_1_28' title="bbox 2217 1312 3788 1386">
     <span class='ocr_line' id='line_1_28' title="bbox 2217 1312 3788 1386; baseline 0 -20"><span class='ocrx_word' id='word_1_203' title='bbox 2217 1312 2387 1367; x_wconf 90' lang='lat' dir='ltr'><strong>nostri</strong></span> <span class='ocrx_word' id='word_1_204' title='bbox 2416 1329 2551 1384; x_wconf 91' lang='lat' dir='ltr'><strong>opus</strong></span> <span class='ocrx_word' id='word_1_205' title='bbox 2601 1315 2689 1369; x_wconf 87' lang='lat' dir='ltr'><strong>liat</strong></span> <span class='ocrx_word' id='word_1_206' title='bbox 2721 1315 2869 1380; x_wconf 87' lang='lat' dir='ltr'><strong>auri,</strong></span> <span class='ocrx_word' id='word_1_207' title='bbox 2928 1315 3188 1386; x_wconf 90' lang='lat' dir='ltr'><strong>argenti,</strong></span> <span class='ocrx_word' id='word_1_208' title='bbox 3236 1316 3484 1385; x_wconf 73' lang='lat' dir='ltr'><strong>terisque</strong></span> <span class='ocrx_word' id='word_1_209' title='bbox 3545 1322 3788 1384; x_wconf 63' lang='lat' dir='ltr'><strong>possessis.</strong></span> 
     </span>
    </p>
   </div>
   <div class='ocr_carea' id='block_1_29' title="bbox 2219 1405 3790 1478">
    <p class='ocr_par' dir='ltr' id='par_1_29' title="bbox 2219 1405 3790 1478">
     <span class='ocr_line' id='line_1_29' title="bbox 2219 1405 3790 1478; baseline 0.001 -18"><span class='ocrx_word' id='word_1_210' title='bbox 2219 1405 2331 1460; x_wconf 82' lang='lat' dir='ltr'><strong>Nec</strong></span> <span class='ocrx_word' id='word_1_211' title='bbox 2356 1423 2530 1478; x_wconf 83' lang='lat' dir='ltr'><strong>peram</strong></span> <span class='ocrx_word' id='word_1_212' title='bbox 2559 1406 2612 1460; x_wconf 85' lang='lat' dir='ltr'><strong>in</strong></span> <span class='ocrx_word' id='word_1_213' title='bbox 2644 1408 2744 1474; x_wconf 84' lang='lat' dir='ltr'><strong>via,</strong></span> <span class='ocrx_word' id='word_1_214' title='bbox 2778 1423 2961 1462; x_wconf 88' lang='lat' dir='ltr'><strong>curam</strong></span> <span class='ocrx_word' id='word_1_215' title='bbox 3009 1408 3224 1463; x_wconf 84' lang='lat' dir='ltr'><strong>scilicet</strong></span> <span class='ocrx_word' id='word_1_216' title='bbox 3254 1409 3546 1462; x_wconf 69' lang='lat' dir='ltr'><strong>szecularis</strong></span> <span class='ocrx_word' id='word_1_217' title='bbox 3586 1407 3790 1462; x_wconf 78' lang='lat' dir='ltr'><strong>substan-</strong></span> 
     </span>
    </p>
   </div>
   <div class='ocr_carea' id='block_1_30' title="bbox 2220 1500 3791 1572">
    <p class='ocr_par' dir='ltr' id='par_1_30' title="bbox 2220 1500 3791 1572">
     <span class='ocr_line' id='line_1_30' title="bbox 2220 1500 3791 1572; baseline 0.001 -17"><span class='ocrx_word' id='word_1_218' title='bbox 2220 1501 2306 1556; x_wconf 77' lang='lat' dir='ltr'><strong>tiae</strong></span> <span class='ocrx_word' id='word_1_219' title='bbox 2347 1501 2758 1572; x_wconf 89' lang='lat' dir='ltr'><strong>relinquendam</strong></span> <span class='ocrx_word' id='word_1_220' title='bbox 2789 1519 2802 1556; x_wconf 91' lang='lat'><strong>:</strong></span> <span class='ocrx_word' id='word_1_221' title='bbox 2831 1502 2954 1571; x_wconf 84' lang='lat' dir='ltr'><strong>quia</strong></span> <span class='ocrx_word' id='word_1_222' title='bbox 3001 1501 3182 1556; x_wconf 91' lang='lat' dir='ltr'><strong>omnis</strong></span> <span class='ocrx_word' id='word_1_223' title='bbox 3214 1500 3518 1557; x_wconf 85' lang='lat' dir='ltr'><strong>thesaurus</strong></span> <span class='ocrx_word' id='word_1_224' title='bbox 3566 1502 3633 1556; x_wconf 89' lang='lat' dir='ltr'><strong>sit</strong></span> <span class='ocrx_word' id='word_1_225' title='bbox 3659 1502 3791 1570; x_wconf 76' lang='lat' dir='ltr'><strong>perni-</strong></span> 
     </span>
    </p>
   </div>
   <div class='ocr_carea' id='block_1_31' title="bbox 2219 1593 3788 1660">
    <p class='ocr_par' dir='ltr' id='par_1_31' title="bbox 2219 1593 3788 1660">
     <span class='ocr_line' id='line_1_31' title="bbox 2219 1593 3788 1660; baseline 0 -11"><span class='ocrx_word' id='word_1_226' title='bbox 2219 1595 2400 1650; x_wconf 92' lang='lat' dir='ltr'><strong>ciosus</strong></span> <span class='ocrx_word' id='word_1_227' title='bbox 2428 1595 2481 1649; x_wconf 93' lang='lat' dir='ltr'><strong>in</strong></span> <span class='ocrx_word' id='word_1_228' title='bbox 2517 1604 2656 1650; x_wconf 89' lang='lat' dir='ltr'><strong>terra</strong></span> <span class='ocrx_word' id='word_1_229' title='bbox 2676 1637 2689 1660; x_wconf 93' lang='lat'><strong>,</strong></span> <span class='ocrx_word' id='word_1_230' title='bbox 2715 1593 2879 1649; x_wconf 90' lang='lat' dir='ltr'><strong>corde</strong></span> <span class='ocrx_word' id='word_1_231' title='bbox 2911 1605 3103 1649; x_wconf 91' lang='lat' dir='ltr'><strong>nostro</strong></span> <span class='ocrx_word' id='word_1_232' title='bbox 3127 1595 3240 1648; x_wconf 91' lang='lat' dir='ltr'><strong>illic</strong></span> <span class='ocrx_word' id='word_1_233' title='bbox 3262 1593 3495 1659; x_wconf 80' lang='lat' dir='ltr'><strong>futuro,</strong></span> <span class='ocrx_word' id='word_1_234' title='bbox 3528 1593 3615 1647; x_wconf 89' lang='lat' dir='ltr'><strong>ubi</strong></span> <span class='ocrx_word' id='word_1_235' title='bbox 3639 1597 3788 1649; x_wconf 73' lang='lat' dir='ltr'><strong>conda-</strong></span> 
     </span>
    </p>
   </div>
   <div class='ocr_carea' id='block_1_32' title="bbox 2219 1685 3780 1743">
    <p class='ocr_par' dir='ltr' id='par_1_32' title="bbox 2219 1685 3780 1743">
     <span class='ocr_line' id='line_1_32' title="bbox 2219 1685 3780 1743; baseline 0.001 -2"><span class='ocrx_word' id='word_1_236' title='bbox 2219 1694 2306 1741; x_wconf 90' lang='lat' dir='ltr'><strong>tur</strong></span> <span class='ocrx_word' id='word_1_237' title='bbox 2335 1697 2390 1741; x_wconf 90' lang='lat' dir='ltr'><strong>et</strong></span> <span class='ocrx_word' id='word_1_238' title='bbox 2438 1686 2743 1743; x_wconf 88' lang='lat' dir='ltr'><strong>thesaurus.</strong></span> <span class='ocrx_word' id='word_1_239' title='bbox 2803 1685 2925 1741; x_wconf 86' lang='lat' dir='ltr'><strong>Non</strong></span> <span class='ocrx_word' id='word_1_240' title='bbox 2955 1688 3088 1742; x_wconf 86' lang='lat' dir='ltr'><strong>duas</strong></span> <span class='ocrx_word' id='word_1_241' title='bbox 3143 1689 3371 1741; x_wconf 77' lang='lat' dir='ltr'><strong>tunicas.</strong></span> <span class='ocrx_word' id='word_1_242' title='bbox 3431 1685 3643 1742; x_wconf 79' lang='lat' dir='ltr'><strong>Sufﬁcit</strong></span> <span class='ocrx_word' id='word_1_243' title='bbox 3681 1690 3780 1742; x_wconf 74' lang='lat' dir='ltr'><strong>enim</strong></span> 
     </span>
    </p>
   </div>
   <div class='ocr_carea' id='block_1_33' title="bbox 510 1774 3774 1858">
    <p class='ocr_par' dir='ltr' id='par_1_33' title="bbox 510 1774 3774 1858">
     <span class='ocr_line' id='line_1_33' title="bbox 510 1774 3774 1858; baseline 0.001 -19"><span class='ocrx_word' id='word_1_244' title='bbox 510 1801 623 1840; x_wconf 91' lang='lat' dir='ltr'><strong>non</strong></span> <span class='ocrx_word' id='word_1_245' title='bbox 649 1783 793 1856; x_wconf 87' lang='lat' dir='ltr'><strong>quod</strong></span> <span class='ocrx_word' id='word_1_246' title='bbox 823 1798 929 1838; x_wconf 92' lang='lat' dir='ltr'><strong>non</strong></span> <span class='ocrx_word' id='word_1_247' title='bbox 978 1783 1140 1839; x_wconf 91' lang='lat' dir='ltr'><strong>etiam</strong></span> <span class='ocrx_word' id='word_1_248' title='bbox 1181 1781 1248 1836; x_wconf 88' lang='lat' dir='ltr'><strong>ad</strong></span> <span class='ocrx_word' id='word_1_249' title='bbox 1290 1780 1519 1835; x_wconf 87' lang='lat' dir='ltr'><strong>salutem</strong></span> <span class='ocrx_word' id='word_1_250' title='bbox 1548 1778 1790 1851; x_wconf 92' lang='lat' dir='ltr'><strong>gentium</strong></span> <span class='ocrx_word' id='word_1_251' title='bbox 1831 1778 2115 1833; x_wconf 87' lang='lat' dir='ltr'><strong>mitteren-</strong></span> <span class='ocrx_word' id='word_1_252' title='bbox 2145 1774 2194 1837; x_wconf 87' lang='grc' dir='ltr'><strong><em>Β</em></strong></span> <span class='ocrx_word' id='word_1_253' title='bbox 2221 1784 2377 1839; x_wconf 89' lang='lat' dir='ltr'><strong>nobis</strong></span> <span class='ocrx_word' id='word_1_254' title='bbox 2405 1785 2575 1839; x_wconf 89' lang='lat' dir='ltr'><strong>semel</strong></span> <span class='ocrx_word' id='word_1_255' title='bbox 2608 1784 2852 1840; x_wconf 88' lang='lat' dir='ltr'><strong>Christus</strong></span> <span class='ocrx_word' id='word_1_256' title='bbox 2887 1786 3105 1841; x_wconf 90' lang='lat' dir='ltr'><strong>indutus</strong></span> <span class='ocrx_word' id='word_1_257' title='bbox 3132 1805 3144 1840; x_wconf 95' lang='lat'>:</span> <span class='ocrx_word' id='word_1_258' title='bbox 3180 1803 3357 1854; x_wconf 82' lang='lat' dir='ltr'><strong>neve,</strong></span> <span class='ocrx_word' id='word_1_259' title='bbox 3393 1802 3500 1858; x_wconf 87' lang='lat' dir='ltr'><strong>per</strong></span> <span class='ocrx_word' id='word_1_260' title='bbox 3527 1789 3774 1856; x_wconf 63' lang='lat' dir='ltr'><strong>pravitatem</strong></span> 
     </span>
    </p>
   </div>
   <div class='ocr_carea' id='block_1_34' title="bbox 511 1869 2119 1946">
    <p class='ocr_par' dir='ltr' id='par_1_34' title="bbox 511 1869 2119 1946">
     <span class='ocr_line' id='line_1_34' title="bbox 511 1869 2119 1946; baseline -0.004 -13"><span class='ocrx_word' id='word_1_261' title='bbox 511 1886 623 1946; x_wconf 91' lang='lat' dir='ltr'><strong>tur,</strong></span> <span class='ocrx_word' id='word_1_262' title='bbox 656 1877 751 1932; x_wconf 87' lang='lat' dir='ltr'><strong>sed</strong></span> <span class='ocrx_word' id='word_1_263' title='bbox 783 1887 840 1931; x_wconf 87' lang='grc' dir='ltr'><strong>ιιι</strong></span> <span class='ocrx_word' id='word_1_264' title='bbox 865 1891 1030 1946; x_wconf 90' lang='lat' dir='ltr'><strong>opere</strong></span> <span class='ocrx_word' id='word_1_265' title='bbox 1065 1885 1119 1930; x_wconf 91' lang='lat' dir='ltr'><strong>et</strong></span> <span class='ocrx_word' id='word_1_266' title='bbox 1149 1874 1257 1929; x_wconf 88' lang='lat' dir='ltr'><strong>vita</strong></span> <span class='ocrx_word' id='word_1_267' title='bbox 1287 1873 1506 1944; x_wconf 75' lang='lat' dir='ltr'><strong>gentilis</strong></span> <span class='ocrx_word' id='word_1_268' title='bbox 1534 1871 1853 1944; x_wconf 60' lang='lat' dir='ltr'><strong>ignorantiae</strong></span> <span class='ocrx_word' id='word_1_269' title='bbox 1879 1869 2119 1926; x_wconf 88' lang='lat' dir='ltr'><strong>abstine-</strong></span> 
     </span>
    </p>
   </div>
   <div class='ocr_carea' id='block_1_35' title="bbox 512 1964 2116 2028">
    <p class='ocr_par' dir='ltr' id='par_1_35' title="bbox 512 1964 2116 2028">
     <span class='ocr_line' id='line_1_35' title="bbox 512 1964 2116 2028; baseline -0.006 0"><span class='ocrx_word' id='word_1_270' title='bbox 512 1981 654 2028; x_wconf 87' lang='lat' dir='ltr'><strong>rent.</strong></span> <span class='ocrx_word' id='word_1_271' title='bbox 679 1971 736 2026; x_wconf 95' lang='lat' dir='ltr'><strong>In</strong></span> <span class='ocrx_word' id='word_1_272' title='bbox 762 1971 1008 2026; x_wconf 87' lang='lat' dir='ltr'><strong>civitates</strong></span> <span class='ocrx_word' id='word_1_273' title='bbox 1036 1967 1500 2024; x_wconf 81' lang='lat' dir='ltr'><strong>Samaritanorum</strong></span> <span class='ocrx_word' id='word_1_274' title='bbox 1533 1967 1681 2020; x_wconf 90' lang='lat' dir='ltr'><strong>vetiti</strong></span> <span class='ocrx_word' id='word_1_275' title='bbox 1717 1974 1841 2020; x_wconf 91' lang='lat' dir='ltr'><strong>sunt</strong></span> <span class='ocrx_word' id='word_1_276' title='bbox 1867 1964 2116 2019; x_wconf 84' lang='lat' dir='ltr'><strong>introire.</strong></span> 
     </span>
    </p>
   </div>
   <div class='ocr_carea' id='block_1_36' title="bbox 512 2056 2113 2134">
    <p class='ocr_par' dir='ltr' id='par_1_36' title="bbox 512 2056 2113 2134">
     <span class='ocr_line' id='line_1_36' title="bbox 512 2056 2113 2134; baseline -0.006 -16"><span class='ocrx_word' id='word_1_277' title='bbox 512 2061 783 2134; x_wconf 82' lang='lat' dir='ltr'><strong>Numquid</strong></span> <span class='ocrx_word' id='word_1_278' title='bbox 807 2077 912 2117; x_wconf 92' lang='lat' dir='ltr'><strong>non</strong></span> <span class='ocrx_word' id='word_1_279' title='bbox 945 2061 1122 2133; x_wconf 87' lang='lat' dir='ltr'><strong>potius</strong></span> <span class='ocrx_word' id='word_1_280' title='bbox 1139 2059 1534 2117; x_wconf 87' lang='lat' dir='ltr'><strong>Samaritanam</strong></span> <span class='ocrx_word' id='word_1_281' title='bbox 1559 2060 1674 2129; x_wconf 89' lang='lat' dir='ltr'><strong>ipse</strong></span> <span class='ocrx_word' id='word_1_282' title='bbox 1695 2056 1904 2114; x_wconf 85' lang='lat' dir='ltr'><strong>curavit</strong></span> <span class='ocrx_word' id='word_1_283' title='bbox 1933 2056 2113 2125; x_wconf 83' lang='lat' dir='ltr'><strong>(Joan.</strong></span> 
     </span>
    </p>
   </div>
   <div class='ocr_carea' id='block_1_37' title="bbox 513 2149 2112 2227">
    <p class='ocr_par' dir='ltr' id='par_1_37' title="bbox 513 2149 2112 2227">
     <span class='ocr_line' id='line_1_37' title="bbox 513 2149 2112 2227; baseline -0.003 -17"><span class='ocrx_word' id='word_1_284' title='bbox 513 2153 618 2227; x_wconf 63' lang='lat'><strong>4)?</strong></span> <span class='ocrx_word' id='word_1_285' title='bbox 649 2154 754 2210; x_wconf 89' lang='lat' dir='ltr'><strong>Sed</strong></span> <span class='ocrx_word' id='word_1_286' title='bbox 800 2162 858 2209; x_wconf 89' lang='lat' dir='ltr'><strong>ut</strong></span> <span class='ocrx_word' id='word_1_287' title='bbox 899 2154 1159 2210; x_wconf 87' lang='lat' dir='ltr'><strong>ecclesias</strong></span> <span class='ocrx_word' id='word_1_288' title='bbox 1205 2152 1583 2208; x_wconf 69' lang='lat' dir='ltr'><strong>hmreticorum</strong></span> <span class='ocrx_word' id='word_1_289' title='bbox 1634 2167 1742 2206; x_wconf 88' lang='lat' dir='ltr'><strong>non</strong></span> <span class='ocrx_word' id='word_1_290' title='bbox 1788 2150 1988 2206; x_wconf 87' lang='lat' dir='ltr'><strong>adeant</strong></span> <span class='ocrx_word' id='word_1_291' title='bbox 2017 2149 2112 2205; x_wconf 88' lang='lat' dir='ltr'><strong>ad-</strong></span> 
     </span>
    </p>
   </div>
   <div class='ocr_carea' id='block_1_38' title="bbox 513 2244 2116 2317">
    <p class='ocr_par' dir='ltr' id='par_1_38' title="bbox 513 2244 2116 2317">
     <span class='ocr_line' id='line_1_38' title="bbox 513 2244 2116 2317; baseline -0.005 -13"><span class='ocrx_word' id='word_1_292' title='bbox 513 2259 828 2304; x_wconf 91' lang='lat' dir='ltr'><strong>monentur.</strong></span> <span class='ocrx_word' id='word_1_293' title='bbox 857 2246 1001 2302; x_wconf 89' lang='lat' dir='ltr'><strong>Nihil</strong></span> <span class='ocrx_word' id='word_1_294' title='bbox 1041 2246 1182 2302; x_wconf 89' lang='lat' dir='ltr'><strong>enim</strong></span> <span class='ocrx_word' id='word_1_295' title='bbox 1217 2246 1397 2302; x_wconf 83' lang='lat' dir='ltr'><strong>diﬂ&#39;ert</strong></span> <span class='ocrx_word' id='word_1_296' title='bbox 1425 2246 1492 2301; x_wconf 88' lang='lat' dir='ltr'><strong>ab</strong></span> <span class='ocrx_word' id='word_1_297' title='bbox 1530 2244 1864 2317; x_wconf 82' lang='lat' dir='ltr'><strong>ignoratione</strong></span> <span class='ocrx_word' id='word_1_298' title='bbox 1893 2258 2116 2314; x_wconf 86' lang='lat' dir='ltr'><strong>perver-</strong></span> 
     </span>
    </p>
   </div>
   <div class='ocr_carea' id='block_1_39' title="bbox 512 2333 2118 2410">
    <p class='ocr_par' dir='ltr' id='par_1_39' title="bbox 512 2333 2118 2410">
     <span class='ocr_line' id='line_1_39' title="bbox 512 2333 2118 2410; baseline -0.005 -12"><span class='ocrx_word' id='word_1_299' title='bbox 512 2341 667 2398; x_wconf 89' lang='lat' dir='ltr'><strong>sitas.</strong></span> <span class='ocrx_word' id='word_1_300' title='bbox 694 2341 980 2398; x_wconf 78' lang='lat' dir='ltr'><strong>Mittuntur</strong></span> <span class='ocrx_word' id='word_1_301' title='bbox 999 2340 1194 2397; x_wconf 88' lang='lat' dir='ltr'><strong>deinde</strong></span> <span class='ocrx_word' id='word_1_302' title='bbox 1217 2341 1282 2396; x_wconf 88' lang='lat' dir='ltr'><strong>ad</strong></span> <span class='ocrx_word' id='word_1_303' title='bbox 1301 2356 1430 2396; x_wconf 90' lang='lat' dir='ltr'><strong>oves</strong></span> <span class='ocrx_word' id='word_1_304' title='bbox 1468 2339 1704 2410; x_wconf 85' lang='lat' dir='ltr'><strong>perditas</strong></span> <span class='ocrx_word' id='word_1_305' title='bbox 1733 2339 1928 2394; x_wconf 90' lang='lat' dir='ltr'><strong>domus</strong></span> <span class='ocrx_word' id='word_1_306' title='bbox 1955 2333 2118 2392; x_wconf 88' lang='lat' dir='ltr'><strong>Israel</strong></span> 
     </span>
    </p>
   </div>
   <div class='ocr_carea' id='block_1_40' title="bbox 517 2429 2117 2508">
    <p class='ocr_par' dir='ltr' id='par_1_40' title="bbox 517 2429 2117 2508">
     <span class='ocr_line' id='line_1_40' title="bbox 517 2429 2117 2508; baseline -0.005 -18"><span class='ocrx_word' id='word_1_307' title='bbox 517 2435 732 2508; x_wconf 78' lang='lat' dir='ltr'><strong>(Matth.</strong></span> <span class='ocrx_word' id='word_1_308' title='bbox 769 2453 824 2504; x_wconf 76' lang='lat' dir='ltr'><strong>x,</strong></span> <span class='ocrx_word' id='word_1_309' title='bbox 854 2435 935 2507; x_wconf 91' lang='grc'><strong>6).</strong></span> <span class='ocrx_word' id='word_1_310' title='bbox 965 2434 1165 2506; x_wconf 82' lang='lat' dir='ltr'><strong>Atquin</strong></span> <span class='ocrx_word' id='word_1_311' title='bbox 1208 2435 1260 2489; x_wconf 89' lang='lat' dir='ltr'><strong>in</strong></span> <span class='ocrx_word' id='word_1_312' title='bbox 1289 2449 1411 2489; x_wconf 92' lang='lat' dir='ltr'><strong>eum</strong></span> <span class='ocrx_word' id='word_1_313' title='bbox 1443 2430 1599 2504; x_wconf 90' lang='lat' dir='ltr'><strong>(Scil.</strong></span> <span class='ocrx_word' id='word_1_314' title='bbox 1629 2431 1930 2502; x_wconf 87' lang='lat' dir='ltr'><strong>Christum)</strong></span> <span class='ocrx_word' id='word_1_315' title='bbox 1965 2429 2117 2499; x_wconf 84' lang='lat' dir='ltr'><strong>lupo-</strong></span> 
     </span>
    </p>
   </div>
   <div class='ocr_carea' id='block_1_41' title="bbox 511 2524 2115 2600">
    <p class='ocr_par' dir='ltr' id='par_1_41' title="bbox 511 2524 2115 2600">
     <span class='ocr_line' id='line_1_41' title="bbox 511 2524 2115 2600; baseline -0.009 -12"><span class='ocrx_word' id='word_1_316' title='bbox 511 2546 632 2588; x_wconf 91' lang='lat' dir='ltr'><strong>rum</strong></span> <span class='ocrx_word' id='word_1_317' title='bbox 688 2545 752 2586; x_wconf 91' lang='lat' dir='ltr'><strong>ac</strong></span> <span class='ocrx_word' id='word_1_318' title='bbox 804 2531 1112 2600; x_wconf 78' lang='lat' dir='ltr'><strong>viperarum</strong></span> <span class='ocrx_word' id='word_1_319' title='bbox 1157 2526 1353 2598; x_wconf 83' lang='lat' dir='ltr'><strong>linguis</strong></span> <span class='ocrx_word' id='word_1_320' title='bbox 1402 2535 1456 2581; x_wconf 90' lang='lat' dir='ltr'><strong>et</strong></span> <span class='ocrx_word' id='word_1_321' title='bbox 1518 2524 1759 2580; x_wconf 72' lang='lat' dir='ltr'><strong>faucibus</strong></span> <span class='ocrx_word' id='word_1_322' title='bbox 1805 2526 2115 2579; x_wconf 70' lang='lat' dir='ltr'><strong>smvierunt.</strong></span> 
     </span>
    </p>
   </div>
   <div class='ocr_carea' id='block_1_42' title="bbox 512 2615 2119 2697">
    <p class='ocr_par' dir='ltr' id='par_1_42' title="bbox 512 2615 2119 2697">
     <span class='ocr_line' id='line_1_42' title="bbox 512 2615 2119 2697; baseline -0.009 -14"><span class='ocrx_word' id='word_1_323' title='bbox 512 2625 620 2683; x_wconf 87' lang='lat' dir='ltr'><strong>Sed</strong></span> <span class='ocrx_word' id='word_1_324' title='bbox 650 2624 722 2697; x_wconf 80' lang='grc' dir='ltr'><strong>(ε)</strong></span> <span class='ocrx_word' id='word_1_325' title='bbox 755 2624 1022 2696; x_wconf 88' lang='lat' dir='ltr'><strong>legislatio</strong></span> <span class='ocrx_word' id='word_1_326' title='bbox 1065 2623 1309 2679; x_wconf 86' lang='lat' dir='ltr'><strong>obtinere</strong></span> <span class='ocrx_word' id='word_1_327' title='bbox 1348 2619 1682 2692; x_wconf 74' lang='lat' dir='ltr'><strong>privilegium</strong></span> <span class='ocrx_word' id='word_1_328' title='bbox 1723 2617 1994 2688; x_wconf 79' lang='lat' dir='ltr'><strong>Evangelii</strong></span> <span class='ocrx_word' id='word_1_329' title='bbox 2023 2615 2119 2671; x_wconf 86' lang='lat' dir='ltr'><strong>de-</strong></span> 
     </span>
    </p>
   </div>
   <div class='ocr_carea' id='block_1_43' title="bbox 513 2711 2117 2778">
    <p class='ocr_par' dir='ltr' id='par_1_43' title="bbox 513 2711 2117 2778">
     <span class='ocr_line' id='line_1_43' title="bbox 513 2711 2117 2778; baseline -0.007 0"><span class='ocrx_word' id='word_1_330' title='bbox 513 2721 678 2778; x_wconf 85' lang='lat' dir='ltr'><strong>bebat</strong></span> <span class='ocrx_word' id='word_1_331' title='bbox 712 2738 724 2775; x_wconf 96' lang='lat'>:</span> <span class='ocrx_word' id='word_1_332' title='bbox 755 2719 859 2776; x_wconf 89' lang='lat' dir='ltr'><strong>hoc</strong></span> <span class='ocrx_word' id='word_1_333' title='bbox 891 2722 1069 2775; x_wconf 90' lang='lat' dir='ltr'><strong>minus</strong></span> <span class='ocrx_word' id='word_1_334' title='bbox 1106 2717 1270 2773; x_wconf 87' lang='lat' dir='ltr'><strong>Israel</strong></span> <span class='ocrx_word' id='word_1_335' title='bbox 1316 2716 1540 2772; x_wconf 89' lang='lat' dir='ltr'><strong>sceleris</strong></span> <span class='ocrx_word' id='word_1_336' title='bbox 1582 2715 1666 2769; x_wconf 89' lang='lat' dir='ltr'><strong>sui</strong></span> <span class='ocrx_word' id='word_1_337' title='bbox 1708 2711 2117 2770; x_wconf 81' lang='lat' dir='ltr'><strong>excusationem</strong></span> 
     </span>
    </p>
   </div>
   <div class='ocr_carea' id='block_1_44' title="bbox 513 2807 2119 2885">
    <p class='ocr_par' dir='ltr' id='par_1_44' title="bbox 513 2807 2119 2885">
     <span class='ocr_line' id='line_1_44' title="bbox 513 2807 2119 2885; baseline -0.006 -16"><span class='ocrx_word' id='word_1_338' title='bbox 513 2813 831 2882; x_wconf 86' lang='lat' dir='ltr'><strong>habiturus,</strong></span> <span class='ocrx_word' id='word_1_339' title='bbox 859 2828 967 2884; x_wconf 92' lang='lat' dir='ltr'><strong>quo</strong></span> <span class='ocrx_word' id='word_1_340' title='bbox 993 2813 1114 2885; x_wconf 90' lang='lat' dir='ltr'><strong>plus</strong></span> <span class='ocrx_word' id='word_1_341' title='bbox 1139 2807 1444 2867; x_wconf 88' lang='lat' dir='ltr'><strong>sedulitatis</strong></span> <span class='ocrx_word' id='word_1_342' title='bbox 1487 2809 1539 2864; x_wconf 89' lang='lat' dir='ltr'><strong>in</strong></span> <span class='ocrx_word' id='word_1_343' title='bbox 1581 2807 1947 2863; x_wconf 90' lang='lat' dir='ltr'><strong>admonitione</strong></span> <span class='ocrx_word' id='word_1_344' title='bbox 1993 2820 2119 2860; x_wconf 88' lang='lat' dir='ltr'><strong>sen-</strong></span> 
     </span>
    </p>
   </div>
   <div class='ocr_carea' id='block_1_45' title="bbox 512 2908 692 2964">
    <p class='ocr_par' dir='ltr' id='par_1_45' title="bbox 512 2908 692 2964">
     <span class='ocr_line' id='line_1_45' title="bbox 512 2908 692 2964; baseline -0.006 -1"><span class='ocrx_word' id='word_1_345' title='bbox 512 2908 692 2964; x_wconf 88' lang='lat' dir='ltr'><strong>sisset.</strong></span> 
     </span>
    </p>
   </div>
   <div class='ocr_carea' id='block_1_46' title="bbox 590 2989 2116 3074">
    <p class='ocr_par' dir='ltr' id='par_1_46' title="bbox 590 2989 2116 3074">
     <span class='ocr_line' id='line_1_46' title="bbox 590 2989 2116 3074; baseline -0.006 -20"><span class='ocrx_word' id='word_1_346' title='bbox 590 2999 647 3054; x_wconf 70' lang='grc'><strong>4.</strong></span> <span class='ocrx_word' id='word_1_347' title='bbox 677 2999 954 3074; x_wconf 72' lang='grc' dir='ltr'><strong>ξΡενῙεοια</strong></span> <span class='ocrx_word' id='word_1_348' title='bbox 995 3000 1051 3054; x_wconf 87' lang='lat' dir='ltr'><strong>in</strong></span> <span class='ocrx_word' id='word_1_349' title='bbox 1101 2999 1360 3071; x_wconf 82' lang='lat' dir='ltr'><strong>Apostolis</strong></span> <span class='ocrx_word' id='word_1_350' title='bbox 1392 2994 1584 3051; x_wconf 83' lang='lat' dir='ltr'><strong>Christi</strong></span> <span class='ocrx_word' id='word_1_351' title='bbox 1621 2995 1812 3069; x_wconf 80' lang='lat' dir='ltr'><strong>imago.</strong></span> <span class='ocrx_word' id='word_1_352' title='bbox 1860 3020 1930 3034; x_wconf 87' lang='lat'><strong>--</strong></span> <span class='ocrx_word' id='word_1_353' title='bbox 1983 2989 2116 3046; x_wconf 87' lang='lat' dir='ltr'><strong>Tota</strong></span> 
     </span>
    </p>
   </div>
   <div class='ocr_carea' id='block_1_47' title="bbox 516 3087 2121 3167">
    <p class='ocr_par' dir='ltr' id='par_1_47' title="bbox 516 3087 2121 3167">
     <span class='ocr_line' id='line_1_47' title="bbox 516 3087 2121 3167; baseline -0.009 -15"><span class='ocrx_word' id='word_1_354' title='bbox 516 3095 712 3152; x_wconf 90' lang='lat' dir='ltr'><strong>deinde</strong></span> <span class='ocrx_word' id='word_1_355' title='bbox 741 3095 793 3150; x_wconf 91' lang='lat' dir='ltr'><strong>in</strong></span> <span class='ocrx_word' id='word_1_356' title='bbox 823 3094 1099 3167; x_wconf 87' lang='lat' dir='ltr'><strong>apostolos</strong></span> <span class='ocrx_word' id='word_1_357' title='bbox 1131 3102 1368 3164; x_wconf 88' lang='lat' dir='ltr'><strong>potestas</strong></span> <span class='ocrx_word' id='word_1_358' title='bbox 1392 3090 1607 3145; x_wconf 90' lang='lat' dir='ltr'><strong>virtutis</strong></span> <span class='ocrx_word' id='word_1_359' title='bbox 1634 3087 1922 3144; x_wconf 76' lang='lat' dir='ltr'><strong>dominica:</strong></span> <span class='ocrx_word' id='word_1_360' title='bbox 1951 3094 2121 3140; x_wconf 82' lang='lat' dir='ltr'><strong>trans-</strong></span> 
     </span>
    </p>
   </div>
   <div class='ocr_carea' id='block_1_48' title="bbox 2222 1875 3761 1949">
    <p class='ocr_par' dir='ltr' id='par_1_48' title="bbox 2222 1875 3761 1949">
     <span class='ocr_line' id='line_1_48' title="bbox 2222 1875 3761 1949; baseline 0.004 -19"><span class='ocrx_word' id='word_1_361' title='bbox 2222 1875 2596 1947; x_wconf 73' lang='lat' dir='ltr'><strong>intelligentia:</strong></span> <span class='ocrx_word' id='word_1_362' title='bbox 2641 1889 2840 1933; x_wconf 71' lang='lat' dir='ltr'><strong>nostra:</strong></span> <span class='ocrx_word' id='word_1_363' title='bbox 2865 1920 2882 1946; x_wconf 95' lang='lat'><strong>,</strong></span> <span class='ocrx_word' id='word_1_364' title='bbox 2931 1879 3104 1934; x_wconf 90' lang='lat' dir='ltr'><strong>altera</strong></span> <span class='ocrx_word' id='word_1_365' title='bbox 3134 1879 3410 1949; x_wconf 87' lang='lat' dir='ltr'><strong>deinceps</strong></span> <span class='ocrx_word' id='word_1_366' title='bbox 3443 1880 3541 1935; x_wconf 85' lang='lat' dir='ltr'><strong>vel</strong></span> <span class='ocrx_word' id='word_1_367' title='bbox 3581 1878 3761 1936; x_wconf 67' lang='lat' dir='ltr'><strong>hereseos</strong></span> 
     </span>
    </p>
   </div>
   <div class='ocr_carea' id='block_1_49' title="bbox 2218 1968 3767 2040">
    <p class='ocr_par' dir='ltr' id='par_1_49' title="bbox 2218 1968 3767 2040">
     <span class='ocr_line' id='line_1_49' title="bbox 2218 1968 3767 2040; baseline 0.003 -17"><span class='ocrx_word' id='word_1_368' title='bbox 2218 1968 2308 2024; x_wconf 87' lang='lat' dir='ltr'><strong>vel</strong></span> <span class='ocrx_word' id='word_1_369' title='bbox 2338 1968 2472 2040; x_wconf 81' lang='lat' dir='ltr'><strong>legis</strong></span> <span class='ocrx_word' id='word_1_370' title='bbox 2519 1978 2671 2026; x_wconf 86' lang='lat' dir='ltr'><strong>veste</strong></span> <span class='ocrx_word' id='word_1_371' title='bbox 2722 1971 3032 2027; x_wconf 87' lang='lat' dir='ltr'><strong>induamur.</strong></span> <span class='ocrx_word' id='word_1_372' title='bbox 3080 1970 3207 2027; x_wconf 84' lang='lat' dir='ltr'><strong>Non</strong></span> <span class='ocrx_word' id='word_1_373' title='bbox 3253 1973 3632 2027; x_wconf 76' lang='lat' dir='ltr'><strong>calceamenta.</strong></span> <span class='ocrx_word' id='word_1_374' title='bbox 3659 1973 3767 2027; x_wconf 60' lang='lat' dir='ltr'><strong>fisa:-</strong></span> 
     </span>
    </p>
   </div>
   <div class='ocr_carea' id='block_1_50' title="bbox 2221 2061 3782 2137">
    <p class='ocr_par' dir='ltr' id='par_1_50' title="bbox 2221 2061 3782 2137">
     <span class='ocr_line' id='line_1_50' title="bbox 2221 2061 3782 2137; baseline 0.003 -20"><span class='ocrx_word' id='word_1_375' title='bbox 2221 2061 2347 2132; x_wconf 88' lang='lat' dir='ltr'><strong>quid</strong></span> <span class='ocrx_word' id='word_1_376' title='bbox 2372 2061 2726 2119; x_wconf 88' lang='lat' dir='ltr'><strong>humanorum</strong></span> <span class='ocrx_word' id='word_1_377' title='bbox 2754 2065 2950 2136; x_wconf 88' lang='lat' dir='ltr'><strong>pedum</strong></span> <span class='ocrx_word' id='word_1_378' title='bbox 2983 2066 3292 2121; x_wconf 63' lang='lat' dir='ltr'><strong>infirmitas</strong></span> <span class='ocrx_word' id='word_1_379' title='bbox 3315 2067 3545 2137; x_wconf 81' lang='lat' dir='ltr'><strong>patiens</strong></span> <span class='ocrx_word' id='word_1_380' title='bbox 3585 2080 3657 2123; x_wconf 71' lang='grc' dir='ltr'><strong>εει</strong></span> <span class='ocrx_word' id='word_1_381' title='bbox 3676 2070 3782 2122; x_wconf 59' lang='lat' dir='ltr'><strong>auii-</strong></span> 
     </span>
    </p>
   </div>
   <div class='ocr_carea' id='block_1_51' title="bbox 2220 2157 3786 2232">
    <p class='ocr_par' dir='ltr' id='par_1_51' title="bbox 2220 2157 3786 2232">
     <span class='ocr_line' id='line_1_51' title="bbox 2220 2157 3786 2232; baseline 0.004 -23"><span class='ocrx_word' id='word_1_382' title='bbox 2220 2157 2390 2212; x_wconf 84' lang='lat' dir='ltr'><strong>tatis?</strong></span> <span class='ocrx_word' id='word_1_383' title='bbox 2429 2157 2536 2213; x_wconf 89' lang='lat' dir='ltr'><strong>Sed</strong></span> <span class='ocrx_word' id='word_1_384' title='bbox 2567 2159 2617 2213; x_wconf 92' lang='lat' dir='ltr'><strong>in</strong></span> <span class='ocrx_word' id='word_1_385' title='bbox 2653 2169 2836 2214; x_wconf 90' lang='lat' dir='ltr'><strong>sancta</strong></span> <span class='ocrx_word' id='word_1_386' title='bbox 2869 2170 3042 2225; x_wconf 87' lang='lat' dir='ltr'><strong>terra,</strong></span> <span class='ocrx_word' id='word_1_387' title='bbox 3071 2169 3126 2217; x_wconf 92' lang='lat' dir='ltr'><strong>et</strong></span> <span class='ocrx_word' id='word_1_388' title='bbox 3173 2171 3543 2230; x_wconf 84' lang='lat' dir='ltr'><strong>peccatorum</strong></span> <span class='ocrx_word' id='word_1_389' title='bbox 3570 2164 3786 2232; x_wconf 61' lang='lat' dir='ltr'><strong>spinisst-</strong></span> 
     </span>
    </p>
   </div>
   <div class='ocr_carea' id='block_1_52' title="bbox 2219 2248 3788 2326">
    <p class='ocr_par' dir='ltr' id='par_1_52' title="bbox 2219 2248 3788 2326">
     <span class='ocr_line' id='line_1_52' title="bbox 2219 2248 3788 2326; baseline 0.005 -26"><span class='ocrx_word' id='word_1_390' title='bbox 2219 2261 2324 2318; x_wconf 91' lang='lat' dir='ltr'><strong>que</strong></span> <span class='ocrx_word' id='word_1_391' title='bbox 2353 2248 2559 2304; x_wconf 89' lang='lat' dir='ltr'><strong>aculeis</strong></span> <span class='ocrx_word' id='word_1_392' title='bbox 2585 2266 2691 2305; x_wconf 91' lang='lat' dir='ltr'><strong>non</strong></span> <span class='ocrx_word' id='word_1_393' title='bbox 2720 2251 2941 2308; x_wconf 91' lang='lat' dir='ltr'><strong>obsessa</strong></span> <span class='ocrx_word' id='word_1_394' title='bbox 2963 2295 2976 2316; x_wconf 88' lang='lat'><strong>,</strong></span> <span class='ocrx_word' id='word_1_395' title='bbox 3013 2261 3071 2306; x_wconf 89' lang='lat' dir='ltr'><strong>ut</strong></span> <span class='ocrx_word' id='word_1_396' title='bbox 3117 2252 3294 2326; x_wconf 83' lang='lat' dir='ltr'><strong>Moysi</strong></span> <span class='ocrx_word' id='word_1_397' title='bbox 3341 2253 3563 2309; x_wconf 87' lang='lat' dir='ltr'><strong>dictum</strong></span> <span class='ocrx_word' id='word_1_398' title='bbox 3588 2266 3688 2320; x_wconf 83' lang='lat' dir='ltr'><strong>est,</strong></span> <span class='ocrx_word' id='word_1_399' title='bbox 3723 2272 3788 2308; x_wconf 48' lang='lat' dir='ltr'><strong>ttu-</strong></span> 
     </span>
    </p>
   </div>
   <div class='ocr_carea' id='block_1_53' title="bbox 2217 2339 3785 2418">
    <p class='ocr_par' dir='ltr' id='par_1_53' title="bbox 2217 2339 3785 2418">
     <span class='ocr_line' id='line_1_53' title="bbox 2217 2339 3785 2418; baseline 0.006 -22"><span class='ocrx_word' id='word_1_400' title='bbox 2217 2339 2302 2396; x_wconf 89' lang='lat' dir='ltr'><strong>dis</strong></span> <span class='ocrx_word' id='word_1_401' title='bbox 2329 2342 2558 2412; x_wconf 87' lang='lat' dir='ltr'><strong>pedibus</strong></span> <span class='ocrx_word' id='word_1_402' title='bbox 2609 2346 2800 2401; x_wconf 87' lang='lat' dir='ltr'><strong>staturi</strong></span> <span class='ocrx_word' id='word_1_403' title='bbox 2833 2344 3032 2416; x_wconf 75' lang='lat' dir='ltr'><strong>(Exodi</strong></span> <span class='ocrx_word' id='word_1_404' title='bbox 3080 2360 3139 2400; x_wconf 89' lang='grc' dir='ltr'><strong>ιιι</strong></span> <span class='ocrx_word' id='word_1_405' title='bbox 3169 2389 3182 2412; x_wconf 94' lang='grc'><em>,</em></span> <span class='ocrx_word' id='word_1_406' title='bbox 3213 2349 3310 2418; x_wconf 81' lang='grc'><strong>5),</strong></span> <span class='ocrx_word' id='word_1_407' title='bbox 3335 2347 3785 2405; x_wconf 71' lang='lat' dir='ltr'><strong>admonemurass</strong></span> 
     </span>
    </p>
   </div>
   <div class='ocr_carea' id='block_1_54' title="bbox 2218 2433 3785 2512">
    <p class='ocr_par' dir='ltr' id='par_1_54' title="bbox 2218 2433 3785 2512">
     <span class='ocr_line' id='line_1_54' title="bbox 2218 2433 3785 2512; baseline 0.007 -25"><span class='ocrx_word' id='word_1_408' title='bbox 2218 2433 2384 2489; x_wconf 90' lang='lat' dir='ltr'><strong>alium</strong></span> <span class='ocrx_word' id='word_1_409' title='bbox 2413 2435 2686 2507; x_wconf 88' lang='lat' dir='ltr'><strong>ingressus</strong></span> <span class='ocrx_word' id='word_1_410' title='bbox 2712 2440 2878 2493; x_wconf 90' lang='lat' dir='ltr'><strong>nostri</strong></span> <span class='ocrx_word' id='word_1_411' title='bbox 2912 2438 3131 2506; x_wconf 83' lang='lat' dir='ltr'><strong>habere,</strong></span> <span class='ocrx_word' id='word_1_412' title='bbox 3158 2457 3328 2510; x_wconf 81' lang='lat' dir='ltr'><strong>quam</strong></span> <span class='ocrx_word' id='word_1_413' title='bbox 3362 2459 3532 2512; x_wconf 89' lang='lat' dir='ltr'><strong>quem</strong></span> <span class='ocrx_word' id='word_1_414' title='bbox 3567 2460 3596 2498; x_wconf 85' lang='lat' dir='ltr'><strong>a</strong></span> <span class='ocrx_word' id='word_1_415' title='bbox 3621 2442 3785 2498; x_wconf 59' lang='lat' dir='ltr'><strong>Clarias:</strong></span> 
     </span>
    </p>
   </div>
   <div class='ocr_carea' id='block_1_55' title="bbox 2219 2526 3789 2604">
    <p class='ocr_par' dir='ltr' id='par_1_55' title="bbox 2219 2526 3789 2604">
     <span class='ocr_line' id='line_1_55' title="bbox 2219 2526 3789 2604; baseline 0.008 -25"><span class='ocrx_word' id='word_1_416' title='bbox 2219 2540 2314 2580; x_wconf 91' lang='lat' dir='ltr'><strong>acc</strong></span> <span class='ocrx_word' id='word_1_417' title='bbox 2326 2526 2538 2597; x_wconf 88' lang='lat' dir='ltr'><strong>epimus</strong></span> <span class='ocrx_word' id='word_1_418' title='bbox 2564 2571 2579 2595; x_wconf 94' lang='lat'><strong>,</strong></span> <span class='ocrx_word' id='word_1_419' title='bbox 2606 2541 2940 2602; x_wconf 84' lang='lat' dir='ltr'><strong>apparatum.</strong></span> <span class='ocrx_word' id='word_1_420' title='bbox 2976 2531 3154 2602; x_wconf 81' lang='lat' dir='ltr'><strong>Neque</strong></span> <span class='ocrx_word' id='word_1_421' title='bbox 3179 2533 3383 2604; x_wconf 81' lang='lat' dir='ltr'><strong>virgam</strong></span> <span class='ocrx_word' id='word_1_422' title='bbox 3407 2537 3464 2589; x_wconf 79' lang='lat' dir='ltr'><strong>in</strong></span> <span class='ocrx_word' id='word_1_423' title='bbox 3489 2537 3709 2589; x_wconf 70' lang='lat' dir='ltr'><strong>manibus</strong></span> <span class='ocrx_word' id='word_1_424' title='bbox 3727 2581 3738 2600; x_wconf 87' lang='lat'><strong>,</strong></span> <span class='ocrx_word' id='word_1_425' title='bbox 3756 2536 3789 2591; x_wconf 69' lang='lat' dir='ltr'><strong>id</strong></span> 
     </span>
    </p>
   </div>
   <div class='ocr_carea' id='block_1_56' title="bbox 2219 2623 3787 2700">
    <p class='ocr_par' dir='ltr' id='par_1_56' title="bbox 2219 2623 3787 2700">
     <span class='ocr_line' id='line_1_56' title="bbox 2219 2623 3787 2700; baseline 0.008 -26"><span class='ocrx_word' id='word_1_426' title='bbox 2219 2628 2323 2686; x_wconf 92' lang='lat' dir='ltr'><strong>est,</strong></span> <span class='ocrx_word' id='word_1_427' title='bbox 2354 2623 2632 2691; x_wconf 89' lang='lat' dir='ltr'><strong>potestatis</strong></span> <span class='ocrx_word' id='word_1_428' title='bbox 2655 2635 2922 2680; x_wconf 75' lang='lat' dir='ltr'><strong>extranea:</strong></span> <span class='ocrx_word' id='word_1_429' title='bbox 2946 2641 3052 2681; x_wconf 90' lang='lat' dir='ltr'><strong>non</strong></span> <span class='ocrx_word' id='word_1_430' title='bbox 3085 2624 3160 2698; x_wconf 87' lang='lat' dir='ltr'><strong>(g)</strong></span> <span class='ocrx_word' id='word_1_431' title='bbox 3190 2627 3390 2700; x_wconf 81' lang='lat' dir='ltr'><strong>indigi,</strong></span> <span class='ocrx_word' id='word_1_432' title='bbox 3421 2632 3787 2700; x_wconf 76' lang='lat' dir='ltr'><strong>qnzererejun,</strong></span> 
     </span>
    </p>
   </div>
   <div class='ocr_carea' id='block_1_57' title="bbox 2221 2710 3790 2794">
    <p class='ocr_par' dir='ltr' id='par_1_57' title="bbox 2221 2710 3790 2794">
     <span class='ocr_line' id='line_1_57' title="bbox 2221 2710 3790 2794; baseline 0.009 -29"><span class='ocrx_word' id='word_1_433' title='bbox 2221 2710 2482 2770; x_wconf 89' lang='lat' dir='ltr'><strong>habentes</strong></span> <span class='ocrx_word' id='word_1_434' title='bbox 2512 2717 2714 2787; x_wconf 88' lang='lat' dir='ltr'><strong>virgam</strong></span> <span class='ocrx_word' id='word_1_435' title='bbox 2760 2717 2828 2772; x_wconf 91' lang='lat' dir='ltr'><strong>de</strong></span> <span class='ocrx_word' id='word_1_436' title='bbox 2861 2718 3040 2775; x_wconf 89' lang='lat' dir='ltr'><strong>radice</strong></span> <span class='ocrx_word' id='word_1_437' title='bbox 3087 2719 3284 2786; x_wconf 78' lang='lat' dir='ltr'><strong>Iesse;</strong></span> <span class='ocrx_word' id='word_1_438' title='bbox 3310 2737 3444 2776; x_wconf 88' lang='lat' dir='ltr'><strong>nam</strong></span> <span class='ocrx_word' id='word_1_439' title='bbox 3487 2739 3790 2794; x_wconf 62' lang='lat' dir='ltr'><strong>quaacnmqse</strong></span> 
     </span>
    </p>
   </div>
   <div class='ocr_carea' id='block_1_58' title="bbox 2219 2805 3790 2889">
    <p class='ocr_par' dir='ltr' id='par_1_58' title="bbox 2219 2805 3790 2889">
     <span class='ocr_line' id='line_1_58' title="bbox 2219 2805 3790 2889; baseline 0.011 -30"><span class='ocrx_word' id='word_1_440' title='bbox 2219 2805 2324 2860; x_wconf 89' lang='lat' dir='ltr'><strong>alia</strong></span> <span class='ocrx_word' id='word_1_441' title='bbox 2354 2807 2546 2876; x_wconf 80' lang='lat' dir='ltr'><strong>fuerit,</strong></span> <span class='ocrx_word' id='word_1_442' title='bbox 2582 2827 2687 2864; x_wconf 89' lang='lat' dir='ltr'><strong>nun</strong></span> <span class='ocrx_word' id='word_1_443' title='bbox 2711 2812 2812 2866; x_wconf 91' lang='lat' dir='ltr'><strong>erit</strong></span> <span class='ocrx_word' id='word_1_444' title='bbox 2834 2810 3034 2868; x_wconf 80' lang='lat' dir='ltr'><strong>Christi</strong></span> <span class='ocrx_word' id='word_1_445' title='bbox 3058 2831 3071 2868; x_wconf 92' lang='lat'><strong>:</strong></span> <span class='ocrx_word' id='word_1_446' title='bbox 3099 2814 3355 2873; x_wconf 89' lang='lat' dir='ltr'><strong>instructi</strong></span> <span class='ocrx_word' id='word_1_447' title='bbox 3380 2820 3538 2872; x_wconf 90' lang='lat' dir='ltr'><strong>omni</strong></span> <span class='ocrx_word' id='word_1_448' title='bbox 3563 2822 3790 2889; x_wconf 58' lang='lat' dir='ltr'><strong>superisa</strong></span> 
     </span>
    </p>
   </div>
   <div class='ocr_carea' id='block_1_59' title="bbox 2221 2902 3786 2980">
    <p class='ocr_par' dir='ltr' id='par_1_59' title="bbox 2221 2902 3786 2980">
     <span class='ocr_line' id='line_1_59' title="bbox 2221 2902 3786 2980; baseline 0.009 -26"><span class='ocrx_word' id='word_1_449' title='bbox 2221 2914 2472 2958; x_wconf 87' lang='lat' dir='ltr'><strong>sermone</strong></span> <span class='ocrx_word' id='word_1_450' title='bbox 2495 2902 2561 2957; x_wconf 85' lang='lat' dir='ltr'><strong>ad</strong></span> <span class='ocrx_word' id='word_1_451' title='bbox 2593 2905 2984 2960; x_wconf 83' lang='lat' dir='ltr'><strong>conﬁciendum</strong></span> <span class='ocrx_word' id='word_1_452' title='bbox 3011 2910 3116 2963; x_wconf 85' lang='lat' dir='ltr'><strong>iter</strong></span> <span class='ocrx_word' id='word_1_453' title='bbox 3143 2910 3357 2976; x_wconf 70' lang='lat' dir='ltr'><strong>smculi,</strong></span> <span class='ocrx_word' id='word_1_454' title='bbox 3381 2913 3587 2980; x_wconf 82' lang='lat' dir='ltr'><strong>gratia,</strong></span> <span class='ocrx_word' id='word_1_455' title='bbox 3623 2915 3786 2974; x_wconf 60' lang='lat' dir='ltr'><strong>viatica</strong></span> 
     </span>
    </p>
   </div>
   <div class='ocr_carea' id='block_1_60' title="bbox 2222 2999 3786 3080">
    <p class='ocr_par' dir='ltr' id='par_1_60' title="bbox 2222 2999 3786 3080">
     <span class='ocr_line' id='line_1_60' title="bbox 2222 2999 3786 3080; baseline 0.01 -31"><span class='ocrx_word' id='word_1_456' title='bbox 2222 3005 2391 3063; x_wconf 88' lang='lat' dir='ltr'><strong>veste,</strong></span> <span class='ocrx_word' id='word_1_457' title='bbox 2422 2999 2792 3056; x_wconf 88' lang='lat' dir='ltr'><strong>calceamento</strong></span> <span class='ocrx_word' id='word_1_458' title='bbox 2818 3043 2832 3069; x_wconf 95' lang='lat'><strong>,</strong></span> <span class='ocrx_word' id='word_1_459' title='bbox 2868 3013 3172 3073; x_wconf 85' lang='lat' dir='ltr'><strong>potestate;</strong></span> <span class='ocrx_word' id='word_1_460' title='bbox 3222 3006 3277 3060; x_wconf 91' lang='lat' dir='ltr'><strong>in</strong></span> <span class='ocrx_word' id='word_1_461' title='bbox 3311 3006 3403 3061; x_wconf 89' lang='lat' dir='ltr'><strong>his</strong></span> <span class='ocrx_word' id='word_1_462' title='bbox 3433 3010 3586 3063; x_wconf 88' lang='lat' dir='ltr'><strong>enim</strong></span> <span class='ocrx_word' id='word_1_463' title='bbox 3616 3025 3786 3080; x_wconf 55' lang='lat' dir='ltr'><strong>operas-</strong></span> 
     </span>
    </p>
   </div>
   <div class='ocr_carea' id='block_1_61' title="bbox 2223 3088 3790 3168">
    <p class='ocr_par' dir='ltr' id='par_1_61' title="bbox 2223 3088 3790 3168">
     <span class='ocr_line' id='line_1_61' title="bbox 2223 3088 3790 3168; baseline 0.008 -25"><span class='ocrx_word' id='word_1_464' title='bbox 2223 3098 2326 3156; x_wconf 88' lang='lat' dir='ltr'><strong>tes,</strong></span> <span class='ocrx_word' id='word_1_465' title='bbox 2355 3088 2500 3161; x_wconf 88' lang='lat' dir='ltr'><strong>digni</strong></span> <span class='ocrx_word' id='word_1_466' title='bbox 2547 3093 2798 3150; x_wconf 90' lang='lat' dir='ltr'><strong>mercede</strong></span> <span class='ocrx_word' id='word_1_467' title='bbox 2842 3105 3024 3151; x_wconf 89' lang='lat' dir='ltr'><strong>nostra</strong></span> <span class='ocrx_word' id='word_1_468' title='bbox 3074 3098 3451 3168; x_wconf 86' lang='lat' dir='ltr'><strong>reperiemur,</strong></span> <span class='ocrx_word' id='word_1_469' title='bbox 3495 3101 3549 3155; x_wconf 87' lang='lat' dir='ltr'><strong>id</strong></span> <span class='ocrx_word' id='word_1_470' title='bbox 3591 3113 3694 3168; x_wconf 87' lang='lat' dir='ltr'><strong>est,</strong></span> <span class='ocrx_word' id='word_1_471' title='bbox 3727 3117 3790 3168; x_wconf 58' lang='lat' dir='ltr'><strong>is:</strong></span> 
     </span>
    </p>
   </div>
   <div class='ocr_carea' id='block_1_62' title="bbox 515 3170 3788 3267">
    <p class='ocr_par' dir='ltr' id='par_1_62' title="bbox 515 3170 3788 3267">
     <span class='ocr_line' id='line_1_62' title="bbox 515 3170 3788 3267; baseline 0.001 -20"><span class='ocrx_word' id='word_1_472' title='bbox 515 3191 686 3247; x_wconf 85' lang='lat' dir='ltr'><strong>Iertur</strong></span> <span class='ocrx_word' id='word_1_473' title='bbox 719 3208 733 3247; x_wconf 89' lang='lat'><strong>:</strong></span> <span class='ocrx_word' id='word_1_474' title='bbox 765 3187 846 3263; x_wconf 81' lang='grc' dir='ltr'><strong>(ά)</strong></span> <span class='ocrx_word' id='word_1_475' title='bbox 876 3199 931 3245; x_wconf 93' lang='lat' dir='ltr'><strong>et</strong></span> <span class='ocrx_word' id='word_1_476' title='bbox 968 3190 1058 3260; x_wconf 90' lang='lat' dir='ltr'><strong>qui</strong></span> <span class='ocrx_word' id='word_1_477' title='bbox 1089 3189 1141 3242; x_wconf 92' lang='lat' dir='ltr'><strong>in</strong></span> <span class='ocrx_word' id='word_1_478' title='bbox 1177 3170 1342 3243; x_wconf 73' lang='lat' dir='ltr'><strong>Adam</strong></span> <span class='ocrx_word' id='word_1_479' title='bbox 1371 3186 1422 3241; x_wconf 91' lang='lat' dir='ltr'><strong>in</strong></span> <span class='ocrx_word' id='word_1_480' title='bbox 1465 3184 1754 3256; x_wconf 83' lang='lat' dir='ltr'><strong>imaginem</strong></span> <span class='ocrx_word' id='word_1_481' title='bbox 1787 3191 1842 3238; x_wconf 92' lang='lat' dir='ltr'><strong>et</strong></span> <span class='ocrx_word' id='word_1_482' title='bbox 1867 3180 2114 3236; x_wconf 90' lang='lat' dir='ltr'><strong>similitu-</strong></span> <span class='ocrx_word' id='word_1_483' title='bbox 2142 3171 2189 3235; x_wconf 88' lang='lat' dir='ltr'>C</span> <span class='ocrx_word' id='word_1_484' title='bbox 2222 3183 2413 3240; x_wconf 91' lang='lat' dir='ltr'><strong>horum</strong></span> <span class='ocrx_word' id='word_1_485' title='bbox 2441 3187 2840 3244; x_wconf 88' lang='lat' dir='ltr'><strong>observantiam</strong></span> <span class='ocrx_word' id='word_1_486' title='bbox 2861 3190 3101 3248; x_wconf 71' lang='lat' dir='ltr'><strong>caelestis</strong></span> <span class='ocrx_word' id='word_1_487' title='bbox 3131 3194 3250 3264; x_wconf 90' lang='lat' dir='ltr'><strong>spei</strong></span> <span class='ocrx_word' id='word_1_488' title='bbox 3280 3197 3522 3266; x_wconf 67' lang='lat' dir='ltr'><strong>praemia</strong></span> <span class='ocrx_word' id='word_1_489' title='bbox 3547 3198 3788 3267; x_wconf 80' lang='lat' dir='ltr'><strong>recepturi.</strong></span> 
     </span>
    </p>
   </div>
   <div class='ocr_carea' id='block_1_63' title="bbox 515 3271 2115 3352">
    <p class='ocr_par' dir='ltr' id='par_1_63' title="bbox 515 3271 2115 3352">
     <span class='ocr_line' id='line_1_63' title="bbox 515 3271 2115 3352; baseline -0.009 -11"><span class='ocrx_word' id='word_1_490' title='bbox 515 3283 697 3341; x_wconf 90' lang='lat' dir='ltr'><strong>dinem</strong></span> <span class='ocrx_word' id='word_1_491' title='bbox 743 3283 837 3338; x_wconf 89' lang='lat' dir='ltr'><strong>Dei</strong></span> <span class='ocrx_word' id='word_1_492' title='bbox 878 3291 1033 3338; x_wconf 89' lang='lat' dir='ltr'><strong>erant</strong></span> <span class='ocrx_word' id='word_1_493' title='bbox 1063 3278 1313 3352; x_wconf 61' lang='lat' dir='ltr'><strong>lignratif,</strong></span> <span class='ocrx_word' id='word_1_494' title='bbox 1369 3293 1513 3334; x_wconf 91' lang='lat' dir='ltr'><strong>nunc</strong></span> <span class='ocrx_word' id='word_1_495' title='bbox 1563 3275 1860 3350; x_wconf 82' lang='lat' dir='ltr'><strong>perfectam</strong></span> <span class='ocrx_word' id='word_1_496' title='bbox 1911 3271 2115 3330; x_wconf 86' lang='lat' dir='ltr'><strong>Christi</strong></span> 
     </span>
    </p>
   </div>
   <div class='ocr_carea' id='block_1_64' title="bbox 515 3367 2114 3452">
    <p class='ocr_par' dir='ltr' id='par_1_64' title="bbox 515 3367 2114 3452">
     <span class='ocr_line' id='line_1_64' title="bbox 515 3367 2114 3452; baseline -0.008 -17"><span class='ocrx_word' id='word_1_497' title='bbox 515 3379 803 3452; x_wconf 87' lang='lat' dir='ltr'><strong>imaginem</strong></span> <span class='ocrx_word' id='word_1_498' title='bbox 824 3385 878 3434; x_wconf 89' lang='lat' dir='ltr'><strong>et</strong></span> <span class='ocrx_word' id='word_1_499' title='bbox 900 3375 1310 3432; x_wconf 91' lang='lat' dir='ltr'><strong>similitudinem</strong></span> <span class='ocrx_word' id='word_1_500' title='bbox 1337 3375 1656 3439; x_wconf 90' lang='lat' dir='ltr'><strong>sortiuntur,</strong></span> <span class='ocrx_word' id='word_1_501' title='bbox 1681 3371 1813 3427; x_wconf 89' lang='lat' dir='ltr'><strong>nihil</strong></span> <span class='ocrx_word' id='word_1_502' title='bbox 1845 3387 1874 3424; x_wconf 92' lang='lat' dir='ltr'><strong>a</strong></span> <span class='ocrx_word' id='word_1_503' title='bbox 1904 3367 2114 3425; x_wconf 85' lang='lat' dir='ltr'><strong>Domini</strong></span> 
     </span>
    </p>
   </div>
   <div class='ocr_carea' id='block_1_65' title="bbox 515 3466 2114 3537">
    <p class='ocr_par' dir='ltr' id='par_1_65' title="bbox 515 3466 2114 3537">
     <span class='ocr_line' id='line_1_65' title="bbox 515 3466 2114 3537; baseline -0.008 -8"><span class='ocrx_word' id='word_1_504' title='bbox 515 3474 599 3529; x_wconf 88' lang='lat' dir='ltr'><strong>sui</strong></span> <span class='ocrx_word' id='word_1_505' title='bbox 646 3472 933 3528; x_wconf 90' lang='lat' dir='ltr'><strong>virtutibus</strong></span> <span class='ocrx_word' id='word_1_506' title='bbox 977 3470 1330 3533; x_wconf 78' lang='lat' dir='ltr'><strong>diﬂ&#39;erentes;</strong></span> <span class='ocrx_word' id='word_1_507' title='bbox 1381 3477 1436 3522; x_wconf 87' lang='lat' dir='ltr'><strong>et</strong></span> <span class='ocrx_word' id='word_1_508' title='bbox 1493 3466 1581 3537; x_wconf 93' lang='lat' dir='ltr'><strong>qui</strong></span> <span class='ocrx_word' id='word_1_509' title='bbox 1619 3475 1909 3522; x_wconf 86' lang='lat' dir='ltr'><strong>terrestres</strong></span> <span class='ocrx_word' id='word_1_510' title='bbox 1956 3471 2114 3517; x_wconf 85' lang='lat' dir='ltr'><strong>antea</strong></span> 
     </span>
    </p>
   </div>
   <div class='ocr_carea' id='block_1_66' title="bbox 515 3555 2117 3633">
    <p class='ocr_par' dir='ltr' id='par_1_66' title="bbox 515 3555 2117 3633">
     <span class='ocr_line' id='line_1_66' title="bbox 515 3555 2117 3633; baseline -0.009 -10"><span class='ocrx_word' id='word_1_511' title='bbox 515 3575 692 3633; x_wconf 87' lang='lat' dir='ltr'><strong>erant,</strong></span> <span class='ocrx_word' id='word_1_512' title='bbox 719 3567 970 3620; x_wconf 65' lang='lat' dir='ltr'><strong>caelestes</strong></span> <span class='ocrx_word' id='word_1_513' title='bbox 1001 3563 1162 3618; x_wconf 93' lang='lat' dir='ltr'><strong>modo</strong></span> <span class='ocrx_word' id='word_1_514' title='bbox 1187 3562 1340 3616; x_wconf 87' lang='lat' dir='ltr'><strong>Iiunt.</strong></span> <span class='ocrx_word' id='word_1_515' title='bbox 1369 3559 1672 3615; x_wconf 83' lang='lat' dir='ltr'><strong>Praedicent</strong></span> <span class='ocrx_word' id='word_1_516' title='bbox 1700 3573 1924 3629; x_wconf 88' lang='lat' dir='ltr'><strong>regnum</strong></span> <span class='ocrx_word' id='word_1_517' title='bbox 1951 3555 2117 3610; x_wconf 77' lang='lat' dir='ltr'><strong>cmlo-</strong></span> 
     </span>
    </p>
   </div>
   <div class='ocr_carea' id='block_1_67' title="bbox 518 3648 2118 3727">
    <p class='ocr_par' dir='ltr' id='par_1_67' title="bbox 518 3648 2118 3727">
     <span class='ocr_line' id='line_1_67' title="bbox 518 3648 2118 3727; baseline -0.008 -13"><span class='ocrx_word' id='word_1_518' title='bbox 518 3675 639 3714; x_wconf 91' lang='lat' dir='ltr'><strong>rum</strong></span> <span class='ocrx_word' id='word_1_519' title='bbox 679 3658 1040 3727; x_wconf 89' lang='lat' dir='ltr'><strong>propinquare</strong></span> <span class='ocrx_word' id='word_1_520' title='bbox 1067 3653 1228 3727; x_wconf 88' lang='lat' dir='ltr'><strong>(Ibid.</strong></span> <span class='ocrx_word' id='word_1_521' title='bbox 1267 3653 1354 3724; x_wconf 86' lang='lat'><strong>7),</strong></span> <span class='ocrx_word' id='word_1_522' title='bbox 1405 3653 1695 3722; x_wconf 86' lang='lat' dir='ltr'><strong>imaginem</strong></span> <span class='ocrx_word' id='word_1_523' title='bbox 1721 3650 1931 3706; x_wconf 89' lang='lat' dir='ltr'><strong>scilicet</strong></span> <span class='ocrx_word' id='word_1_524' title='bbox 1959 3659 2014 3704; x_wconf 93' lang='lat' dir='ltr'><strong>et</strong></span> <span class='ocrx_word' id='word_1_525' title='bbox 2043 3648 2118 3703; x_wconf 87' lang='lat' dir='ltr'><strong>si-</strong></span> 
     </span>
    </p>
   </div>
   <div class='ocr_carea' id='block_1_68' title="bbox 519 3739 2114 3806">
    <p class='ocr_par' dir='ltr' id='par_1_68' title="bbox 519 3739 2114 3806">
     <span class='ocr_line' id='line_1_68' title="bbox 519 3739 2114 3806; baseline -0.008 0"><span class='ocrx_word' id='word_1_526' title='bbox 519 3750 880 3806; x_wconf 89' lang='lat' dir='ltr'><strong>militudinem</strong></span> <span class='ocrx_word' id='word_1_527' title='bbox 905 3749 1000 3804; x_wconf 87' lang='lat' dir='ltr'><strong>Dei</strong></span> <span class='ocrx_word' id='word_1_528' title='bbox 1025 3763 1169 3803; x_wconf 91' lang='lat' dir='ltr'><strong>nunc</strong></span> <span class='ocrx_word' id='word_1_529' title='bbox 1191 3748 1244 3802; x_wconf 92' lang='lat' dir='ltr'><strong>in</strong></span> <span class='ocrx_word' id='word_1_530' title='bbox 1261 3745 1594 3802; x_wconf 89' lang='lat' dir='ltr'><strong>consortium</strong></span> <span class='ocrx_word' id='word_1_531' title='bbox 1619 3743 1859 3798; x_wconf 90' lang='lat' dir='ltr'><strong>veritatis</strong></span> <span class='ocrx_word' id='word_1_532' title='bbox 1881 3739 2114 3806; x_wconf 90' lang='lat' dir='ltr'><strong>assumi;</strong></span> 
     </span>
    </p>
   </div>
   <div class='ocr_carea' id='block_1_69' title="bbox 520 3835 2118 3914">
    <p class='ocr_par' dir='ltr' id='par_1_69' title="bbox 520 3835 2118 3914">
     <span class='ocr_line' id='line_1_69' title="bbox 520 3835 2118 3914; baseline -0.009 -11"><span class='ocrx_word' id='word_1_533' title='bbox 520 3855 582 3903; x_wconf 90' lang='lat' dir='ltr'><strong>ut</strong></span> <span class='ocrx_word' id='word_1_534' title='bbox 609 3845 782 3902; x_wconf 89' lang='lat' dir='ltr'><strong>sancti</strong></span> <span class='ocrx_word' id='word_1_535' title='bbox 810 3857 1030 3909; x_wconf 91' lang='lat' dir='ltr'><strong>omnes,</strong></span> <span class='ocrx_word' id='word_1_536' title='bbox 1071 3842 1164 3914; x_wconf 91' lang='lat' dir='ltr'><strong>qui</strong></span> <span class='ocrx_word' id='word_1_537' title='bbox 1202 3841 1326 3898; x_wconf 74' lang='grc' dir='ltr'><strong>οωιί</strong></span> <span class='ocrx_word' id='word_1_538' title='bbox 1371 3837 1661 3908; x_wconf 89' lang='lat' dir='ltr'><strong>nuncupati</strong></span> <span class='ocrx_word' id='word_1_539' title='bbox 1701 3845 1859 3903; x_wconf 91' lang='lat' dir='ltr'><strong>sunt,</strong></span> <span class='ocrx_word' id='word_1_540' title='bbox 1889 3835 2118 3890; x_wconf 89' lang='lat' dir='ltr'><strong>Domino</strong></span> 
     </span>
    </p>
   </div>
   <div class='ocr_carea' id='block_1_70' title="bbox 519 3929 2114 4009">
    <p class='ocr_par' dir='ltr' id='par_1_70' title="bbox 519 3929 2114 4009">
     <span class='ocr_line' id='line_1_70' title="bbox 519 3929 2114 4009; baseline -0.009 -15"><span class='ocrx_word' id='word_1_541' title='bbox 519 3945 877 4009; x_wconf 90' lang='lat' dir='ltr'><strong>conregnent.</strong></span> <span class='ocrx_word' id='word_1_542' title='bbox 909 3933 983 4008; x_wconf 88' lang='lat' dir='ltr'><strong>(e)</strong></span> <span class='ocrx_word' id='word_1_543' title='bbox 1016 3933 1270 3990; x_wconf 87' lang='lat' dir='ltr'><strong>Inlirmos</strong></span> <span class='ocrx_word' id='word_1_544' title='bbox 1297 3940 1516 3996; x_wconf 88' lang='lat' dir='ltr'><strong>curent,</strong></span> <span class='ocrx_word' id='word_1_545' title='bbox 1551 3940 1800 3985; x_wconf 90' lang='lat' dir='ltr'><strong>mortuos</strong></span> <span class='ocrx_word' id='word_1_546' title='bbox 1821 3929 2114 3993; x_wconf 88' lang='lat' dir='ltr'><strong>suscitent,</strong></span> 
     </span>
    </p>
   </div>
   <div class='ocr_carea' id='block_1_71' title="bbox 518 4017 2114 4101">
    <p class='ocr_par' dir='ltr' id='par_1_71' title="bbox 518 4017 2114 4101">
     <span class='ocr_line' id='line_1_71' title="bbox 518 4017 2114 4101; baseline -0.007 -14"><span class='ocrx_word' id='word_1_547' title='bbox 518 4030 766 4101; x_wconf 90' lang='lat' dir='ltr'><strong>leprosos</strong></span> <span class='ocrx_word' id='word_1_548' title='bbox 817 4027 1151 4094; x_wconf 92' lang='lat' dir='ltr'><strong>emundent,</strong></span> <span class='ocrx_word' id='word_1_549' title='bbox 1201 4027 1474 4082; x_wconf 81' lang='lat' dir='ltr'><strong>daemones</strong></span> <span class='ocrx_word' id='word_1_550' title='bbox 1524 4022 1742 4094; x_wconf 88' lang='lat' dir='ltr'><strong>ejiciant</strong></span> <span class='ocrx_word' id='word_1_551' title='bbox 1791 4019 1954 4095; x_wconf 79' lang='lat' dir='ltr'><strong>(Ibid.</strong></span> <span class='ocrx_word' id='word_1_552' title='bbox 2013 4017 2114 4093; x_wconf 91' lang='lat'><strong>8);</strong></span> 
     </span>
    </p>
   </div>
   <div class='ocr_carea' id='block_1_72' title="bbox 518 4113 2120 4194">
    <p class='ocr_par' dir='ltr' id='par_1_72' title="bbox 518 4113 2120 4194">
     <span class='ocr_line' id='line_1_72' title="bbox 518 4113 2120 4194; baseline -0.009 -14"><span class='ocrx_word' id='word_1_553' title='bbox 518 4120 777 4194; x_wconf 86' lang='lat' dir='ltr'><strong>quidquid</strong></span> <span class='ocrx_word' id='word_1_554' title='bbox 823 4121 1088 4177; x_wconf 88' lang='lat' dir='ltr'><strong>malorum</strong></span> <span class='ocrx_word' id='word_1_555' title='bbox 1134 4118 1267 4174; x_wconf 65' lang='lat' dir='ltr'><strong>Adae</strong></span> <span class='ocrx_word' id='word_1_556' title='bbox 1310 4115 1528 4188; x_wconf 91' lang='lat' dir='ltr'><strong>corpori</strong></span> <span class='ocrx_word' id='word_1_557' title='bbox 1573 4124 1776 4170; x_wconf 76' lang='lat' dir='ltr'><strong>satana:</strong></span> <span class='ocrx_word' id='word_1_558' title='bbox 1833 4113 2120 4168; x_wconf 88' lang='lat' dir='ltr'><strong>instinctus</strong></span> 
     </span>
    </p>
   </div>
   <div class='ocr_carea' id='block_1_73' title="bbox 519 4207 2118 4282">
    <p class='ocr_par' dir='ltr' id='par_1_73' title="bbox 519 4207 2118 4282">
     <span class='ocr_line' id='line_1_73' title="bbox 519 4207 2118 4282; baseline -0.007 -10"><span class='ocrx_word' id='word_1_559' title='bbox 519 4216 796 4279; x_wconf 88' lang='lat' dir='ltr'><strong>intulerat,</strong></span> <span class='ocrx_word' id='word_1_560' title='bbox 826 4213 931 4271; x_wconf 92' lang='lat' dir='ltr'><strong>hoc</strong></span> <span class='ocrx_word' id='word_1_561' title='bbox 953 4229 1167 4270; x_wconf 89' lang='lat' dir='ltr'><strong>rursum</strong></span> <span class='ocrx_word' id='word_1_562' title='bbox 1200 4211 1302 4282; x_wconf 89' lang='lat' dir='ltr'><strong>ipsi</strong></span> <span class='ocrx_word' id='word_1_563' title='bbox 1331 4211 1399 4266; x_wconf 92' lang='lat' dir='ltr'><strong>de</strong></span> <span class='ocrx_word' id='word_1_564' title='bbox 1431 4210 1813 4266; x_wconf 91' lang='lat' dir='ltr'><strong>communione</strong></span> <span class='ocrx_word' id='word_1_565' title='bbox 1835 4207 2118 4263; x_wconf 73' lang='lat' dir='ltr'><strong>dominica:</strong></span> 
     </span>
    </p>
   </div>
   <div class='ocr_carea' id='block_1_74' title="bbox 520 4299 2118 4380">
    <p class='ocr_par' dir='ltr' id='par_1_74' title="bbox 520 4299 2118 4380">
     <span class='ocr_line' id='line_1_74' title="bbox 520 4299 2118 4380; baseline -0.006 -16"><span class='ocrx_word' id='word_1_566' title='bbox 520 4308 800 4380; x_wconf 88' lang='lat' dir='ltr'><strong>potestatis</strong></span> <span class='ocrx_word' id='word_1_567' title='bbox 828 4307 1139 4363; x_wconf 89' lang='lat' dir='ltr'><strong>emnndent.</strong></span> <span class='ocrx_word' id='word_1_568' title='bbox 1175 4305 1238 4360; x_wconf 89' lang='lat' dir='ltr'><strong>Et</strong></span> <span class='ocrx_word' id='word_1_569' title='bbox 1262 4313 1321 4360; x_wconf 94' lang='lat' dir='ltr'><strong>ut</strong></span> <span class='ocrx_word' id='word_1_570' title='bbox 1349 4320 1415 4360; x_wconf 78' lang='lat' dir='ltr'><strong>ex</strong></span> <span class='ocrx_word' id='word_1_571' title='bbox 1445 4312 1580 4370; x_wconf 91' lang='lat' dir='ltr'><strong>toto,</strong></span> <span class='ocrx_word' id='word_1_572' title='bbox 1615 4300 1912 4358; x_wconf 90' lang='lat' dir='ltr'><strong>secundum</strong></span> <span class='ocrx_word' id='word_1_573' title='bbox 1938 4299 2118 4356; x_wconf 80' lang='lat' dir='ltr'><strong>Gene-</strong></span> 
     </span>
    </p>
   </div>
   <div class='ocr_carea' id='block_1_75' title="bbox 520 4394 2121 4473">
    <p class='ocr_par' dir='ltr' id='par_1_75' title="bbox 520 4394 2121 4473">
     <span class='ocr_line' id='line_1_75' title="bbox 520 4394 2121 4473; baseline -0.006 -16"><span class='ocrx_word' id='word_1_574' title='bbox 520 4401 596 4457; x_wconf 90' lang='lat' dir='ltr'><strong>sis</strong></span> <span class='ocrx_word' id='word_1_575' title='bbox 626 4399 956 4471; x_wconf 88' lang='lat' dir='ltr'><strong>prophetiam</strong></span> <span class='ocrx_word' id='word_1_576' title='bbox 987 4400 1137 4473; x_wconf 80' lang='lat' dir='ltr'><strong>(Gen.</strong></span> <span class='ocrx_word' id='word_1_577' title='bbox 1167 4413 1224 4466; x_wconf 86' lang='grc' dir='ltr'>ι,</span> <span class='ocrx_word' id='word_1_578' title='bbox 1252 4397 1346 4469; x_wconf 73' lang='grc'>26)</span> <span class='ocrx_word' id='word_1_579' title='bbox 1369 4437 1384 4464; x_wconf 90' lang='grc'><em>,</em></span> <span class='ocrx_word' id='word_1_580' title='bbox 1416 4397 1510 4451; x_wconf 90' lang='lat' dir='ltr'><strong>Dei</strong></span> <span class='ocrx_word' id='word_1_581' title='bbox 1541 4394 1951 4450; x_wconf 89' lang='lat' dir='ltr'><strong>similitudinem</strong></span> <span class='ocrx_word' id='word_1_582' title='bbox 1991 4408 2121 4448; x_wconf 86' lang='lat' dir='ltr'><strong>con-</strong></span> 
     </span>
    </p>
   </div>
   <div class='ocr_carea' id='block_1_76' title="bbox 520 4488 2119 4566">
    <p class='ocr_par' dir='ltr' id='par_1_76' title="bbox 520 4488 2119 4566">
     <span class='ocr_line' id='line_1_76' title="bbox 520 4488 2119 4566; baseline -0.004 -17"><span class='ocrx_word' id='word_1_583' title='bbox 520 4504 836 4565; x_wconf 88' lang='lat' dir='ltr'><strong>sequantur,</strong></span> <span class='ocrx_word' id='word_1_584' title='bbox 865 4493 993 4550; x_wconf 87' lang='lat' dir='ltr'><strong>dare</strong></span> <span class='ocrx_word' id='word_1_585' title='bbox 1013 4493 1179 4566; x_wconf 91' lang='lat' dir='ltr'><strong>gratis</strong></span> <span class='ocrx_word' id='word_1_586' title='bbox 1208 4491 1351 4564; x_wconf 92' lang='lat' dir='ltr'><strong>quod</strong></span> <span class='ocrx_word' id='word_1_587' title='bbox 1377 4490 1544 4561; x_wconf 88' lang='lat' dir='ltr'><strong>gratis</strong></span> <span class='ocrx_word' id='word_1_588' title='bbox 1573 4497 1904 4560; x_wconf 88' lang='lat' dir='ltr'><strong>acceperunt</strong></span> <span class='ocrx_word' id='word_1_589' title='bbox 1925 4488 2119 4559; x_wconf 87' lang='lat' dir='ltr'><strong>juben-</strong></span> 
     </span>
    </p>
   </div>
   <div class='ocr_carea' id='block_1_77' title="bbox 2290 3277 3788 3355">
    <p class='ocr_par' dir='ltr' id='par_1_77' title="bbox 2290 3277 3788 3355">
     <span class='ocr_line' id='line_1_77' title="bbox 2290 3277 3788 3355; baseline 0.009 -22"><span class='ocrx_word' id='word_1_590' title='bbox 2290 3277 2342 3333; x_wconf 83' lang='grc'><strong>6.</strong></span> <span class='ocrx_word' id='word_1_591' title='bbox 2399 3277 2462 3334; x_wconf 86' lang='lat' dir='ltr'><strong>In</strong></span> <span class='ocrx_word' id='word_1_592' title='bbox 2512 3299 2886 3355; x_wconf 84' lang='lat' dir='ltr'><strong>quamcumque</strong></span> <span class='ocrx_word' id='word_1_593' title='bbox 2928 3286 3183 3342; x_wconf 79' lang='lat' dir='ltr'><strong>civitatem</strong></span> <span class='ocrx_word' id='word_1_594' title='bbox 3245 3287 3565 3343; x_wconf 77' lang='lat' dir='ltr'><strong>introieritis</strong></span> <span class='ocrx_word' id='word_1_595' title='bbox 3613 3292 3788 3345; x_wconf 66' lang='lat' dir='ltr'><strong>interre—</strong></span> 
     </span>
    </p>
   </div>
   <div class='ocr_carea' id='block_1_78' title="bbox 2216 3372 3790 3452">
    <p class='ocr_par' dir='ltr' id='par_1_78' title="bbox 2216 3372 3790 3452">
     <span class='ocr_line' id='line_1_78' title="bbox 2216 3372 3790 3452; baseline 0.008 -30"><span class='ocrx_word' id='word_1_596' title='bbox 2216 3379 2332 3440; x_wconf 88' lang='lat' dir='ltr'><strong>gale</strong></span> <span class='ocrx_word' id='word_1_597' title='bbox 2359 3372 2474 3442; x_wconf 84' lang='lat' dir='ltr'><strong>quis</strong></span> <span class='ocrx_word' id='word_1_598' title='bbox 2502 3373 2553 3426; x_wconf 83' lang='lat' dir='ltr'><strong>in</strong></span> <span class='ocrx_word' id='word_1_599' title='bbox 2580 3390 2637 3426; x_wconf 66' lang='lat' dir='ltr'><strong>at</strong></span> <span class='ocrx_word' id='word_1_600' title='bbox 2673 3374 2860 3446; x_wconf 87' lang='lat' dir='ltr'><strong>dignus</strong></span> <span class='ocrx_word' id='word_1_601' title='bbox 2891 3384 2986 3438; x_wconf 79' lang='lat' dir='ltr'><strong>est,</strong></span> <span class='ocrx_word' id='word_1_602' title='bbox 3035 3385 3090 3431; x_wconf 88' lang='lat' dir='ltr'><strong>et</strong></span> <span class='ocrx_word' id='word_1_603' title='bbox 3143 3377 3357 3448; x_wconf 83' lang='lat' dir='ltr'><strong>reliqua</strong></span> <span class='ocrx_word' id='word_1_604' title='bbox 3393 3379 3564 3449; x_wconf 82' lang='lat' dir='ltr'><strong>(Ibid.</strong></span> <span class='ocrx_word' id='word_1_605' title='bbox 3596 3381 3697 3452; x_wconf 83' lang='lat' dir='ltr'><strong>Il).</strong></span> <span class='ocrx_word' id='word_1_606' title='bbox 3718 3380 3790 3434; x_wconf 82' lang='lat' dir='ltr'><strong>Le-</strong></span> 
     </span>
    </p>
   </div>
   <div class='ocr_carea' id='block_1_79' title="bbox 2220 3464 3788 3546">
    <p class='ocr_par' dir='ltr' id='par_1_79' title="bbox 2220 3464 3788 3546">
     <span class='ocr_line' id='line_1_79' title="bbox 2220 3464 3788 3546; baseline 0.008 -28"><span class='ocrx_word' id='word_1_607' title='bbox 2220 3465 2304 3518; x_wconf 88' lang='lat' dir='ltr'><strong>via</strong></span> <span class='ocrx_word' id='word_1_608' title='bbox 2330 3464 2467 3522; x_wconf 83' lang='lat' dir='ltr'><strong>forte</strong></span> <span class='ocrx_word' id='word_1_609' title='bbox 2512 3468 2770 3523; x_wconf 90' lang='lat' dir='ltr'><strong>Dominus</strong></span> <span class='ocrx_word' id='word_1_610' title='bbox 2817 3470 3036 3526; x_wconf 86' lang='lat' dir='ltr'><strong>dedisse</strong></span> <span class='ocrx_word' id='word_1_611' title='bbox 3086 3473 3370 3542; x_wconf 82' lang='lat' dir='ltr'><strong>Apostolis</strong></span> <span class='ocrx_word' id='word_1_612' title='bbox 3398 3485 3664 3546; x_wconf 70' lang='lat' dir='ltr'><strong>pmcepu</strong></span> <span class='ocrx_word' id='word_1_613' title='bbox 3683 3476 3788 3530; x_wconf 68' lang='lat' dir='ltr'><strong>exis-</strong></span> 
     </span>
    </p>
   </div>
   <div class='ocr_carea' id='block_1_80' title="bbox 2220 3559 3786 3635">
    <p class='ocr_par' dir='ltr' id='par_1_80' title="bbox 2220 3559 3786 3635">
     <span class='ocr_line' id='line_1_80' title="bbox 2220 3559 3786 3635; baseline 0.008 -25"><span class='ocrx_word' id='word_1_614' title='bbox 2220 3559 2522 3614; x_wconf 88' lang='lat' dir='ltr'><strong>timabitur:</strong></span> <span class='ocrx_word' id='word_1_615' title='bbox 2555 3561 2697 3632; x_wconf 90' lang='lat' dir='ltr'><strong>quod</strong></span> <span class='ocrx_word' id='word_1_616' title='bbox 2726 3578 2785 3618; x_wconf 91' lang='lat' dir='ltr'><strong>se</strong></span> <span class='ocrx_word' id='word_1_617' title='bbox 2827 3578 2994 3635; x_wconf 90' lang='lat' dir='ltr'><strong>usque</strong></span> <span class='ocrx_word' id='word_1_618' title='bbox 3023 3563 3090 3619; x_wconf 90' lang='lat' dir='ltr'><strong>ad</strong></span> <span class='ocrx_word' id='word_1_619' title='bbox 3130 3567 3335 3620; x_wconf 90' lang='lat' dir='ltr'><strong>monita</strong></span> <span class='ocrx_word' id='word_1_620' title='bbox 3369 3567 3688 3630; x_wconf 85' lang='lat' dir='ltr'><strong>introeundi,</strong></span> <span class='ocrx_word' id='word_1_621' title='bbox 3711 3570 3786 3622; x_wconf 80' lang='lat' dir='ltr'><strong>ha-</strong></span> 
     </span>
    </p>
   </div>
   <div class='ocr_carea' id='block_1_81' title="bbox 2219 3651 3786 3732">
    <p class='ocr_par' dir='ltr' id='par_1_81' title="bbox 2219 3651 3786 3732">
     <span class='ocr_line' id='line_1_81' title="bbox 2219 3651 3786 3732; baseline 0.006 -26"><span class='ocrx_word' id='word_1_622' title='bbox 2219 3651 2447 3721; x_wconf 88' lang='lat' dir='ltr'><strong>bitandi,</strong></span> <span class='ocrx_word' id='word_1_623' title='bbox 2478 3656 2746 3722; x_wconf 88' lang='lat' dir='ltr'><strong>morandi,</strong></span> <span class='ocrx_word' id='word_1_624' title='bbox 2773 3657 3113 3727; x_wconf 68' lang='lat' dir='ltr'><strong>eseundique</strong></span> <span class='ocrx_word' id='word_1_625' title='bbox 3157 3661 3535 3717; x_wconf 87' lang='lat' dir='ltr'><strong>summiserit.</strong></span> <span class='ocrx_word' id='word_1_626' title='bbox 3574 3663 3670 3718; x_wconf 72' lang='lat' dir='ltr'><strong>Ilaec</strong></span> <span class='ocrx_word' id='word_1_627' title='bbox 3690 3663 3786 3732; x_wconf 74' lang='lat' dir='ltr'><strong>qui-</strong></span> 
     </span>
    </p>
   </div>
   <div class='ocr_carea' id='block_1_82' title="bbox 2217 3746 3783 3819">
    <p class='ocr_par' dir='ltr' id='par_1_82' title="bbox 2217 3746 3783 3819">
     <span class='ocr_line' id='line_1_82' title="bbox 2217 3746 3783 3819; baseline 0.008 -19"><span class='ocrx_word' id='word_1_628' title='bbox 2217 3747 2340 3800; x_wconf 90' lang='lat' dir='ltr'><strong>dem</strong></span> <span class='ocrx_word' id='word_1_629' title='bbox 2372 3746 2642 3804; x_wconf 91' lang='lat' dir='ltr'><strong>intellecta</strong></span> <span class='ocrx_word' id='word_1_630' title='bbox 2665 3750 2981 3819; x_wconf 86' lang='lat' dir='ltr'><strong>simpliciter</strong></span> <span class='ocrx_word' id='word_1_631' title='bbox 3029 3760 3342 3807; x_wconf 88' lang='lat' dir='ltr'><strong>sanctorum</strong></span> <span class='ocrx_word' id='word_1_632' title='bbox 3388 3755 3659 3811; x_wconf 67' lang='lat' dir='ltr'><strong>modesti:</strong></span> <span class='ocrx_word' id='word_1_633' title='bbox 3683 3770 3783 3810; x_wconf 72' lang='lat' dir='ltr'><strong>cutt-</strong></span> 
     </span>
    </p>
   </div>
   <div class='ocr_carea' id='block_1_83' title="bbox 2225 3843 3787 3922">
    <p class='ocr_par' dir='ltr' id='par_1_83' title="bbox 2225 3843 3787 3922">
     <span class='ocr_line' id='line_1_83' title="bbox 2225 3843 3787 3922; baseline 0.008 -30"><span class='ocrx_word' id='word_1_634' title='bbox 2225 3847 2446 3910; x_wconf 85' lang='lat' dir='ltr'><strong>gruunt,</strong></span> <span class='ocrx_word' id='word_1_635' title='bbox 2480 3850 2533 3895; x_wconf 93' lang='lat' dir='ltr'><strong>ut</strong></span> <span class='ocrx_word' id='word_1_636' title='bbox 2559 3857 2680 3895; x_wconf 91' lang='lat' dir='ltr'><strong>cum</strong></span> <span class='ocrx_word' id='word_1_637' title='bbox 2714 3843 2874 3913; x_wconf 89' lang='lat' dir='ltr'><strong>digno</strong></span> <span class='ocrx_word' id='word_1_638' title='bbox 2896 3845 2966 3899; x_wconf 93' lang='lat' dir='ltr'><strong>sit</strong></span> <span class='ocrx_word' id='word_1_639' title='bbox 2997 3845 3362 3922; x_wconf 62' lang='lat' dir='ltr'><strong>hospitaiitas,</strong></span> <span class='ocrx_word' id='word_1_640' title='bbox 3403 3864 3548 3905; x_wconf 87' lang='lat' dir='ltr'><strong>neve</strong></span> <span class='ocrx_word' id='word_1_641' title='bbox 3569 3866 3656 3920; x_wconf 85' lang='lat' dir='ltr'><strong>per</strong></span> <span class='ocrx_word' id='word_1_642' title='bbox 3673 3851 3787 3904; x_wconf 74' lang='lat' dir='ltr'><strong>ines-</strong></span> 
     </span>
    </p>
   </div>
   <div class='ocr_carea' id='block_1_84' title="bbox 2220 3932 3788 4014">
    <p class='ocr_par' dir='ltr' id='par_1_84' title="bbox 2220 3932 3788 4014">
     <span class='ocr_line' id='line_1_84' title="bbox 2220 3932 3788 4014; baseline 0.008 -29"><span class='ocrx_word' id='word_1_643' title='bbox 2220 3932 2353 3986; x_wconf 89' lang='lat' dir='ltr'><strong>riam</strong></span> <span class='ocrx_word' id='word_1_644' title='bbox 2387 3944 2482 3988; x_wconf 88' lang='lat' dir='ltr'><strong>aut</strong></span> <span class='ocrx_word' id='word_1_645' title='bbox 2531 3933 2889 4005; x_wconf 86' lang='lat' dir='ltr'><strong>ignorantiam</strong></span> <span class='ocrx_word' id='word_1_646' title='bbox 2920 3937 3325 3996; x_wconf 88' lang='lat' dir='ltr'><strong>cohabitatione</strong></span> <span class='ocrx_word' id='word_1_647' title='bbox 3370 3945 3647 4014; x_wconf 59' lang='lat' dir='ltr'><strong>probrosa</strong></span> <span class='ocrx_word' id='word_1_648' title='bbox 3672 3943 3788 3998; x_wconf 49' lang='lat' dir='ltr'><strong>iam}</strong></span> 
     </span>
    </p>
   </div>
   <div class='ocr_carea' id='block_1_85' title="bbox 2219 4022 3788 4106">
    <p class='ocr_par' dir='ltr' id='par_1_85' title="bbox 2219 4022 3788 4106">
     <span class='ocr_line' id='line_1_85' title="bbox 2219 4022 3788 4106; baseline 0.01 -30"><span class='ocrx_word' id='word_1_649' title='bbox 2219 4022 2304 4078; x_wconf 74' lang='lat' dir='ltr'><strong>lia:</strong></span> <span class='ocrx_word' id='word_1_650' title='bbox 2353 4026 2675 4095; x_wconf 90' lang='lat' dir='ltr'><strong>polluantur.</strong></span> <span class='ocrx_word' id='word_1_651' title='bbox 2712 4028 2827 4084; x_wconf 87' lang='lat' dir='ltr'><strong>Sed</strong></span> <span class='ocrx_word' id='word_1_652' title='bbox 2869 4031 3201 4088; x_wconf 90' lang='lat' dir='ltr'><strong>introeuntes</strong></span> <span class='ocrx_word' id='word_1_653' title='bbox 3235 4035 3526 4092; x_wconf 86' lang='lat' dir='ltr'><strong>civitatem</strong></span> <span class='ocrx_word' id='word_1_654' title='bbox 3569 4037 3634 4094; x_wconf 82' lang='lat' dir='ltr'><strong>de</strong></span> <span class='ocrx_word' id='word_1_655' title='bbox 3668 4039 3788 4106; x_wconf 64' lang='lat' dir='ltr'><strong>digne</strong></span> 
     </span>
    </p>
   </div>
   <div class='ocr_carea' id='block_1_86' title="bbox 2213 4115 3782 4201">
    <p class='ocr_par' dir='ltr' id='par_1_86' title="bbox 2213 4115 3782 4201">
     <span class='ocr_line' id='line_1_86' title="bbox 2213 4115 3782 4201; baseline 0.008 -31"><span class='ocrx_word' id='word_1_656' title='bbox 2213 4115 2366 4186; x_wconf 89' lang='lat' dir='ltr'><strong>jubet</strong></span> <span class='ocrx_word' id='word_1_657' title='bbox 2389 4120 2742 4192; x_wconf 81' lang='lat' dir='ltr'><strong>interrogare,</strong></span> <span class='ocrx_word' id='word_1_658' title='bbox 2775 4131 2972 4178; x_wconf 91' lang='lat' dir='ltr'><strong>etcum</strong></span> <span class='ocrx_word' id='word_1_659' title='bbox 3007 4141 3073 4179; x_wconf 89' lang='lat' dir='ltr'><strong>eo</strong></span> <span class='ocrx_word' id='word_1_660' title='bbox 3113 4125 3362 4183; x_wconf 88' lang='lat' dir='ltr'><strong>habitare</strong></span> <span class='ocrx_word' id='word_1_661' title='bbox 3404 4145 3580 4201; x_wconf 89' lang='lat' dir='ltr'><strong>usque</strong></span> <span class='ocrx_word' id='word_1_662' title='bbox 3607 4131 3668 4184; x_wconf 80' lang='lat' dir='ltr'><strong>ad</strong></span> <span class='ocrx_word' id='word_1_663' title='bbox 3695 4145 3782 4200; x_wconf 74' lang='lat' dir='ltr'><strong>pre-</strong></span> 
     </span>
    </p>
   </div>
   <div class='ocr_carea' id='block_1_87' title="bbox 2218 4209 3786 4293">
    <p class='ocr_par' dir='ltr' id='par_1_87' title="bbox 2218 4209 3786 4293">
     <span class='ocr_line' id='line_1_87' title="bbox 2218 4209 3786 4293; baseline 0.008 -30"><span class='ocrx_word' id='word_1_664' title='bbox 2218 4209 2505 4265; x_wconf 83' lang='lat' dir='ltr'><strong>fectionem</strong></span> <span class='ocrx_word' id='word_1_665' title='bbox 2530 4229 2544 4268; x_wconf 89' lang='lat'>:</span> <span class='ocrx_word' id='word_1_666' title='bbox 2579 4211 2799 4269; x_wconf 90' lang='lat' dir='ltr'><strong>domum</strong></span> <span class='ocrx_word' id='word_1_667' title='bbox 2823 4231 3038 4287; x_wconf 79' lang='lat' dir='ltr'><strong>quoque</strong></span> <span class='ocrx_word' id='word_1_668' title='bbox 3065 4217 3132 4272; x_wconf 89' lang='lat' dir='ltr'><strong>ab</strong></span> <span class='ocrx_word' id='word_1_669' title='bbox 3173 4217 3586 4279; x_wconf 87' lang='lat' dir='ltr'><strong>introeuntibus</strong></span> <span class='ocrx_word' id='word_1_670' title='bbox 3614 4221 3786 4293; x_wconf 66' lang='lat' dir='ltr'><strong>pacit&#39;iss</strong></span> 
     </span>
    </p>
   </div>
   <div class='ocr_carea' id='block_1_88' title="bbox 2221 4303 3788 4388">
    <p class='ocr_par' dir='ltr' id='par_1_88' title="bbox 2221 4303 3788 4388">
     <span class='ocr_line' id='line_1_88' title="bbox 2221 4303 3788 4388; baseline 0.011 -32"><span class='ocrx_word' id='word_1_671' title='bbox 2221 4303 2475 4359; x_wconf 84' lang='lat' dir='ltr'><strong>salutari;</strong></span> <span class='ocrx_word' id='word_1_672' title='bbox 2544 4322 2663 4376; x_wconf 73' lang='lat' dir='ltr'><strong>qua:</strong></span> <span class='ocrx_word' id='word_1_673' title='bbox 2691 4307 2738 4363; x_wconf 89' lang='lat' dir='ltr'><strong>si</strong></span> <span class='ocrx_word' id='word_1_674' title='bbox 2792 4309 2952 4381; x_wconf 90' lang='lat' dir='ltr'><strong>digna</strong></span> <span class='ocrx_word' id='word_1_675' title='bbox 2997 4320 3102 4377; x_wconf 90' lang='lat' dir='ltr'><strong>est,</strong></span> <span class='ocrx_word' id='word_1_676' title='bbox 3156 4321 3210 4368; x_wconf 91' lang='lat' dir='ltr'><strong>et</strong></span> <span class='ocrx_word' id='word_1_677' title='bbox 3237 4315 3392 4384; x_wconf 86' lang='lat' dir='ltr'><strong>pacis</strong></span> <span class='ocrx_word' id='word_1_678' title='bbox 3445 4315 3634 4388; x_wconf 83' lang='lat' dir='ltr'><strong>(etiam</strong></span> <span class='ocrx_word' id='word_1_679' title='bbox 3661 4314 3788 4386; x_wconf 62' lang='lat' dir='ltr'><strong>ptes}</strong></span> 
     </span>
    </p>
   </div>
   <div class='ocr_carea' id='block_1_89' title="bbox 2220 4402 3784 4479">
    <p class='ocr_par' dir='ltr' id='par_1_89' title="bbox 2220 4402 3784 4479">
     <span class='ocr_line' id='line_1_89' title="bbox 2220 4402 3784 4479; baseline 0.006 -26"><span class='ocrx_word' id='word_1_680' title='bbox 2220 4402 2600 4456; x_wconf 89' lang='lat' dir='ltr'><strong>communione</strong></span> <span class='ocrx_word' id='word_1_681' title='bbox 2630 4403 2702 4456; x_wconf 90' lang='lat' dir='ltr'><strong>sit</strong></span> <span class='ocrx_word' id='word_1_682' title='bbox 2727 4402 2888 4474; x_wconf 87' lang='lat' dir='ltr'><strong>digna</strong></span> <span class='ocrx_word' id='word_1_683' title='bbox 2919 4421 2934 4470; x_wconf 90' lang='lat'><strong>;</strong></span> <span class='ocrx_word' id='word_1_684' title='bbox 2977 4405 3021 4460; x_wconf 88' lang='lat' dir='ltr'><strong>si</strong></span> <span class='ocrx_word' id='word_1_685' title='bbox 3043 4405 3282 4476; x_wconf 91' lang='lat' dir='ltr'><strong>indigna,</strong></span> <span class='ocrx_word' id='word_1_686' title='bbox 3320 4423 3431 4479; x_wconf 82' lang='lat' dir='ltr'><strong>pax</strong></span> <span class='ocrx_word' id='word_1_687' title='bbox 3476 4410 3697 4465; x_wconf 81' lang='lat' dir='ltr'><strong>invicem</strong></span> <span class='ocrx_word' id='word_1_688' title='bbox 3722 4424 3784 4462; x_wconf 78' lang='lat' dir='ltr'><strong>re-</strong></span> 
     </span>
    </p>
   </div>
   <div class='ocr_carea' id='block_1_90' title="bbox 2221 4493 3784 4568">
    <p class='ocr_par' dir='ltr' id='par_1_90' title="bbox 2221 4493 3784 4568">
     <span class='ocr_line' id='line_1_90' title="bbox 2221 4493 3784 4568; baseline 0.008 -25"><span class='ocrx_word' id='word_1_689' title='bbox 2221 4501 2486 4547; x_wconf 85' lang='lat' dir='ltr'><strong>vertatur:</strong></span> <span class='ocrx_word' id='word_1_690' title='bbox 2510 4493 2600 4564; x_wconf 91' lang='lat' dir='ltr'><strong>qui</strong></span> <span class='ocrx_word' id='word_1_691' title='bbox 2631 4503 2810 4550; x_wconf 90' lang='lat' dir='ltr'><strong>autem</strong></span> <span class='ocrx_word' id='word_1_692' title='bbox 2851 4511 2956 4552; x_wconf 91' lang='lat' dir='ltr'><strong>non</strong></span> <span class='ocrx_word' id='word_1_693' title='bbox 2995 4499 3309 4568; x_wconf 88' lang='lat' dir='ltr'><strong>receperint</strong></span> <span class='ocrx_word' id='word_1_694' title='bbox 3361 4516 3485 4567; x_wconf 90' lang='lat' dir='ltr'><strong>eos,</strong></span> <span class='ocrx_word' id='word_1_695' title='bbox 3521 4514 3784 4558; x_wconf 52' lang='lat' dir='ltr'><strong>sentiens?</strong></span> 
     </span>
    </p>
   </div>
   <div class='ocr_carea' id='block_1_91' title="bbox 522 4565 3788 4664">
    <p class='ocr_par' dir='ltr' id='par_1_91' title="bbox 522 4565 3788 4664">
     <span class='ocr_line' id='line_1_91' title="bbox 522 4565 3788 4664; baseline 0.001 -20"><span class='ocrx_word' id='word_1_696' title='bbox 522 4596 610 4644; x_wconf 91' lang='lat' dir='ltr'><strong>tur</strong></span> <span class='ocrx_word' id='word_1_697' title='bbox 672 4604 686 4641; x_wconf 91' lang='lat'><strong>:</strong></span> <span class='ocrx_word' id='word_1_698' title='bbox 733 4595 790 4642; x_wconf 90' lang='lat' dir='ltr'><strong>ut</strong></span> <span class='ocrx_word' id='word_1_699' title='bbox 834 4589 906 4644; x_wconf 89' lang='lat' dir='ltr'><strong>sit</strong></span> <span class='ocrx_word' id='word_1_700' title='bbox 958 4565 1162 4644; x_wconf 88' lang='lat' dir='ltr'><strong>scilicet</strong></span> <span class='ocrx_word' id='word_1_701' title='bbox 1215 4584 1538 4642; x_wconf 88' lang='lat' dir='ltr'><strong>ministratio</strong></span> <span class='ocrx_word' id='word_1_702' title='bbox 1590 4582 1822 4655; x_wconf 90' lang='lat' dir='ltr'><strong>gratuita</strong></span> <span class='ocrx_word' id='word_1_703' title='bbox 1873 4581 2114 4639; x_wconf 88' lang='lat' dir='ltr'><strong>muneris</strong></span> <span class='ocrx_word' id='word_1_704' title='bbox 2144 4565 2328 4655; x_wconf 83' lang='lat' dir='ltr'><strong>une</strong></span> <span class='ocrx_word' id='word_1_705' title='bbox 2358 4587 2689 4654; x_wconf 91' lang='lat' dir='ltr'><strong>eorum;his</strong></span> <span class='ocrx_word' id='word_1_706' title='bbox 2717 4605 2948 4647; x_wconf 83' lang='lat' dir='ltr'><strong>excusso</strong></span> <span class='ocrx_word' id='word_1_707' title='bbox 2975 4565 3172 4663; x_wconf 83' lang='lat' dir='ltr'><strong>pedum</strong></span> <span class='ocrx_word' id='word_1_708' title='bbox 3193 4593 3446 4664; x_wconf 83' lang='lat' dir='ltr'><strong>pulvere,</strong></span> <span class='ocrx_word' id='word_1_709' title='bbox 3468 4565 3788 4652; x_wconf 59' lang='lat' dir='ltr'><strong>aeternam-</strong></span> 
     </span>
    </p>
   </div>
   <div class='ocr_carea' id='block_1_92' title="bbox 521 4679 760 4754">
    <p class='ocr_par' dir='ltr' id='par_1_92' title="bbox 521 4679 760 4754">
     <span class='ocr_line' id='line_1_92' title="bbox 521 4679 760 4754; baseline -0.013 -17"><span class='ocrx_word' id='word_1_710' title='bbox 521 4679 760 4754; x_wconf 88' lang='lat' dir='ltr'><strong>gratuiti.</strong></span> 
     </span>
    </p>
   </div>
   <div class='ocr_carea' id='block_1_93' title="bbox 521 4886 1287 4947">
    <p class='ocr_par' dir='ltr' id='par_1_93' title="bbox 521 4886 1287 4947">
     <span class='ocr_line' id='line_1_93' title="bbox 521 4886 1287 4947; baseline -0.001 -1"><span class='ocrx_word' id='word_1_711' title='bbox 521 4890 852 4947; x_wconf 82' lang='lat' dir='ltr'><strong>mulationem</strong></span> <span class='ocrx_word' id='word_1_712' title='bbox 881 4886 1287 4945; x_wconf 83' lang='lat' dir='ltr'><strong>conﬁciebatur.</strong></span> 
     </span>
    </p>
   </div>
   <div class='ocr_carea' id='block_1_94' title="bbox 595 4955 2110 5035">
    <p class='ocr_par' dir='ltr' id='par_1_94' title="bbox 595 4955 2110 5035">
     <span class='ocr_line' id='line_1_94' title="bbox 595 4955 2110 5035; baseline -0.003 -19"><span class='ocrx_word' id='word_1_713' title='bbox 595 4965 674 5035; x_wconf 81' lang='grc' dir='ltr'><strong>(α)</strong></span> <span class='ocrx_word' id='word_1_714' title='bbox 704 4961 986 5035; x_wconf 80' lang='lat' dir='ltr'><strong>Batl..__Er._</strong></span> <span class='ocrx_word' id='word_1_715' title='bbox 1029 4969 1083 5013; x_wconf 88' lang='lat' dir='ltr'><strong>et</strong></span> <span class='ocrx_word' id='word_1_716' title='bbox 1113 4959 1258 5028; x_wconf 86' lang='lat' dir='ltr'><strong>Lips.</strong></span> <span class='ocrx_word' id='word_1_717' title='bbox 1295 4955 1739 5035; x_wconf 24' lang='lat' dir='ltr'><strong>eﬂ&#39;andetur.‘Alii</strong></span> <span class='ocrx_word' id='word_1_718' title='bbox 1771 4971 1910 5035; x_wconf 66' lang='lat' dir='ltr'><strong>vero</strong></span> <span class='ocrx_word' id='word_1_719' title='bbox 1941 4956 2065 5012; x_wconf 88' lang='lat' dir='ltr'><strong>libri</strong></span> <span class='ocrx_word' id='word_1_720' title='bbox 2093 4999 2110 5025; x_wconf 94' lang='lat'><strong>,</strong></span> 
     </span>
    </p>
   </div>
   <div class='ocr_carea' id='block_1_95' title="bbox 521 5029 2114 5103">
    <p class='ocr_par' dir='ltr' id='par_1_95' title="bbox 521 5029 2114 5103">
     <span class='ocr_line' id='line_1_95' title="bbox 521 5029 2114 5103; baseline -0.004 -12"><span class='ocrx_word' id='word_1_721' title='bbox 521 5029 822 5103; x_wconf 76' lang='lat' dir='ltr'><strong>eﬁ&#39;unditur.</strong></span> <span class='ocrx_word' id='word_1_722' title='bbox 850 5032 948 5088; x_wconf 86' lang='lat' dir='ltr'><strong>Hic</strong></span> <span class='ocrx_word' id='word_1_723' title='bbox 974 5031 1124 5103; x_wconf 84' lang='lat' dir='ltr'><strong>locus</strong></span> <span class='ocrx_word' id='word_1_724' title='bbox 1150 5046 1362 5103; x_wconf 82' lang='lat' dir='ltr'><strong>rursum</strong></span> <span class='ocrx_word' id='word_1_725' title='bbox 1392 5031 1458 5085; x_wconf 91' lang='lat' dir='ltr'><strong>ad</strong></span> <span class='ocrx_word' id='word_1_726' title='bbox 1484 5029 2114 5103; x_wconf 75' lang='lat' dir='ltr'><strong>eonlirmationissacra-</strong></span> 
     </span>
    </p>
   </div>
   <div class='ocr_carea' id='block_1_96' title="bbox 525 5100 2111 5175">
    <p class='ocr_par' dir='ltr' id='par_1_96' title="bbox 525 5100 2111 5175">
     <span class='ocr_line' id='line_1_96' title="bbox 525 5100 2111 5175; baseline -0.005 -13"><span class='ocrx_word' id='word_1_727' title='bbox 525 5100 761 5162; x_wconf 81' lang='lat' dir='ltr'><strong>mentum</strong></span> <span class='ocrx_word' id='word_1_728' title='bbox 787 5115 961 5175; x_wconf 83' lang='lat' dir='ltr'><strong>potest</strong></span> <span class='ocrx_word' id='word_1_729' title='bbox 980 5102 1190 5158; x_wconf 81' lang='lat' dir='ltr'><strong>referri.</strong></span> <span class='ocrx_word' id='word_1_730' title='bbox 1214 5102 1505 5175; x_wconf 32' lang='lat' dir='ltr'><strong>Videtiul&#39;ra</strong></span> <span class='ocrx_word' id='word_1_731' title='bbox 1534 5116 1584 5157; x_wconf 90' lang='lat' dir='ltr'><strong>c.</strong></span> <span class='ocrx_word' id='word_1_732' title='bbox 1610 5103 1698 5168; x_wconf 84' lang='grc'><strong>19,</strong></span> <span class='ocrx_word' id='word_1_733' title='bbox 1724 5117 1778 5156; x_wconf 86' lang='grc' dir='ltr'>ιι.</span> <span class='ocrx_word' id='word_1_734' title='bbox 1805 5102 1860 5168; x_wconf 80' lang='grc'><strong>5,</strong></span> <span class='ocrx_word' id='word_1_735' title='bbox 1884 5101 1970 5155; x_wconf 87' lang='lat' dir='ltr'><strong>ubi</strong></span> <span class='ocrx_word' id='word_1_736' title='bbox 1989 5100 2111 5175; x_wconf 84' lang='lat' dir='ltr'><strong>Spi-</strong></span> 
     </span>
    </p>
   </div>
   <div class='ocr_carea' id='block_1_97' title="bbox 523 5173 2112 5246">
    <p class='ocr_par' dir='ltr' id='par_1_97' title="bbox 523 5173 2112 5246">
     <span class='ocr_line' id='line_1_97' title="bbox 523 5173 2112 5246; baseline -0.006 -13"><span class='ocrx_word' id='word_1_737' title='bbox 523 5180 657 5234; x_wconf 87' lang='lat' dir='ltr'><strong>ritus</strong></span> <span class='ocrx_word' id='word_1_738' title='bbox 678 5173 847 5233; x_wconf 71' lang='lat' dir='ltr'><strong>sanCIi</strong></span> <span class='ocrx_word' id='word_1_739' title='bbox 865 5177 1063 5232; x_wconf 87' lang='lat' dir='ltr'><strong>donum</strong></span> <span class='ocrx_word' id='word_1_740' title='bbox 1079 5191 1170 5242; x_wconf 80' lang='lat' dir='ltr'><strong>per</strong></span> <span class='ocrx_word' id='word_1_741' title='bbox 1195 5174 1564 5246; x_wconf 71' lang='lat' dir='ltr'><strong>impositionem</strong></span> <span class='ocrx_word' id='word_1_742' title='bbox 1587 5190 1770 5246; x_wconf 80' lang='lat' dir='ltr'><strong>manus</strong></span> <span class='ocrx_word' id='word_1_743' title='bbox 1790 5182 1836 5246; x_wconf 77' lang='lat' dir='ltr'><strong>et</strong></span> <span class='ocrx_word' id='word_1_744' title='bbox 1857 5173 2112 5244; x_wconf 85' lang='lat' dir='ltr'><strong>precatio-</strong></span> 
     </span>
    </p>
   </div>
   <div class='ocr_carea' id='block_1_98' title="bbox 525 5245 2113 5321">
    <p class='ocr_par' dir='ltr' id='par_1_98' title="bbox 525 5245 2113 5321">
     <span class='ocr_line' id='line_1_98' title="bbox 525 5245 2113 5321; baseline -0.002 -19"><span class='ocrx_word' id='word_1_745' title='bbox 525 5266 639 5321; x_wconf 76' lang='lat' dir='ltr'><strong>nem</strong></span> <span class='ocrx_word' id='word_1_746' title='bbox 669 5251 907 5321; x_wconf 71' lang='lat' dir='ltr'><strong>prmstari</strong></span> <span class='ocrx_word' id='word_1_747' title='bbox 925 5245 1273 5321; x_wconf 67' lang='lat' dir='ltr'><strong>declaratur.</strong></span> <span class='ocrx_word' id='word_1_748' title='bbox 1293 5245 1428 5321; x_wconf 78' lang='lat' dir='ltr'><strong>Tum</strong></span> <span class='ocrx_word' id='word_1_749' title='bbox 1470 5246 1676 5301; x_wconf 69' lang='lat' dir='ltr'><strong>eaedem</strong></span> <span class='ocrx_word' id='word_1_750' title='bbox 1701 5245 1966 5321; x_wconf 73' lang='lat' dir='ltr'><strong>editiones</strong></span> <span class='ocrx_word' id='word_1_751' title='bbox 1992 5259 2113 5299; x_wconf 93' lang='lat' dir='ltr'><strong>cum</strong></span> 
     </span>
    </p>
   </div>
   <div class='ocr_carea' id='block_1_99' title="bbox 524 5315 2115 5386">
    <p class='ocr_par' dir='ltr' id='par_1_99' title="bbox 524 5315 2115 5386">
     <span class='ocr_line' id='line_1_99' title="bbox 524 5315 2115 5386; baseline -0.003 -9"><span class='ocrx_word' id='word_1_752' title='bbox 524 5320 648 5377; x_wconf 85' lang='lat' dir='ltr'><strong>Par.</strong></span> <span class='ocrx_word' id='word_1_753' title='bbox 669 5315 733 5377; x_wconf 74' lang='grc' dir='ltr'>ἐι</span> <span class='ocrx_word' id='word_1_754' title='bbox 758 5336 886 5376; x_wconf 86' lang='lat' dir='ltr'><strong>mss.</strong></span> <span class='ocrx_word' id='word_1_755' title='bbox 912 5318 1065 5375; x_wconf 88' lang='lat' dir='ltr'><strong>Colb.</strong></span> <span class='ocrx_word' id='word_1_756' title='bbox 1091 5328 1146 5374; x_wconf 91' lang='lat' dir='ltr'><strong>et</strong></span> <span class='ocrx_word' id='word_1_757' title='bbox 1172 5315 1508 5386; x_wconf 65' lang='lat' dir='ltr'><strong>Carn.{atque</strong></span> <span class='ocrx_word' id='word_1_758' title='bbox 1525 5327 1575 5370; x_wconf 88' lang='lat' dir='ltr'><strong>ut</strong></span> <span class='ocrx_word' id='word_1_759' title='bbox 1592 5333 1803 5372; x_wconf 85' lang='lat' dir='ltr'><strong>messem</strong></span> <span class='ocrx_word' id='word_1_760' title='bbox 1822 5318 1967 5371; x_wconf 86' lang='lat' dir='ltr'><strong>illam</strong></span> <span class='ocrx_word' id='word_1_761' title='bbox 1986 5333 2115 5372; x_wconf 77' lang='lat' dir='ltr'><strong>mes-</strong></span> 
     </span>
    </p>
   </div>
   <div class='ocr_carea' id='block_1_100' title="bbox 522 5388 2116 5463">
    <p class='ocr_par' dir='ltr' id='par_1_100' title="bbox 522 5388 2116 5463">
     <span class='ocr_line' id='line_1_100' title="bbox 522 5388 2116 5463; baseline -0.003 -15"><span class='ocrx_word' id='word_1_762' title='bbox 522 5409 781 5463; x_wconf 83' lang='lat' dir='ltr'><strong>soresque;</strong></span> <span class='ocrx_word' id='word_1_763' title='bbox 797 5394 990 5462; x_wconf 90' lang='lat' dir='ltr'><strong>quibus</strong></span> <span class='ocrx_word' id='word_1_764' title='bbox 1012 5391 1302 5459; x_wconf 87' lang='lat' dir='ltr'><strong>subjiciunt</strong></span> <span class='ocrx_word' id='word_1_765' title='bbox 1321 5388 1685 5463; x_wconf 71' lang='lat' dir='ltr'><strong>duoprzedieti</strong></span> <span class='ocrx_word' id='word_1_766' title='bbox 1712 5405 1810 5444; x_wconf 91' lang='lat' dir='ltr'><strong>ms.</strong></span> <span class='ocrx_word' id='word_1_767' title='bbox 1840 5405 1904 5444; x_wconf 77' lang='lat' dir='ltr'><strong>ea;</strong></span> <span class='ocrx_word' id='word_1_768' title='bbox 1927 5391 1999 5463; x_wconf 86' lang='lat' dir='ltr'><strong>bis</strong></span> <span class='ocrx_word' id='word_1_769' title='bbox 2019 5405 2116 5444; x_wconf 46' lang='lat' dir='ltr'><strong>aue</strong></span> 
     </span>
    </p>
   </div>
   <div class='ocr_carea' id='block_1_101' title="bbox 523 5460 2110 5532">
    <p class='ocr_par' dir='ltr' id='par_1_101' title="bbox 523 5460 2110 5532">
     <span class='ocr_line' id='line_1_101' title="bbox 523 5460 2110 5532; baseline -0.002 -13"><span class='ocrx_word' id='word_1_770' title='bbox 523 5460 684 5520; x_wconf 48' lang='lat' dir='ltr'><strong>mero&#39;</strong></span> <span class='ocrx_word' id='word_1_771' title='bbox 703 5460 966 5519; x_wconf 79' lang='lat' dir='ltr'><strong>duodecim</strong></span> <span class='ocrx_word' id='word_1_772' title='bbox 989 5464 1206 5531; x_wconf 85' lang='lat' dir='ltr'><strong>primum</strong></span> <span class='ocrx_word' id='word_1_773' title='bbox 1243 5460 1524 5532; x_wconf 78' lang='lat' dir='ltr'><strong>apostolos.</strong></span> <span class='ocrx_word' id='word_1_774' title='bbox 1551 5460 1790 5516; x_wconf 67' lang='lat' dir='ltr'><strong>Caeteros</strong></span> <span class='ocrx_word' id='word_1_775' title='bbox 1815 5462 2110 5532; x_wconf 89' lang='lat' dir='ltr'><strong>sequimur.</strong></span> 
     </span>
    </p>
   </div>
   <div class='ocr_carea' id='block_1_102' title="bbox 597 5532 2114 5610">
    <p class='ocr_par' dir='ltr' id='par_1_102' title="bbox 597 5532 2114 5610">
     <span class='ocr_line' id='line_1_102' title="bbox 597 5532 2114 5610; baseline -0.002 -20"><span class='ocrx_word' id='word_1_776' title='bbox 597 5536 673 5610; x_wconf 90' lang='lat' dir='ltr'><strong>(b)</strong></span> <span class='ocrx_word' id='word_1_777' title='bbox 703 5538 759 5592; x_wconf 89' lang='lat' dir='ltr'><strong>In</strong></span> <span class='ocrx_word' id='word_1_778' title='bbox 791 5536 999 5610; x_wconf 68' lang='lat' dir='ltr'><strong>duobus</strong></span> <span class='ocrx_word' id='word_1_779' title='bbox 1049 5550 1178 5590; x_wconf 91' lang='lat' dir='ltr'><strong>mss.</strong></span> <span class='ocrx_word' id='word_1_780' title='bbox 1212 5537 1394 5610; x_wconf 71' lang='lat' dir='ltr'><strong>virtute</strong></span> <span class='ocrx_word' id='word_1_781' title='bbox 1442 5540 1694 5610; x_wconf 80' lang='lat' dir='ltr'><strong>poterant.</strong></span> <span class='ocrx_word' id='word_1_782' title='bbox 1730 5532 1931 5610; x_wconf 85' lang='lat' dir='ltr'><strong>Deinde</strong></span> <span class='ocrx_word' id='word_1_783' title='bbox 1973 5533 2114 5602; x_wconf 86' lang='lat' dir='ltr'><strong>apud</strong></span> 
     </span>
    </p>
   </div>
   <div class='ocr_carea' id='block_1_103' title="bbox 428 5604 2112 5672">
    <p class='ocr_par' dir='ltr' id='par_1_103' title="bbox 428 5604 2112 5672">
     <span class='ocr_line' id='line_1_103' title="bbox 428 5604 2112 5672; baseline -0.002 -8"><span class='ocrx_word' id='word_1_784' title='bbox 428 5639 443 5651; x_wconf 73' lang='grc' dir='ltr'><strong>ι</strong></span> <span class='ocrx_word' id='word_1_785' title='bbox 525 5604 795 5665; x_wconf 81' lang='lat' dir='ltr'><strong>Latinium</strong></span> <span class='ocrx_word' id='word_1_786' title='bbox 826 5606 1114 5662; x_wconf 81' lang='lat' dir='ltr'><strong>Vaticanus</strong></span> <span class='ocrx_word' id='word_1_787' title='bbox 1167 5605 1356 5670; x_wconf 83' lang='lat' dir='ltr'><strong>codex,</strong></span> <span class='ocrx_word' id='word_1_788' title='bbox 1391 5613 1440 5658; x_wconf 88' lang='lat' dir='ltr'><strong>et</strong></span> <span class='ocrx_word' id='word_1_789' title='bbox 1496 5604 1741 5658; x_wconf 85' lang='lat' dir='ltr'><strong>turbata:</strong></span> <span class='ocrx_word' id='word_1_790' title='bbox 1789 5605 1961 5672; x_wconf 91' lang='lat' dir='ltr'><strong>male,</strong></span> <span class='ocrx_word' id='word_1_791' title='bbox 1989 5619 2112 5660; x_wconf 91' lang='lat' dir='ltr'><strong>eum</strong></span> 
     </span>
    </p>
   </div>
   <div class='ocr_carea' id='block_1_104' title="bbox 525 5674 2039 5750">
    <p class='ocr_par' dir='ltr' id='par_1_104' title="bbox 525 5674 2039 5750">
     <span class='ocr_line' id='line_1_104' title="bbox 525 5674 2039 5750; baseline -0.004 -13"><span class='ocrx_word' id='word_1_792' title='bbox 525 5689 765 5750; x_wconf 86' lang='lat' dir='ltr'><strong>potestas</strong></span> <span class='ocrx_word' id='word_1_793' title='bbox 794 5680 848 5733; x_wconf 89' lang='lat' dir='ltr'><strong>in</strong></span> <span class='ocrx_word' id='word_1_794' title='bbox 875 5679 1206 5734; x_wconf 90' lang='lat' dir='ltr'><strong>turbatorem</strong></span> <span class='ocrx_word' id='word_1_795' title='bbox 1229 5675 1506 5732; x_wconf 91' lang='lat' dir='ltr'><strong>diabolum</strong></span> <span class='ocrx_word' id='word_1_796' title='bbox 1537 5675 1662 5730; x_wconf 87' lang='lat' dir='ltr'><strong>data</strong></span> <span class='ocrx_word' id='word_1_797' title='bbox 1674 5674 2039 5750; x_wconf 77' lang='lat' dir='ltr'><strong>signiﬁcetur.</strong></span> 
     </span>
    </p>
   </div>
   <div class='ocr_carea' id='block_1_105' title="bbox 596 5747 2112 5818">
    <p class='ocr_par' dir='ltr' id='par_1_105' title="bbox 596 5747 2112 5818">
     <span class='ocr_line' id='line_1_105' title="bbox 596 5747 2112 5818; baseline -0.001 -14"><span class='ocrx_word' id='word_1_798' title='bbox 596 5751 669 5817; x_wconf 87' lang='lat' dir='ltr'><strong>(c)</strong></span> <span class='ocrx_word' id='word_1_799' title='bbox 699 5752 903 5806; x_wconf 87' lang='lat' dir='ltr'><strong>Turon.</strong></span> <span class='ocrx_word' id='word_1_800' title='bbox 931 5765 1058 5805; x_wconf 83' lang='lat' dir='ltr'><strong>mss.</strong></span> <span class='ocrx_word' id='word_1_801' title='bbox 1108 5765 1136 5802; x_wconf 90' lang='lat' dir='ltr'><strong>a</strong></span> <span class='ocrx_word' id='word_1_802' title='bbox 1169 5749 1342 5818; x_wconf 89' lang='lat' dir='ltr'><strong>prima</strong></span> <span class='ocrx_word' id='word_1_803' title='bbox 1369 5763 1564 5814; x_wconf 90' lang='lat' dir='ltr'><strong>manu,</strong></span> <span class='ocrx_word' id='word_1_804' title='bbox 1593 5747 1690 5804; x_wconf 88' lang='lat' dir='ltr'><strong>sed</strong></span> <span class='ocrx_word' id='word_1_805' title='bbox 1717 5749 1886 5817; x_wconf 89' lang='lat' dir='ltr'><strong>magis</strong></span> <span class='ocrx_word' id='word_1_806' title='bbox 1914 5747 2112 5814; x_wconf 75' lang='lat' dir='ltr'><strong>lecuo;</strong></span> 
     </span>
    </p>
   </div>
   <div class='ocr_carea' id='block_1_106' title="bbox 528 5818 2111 5892">
    <p class='ocr_par' dir='ltr' id='par_1_106' title="bbox 528 5818 2111 5892">
     <span class='ocr_line' id='line_1_106' title="bbox 528 5818 2111 5892; baseline 0 -20"><span class='ocrx_word' id='word_1_807' title='bbox 528 5834 558 5872; x_wconf 92' lang='lat' dir='ltr'><strong>a</strong></span> <span class='ocrx_word' id='word_1_808' title='bbox 579 5825 834 5888; x_wconf 84' lang='lat' dir='ltr'><strong>secunda,</strong></span> <span class='ocrx_word' id='word_1_809' title='bbox 854 5823 939 5876; x_wconf 78' lang='lat' dir='ltr'><strong>sed</strong></span> <span class='ocrx_word' id='word_1_810' title='bbox 966 5823 1089 5892; x_wconf 74' lang='lat' dir='ltr'><strong>legis</strong></span> <span class='ocrx_word' id='word_1_811' title='bbox 1114 5821 1279 5890; x_wconf 83' lang='lat' dir='ltr'><strong>lectio,</strong></span> <span class='ocrx_word' id='word_1_812' title='bbox 1303 5819 1446 5891; x_wconf 85' lang='lat' dir='ltr'><strong>quod</strong></span> <span class='ocrx_word' id='word_1_813' title='bbox 1461 5831 1511 5878; x_wconf 87' lang='lat' dir='ltr'><strong>ct</strong></span> <span class='ocrx_word' id='word_1_814' title='bbox 1529 5820 1731 5876; x_wconf 85' lang='lat' dir='ltr'><strong>habent</strong></span> <span class='ocrx_word' id='word_1_815' title='bbox 1751 5818 1839 5876; x_wconf 85' lang='lat' dir='ltr'><strong>alii</strong></span> <span class='ocrx_word' id='word_1_816' title='bbox 1858 5819 2111 5888; x_wconf 85' lang='lat' dir='ltr'><strong>quinque.</strong></span> 
     </span>
    </p>
   </div>
   <div class='ocr_carea' id='block_1_107' title="bbox 2217 4677 3666 4759">
    <p class='ocr_par' dir='ltr' id='par_1_107' title="bbox 2217 4677 3666 4759">
     <span class='ocr_line' id='line_1_107' title="bbox 2217 4677 3666 4759; baseline 0.007 -26"><span class='ocrx_word' id='word_1_817' title='bbox 2217 4677 2522 4737; x_wconf 89' lang='lat' dir='ltr'><strong>ledictionis</strong></span> <span class='ocrx_word' id='word_1_818' title='bbox 2549 4683 2754 4739; x_wconf 88' lang='lat' dir='ltr'><strong>semina</strong></span> <span class='ocrx_word' id='word_1_819' title='bbox 2780 4685 3128 4757; x_wconf 89' lang='lat' dir='ltr'><strong>relinquenda</strong></span> <span class='ocrx_word' id='word_1_820' title='bbox 3158 4684 3327 4757; x_wconf 84' lang='lat' dir='ltr'><strong>(Ibid.</strong></span> <span class='ocrx_word' id='word_1_821' title='bbox 3379 4689 3450 4744; x_wconf 78' lang='lat' dir='ltr'><strong>I5</strong></span> <span class='ocrx_word' id='word_1_822' title='bbox 3487 4702 3537 4747; x_wconf 83' lang='lat' dir='ltr'><strong>et</strong></span> <span class='ocrx_word' id='word_1_823' title='bbox 3562 4690 3666 4759; x_wconf 75' lang='grc' dir='ltr'><strong>Η).</strong></span> 
     </span>
    </p>
   </div>
   <div class='ocr_carea' id='block_1_108' title="bbox 2289 4875 3855 4976">
    <p class='ocr_par' dir='ltr' id='par_1_108' title="bbox 2289 4875 3855 4976">
     <span class='ocr_line' id='line_1_108' title="bbox 2289 4875 3855 4976; baseline 0.002 -30"><span class='ocrx_word' id='word_1_824' title='bbox 2289 4886 2372 4959; x_wconf 80' lang='grc' dir='ltr'><strong>(ά)</strong></span> <span class='ocrx_word' id='word_1_825' title='bbox 2403 4887 2665 4976; x_wconf 35' lang='grc' dir='ltr'><strong>Εάἱιίᾲυι</strong></span> <span class='ocrx_word' id='word_1_826' title='bbox 2692 4895 2898 4965; x_wconf 89' lang='lat' dir='ltr'><strong>qui.....</strong></span> <span class='ocrx_word' id='word_1_827' title='bbox 2923 4896 3328 4976; x_wconf 58' lang='lat' dir='ltr'><strong>sortiantur“...</strong></span> <span class='ocrx_word' id='word_1_828' title='bbox 3362 4896 3786 4976; x_wconf 73' lang='lat' dir='ltr'><strong>ﬁant:_reluctaa-</strong></span> <span class='ocrx_word' id='word_1_829' title='bbox 3853 4893 3855 4976; x_wconf 61' lang='grc'><strong><em>4</em></strong></span> 
     </span>
    </p>
   </div>
   <div class='ocr_carea' id='block_1_109' title="bbox 2217 4957 3786 5088">
    <p class='ocr_par' dir='ltr' id='par_1_109' title="bbox 2217 4957 3786 5088">
     <span class='ocr_line' id='line_1_109' title="bbox 2217 4957 3786 5088; baseline 0.004 -73"><span class='ocrx_word' id='word_1_830' title='bbox 2217 4957 2519 5088; x_wconf 53' lang='lat' dir='ltr'><strong>rmsts.</strong></span> <span class='ocrx_word' id='word_1_831' title='bbox 2547 4957 2686 5020; x_wconf 75' lang='lat' dir='ltr'><strong>Tum</strong></span> <span class='ocrx_word' id='word_1_832' title='bbox 2704 4957 2842 5024; x_wconf 56' lang='lat' dir='ltr'><strong>&#39;ante</strong></span> <span class='ocrx_word' id='word_1_833' title='bbox 2868 4967 3094 5023; x_wconf 87' lang='lat' dir='ltr'><strong>verbum</strong></span> <span class='ocrx_word' id='word_1_834' title='bbox 3126 4957 3432 5039; x_wconf 63' lang='lat' dir='ltr'><strong>praedicent,</strong></span> <span class='ocrx_word' id='word_1_835' title='bbox 3456 4973 3786 5040; x_wconf 63' lang='lat' dir='ltr'><strong>reticeturjs-</strong></span> 
     </span>
     <span class='ocr_line' id='line_1_110' title="bbox 2426 5051 2503 5088; baseline 0 0"><span class='ocrx_word' id='word_1_836' title='bbox 2426 5051 2458 5088; x_wconf 91' lang='lat' dir='ltr'><strong>u</strong></span> <span class='ocrx_word' id='word_1_837' title='bbox 2487 5074 2503 5088; x_wconf 94' lang='lat'><strong>.</strong></span> 
     </span>
    </p>
   </div>
   <div class='ocr_carea' id='block_1_110' title="bbox 2426 5051 2503 5088">
    <p class='ocr_par' dir='ltr' id='par_1_110' title="bbox 2426 5051 2503 5088">
     <span class='ocr_line' id='line_1_111' title="bbox 2426 5051 2503 5088; baseline 0 0"><span class='ocrx_word' id='word_1_838' title='bbox 2426 5051 2503 5088; x_wconf 80' lang='grc' dir='ltr'>ιιι.</span> 
     </span>
    </p>
   </div>
   <div class='ocr_carea' id='block_1_111' title="bbox 2286 5126 3780 5210">
    <p class='ocr_par' dir='ltr' id='par_1_111' title="bbox 2286 5126 3780 5210">
     <span class='ocr_line' id='line_1_112' title="bbox 2286 5126 3780 5210; baseline -0.003 -24"><span class='ocrx_word' id='word_1_839' title='bbox 2286 5126 2362 5210; x_wconf 68' lang='lat' dir='ltr'><strong>(e)</strong></span> <span class='ocrx_word' id='word_1_840' title='bbox 2392 5128 2489 5210; x_wconf 85' lang='lat' dir='ltr'><strong>llic</strong></span> <span class='ocrx_word' id='word_1_841' title='bbox 2516 5131 2698 5210; x_wconf 84' lang='lat' dir='ltr'><strong>denuo</strong></span> <span class='ocrx_word' id='word_1_842' title='bbox 2743 5135 2965 5206; x_wconf 88' lang='lat' dir='ltr'><strong>supple,</strong></span> <span class='ocrx_word' id='word_1_843' title='bbox 2994 5135 3219 5210; x_wconf 50' lang='grc' dir='ltr'><strong>διώξεω-</strong></span> <span class='ocrx_word' id='word_1_844' title='bbox 3250 5145 3324 5190; x_wconf 87' lang='lat' dir='ltr'><strong>ut.</strong></span> <span class='ocrx_word' id='word_1_845' title='bbox 3363 5135 3517 5193; x_wconf 64' lang='lat' dir='ltr'><strong>alata</strong></span> <span class='ocrx_word' id='word_1_846' title='bbox 3566 5151 3722 5192; x_wconf 70' lang='lat' dir='ltr'><strong>autem</strong></span> <span class='ocrx_word' id='word_1_847' title='bbox 3745 5135 3780 5188; x_wconf 66' lang='lat' dir='ltr'><strong>ig</strong></span> 
     </span>
    </p>
   </div>
   <div class='ocr_carea' id='block_1_112' title="bbox 2219 5206 3780 5281">
    <p class='ocr_par' dir='ltr' id='par_1_112' title="bbox 2219 5206 3780 5281">
     <span class='ocr_line' id='line_1_113' title="bbox 2219 5206 3780 5281; baseline 0.009 -29"><span class='ocrx_word' id='word_1_848' title='bbox 2219 5206 2368 5281; x_wconf 77' lang='lat' dir='ltr'><strong>prius</strong></span> <span class='ocrx_word' id='word_1_849' title='bbox 2397 5206 2624 5273; x_wconf 88' lang='lat' dir='ltr'><strong>vulgatis</strong></span> <span class='ocrx_word' id='word_1_850' title='bbox 2650 5206 3036 5281; x_wconf 79' lang='lat' dir='ltr'><strong>consequentia</strong></span> <span class='ocrx_word' id='word_1_851' title='bbox 3068 5209 3134 5281; x_wconf 81' lang='lat' dir='ltr'><strong>ad</strong></span> <span class='ocrx_word' id='word_1_852' title='bbox 3181 5219 3426 5281; x_wconf 84' lang='lat' dir='ltr'><strong>sanctos,</strong></span> <span class='ocrx_word' id='word_1_853' title='bbox 3459 5210 3655 5278; x_wconf 88' lang='lat' dir='ltr'><strong>quibus</strong></span> <span class='ocrx_word' id='word_1_854' title='bbox 3682 5224 3780 5276; x_wconf 73' lang='lat' dir='ltr'><strong>prx-</strong></span> 
     </span>
    </p>
   </div>
   <div class='ocr_carea' id='block_1_113' title="bbox 2218 5271 3855 5353">
    <p class='ocr_par' dir='ltr' id='par_1_113' title="bbox 2218 5271 3855 5353">
     <span class='ocr_line' id='line_1_114' title="bbox 2218 5271 3855 5353; baseline -0.015 1"><span class='ocrx_word' id='word_1_855' title='bbox 2218 5271 2672 5353; x_wconf 52' lang='grc' dir='ltr'><strong>ίξῖθθυηῐέεηιηη</strong></span> <span class='ocrx_word' id='word_1_856' title='bbox 2693 5271 2977 5353; x_wconf 44' lang='lat' dir='ltr'><strong>coriorum,</strong></span> <span class='ocrx_word' id='word_1_857' title='bbox 3008 5271 3421 5353; x_wconf 57' lang='lat' dir='ltr'><strong>referebantur,</strong></span> <span class='ocrx_word' id='word_1_858' title='bbox 3443 5271 3569 5337; x_wconf 74' lang='lat' dir='ltr'><strong>cum</strong></span> <span class='ocrx_word' id='word_1_859' title='bbox 3593 5281 3656 5336; x_wconf 87' lang='lat' dir='ltr'><strong>de</strong></span> <span class='ocrx_word' id='word_1_860' title='bbox 3676 5271 3782 5350; x_wconf 65' lang='lat' dir='ltr'><strong>prr-</strong></span> <span class='ocrx_word' id='word_1_861' title='bbox 3854 5295 3855 5348; x_wconf 35' lang='grc' dir='ltr'>γ</span> 
     </span>
    </p>
   </div>
   <div class='ocr_carea' id='block_1_114' title="bbox 2221 5341 3855 5421">
    <p class='ocr_par' dir='ltr' id='par_1_114' title="bbox 2221 5341 3855 5421">
     <span class='ocr_line' id='line_1_115' title="bbox 2221 5341 3855 5421; baseline 0.015 -25"><span class='ocrx_word' id='word_1_862' title='bbox 2221 5341 2552 5402; x_wconf 68' lang='grc' dir='ltr'><strong>ἀὶοειιονίὺιιέ</strong></span> <span class='ocrx_word' id='word_1_863' title='bbox 2581 5351 2841 5421; x_wconf 90' lang='lat' dir='ltr'><strong>apostolis</strong></span> <span class='ocrx_word' id='word_1_864' title='bbox 2863 5341 3005 5406; x_wconf 81' lang='lat' dir='ltr'><strong>dicta</strong></span> <span class='ocrx_word' id='word_1_865' title='bbox 3045 5351 3174 5406; x_wconf 93' lang='lat' dir='ltr'><strong>sint.</strong></span> <span class='ocrx_word' id='word_1_866' title='bbox 3404 5341 3414 5347; x_wconf 71' lang='grc'><em>’</em></span> <span class='ocrx_word' id='word_1_867' title='bbox 3676 5341 3686 5350; x_wconf 62' lang='grc'><em>’</em></span> 
     </span>
    </p>
   </div>
   <div class='ocr_carea' id='block_1_115' title="bbox 2295 5436 3371 5517">
    <p class='ocr_par' dir='ltr' id='par_1_115' title="bbox 2295 5436 3371 5517">
     <span class='ocr_line' id='line_1_116' title="bbox 2295 5436 3371 5517; baseline 0.009 -24"><span class='ocrx_word' id='word_1_868' title='bbox 2295 5436 2364 5513; x_wconf 79' lang='lat' dir='ltr'><strong>(f)</strong></span> <span class='ocrx_word' id='word_1_869' title='bbox 2397 5438 2582 5497; x_wconf 88' lang='lat' dir='ltr'><strong>Plures</strong></span> <span class='ocrx_word' id='word_1_870' title='bbox 2605 5457 2733 5499; x_wconf 90' lang='lat' dir='ltr'><strong>mss.</strong></span> <span class='ocrx_word' id='word_1_871' title='bbox 2768 5460 2929 5516; x_wconf 84' lang='lat' dir='ltr'><strong>neque</strong></span> <span class='ocrx_word' id='word_1_872' title='bbox 2951 5445 3003 5498; x_wconf 88' lang='lat' dir='ltr'><strong>in</strong></span> <span class='ocrx_word' id='word_1_873' title='bbox 3030 5448 3371 5517; x_wconf 77' lang='lat' dir='ltr'><strong>apostolatus.</strong></span> 
     </span>
    </p>
   </div>
   <div class='ocr_carea' id='block_1_116' title="bbox 2295 5535 3772 5609">
    <p class='ocr_par' dir='ltr' id='par_1_116' title="bbox 2295 5535 3772 5609">
     <span class='ocr_line' id='line_1_117' title="bbox 2295 5535 3772 5609; baseline -0.003 -16"><span class='ocrx_word' id='word_1_874' title='bbox 2295 5535 2374 5609; x_wconf 69' lang='lat' dir='ltr'><strong>lg)</strong></span> <span class='ocrx_word' id='word_1_875' title='bbox 2407 5536 2564 5607; x_wconf 86' lang='lat' dir='ltr'><strong>Apud</strong></span> <span class='ocrx_word' id='word_1_876' title='bbox 2597 5537 2720 5592; x_wconf 85' lang='lat' dir='ltr'><strong>Par.</strong></span> <span class='ocrx_word' id='word_1_877' title='bbox 2748 5548 3074 5608; x_wconf 81' lang='lat' dir='ltr'><strong>expunctum</strong></span> <span class='ocrx_word' id='word_1_878' title='bbox 3129 5549 3217 5597; x_wconf 89' lang='lat' dir='ltr'><strong>est</strong></span> <span class='ocrx_word' id='word_1_879' title='bbox 3268 5541 3591 5598; x_wconf 86' lang='lat' dir='ltr'><strong>vocabulum</strong></span> <span class='ocrx_word' id='word_1_880' title='bbox 3630 5539 3772 5609; x_wconf 63' lang='lat' dir='ltr'><strong>indigi.</strong></span> 
     </span>
    </p>
   </div>
   <div class='ocr_carea' id='block_1_117' title="bbox 2222 5605 3775 5689">
    <p class='ocr_par' dir='ltr' id='par_1_117' title="bbox 2222 5605 3775 5689">
     <span class='ocr_line' id='line_1_118' title="bbox 2222 5605 3775 5689; baseline 0.005 -29"><span class='ocrx_word' id='word_1_881' title='bbox 2222 5605 2853 5689; x_wconf 32' lang='lat' dir='ltr'><strong>alim&#39;autem‘editiones</strong></span> <span class='ocrx_word' id='word_1_882' title='bbox 2883 5609 3239 5689; x_wconf 54' lang='lat' dir='ltr'><strong>pragferentes</strong></span> <span class='ocrx_word' id='word_1_883' title='bbox 3275 5617 3544 5689; x_wconf 68' lang='lat' dir='ltr'><strong>potestatis</strong></span> <span class='ocrx_word' id='word_1_884' title='bbox 3590 5605 3775 5689; x_wconf 40' lang='lat' dir='ltr'><strong>cetera!</strong></span> 
     </span>
    </p>
   </div>
   <div class='ocr_carea' id='block_1_118' title="bbox 2212 5681 3773 5754">
    <p class='ocr_par' dir='ltr' id='par_1_118' title="bbox 2212 5681 3773 5754">
     <span class='ocr_line' id='line_1_119' title="bbox 2212 5681 3773 5754; baseline 0.002 -22"><span class='ocrx_word' id='word_1_885' title='bbox 2212 5681 2333 5754; x_wconf 77' lang='lat' dir='ltr'><strong>jure</strong></span> <span class='ocrx_word' id='word_1_886' title='bbox 2359 5696 2461 5735; x_wconf 83' lang='lat' dir='ltr'><strong>non</strong></span> <span class='ocrx_word' id='word_1_887' title='bbox 2487 5682 2670 5754; x_wconf 84' lang='lat' dir='ltr'><strong>indigi,</strong></span> <span class='ocrx_word' id='word_1_888' title='bbox 2695 5684 2951 5740; x_wconf 88' lang='lat' dir='ltr'><strong>omittunt</strong></span> <span class='ocrx_word' id='word_1_889' title='bbox 2968 5681 3169 5740; x_wconf 91' lang='lat' dir='ltr'><strong>deinde</strong></span> <span class='ocrx_word' id='word_1_890' title='bbox 3194 5681 3421 5741; x_wconf 84' lang='lat' dir='ltr'><strong>verbum</strong></span> <span class='ocrx_word' id='word_1_891' title='bbox 3439 5701 3679 5754; x_wconf 73' lang='lat' dir='ltr'><strong>querere.</strong></span> <span class='ocrx_word' id='word_1_892' title='bbox 3703 5685 3773 5735; x_wconf 60' lang='lat' dir='ltr'><strong>se</strong></span> 
     </span>
    </p>
   </div>
   <div class='ocr_carea' id='block_1_119' title="bbox 2223 5749 3769 5826">
    <p class='ocr_par' dir='ltr' id='par_1_119' title="bbox 2223 5749 3769 5826">
     <span class='ocr_line' id='line_1_120' title="bbox 2223 5749 3769 5826; baseline 0.009 -24"><span class='ocrx_word' id='word_1_893' title='bbox 2223 5749 2437 5826; x_wconf 74' lang='lat' dir='ltr'><strong>quimur</strong></span> <span class='ocrx_word' id='word_1_894' title='bbox 2465 5749 2617 5810; x_wconf 48' lang='lat' dir='ltr'><strong>mss:</strong></span> <span class='ocrx_word' id='word_1_895' title='bbox 2637 5756 2691 5811; x_wconf 92' lang='lat' dir='ltr'><strong>in</strong></span> <span class='ocrx_word' id='word_1_896' title='bbox 2721 5769 2946 5826; x_wconf 89' lang='lat' dir='ltr'><strong>quorum</strong></span> <span class='ocrx_word' id='word_1_897' title='bbox 2990 5755 3266 5814; x_wconf 87' lang='lat' dir='ltr'><strong>nonnullis</strong></span> <span class='ocrx_word' id='word_1_898' title='bbox 3309 5749 3542 5816; x_wconf 73' lang='lat' dir='ltr'><strong>habetur</strong></span> <span class='ocrx_word' id='word_1_899' title='bbox 3566 5768 3769 5816; x_wconf 62' lang='lat' dir='ltr'><strong>metu.</strong></span> 
     </span>
    </p>
   </div>
   <div class='ocr_carea' id='block_1_120' title="bbox 2225 5820 2642 5882">
    <p class='ocr_par' dir='ltr' id='par_1_120' title="bbox 2225 5820 2642 5882">
     <span class='ocr_line' id='line_1_121' title="bbox 2225 5820 2642 5882; baseline 0.012 -8"><span class='ocrx_word' id='word_1_900' title='bbox 2225 5820 2345 5878; x_wconf 92' lang='lat' dir='ltr'><strong>loco</strong></span> <span class='ocrx_word' id='word_1_901' title='bbox 2369 5833 2642 5882; x_wconf 73' lang='lat' dir='ltr'><strong>CIII&#39;aIIt‘Il‘.</strong></span> 
     </span>
    </p>
   </div>
  </div>
