3882 6332
47 266 151 322 969

911 306 916 311 -
1001 268 1544 345 COMMENTARIUS
1587 274 1649 331 IN
1687 272 2121 332 MATTHAEUM.
2162 270 2314 330 CAP.
2357 273 2425 329 Χ.
2831 307 2841 314 ~
3008 272 3020 313 l

3236 279 3343 340 970

121 382 174 436 7.
218 380 418 438 Domus
464 383 644 454 digna,
691 382 965 450 Ecclesia;
1005 387 1191 460 dignus
1235 390 1438 462 hospes,
1489 394 1639 464 cujus
1665 395 1720 454 Α
1744 405 1929 460 centes,
1961 391 2080 447 Pax
2102 391 2223 446 huic
2249 389 2445 444 domui.
2468 387 2611 462 Ergo
2640 404 2740 461 pax
2771 389 3111 448 salutationis
3141 391 3193 448 in
3223 407 3344 450 ver-

49 471 284 530 Christus
313 475 666 532 Iiabitator.-—-
704 476 832 533 Haec
872 494 978 534 non
1029 481 1380 538 mediocriter
1421 496 1638 538 sensum

48 567 412 640 intelligentia
453 579 819 628 commovent.
849 572 905 628 Si
947 573 1090 630 enim
1121 575 1426 633 successuri
1457 575 1641 646 hospi-

49 662 125 719 tio
149 677 253 718 non
281 672 463 734 erunt,
493 665 598 721 nisi
641 675 768 723 ante
788 667 908 738 quis
951 668 1144 740 dignus
1174 672 1248 727 sit
1276 671 1642 742 interrogave-

50 756 187 825 rint;
211 758 483 828 quomodo
518 758 735 831 indigna
762 758 957 817 domus
985 772 1172 834 postea
1204 765 1543 836 reperietur?
1571 763 1641 820 Et

49 849 317 919 quomodo
366 849 442 922 (a)
473 866 751 909 sermones
799 868 989 910 eorum
1018 871 1126 921 non
1165 855 1368 924 audiet,
1416 869 1470 914 et
1493 859 1641 931 ipsos

49 958 154 999 non
182 943 427 1013 audiens,
457 953 512 1002 et
557 945 705 1017 ipsos
736 963 842 1004 non
881 949 1188 1021 recipiens?
1208 952 1316 1008 Aut
1364 951 1508 1009 enim
1539 951 1642 1008 hoc

48 1034 102 1091 in
128 1050 194 1092 eo
223 1031 314 1106 qui
347 1036 527 1108 justus
557 1045 642 1094 est
684 1053 789 1095 non
831 1048 914 1095 est
939 1040 1384 1100 verendum:aut
1412 1042 1458 1099 si
1495 1043 1639 1100 indi-

46 1145 181 1201 gnus
211 1139 459 1200 repertus
504 1131 595 1198 sit,
628 1147 732 1189 nec
773 1134 1086 1190 communio
1131 1134 1238 1191 erit
1290 1135 1641 1194 habitationis

46 1222 297 1278 ineunda.
329 1223 390 1279 Et
417 1224 544 1296 quid
568 1225 930 1298 interrogasse
950 1227 1262 1298 proderitet
1290 1233 1547 1300 quaesisse
1573 1231 1642 1288 de

45 1315 224 1387 digno,
251 1317 296 1371 si
318 1316 578 1374 adversus
604 1318 880 1390 indignum
914 1319 1184 1391 hospitem
1215 1331 1270 1377 et
1296 1322 1641 1379 observantia

46 1399 392 1480 praecipiatur
430 1418 485 1465 ct
532 1412 730 1482 paena?
777 1412 884 1469 Sed
927 1413 1145 1468 instruit
1197 1427 1294 1469 eos
1343 1415 1638 1483 Dominus,

45 1518 153 1557 non
185 1503 472 1560 admisceri
517 1519 705 1560 eorum
751 1504 1002 1562 domibus
1048 1521 1113 1562 ac
1167 1506 1639 1576 familiaritatibus,

45 1595 138 1664 qui
163 1595 429 1652 Christum
452 1587 910 1666 autinsectantur,
936 1599 1285 1654 autnesciunt
1310 1617 1322 1653 :
1357 1610 1412 1656 et
1434 1601 1487 1656 in
1505 1617 1640 1674 qua-

47 1701 279 1758 cumque
301 1688 522 1745 civitate
568 1689 907 1761 iuterrogare
935 1690 1054 1761 quis
1079 1707 1269 1747 eorum
1312 1690 1643 1750 habitatione

46 1779 118 1834 sit
145 1779 352 1850 dignus,
375 1779 430 1836 id
459 1790 543 1836 est
564 1822 579 1847 ,
609 1782 778 1838 sicubi
806 1783 1046 1838 Ecclesia
1076 1784 1166 1851 sit,
1189 1793 1244 1839 et
1271 1782 1519 1841 Christus
1551 1786 1645 1841 ha-

40 1872 94 1928 bi
104 1882 272 1928 tator:
306 1889 479 1945 neque
496 1889 764 1946 quoquam
787 1875 914 1931 alibi
939 1875 1189 1943 transire,
1208 1876 1331 1947 quia
1352 1877 1422 1932 sit
1445 1877 1639 1935 domus

42 1966 235 2039 digna,
267 1976 322 2023 et
335 1967 519 2038 justus
546 1968 766 2040 hospes.

116 2061 173 2117 8.
219 2060 323 2128 Qui
347 2079 449 2133 pax
487 2063 628 2117 dicta
668 2064 847 2119 reverti
870 2074 1039 2134 queat.
1063 2094 1135 2106 —
1173 2065 1327 2134 Quod
1354 2075 1534 2123 autem
1576 2067 1646 2124 ab

40 2152 445 2209 introeuntibus
469 2154 690 2210 salutari
713 2154 931 2210 domum
965 2171 1094 2211 voce
1126 2158 1402 2228 praecepit,
1434 2157 1644 2226 dicens,

42 2245 237 2312 Dicite,
267 2244 386 2301 Pas:
409 2245 570 2319 713
589 2247 708 2302 huic
737 2247 947 2303 domui:
974 2256 1031 2304 et
1050 2249 1095 2304 si
1128 2249 1290 2322 digna
1321 2249 1517 2306 domus
1557 2266 1646 2307 re-

45 2348 200 2409 perta
227 2340 316 2408 sit,
348 2339 534 2396 venire
559 2356 724 2412 super
745 2357 864 2398 eam
897 2357 1082 2413 pacem
1111 2352 1396 2414 oportere;
1425 2344 1472 2399 si
1519 2357 1649 2399 vero

46 2433 290 2506 indigna,
319 2449 501 2506 pacem
526 2435 594 2491 ad
625 2437 769 2506 ipsos
801 2435 997 2491 reverti
1023 2453 1035 2489 :
1061 2435 1156 2491 sed
1178 2436 1223 2492 si
1243 2436 1353 2506 jam
1376 2436 1550 2507 primo
1570 2436 1651 2491 in-

45 2543 240 2600 gressu
270 2526 321 2583 in
352 2527 691 2587 salutationis
721 2526 896 2584 officio
931 2527 1071 2583 dicta
1101 2543 1203 2598 pax
1233 2536 1345 2594 est;
1378 2528 1652 2600 quomodo

47 2631 241 2691 postea
278 2620 476 2688 veniet,
517 2631 609 2676 aut
630 2619 902 2691 quomodo
946 2628 1133 2690 postea
1163 2620 1502 2676 revertetur?
1542 2620 1655 2678 Aut

49 2715 197 2771 enim
215 2713 318 2771 dici
335 2731 436 2783 pax
457 2723 583 2771 ante
599 2730 706 2771 non
727 2714 932 2782 debuit,
957 2730 1117 2786 quam
1132 2725 1309 2771 utrum
1331 2716 1489 2788 digna
1512 2725 1657 2773 esset

53 2807 376 2878 probaretur
408 2825 420 2861 :
453 2817 544 2863 aut
573 2808 618 2864 si
663 2808 820 2880 digna
867 2807 965 2863 fuit
1013 2817 1068 2864 et
1118 2808 1342 2864 salutata
1373 2825 1496 2866 cum
1527 2824 1658 2881 pace

56 2910 161 2966 est,
188 2899 424 2956 conditio
453 2909 508 2956 et
534 2908 772 2957 venturas
801 2911 854 2956 ct
881 2915 1178 2957 reversura:
1198 2903 1342 2974 pacis
1356 2917 1462 2959 non
1483 2911 1660 2975 potest

58 3007 127 3048 ex
156 2994 361 3049 ratione
391 2994 753 3064 superioribus
777 2993 1073 3051 cohaerere.
1091 2995 1222 3064 Qua:
1243 3010 1372 3068 ergo
1392 2996 1657 3053 dictorum

57 3088 130 3146 sit
157 3087 459 3159 proprietas
487 3088 833 3145 monstranda
859 3095 962 3145 est.

131 3180 185 3236 9.
225 3179 530 3237 Judteorurn
553 3182 707 3250 fidem
732 3182 1082 3253 proﬁtentium
1111 3184 1254 3238 varia
1275 3186 1507 3257 fallacia.
1541 3185 1659 3242 Pax
1685 3192 1731 3258 C

60 3277 283 3349 indignis
309 3287 504 3346 optata,
537 3293 638 3333 non
686 3277 907 3333 data.—
934 3278 1244 3334 Judazorum
1293 3280 1474 3349 plures
1505 3291 1664 3338 erant

58 3370 247 3448 futuri,
275 3384 500 3441 quorum
530 3378 712 3425 tantus
734 3370 786 3424 in
815 3369 1055 3426 favorem
1083 3371 1219 3441 legis
1241 3369 1468 3427 allectus
1488 3382 1654 3442 esset,

59 3473 113 3519 ut
140 3462 389 3534 quamvis
436 3477 532 3532 per
579 3461 986 3518 admirationem
1032 3477 1256 3532 operum
1301 3464 1353 3518 in
1382 3463 1656 3520 Christum

53 3555 442 3623 credidissent,
465 3566 640 3611 tamen
661 3556 714 3610 in
743 3555 876 3627 legis
889 3555 1142 3626 operibus
1171 3566 1534 3626 morarentur;
1569 3559 1658 3614 alii

53 3665 188 3707 vero
217 3648 296 3721 (b)
325 3647 670 3718 explorandae
699 3647 965 3705 libertatis
987 3664 1108 3720 qua:
1127 3651 1180 3703 in
1201 3649 1425 3706 Christo
1449 3660 1533 3707 est
1562 3666 1660 3707 cu-

55 3741 214 3808 riosi,
248 3740 510 3795 transisse
533 3755 593 3796 se
618 3739 684 3794 ad
713 3739 1003 3812 Evangelia
1032 3755 1098 3796 ex
1126 3741 1244 3814 lege
1272 3753 1456 3800 essent
1491 3745 1657 3800 simu-

52 3834 262 3890 laturi:
296 3833 449 3889 multi
474 3843 653 3890 autem
684 3835 847 3889 etiam
869 3834 920 3889 in
956 3835 1204 3891 haeresim
1237 3853 1334 3907 per
1359 3838 1658 3910 intelligen-

52 3930 143 3984 tia:
174 3926 592 3999 perversitatem
621 3925 1052 3982 traducerentur.
1080 3926 1149 3982 Et
1174 3927 1297 3996 quia
1325 3929 1480 3984 istius
1510 3929 1660 3984 modi

49 4037 258 4079 omnes
289 4020 559 4089 fallentes,
583 4033 637 4077 et
655 4020 998 4077 audientibus
1023 4021 1386 4091 blandientes,
1412 4038 1576 4093 penes
1597 4038 1659 4079 se

48 4133 186 4175 esse
211 4115 508 4172 veritatem“
530 4115 851 4172 catholicam
875 4115 1244 4182 mentiuntur;
1265 4116 1390 4172 ideo
1413 4119 1662 4189 superius

49 4210 371 4275 admonuit,
398 4209 618 4281 dignum
639 4223 760 4264 cum
783 4223 889 4279 quo
912 4207 1259 4263 habitandum
1284 4209 1355 4264 sit
1382 4225 1504 4267 esse
1517 4225 1665 4282 qua:-

51 4304 339 4364 rendum:
372 4304 496 4373 quia
528 4318 662 4359 vero
689 4317 784 4373 per
824 4301 1112 4357 verborum
1136 4301 1400 4358 fallaciam
1427 4302 1669 4361 incidere

51 4401 391 4472 ignorantes
417 4397 470 4452 in
493 4396 648 4452 istius
673 4395 821 4451 modi
849 4384 1114 4466 hospitem
1137 4404 1354 4465 possent
1371 4395 1574 4467 ;jdomo
1596 4397 1674 4469 ip-

49 4512 116 4552 sa
150 4508 283 4565 qum
304 4492 462 4564 digna
495 4493 562 4546 sit
589 4491 754 4558 dicta,
779 4488 832 4545 id
852 4498 956 4554 est,
999 4487 1240 4544 Ecclesia
1269 4505 1388 4561 quae
1408 4491 1671 4548 catholica

46 4589 306 4653 dicitur,
369 4595 526 4642 caute
575 4595 630 4641 et
676 4585 963 4655 diligenter
1004 4582 1295 4650 utendum;
1335 4585 1668 4640 salutandam

47 4680 296 4754 quidem
315 4694 437 4734 cum
453 4678 602 4748 pacis
627 4677 842 4743 all‘ectu,
870 4675 964 4732 sed
980 4675 1052 4730 ita
1079 4685 1137 4730 ut
1155 4676 1354 4754 potius
1377 4693 1479 4748 pax
1500 4677 1665 4745 dicta,

1741 484 1824 541 bis
1850 496 1933 542 est
1962 497 2016 540 et
2047 484 2312 540 orationis
2339 498 2592 540 sermone
2620 483 2923 540 tribuenda.
2956 485 3127 541 Porro
3155 493 3342 542 autem

1741 591 1928 648 pacem
1958 578 2253 649 propriam,
2285 591 2404 647 quas
2425 575 2639 632 viscera
2663 575 3029 632 miserationis
3059 585 3206 644 sunt,
3233 593 3347 634 nou

1742 682 1992 740 oportere
2019 671 2073 726 in
2118 685 2239 727 eam
2279 668 2468 725 venire
2497 669 2602 725 nisi
2627 669 2788 740 digna
2811 671 2912 726 sit:
2956 685 3076 741 qua:
3104 671 3149 726 si
3181 671 3346 742 digna

1743 775 1956 835 reperta
1985 780 2090 820 non
2119 764 2305 833 fuerit,
2339 774 2736 820 sacramentum
2760 765 2910 835 pacis
2936 765 3178 822 ctelestis
3204 764 3346 822 intra

1744 857 2017 928 propriam
2048 872 2237 915 eorum
2266 858 2657 914 conscientiam
2681 857 3089 915 continendum.

1815 970 1907 1027 10.
1951 970 2304 1028 Habitationis
2349 973 2738 1028 communio.—
2766 971 2824 1028 In
2874 988 2971 1030 eos
3002 981 3208 1043 autem,
3251 971 3345 1044 qui

1743 1061 1923 1118 audita
1955 1063 2194 1120 ctelestis
2225 1065 2374 1137 regni
2395 1064 2776 1136 praedicatione
2799 1065 3167 1136 apostolorum
3205 1080 3346 1136 prae-

1743 1168 1898 1228 cepta
1923 1159 2252 1228 respuerint,
2305 1174 2526 1230 egressu
2567 1174 2778 1227 eorum,
2802 1167 2859 1214 et
2891 1158 3047 1230 signo
3103 1158 3344 1229 pulveris

1744 1248 1812 1306 de
1842 1249 2067 1320 pedibus
2122 1250 2358 1314 excussi,
2403 1260 2606 1307 aeterna
2648 1249 2958 1308 maledictio
3003 1251 3345 1322 relinquatur

1745 1339 1910 1412 (Ibid.
1935 1341 2046 1414 14).
2071 1340 2264 1398 Nescio
2281 1343 2425 1398 enim
2458 1359 2577 1414 quae
2601 1341 2674 1415 (c)
2699 1343 2967 1399 insistenti
2993 1341 3048 1398 in
3071 1344 3192 1398 loco
3221 1358 3348 1400 cum

1745 1437 1899 1494 eoin
1951 1452 2058 1508 quo
2113 1436 2370 1492 institerit
2434 1436 2553 1492 loco
2605 1436 2820 1493 videtur
2843 1453 2966 1494 esse
3009 1439 3342 1506 communio,

1743 1539 1800 1586 et
1844 1530 1905 1585 lit
1946 1530 2086 1586 inter
2133 1544 2227 1586 eos
2256 1529 2502 1601 quaedam
2545 1531 2791 1601 corporis
2828 1532 3038 1603 solique
3081 1532 3347 1602 conjunc-

1744 1623 1840 1678 tio.
1893 1623 2036 1695 Ergo
2075 1639 2235 1679 omne
2291 1623 2485 1678 domus
2535 1623 2678 1679 illius
2719 1623 3172 1695 habitationisque
3222 1637 3349 1694 pec-

1745 1727 1926 1774 catum
1957 1718 2096 1774 intra
2126 1720 2296 1788 ipsam
2323 1732 2554 1773 excusso
2593 1717 2817 1788 pulvere
2844 1719 3038 1789 pedum
3063 1717 3346 1789 relinqui—
3440 1712 3447 1720 ’

1673 1792 1722 1853 Β
1753 1821 1859 1879 tur,
1886 1812 2129 1883 nihilque
2155 1812 2460 1868 sanctitatis
2486 1811 2555 1868 de
2584 1812 2945 1868 insistentium
2971 1815 3350 1884 apostolorum

1745 1907 1988 1977 vestigiis
2015 1915 2327 1962 mutuatur:
2358 1913 2415 1960 ut
2443 1921 2670 1978 quorum
2701 1907 2851 1962 aditu
2873 1907 3229 1978 ingressuque
3253 1907 3348 1964 de-

1746 1998 1872 2054 licta
1904 2007 2136 2054 terrenae
2165 1996 2388 2068 originis
2433 1997 2771 2062 auferuntur,
2803 2013 2993 2054 eorum
3037 1999 3355 2054 testimonio

1747 2089 2038 2148 inﬁdelitas
2065 2105 2188 2146 cum
2210 2090 2358 2146 omni
2386 2101 2542 2146 terrae
2562 2105 2676 2146 suae
2697 2091 2915 2161 pulvere
2934 2090 3223 2160 iudicetur.
3248 2089 3355 2145 To-

1750 2184 2013 2238 lerabilius
2058 2185 2112 2237 in
2142 2184 2224 2237 die
2237 2183 2431 2257 judicii
2461 2193 2609 2238 terrte
2655 2183 3006 2238 Sodomorum
3031 2192 3081 2238 et
3128 2181 3356 2238 Gomor-

1750 2278 2006 2334 rhworum
2029 2279 2144 2344 erit,
2172 2294 2324 2348 quant
2375 2277 2565 2330 ciuitati
2586 2276 2672 2330 isti
2721 2275 2889 2348 (Ibid.
2921 2275 3045 2348 i5):
3074 2278 3197 2348 quia
3246 2277 3357 2334 illis

1752 2371 2000 2442 ignorato
2023 2368 2238 2426 Christo
2260 2382 2475 2424 errasse
2516 2368 2586 2422 sit
2618 2367 2814 2435 levius,
2841 2367 2925 2423 his
2954 2383 3085 2427 vero
3114 2368 3358 2438 inexpia-

1753 2464 1864 2520 bile
1884 2465 1975 2531 sit,
2003 2471 2096 2518 aut
2121 2461 2470 2533 praedicatum
2497 2476 2605 2517 non
2631 2461 2926 2533 recepisse,
2953 2469 3047 2518 aut
3075 2471 3357 2534 receptum

1756 2575 1864 2615 non
1892 2565 2080 2614 sancte
2103 2571 2280 2627 neque
2308 2555 2573 2612 catholice
2601 2554 2942 2626 praedicasse.

1830 2675 1917 2730 11.
1961 2672 2227 2746 Serpentis
2257 2669 2530 2741 prudentia
2569 2679 2818 2738 quatenus
2875 2669 3126 2723 imitanda
3178 2685 3360 2725 secun-

1759 2765 1882 2821 dum
1909 2765 2257 2837 quosdam.——
2295 2762 2365 2817 Et
2394 2755 2611 2833 quidem
2659 2761 2840 2832 plures
2869 2760 2991 2828 hos,
3037 2759 3128 2831 qui
3158 2775 3362 2816 vesano

1761 2859 1944 2916 furore
1988 2859 2042 2915 in
2065 2857 2360 2929 Apostolos
2401 2855 2710 2912 desmvituri
2740 2865 2944 2921 essent,
2986 2854 3197 2910 futuros
3237 2869 3365 2910 esse

1761 2953 2045 3025 signiﬁcat,
2099 2967 2224 3007 cum
2274 2965 2334 3006 se
2358 2966 2454 3006 eos
2484 2950 2624 3004 sicut
2653 2964 2781 3006 oves
2809 2950 2862 3005 in
2895 2949 3079 3005 medio
3110 2949 3364 3020 luporum

1763 3047 1839 3102 ait
1867 3043 2437 3115 mittere,‘praedicans
2475 3041 2752 3113 simplices
2773 3040 3099 3114 εἰοιιιῚιά.
3147 3042 3364 3097 colum-

1766 3143 1883 3208 bas,
1917 3149 1973 3196 et
2002 3138 2298 3210 prudentes
2317 3137 2460 3193 sicut
2480 3145 2763 3207 serpentes
2777 3151 2899 3192 esse
2913 3145 3165 3206 oportere
3193 3133 3361 3207 (Ibid.

1766 3235 1877 3308 16).
1909 3233 2018 3291 Sed
2042 3232 2309 3288 columba:
2359 3229 2684 3301 simplicitas
2714 3230 2768 3285 in
2813 3229 3064 3284 absoluto
3090 3238 3212 3285 est:
3244 3243 3368 3299 qua:

1762 3337 1943 3385 autem
1973 3326 2045 3384 sit
2071 3325 2339 3396 serpentis
2363 3323 2668 3394 prudentia,
2699 3320 3066 3378 contuendum
3107 3329 3210 3376 est.
3257 3319 3366 3376 Ne-

1765 3424 1878 3480 scio
1930 3420 2058 3494 quid
2105 3419 2160 3475 in
2193 3419 2288 3474 illo
2342 3417 2642 3489 prudentiae
2669 3411 2989 3484 consiliique
3011 3421 3208 3478 exstet,
3238 3411 3370 3468 licet

1763 3515 2011 3589 quaedam
2041 3513 2169 3569 hinc
2199 3511 2361 3582 aliqui
2390 3509 2666 3566 memoria:
2697 3505 2777 3582 (d)
2804 3505 3198 3570 mandaverint,
3219 3505 3370 3576 quod

1767 3610 1858 3666 ubi
1888 3624 1948 3665 se
1976 3609 2030 3664 in
2062 3621 2252 3664 manus
2282 3604 2563 3660 hominum
2612 3603 2828 3658 venisse
2883 3600 3163 3671 intelligat,
3211 3599 3366 3654 omni

1773 3719 1976 3776 genere
2017 3701 2086 3757 ab
2136 3700 2244 3755 ictu
2273 3705 2433 3768 caput
2453 3694 2756 3760 subtrahat,
2805 3693 2966 3765 idque
3005 3703 3098 3748 aut
3132 3692 3370 3749 collecto

1762 3797 1817 3852 in
1847 3796 2035 3852 orbem
2058 3807 2292 3864 corpore
2320 3797 2590 3860 contegat,
2619 3797 2712 3841 aut
2730 3787 2902 3841 fovea:
2924 3785 3233 3857 immergat,
3261 3799 3371 3840 cae-

1760 3890 1920 3961 dique
1978 3897 2186 3959 partem
2259 3884 2524 3953 reliquam
2573 3879 2946 3950 derelinquat:
3000 3893 3210 3948 nosque
3263 3878 3370 3933 hoc

1761 3983 2010 4053 exemplo
2053 3987 2332 4050 oportere,
2364 3980 2410 4030 si
2457 3972 2584 4044 quid
2607 3971 2867 4027 acciderit
2896 3971 3362 4040 persecutionum,

1760 4087 1922 4148 caput
1950 4082 2222 4138 nostrum,
2273 4068 2418 4138 quod
2441 4074 2526 4121 est
2560 4064 2826 4128 Christus,
2859 4062 3112 4117 occulere
3131 4077 3158 4137 ί
3179 4070 3237 4115 ut
3258 4059 3364 4115 ob-

1767 4169 1889 4225 latis
1938 4162 2095 4220 nobis
2142 4161 2200 4216 in
2229 4171 2423 4214 omnes
2463 4154 2756 4219 cruciatus,
2798 4152 2960 4208 ﬁdem
2987 4151 3056 4206 ab
3082 4165 3149 4208 eo
3175 4163 3370 4222 accep-

1769 4272 1877 4318 tam
1905 4260 2114 4332 jactura
2134 4252 2380 4324 corporis
2409 4245 2860 4306 cummuniamus.

1843 4396 1932 4453 te.
1976 4391 2085 4450 Sed
2114 4388 2291 4446 omnis
2331 4385 2418 4441 hic
2445 4381 2660 4439 Domini
2706 4381 2775 4437 de
2802 4379 3004 4436 Iudaeis
3050 4388 3214 4453 atque
3254 4366 3368 4438 nai-

1773 4489 1957 4546 reticis
1982 4499 2163 4542 sermo
2192 4489 2275 4539 est
2301 4498 2314 4536 :
2347 4477 2537 4533 Tradet
2567 4474 2728 4545 frater
2771 4475 3006 4545 fratrem,
3037 4481 3085 4528 et
3125 4483 3269 4543 pater
3294 4475 3363 4544 ﬁ-

1775 4583 1924 4648 lium,
1956 4587 2002 4634 et
2028 4580 2290 4647 insurgent
2320 4571 2417 4642 ﬁlii
2454 4571 2510 4624 in
2541 4575 2772 4635 parentes
2814 4563 2976 4636 (Ibid.
3001 4564 3132 4636 21):
3161 4566 3214 4621 id
3261 4577 3366 4635 eat,

1777 4671 2038 4728 familiam
2081 4669 2220 4723 inter
2244 4680 2303 4720 se
2331 4663 2400 4737 (e)
2429 4659 2674 4731 ejusdem
2723 4656 2866 4712 modi
2894 4656 3159 4714 dissidere
3208 4677 3220 4711 :
3245 4660 3367 4730 quia

48 4746 237 4851 quam
267 4773 391 4830 data
420 4746 509 4829 sit.
539 4771 672 4828 Nam
709 4772 777 4828 ita
809 4770 1065 4843 prmcepit
1098 4789 1111 4824 :
1139 4746 1391 4826 Salutat-ei
1419 4789 1551 4838 eam,
1584 4774 1665 4826 di-
1692 4746 1746 4806 D
1773 4767 1839 4824 de
1866 4771 2148 4836 parentum
2174 4757 2664 4830 cognationumqne
2694 4749 2763 4823 (Γ)
2808 4749 3114 4805 nominibus
3140 4792 3154 4816 ,
3187 4752 3374 4822 populi

139 4891 232 4962 (a)
277 4890 333 4946 In
356 4889 528 4946 tribus
569 4903 701 4946 mss.
733 4905 989 4946 sermones
1034 4900 1212 4940 eorum
1241 4903 1342 4941 non
1367 4887 1602 4955 audiens,
1629 4896 1675 4942 et

54 4969 218 5037 ipsos
250 4978 354 5016 non
379 4963 652 5033 recipiens.

145 5057 228 5130 (b)
274 5056 434 5130 Rom.
483 5070 587 5110 ms.
629 5055 1422 5130 exprobrande.(Aperutmest
1452 5068 1679 5130 e_xpre_s-

58 5125 193 5186 sam
223 5143 350 5184 esse
405 5127 545 5182 hanc
577 5128 898 5182 sententiam
927 5145 992 5183 ex
1021 5129 1181 5183 dictis
1211 5127 1363 5183 Pauli
1388 5143 1422 5180 ιι
1459 5125 1577 5181 Gal.
1612 5126 1676 5180 ιε

60 5202 308 5269 PrOpter
333 5199 744 5253 subiutroductos
763 5201 923 5266 falsos
947 5200 1155 5269 fratres,
1179 5200 1266 5269 qui
1283 5198 1683 5252 subintroierunt

62 5271 354 5343 explorare
379 5271 657 5325 libertatem
685 5281 930 5326 nostram.

149 5364 231 5435 (c)
273 5362 396 5418 Par.
421 5377 565 5418 cum.
617 5377 720 5417 ms.
779 5362 935 5419 Colb.
981 5362 1257 5418 ittsisteutis
1303 5363 1448 5417 loco:
1492 5359 1682 5442 eodem

69 5449 274 5491 sensu.

151 5526 241 5600 (ά)
273 5526 350 5600 Eu
377 5527 491 5599 ipsa
523 5527 590 5600 de
616 5536 868 5600 serpente
889 5529 1163 5584 memoria:
1193 5527 1545 5600 prodiderunt
1564 5533 1688 5600 post

76 5596 452 5670 Theophilum
512 5596 764 5655 Antioch.
823 5600 977 5654 Tom.
1028 5616 1065 5655 ιι
1108 5596 1243 5654 Bibl.
1287 5599 1503 5652 Patrum
1555 5596 1685 5670 edit.

76 5665 294 5744 Colon.
317 5670 735 5744 Chrysostomus
773 5672 1129 5744 homLxxxw
1153 5686 1176 5744 ί
1220 5665 1686 5744 Hi_er_onymu_s_._in

77 5742 234 5797 hunc
282 5738 490 5809 locum;
543 5743 883 5804 Ambrosius,
909 5741 1002 5795 lib.
1048 5757 1106 5796 ut
1148 5741 1215 5796 de
1258 5739 1390 5794 Fide
1414 5738 1509 5806 ,n.
1543 5738 1685 5806 151;

77 5813 443 5886 Augustinus,
475 5821 667 5884 quaest.
691 5829 802 5868 xvu
834 5813 890 5868 in
908 5811 1094 5867 Matth.
1125 5826 1241 5878 vui,
1273 5820 1329 5869 et
1354 5811 1467 5867 alii.

380 5910 657 5972 Parnon.
707 5908 818 5970 ιχ.

1855 4879 1926 4952 (e)
1968 4871 2509 4952 Editie_xceptn_Par.
2548 4882 2613 4922 ac
2654 4867 2835 4950 plures
2863 4880 2992 4921 mss.
3033 4865 3263 4952 ejusdem
3286 4867 3372 4922 do-

1783 4937 1922 5008 mus:
1957 4948 2252 5018 Quamdam
2273 4937 2516 4998 veritatis
2545 4940 2782 5010 speciem
2811 4952 2921 5008 prae
2949 4937 3247 5018 [se-lerunt,
3278 4953 3372 4992 ne-

1783 5005 1889 5096 iiiié
1929 5005 2364 5096 εῆιεροιξβηάμρ)
2395 5005 2723 5096 assessu"!
2758 5005 3368 5096 mis-..9°,'P_-.st9=r59-

1785 5076 2013 5168 Ejusdem
2041 5076 2178 5145 modi
2210 5086 2323 5168 (ubi
2346 5084 2488 5168 apud
2530 5085 2652 5168 Par.
2678 5078 2954 5168 eiusmodi)
2972 5119 2986 5144 ,
3017 5077 3115 5132 nisi
3141 5076 3373 5135 Hilarius

1786 5161 1874 5223 hic
1903 5180 2121 5222 sensum
2152 5161 2447 5234 spiritalem
2475 5164 2793 5234 sectaretur:
2951 5227 2963 5234 Δ
3016 5233 3019 5234 ν

1861 5219 2095 5309 (fi—Male
2121 5219 2398 5309 tat-alisque
2427 5229 2744 5309 auctoritate
2770 5224 2821 5277 in
2847 5219 3374 5309 Jeditione

1787 5290 1925 5365 Pa‘r.’
1948 5305 2254 5361 hominibus.
2275 5290 2408 5357 Tum
2439 5300 2491 5354 in
2511 5313 2605 5353 sex
2623 5309 2761 5373 (mss.
2793 5292 2973 5373 populi
3001 5290 3236 5373 quaedam
3257 5294 3378 5373 uni-

1789 5361 2133 5436 ta'siiExinde
2164 5376 2217 5430 in
2254 5373 2503 5445 vulgatis.
2532 5361 2819 5445 insitam?)
2863 5361 3026 5445 Nu?"
3052 5363 3380 5445 λίῗὲ⁸ί¹ί¹ῖ²¹²ί⁶

1790 5432 1897 5508 iiii.
1921 5432 2064 5515 odio,
2091 5432 2399 5514 diversisque
2422 5432 2719 5520 jttiticibus,
2749 5435 2902 5489 etiam
2927 5433 3204 5520 etre‘g‘iltus
3222 5432 3376 5520 :‘l‘ec-

1794 5525 1866 5580 tio
1902 5509 2181 5583 mendosa,
2222 5527 2277 5572 et
2308 5509 2611 5585 perturbata
2639 5509 3020 5586 interpunctio.
3053 5509 3380 5586 castigatior

1795 5576 1858 5651 ac
1886 5576 2189 5649 distinctior
2208 5576 2526 5658 exprimitur
2546 5597 2608 5637 ex
2642 5594 2772 5632 mss.
2803 5576 3004 5658 Horum
3026 5576 3176 5656 enim.
3191 5588 3384 5658 sensus

1787 5648 1913 5724 est:
1943 5661 2194 5734 exemplo
2214 5648 2430 5734 familia;
2453 5655 2680 5734 primum
2709 5648 3036 5734 cognatione
3050 5648 3382 5734 Colligit"???

1794 5714 1919 5808 post
1949 5714 2128 5792 odii?
2144 5714 2374 5808 divisae,
2415 5714 2960 5808 indicaturgpopulus,
2992 5718 3083 5788 qui
3106 5714 3381 5785 quondam

1796 5791 1997 5874 trinitas,
2029 5819 2168 5862 nunc
2197 5791 2379 5859 hostili
2405 5795 2532 5856 odio
2558 5791 2804 5848 diversus
2829 5791 2920 5847 sit.

2793 5885 2866 5946 31
