4046 6340
491 223 588 298 9η
1675 232 1920 300 SANCTI
1951 233 2208 312 HILARJI
2248 241 2553 314 EPISCOPI
3698 269 3799 334 θη

490 339 764 414 quondam
786 342 964 398 unitas
991 342 1264 416 indicatur
1293 356 1437 400 nunc
1468 343 1649 404 hostili
1689 348 1919 405 invicem
1964 353 2088 409 odio
2115 361 2170 420 Α
2195 361 2318 420 licet
2345 369 2580 438 genuum
2606 411 2621 438 ,
2654 372 2796 444 quod
2823 374 2926 432 em
2951 375 3218 451 reliquum
3250 380 3438 452 [me],
3478 385 3550 444 ,ἀ
3573 388 3802 460 impigr,

490 431 694 493 diversi
725 455 738 501 ;
765 437 1036 512 iudicibus
1066 439 1226 494 etiam
1256 447 1310 494 et
1351 439 1570 512 regibus
1598 450 1754 498 terra:
1785 444 2090 505 oii‘erendos

491 527 656 602 (Ibid.
688 528 800 602 i8),
832 529 958 586 dum
988 541 1314 604 extorquere
1361 544 1454 588 aut
1501 535 1777 591 silentium
1813 551 2087 611 nostrum,

489 632 586 680 aut
616 625 1015 698 conniventiani
1061 633 1289 682 tentant.
1341 625 1416 702 (τι)
1445 625 1638 684 Testes
1684 630 1829 686 enim
1877 632 2007 704 ipsis
2036 645 2089 692 et

485 717 736 792 gentibus
763 717 926 774 futuri
954 738 966 774 :
998 733 1107 796 quo
1159 719 1464 776 testimonio
1516 723 1796 778 excusatio
1831 721 2088 796 ignoratae

485 809 784 866 divinitatis
838 810 1123 868 adimenda
1177 813 1246 868 sit
1292 816 1772 890 persequentibus;
1834 819 2087 889 gentibus

481 918 616 959 vero
643 904 723 958 via
753 902 1033 974 pandenda
1060 905 1319 960 credendi
1373 905 1672 976 Christum,
1717 903 2089 979 pertinacibus

480 997 626 1055 inter
654 998 988 1055 smvientium
1018 1013 1204 1070 pteuas
1233 1000 1606 1058 coniessorum
1640 1003 1861 1060 vocibus
1889 1005 2086 1076 praedi-

481 1100 678 1150 catum.
753 1092 1050 1150 Instructos
1108 1093 1270 1166 igitur
1317 1110 1414 1153 nos
1479 1099 1750 1171 serpentis
1804 1100 2086 1172 prudentia

479 1197 668 1245 monet
694 1201 816 1245 esse
843 1198 1116 1261 Oportere.

553 1284 640 1340 15.
687 1284 912 1358 Serpens
957 1286 1032 1340 uti
1058 1285 1482 1357 pra'dicatoribus
1508 1289 1806 1352 imitandus.
1835 1320 1906 1332 —
1930 1289 2084 1350 llunc

477 1387 768 1450 antequam
837 1379 1007 1434 Adam
1075 1380 1402 1449 traduceret,
1459 1383 1569 1454 jam
1617 1385 1914 1455 sapientem
1973 1386 2080 1444 Ge-

474 1473 623 1527 nesis
679 1473 1003 1543 nuncupavit
1043 1471 1214 1544 (Gen.
1268 1491 1368 1542 ιιι,
1429 1477 1505 1547 1)
1557 1494 1570 1543 ;
1627 1487 1682 1534 et
1743 1479 2081 1550 prudentiam

477 1564 596 1634 ejus
653 1566 1000 1638 malignantis
1057 1568 1268 1622 consilii
1323 1568 1516 1626 ordine
1571 1569 1778 1628 docuit.
1839 1571 2082 1630 Primum

475 1660 620 1716 enim
671 1661 909 1716 animum
969 1675 1132 1718 sexus
1180 1663 1445 1721 mollioris
1489 1680 1775 1737 aggressus
1823 1677 1928 1736 est,
1982 1685 2080 1740 spe

473 1754 668 1812 deinde
713 1755 920 1832 illexit,
982 1758 1418 1815 communionem
1481 1760 1899 1818 immortalitatis
1959 1778 2162 1842 SpO-B

471 1848 691 1918 poudit:
739 1858 794 1905 et
825 1865 921 1922 per
968 1849 1087 1920 haec
1133 1859 1279 1906 tanta
1304 1854 1525 1922 praemia
1553 1896 1566 1921 ,
1592 1870 1727 1928 opus
1755 1857 1968 1913 consilii
2017 1867 2072 1914 et

469 1941 762 2012 Voluntatis
792 1957 903 1998 sure
931 1945 1116 2014 gessit.
1147 1943 1268 2000 Pari
1298 1945 1461 2016 igitur
1501 1949 1933 2018 opportunitate,
1990 1952 2070 2006 in-

471 2042 745 2106 trospecta
777 2035 1202 2108 uniuscujusque
1242 2048 1295 2093 et
1323 2049 1512 2094 natura
1541 2050 1594 2096 et
1618 2040 1916 2110 voluntate,
1951 2059 2071 2102 ver-

470 2127 665 2184 borum
693 2128 995 2200 adhibenda
1021 2130 1307 2202 prudentia
1333 2143 1435 2188 est.
1468 2133 1602 2203 Spes
1633 2134 1897 2200 bonorum
1927 2136 2072 2194 lutu-

415 2231 420 2234 '
468 2238 655 2288 rorutn
704 2224 1013 2294 revelanda,
1062 2235 1116 2282 et
1151 2225 1225 2298 (b)
1277 2227 1356 2282 sic
1394 2228 1638 2284 cmlestia
1667 2231 1916 2300 perlecta:
1944 2232 2072 2302 ﬁdei

467 2318 690 2388 prmmia
735 2318 1092 2391 proferenda:
1138 2331 1194 2378 ut
1218 2321 1362 2393 quod
1393 2322 1481 2378 ille
1511 2325 1765 2382 mentitus
1801 2334 1883 2382 est
1912 2368 1926 2389 .
1963 2342 2066 2384 nos

469 2412 827 2482 prasdicemus
854 2431 919 2470 ex
953 2429 1104 2483 vero,
1137 2415 1435 2471 secundum
1477 2418 1828 2492 sponsionem
1860 2419 1950 2475 Dei
1974 2435 2072 2478 an-

464 2506 601 2577 gelis
641 2505 848 2562 similes
878 2505 1090 2563 futuros
1138 2523 1258 2564 esse
1282 2510 1371 2580 qui
1402 2508 1689 2578 crederent
1715 2527 1726 2563 :
1763 2521 1818 2566 ut
1849 2520 2065 2568 mentes

467 2599 704 2670 plebium
735 2596 924 2655 faciles
953 2611 1007 2655 et
1026 2601 1324 2666 absolutas,
1349 2603 1910 2660 circumsmvientibus
1935 2605 2068 2662 licet

467 2699 526 2748 et
551 2693 692 2764 lupis
716 2702 772 2749 et
800 2695 1091 2762 hzereticis,
1127 2695 1411 2766 promissis
1441 2711 1730 2768 regnorum
1761 2701 2067 2757 antestium

465 2799 813 2856 occupemus,
846 2796 902 2842 et
929 2802 1110 2843 rerum
1140 2786 1300 2844 ﬁdem
1335 2791 1604 2861 serpentis
1632 2791 1942 2862 prudentia,
1974 2808 2069 2852 co-

477 2878 673 2934 lumbte
704 2879 1052 2950 simplicitate
1080 2879 1378 2936 tradamus.

538 2974 626 3028 Μ.
670 2973 853 3029 Gentes
897 2976 1102 3044 quando
1147 2975 1456 3043 crediturus,
1505 2978 1713 3046 quando
1775 2978 2068 3033 Judaei.—

467 3066 651 3123 Monet
688 3068 854 3122 etiam
905 3068 1117 3122 traditis
1157 3068 1349 3124 abesse
1400 3081 1654 3139 oportere
1685 3071 1848 3144 715
1880 3087 2064 3127 curam

2193 456 2320 514 dum
2351 477 2631 520 numerum
2664 481 2992 539 sanctorum,
3025 472 3202 532 futuro
3243 478 3510 538 claritatis
3537 456 3667 540 διιε-
3687 485 3786 540 ad-

2195 563 2361 609 ventu
2387 554 2454 629 (f)
2479 557 2529 612 in
2557 557 2798 617 Ecclesia
2822 563 3218 624 collocandum.

2265 667 2356 723 15.
2399 669 2714 729 Passienum
2744 688 2820 732 est
2869 681 3130 749 solatium,
3172 686 3311 752 quod
3338 703 3433 756 per
3461 704 3551 745 eas
3576 689 3803 750 Domino

2191 760 2644 820 assimilamur.-.—-
2671 767 2795 824 Non
2838 781 2917 827 est
2957 773 3247 846 discipulus
3289 795 3448 848 super
3470 785 3794 855 magistrum,

2191 867 2282 908 nec
2301 871 2476 914 servus
2501 876 2658 931 super
2682 861 2952 919 dominus
2982 865 3148 939 (Ibid.
3175 868 3290 942 24).
3321 873 3552 930 Multum
3583 879 3802 948 proﬁcit

2189 947 2256 1002 ad
2283 949 2582 1010 tolerantia:
2607 959 3028 1029 assumptionem
3059 977 3238 1018 rerum
3267 965 3678 1046 iurminentium
3703 987 3796 1027 co-

2188 1043 2359 1114 gnitio
2390 1045 2493 1116 lg),
2525 1048 2760 1105 maxime
2785 1053 2829 1106 si
2858 1053 3132 1122 patientiae
3157 1059 3412 1116 voluntas
3433 1043 3800 1130 praesumatur

2189 1138 2461 1208 exemplo.
2495 1140 2756 1199 Dominus
2805 1155 3016 1216 noster,
3057 1149 3237 1206 lumen
3279 1163 3576 1224 aeternum,
3602 1165 3660 1212 et
3688 1159 3795 1215 dux

2186 1230 2548 1300 credentium,
2579 1245 2634 1291 et
2654 1238 3074 1297 immortalitatis
3097 1258 3311 1312 parens,
3363 1245 3656 1318 discipulis
3686 1253 3794 1308 suis

2185 1323 2482 1382 futurarum
2532 1331 2840 1399 passionum
2871 1334 3064 1391 solatia
3110 1347 3236 1394 ante
3283 1342 3588 1412 praemisit:
3621 1361 3690 1399 ne
3737 1361 3796 1401 se

2185 1418 2306 1486 quis
2329 1416 2622 1490 discipulus
2670 1425 2929 1494 magistro
2956 1427 3242 1495 potiorem,
3276 1441 3369 1487 aut
3411 1449 3586 1503 super
3609 1435 3791 1492 domi-

2185 1524 2316 1564 num
2341 1525 2464 1568 esse
2492 1527 2683 1571 servus
2734 1517 3090 1576 existimaret.
3130 1521 3188 1578 Si
3207 1523 3354 1580 enim
3379 1528 3790 1597 patri-familias

2185 1615 2624 1675 cognomentum,
2669 1623 2766 1680 per
2792 1611 3077 1682 invidiam,
3105 1615 3372 1673 daemonis
3422 1621 3785 1688 addiderunt;

2185 1710 2388 1768 quanto
2409 1703 2576 1774 magis
2598 1703 2652 1759 in
2677 1706 3006 1764 domesticos
3039 1709 3358 1781 ejusjomnia
3387 1714 3711 1786 injuriarum
3733 1725 3787 1774 et

2186 1794 2628 1851 contumeliarum
2659 1813 2856 1869 genera
2878 1801 3159 1872 perﬁcient
3175 1803 3282 1878 (Ib.
3301 1806 3624 1878 25)?Seda
3645 1811 3780 1868 nihil

2179 1902 2278 1943 nos
2299 1897 2556 1960 terreant,
2576 1894 2762 1964 glorias
2798 1895 2918 1952 loco
2947 1898 3121 1968 potius
3150 1903 3549 1972 amplectentes,
3583 1906 3630 1960 si
3660 1906 3764 1963 Do-

2176 1980 2325 2036 mino
2353 1993 2540 2039 nostro
2563 1986 2644 2041 vel
2665 1989 2972 2056 passionum
2994 1991 3393 2050 conditionibus
3412 1996 3762 2068 adsequemur.

2249 2099 2335 2155 16.
2377 2098 2572 2156 Judicii
2590 2103 2675 2157 die
2689 2107 2891 2160 occulta
2918 2107 3293 2178 prodentur.—
3320 2109 3477 2189 Nihil
3501 2123 3582 2169 est
3611 2117 3781 2173 occul-

2176 2202 2301 2258 tum,
2333 2195 2472 2263 quod
2510 2213 2613 2251 non
2663 2199 2972 2256 revelabitur
2999 2201 3162 2274 (Ibid.
3206 2201 3324 2276 26).
3358 2205 3512 2268 Diem
3573 2207 3782 2266 scilicet

2171 2287 2361 2359 judicii
2400 2290 2678 2356 ostendit,
2728 2309 2849 2364 quae
2895 2297 3196 2352 abstrusam
3238 2299 3537 2355 voluntatis
3582 2311 3784 2360 nostra

2174 2379 2565 2436 conscientiam
2593 2383 2820 2454 prodet:
2853 2395 2908 2442 et
2935 2401 2997 2444 ea
3027 2404 3147 2457 quae
3182 2407 3324 2447 nunc
3351 2393 3568 2448 occulta
3593 2397 3784 2452 existi-

2175 2487 2404 2543 mamus,
2436 2475 2554 2531 luce
2577 2479 2901 2548 cognitionis
2934 2480 3167 2551 publica:
3206 2483 3442 2558 deteget.
3476 2485 3652 2556 igitur
3677 2505 3782 2547 non

2175 2565 2350 2622 minas
2377 2610 2390 2634 ,
2424 2583 2529 2623 non
2571 2569 2794 2626 consilia
2821 2614 2835 2638 ,
2885 2589 2992 2629 non
3045 2583 3338 2644 potestates
3387 2576 3780 2639 inseetautium

2174 2672 2362 2718 monet
2403 2677 2524 2720 esse
2564 2665 2885 2722 metuendae
2916 2685 2928 2721 :
2963 2670 3086 2738 quia
3111 2669 3227 2726 dies
3252 2669 3438 2742 judicii
3477 2675 3633 2731 nulla
3663 2676 3776 2734 hac

2172 2753 2342 2812 fuisse
2371 2763 2533 2828 atque
2560 2757 2734 2812 inania
2762 2758 3047 2816 revelabit.

2248 2893 2332 2949 l7.
2375 2891 2474 2948 Dei
2512 2896 2738 2966 cognitio
2781 2907 3075 2953 constanter
3122 2899 3420 2973 ingerenda.
3441 2933 3516 2945 —-
3549 2903 3619 2959 Et
3645 2907 3780 2978 quod

2172 2987 2291 3040 dico
2314 2985 2452 3044 vobis
2480 2987 2536 3042 in
2564 2988 2800 3052 tenebris.
2827 2990 2984 3046 dicite
3007 2993 3060 3046 in
3087 2992 3278 3048 lumine
3295 3011 3314 3048 :
3343 3005 3386 3050 et
3408 2997 3631 3067 quodin
3657 3015 3780 3054 aurs

2171 3078 2385 3144 auditis,
2435 3081 2706 3149 pradicate
2734 3097 2888 3154 super
2919 3090 3050 3138 tecta
3076 3083 3126 3154 (ι
3134 3085 3240 3138 bid.
3264 3085 3375 3158 Ἥ).
3400 3087 3520 3142 Non
3551 3089 3782 3161 legimus

466 3159 862 3229 responsionis,
893 3159 990 3214 sed
1032 3160 1454 3230 exspectandum
1480 3163 1656 3232 p0tius
1681 3165 1806 3234 quid
1839 3164 2071 3235 Spiritus
2096 3182 2148 3247 ρ
2177 3172 2464 3229 Dominum
2507 3174 2726 3229 solitum
2773 3173 2940 3232 fuisse
2982 3177 3230 3232 noctibus
3287 3159 3677 3250 sermocinari,
3725 3192 3777 3238 et

463 3251 561 3310 Dei
581 3263 833 3323 suggerat
875 3251 1090 3326 (Matth.
1119 3269 1174 3320 ιι,
1210 3253 1336 3326 19);
1383 3256 1507 3326 quia
1551 3256 1685 3313 fides
1731 3269 1916 3314 nostra
1947 3275 2064 3316 om-

463 3348 621 3402 nibus
652 3346 936 3418 prteceptis
957 3346 1150 3403 divina:
1177 3346 1468 3403 voluntatis
1495 3348 1721 3418 intenta,
1764 3352 1839 3422 (ε)
1880 3353 1946 3408 ad
1977 3369 2070 3410 re-

465 3441 774 3514 sponsiOuis
816 3440 1093 3496 scientiam
1125 3443 1456 3498 instruetur:
1500 3445 1552 3498 in
1581 3446 1832 3515 exemplo
1853 3447 2060 3503 haben-

465 3545 548 3592 tes
571 3535 867 3600 Abraham,
901 3535 986 3589 cui
1019 3535 1288 3605 postulato
1309 3535 1376 3592 ad
1401 3535 1633 3592 hostiam
1663 3537 1809 3594 lsaac
1836 3555 1943 3595 non
1967 3541 2062 3596 de-

465 3627 567 3682 fuit
593 3627 738 3682 aries
767 3625 834 3681 sd
863 3625 1136 3679 victimam
1171 3625 1326 3695 (Gen.
1366 3642 1502 3693 χχιι,
1530 3626 1642 3700 15).
1672 3627 1750 3684 Ex
1781 3645 1884 3683 una
1914 3631 2068 3686 dein~

357 3764 371 3778 .
464 3720 533 3774 de
564 3720 617 3774 in
647 3719 780 3772 duas
820 3718 981 3773 urbes
1011 3718 1187 3788 fugam
1219 3718 1411 3773 suadet
1442 3720 1658 3789 (Matth.
1693 3739 1745 3788 κ,
1777 3722 1893 3794 25).
1925 3725 2062 3793 Quia

461 3810 780 3882 praedicatio
804 3812 923 3878 ejus
953 3809 1183 3881 primum
1215 3825 1244 3866 a
1285 3810 1467 3866 Judtea
1497 3812 1724 3884 eliugata
1756 3818 1948 3873 transit
1991 3819 2065 3875 ad

463 3903 750 3970 Graeciam,
777 3901 975 3959 dehinc
1001 3902 1230 3959 diversis
1258 3903 1394 3959 intra
1415 3903 1638 3962 Graecia:
1666 3909 1826 3966 nrbes
1848 3921 2067 3980 aposto-

461 3999 638 4056 lorum
677 3998 1020 4070 passionibns
1075 3996 1153 4070 (cl)
1195 3998 1432 4069 fatigata,
1485 4003 1644 4057 tertio
1685 4004 1736 4058 in
1791 4007 2060 4065 universis

466 4092 721 4166 gentibus
750 4091 1088 4146 demoratur.
1115 4089 1220 4146 Sed
1263 4103 1320 4145 ut
1351 4093 1688 4161 ostenderet,
1719 4107 1911 4166 gentes
1941 4100 2066 4166 qni-

461 4195 583 4250 dem
615 4191 978 4261 apostolorum
1013 4185 1381 4257 pratdicationi
1427 4185 1762 4254 crediturus,
1796 4204 1980 4246 verum
2001 4202 2062 4248 ut

465 4283 536 4358 (e)
565 4283 830 4352 reliquum
865 4275 1028 4334 Israel
1059 4277 1330 4342 crederet,
1362 4293 1482 4334 esse
1509 4280 1763 4336 adventui
1788 4299 1887 4338 suo
1915 4284 2065 4341 dehi-

463 4388 610 4441 tum;
641 4377 735 4441 ait,
764 4373 884 4429 Non
903 4371 1314 4428 consummabitis
1339 4373 1565 4429 civitates
1586 4373 1772 4443 Israel,
1799 4377 1960 4432 donec
1986 4394 2065 4434 ue-

463 4461 572 4522 niat
599 4463 740 4534 ﬁlius
770 4463 990 4528 hominis
1019 4462 1284 4536 (Ibidem)
1309 4481 1320 4515 :
1353 4473 1474 4534 post
1517 4465 1906 4533 plenitudinem
1958 4470 2065 4526 sci-

537 4589 615 4660 (a)
648 4587 738 4642 Sic
767 4598 896 4660 mss.
940 4582 1198 4652 potiores.
1238 4583 1308 4660 ᾼι
1328 4581 1478 4660 editi,
1500 4591 1652 4660 testes
1678 4594 1728 4638 et
1758 4584 1904 4655 ipsis.
1934 4585 2060 4641 Ver-
2087 4590 2138 4651 D

463 4653 738 4716 bum'sunt
792 4657 1045 4710 retieetur
1095 4665 1214 4719 post
1238 4653 1424 4723 futuri,
1467 4654 1611 4709 sicut
1631 4661 1688 4710 et
1709 4653 1866 4712 antea
1889 4669 2058 4713 monet

468 4732 549 4790 vel
575 4745 738 4784 sermo
767 4735 862 4788 est,
894 4734 1015 4790 p0st
1039 4723 1350 4790 offerendos.

537 4800 615 4873 (b)
685 4795 1002 4873 [articulant
1061 4795 1134 4849 sic
1180 4795 1476 4873 adjecimus
1536 4797 1862 4873 auctoritate
1921 4814 2053 4873 mss.

465 4867 652 4931 Βθῶοο
683 4868 836 4924 (ἷοίιλ
861 4878 914 4922 el
935 4868 1125 4941 Carm.
1145 4868 1235 4937 qui
1265 4883 1388 4922 mox
1417 4867 1536 4924 loco
1565 4867 1712 4924 verbi
1727 4871 2055 4941 proferenda,

473 4945 677 5000 habent
703 4937 1060 5005 promerenda.

541 5015 614 5086 (ο)
642 5013 809 5086 Editi,
823 5007 1287 5086 rad‘responsiouem
1312 5008 1917 5086 scientite._Prtcl‘erimus
1936 5028 2058 5070 cum

465 5080 638 5143 tribus
668 5081 943 5154 praedictis
965 5095 1110 5154 mss.
1155 5080 1221 5134 ad
1251 5081 1595 5154 responsionis
1634 5083 1917 5148 scientiam,
1953 5086 2062 5142 hoc.

465 5169 566 5217 est.
612 5151 824 5211 ιιιέεἰει
853 5153 976 5222 quid
1001 5151 1103 5205 sibi
1132 5151 1565 5218 respondendum
1603 5154 1691 5208 sit.
1729 5154 1931 5211 Deinde
1955 5171 2054 5212 sex

465 5245 599 5285 mss.
625 5227 940 5282 auctoritate
969 5223 1152 5297 liceret
1179 5230 1446 5297 reponere
1469 5224 1524 5297 in
1561 5226 1807 5297 exemplo.
1841 5227 2050 5295 habens,

466 5317 564 5368 pro
589 5301 850 5361 habentes,
883 5294 1024 5366 quod
1055 5307 1180 5348 cum
1206 5291 1594 5361 sinceriorihus
1614 5291 1849 5352 retinere
1881 5291 2052 5354 ιιιίιιυέ-

465 5388 620 5512 mli?)
651 5441 861 5510 Lipsius
888 5453 951 5493 ac
979 5444 1105 5512 po_s_t_
1123 5450 1246 5491 eum
1273 5433 1392 5488 Par.
1420 5437 1602 5512 fugata
1633 5453 1652 5490 :
1681 5446 1866 5493 contra
1894 5439 2051 5496 ﬁdem

467 5494 1015 5571 veleinm'lihroruni.
1047 5508 1141 5562 llic
1167 5521 1328 5582 porro
1360 5494 1572 5582 po'nivlur
1598 5522 1792 5582 nomen
1816 5513 2054 5582 abstraca;

465 5597 579 5642 tum
607 5601 703 5655 pro
733 5593 1003 5639 concreto.
1028 5578 1350 5657 _prredicatio_
1379 5576 1498 5629 loco
1528 5579 1770 5657 vocabuli
1801 5576 2055 5650 pi'tedicaL

463 5648 620 5720 tores,
641 5655 838 5724 quibus
861 5661 914 5708 et
933 5651 1044 5721 pati
1069 5659 1123 5705 et
1132 5648 1353 5724 fatigari
1381 5648 1654 5724 convenit.

537 5715 616 5798 (e)
639 5715 735 5780 bis.
768 5715 1077 5798 Carm-cum
1121 5715 1315 5798 C_olb'.,_
1329 5717 1555 5789 reliquus
1584 5715 1780 5786 Israel;
1809 5739 1934 5780 mox
1953 5739 2050 5782 au.

461 5791 604 5866 tun,
619 5798 752 5866 quod
772 5795 866 5850 erit
893 5794 1127 5849 relictum
1149 5791 1336 5848 Israel.

2173 3264 2474 3322 doctrinam
2499 3265 2554 3320 in
2583 3266 2822 3322 tenebris
2855 3267 3162 3326 tradidisse.
3188 3269 3292 3328 Sed
3319 3272 3445 3343 quia
3469 3275 3656 3330 omnis
3670 3291 3778 3332 ser-

2174 3372 2263 3413 mo
2290 3357 2412 3428 ejus
2432 3358 2740 3414 carnalibus
2769 3361 3008 3418 tenebrae
3035 3373 3184 3428 sunt,
3213 3365 3514 3422 etverbum
3548 3370 3672 3439 ejus
3698 3371 3776 3426 in-

2173 3448 2422 3505 ﬁdelibus
2439 3466 2542 3506 nox
2569 3459 2686 3516 est;
2715 3449 2793 3524 (It)
2820 3462 2876 3509 et
2905 3453 3098 3525 cuique
3113 3455 3263 3526 quod
3287 3470 3316 3510 a
3349 3472 3411 3513 se
3434 3458 3646 3516 dictum
3669 3472 3774 3531 est,

2168 3541 2340 3618 716
2360 3557 2480 3598 cum
2504 3543 2750 3600 libertate
2779 3544 2899 3601 ﬁdei
2923 3555 2977 3601 et
3010 3546 3370 3604 confessionis
3402 3562 3490 3606 est
3541 3553 3774 3624 loquen-

2169 3633 2298 3689 dum
2321 3649 2336 3699 ;
2363 3633 2569 3692 idcirco
2600 3650 2719 3706 quae
2747 3637 2798 3690 in
2835 3637 3074 3694 tenebris
3115 3638 3256 3695 dicta
3286 3650 3432 3707 sunt,
3485 3644 3780 3713 praedicari

2163 3724 2326 3794 jussit
2361 3727 2417 3781 in
2446 3726 2665 3795 lumine,
2711 3737 2765 3782 et
2801 3744 2923 3798 qua:
2969 3741 3182 3787 secreto
3227 3733 3440 3788 aurium
3481 3739 3772 3793 cornmissa

2168 3829 2313 3888 sunt,
2343 3836 2499 3886 super
2530 3832 2680 3890 tecta,
2724 3822 2776 3878 id
2801 3833 2903 3892 est,
2935 3823 3000 3899 (ἱ)
3044 3827 3283 3894 excelsa,
3322 3839 3381 3884 ut
3432 3829 3774 3902 loquentium

2170 3915 2438 3982 prmcouio
2484 3915 2790 3972 audiantur.
2835 3917 3160 3975 Constanter
3197 3921 3344 3976 enim
3365 3922 3456 3978 Dei
3477 3925 3778 3993 ingerenda

2167 4006 2402 4076 cognitio
2421 4016 2526 4072 est,
2551 4017 2608 4063 et
2627 4007 2945 4078 profundum
2965 4011 3226 4068 doctrinae
3243 4017 3576 4087 evangelica:
3593 4033 3777 4078 secre-

2169 4106 2280 4152 tum
2300 4098 2502 4154 lumine
2520 4100 2920 4170 prmdicatiunis
2941 4105 3250 4174 apostolicae
3265 4109 3644 4172 revelandum:
3669 4129 3778 4170 non

2172 4191 2420 4250 timentes
2447 4209 2561 4254 eos.
2603 4194 2797 4265 quibus
2825 4212 2945 4252 cum
2969 4199 3038 4253 sit
3071 4199 3286 4255 licentia
3326 4201 3404 4276 (j)
3440 4204 3492 4258 in
3515 4221 3774 4276 corpora,

2169 4293 2348 4342 tamen
2385 4287 2433 4344 in
2463 4287 2698 4344 animam
2722 4289 2814 4360 jus
2842 4292 3046 4348 nullum
3074 4302 3160 4349 est
3198 4292 3361 4365 (Ibid.
3395 4296 3522 4370 28);
3573 4301 3673 4357 sed
3702 4301 3768 4358 ti.

2167 4388 2375 4434 mentes
2407 4379 2587 4449 potius
2609 4381 2796 4450 Deum,
2829 4384 2913 4439 cui
2942 4385 3229 4454 perdenda:
3251 4387 3310 4444 in
3346 4389 3604 4461 gehenna
3617 4404 3680 4450 et
3706 4411 3766 4452 ac

2167 4471 2324 4530 nimie
2354 4481 2410 4528 et
2445 4474 2688 4543 corporis
2717 4476 2789 4530 sit
2814 4485 3076 4545 potestas.

2337 4587 2502 4670 Editi,
2526 4591 2579 4644 in
2611 4590 2900 4670 Ecclesium
2938 4599 3342 4670 cgnoocandum.
3371 4601 3599 4670 Aliquot
3635 4619 3767 4663 mss.

2166 4660 2220 4742 in
2249 4659 2486 4742 ycclesia
2530 4667 2933 4742 convocandunt.
2965 4667 3158 4724 Verius
3196 4673 3379 4738 Bom.,
3425 4659 3576 4742 vim,

2166 4738 2223 4806 et
2245 4732 2407 4786 Carn.
2444 4733 2496 4806 in
2543 4731 2780 4790 Ecclesia
2827 4739 3188 4800 collocandum
3229 4746 3311 4798 vel
3358 4731 3764 4806 conlocandum;

2165 4801 2460 4885 convocari
2510 4807 2917 4885 quippeetiam
2981 4811 3044 4866 ad
3101 4814 3342 4870 inlideles
3391 4801 3669 4885 pertinett
3698 4801 3767 4878 at

2166 4875 2416 4955 collocari
2449 4877 2516 4955 in.
2544 4877 3012 4955 Christicorpore
3038 4886 3180 4952 quod
3227 4895 3310 4941 est
3352 4875 3622 4955 Ecclesia,
3652 4875 3761 4949 non

2167 4947 2419 5000 convenit
2467 4948 2564 5030 nisi
2587 4947 2897 5033 'lidelibusf
2917 4951 3019 5033 _Sie_
3047 4947 3168 5033 cap.
3197 4957 3250 5022 7,
3280 4973 3427 5033 num.
3467 4961 3556 5026 il,
3582 4947 3764 5033 legere

2169 5025 2253 5098 est
2277 5032 2465 5098 omnes
2500 5021 2550 5071 iu
2585 5021 2886 5098 Ecclesiatn
2916 5021 3154 5098 invitari,
3185 5021 3386 5098 paucos
3414 5021 3643 5087 intrare:

2227 5086 2300 5158 (g)
2336 5087 2391 5170 in
2443 5105 2538 5176 sex
2582 5106 2726 5176 mss.‘
2749 5094 3086 5164 continuatio,
3119 5086 3340 5155 maxime
3381 5102 3426 5155 si
3467 5086 3755 5176 sapientim.

2157 5157 2292 5213 Tum
2335 5161 2385 5213 in
2417 5163 2607 5228 tribus,
2641 5163 2900 5234 voluptas.

2232 5254 2309 5327 (Ιι)
2343 5255 2708 5332 Editi._ltaque
2734 5231 2788 5313 id
2807 5262 2944 5329 quod
2974 5281 3005 5316 a
3036 5281 3089 5320 se
3117 5266 3312 5320 dictum
3339 5231 3434 5332 est,
3459 5287 3580 5324 cum
3606 5272 3762 5327 liber-

2157 5335 2258 5380 tate
2282 5328 2401 5394 ]idei
2431 5330 2536 5383 vult
2563 5347 2670 5386 esse
2701 5328 3012 5401 loquendum
3032 5355 3050 5389 :
3080 5328 3504 5408 castigantur'ex
3535 5358 3667 5398 mss.

2231 5418 2293 5491 (i)
2328 5419 2478 5502 Buri.“
2492 5432 2545 5476 et
2567 5423 2658 5477 Er.
2679 5426 2935 5502 excelsum
2967 5427 3220 5499 loquenda
3248 5441 3301 5484 ut
3333 5436 3616 5502 prwcortio,
3647 5446 3754 5492 etc.

2159 5489 2303 5575 Eips.
2351 5500 2406 5547 et
2445 5492 2563 5575 ξφ.
2597 5509 2718 5575 cum
2753 5512 2852 5575 ms.
2894 5489 3123 5575 Turrim,
3167 5489 3366 5558 excels'o
3414 5489 3751 5575 loquentium;

2159 5559 2399 5642 Quatuor
2429 5564 2644 5642 alii,_in
2691 5569 2888 5624 excelso
2919 5559 3257 5641 loquenlium.
3303 5559 3754 5642 Cartttt'LIVaﬂti—ei

2159 5639 2214 5686 et
2241 5634 2390 5688 Colb.
2424 5636 2719 5706 sequimur.

2233 5723 2250 5796 (
2261 5723 2874 5810 j).Colbertinus“codex
2897 5748 3020 5790 cum
3045 5734 3204 5794 Rom.
3237 5738 3292 5792 in
3317 5754 3556 5810 corpore,
3586 5751 3760 5800 tamen

2160 5797 2213 5850 in
2240 5798 2414 5856 anuna
2439 5797 2554 5870 ejus
2584 5801 2730 5860 nulla
2755 5813 2850 5859 est.
