3882 6332
111 239 222 299 977

1049 245 1597 305 COMMENTARIUS
1623 246 1691 304 ΙΝ
1721 247 2160 310 ΜΔΤΤΙΙᾹΞΗΜ.
2193 251 2348 310 CAP.
2385 255 2476 310 XI.

3311 262 3416 320 978

110 375 235 431 sua,
293 362 347 420 id
396 372 502 428 est,
549 365 617 419 ab
670 364 985 422 inﬁdelitate
1039 364 1232 432 divisa,
1260 367 1346 437 jus
1375 380 1531 422 suum
1555 381 1716 422 omne
1743 371 1797 431 Α
1821 365 1969 423 fusus
2000 369 2071 440 (n
2101 368 2152 424 in
2175 383 2276 425 nos
2302 371 2391 426 sit.
2425 372 2602 443 Atque
2650 373 2722 430 ita
2751 375 2842 447 qui
2879 376 3151 447 apostolos
3181 379 3373 450 recipit
3402 423 3418 450 ,

110 455 416 512 concedit:
444 456 662 529 utquod
695 467 810 512 erat
852 458 1075 514 libertas
1117 458 1432 525 voluntatis,
1457 457 1714 528 deinceps

107 550 310 604 animre
341 550 413 606 sit
454 557 709 620 potestas.
748 550 938 620 Fitque
963 552 1142 622 gravis
1181 551 1236 606 in
1281 549 1443 607 domo
1469 565 1574 606 una
1605 550 1717 607 dis-

107 643 320 709 sensio,
370 651 427 698 et
468 641 764 699 domesdca
809 659 950 698 novo
997 642 1200 699 homini
1244 653 1403 699 erunt
1449 643 1662 698 inimica
1698 661 1710 698 :

107 733 237 803 quia
261 733 352 788 ille
383 749 481 805 per
511 733 735 790 verbum
779 735 870 790 Dei
914 733 1120 790 divisus
1150 736 1218 791 ab
1247 735 1378 803 illis,
1412 751 1633 791 manere
1661 745 1716 792 et

108 827 343 884 interior
369 837 425 884 et
453 828 690 884 exterior
714 828 957 902 (subaud.
982 829 1188 899 homo),
1223 828 1274 884 id
1303 837 1406 894 est,
1439 837 1492 882 ct
1520 842 1714 898 corpus

108 920 386 986 etanima,
424 919 476 974 in
525 919 747 991 spiritus
803 921 1043 976 novitate
1081 921 1332 991 gaudebit
1375 937 1389 974 :
1435 934 1499 975 ea
1559 935 1712 986 vero,

108 1029 234 1086 quae
266 1012 342 1086 (a)
375 1013 611 1086 ingenita
660 1023 715 1070 et
749 1029 778 1069 a
818 1018 1049 1086 quadam
1099 1016 1361 1086 prosapia:
1400 1015 1717 1086 antiquitate

106 1107 364 1175 deducta,
397 1109 700 1165 consistere
728 1109 782 1164 in
811 1109 898 1167 his
919 1111 1115 1181 quibus
1136 1111 1403 1166 oblectata
1435 1119 1560 1166 sunt
1582 1126 1713 1166 con-

105 1201 411 1270 cupiscent.
441 1201 508 1256 Et
537 1203 690 1273 origo
717 1204 896 1259 carnis
920 1214 976 1260 et
1013 1205 1166 1276 origo
1195 1205 1388 1260 anima:
1411 1213 1465 1258 et
1495 1204 1715 1260 libertas

107 1296 398 1366 potestatis
423 1296 476 1351 in
501 1297 638 1352 duos
660 1296 989 1363 dividentur,
1012 1303 1245 1354 animam
1277 1298 1484 1353 scilicet
1519 1307 1575 1354 et
1595 1313 1716 1354 cor-

105 1405 209 1461 pus
242 1389 483 1445 hominis
509 1392 634 1446 novi
658 1434 672 1456 ,
712 1389 788 1463 (b)
819 1407 942 1463 quae
975 1407 1139 1447 unum
1177 1401 1339 1464 atque
1387 1390 1527 1446 idem
1577 1391 1716 1447 velle

106 1493 394 1554 coeperunt
441 1500 454 1536 :
508 1482 773 1554 divisique
820 1489 931 1540 tres
969 1485 1180 1540 duobus
1227 1483 1616 1554 subjacebunt,
1659 1483 1712 1538 in

111 1575 450 1632 dominatum
487 1592 676 1633 eorum
722 1576 790 1634 de
831 1577 1064 1648 Spiritus
1107 1577 1343 1633 novitate
1392 1576 1710 1647 potioribus.

110 1669 181 1726 Et
213 1670 408 1726 idcirco
429 1671 530 1736 illi,
559 1670 648 1741 qui
669 1670 996 1728 domesticas
1032 1670 1307 1726 nominum
1333 1669 1713 1742 (c)charitates

1819 459 2090 517 Christum
2120 464 2342 534 recipit;
2372 469 2464 535 qui
2497 482 2626 522 vero
2656 469 2930 525 Christum
2964 471 3174 543 recipit,
3208 481 3414 544 patrem

1819 551 1988 610 Deum
2017 555 2208 625 recipit
2241 574 2255 611 :
2305 558 2429 627 quia
2473 574 2579 615 non
2603 560 2745 616 aliud
2793 563 2848 617 in
2878 563 3136 633 apostolis
3179 565 3370 636 recipit
3400 608 3416 632 ,

1819 660 1977 714 quam
2001 647 2144 718 quod
2172 648 2222 703 in
2252 647 2466 706 Christo
2489 660 2602 716 est,
2631 667 2806 724 neque
2823 653 2876 709 in
2892 652 3110 712 Christo
3141 656 3283 711 aliud
3301 665 3416 724 est,

1818 751 1976 807 quam
1999 740 2141 810 quod
2195 741 2247 796 in
2279 742 2526 826 Deocst}
2556 760 2756 817 perque
2785 748 2926 804 hunc
2947 749 3191 806 ordinem
3217 752 3420 822 gratia-
3506 821 3520 830 ἱ

1818 846 1937 887 rum
1957 874 1972 898 ,
2006 848 2110 889 non
2135 835 2277 890 aliud
2299 846 2382 891 est
2406 838 2680 908 apostolos
2708 841 2995 911 recepisse,
3021 858 3180 912 quam
3211 844 3412 910 Deum;

1818 924 1940 995 quia
1990 935 2044 979 et
2075 926 2125 979 in
2154 927 2259 982 illis
2279 926 2525 984 Christus
2545 972 2560 997 ,
2593 931 2720 986 etin
2764 931 2980 989 Christo
3017 935 3157 991 Deus
3185 936 3411 992 habitet.

1890 1013 1981 1068 ‘28.
2032 1013 2217 1071 Plures
2267 1021 2630 1091 consequendte
2665 1025 2968 1080 wternitatis
3007 1027 3320 1083 occasiones.
3345 1057 3419 1068 —

1820 1105 1924 1173 Qui
1940 1108 2117 1177 recipit
2138 1111 2437 1182 prephetam
2477 1114 2532 1168 in
2561 1116 2767 1169 nomine
2794 1118 3086 1189 prophetae,
3132 1121 3413 1175 mercedem

1819 1199 2086 1269 prapheta:
2112 1202 2324 1273 accipiet
2372 1203 2533 1274 (Ibid.
2567 1204 2680 1276 41).
2709 1207 2811 1276 Qui
2841 1208 3153 1279 prophetam
3183 1211 3410 1281 recipit,

1821 1289 2151 1348 habitantem
2198 1296 2390 1367 recipit
2439 1296 2494 1352 in
2543 1300 2841 1370 propheta:
2897 1301 3062 1374 ﬁtque
3130 1303 3414 1374 prOphetzc

1819 1385 2073 1442 tnercede
2099 1387 2311 1457 dignus,
2346 1392 2662 1460 prophetam
2710 1398 2986 1464 prepbetze
3033 1397 3250 1452 nomine
3276 1398 3416 1453 reci-

1818 1478 1993 1549 piens.
2027 1479 2131 1535 Par
2155 1495 2367 1552 quoque
2393 1484 2662 1552 recepisse
2697 1487 2904 1556 justum
2946 1503 3156 1545 merces
3183 1491 3410 1561 deputa-

1818 1581 1938 1641 tur,
1969 1574 2133 1644 ﬁtque
2156 1573 2335 1644 justus
2356 1591 2424 1630 ex
2454 1576 2660 1633 honore
2684 1579 2932 1648 justitite.
2965 1583 3043 1636 Ac
3063 1583 3142 1637 sic
3161 1597 3415 1639 consum-

1818 1677 1995 1721 matur
2007 1666 2216 1738 justitia
2239 1684 2306 1724 ex
2336 1668 2462 1736 ﬁde,
2487 1681 2542 1725 et
2563 1672 2866 1728 mercedem
2888 1676 3120 1746 acquirit
3147 1675 3406 1744 ofﬁcium,

105 1763 382 1820 dilectioni
415 1764 532 1835 ejus
579 1764 938 1836 praetulerint,
981 1765 1146 1839 720
1185 1764 1485 1820 futurorum
1535 1763 1704 1820 bono-
1735 1759 1783 1821 B
1809 1761 1990 1833 plures
2016 1762 2408 1832 consequendae
2433 1765 2748 1821 mternitatis
2790 1767 3100 1825 occasiones
3151 1770 3262 1825 Deo
3300 1769 3410 1824 lar-

100 1869 226 1911 rum
258 1856 462 1927 indigni
486 1868 645 1914 erunt
673 1857 1007 1913 haereditate.

176 1950 270 2006 25.
323 1950 494 2019 Crux,
547 1961 924 2007 sacramentum
981 1950 1127 2018 ﬁdei.
1172 1979 1243 1991 —
1294 1949 1472 2022 Pergit
1513 1947 1708 2004 deinde

100 2043 299 2102 eodem
331 2054 723 2117 prmceptorom
771 2053 828 2100 ct
868 2042 1237 2113 intelligentiae
1278 2042 1530 2099 decursu.
1573 2040 1706 2096 Nam

102 2150 294 2212 postea
316 2154 476 2211 quam
524 2138 876 2207 relinquenda
919 2139 1096 2194 omnia
1129 2152 1247 2207 quae
1289 2139 1340 2192 in
1381 2136 1581 2191 saeculo
1610 2150 1704 2191 ca-

103 2233 323 2290 rissima
375 2242 502 2288 sunt
552 2235 940 2302 imperaverat;
988 2230 1216 2301 adjecit,
1253 2229 1356 2298 Qui
1384 2245 1488 2283 non
1519 2229 1708 2296 accipit

106 2343 310 2382 crucem
357 2342 534 2392 suam,
592 2335 640 2379 et
683 2325 910 2396 sequitur
955 2339 1066 2388 me,
1118 2338 1220 2377 non
1265 2331 1338 2376 est
1399 2339 1478 2376 me
1523 2321 1708 2392 dignus

113 2420 276 2493 (Ibid.
308 2417 399 2491 58)
432 2437 446 2473 :
476 2419 598 2490 quia
625 2418 716 2489 qui
741 2417 940 2473 Christi
971 2423 1116 2480 sunt,
1166 2413 1551 2470 cruciﬁxerunt
1588 2429 1709 2469 cor-

107 2529 211 2588 pus
238 2529 358 2569 cum
409 2513 552 2568 vitiis
589 2520 645 2567 et
688 2510 1168 2582 concupiscentiis.
1221 2508 1290 2564 Et
1338 2500 1587 2578 indignus
1625 2517 1710 2562 est

109 2605 328 2662 Christo
347 2649 363 2672 ,
392 2604 485 2678 qui
518 2619 622 2660 non
650 2619 866 2660 crucem
896 2618 1048 2658 suam
1075 2643 1090 2668 ,
1120 2600 1174 2656 in
1202 2615 1303 2671 qua
1326 2600 1705 2670 compatimur,

111 2701 528 2766 commorimur,
561 2699 994 2769 consepclimur,
1045 2695 1518 2765 conresurgimus,
1567 2697 1709 2751 acci-

111 2794 289 2866 piens,
324 2792 606 2847 Dominum
631 2791 702 2846 sit
728 2800 966 2858 secutus,
999 2789 1052 2845 in
1083 2787 1186 2844 hoc
1212 2796 1556 2843 sacramento
1584 2786 1706 2844 ﬁdei

112 2886 342 2958 spiritus
373 2889 612 2940 novitate
636 2885 893 2940 victurus.

184 2979 275 3036 26.
301 2979 519 3035 Mortem
561 2981 716 3051 infert
741 2979 876 3034 vitiis
892 3020 925 3055 ,ξ
958 2978 1137 3033 mortis
1179 2976 1350 3048 aufert
1398 2986 1610 3032 metum.
1637 3007 1708 3018 —

111 3073 220 3140 Qui
247 3074 493 3127 invenerit
512 3073 735 3126 animam
756 3087 902 3126 suam
929 3113 943 3137 ,
981 3071 1158 3141 perdet
1186 3069 1374 3135 illaut;
1405 3078 1453 3124 et
1476 3069 1565 3140 qui
1591 3085 1709 3140 per-

1811 1853 1996 1924 giente
2027 1870 2040 1906 :
2069 1854 2350 1925 quandoin
2369 1856 2681 1927 recipiendo
2704 1858 2853 1928 justo
2881 1868 2938 1915 et
2967 1860 3228 1932 propheta
3246 1902 3262 1928 ,
3295 1864 3412 1932 ipse

1813 1949 2130 2004 reverentiae
2159 1945 2463 2023 aﬁectus’et
2491 1949 2625 2022 justi
2653 1951 2915 2009 honorem
2966 1954 3193 2027 accipiat
3214 1965 3269 2013 et
3288 1971 3415 2027 pro-

1813 2041 2010 2112 phetzc.

1884 2133 1974 2188 29.
2011 2133 2324 2206 Obsequium
2343 2137 2437 2191 sub
2479 2139 2744 2210 religionis
2766 2139 3254 2208 opinionedelatum
3273 2139 3416 2194 indi-

1811 2241 1942 2296 gno,
1973 2226 2206 2282 mercede
2233 2243 2335 2282 non
2361 2230 2653 2299 fraudetur.
2684 2261 2756 2270 —
2798 2229 2866 2284 Et
2887 2233 3192 2300 quicumque
3233 2240 3411 2303 potum

1813 2319 2006 2374 dederit
2043 2321 2132 2374 uni
2157 2337 2220 2375 ea:
2249 2322 2474 2376 minimis
2520 2322 2605 2377 isti
2653 2324 2860 2378 calicem
2893 2341 3039 2396 aqua:
3075 2326 3315 2398 frigidm,
3361 2334 3418 2382 et

1814 2411 2019 2481 reliqua
2052 2409 2214 2484 (Ibid.
2242 2412 2359 2483 42).
2391 2413 2508 2468 Νοιι
2538 2414 2698 2471 inane
2729 2430 2849 2470 esse
2876 2415 3034 2471 bonae
3061 2417 3411 2474 conscientia:

1813 2517 1949 2574 opus
1995 2503 2215 2572 docuit,
2258 2521 2436 2578 neque
2478 2521 2628 2577 spem
2672 2507 2797 2564 ﬁdei
2839 2510 3031 2566 alienae
3085 2509 3415 2567 inﬁdelitatis

1815 2595 2043 2651 crimine
2072 2595 2337 2653 laborare.
2365 2598 2525 2671 721
2555 2599 2850 2658 Providens
2869 2603 3016 2658 enim
3054 2603 3239 2676 plures
3268 2605 3413 2660 Iutu-

1815 2707 1905 2747 ros
1937 2701 2139 2747 tantum
2162 2693 2498 2764 apostolatus
2527 2695 2744 2752 nomine
2776 2697 3076 2768 gloriosos,
3108 2700 3254 2754 omni
3282 2715 3413 2755 vero

1815 2784 1941 2840 vita:
1968 2801 2080 2841 sua:
2109 2802 2276 2857 opere
2303 2787 2718 2859 improbabiles,
2759 2791 3088 2864 eosdemque
3107 2793 3198 2850 diu
3227 2793 3414 2850 fallere

1815 2877 2014 2948 diuque
2042 2880 2290 2946 mentiri,
2334 2889 2510 2937 tamen
2562 2880 2910 2954 obsequium,
2960 2885 3264 2956 quod'ipsis
3312 2887 3412 2941 sub

1814 2967 2090 3038 religionis
2120 2968 2376 3038 opinione
2422 2969 2656 3025 delatum
2686 2971 2783 3038 sit,
2820 2973 3071 3028 mercede
3111 2973 3292 3044 operis
3329 2975 3410 3028 sui

1814 3065 2037 3134 speique
2063 3079 2167 3118 non
2200 3063 2432 3120 fraudat.
2465 3064 2598 3122 Nam
2648 3065 2774 3123 licet
2802 3067 2905 3137 ipsi
2935 3067 3143 3123 minimi
3190 3076 3408 3135 essent,

107 3168 302 3223 diderit
371 3168 596 3221 animum
655 3181 804 3220 suam
869 3173 1077 3236 prepter
1131 3179 1245 3229 me,
1321 3163 1538 3216 inveniet
1597 3159 1782 3222 eamC
1815 3154 1869 3210 id
1916 3164 2027 3220 est,
2063 3167 2406 3227 peccatorum
2453 3159 2692 3214 omnium
2736 3160 2905 3215 ultimi
2953 3162 3259 3231 (minimum
3295 3175 3414 3216 om-

107 3261 275 3334 (Ibid.
317 3258 431 3331 59).
462 3258 624 3314 Verbi
671 3257 879 3314 scilicet
921 3267 1215 3329 potestate,
1259 3263 1314 3311 et
1361 3265 1603 3311 veterum
1627 3254 1706 3309 di-

107 3355 323 3412 visione
340 3355 421 3426 (ά)
447 3354 720 3422 vitiorum,
752 3351 995 3424 proﬁciet
1026 3352 1232 3408 lucrum
1260 3349 1454 3407 animae
1478 3348 1532 3404 in
1561 3364 1708 3404 mor-

110 3461 258 3516 tem,
289 3459 343 3505 et
371 3449 627 3505 damnum
660 3448 712 3503 in
743 3449 991 3503 salutem.
1026 3447 1167 3518 Ergo
1191 3443 1529 3516 suscipienda
1562 3456 1708 3498 mors

106 3543 271 3598 estin
297 3542 536 3598 novitate
553 3541 678 3596 vitm
696 3581 713 3608 ,
738 3550 793 3597 et
819 3541 965 3596 cruci
995 3539 1210 3596 Domini
1233 3537 1552 3608 conligenda
1581 3544 1709 3592 sunt

106 3637 273 3692 vitia:
303 3645 355 3691 et
386 3634 640 3690 adversus
671 3645 1088 3704 persequentes,
1118 3641 1432 3702 contemptu
1469 3645 1706 3701 praesen-

109 3727 554 3800 tium,glorios:e
607 3724 965 3781 confessionis
1017 3723 1295 3781 retinenda
1342 3723 1564 3779 libertas
1588 3731 1707 3788 est,

108 3831 172 3880 et
193 3821 510 3876 damnosum
539 3819 734 3875 animae
785 3819 991 3874 lucrum
1022 3816 1395 3888 refugiendum
1420 3838 1432 3873 :
1476 3818 1709 3872 scientes

106 3914 360 3985 cuiquam
390 3914 479 3984 jus
502 3913 555 3967 in
604 3909 840 3966 animam
870 3923 976 3964 non
1008 3909 1272 3980 relinqui,
1305 3918 1358 3963 et
1385 3908 1710 3964 detrimento

107 4009 294 4066 brevis
317 4008 464 4076 vitae,
493 4007 669 4062 fanus
700 4003 1119 4061 immortalitatis
1148 4003 1372 4074 acquiri.

185 4099 278 4155 27.
312 4096 548 4153 Christus
575 4098 662 4166 qui
681 4095 958 4151 mediator.
987 4122 1059 4135 —-
1103 4094 1206 4159 Qui
1255 4093 1435 4165 recipit
1462 4107 1547 4148 vos
1574 4135 1588 4159 ,
1633 4109 1713 4149 me

108 4193 322 4264 recipit:
367 4203 414 4246 et
446 4192 532 4263 qui
575 4207 655 4244 me
680 4191 897 4259 recipit,
939 4188 1124 4260 recipit
1172 4203 1286 4240 eum
1327 4187 1416 4256 qui
1443 4203 1523 4240 me
1574 4187 1714 4258 misit

116 4287 299 4360 (Ibid.
347 4284 465 4358 40).
513 4278 1091 4340 υιιὶνθτδὶεῆυοιιίιιω
1135 4280 1383 4336 aﬁ'ectum
1428 4290 1482 4336 et
1513 4294 1714 4350 praece-

111 4391 330 4455 ptorum
361 4379 699 4436 sedulitatem
746 4375 1023 4446 impendit.
1056 4374 1123 4430 Et
1156 4375 1246 4446 qui
1277 4373 1573 4446 periculum
1603 4389 1712 4429 non

111 4475 488 4546 recipientium
541 4471 816 4544 apostolos
872 4469 1082 4524 excussi
1114 4469 1349 4539 pulveris
1403 4467 1714 4524 testimonio

1819 3250 1966 3305 nium
1997 3259 2176 3305 autem
2218 3261 2338 3318 est,
2367 3267 2477 3323 quo
2524 3253 2703 3308 minus
2754 3254 2882 3309 nihil
2933 3254 3079 3309 aliud
3109 3254 3248 3324 est),
3302 3269 3409 3308 non

1812 3343 1992 3399 inania
2037 3353 2214 3403 tamen
2256 3345 2309 3399 in
2352 3361 2446 3402 eos
2492 3347 2656 3402 etiam
2687 3349 2861 3415 levia,
2908 3365 3029 3420 quae
3072 3349 3173 3404 sub
3199 3348 3410 3419 frigidae

1812 3453 1965 3509 aqua)
2002 3439 2221 3494 nomine
2269 3439 2552 3510 designat,
2589 3438 2766 3498 officia
2815 3456 2936 3498 esse
2981 3443 3248 3498 decernit.
3290 3442 3408 3497 Non

1813 3532 1956 3587 enim
1986 3530 2223 3603 peccatis
2271 3532 2536 3599 hominis,
2569 3535 2664 3590 sed
2709 3535 2959 3606 discipuli
2987 3536 3188 3591 nomini
3238 3537 3411 3591 honor

1813 3627 2087 3697 priestitus
2117 3635 2220 3682 est.
2247 3629 2423 3698 Atque
2454 3628 2528 3683 ita
2551 3627 2872 3697 probitatem
2901 3629 3245 3700 obsequentis
3264 3671 3278 3696 ,
3310 3628 3410 3684 fato

1813 3721 1974 3776 lentis
1991 3720 2059 3776 de
2077 3736 2135 3776 se
2157 3720 2351 3792 probra
2379 3737 2486 3777 non
2511 3722 2712 3778 lzedunt
2729 3741 2742 3778 :
2759 3737 2881 3778 cum
2923 3723 3230 3780 mercedem
3252 3739 3410 3780 suam

1812 3814 1990 3872 dantis
2014 3815 2121 3872 ﬁde
2141 3856 2157 3884 ,
2182 3831 2291 3872 non
2334 3817 2659 3872 assumentis
2706 3816 2994 3874 mendacio
3020 3827 3409 3889 consequatur.

2427 3908 2655 3965 CAPUT
2680 3908 2774 3964 XI.

1811 3999 2043 4055 Joannes
2097 4001 2162 4054 de
2200 4015 2399 4054 carcere
2447 4000 2515 4052 ad
2560 3998 2742 4054 Jesum
2804 4003 2988 4068 mittit,
3038 4013 3085 4057 et
3145 4001 3299 4058 Jesus
3347 4006 3413 4061 de

1883 4090 2087 4147 Joanne
2136 4091 2204 4145 ad
2237 4090 2409 4145 turbas
2450 4090 2696 4161 loquitur.
2728 4089 2861 4148 Item
2905 4095 3159 4166 confessio
3183 4094 3314 4150 Jesu
3340 4097 3411 4150 ad

1885 4186 2119 4243 Patrem.

1888 4281 1941 4336 1.
1989 4279 2216 4334 Joannes
2272 4277 2531 4334 Christum
2592 4296 2695 4336 non
2749 4281 3024 4350 ignoravit.
3067 4311 3143 4323 —
3180 4282 3414 4343 Joannes

1813 4389 1932 4428 cum
1978 4372 2206 4426 audisset
2242 4371 2318 4445 (g)
2348 4372 2402 4426 in
2430 4388 2632 4427 carcere
2654 4388 2809 4444 apera
2849 4371 3077 4442 Christi,
3109 4377 3316 4434 mittens
3340 4378 3411 4433 ad

1816 4483 1931 4523 eum
1955 4466 2239 4540 discipulos
2266 4482 2418 4531 suos,
2443 4467 2516 4520 ait
2549 4467 2629 4520 illi
2660 4482 2679 4520 :
2709 4465 2786 4521 Tu
2814 4483 2866 4522 es
2914 4471 3001 4538 qui
3029 4479 3269 4526 venturus
3317 4488 3405 4542 es,

108 4567 528 4630 denuntiasset,
579 4561 952 4634 recipientium
1015 4561 1268 4616 meritum
1310 4561 1448 4616 ultra
1487 4561 1714 4633 gratiam
1738 4552 1794 4614 D
1819 4577 1888 4614 an
1925 4561 2085 4615 alium
2130 4568 2477 4630 exspectamus
2509 4558 2722 4631 (Matth.
2753 4575 2844 4627 xt,
2880 4559 2917 4614 2
2959 4571 3005 4616 et
3033 4561 3132 4636 3)?
3178 4563 3413 4623 Joannes

110 4661 190 4734 (e)
243 4661 440 4727 sperati
482 4658 643 4714 ofﬁcii
687 4655 1064 4714 commendat:
1094 4655 1360 4726 docetque
1389 4656 1442 4711 in
1465 4671 1525 4712 se
1550 4657 1713 4712 etiam

109 4753 432 4811 mediatoris
463 4751 696 4807 ofﬁcium
716 4793 732 4819 ,
777 4750 868 4821 qui
899 4764 1021 4804 cum
1061 4749 1131 4804 sit
1185 4758 1435 4819 receptus
1465 4764 1494 4803 a
1524 4749 1678 4806 nobis
1698 4793 1714 4818 ,

106 4857 277 4920 atque
298 4846 389 4902 ille
417 4843 687 4915 profectus
715 4858 779 4898 ex
814 4842 924 4898 Deo
953 4843 1044 4910 sit,
1073 4842 1212 4898 Deus
1240 4858 1334 4914 per
1361 4842 1511 4899 illum
1550 4851 1718 4900 trans-

188 4995 268 5069 (a)
300 4996 354 5052 In
398 5002 629 5069 quatuor
657 5007 790 5069 mss.
839 4991 988 5069 inita.
1037 4990 1153 5047 Non
1180 4991 1515 5069 displiceret
1541 4963 1717 5048 insita.

109 5063 216 5125 me
245 5063 374 5124 vero
404 5063 630 5138 ingenita
658 5063 954 5138 (quomodo
984 5078 1145 5138 supra
1174 5063 1413 5134 ingeniti)
1463 5064 1606 5120 idem
1636 5075 1722 5121 est

1822 4653 2074 4709 detentus
2113 4653 2166 4707 in
2191 4667 2410 4708 carcere
2444 4652 2725 4707 Dominum
2776 4654 3028 4724 ignorat?
3055 4666 3111 4714 et
3151 4659 3416 4730 prepheta

1825 4755 2006 4801 tantus
2027 4745 2198 4801 Deum
2226 4760 2380 4800 suum
2403 4744 2611 4800 nescit?
2641 4747 2838 4818 Atquin
2868 4758 3151 4807 venturum
3181 4760 3239 4808 ut
3259 4753 3420 4824 praei-

1828 4851 1911 4896 tor
1937 4839 2230 4906 nuntiavit,
2260 4838 2646 4894 consistentem
2680 4847 2736 4894 ut
2763 4843 3024 4914 propheta
3050 4845 3300 4914 agnovit,
3323 4845 3419 4902 ad-

1823 4993 1933 5065 jam
1963 4992 2450 5065 observatumcap.
2481 4989 2536 5056 4,
2570 5007 2627 5046 ιι.
2653 4991 2742 5065 I9,
2775 4993 2888 5057 ubi,
2921 4994 3059 5048 sicut
3105 5002 3161 5048 et
3187 4993 3240 5065 in
3281 4995 3421 5064 psal.

1827 5062 2012 5129 exvtn,
2041 5079 2097 5119 ιι.
2130 5062 2294 5137 3,__ad
2321 5063 2552 5119 litteram
2576 5064 2846 5121 intellecta
2879 5076 3024 5130 sunt,
3047 5080 3166 5134 qua:
3195 5062 3421 5137 hic‘spi-

111 5141 262 5210 quod
292 5135 480 5194 innata
498 5155 516 5195 :
546 5152 654 5209 quo
681 5136 900 5191 nomine
922 5135 1208 5191 inﬁdelitas
1239 5143 1294 5190 et
1321 5145 1594 5207 peccatum
1627 5152 1722 5193 seu
1825 5137 2054 5210 ritalitc_r
2073 5135 2431 5210 explicantur.

110 5211 367 5279 voluptas
396 5210 717 5265 indicantur.

194 5283 272 5355 (b)
314 5283 654 5355 Colbertinus
699 5279 872 5355 codex
907 5296 920 5333 :
953 5279 1076 5345 quia
1140 5294 1300 5334 unum
1351 5294 1365 5333 :

116 5351 392 5425 aliquibus
440 5357 592 5417 aliis,
625 5351 912 5425 inquibus
934 5359 1116 5425 exstat
1155 5368 1264 5425 qua
1302 5367 1482 5405 unum.
1506 5351 1720 5425 Anima,

117 5421 322 5496 corpus
341 5435 394 5481 et
415 5426 665 5480 voluntas
685 5422 794 5496 jam
824 5423 888 5496 ad
915 5422 1054 5477 duos
1073 5421 1435 5496 reducuntur,
1460 5422 1732 5496 cumani-

120 5493 235 5553 mm'
258 5513 416 5552 suum
456 5497 545 5568 jus
581 5494 748 5568 cessit
776 5495 1045 5548 voluntas.
1072 5493 1208 5548 Tum
1257 5509 1388 5568 vero
1416 5493 1726 5568 inﬁdelitas,

117 5578 429 5640 peccatum,
458 5565 517 5622 et
555 5567 802 5640 voluntas
831 5579 861 5618 a
891 5579 1122 5640 corpore
1161 5575 1216 5620 et
1261 5565 1448 5640 anima
1479 5565 1731 5640 dividun-

1421 5279 1723 5336 faventibus

1902 5206 1982 5279 (d)
2007 5205 2159 5262 Pari
2183 5215 2308 5276 post
2352 5206 2590 5276 Lipsium
2616 5248 2633 5274 ,
2689 5207 2986 5262 dimissione
3008 5221 3027 5260 :
3070 5205 3266 5279 minus
3290 5221 3420 5279 con-

1827 5277 2086 5365 grue'nter
2106 5293 2228 5334 cum
2251 5279 2622 5350 superioribus
2641 5318 2658 5346 ,
2679 5287 2734 5334 et
2757 5286 2954 5348 praeter
2978 5287 3221 5333 veterum
3253 5277 3421 5334 libro-

1830 5349 1950 5407 rum
1979 5349 2161 5404 ﬁdem.
2324 5349 2329 5350 “

1907 5420 2287 5494 (e)Beccensis
2338 5422 2544 5490 codex,
2576 5421 2744 5494 parati
2787 5420 2963 5494 apicii.
3013 5419 3125 5476 Hac
3165 5421 3422 5492 loquendi

1835 5491 2048 5550 ratiune
2077 5495 2297 5562 gratiam
2321 5491 2583 5563 speratam
2607 5493 2768 5563 ofﬁcio
2794 5491 3094 5563 intelligere
3116 5503 3220 5548 est.

1911 5566 1981 5638 (Ι)
2015 5564 2125 5619 Etsi
2155 5567 2206 5618 in
2226 5562 2477 5648 pluribus
2505 5562 2842 5648 mss‘.exstat
2873 5563 2928 5616 in
2945 5562 3126 5648 nabis:
3175 5562 3420 5648 retinet}:

127 5633 241 5707 iur,
269 5633 459 5711 eisque
486 5639 790 5711 sobjacent,
812 5649 933 5690 cum
960 5633 1055 5705 per
1070 5639 1330 5711 _virtutem
1358 5636 1590 5707 Spiritus
1619 5635 1735 5691 ani-
1837 5633 1971 5711 dum
1998 5644 2179 5711 tamen
2220 5633 2631 5711 in_nos__co_nstat
2675 5648 2742 5711 e_x
2785 5649 2905 5703 cap.
2936 5635 3030 5711 ,12
3056 5674 3073 5700 ,
3104 5650 3161 5688 ιι.
3191 5633 3261 5711 1__2
3285 5675 3300 5698 ,
3329 5636 3421 5691 ubi

127 5706 233 5768 ma
252 5721 306 5766 et
332 5706 530 5780 corpus
557 5706 638 5766 eis
667 5707 940 5778 imperant
967 5721 1029 5780 ac
1053 5706 1419 5764 dominantur.

122 5786 171 5856 ξ
213 5780 288 5853 (e)
319 5776 564 5848 Hoc'est,
597 5776 842 5836 amorem
885 5779 1075 5848 patris,
1105 5782 1315 5849 matris,
1347 5776 1614 5851 conjugis,
1657 5779 1733 5834 uti

1843 5708 1986 5766 idem
2014 5707 2325 5776 Mediatoris
2354 5705 2588 5776 ofﬁcium
2615 5706 2806 5761 eadem
2848 5705 3057 5762 ratione
3100 5705 3419 5776 explicatur.

1909 5779 1985 5852 (g)
2016 5777 2142 5836 Mss.
2173 5775 2348 5835 Vatic.
2372 5787 2426 5833 et
2451 5777 2577 5832 Bec.
2615 5778 2668 5831 in
2689 5775 2927 5832 uinculis.
