3882 6332
39 271 183 331 981
1017 266 1571 329 COMMENTARIUS
1621 267 1689 327 IN
1718 265 2160 331 MATTHIEUM.
2217 274 2374 333 CAP.
2414 276 2510 334 XI.
3299 283 3407 340 982

39 398 124 443 es.
183 402 308 460 quo
333 402 400 444 ex
456 388 596 443 natis
642 386 924 444 mulierum
976 384 1158 442 nullus
1205 386 1380 458 major
1438 384 1698 460 propheta
1724 387 1781 448 Α
1806 389 1986 458 pueris
2027 389 2235 447 scilicet
2276 387 2572 465 prephetas
2613 393 2958 468 signiﬁcans,
2996 399 3089 472 qui
3130 399 3187 458 in
3224 401 3406 460 medio

39 481 400 537 surrexerit
423 479 538 553 ta);
571 481 670 535 nisi
689 479 829 551 quod
857 479 948 550 qui
977 480 1157 534 minor
1179 494 1245 535 eo
1273 489 1376 547 est,
1397 477 1452 534 id
1476 487 1580 545 est,
1606 479 1697 550 qui
1800 481 2090 553 Synago‘gze
2117 528 2131 550 ,
2166 491 2436 556 tamquam
2467 486 2519 541 in
2559 483 2777 558 publico
2815 488 2918 546 fori
2957 499 3226 554 conventu
3247 536 3262 560 ,
3306 509 3404 565 po-

39 573 460 643 interrogatur
482 614 495 635 ,
524 573 607 627 cui
635 589 738 628 non
779 571 1051 636 creditur,-
1083 571 1171 627 cui
1199 572 1565 627 testimonium
1596 585 1697 626 nec
1801 571 1986 639 pulum
2019 583 2341 646 coarguant,
2377 574 2521 648 quod
2549 581 2893 638 cantantibus
2921 583 3026 639 sibi
3065 583 3246 649 ofﬁcio
3284 600 3407 642 cor-

39 683 252 738 opera
283 681 386 722 sua
429 672 724 737 praestant,
780 666 868 722 hic
897 666 949 721 in
995 680 1165 737 regno
1213 667 1473 722 caelorum
1521 663 1695 736 major
1801 668 1949 736 poris
1983 673 2086 723 non
2122 667 2642 740 obsecundaverint,
2676 675 2726 730 id
2760 685 2878 742 est,
2912 663 3057 748 quod
3095 677 3252 734 dictis
3291 679 3404 736 suis

39 769 168 815 es.
198 761 225 815 ορ
1800 773 1909 812 non
1937 763 2239 830 paruerint.
2272 763 2355 820 Ad
2386 767 2720 823 cantantium
2750 769 2894 825 enim
2937 768 3158 828 modum
3197 771 3404 828 saltan-

150 859 212 912 7.
251 856 494 929 Regnum
539 855 782 910 caelorum
824 855 910 924 qui
937 855 1143 926 rapiant
1181 863 1354 928 gentes
1387 854 1601 926 judteis.
1626 884 1696 894 —
1801 849 1932 905 tium
1963 851 2031 924 (f)
2061 864 2240 910 motus
2266 861 2499 926 aptatur.
2528 856 2585 912 In
2615 859 2964 930 simplicitate
2987 870 3166 918 autem
3188 876 3404 925 sensus,

39 949 100 1002 Δ
163 949 360 1003 diebus
403 959 574 1002 autem
615 946 836 1001 Joannis
871 946 1119 1018 Baptista:
1145 963 1302 1018 usque
1323 963 1458 1002 nunc
1483 953 1697 1021 regnum
1799 953 1854 999 ut
1886 947 2073 1015 pueri,
2111 949 2577 1017 prmdicaverunt,
2620 959 2677 1007 et
2713 949 2779 1007 ad
2821 953 3220 1019 confessionem
3259 951 3405 1026 psal-

40 1043 340 1096 calorum
368 1042 469 1096 vim
499 1040 728 1112 patitur,
773 1051 822 1094 et
847 1041 947 1095 vim
986 1041 1230 1113 facientes
1269 1041 1519 1112 diripiunt
1560 1039 1697 1095 illud
1799 1037 1946 1091 lendi
1975 1036 2086 1093 Deo
2114 1051 2578 1108 provocaverunt,
2615 1049 2673 1098 ut
2701 1045 2913 1099 eantico
2956 1045 3122 1118 Moysi
3167 1049 3401 1116 tenetur,

44 1140 254 1212 (Ibid.
293 1139 409 1208 12).
457 1138 528 1195 Ut
557 1154 736 1194 rerum
783 1148 971 1194 natura
1002 1141 1203 1211 exigit,
1254 1140 1361 1194 vim
1397 1140 1571 1210 potior
1617 1138 1697 1194 af-

1819 1136 1860 1182 »ι
1905 1129 2111 1197 Esaiae,
2159 1140 2220 1186 ut
2264 1133 2466 1201 David,
2511 1141 2572 1189 ut
2614 1145 2936 1192 cacterorum
2982 1138 3403 1209 prophetarum:

49 1236 220 1304 fert;
262 1237 548 1305 minorque
573 1235 698 1300 erit,
729 1233 820 1288 cui
861 1234 944 1288 vis
973 1233 1245 1290 offeratur.
1284 1233 1423 1302 Quid
1456 1245 1584 1304 ergo
1612 1242 1697 1290 est
1798 1241 2123 1298 rursumque
2152 1227 2228 1302 (g)
2252 1245 2343 1285 eos
2394 1229 2445 1286 in
2491 1232 2859 1302 ptenitentiam
2899 1247 3277 1307 peccatorum,
3325 1235 3404 1308 (lt)

49 1331 233 1400 quod
265 1330 529 1400 diripiens
557 1337 668 1394 est,
711 1329 964 1400 quodque
995 1328 1102 1384 vim
1144 1329 1382 1401 patitur,
1433 1338 1696 1384 centuen-
1800 1325 1855 1374 et
1899 1319 1965 1372 ad
2020 1318 2264 1375 dolorem
2310 1337 2373 1376 ac
2413 1323 2614 1379 luctum
2658 1333 2900 1382 veterum
2943 1327 3264 1388 delictorum
3304 1345 3407 1386 nec

55 1423 214 1478 dum
253 1431 360 1478 est.
396 1421 772 1477 lnﬁdelitatem
803 1421 1191 1490 discipulorum
1237 1421 1463 1477 Joannis
1514 1420 1697 1477 Domi-
1797 1414 2020 1470 Joannis
2065 1415 2376 1487 prmdicatio
2419 1417 2724 1475 inﬂexerit:
2754 1421 2950 1491 quibus
2974 1429 3031 1479 et
3079 1422 3168 1479 lex
3224 1424 3405 1496 gravis

59 1533 191 1573 nus
213 1517 559 1582 adverterat,
592 1515 764 1571 turba:
790 1516 950 1571 etiam
973 1515 1284 1586 opinionem
1314 1517 1380 1572 de
1413 1517 1528 1587 ejus
1557 1522 1696 1574 nun-
1797 1507 1914 1562 V353
1952 1510 2022 1565 Sil
2059 1509 2120 1582 (ί)
2153 1511 2310 1580 Ροῑιιε
2356 1505 2571 1582 cibique
2612 1515 2942 1586 priescriplis
2981 1526 3035 1572 el
3076 1515 3314 1574 difﬁcilis
3354 1526 3410 1574 et

69 1610 165 1666 tio
185 1608 558 1672 intellexerat,
607 1608 659 1662 in
690 1608 868 1663 crucis
896 1607 1155 1664 seandalo
1202 1609 1392 1679 ingens
1440 1609 1565 1664 ﬁdei
1603 1624 1693 1678 pe~

71 1703 322 1756 riculum
350 1702 636 1756 sentiebat.
691 1699 772 1756 lre
815 1701 990 1771 potius
1018 1702 1290 1770 apostolos
1323 1700 1398 1773 (b)
1446 1699 1512 1756 ad
1557 1715 1693 1756 oves

1798 1602 2050 1669 molesta,
2079 1609 2356 1672 peccatum
2390 1604 2441 1658 in
2469 1619 2561 1670 se,
2588 1605 2731 1677 quod
2759 1605 3084 1663 daemonium
3112 1619 3409 1680 nuncupat,

1801 1697 2002 1753 habens
2030 1696 2193 1768 (Ibid.
2223 1697 2352 1771 18):
2383 1699 2505 1771 quia
2537 1714 2630 1770 per
2651 1700 3012 1758 observanti-.e
3038 1703 3408 1760 diﬁicultatam

69 1794 254 1850 Israel
291 1793 526 1864 perditas
539 1794 806 1865 jusserat:
839 1797 986 1865 ipsos
1029 1795 1285 1849 constitui
1327 1795 1615 1867 oportebat
1641 1793 1694 1850 in
1725 1793 1772 1856 B
1802 1803 2026 1843 necesse
2071 1788 2172 1843 sibi
2220 1799 2364 1855 esset
2412 1790 2463 1844 in
2510 1789 2628 1862 lege
2674 1807 2934 1864 peccare:
2984 1810 3314 1865 rursumque
3352 1795 3408 1850 in

65 1901 281 1957 regno,
316 1896 369 1942 et
390 1887 445 1942 in
478 1886 710 1943 Abrahae
739 1895 794 1943 et
814 1887 962 1943 lsaac
991 1898 1044 1943 et
1079 1886 1246 1944 Jacoh
1270 1887 1468 1943 familia
1506 1887 1575 1961 (ε)
1613 1897 1691 1944 at-

65 1995 195 2050 que
233 1981 526 2051 agnatione
569 1981 808 2035 retineri.
845 1981 950 2037 Sed
989 1981 1164 2035 omnis
1213 1983 1330 2036 haec
1380 1980 1695 2052 praedicatio

69 2070 392 2141 profectum
426 2071 723 2142 publicanis
771 2081 826 2128 et
876 2073 1253 2142 peccatoribus
1283 2072 1563 2130 afferebat.
1616 2074 1692 2134 Ex

72 2165 171 2221 his
204 2166 355 2222 enim
378 2166 490 2236 jam
519 2166 838 2233 credentes,
873 2181 938 2221 ex
971 2166 1055 2221 his
1083 2166 1196 2237 jam
1226 2168 1486 2238 apostoli,
1518 2184 1582 2224 ex
1613 2168 1697 2223 his

79 2260 247 2331 (puta
289 2257 593 2330 Matthaeus)
655 2259 764 2328 jam
814 2274 1038 2329 regnum
1087 2260 1372 2316 caelorum.
1425 2259 1695 2316 Caeterum

78 2351 292 2407 Joanni
323 2367 350 2405 a
395 2351 551 2421 plebe
597 2365 700 2406 non
745 2353 1016 2419 creditur,
1072 2353 1446 2409 auctoritatem
1498 2351 1697 2408 Christi

78 2459 264 2516 opera
291 2459 396 2498 non
425 2453 704 2499 merentur
725 2487 739 2511 ,
774 2457 905 2500 crux
933 2443 1112 2500 futura
1140 2455 1256 2501 erat
1279 2447 1554 2501 seandalo.
1579 2443 1696 2502 Jam

81 2538 380 2609 prophetia
410 2545 621 2603 cessat,
649 2539 760 2608 jam
793 2537 879 2592 lex
910 2539 1188 2608 eXpletur,
1233 2539 1343 2609 jam
1387 2537 1700 2608 prmdicatio

81 2633 273 2687 omnis
300 2631 630 2696 includitur,
652 2631 762 2702 jam
795 2631 929 2687 Elia:
959 2631 1181 2703 spiritus
1213 2632 1268 2687 in
1317 2632 1540 2688 Joannis
1569 2648 1700 2690 voce

83 2723 468 2795 praemittitur.
514 2722 652 2778 Aliis
681 2723 932 2780 Christus
971 2724 1328 2796 praedicatur,
1382 2736 1438 2780 et
1484 2726 1552 2779 ab
1581 2726 1703 2781 aliis

85 2817 440 2887 agnoscitur;
465 2816 588 2872 aliis
615 2818 876 2885 nascitur,
900 2826 955 2873 et
975 2819 1042 2873 ab
1069 2818 1189 2874 aliis
1209 2818 1466 2889 diligitur.
1501 2819 1582 2891 (ά)
1609 2818 1702 2874 Sui

93 2929 226 2969 eum
269 2921 558 2982 respuunt,
609 2911 767 2968 alieni
840 2913 1192 2984 suscipiunt:
1243 2911 1448 2982 proprii
1523 2913 1703 2968 insec-

100 3017 324 3074 tantur,
347 3007 783 3077 complectuntur
825 3005 1051 3062 inimici.
1077 3005 1454 3064 Htereditatem
1485 3005 1704 3076 adoptio

98 3103 338 3172 expetit,
373 3100 571 3155 familia
602 3100 800 3169 rejicit.
833 3099 1241 3156 Testamentum
1265 3099 1355 3153 lilii
1397 3098 1702 3168 repudiant,

1796 1879 2016 1938 Christo
2057 1882 2336 1955 Evangelii
2373 1881 2686 1955 prmdicatio
2713 1886 2836 1940 vita:
2865 1884 3116 1948 libertate
3147 1901 3258 1952 non
3289 1888 3407 1959 pla-,-

1797 1983 1952 2044 ceat,
2004 1993 2099 2048 per
2145 1993 2306 2048 quam
2352 1976 2702 2042 difﬁcultates
2744 1978 2879 2050 legis
2918 1987 2977 2034 et
3015 1995 3179 2037 onera
3225 1981 3407 2036 laxata

1797 2070 1935 2137 sint,
1966 2081 2018 2126 et
2041 2071 2151 2141 jam
2180 2069 2449 2144 publicani
2479 2082 2904 2144 peccatoresque
2941 2073 3264 2132 crediderint
3299 2074 3406 2148 (Ib.

1800 2160 1927 2233 l9):
1960 2169 2120 2234 atque
2153 2163 2224 2217 ita
2258 2172 2334 2218 tot
2366 2175 2421 2220 et
2453 2155 2615 2220 tantis
2645 2161 3076 2239 admonitionqu
3117 2166 3410 2238 generibus

1802 2257 1996 2309 frustra
2042 2253 2274 2322 habitis,
2317 2271 2416 2311 nec
2452 2272 2548 2328 per
2585 2258 2813 2329 gratiam
2855 2251 3244 2330 justiﬁcentur,
3283 2269 3338 2318 et
3378 2276 3409 2316 a

1803 2349 1921 2421 lege
1944 2350 2052 2404 sint
2075 2349 2327 2404 abdicati.
2389 2393 2393 2398 .

1872 2442 1924 2498 9.
1967 2441 2115 2496 Juste
2135 2439 2391 2513 reprobati
2409 2451 2547 2498 sunt.
2580 2437 2813 2500 Christus
2841 2443 3109 2516 Sapientia
3139 2448 3273 2520 ipsa,
3310 2464 3411 2506 non

1801 2536 1967 2592 solum
1995 2534 2277 2607 Sapientia:
2304 2553 2456 2608 Opus.
2475 2533 2633 2592 -—Et
2652 2539 2947 2612 justiﬁcata
2975 2551 3047 2596 est
3075 2541 3348 2614 Sapientia
3377 2562 3409 2599 a

1804 2627 1930 2700 ﬁliis
1959 2629 2107 2682 suis:
2145 2627 2212 2683 ab
2253 2627 2337 2684 his
2379 2629 2620 2694 scilicet.
2663 2633 2754 2702 qui
2796 2633 2902 2688 vim
2946 2634 3206 2700 facientes
3245 2652 3412 2707 regno

1803 2721 2104 2788 caelorum,
2151 2721 2323 2793 ipsum
2369 2722 2497 2778 illud
2535 2723 2659 2779 ﬁdei
2695 2725 3087 2796 justiﬁcatione
3114 2729 3408 2802 diripiunt:

1805 2813 2124 2869 conﬁtentes
2150 2814 2354 2885 justum
2387 2815 2681 2888 Sapientia:
2709 2833 2845 2889 Opus
2876 2833 3033 2887 esse,
3065 2822 3189 2892 quia
3218 2838 3413 2878 munus

1805 2923 1963 2961 suum
1993 2907 2059 2962 ad
2091 2906 2280 2964 ﬁdeles
2307 2921 2360 2964 et
2389 2908 2754 2981 obsequentes
2782 2927 2809 2965 a
2840 2913 3256 2976 contumacibus
3285 2917 3410 2978 inii:

1806 2998 2128 3069 delibusque
2169 3000 2526 3056 transtulerit.
2562 3002 2653 3058 Est
2685 3011 2864 3058 autem
2907 3021 3013 3064 non
3044 3007 3278 3072 otiosum
3310 3007 3414 3063 hoc

1807 3090 1859 3145 in
1894 3091 2015 3148 loco
2048 3093 2298 3147 virtutem
2331 3091 2458 3150 dieti
2490 3093 2760 3149 contueri.
2793 3093 2861 3148 Et
2882 3098 3173 3170 justiﬁcata
3203 3109 3278 3156 est
3307 3100 3413 3158 Sa-

101 3194 256 3249 servi
305 3200 716 3262 recognoscunt.
773 3190 958 3261 Itaque
1013 3190 1118 3244 vim
1167 3205 1392 3260 regnum
1439 3189 1702 3244 caelorum
1731 3187 1776 3250 C
1811 3187 2002 3256 pientia
2034 3186 2101 3241 de
2132 3201 2189 3241 se
2221 3187 2404 3258 utique
2447 3187 2658 3243 locutus
2685 3198 2788 3243 est.
2833 3189 2932 3246 Est
2969 3193 3113 3250 enim
3158 3195 3270 3263 ipse
3311 3193 3413 3250 Sa-

103 3285 346 3355 patitur,
389 3283 787 3352 inferentesque
815 3282 1078 3353 diripiunt
1113 3300 1124 3334 :
1168 3282 1291 3352 quia
1333 3281 1502 3350 gloria
1545 3280 1707 3337 Israel

100 3379 184 3452 (e)
226 3393 252 3432 a
300 3379 543 3449 patribus
585 3377 789 3441 debita,
820 3393 848 3429 a
881 3375 1160 3447 prephetis
1189 3374 1352 3448 724
1375 3377 1640 3442 nuntiata,
1683 3392 1711 3430 a

98 3472 325 3528 Christo
357 3471 534 3526 oblata
556 3514 569 3534 ,
601 3470 704 3526 ﬁde
727 3471 965 3542 gentium
1003 3482 1298 3542 occupatur
1330 3481 1380 3525 et
1411 3471 1634 3540 rapitur.

176 3565 229 3620 8.
271 3563 447 3619 Judaei
484 3579 516 3619 a
556 3563 690 3635 Lege
717 3573 766 3618 et
795 3563 1080 3634 Evangelia
1121 3563 1342 3617 abdicati
1383 3564 1706 3618 exciderunt.

98 3688 180 3700 -—-
207 3656 303 3712 Cui
342 3667 512 3711 autem
550 3657 770 3711 similem
805 3655 1068 3712 aestimabo
1105 3656 1479 3728 generationem
1509 3655 1709 3710 istam?

102 3749 312 3806 Similis
341 3760 415 3805 est
443 3752 614 3818 pueris
641 3748 930 3804 sedentibus
958 3750 1009 3803 in
1041 3753 1177 3817 foro,
1205 3757 1251 3803 et
1276 3749 1614 3803 clamantibus
1640 3747 1708 3802 ad

101 3843 352 3910 inuicem,
383 3850 439 3897 et
467 3842 672 3914 reliqua
706 3840 880 3913 (Ibid.
912 3841 1036 3914 16).
1080 3841 1247 3897 Totus
1277 3841 1363 3896 hic
1403 3857 1582 3896 sermo
1622 3842 1704 3896 iu-

106 3935 383 3991 ﬁdelitatis
409 3935 760 4006 opprobrium
787 3943 892 3999 est,
941 3943 997 3989 et
1047 3933 1116 3988 de
1167 3933 1358 3988 affectu
1410 3935 1706 4003 superioris

106 4030 465 4101 querimonia:
493 4027 807 4093 descendit;
841 4027 968 4098 quia
1005 4027 1245 4081 insolens
1287 4026 1438 4097 plebs
1480 4041 1576 4096 per
1618 4028 1704 4080 di-

108 4139 265 4180 versa
307 4123 746 4195 praedicationum
789 4136 990 4194 genera
1035 4121 1224 4178 edocta
1266 4135 1370 4176 non
1412 4119 1609 4176 fuerit:
1653 4121 1705 4176 in

186 4309 261 4384 (α)
292 4308 430 4384 Ιξίιίιί
458 4323 578 4384 cum
607 4303 948 4384 paucioribus
972 4317 1099 4384 mss:
1134 4301 1374 4357 surrexit.
1419 4300 1554 4384 Tum
1585 4301 1699 4356 sola

111 4376 278 4439 editio
307 4381 430 4435 Par.
472 4381 571 4434 nisi
601 4376 740 4450 quod
772 4378 942 4450 minor
966 4376 1055 4442 qui
1080 4376 1426 4450 interrogatur
1445 4381 1545 4450 :_et
1567 4390 1699 4450 mox

113 4471 236 4510 cum
263 4454 433 4508 tribus
463 4467 594 4523 mss.
614 4445 793 4523 major
842 4448 976 4514 erit,
1009 4463 1115 4502 non
1144 4449 1426 4523 ntajor__est.
1449 4445 1700 4523 Christus

113 4537 293 4588 autem
318 4565 331 4590 ,
365 4534 422 4579 ut
450 4521 680 4594 esplicat
703 4516 1139 4594 'Chrysostnmns
1187 4517 1369 4594 homil.
1407 4516 1701 4582 x1,intel|i-

116 4599 260 4670 gitur
289 4589 453 4670 utinm"
472 4589 619 4670 celate
639 4636 651 4660 ,
680 4589 846 4670 minor
877 4591 1150 4670 multorum
1178 4589 1436 4670 opinione;

193 4669 266 4741 (b)
293 4667 577 4741 Deccensis
599 4658 698 4720 ms.
725 4664 792 4741 ad
812 4679 928 4716 oues
951 4662 1175 4741 perditas
1197 4658 1378 4712 domus
1402 4658 1572 4740 lsrael
1587 4659 1704 4728 jus-

119 4732 270 4796 serai.
308 4739 440 4793 Tum
487 4754 607 4792 cum
656 4740 891 4806 quinque
918 4733 1069 4797 aliis,
1103 4734 1241 4804 ipsos
1282 4732 1555 4806 continuo,
1609 4747 1707 4800 pro

122 4817 258 4887 ipsos
288 4812 576 4887 constitui_:
591 4803 698 4887 qua
731 4803 936 4887 ratione
969 4803 1262 4887 pro_n0tuen
1293 4806 1447 4887 ipsos
1487 4803 1552 4857 ad
1581 4817 1711 4872 apo-

124 4877 324 4941 stolos.
352 4898 456 4936 non
489 4881 554 4935 ad
584 4879 822 4944 Jlltltutts,
857 4877 1031 4930 minus
1061 4877 1197 4930 hene
1228 4879 1477 4930 relertur.

199 4957 268 5027 (ι’)
301 4955 461 5027 Batl.,_
490 4951 581 5027 Er.
615 4943 839 5027 et._Lips.
869 4947 1183 5027 uenatione.
1219 4947 1527 5027 l’ar._atque‘
1564 4943 1710 5017 agni-

127 5016 298 5083 tiohé:
322 5016 465 5099 quod
494 5021 656 5099 etiam
686 5016 883 5099 habent
910 5034 1039 5074 mss.
1084 5018 1185 5072 nisi
1217 5017 1439 5099 quodin
1489 5016 1710 5099 Cat-nul.

129 5087 373 5154 secundis
401 5096 546 5151 curis
576 5093 882 5149 restitutum
913 5099 995 5145 est
1035 5099 1187 5160 atque
1206 5089 1496 5158 agitatione.
1525 5087 1714 5160 11140οτ

130 5171 249 5226 dem
280 5168 474 5224 mendo
505 5166 766 5237 superiori
798 5178 918 5236 cap.
953 5161 1022 5216 l0
1044 5203 1059 5230 ,
1091 5158 1145 5215 ἡ.
1179 5160 1272 5226 22,
1306 5158 1718 5214 consentiebant

132 5257 280 5386 ms(sd)
305 5309 628 5386 Mssrl’lom.
656 5349 672 5378 ,
708 5305 862 5362 Colb.
888 5313 942 5360 ct
963 5301 1122 5372 Corn.
1173 5319 1270 5356 sua
1297 5317 1408 5356 eum
1429 5307 1676 5371 respuunt
1699 5341 1715 5367 ,

135 5383 295 5440 aliena
320 5383 623 5452 suscipiunt.

206 5456 273 5531 (ε)
299 5443 740 5525 [η-ωμᾶιείιὶοηθιη
776 5466 807 5512 α
832 5490 844 5512 ,
881 5461 1037 5531 quam
1066 5443 1279 5531 I_.‘ipsius
1312 5455 1591 5531 perperam
1620 5456 1718 5497 ex-

139 5512 390 5600 puitx'erat
413 5512 768 5600 grevoeamus
798 5534 860 5600 ex
894 5515 1050 5582 Bad.,
1077 5512 1163 5571 es.
1190 5512 1388 5600 getmss
1413 5512 1721 5600 Dorrovo-

141 5585 375 5656 cabitlutn
408 5585 578 5649 Israel
608 5592 660 5666 in
685 5589 841 5643 dandi
878 5603 1002 5640 casu
1037 5595 1383 5666 enuntiatur:
1417 5585 1660 5666 adeoque
1688 5601 1720 5637 a

143 5664 661 5742 patribustperinde
691 5671 772 5715 est
818 5674 879 5713 ac
908 5661 1123 5742 nomine
1169 5658 1723 5742 etjurehprqtn'i‘ssio-

145 5724 520 5808 humpatribus
549 5733 838 5808 factarum,
879 5729 1171 5786 secundum
1211 5724 1340 5788 illud
1376 5725 1526 5786 Pauli
1559 5724 1719 5784 Rom.

147 5831 195 5875 si
211 5855 224 5880 ,
247 5805 336 5876 28,
361 5805 670 5871 citatissimi,
694 5811 899 5874 propter
919 5808 1106 5874 patres.

1811 3277 2012 3348 picntia
2033 3319 2046 3343 ,
2079 3293 2184 3333 non
2216 3293 2282 3332 ex
2314 3278 2653 3345 efficientiis,
2685 3279 2780 3335 sed
2813 3298 2879 3336 ex
2910 3292 3129 3348 natura:
3160 3285 3237 3340 rei
3269 3285 3415 3348 enim

1811 3371 1986 3427 omnis
2029 3370 2193 3426 habet
2230 3379 2574 3443 potestatem.
2620 3372 2886 3434 Caeterum
2935 3377 3210 3448 negotium
3255 3393 3416 3440 omne

1811 3462 2096 3535 potestatis
2127 3461 2353 3518 elfectns
2379 3473 2496 3518 est:
2528 3475 2582 3519 et
2611 3480 2715 3518 non
2748 3463 2889 3520 idem
2922 3477 3005 3522 est
3035 3483 3170 3537 opus
3203 3470 3417 3534 virtutis

1812 3565 1868 3613 et
1897 3557 2102 3624 virtus,
2132 3566 2186 3612 ct
2218 3555 2461 3612 efliciens
2503 3555 2832 3615 discernitur
2867 3561 2934 3616 ab
2974 3560 3189 3628 etiecto.
3225 3562 3416 3627 Plures

1813 3651 1884 3727 (j)
1912 3652 2055 3707 enim
2083 3652 2303 3707 eludere
2345 3649 2545 3706 dictum
2576 3652 2966 3723 apostolicum,
2996 3669 3102 3724 quo
3129 3654 3204 3710 ait
3230 3654 3418 3716 Chris-
3453 3652 3467 3665 °

1815 3757 1925 3800 tum
1957 3747 2052 3802 Dei
2085 3747 2402 3818 sapientiam
2431 3757 2484 3802 et
2514 3747 2606 3803 Dei
2637 3747 2888 3817 virtutem
2945 3748 2999 3821 (Ι
3046 3747 3165 3804 Cor.
3209 3765 3249 3816 ι,
3289 3748 3411 3822 24),

1815 3842 1896 3897 his
1925 3842 2097 3896 modis
2126 3843 2338 3898 solent:
2368 3841 2509 3912 quod
2535 3841 2585 3896 in
2615 3857 2680 3897 eo
2707 3857 2774 3897 ex
2801 3843 3008 3913 virgine
3035 3843 3272 3910 creando
3297 3842 3415 3910 efﬁ-

1814 3949 1908 3988 cax
1945 3933 2039 3988 Dei
2069 3935 2327 4004 sapientia
2359 3941 2414 3988 et
2443 3935 2612 3988 virtus
2639 3934 2934 3998 exstiterit,
2964 3943 3019 3988 et
3048 3935 3101 3990 in
3136 3935 3416 4000 nativitate

1813 4027 1932 4096 ejus
1957 4025 2150 4080 divinae
2180 4025 2475 4097 prudentiae
2500 4033 2553 4080 et
2581 4026 2864 4095 potestatis
2893 4039 3028 4094 opus
3055 4024 3414 4094 intelligatur;

1815 4121 1990 4192 sitque
2017 4121 2069 4174 in
2098 4135 2165 4176 eo
2186 4118 2473 4176 efﬁcientia
2505 4121 2684 4196 potius
2702 4160 2717 4186 ,
2742 4135 2900 4191 quam
2923 4117 3083 4192 725
3106 4127 3298 4182 natura
3324 4134 3415 4178 sa-

1883 4300 1948 4375 (f)
1977 4301 2110 4358 Tres
2138 4299 2325 4373 probae
2353 4309 2494 4356 uotze
2523 4314 2653 4357 mss.
2683 4300 2886 4355 modus.

1880 4394 1957 4469 (g)
1989 4396 2085 4451 Hic
2111 4404 2165 4451 et
2191 4393 2325 4450 infra
2354 4391 2707 4464 supplendum
2728 4437 2741 4461 ,
2765 4404 3050 4466 coarguunt
3073 4393 3229 4465 quod.

1881 4489 1958 4557 (It)
2005 4489 2128 4543 Par.
2182 4496 2231 4542 et
2276 4486 2584 4541 ablutionem
2635 4493 2891 4554 veterum,
2945 4495 3049 4541 etc.
3109 4484 3256 4541 Unus
3310 4501 3412 4541 ms.

1810 4560 1964 4616 Colb.
2015 4576 2134 4614 cum
2177 4559 2340 4614 Carn.
2377 4567 2424 4611 et
2472 4574 2502 4609 a
2542 4558 2720 4613 dolore
2769 4558 2972 4611 ablutos
3012 4567 3268 4624 veterum,
3302 4569 3409 4613 etc.

1733 4630 1780 4689 D
1810 4634 2146 4688 llevocamus
2195 4631 2481 4686 lectionem
2533 4629 2665 4684 Bad.
2690 4671 2706 4694 ,
2748 4630 2841 4684 Er.
2888 4642 2941 4685 et
2981 4630 3126 4700 Lips.
3171 4646 3293 4700 qua:
3334 4636 3418 4684 est

1815 4707 2197 4775 plerarumque
2236 4716 2368 4756 mss.

1888 4808 1951 4879 (ἱ)
2001 4807 2060 4862 1η
2105 4807 2311 4871 aliquot
2366 4821 2498 4862 mss.
2552 4807 2754 4874 potibus
2802 4809 3028 4876 cibisque
3074 4809 3410 4877 prwscriptis.

1817 4880 1938 4935 Mox
1989 4879 2298 4950 mallemus,
2352 4879 2663 4934 daemonium
2708 4891 3024 4950 nuncupant.
3084 4879 3244 4932 l‘aulo
3296 4889 3417 4948 post

1818 4951 1984 5016 cdtti,
2027 4951 2081 5004 in
2123 4949 2284 5022 legent
2319 4967 2565 5022 peccare:
2601 4949 3000 5022 refragantibus
3039 4965 3170 5006 mss.
3218 4950 3312 5004 llis
3350 4951 3419 5005 il-

1820 5023 2082 5077 lustratur
2133 5021 2264 5076 illud
2312 5021 2327 5074 ;⁷
2384 5022 2532 5077 Venit
2581 5021 2810 5077 Joannes
2856 5037 3015 5092 neque
3055 5023 3416 5092 ntanducans,

1821 5111 1979 5164 neque
2026 5094 2230 5161 bibens,
2287 5103 2333 5148 et
2378 5095 2584 5160 dicunt,
2622 5091 2948 5149 Dtvnwniuin
2996 5091 3179 5145 habet:
3223 5092 3367 5162 quod
3396 5129 3414 5161 ,

1819 5165 2040 5220 Joannis
2069 5167 2284 5219 nomine
2307 5208 2321 5232 ,
2353 5166 2417 5221 de
2449 5167 2564 5237 lege
2593 5165 2795 5220 dictum
2831 5164 3161 5234 intelligitur.

1895 5281 1981 5354 (ᾗ
2010 5279 2142 5354 Eam
2179 5280 2347 5350 ipsam
2383 5281 2703 5354 sententiam
2744 5277 3302 5354 PauloﬁSarnosateno
3337 5286 3421 5334 at-

1822 5347 2009 5408 tribuit
2037 5347 2312 5418 Leontius,
2344 5353 2438 5409 lib.
2468 5353 2534 5406 de
2563 5352 2757 5415 Sectis,
2789 5359 2892 5403 act.
2924 5347 2958 5402 5
2978 5367 2989 5402 :
3009 5347 3207 5403 Paulus
3230 5347 3422 5404 Sama-

1823 5435 2060 5484 satenus,
2108 5423 2307 5493 inquit,
2337 5426 2688 5477 subsistentem
2715 5436 2802 5488 per
2837 5419 3021 5493 seDei
3055 5433 3336 5474 sermonem
3366 5419 3422 5486 in

1827 5495 2031 5549 Christo
2069 5490 2226 5564 fuisse
2260 5510 2359 5547 non
2397 5494 2622 5552 dicebat;
2660 5492 2747 5542 sed
2784 5490 2974 5564 volebat
3007 5505 3301 5564 sermonem.
3316 5506 3425 5548 esse

1820 5571 2024 5640 jnssum
2043 5557 2325 5631 quemdam
2350 5583 2411 5618 ac
2437 5563 2734 5640 "laudatum
2755 5602 2769 5628 ,
2791 5559 2896 5640 .Itoc
2921 5570 3025 5640 est,
3057 5560 3222 5613 Jussit
3248 5557 3423 5640 ‘Deus,

1833 5628 1886 5692 ut
1913 5640 2021 5708 ipse
2049 5628 2368 5706 loquebatur,
2402 5635 2514 5704 ﬁeri
2545 5649 2639 5708 per
2661 5628 2919 5708 hominem
2950 5633 3094 5686 illum
3121 5630 3258 5700 quod
3288 5628 3425 5698 uale;

1831 5710 1914 5764 bat
1933 5701 1953 5776 ’,
1986 5701 2215 5778 illeneque
2245 5725 2333 5778 per
2363 5701 2509 5772 illum
2536 5701 2773 5774 faciebat.
