4046 6340
411 258 518 318 985

1598 247 1844 307 SANCTI
1879 243 2136 307 HILABII
2159 247 2469 307 EPISCOPI

3614 249 3718 307 984

409 364 654 441 pientiae.
684 363 924 434 Quorum
949 376 1020 418 ne
1044 361 1173 434 quid
1199 360 1307 419 tale
1333 360 1561 434 intelligi
1587 369 1805 433 posset,
1835 361 2011 432 ipsum
2039 362 2090 424 Α
2115 364 2395 437 utriusque
2423 366 2480 422 in
2508 374 2694 422 mutua
2718 364 3026 438 cognitione
3067 379 3188 424 esse
3227 365 3588 423 substantiam
3617 365 3717 423 do-

411 474 477 520 se
505 459 836 532 Sapientiam
863 458 1226 528 nuncupavit;
1253 472 1373 513 eam
1399 457 1453 512 in
1483 471 1575 523 se,
1605 472 1711 512 non
1743 471 1866 528 qua;
1895 455 2015 528 ejus
2120 463 2242 524 cet,
2295 457 2459 531 726
2502 473 2627 515 cum
2677 457 2768 530 qui
2816 458 3011 514 Filium
3063 466 3454 526 cognosceret,
3502 457 3719 515 Patrem

413 565 545 616 sunt
566 555 881 613 ostendens.
907 553 1003 608 Est
1024 553 1167 609 enim
1188 551 1481 624 Sapientiae
1507 566 1664 623 opus,
1689 550 1848 619 ﬁdes,
1870 565 2017 623 spes,

415 649 683 716 Charitas,
716 648 797 718 (a)
827 644 1106 717 pudicitia,
1131 644 1428 716 jejunium,
1456 644 1819 711 continentia,
1845 643 2022 699 humi-

416 743 580 812 litas,
610 739 949 797 humanitas:
982 738 1078 796 sed
1108 740 1224 795 haec
1256 748 1460 794 natura:
1501 753 1666 810 opera
1704 747 1869 805 sunt,
1911 752 2019 793 non

417 835 539 906 ipsa
579 840 808 900 natura;
847 840 904 888 et
942 847 1048 887 non
1090 831 1146 886 in
1186 831 1270 886 bis
1309 846 1429 901 quae
1459 830 1622 897 tium,
1654 828 1901 886 consistit
1935 843 2023 885 res

419 929 537 1000 ipsa
585 943 705 1000 quae
745 926 926 983 iaciat.
973 926 1050 997 (b)
1093 923 1202 982 Cur
1231 925 1522 997 Apostolus
1551 924 1644 979 Dei
1675 924 1928 978 virtutem
1969 931 2026 978 et

417 1021 522 1078 Dei
565 1020 885 1090 sapientiam
931 1019 1161 1084 dixerit,
1208 1018 1334 1090 quia
1377 1032 1444 1073 ex
1487 1032 1548 1071 ea
1591 1014 1862 1087 Sapientia
1903 1028 2025 1087 quas

417 1125 568 1182 erat,
601 1124 783 1172 creata
813 1113 1080 1184 sapientia
1106 1113 1226 1169 est?

495 1207 585 1263 10.
615 1205 924 1262 ,Ιιιάωονιιηι
953 1206 1287 1260 incredulitas
1313 1220 1465 1276 quam
1481 1220 1664 1258 rea.-—
1698 1201 1784 1256 Va:
1813 1201 1903 1256 tibi
1928 1200 2026 1255 Coc

417 1302 602 1357 rozain
643 1308 692 1356 et
731 1299 1049 1364 Bethsaida;
1087 1299 1209 1366 quia
1243 1299 1288 1352 si
1326 1298 1380 1351 in
1408 1296 1547 1368 Tyro
1575 1306 1621 1351 et
1651 1294 1848 1351 Sidone
1878 1294 2028 1365 facta:

419 1404 590 1451 essent
642 1394 852 1449 virtutes
906 1407 1022 1464 qum
1066 1397 1218 1464 factte
1255 1401 1373 1446 sunt
1409 1392 1464 1446 in
1503 1391 1642 1446 vobis
1666 1432 1682 1457 ,
1714 1399 1769 1446 et
1818 1389 2028 1460 reliqua

426 1485 647 1559 (Matth.
679 1502 746 1551 ιι,
777 1485 895 1557 21).
928 1485 1316 1542 Ιηοιιθᾱίθιιῑίω
1344 1483 1691 1540 maledictum
1747 1498 1870 1539 cum
1899 1482 2032 1538 obe-

309 1629 313 1634 .
421 1579 644 1637 dientia:
669 1579 1053 1637 benedictione
1077 1579 1404 1636 decernitur.
1437 1577 1634 1633 Primis
1661 1577 1806 1633 enim
1833 1576 2032 1634 Iudaeis

419 1673 664 1744 oportuit
704 1672 1025 1745 praedicari;
1063 1673 1158 1728 sed
1196 1671 1479 1744 privilegio
1518 1670 1919 1742 praedicationis
1950 1671 2033 1726 in-

2122 565 2336 622 quoque
2377 552 2696 623 cogniturus
2738 560 2884 608 esset
2927 555 2982 608 in
3026 551 3199 607 Filio:
3242 553 3368 624 quia
3398 553 3583 608 omnia
3613 553 3723 609 eia

2122 645 2286 702 Patre
2332 645 2438 702 sint
2486 645 2703 701 tradita.
2760 645 2977 702 Tradita
3025 656 3204 702 autem
3250 662 3357 702 non
3408 646 3514 702 alia
3563 657 3722 714 sunt,

2125 753 2286 810 quam
2327 753 2450 810 qua:
2489 739 2542 794 in
2588 738 2728 794 Filio
2768 737 2870 794 soli
2915 747 3041 794 nota
3075 747 3199 794 sunt
3227 738 3395 794 Patri.
3428 738 3562 795 Nota
3591 755 3726 796 vero

2125 831 2266 888 Filio
2314 829 2386 903 (e)
2432 831 2533 887 soli
2565 846 2722 900 esse,
2768 847 2890 903 quae
2929 831 3106 886 Patris
3147 841 3292 887 sunt.
3337 833 3515 903 Atque
3554 831 3628 907 ita
3671 833 3726 887 in

2127 923 2233 980 hoc
2261 931 2461 979 mutum
2483 923 2808 996 cognitionis
2835 931 3051 980 secreto
3075 923 3413 995 intelligitur,
3445 938 3554 980 non
3583 923 3732 979 aliud

2128 1017 2182 1074 in
2214 1017 2384 1087 Filio,
2419 1032 2580 1088 quam
2609 1016 2756 1090 quod
2786 1018 2838 1073 in
2876 1017 3036 1074 Patre
3076 1017 3374 1090 ignorabile
3412 1021 3519 1088 sit,
3562 1018 3734 1075 exsti-

2130 1112 2284 1168 tisse.

2203 1209 2290 1264 1'5.
2322 1207 2518 1282 Iugum
2545 1203 2738 1264 Christi
2763 1209 2899 1265 unde
2925 1225 3102 1264 suave.
3127 1207 3370 1281 —Legis
3399 1207 3600 1265 deinde
3626 1208 3738 1264 dif-

2131 1300 2461 1356 ticultatibus
2506 1301 2850 1368 laborantes,
2896 1311 2951 1358 ct
2994 1301 3228 1372 peccatis
3266 1301 3448 1357 saeculi
3479 1311 3740 1358 oneratos

2133 1392 2200 1448 ad
2229 1407 2289 1449 se
2312 1393 2540 1449 advocat
2571 1393 2736 1467 (Ibid.
2760 1393 2888 1466 28):
2916 1393 3371 1466 dempturumque
3399 1408 3460 1450 se
3490 1393 3740 1450 laborem

2132 1499 2379 1558 onusque
2403 1486 2699 1558 promittit,
2727 1486 2774 1541 si
2801 1485 2963 1542 modo
2987 1486 3107 1558 ejus
3126 1485 3313 1558 jugum
3340 1486 3566 1554 tollant,
3589 1501 3746 1542 man—

2133 1577 2383 1634 datorum
2414 1577 2622 1634 scilicet
2651 1591 2870 1634 suorum
2912 1587 3182 1650 prmcepta
3224 1578 3550 1650 suscipiant,
3591 1593 3748 1634 eunt-

2136 1687 2241 1742 que
2275 1683 2620 1729 sacramento
2659 1673 2837 1728 crucis
2874 1672 3110 1732 adeant:
3152 1657 3275 1743 (ιυῆ
3313 1673 3479 1729 corde
3521 1672 3746 1730 humilis

423 1765 706 1822 ﬁdelitatis
735 1765 1048 1822 cumulatur
1078 1764 1279 1824 invidia
1300 1807 1317 1830 ,
1350 1780 1471 1821 cum
1504 1763 1845 1820 credentium
1875 1778 2034 1834 argu-
2063 1764 2111 1824 B
2138 1773 2195 1820 ct
2223 1764 2369 1820 mitis
2403 1765 2506 1830 sit,
2551 1773 2608 1820 et
2646 1764 2700 1820 in
2742 1763 2824 1820 bis
2863 1764 3144 1820 animabus
3171 1764 3282 1821 suis
3314 1765 3553 1836 requiem
3583 1766 3735 1822 inve-

429 1866 594 1912 antur
629 1856 914 1928 exemplo,
956 1856 1154 1926 quibus
1191 1855 1338 1910 nulla
1376 1854 1639 1910 factorum
1678 1854 2038 1910 admiratione

425 1951 744 2022 proposita,
785 1949 934 2006 salus
971 1949 1151 2004 omnis
1189 1963 1255 2004 ex
1297 1947 1418 2004 [ide
1441 1947 1533 2004 sit.
1565 1947 1852 2002 Dominum
1892 1947 2037 2002 enim

430 2046 487 2102 in
520 2043 809 2100 Bethsaida
838 2051 894 2099 et
922 2040 1297 2114 Capharnaum
1331 2042 1464 2097 muti
1504 2040 1757 2108 laudant,
1789 2039 1921 2094 caeci
1959 2038 2038 2094 vi-

427 2138 590 2208 dent,
632 2139 783 2195 surdi
823 2137 1081 2202 audiunt,
1111 2135 1289 2192 claudi
1329 2135 1796 2202 circumcurrunt,
1827 2133 2036 2189 mortui

429 2230 706 2297 sentiunt;
738 2240 793 2285 et
823 2228 902 2304 (ο)
933 2228 1139 2284 nullum
1181 2227 1311 2284 ﬁdei
1340 2227 1619 2284 voluntate
1649 2242 1828 2284 rerum
1860 2235 2036 2282 tanta-

429 2339 554 2380 rum
584 2310 873 2378 admiratio
901 2321 1315 2388 commovebat,
1343 2335 1466 2376 cum
1493 2319 1608 2376 sola
1635 2328 1911 2390 gestorum
1939 2333 2037 2372 au-

435 2417 572 2473 ditio
609 2431 806 2474 vocare
845 2414 925 2490 (ά)
960 2416 1027 2471 ad
1067 2424 1291 2482 metum,
1334 2424 1498 2486 atque
1536 2412 1603 2469 ad
1644 2413 1805 2468 tidem
1846 2426 2040 2483 rapere

430 2509 726 2567 debuisset.
762 2509 867 2567 Sed
899 2524 1008 2564 non
1039 2508 1215 2564 solum
1244 2507 1374 2578 Tyri
1403 2515 1460 2564 et
1496 2505 1747 2573 Sidonis,
1789 2504 1886 2561 sed
1924 2505 2038 2576 ipsa

431 2603 794 2662 Sodomorum
842 2611 899 2660 et
948 2601 1429 2660 Gomorrhaeorum
1480 2598 1680 2655 facient
1726 2599 1863 2655 levia
1915 2611 2042 2669 pec-

431 2707 598 2755 cata:
649 2699 773 2771 quia
821 2696 966 2754 forte
1005 2697 1113 2753 illis
1158 2695 1422 2774 credendi
1461 2695 1650 2751 fuisset
1687 2691 1914 2750 atl‘ectus
1938 2733 1954 2761 ,
1995 2692 2041 2748 si

434 2791 624 2847 talium
662 2792 923 2846 virtutum
966 2789 1361 2861 contemplatio
1397 2788 1736 2859 contigisset.

505 2886 596 2941 Η.
626 2885 820 2942 Christi
851 2886 914 2939 de
943 2885 1046 2955 ﬁde
1073 2885 1302 2957 gentium
1331 2884 1598 2954 gaudium.
1616 2881 1773 2937 —In
1799 2883 1890 2938 illo
1917 2891 2042 2938 tent-

433 2993 559 3051 pore
596 2980 910 3048 respondens
948 2975 1104 3032 Iesus
1143 2978 1310 3042 dixit,
1352 2974 1611 3047 Conﬁteor
1651 2978 1778 3045 tibi,
1827 2976 2042 3032 Domine

437 3082 584 3143 pater
614 3072 728 3127 creti
758 3081 805 3126 et
836 3081 1021 3139 terrw,
1061 3072 1185 3143 quia
1225 3070 1540 3126 abscondisti
1581 3072 1688 3127 haec
1727 3089 1758 3126 a
1797 3073 2043 3142 sapienti-

435 3163 528 3218 bus
546 3205 563 3233 ,
588 3174 636 3219 et
659 3163 898 3218 reuelasti
925 3179 985 3217 ea
1013 3163 1263 3236 parvulis,
1296 3171 1350 3218 et
1379 3163 1586 3235 reliqua
1617 3162 1781 3237 (Ibid.
1807 3163 1923 3235 25).
1955 3163 2046 3220 Di-
2070 3160 2116 3225 C

431 3271 540 3330 gne
560 3256 929 3328 superioribus
951 3255 1108 3312 dictis
1127 3255 1395 3312 confessio
1419 3257 1538 3313 talis
1558 3256 1886 3330 adjungitur.
1906 3256 2039 3314 Nam

438 3351 656 3406 tametsi
683 3350 938 3423 optabilis
964 3348 1129 3407 fuerit
1152 3351 1297 3406 salus
1322 3349 1485 3406 Israel
1504 3393 1520 3419 ,
1552 3360 1865 3408 tamennon
1893 3361 2044 3410 extra

438 3441 695 3513 gaudium
729 3442 940 3498 Domini
970 3449 1090 3497 erat
1120 3440 1405 3512 prmdicata
1436 3443 1566 3498 olim
1597 3441 1731 3498 ﬁdes
1770 3445 2035 3515 gentium.

435 3537 756 3594 leestium
785 3538 929 3593 enim
965 3537 1254 3592 verborum
1287 3552 1482 3592 arcana
1513 3548 1674 3609 atque
1705 3539 1932 3594 virtutes
1959 3554 2045 3593 sa-

396 3695 404 3702 .
436 3628 714 3698 pientibus
745 3627 1170 3693 absconduntur,
1203 3637 1258 3683 et
1283 3629 1527 3698 parvulis
1554 3632 1894 3686 revelantur:
1924 3647 2046 3702 par-

438 3722 580 3778 vulis
609 3721 810 3776 malitia
835 3763 850 3788 ,
885 3736 992 3776 non
1023 3736 1221 3788 sensu;
1252 3723 1590 3792 sapientibus
1630 3739 1763 3780 vero
1802 3727 2046 3782 stultitiae

439 3830 552 3872 suae
591 3815 1017 3886 praesumptione
1038 3855 1054 3881 ,
1086 3830 1192 3870 non
1227 3815 1526 3886 prudentia:
1554 3818 1753 3874 causis.
1784 3819 2043 3890 Factique

438 3908 603 3980 hujus
633 3907 942 3980 aequitatem
972 3909 1234 3964 Dominus
1260 3918 1498 3980 paternae
1526 3911 1820 3966 voluntatis
1841 3911 2047 3980 judicio

440 4002 728 4060 confirmat
759 4001 940 4074 (Ibid.
967 4001 1116 4075 26):
1149 4011 1208 4059 ut
1235 4007 1325 4075 qui
1355 4003 1718 4076 dedignantur
1749 4007 1960 4077 parvuli
1992 4008 2045 4064 in

441 4098 555 4156 Deo
586 4097 739 4165 ﬁeri,
770 4097 920 4154 stulti
950 4097 1207 4168 deinceps
1234 4097 1288 4152 in
1319 4099 1582 4170 sapientia
1613 4113 1708 4154 sua
1736 4101 1885 4156 tiam.

511 4192 603 4249 12.
637 4189 796 4247 Pater
823 4199 872 4246 et
901 4190 1073 4246 Filius
1100 4191 1254 4245 unius
1282 4191 1601 4246 substantiw.
1625 4221 1698 4232 —-
1719 4193 1796 4248 Ac
1824 4207 1892 4248 ne
1919 4192 2046 4264 quid

437 4288 496 4344 in
526 4286 620 4342 illo
648 4287 828 4342 minus
847 4329 863 4354 ,
889 4301 1051 4356 quam
1079 4285 1223 4358 quod
1251 4285 1305 4341 in
1337 4286 1446 4340 Deo
1473 4293 1592 4354 est,
1619 4287 2046 4356 existimaretur;

441 4381 626 4436 omnia
655 4381 757 4436 sibi
785 4395 815 4435 a
847 4379 1004 4435 Patre
1032 4380 1106 4435 ait
1137 4381 1328 4436 tradita
1359 4395 1480 4437 esse
1500 4421 1516 4446 ,
1551 4381 1762 4453 solique
1802 4398 1862 4440 se
1903 4383 2047 4440 Patri

442 4472 717 4544 cognitum
738 4514 755 4539 ,
789 4472 1112 4544 Patremque
1143 4473 1244 4530 soli
1285 4473 1386 4528 sibi
1427 4483 1612 4528 notum
1634 4516 1650 4538 ,
1682 4476 1766 4529 vel
1806 4476 1892 4530 cui
1933 4476 2050 4546 ipse

2142 1857 2291 1912 niant
2321 1855 2491 1929 (Ibid.
2517 1855 2612 1928 29)
2640 1873 2653 1910 :
2680 1855 2793 1927 jugi
2833 1857 3012 1912 suavis
3041 1867 3096 1912 et
3125 1857 3256 1912 levis
3299 1857 3482 1913 oneris
3523 1857 3729 1913 blandi-

2141 1957 2321 2004 menta
2348 1963 2685 2019 proponens,
2715 1957 2772 2003 ut
2791 1948 3137 2004 credentibus
3162 1948 3281 2020 ejus
3306 1949 3431 2005 boni
3459 1948 3738 2007 scientiam

2142 2051 2394 2115 przestet,
2421 2043 2564 2114 quod
2591 2043 2742 2099 solus
2768 2043 2884 2114 ipse
2910 2043 3062 2099 novit
3085 2043 3138 2098 in
3169 2043 3347 2099 Patre.
3373 2044 3444 2100 Et
3467 2043 3595 2115 quid
3619 2046 3752 2116 jugo

2142 2135 2314 2206 ipsius
2343 2136 2596 2202 suavius,
2627 2135 2755 2206 quid
2785 2149 2951 2192 onere
2978 2135 3182 2203 levius,
3214 2135 3552 2207 probabilem
3585 2137 3703 2193 ﬁeri
3730 2179 3748 2204 ,

2144 2227 2355 2284 scelere
2385 2227 2680 2295 abstinere,
2714 2229 2915 2284 bonum
2943 2227 3100 2296 velle,
3133 2228 3332 2284 malum
3362 2228 3534 2296 nolle,
3561 2245 3752 2287 amare

2141 2337 2354 2390 omnes,
2379 2322 2560 2378 odisse
2588 2322 2794 2378 nullum
2813 2363 2828 2388 ,
2856 2330 3058 2378 mterna
3079 2322 3365 2393 consequi,
3393 2323 3755 2392 przesentibus

2142 2431 2250 2472 non
2277 2415 2430 2487 capi,
2466 2414 2614 2472 nolle
2643 2414 2848 2472 inferre
2877 2413 3064 2483 alteri,
3094 2413 3238 2486 quod
3267 2413 3372 2487 ipsi
3401 2414 3506 2472 sibi
3539 2417 3753 2487 perpeti

2141 2509 2213 2566 sit
2248 2508 2558 2566 molestum.

2758 2623 2987 2682 CAPUT
3026 2622 3142 2680 XII.

2147 2743 2407 2814 Discipuli
2445 2743 2616 2814 spicas
2653 2740 2869 2796 vellunt.
2914 2737 3102 2794 Manus
3140 2737 3306 2793 aridae
3341 2739 3600 2794 hominem
3640 2740 3762 2795 sab-

2218 2839 2336 2894 bato
2375 2838 2574 2892 curavit
2604 2834 2775 2891 Iesus.
2810 2832 3016 2889 Caecum
3044 2841 3092 2888 et
3123 2832 3491 2887 dmntoniacunt
3530 2835 3754 2886 curauit.

2217 2933 2307 2988 De
2336 2933 2653 3006 blasphemia
2693 2929 2954 3000 Spiritus,
2996 2926 3060 2981 de
3099 2930 3270 2999 fructu
3299 2925 3500 2980 arboris
3531 2927 3682 2980 bona:
3707 2936 3757 2981 et

2217 3029 2368 3084 mala:
2387 3071 2402 3096 ,
2432 3029 2496 3082 de
2522 3027 2662 3082 omni
2699 3026 2850 3080 uerbo
2876 3025 3072 3089 otioso,
3103 3022 3166 3076 de
3195 3019 3446 3076 Ninivitis
3485 3018 3549 3074 et'
3571 3020 3756 3090 regina

2227 3121 2438 3187 Austri,
2489 3118 2553 3172 de
2600 3127 2791 3189 septem
2837 3114 3101 3188 spiritibus
3145 3124 3191 3170 et
3234 3125 3432 3180 octauo,
3480 3111 3547 3168 de
3593 3120 3760 3166 matre

2218 3213 2346 3270 Iesu
2375 3224 2422 3269 et
2451 3211 2722 3285 fratribus.

2220 3355 2272 3409 1.
2305 3350 2498 3408 Christi
2531 3359 2674 3422 gesta
2703 3349 2848 3405 aliud
2875 3349 3206 3422 portendunt.
3225 3346 3382 3404 —In
3404 3348 3498 3404 illo
3525 3359 3758 3419 tempore

2145 3449 2271 3504 abiit
2293 3446 2446 3504 Iesus
2468 3462 2558 3518 per
2577 3454 2766 3518 segetes
2787 3445 3042 3500 sabbatis:
3059 3443 3302 3517 discipuli
3321 3452 3490 3498 autem
3505 3445 3621 3516 ejus
3638 3458 3758 3496 esu-

2146 3543 2330 3597 rientes
2360 3548 2619 3612 eruperunt
2644 3537 2828 3593 vellere
2855 3537 3023 3607 spicas
3041 3578 3056 3604 ,
3087 3547 3134 3591 et
3159 3535 3475 3591 manducare
3517 3533 3755 3608 (Matth.

2146 3651 2252 3702 sn,
2284 3632 2361 3706 1).
2410 3634 2476 3688 Et
2505 3645 2756 3704 egressus
2795 3631 2848 3686 in
2876 3640 3116 3703 segetem
3139 3673 3153 3695 ,
3193 3640 3249 3685 ct
3276 3629 3394 3686 dies
3423 3627 3671 3694 sabbati,
3701 3637 3758 3684 et

2147 3727 2536 3800 discipulorum
2577 3726 2840 3792 esuritio,
2881 3734 2937 3782 et
2973 3725 3244 3796 spicarum
3287 3723 3646 3794 przecerptio,
3699 3731 3756 3777 et

2149 3823 2549 3878 Pharismorum
2578 3818 2945 3884 insimulatio,
2976 3827 3030 3873 et
3064 3817 3275 3872 Domini
3320 3815 3607 3887 responsio
3653 3814 3756 3870 ba-

2148 3916 2299 3982 bent,
2329 3913 3016 3982 ut"c:ctera,subjacentem
3047 3909 3323 3966 interioris
3349 3922 3528 3964 causa:
3555 3907 3760 3963 intelli-

2148 4008 2410 4082 gentiam.
2443 4006 2646 4064 Omnes
2671 4007 2853 4071 enim,
2899 4013 2955 4059 ut
2995 4003 3265 4070 diximus,
3307 4001 3572 4057 factorum
3612 4001 3762 4055 veri-

2152 4113 2323 4170 tates,
2355 4103 2408 4158 in
2440 4102 2572 4173 ipsis
2603 4101 2711 4156 illis
2747 4108 3025 4171 gestorum
3069 4095 3352 4153 ell'ectibus
3395 4095 3477 4150 sui
3520 4093 3758 4150 similem

2149 4205 2314 4267 atque
2345 4211 2410 4252 ex
2441 4209 2501 4248 se
2532 4191 2937 4264 intelligendam
2968 4191 3160 4246 [utnrze
3187 4188 3434 4245 veritatis
3463 4188 3756 4260 imaginem

2152 4294 2584 4360 consequuntur.

2223 4384 2278 4438 2.
2325 4380 2564 4438 Gentium
2601 4380 2732 4452 ﬁdes
2761 4389 2809 4434 et
2836 4377 3144 4434 Iudaeorum
3172 4374 3452 4447 inﬁdelitas
3494 4389 3759 4446 pneuma-

2151 4484 2405 4530 strantur.
2438 4503 2509 4514 —-
2539 4473 2617 4529 Ac
2666 4471 2932 4544 principio
2979 4468 3344 4526 contuendum
3372 4511 3387 4537 ,
3443 4482 3757 4524 sermonem

441 4563 690 4621 revelare
717 4562 981 4619 voluisset
1009 4562 1183 4636 (Ibid.
1212 4563 1358 4637 27):
1389 4564 1726 4620 revelaturus
1751 4566 1838 4632 ei,
1866 4581 1896 4620 a
1940 4581 2047 4638 quo
2072 4573 2124 4633 1)
2152 4566 2298 4623 hunc
2338 4567 2413 4623 ita
2441 4575 2678 4638 coeptum
2722 4579 2877 4622 esse:
2922 4563 2991 4619 In
3032 4563 3127 4619 illo
3167 4572 3393 4636 tempore
3434 4561 3560 4616 abiit
3602 4561 3761 4616 Iesus

443 4666 507 4716 ut
547 4656 790 4714 revelare
831 4657 961 4714 velit
1001 4669 1207 4716 oretur.
1253 4658 1368 4728 Qua
1413 4658 1748 4716 revelatione
1793 4661 2037 4717 eamdem

519 4845 596 4922 (α)
623 4847 982 4922 carnut._m_s.
1035 4861 1156 4922 cum
1207 4845 1364 4922 thp.
1415 4845 1717 4922 prudentia,
1762 4849 2041 4922 jejunium.

445 4917 626 4977 Verba
659 4919 811 4974 Pauli
841 4917 962 4974 Gal.
997 4933 1054 4982 v,
1084 4918 1156 4972 9.2
1180 4927 1237 4974 et
1263 4919 1334 4973 ΞΖ)
1355 4959 1370 4984 ,
1415 4917 1506 4972 ubi
1555 4917 1775 4972 fructus
1810 4917 2048 4989 Spiritus

442 5002 739 5057 recenset,
783 4991 996 5045 videtur
1037 4989 1125 5044 hic
1161 4990 1392 5044 Hilarius
1427 4991 1700 5060 respicere
1726 5032 1740 5054 ,
1775 5000 1938 5060 atque
1973 4992 2048 5044 ita

445 5063 736 5133 Sapientia:
762 5074 817 5117 et
844 5062 1078 5131 Spiritus
1104 5061 1358 5133 vocabula
1391 5063 1480 5115 uni
1505 5062 1791 5132 eidemque
1817 5061 1895 5116 rei
1921 5063 2051 5116 sub-

448 5131 634 5206 jlcere.
658 5135 992 5206 Quamquam
1021 5140 1076 5188 et
1103 5131 1207 5187 alia
1237 5141 1292 5188 et
1316 5145 1422 5186 non
1445 5135 1624 5188 omnia
1647 5143 1907 5188 memorat
1929 5148 2049 5205 quae

495 5207 669 5261 aulus.

521 5276 596 5350 (b)
629 5276 682 5331 In
710 5291 818 5332 uno
844 5275 1119 5350 ms.Colb.
1139 5290 1253 5350 non
1273 5284 1450 5350 exstat
1474 5275 1598 5332 ﬂuis
1626 5276 1787 5347 hujus
1814 5277 2044 5332 numeri.

445 5347 548 5406 Hic
581 5364 677 5420 pro
703 5365 816 5421 cur,
846 5349 1058 5421 Lipsius
1085 5347 1363 5421 substituit
1400 5364 1546 5421 cum,
1575 5351 1718 5418 quod
1738 5357 1802 5421 Aet
1828 5350 2051 5421 retinuit

439 5417 593 5477 ῬΜ-,⁷
627 5417 1162 5491 οιιιιὶιειιιίῦιιείτιΙιιει
1199 5417 1372 5491 libris.
1420 5417 1701 5474 Reticetur
1738 5417 1826 5474 hic
1866 5419 2052 5491 hujus-

448 5491 597 5548 modi
635 5492 964 5560 propositio:
1003 5490 1058 5546 Si
1088 5506 1194 5546 non
1226 5494 1279 5544 iu
1319 5489 1404 5545 his
1441 5505 1562 5559 qua:
1599 5491 1764 5554 liunt,
1805 5489 2053 5547 consistit

447 5577 540 5642 res
569 5563 684 5632 ipsa
711 5577 838 5642 qua:
868 5561 1176 5642 ΔΙὶιείειικΕιι
1215 5560 1822 5642 (ιιιδμειιιίόθιῐιὼοριίιιιθ
1859 5577 2052 5619 conse-

451 5630 635 5757 (ιῖιίιιὲι⁸
661 5631 816 5759 :Sur
856 5632 1148 5705 Apostolus
1183 5630 1261 5689 rei
1281 5631 1492 5690 effectae
1528 5630 1813 5689 el‘llcientis
1849 5649 2049 5692 nomen

453 5717 483 5755 a
514 5715 578 5756 ll‘l
622 5719 688 5758 ua

453 5706 713 5758 attribuat

527 5771 602 5841 (ο)
632 5774 808 5847 Editi,
840 5772 1008 5833 nulla.
1038 5774 1260 5835 Be‘ctius
1294 5774 1528 5851 quatuor
1563 5790 1698 5836 mss.
1735 5772 1956 5833 nullum.
1991 5772 2050 5835 ιιι

2148 4678 2238 4735 ρει·
2267 4671 2476 4733 segetes,
2506 4660 2559 4716 id
2588 4669 2708 4728 est,
2736 4659 2791 4716 in
2819 4673 2887 4716 eo
2916 4668 3163 4730 tempore
3185 4672 3292 4730 quo
3322 4658 3461 4729 patri
3491 4658 3605 4714 Deo
3631 4657 3762 4729 gra-

2153 4862 2246 4904 sex
2291 4846 2412 4902 aliis
2429 4887 2444 4912 ,
2481 4844 2679 4900 nullam

2717 4843 2840 4915 fidei
2875 4843 3218 4916 uoluntatem;
3256 4857 3381 4916 non
3407 4842 3724 4916 displiceret
3741 4886 3758 4912 ,

2152 4919 2358 4974 nullum
2381 4919 2448 4971 ad

2475 4917 2597 4988 ﬁdei
2624 4916 2968 4970 uoluntatem:
2997 4915 3100 4970 hoc
3130 4926 3247 4980 est,
3279 4915 3456 4971 nullus
3491 4917 3557 4988 ad
3595 4917 3762 4973 obse-

2151 4991 2423 5062 quendum
2462 4987 2586 5044 t’idei
2627 4991 2790 5062 etiam
2834 4988 3138 5062 conspectis
3177 4995 3354 5062 totae
3394 4987 3554 5062 tantis
3589 4990 3763 5062 mira-

2149 5057 2286 5190 gulis
2312 5067 2614 5187 commotus
2642 5057 2772 5125 fuit,
2802 5058 2996 5132 quibus
3030 5059 3117 5114 vel
3167 5058 3366 5114 auditis
3403 5060 3632 5116 credere
3661 5059 3762 5117 de-

2194 5149 2372 5189 utssen
2404 5174 2417 5188 .
3026 5150 3029 5152 ν

2194 5134 2417 5189 uissent.
3026 5150 3029 5152 ν

2227 5204 2306 5278 (d)
2333 5203 2516 5278 Codex
2544 5202 2706 5278 Silvae
2734 5201 2980 5278 majoris,
3006 5203 3076 5257 ad
3105 5203 3395 5278 medicum;
3419 5202 3560 5274 quod
3587 5204 3758 5278 etiam

2156 5273 2320 5332 habet
2345 5275 2696 5331 Michaelinus
2724 5290 2753 5328 a
2782 5273 3020 5330 secunda
3045 5290 3228 5330 manu.
3256 5273 3452 5329 Verior
3478 5286 3562 5330 est
3592 5276 3760 5334 leCtio

2157 5349 2350 5420 prima.
2403 5347 2492 5404 Sic
2539 5347 2684 5402 enim
2735 5346 3002 5420 superiori
3039 5362 3169 5420 cap.
3199 5362 3256 5402 n.
3289 5345 3390 5408 23.
3437 5345 3685 5420 homines
3722 5363 3758 5402 ι

2157 5417 2268 5476 Deo
2300 5435 2398 5490 per
2430 5427 2710 5490 peccatum
2740 5417 2964 5488 originis
3004 5417 3342 5490 abalienatos
3380 5435 3417 5471 .a

2154 5507 2252 5562 que

2333 5436 2398 5476 er
2430 5427 2710 5490 peccatum
2740 5418 2964 5488 originis
3004 5418 3342 5474 abalienatos
3380 5435 3417 5471 .a
3458 5418 3561 5488 fide
3592 5427 3762 5472 metu-

2333 5494 2383 5564 ei
2412 5491 2792 5564 peregrinantes
2813 5489 3120 5564 nuncupari
3150 5490 3400 5564 legimus.
3443 5489 3760 5564 l’assimque

2153 5557 2294 5646 apud
2327 5557 2587 5618 Hilariuin
2618 5569 2777 5645 pietas
2801 5557 2901 5616 Dei
2927 5557 3068 5616 idem
3097 5573 3181 5616 est
3207 5557 3354 5632 quod
3379 5563 3586 5628 cultus,
3620 5557 3758 5617 reti»

2153 5651 2241 5686 tuo
2273 5644 2328 5686 et
2355 5650 2526 5686 amor.
2541 5634 2655 5686 Det.

2153 5644 2241 5707 gto
2273 5644 2328 5690 et
2355 5650 2526 5694 amur.
2541 5644 2655 5688 Det.

2223 5705 2297 5776 (e)
2335 5706 2445 5760 Vox
2477 5705 2576 5760 soli
2617 5704 2954 5760 desideratur
2998 5703 3051 5759 in
3093 5703 3339 5776 pluribus
3381 5719 3513 5764 mss.
3545 5705 3754 5763 Deinde

2154 5785 2264 5834 esse
2280 5774 2353 5834 ad
2385 5777 2636 5847 superius
2667 5776 2888 5834 verbum
2915 5776 3062 5833 docet
3087 5774 3343 5835 refertur:
