4046 6340
273 267 382 326 985

1189 267 1731 328 COMMENTARIUS
1766 267 1831 325 ‘tN
1871 265 2305 326 MATTHEUM.
2348 267 2502 326 CAP.
2543 269 2662 329 Xll.

3366 291 3368 293 ’
3466 274 3571 337 986

275 388 408 446 tiam
433 387 504 444 de
529 386 653 444 data
682 386 936 460 gentibus
965 367 1138 444 salute
1166 386 1456 444 confessus
1484 393 1601 442 est:
1641 394 1702 441 ut
1729 383 1870 441 idem
1899 385 1948 446 Α
1979 392 2059 440 tes
2085 398 2155 440 an
2183 398 2377 441 curare
2406 384 2647 442 sabbatis
2675 385 2868 444 liceret
2897 384 3056 460 (Ibid.
3091 387 3195 462 9):
3225 392 3569 452 occasionem

274 493 469 538 sensus
493 489 549 536 et
572 480 852 552 superiora
881 488 936 537 et
961 479 1352 551 consequentia
1380 479 1704 536 contineret.
1729 477 1872 548 Ergo

275 587 375 646 per
401 573 608 644 reliqua
639 587 944 632 curramus.
972 573 1118 646 Ager
1144 572 1380 628 mundus
1418 579 1532 640 est,
1570 569 1644 644 (a)
1677 569 1873 626 sabba-

275 675 388 722 tum
456 667 625 721 otium
663 674 776 734 est,
841 680 1000 738 seges
1046 665 1444 722 crediturorum
1484 663 1760 735 profectus
1815 662 1868 718 in

273 773 511 816 messem
555 768 658 814 est.
705 757 848 830 Ergo
891 758 1116 815 sabbato
1154 758 1208 814 in
1247 773 1440 829 agrum
1470 755 1779 828 profectus,
1811 754 1867 810 in

273 850 410 924 legis
436 851 551 908 otio
579 851 792 908 Domini
827 865 1147 924 progressus
1191 851 1247 907 in
1289 851 1434 906 lnmc
1463 849 1719 906 mundum
1751 858 1866 914 est,

272 954 516 1017 segetem
543 944 778 1013 eam,id
805 953 917 1012 est,
967 943 1230 1000 sationem
1282 943 1499 1023 humani
1544 943 1762 1014 generis
1787 942 1868 996 in-

268 1039 475 1095 visens.
507 1037 578 1096 Et
601 1038 727 1110 quia
755 1037 980 1094 esuritio
1017 1036 1188 1095 fames
1225 1045 1310 1094 est
1347 1037 1535 1093 salutis
1575 1035 1861 1101 humanae;

219 1136 223 1140 '
269 1131 432 1206 727
459 1131 638 1201 spicas
665 1144 1007 1202 praecerpere
1037 1144 1100 1185 ac
1128 1129 1364 1194 vellere,
1407 1129 1616 1185 scilicet
1653 1136 1868 1182 sancto-

267 1238 388 1280 rum
419 1239 480 1281 se
507 1224 678 1280 salute
705 1223 904 1280 satiare
925 1223 1179 1294 discipuli
1205 1222 1482 1280 festinant.
1510 1220 1694 1293 Neque
1720 1219 1864 1276 enim

266 1314 476 1372 homini
517 1316 768 1389 congruit
811 1315 963 1374 cibus
1007 1316 1202 1388 spicae,
1234 1331 1408 1386 neque
1439 1324 1862 1386 praacerptarum

265 1423 394 1466 esus
419 1418 506 1465 est
535 1410 680 1466 utilis
705 1409 994 1465 aristarum
1020 1427 1034 1464 :
1068 1409 1164 1465 sed
1197 1407 1360 1464 futuri
1391 1406 1550 1463 fidem
1581 1405 1704 1462 facti
1735 1421 1863 1476 spe-

263 1509 376 1566 cies
400 1495 738 1580 exsequitur.
769 1516 827 1564 et
855 1508 1024 1564 virtus
1052 1506 1333 1577 iuterjecta
1361 1505 1651 1560 verborum
1680 1517 1864 1559 sacra-

262 1611 507 1660 mentum
544 1611 601 1658 ct
639 1601 956 1658 esuritionis
983 1611 1036 1657 et
1066 1599 1332 1657 satietatis
1360 1599 1614 1655 absolvit.

329 1698 384 1753 5.
410 1695 696 1763 Pharisaei,
716 1696 811 1768 qui
830 1710 997 1768 penes
1010 1709 1069 1750 se
1087 1694 1296 1750 clavem
1321 1693 1585 1750 ctelorum
1605 1706 1729 1748 esse
1747 1692 1860 1747 exi-

1973 477 2232 550 argucndi
2261 493 2388 535 eum
2417 495 2481 534 ex
2513 480 2870 551 responsione
2899 491 3226 552 quaerentes.
3253 483 3402 554 Quos
3425 486 3576 543 deci-

1973 571 2154 628 dentis
2181 571 2234 628 in
2265 573 2476 629 foveam
2501 573 2620 630 ovis
2647 573 2914 630 conclusit
2942 575 3225 646 exemplo,
3256 591 3414 647 quam
3456 579 3574 636 sine

1969 665 2199 721 crimine
2226 665 2452 720 Sabbato
2480 665 2770 722 extrahere
2803 666 2882 739 (ι’)
2916 667 3028 723 sint
3055 667 3275 724 solliciti
3305 668 3413 741 (Ib.
3447 670 3570 744 ll):

1971 757 2279 828 rectiusque
2306 757 2546 826 homini,
2569 759 2661 830 qui
2687 758 2772 814 ovi
2797 769 3050 830 praestet,
3077 759 3400 834 medendum
3428 777 3570 829 esse;

1970 865 2152 922 neque
2182 851 2482 907 ministerio
2509 851 2699 908 salutis
2729 851 2976 908 humana:
3000 852 3419 910 existimandum
3451 856 3570 913 sabc

1971 943 2152 1000 batum
2182 959 2342 1015 posse
2372 944 2600 1012 violari,
2627 945 2774 1018 quod
2801 944 3156 1004 extrahenda:
3179 947 3250 1006 de
3275 947 3430 1005 fovea
3457 951 3574 1006 ovis

1967 1037 2276 1094 sollicitudo
2305 1054 2411 1094 non
2440 1040 2630 1097 violet.

2038 1133 2093 1186 7.
2143 1130 2251 1188 Eos
2294 1133 2583 1206 signiﬁcat,
2629 1135 2812 1207 quibus
2852 1135 3095 1190 uirtutum
3125 1146 3422 1206 potestatem
3452 1137 3570 1208 fecit

1967 1225 2593 1298 Christus.-—Subjicitur
2625 1235 2772 1284 recte
2797 1228 2917 1284 talis
2947 1227 3156 1284 Domini
3181 1229 3408 1286 curatio.
3435 1230 3569 1286 Nam

1968 1332 2089 1392 post
2116 1322 2348 1378 reditum
2383 1321 2450 1376 de
2477 1331 2662 1392 segete
2683 1365 2697 1389 ,
2730 1339 2793 1379 ex
2823 1339 2926 1394 qua
2952 1323 3064 1395 jam
3097 1326 3329 1396 apostoli
3365 1327 3568 1384 fructus

1942 1415 2196 1470 sationis
2217 1425 2559 1485 acceperant,
2585 1414 2651 1470 ad
2675 1429 3002 1488 synagogam
3024 1418 3202 1474 venit:
3231 1421 3395 1474 etiam
3420 1419 3570 1476 illinc

1964 1505 2159 1561 messis
2189 1521 2301 1560 suae
2329 1505 2610 1574 onerarios
2639 1514 2954 1576 paraturus,
2987 1508 3077 1578 qui
3107 1510 3292 1581 plures
3324 1521 3564 1579 postmo-

1964 1597 2091 1654 dum
2118 1613 2224 1653 una
2245 1598 2412 1670 728
2429 1613 2549 1653 cum
2569 1598 2829 1668 apostolis
2843 1600 3186 1656 exstiterunt.
3212 1601 3274 1656 lli
3302 1600 3464 1673 igitur
3489 1603 3566 1677 (g)

1937 1698 2225 1746 .curantur
2253 1691 2306 1744 in
2335 1705 2548 1745 maneo.
2595 1690 2792 1746 Dandae
2819 1693 3180 1750 enim‘salutis
3208 1694 3566 1751 substantiam

255 1790 564 1857 stimarent,
595 1788 782 1844 illicita
803 1802 964 1860 agere
990 1785 1291 1858 discipulos
1315 1794 1616 1856 coarguunt
1637 1783 1858 1858 (.lfattlt.
1891 1780 1938 1841 B
1968 1799 2076 1840 non
2107 1783 2400 1849 habebant,
2435 1793 2490 1840 et
2518 1799 2708 1840 manus
2735 1784 2972 1841 ofﬁcium
2995 1787 3262 1857 cessabat,
3293 1799 3346 1844 et
3377 1789 3567 1845 minis-

257 1900 353 1953 ιιι,
380 1883 478 1955 2):
521 1897 659 1954 quos
688 1882 950 1937 Dominus
978 1880 1105 1936 facti
1137 1879 1256 1951 ejus
1275 1922 1292 1948 ,
1322 1880 1374 1935 in
1405 1894 1512 1951 quo
1538 1879 1641 1934 sub
1671 1893 1852 1934 rerum

253 1984 578 2050 argumento
595 1974 894 2046 prophetia:
906 1973 1045 2029 ratio
1057 1974 1383 2038 continetur,
1398 1971 1676 2027 admonuit
1691 1971 1855 2027 David

251 2085 359 2126 una
387 2085 511 2126 cum
542 2068 630 2124 his
656 2067 750 2138 qui
781 2080 966 2122 secum
997 2065 1228 2120 aderant
1265 2065 1599 2120 esurientem
1633 2063 1858 2134 panibus

250 2161 459 2220 illicitis
487 2147 568 2235 (b)
596 2160 872 2232 expletum
904 2157 1074 2214 fuisse
1101 2156 1265 2229 (Ibid.
1295 2157 1376 2228 5).
1407 2156 1595 2228 Neque
1635 2156 1779 2212 enim
1811 2155 1855 2210 si

250 2269 362 2313 non
392 2253 591 2311 licebat
618 2251 769 2320 fieri,
804 2251 970 2307 David
997 2250 1241 2307 creditus
1271 2248 1465 2304 fuisset
1506 2247 1700 2303 fecisse
1739 2245 1857 2302 sine

249 2349 500 2406 crimine.
531 2347 734 2404 Verum
765 2345 883 2402 sine
913 2345 1158 2401 criminis
1187 2343 1399 2414 piaculo
1429 2341 1588 2396 factis
1616 2339 1686 2412 (τ)
1734 2354 1859 2410 pro-

249 2443 444 2517 phetat
481 2443 535 2499 in
565 2442 720 2513 lege;
765 2451 825 2496 ut
874 2439 990 2510 ipse
1019 2453 1144 2494 cum
1193 2435 1404 2492 caeteris
1425 2477 1440 2503 ,
1473 2433 1704 2505 panibus
1733 2448 1856 2504 pro-

249 2535 541 2609 positionis
577 2533 830 2605 expletus
867 2533 974 2588 sit:
1000 2533 1072 2586 ita
1093 2529 1388 2586 ostendens
1421 2525 1699 2583 Christum
1729 2541 1854 2582 cum

249 2626 514 2700 apostolis
557 2627 799 2698 gentium
843 2624 1018 2680 salute
1065 2621 1414 2690 satiandum,
1462 2619 1605 2693 quod
1651 2619 1857 2676 Judaais

251 2721 501 2780 illicitum
533 2720 834 2778 videretur.

319 2817 377 2873 4.
424 2815 664 2872 Alterius
706 2829 925 2888 quoque
965 2827 1062 2870 eos
1110 2798 1368 2869 admonet
1409 2811 1754 2884 prophetiae,
1798 2820 1858 2867 ut

247 2907 613 2966 consummari
653 2906 706 2962 in
748 2920 809 2961 se
838 2906 1050 2972 omnia,
1084 2919 1207 2977 qum
1237 2905 1480 2960 anterius
1518 2911 1647 2959 sunt
1675 2903 1814 2959 dicta
1835 2945 1851 2972 ,

246 3005 640 3073 cognoscerent
668 2998 722 3054 in
754 2997 904 3070 lege;
935 2997 1218 3054 sabbatum
1239 2998 1290 3053 in
1313 2999 1514 3069 templo
1543 2998 1855 3054 sacerdotes

246 3093 330 3169 (d)
357 3093 564 3149 violare
588 3092 704 3147 sine
729 3091 959 3146 crimine
988 3090 1153 3165 (Ibid.
1185 3089 1274 3163 5);
1305 3091 1564 3162 templum
1593 3105 1653 3146 se
1678 3093 1853 3160 ipsum

1960 1878 2154 1934 terium
2181 1878 2448 1949 corporis,
2477 1893 2585 1948 quo
2609 1878 2808 1949 aliquid
2839 1880 3013 1950 agitur
3057 1890 3218 1951 atque
3247 1881 3326 1955 (b)
3359 1883 3564 1954 imper-

1961 1970 2112 2036 titur,
2144 1981 2381 2026 aruerat.
2411 1971 2669 2026 Dominus
2698 1972 2861 2040 igitur
2888 1987 3104 2027 manum
3128 1987 3250 2029 eum
3275 1974 3437 2045 jussit
3465 1989 3560 2030 ex-

1958 2062 2208 2131 tendere,
2238 2079 2357 2133 qum
2388 2064 2636 2119 restituta
2667 2072 2750 2120 est
2779 2065 2828 2120 ei
2858 2065 2999 2120 sicut
3028 2064 3401 2138 altera.(lbid.
3434 2066 3558 2137 15).

1959 2153 2184 2211 Curatio
2213 2155 2391 2209 omnis
2428 2154 2482 2209 in
2517 2155 2688 2210 verbo
2726 2164 2841 2223 est,
2883 2163 2939 2212 et
2976 2171 3169 2230 manus
3205 2159 3348 2214 sicut
3390 2157 3562 2214 altera

1957 2245 2222 2311 redditur,
2257 2246 2309 2301 id
2348 2257 2462 2314 est,
2503 2246 2697 2304 similis
2740 2250 3040 2305 ministerio
3086 2252 3457 2322 apostolorum
3504 2253 3560 2308 in

1959 2339 2197 2396 officium
2227 2327 2416 2396 danda:
2443 2341 2636 2397 salutis
2664 2341 2900 2398 efficitur
2927 2361 2938 2396 :
2967 2343 3232 2415 docetque
3258 2344 3563 2400 Pharisaeos

1958 2447 2102 2504 aegre
2145 2433 2286 2489 ferre
2338 2441 2741 2504 nonoporterc
2785 2435 2850 2508 (i)
2899 2438 3267 2508 operationem
3315 2437 3565 2494 humana:

1957 2527 2148 2584 salutis
2179 2529 2231 2583 in
2262 2528 2554 2597 apostolis;
2583 2544 2705 2584 cum
2739 2530 2868 2599 ipsis
2897 2530 2966 2586 ad
2995 2530 3157 2586 officii
3191 2531 3432 2602 ejusdem
3461 2531 3567 2588 mi-

1959 2621 2238 2678 nisterium
2273 2637 2462 2677 manus
2489 2624 2558 2680 sit
2590 2623 2930 2678 reformanda
2950 2667 2964 2690 ,
2997 2625 3040 2680 si
3070 2625 3315 2682 credant.

2030 2715 2084 2770 8.
2132 2713 2238 2771 Sed
2266 2713 2464 2770 invidia
2498 2714 2619 2770 facti
2651 2715 2956 2772 Pbarismos
2987 2727 3334 2784 commovet,
3378 2725 3433 2773 et
3463 2716 3564 2774 ad-

1959 2824 2150 2866 versus
2174 2825 2296 2864 eum
2326 2810 2514 2865 ineunt
2537 2809 2825 2866 consilium
2858 2810 2877 2884 (
2905 2809 3038 2866 Ibid.
3075 2812 3139 2866 14
3162 2810 3220 2884 ):
3267 2812 3391 2882 quia
3433 2826 3582 2888 con-O

1958 2910 2175 2959 tuentes
2208 2901 2484 2958 hominem
2518 2903 2571 2958 in
2600 2917 2852 2974 corpore,
2889 2904 3052 2960 Deum
3088 2904 3140 2960 in
3172 2906 3424 2976 operibus
3455 2921 3562 2962 non

1960 2997 2358 3068 intelligebant.
2449 2997 2751 3068 Sciensque
2800 3012 2988 3054 eorum
3057 3000 3286 3056 consilia
3340 3001 3565 3057 secessit

1959 3089 2144 3162 (Ibid.
2179 3091 2330 3162 l5);
2363 3099 2474 3145 uta
2507 3090 2751 3146 consiliis
2784 3092 3189 3163 malignantium
3219 3095 3405 3164 procul
3430 3094 3563 3150 allu-

245 3187 456 3244 scilicct
481 3185 758 3252 indicans,
788 3185 845 3240 in
873 3200 981 3255 quo
1010 3190 1106 3255 per
1131 3184 1484 3256 apostolicam
1511 3183 1815 3238 doctrinam
1835 3223 1848 3250 ,
1881 3171 1927 3234 C
1960 3191 2112 3238 turus
2137 3192 2578 3255 cognosceretur.
2627 3184 2930 3258 Pluresque
2977 3187 3146 3241 turbae
3195 3204 3318 3243 eum
3361 3199 3560 3244 secuta:

249 3281 454 3354 populo
498 3279 638 3350 legis
687 3278 986 3334 infideliter
1029 3279 1102 3349 (ε)
1143 3276 1380 3345 otiante,
1418 3277 1565 3332 salus
1601 3277 1853 3347 gentibus

244 3373 435 3430 datur:
459 3373 581 3444 quia
605 3373 782 3442 major
803 3371 920 3442 ipse
949 3370 1022 3426 sit
1050 3371 1298 3436 sabbato,
1321 3377 1376 3425 et
1402 3370 1612 3441 absque
1639 3369 1853 3425 violatae

246 3469 382 3542 legis
411 3468 571 3539 culpa
591 3509 608 3536 ,
639 3467 950 3538 evangelica
985 3465 1118 3522 fides
1147 3473 1406 3536 operetur
1433 3465 1486 3520 in
1517 3463 1757 3521 Christo.

319 3561 375 3618 5.
405 3559 542 3632 Lege
571 3567 798 3614 cessante
824 3557 924 3614 Dei
952 3558 1176 3613 bonitate
1200 3558 1483 3618 salvantur.
1502 3559 1768 3628 —Atque
1793 3565 1854 3614 ut

247 3653 563 3712 ostenderet
591 3667 808 3708 omnem
839 3667 1020 3708 rerum
1051 3651 1399 3730 efficientiam
1429 3651 1574 3708 banc
1609 3651 1849 3721 speciem

246 3747 412 3804 futuri
440 3747 622 3818 operis
647 3746 929 3802 continere
953 3786 968 3811 ,
997 3744 1228 3816 adjecit:
1259 3745 1321 3801 Si
1341 3745 1476 3800 enim
1503 3745 1700 3800 sciretis
1724 3744 1850 3814 quid

245 3851 354 3909 est,
396 3838 808 3896 Misericordiam
848 3841 996 3902 t'olo,
1041 3855 1144 3892 non
1183 3839 1535 3908 sacriﬁcium;
1571 3855 1851 3908 numquam

247 3932 680 3988 condemnassetis
707 3932 996 3986 innocentes
1025 3929 1192 4001 (Ibid.
1227 3931 1300 3999 7).
1331 3929 1481 4000 Opus
1509 3931 1699 3984 salutis
1726 3945 1852 3986 nos-

245 4035 344 4082 tra:
370 4039 476 4081 non
501 4025 553 4080 in
582 4023 872 4089 sacrificio,
903 4023 998 4078 sed
1025 4023 1078 4078 in
1109 4021 1482 4078 misericordia
1508 4033 1626 4078 est:
1654 4031 1708 4078 et
1731 4022 1852 4092 lege

241 4128 495 4176 cessante
514 4161 530 4185 ,
556 4117 608 4172 in
637 4117 733 4173 Dei
761 4116 1004 4174 bonitate
1030 4116 1324 4172 salvamur.
1354 4115 1522 4184 Cujus
1543 4117 1622 4171 rei
1643 4115 1850 4171 donum

242 4213 291 4269 si
324 4211 755 4278 intellexissent,
789 4225 1079 4282 numquam
1108 4208 1566 4265 condemnassent
1593 4210 1852 4266 innocen-

242 4313 349 4372 tes,
381 4305 434 4360 id
459 4314 574 4370 est,
595 4302 870 4374 apostolos
898 4325 910 4356 :
937 4316 1074 4373 quos
1099 4302 1463 4358 iusiuiulaturi
1486 4311 1644 4376 erant
1672 4313 1851 4359 trans-

241 4413 447 4472 gress:c
495 4397 631 4467 legis
678 4395 880 4452 invidia
907 4438 921 4462 ,
971 4411 1092 4451 cum
1141 4394 1531 4451 sacrificiorum
1579 4405 1852 4453 vetustate

241 4501 491 4549 cessante
511 4490 780 4546 universis
806 4503 907 4561 per
934 4504 1030 4544 eos
1059 4489 1449 4544 misericordiae
1479 4493 1686 4545 novitas
1714 4491 1843 4546 sub-

1955 3285 2133 3332 sunt:
2188 3278 2256 3333 ab
2301 3276 2608 3332 infidelibus
2655 3277 2910 3335 videlicet
2963 3281 3262 3347 reccdenti,
3315 3280 3555 3338 fidelium

1955 3370 2247 3425 comitatus
2270 3370 2495 3426 assistit.

2026 3460 2080 3516 9.
2132 3459 2237 3516 Cur
2265 3463 2460 3518 sanatis
2489 3464 2748 3520 silentium
2790 3465 2853 3520 de
2891 3482 2946 3522 se
2975 3466 3154 3538 jubeat
3198 3467 3453 3524 Christus.
3481 3500 3554 3512 -—

1954 3553 2050 3611 liis
2079 3570 2227 3622 vero,
2263 3571 2401 3628 quos
2429 3567 2602 3624 curat,
2637 3559 2909 3614 silentium
2932 3560 3221 3631 imperavit
3253 3561 3414 3631 (Ibid.
3443 3563 3554 3637 16).

1954 3646 2063 3704 Sed
2093 3650 2354 3720 numquid
2383 3651 2684 3706 curationis
2714 3651 3050 3708 taciturnitas
3071 3653 3395 3724 jubebatur?
3436 3656 3552 3712 Non

1954 3743 2180 3813 utique;
2227 3758 2349 3797 nam
2380 3743 2526 3799 salus
2555 3744 2842 3815 unicuique
2874 3744 3078 3800 reddita
3109 3789 3122 3814 ,
3151 3757 3267 3802 erat
3307 3749 3406 3804 sibi
3439 3750 3555 3820 ipsa

1954 3837 2128 3891 testis.
2162 3835 2267 3891 Sed
2296 3836 2539 3906 jubendo
2566 3847 2859 3904 secretum,
2892 3846 2948 3893 et
2971 3839 3234 3908 gloriandi
3264 3841 3330 3896 de
3358 3856 3417 3896 se
3442 3841 3556 3912 jac-

1954 3928 2175 3982 tautiam
2223 3929 2498 3994 declinat,
2563 3938 2617 3983 et
2674 3930 3023 3984 nihilominus
3067 3933 3428 4000 cognitionem
3471 3935 3552 3988 sui

1955 4027 2173 4089 prteSIat
2206 4017 2257 4071 in
2287 4033 2352 4073 eo
2381 4019 2521 4088 ipso,
2552 4018 2679 4073 dum
2714 4019 2969 4074 admonet
2993 4019 3062 4075 de
3091 4035 3149 4074 se
3182 4023 3379 4088 taceri;
3425 4025 3550 4095 quia

1954 4111 2296 4168 observantia
2344 4111 2543 4166 silentii
2591 4126 2656 4166 ex
2701 4127 2762 4168 re
2799 4127 2919 4182 qua:
2965 4115 3036 4168 sit
3073 4114 3279 4170 silenda
3310 4116 3553 4186 proficis-

1953 4205 2115 4260 citur.

2029 4298 2117 4355 10.
2154 4299 2256 4366 Qui
2297 4299 2601 4353 arundinem
2626 4307 2919 4370 quassatam
2951 4314 3052 4352 non
3093 4302 3319 4372 frangat.
3355 4299 3457 4367 Qui
3486 4301 3552 4356 Ii-

1953 4409 2076 4446 nunt
2105 4393 2366 4464 fumigans
2396 4407 2497 4446 non
2519 4393 2826 4465 exstinguat.
2852 4422 2923 4432 —
2945 4391 3082 4460 Quin
3111 4392 3270 4447 etiam
3296 4409 3390 4464 per
3411 4393 3551 4450 hanc

1905 4469 1918 4477 ’
1953 4486 2165 4541 tacendi
2193 4485 2264 4542 de
2285 4501 2343 4542 se
2365 4486 2718 4548 voluntatem,
2741 4485 3008 4540 dictorum
3038 4500 3134 4555 per
3154 4486 3366 4541 Esaiam
3389 4486 3551 4543 eilec-

242 4588 493 4652 veniret;
524 4598 699 4655 neque
723 4582 1128 4638 existimassem
1153 4581 1363 4638 sabbati
1394 4581 1712 4653 prmscripto
1742 4584 1842 4637 Do.
1867 4570 1922 4630 D
1952 4587 2038 4634 tus
2067 4578 2318 4648 impletur
2344 4577 2526 4651 (Ibid.
2556 4577 2658 4642 i7;
2697 4575 2837 4630 Εδαί-
2869 4591 2978 4631 mi
3001 4618 3015 4642 ,
3063 4577 3089 4630 1
3125 4585 3172 4630 et
3224 4593 3361 4649 seqq.
3389 4578 3408 4649 )
3435 4596 3446 4632 :
3480 4578 3548 4636 de

239 4680 447 4738 minum
478 4675 690 4736 sabbati
719 4676 1010 4732 contineri.
1044 4675 1172 4731 llaec
1200 4675 1254 4730 in
1284 4689 1476 4747 campo
1501 4675 1641 4730 dicta
1667 4683 1844 4747 gesta-

243 4789 352 4848 que
381 4782 528 4830 sunt.

313 4869 369 4926 6.
403 4867 581 4924 Μαηεὶ
620 4867 1020 4924 curatio.—Et
1057 4876 1182 4939 post
1223 4867 1340 4923 hmc
1387 4883 1714 4940 synagogam
1760 4868 1847 4922 in-

239 4976 431 5035 gresso
470 4960 744 5017 hominem
784 4960 951 5016 aridae
981 4973 1176 5016 manus
1201 4959 1471 5028 offerunt,
1515 4961 1849 5033 interrogan-

313 5115 394 5184 (a)
426 5116 550 5172 Mss.
578 5115 731 5172 Colb.
761 5124 815 5171 et
839 5115 1004 5171 Carn.
1030 5114 1276 5170 sabbatis.

314 5189 390 5263 (b)
417 5187 582 5244 lidcm
606 5202 736 5244 mss.
760 5202 882 5243 cum
907 5187 1065 5242 Rom.
1093 5196 1147 5243 et
1165 5186 1338 5241 Vatic.
1355 5184 1642 5251 exemplum
1667 5187 1844 5257 fuisse.

317 5281 390 5352 (ε)
423 5281 546 5335 Par.
588 5293 711 5334 cum
751 5276 1025 5350 praedictis
1070 5285 1303 5348 quatuor
1343 5289 1475 5332 mss.
1526 5275 1676 5346 {actis
1719 5292 1844 5347 pro-

219 5351 412 5426 .pltetiv
439 5351 686 5423 intellige.

317 5444 396 5516 (d)
424 5444 478 5516 in
508 5443 740 5513 vulgatis
762 5441 1088 5516 acpluribus
1109 5455 1242 5516 mss.
1271 5441 1484 5516 uiolant.
1516 5439 1847 5516 concinnius

243 5513 299 5571 in
327 5513 484 5570 Colb.
515 5526 570 5570 et
592 5515 761 5586 Carn.
783 5514 998 5580 uiolare,
1023 5514 1215 5586 supple
1239 5513 1464 5569 verbum
1490 5513 1752 5582 admouet,
1779 5513 1849 5567 ad

243 5587 386 5659 quod
415 5585 652 5659 subinde
679 5584 910 5643 refertur
936 5584 1192 5640 indicans.

315 5660 389 5732 (e)
414 5658 520 5715 Sex
549 5671 680 5713 mss.
710 5667 924 5713 orante:
951 5673 1056 5713 non
1084 5666 1211 5714 sunt
1238 5657 1516 5715 audiendi.

248 5807 264 5820 μ
321 5751 400 5825 (f)
428 5751 485 5825 In
515 5753 660 5822 vulg.
683 5751 789 5825 (sint
813 5747 1400 5825 soiili._Pra:feren_dum
1425 5767 1548 5824 esse
1568 5765 1689 5808 cum
1716 5765 1846 5825 niss,

251 5813 357 5881 sin‘t'
378 5813 588 5881 solliciti
604 5813 843 5893 :suadct
869 5813 998 5881 illud
1027 5819 1167 5896 quod
1197 5822 1499 5895 subjicitur,
1527 5813 1633 5880 iam
1661 5816 1852 5879 sollici-l

257 5975 342 6011 VP
409 5977 417 5986 .
447 5975 452 5981 -
480 5966 682 5986 πέπαυτο-θ
715 5968 722 5974 τ

1951 4671 2106 4740 cujus
2136 4668 2418 4740 prophetia
2437 4667 2570 4723 illud
2596 4681 2740 4723 nunc
2773 4675 2977 4722 tantum
2998 4667 3371 4736 admonemus,
3402 4668 3545 4726 hunc

1951 4773 2007 4822 et
2033 4765 2291 4822 dilectum
2333 4779 2365 4819 a
2394 4763 2505 4818 Deo
2531 4805 2546 4828 ,
2597 4771 2651 4818 et
2691 4761 2744 4816 in
2775 4775 2841 4817 eo
2885 4773 3120 4832 paterna:
3151 4763 3545 4834 beneplacitum

1952 4861 2242 4926 voluntati,
2274 4869 2330 4916 et
2355 4859 2615 4930 Spiritum
2648 4852 2741 4912 Dei
2771 4872 2936 4928 super
2964 4872 3087 4912 eum
3117 4873 3240 4914 esse
3259 4900 3275 4925 ,
3306 4868 3361 4913 et
3387 4859 3455 4913 ab
3482 4873 3550 4914 eo

1950 4956 2212 5030 judicium
2243 4953 2497 5028 gentibus
2525 4951 2757 5007 nuntiari
2783 4993 2797 5019 ,
2829 4960 2883 5008 ct
2905 4951 3224 5007 arundinem
3249 4968 3367 5024 quae
3391 4966 3553 5023 quas-

1957 5108 2101 5192 tudo.
2146 5104 2282 5161 Tum
2325 5102 2382 5158 in
2427 5100 2589 5158 Carn.
2633 5108 2689 5156 et
2724 5097 2879 5156 Colb.
2906 5101 3279 5172 receptiusque,
3307 5115 3414 5157 non
3440 5117 3553 5156 rec-

1955 5191 2262 5324 ηυῗὲἴὲἀίιί
2274 5290 2289 5317 ,
2305 5255 2574 5324 curantur.
2593 5244 2659 5300 In
2677 5261 2834 5299 manu
2852 5246 2986 5299 enint
3003 5244 3348 5314 dandaz,etc.,
3364 5259 3550 5302 emeti-

1955 5319 2156 5380 dantur
2184 5338 2248 5376 ex
2283 5319 2578 5391 potioribus
2607 5333 2736 5372 mss.

2029 5393 2107 5465 (Ii)
2143 5387 2367 5448 Badfet
2395 5390 2488 5465 Er.
2521 5391 2823 5465 imperatur.
2863 5387 2981 5442 Mox
3011 5387 3157 5465 Lips.
3179 5396 3254 5465 :et
3280 5387 3403 5444 Par.
3435 5406 3552 5465 cum

1939 5460 2132 5538 jussit,
2173 5481 2271 5535 pro
2306 5479 2422 5517 eum
2455 5462 2634 5538 jussit.
2689 5461 2815 5538 Po_st
2846 5475 3011 5538 pauca
3030 5460 3094 5538 in
3118 5460 3304 5538 _t_t_'ib_us
3329 5475 3466 5538 mss.
3498 5462 3551 5538 in

1952 5531 2293 5594 ministerium
2321 5531 2688 5606 apostolorum.
2743 5531 2966 5587 Beotius
2994 5531 3084 5586 alii
3118 5531 3240 5588 libri
3270 5534 3549 5589 ministerio

1847 5657 1852 5662 .
1953 5611 2008 5666 in
2038 5609 2198 5664 dandi
2226 5623 2374 5662 casn.

2025 5682 2090 5752 (i)
2125 5680 2277 5751 Apud
2309 5679 2436 5752 Par.
2474 5677 2563 5752 hic
2590 5677 2853 5752 insertum
2883 5682 2996 5736 est,
3037 5676 3550 5752 curationesﬁinsab-

1955 5745 2188 5817 bato'et,
2226 5750 2370 5822 quod
2413 5751 2573 5805 etiam
2615 5757 2797 5822 exstat
2823 5746 2878 5802 in
2913 5762 3044 5804 mss.
3078 5747 3268 5818 Bom.,
3311 5745 3469 5807 Colb.
3497 5756 3554 5806 et

1956 5823 2120 5884 Carn.
2153 5818 2259 5884 sed
2280 5822 2346 5879 ad
2379 5837 2491 5879 rem
2525 5829 2630 5878 non
2663 5818 2871 5877 videtur
2897 5821 3189 5889 pertinere;
