4046 6340
560 294 662 355 987
766 258 777 269 ’

1754 272 1999 354 seueri
2039 270 2298 348 ulLinu
2327 272 2632 351 srtscort

3713 303 3795 377 988

564 420 680 471 sata
710 411 779 470 sit
804 428 910 469 non
938 426 1061 473 esse
1085 406 1453 479 contractam,
1479 420 1534 469 et
1561 411 1727 471 linum
1759 410 2025 484 l‘umigans
2052 422 2159 465 non
2186 402 2235 469 Α
2264 406 2365 465 bus
2408 411 2770 483 respondebat
2792 452 2815 482 ,
2861 414 3229 485 responsionis
3273 415 3441 487 ipsius
3484 419 3799 487 conditionem

563 494 890 564 esstinctum
916 523 929 559 :
967 496 1020 561 id
1045 511 1153 572 est,
1183 502 1382 561 caduca
1413 510 1470 561 et
1496 512 1746 577 quassata
1774 502 2016 575 gentium
2038 502 2160 559 co'r-

563 613 695 671 pora
727 612 834 653 non
863 595 1029 654 fuisse
1057 597 1314 664 contrita,
1340 595 1436 653 sed
1460 598 1511 655 iu
1529 594 1760 653 salutem
1783 595 1960 667 potius
1984 607 2159 651 reser-

560 694 717 745 vata:
768 704 943 760 neque
971 688 1320 760 exiguitatem
1368 688 1505 760 ignis
1549 697 1755 745 tantum
1793 687 1905 759 jam
1943 686 1997 743 in
2048 686 2159 742 lino

561 782 873 856 fumigantis
904 784 1222 841 exstinctam
1250 830 1265 847 .
1322 782 1397 856 (a)
1445 782 1697 854 exiguum
1745 766 1907 841 Israel
1936 796 2005 843 ex
2029 778 2161 838 reli-

560 874 702 950 quiis
729 876 929 933 veteris
958 876 1146 948 gratia:
1176 875 1421 946 spiritum
1452 890 1556 931 non
1587 860 1858 939 ablatum;
1903 872 2025 944 quia
2074 887 2158 929 re~

559 967 807 1025 sumendi
853 969 1017 1025 totius
1058 966 1277 1023 luminis
1323 967 1375 1023 in
1426 968 1670 1040 tempore
1719 966 2051 1038 pcnniten'tiae
2092 965 2164 1025 sit

561 1058 807 1120 htetiltas.
851 1062 956 1121 Sed
1000 1062 1146 1119 istud
1178 1063 1317 1119 intra
1344 1062 1480 1120 certi
1509 1061 1769 1133 temporis
1795 1069 1993 1117 statuta
2027 1074 2163 1129 pra:-

561 1148 854 1223 scribitur,
901 1150 1063 1211 donec
1110 1168 1227 1210 cum
1268 1148 1444 1230 ejiciat
1486 1154 1752 1210 bictOriarn
1795 1152 1865 1209 ad
1903 1150 2169 1223 judicium

560 1246 777 1323 (Matth.
803 1265 896 1316 xu,
921 1246 1038 1321 20),
1066 1247 1273 1304 sublata
1302 1248 1511 1304 scilicet
1531 1246 1721 1302 mortis
1740 1250 2003 1317 potestate
2017 1236 2166 1317 judi-

559 1342 701 1398 cium
733 1336 994 1397 claritatis
1020 1356 1133 1396 θυῖε
1160 1339 1333 1396 reditu
1366 1338 1692 1408 introducat,
1726 1337 1778 1395 in
1807 1338 2026 1396 nomine
2044 1337 2163 1411 ejus

561 1450 658 1508 per
679 1434 839 1495 ﬁdem
868 1428 1117 1508 gentibus
1138 1434 1444 1492 credituris.

634 1528 721 1589 il.
754 1528 1075 1586 Dwmoniaci
1103 1529 1226 1585 eieci
1255 1539 1303 1585 et
1331 1528 1458 1583 muti
1478 1524 1703 1593 curatio,
1746 1526 1971 1601 gentium
1998 1527 2163 1583 salus.

559 1640 631 1668 —-‘
658 1623 806 1680 Tunc
835 1620 1033 1679 oblatus
1064 1631 1136 1677 est
1166 1623 1213 1678 ei
1258 1621 1412 1677 horno
1436 1616 1747 1675 da'monium'
1783 1612 1973 1677 Italicus
1999 1634 2166 1675 caecus

562 1728 610 1776 et
631 1729 802 1775 mutus
828 1761 844 1785 ,
875 1727 933 1775 et
960 1717 1165 1789 reliqua
1197 1716 1363 1787 (Ibid.
1390 1715 1509 1787 22).
1562 1713 1819 1787 Sequitur
1843 1712 2161 1769 daemoniaci

2261 503 2507 561 retorsit.
2560 503 2671 561 Lex
2698 504 2845 565 enim
2872 521 2903 563 a
2934 505 3049 565 Deo
3073 516 3180 575 est,
3204 517 3260 587 et
3284 511 3437 582 regni
3458 511 3610 569 Israel
3632 517 3799 587 pollicis

2263 594 2393 651 tatiu
2419 610 2487 653 ex
2515 595 2635 667 lege
2663 605 2767 665 est,
2798 606 2853 656 et
2880 597 3081 657 Christi
3105 610 3256 661 ortus
3282 610 3338 658 et
3361 604 3611 662 adventus
3629 622 3687 665 ex
3707 609 3798 682 legs

2262 693 2365 743 est.
2391 684 2450 743 Si
2479 701 2702 758 regnum
2732 689 2866 762 legis
2891 700 3078 747 contra
3103 706 3166 750 se
3190 690 3463 761 dividitur,
3494 694 3567 768 (b)
3583 698 3796 757 dissolva-

2264 783 2350 833 tur
2376 792 2598 837 necesse
2639 788 2741 837 est.
2792 780 2858 836 Et
2886 791 3123 851 potestas
3164 783 3342 845 munis
3388 784 3641 847 divisione
3658 788 3799 848 ἀειηι

2268 871 2453 939 hitur;
2502 882 2556 929 et
2584 873 2735 944 regni
2763 873 2935 935 virtus
2973 875 3347 939 adversumne
3375 888 3607 949 separata
3644 897 3799 943 consa-

2265 964 2460 1025 mitur:
2511 980 2575 1023 ae
2617 966 2697 1023 sic
2740 982 2969 1039 regnum
2998 968 3161 1027 Israel
3196 971 3379 1029 amisit
3416 987 3481 1029 ex
3521 974 3661 1046 lege,
3704 992 3799 1033 cura

2263 1057 2480 1131 quando
2511 1057 2955 1133 adimpletionem
3004 1061 3141 1135 legis
3183 1063 3239 1121 in
3275 1062 3491 1121 Christo
3528 1066 3662 1137 plebs
3697 1068 3801 1145 legis

2264 1152 2567 1235 impugnet.

2338 1248 2427 1305 H.
2459 1245 3050 1305 Jerusalemexcidium.
3079 1280 3151 1291 -—
3179 1250 3285 1309 Sed
3315 1260 3364 1311 et
3392 1253 3565 1309 civitas
3591 1264 3634 1309 et
3657 1255 3801 1312 donas

2265 1339 2428 1395 divisa
2454 1352 2632 1397 contra
2655 1358 2731 1407 se,
2762 1359 2865 1398 non
2893 1343 3044 1399 stabit
3071 1344 3093 1416 (
3116 1341 3376 1415 Ibidem).
3417 1345 3608 1402 Domus
3631 1361 3801 1418 quoque

2265 1438 2323 1487 et
2337 1432 2575 1489 civitatis
2601 1433 2787 1490 eadem
2826 1445 2909 1491 est
2936 1436 3076 1491 ratio
3097 1478 3114 1504 ,
3153 1452 3277 1509 quae
3302 1439 3471 1509 regni.
3523 1436 3621 1497 Sed
3644 1438 3792 1499 civitas

2267 1524 2357 1581 hic
2381 1525 2679 1583 Jerusalem
2706 1526 2778 1599 (ι)
2810 1526 3095 1597 indicatur,
3131 1531 3371 1602 gentium
3397 1545 3599 1602 semper
3615 1532 3796 1605 gloriosa

2266 1618 2568 1677 dominatu.
2602 1619 2755 1677 Nunc
2784 1632 3134 1693 posteaquam
3166 1623 3218 1678 in
3272 1624 3551 1681 Dominum
3572 1640 3704 1682 suum
3737 1627 3797 1683 in.

2270 1730 2397 1773 rore
2428 1715 2600 1785 plebis
2628 1716 2850 1782 exarsit,
2876 1725 2934 1774 et
2950 1718 3228 1790 apostolos
3246 1718 3366 1789 ejus
3385 1734 3504 1775 cum
3521 1719 3791 1777 credentium

560 1821 618 1872 et
656 1813 786 1871 cmci
814 1822 869 1870 et
895 1812 1027 1868 muti
1057 1820 1359 1882 opportuna
1402 1807 1633 1865 curatio.
1686 1806 1806 1863 Non
1851 1805 1997 1862 enim
2043 1806 2163 1862 sine
2189 1808 2239 1870 B
2269 1807 2438 1865 turbis
2464 1807 2739 1880 eﬁ‘ugavit,
2765 1808 3155 1867 discedentium
3177 1810 3324 1866 illinc
3345 1810 3595 1868 divisione
3611 1824 3793 1871 nonsu-

565 1906 795 1972 ratione,
824 1918 946 1962 cum
966 1900 1152 1961 turbas
1177 1917 1370 1959 omnes
1386 1910 1601 1959 curatas
1617 1902 1669 1956 in
1687 1904 1976 1957 commune
1994 1898 2163 1956 dixis-

565 2009 675 2067 set,
724 2014 867 2055 nunc
904 1998 1243 2057 extrinsecus
1266 1995 1596 2052 daemonium
1650 1993 1854 2049 habens
1882 2006 2062 2051 caecus
2106 2000 2162 2049 et

563 2098 748 2151 mutus
771 2084 1028 2149 oﬂertur:
1076 2100 1136 2147 ut
1164 2090 1283 2146 sine
1312 2088 1662 2160 ambiguitate
1690 2087 1869 2159 aliqua
1898 2084 2041 2143 idem
2083 2086 2164 2147 in.

566 2176 878 2260 telligentim
908 2183 1045 2243 Ordo
1075 2192 1414 2256 sequeretur.
1468 2181 1658 2254 Spieas
1684 2181 1889 2237 vellere
1912 2222 1928 2248 ,
1962 2178 2013 2236 id
2044 2188 2161 2246 est.

566 2280 815 2337 homines
856 2277 1043 2335 smculi
1087 2291 1425 2349 praecerpere
1446 2317 1461 2341 ,
1485 2273 1765 2346 apostolos
1794 2273 2053 2331 Pharisaei
2078 2289 2165 2333 ar-

565 2373 831 2447 guebant,
875 2368 1249 2428 misericordia
1292 2365 1456 2443 729
1483 2381 1646 2439 super
1674 2366 1999 2423 sacriﬁcium
2030 2381 2168 2437 prx-

566 2467 853 2525 dicabatur
878 2508 894 2535 ,
943 2480 1136 2521 manus
1163 2462 1330 2519 arida:
1356 2461 1520 2517 homo
1548 2460 1763 2519 oblatus
1813 2461 1866 2516 in
1896 2474 2167 2534 synagoga

566 2563 895 2621 curabatur:
944 2568 1105 2629 atque
1147 2556 1267 2613 haec
1306 2554 1374 2612 ad
1404 2553 1831 2613 convertendum
1864 2553 2026 2613 Israel
2058 2570 2169 2613 non

570 2658 744 2714 solum
772 2652 907 2710 nihil
936 2651 1225 2725 proliciunt
1250 2691 1264 2713 .
1292 2665 1481 2706 verum
1515 2644 1677 2705 etiam
1706 2646 1966 2707 Pharisaei
1990 2648 2169 2707 consi-

569 2750 704 2807 liutu
731 2749 879 2804 necis
904 2747 1117 2803 ineunt.
1163 2741 1463 2814 Oportebat
1489 2740 1651 2813 igitur
1673 2781 1689 2807 ,
1737 2749 1794 2797 ut
1823 2750 1944 2812 post
1973 2740 2090 2801 hzec
2115 2740 2173 2803 in

571 2841 733 2900 unius
763 2838 923 2910 hujus
954 2836 1125 2894 forma
1151 2834 1396 2909 gentium
1425 2832 1571 2890 salus
1596 2832 1780 2889 ﬁeret:
1828 2840 1885 2888 ut
1933 2833 2023 2903 qui
2054 2842 2174 2891 erat

573 2934 833 2993 habitatio
857 2922 1124 2989 daemonis
1164 2941 1221 2987 et
1256 2943 1433 2985 caecus
1479 2939 1534 2985 et
1579 2935 1797 2992 mutus,
1848 2912 1960 2983 Deo
2003 2942 2174 2997 capax

572 3036 880 3103 pararetur,
906 3033 961 3081 et
990 3020 1157 3080 Deum
1182 3024 1534 3078 contueretur
1560 3019 1615 3074 in
1642 3014 1860 3074 Christo
1882 3056 1899 3084 ,
1936 3027 1990 3075 et
2016 3006 2174 3075 Chri-

572 3120 641 3179 sti
671 3135 837 3194 opera
864 3117 963 3176 Dei
991 3112 1335 3174 confessione
1376 3110 1640 3168 laudaret.
1688 3107 2025 3181 Stupuerunt
2048 3106 2175 3167 facti

2268 1900 2379 1956 bit:
2426 1911 2591 1974 atque
2613 1902 2687 1957 ita
2711 1942 2727 1967 ,
2772 1901 2915 1972 quod
2945 1918 3071 1959 mox
3098 1911 3447 1961 consecutum
3475 1912 3553 1959 est
3579 1904 3660 1975 per
3685 1906 3787 1961 hanc

2266 1990 2609 2057 divisionem,
2639 1991 2876 2051 civitatis
2908 1993 3054 2051 illius
3079 1994 3432 2057 denuntiatur
3452 1996 3707 2053 excidium.

2340 2085 2430 2143 15.
2473 2083 2669 2143 Virtute
2693 2070 2869 2143 divina
2897 2085 3157 2147 Christum
3184 2090 3373 2161 ejicere
3405 2090 3656 2147 damonis.
3677 2118 3733 2130 -—
3753 2088 3796 2146 Si

2266 2178 2402 2235 enim
2439 2186 2649 2233 satanas
2691 2188 2928 2235 satanam
2965 2180 3104 2253 ejicit
3128 2223 3145 2247 ,
3184 2181 3431 2237 adversus
3468 2198 3521 2238 se
3553 2180 3716 2239 divisui
3743 2191 3795 2237 est

2268 2271 2433 2341 (Ibid.
2464 2269 2580 2343 26).
2615 2271 2750 2327 Dicti
2781 2273 3080 2342 superioris
3104 2275 3559 2342 malevolentiam,
3584 2291 3674 2346 quo
3706 2291 3793 2332 eum

2268 2366 2325 2422 in
2350 2362 2655 2425 Beelzebub
2714 2367 2829 2425 haec
2857 2383 3019 2440 agere
3068 2369 3430 2441 loquebantur
3451 2411 3471 2440 ,
3512 2384 3572 2429 eo
3605 2371 3793 2444 ipsoque

2269 2459 2433 2519 locuti
2481 2469 2608 2519 sunt
2653 2475 2855 2532 genere
2902 2462 3301 2521 condemnant:
3350 2475 3455 2523 non
3500 2463 3793 2535 intelligente:

2270 2553 2549 2611 confessos
2573 2569 2633 2610 se
2663 2555 2852 2624 fuisse,
2880 2555 3184 2615 Beelzebub
3224 2573 3349 2616 esse
3375 2559 3588 2616 divisum
3607 2577 3619 2612 :
3641 2557 3733 2613 etsi
3746 2554 3792 2611 ad

2270 2645 2594 2703 divisionem
2624 2661 2778 2703 suam
2809 2657 3031 2705 coaetus
3056 2646 3186 2717 est,
3233 2662 3293 2707 ut
3338 2651 3541 2715 daemon
3578 2650 3791 2707 dmmones

2277 2740 2622 2810 proturbaret
2646 2780 2662 2807 ,
2692 2749 2747 2796 et
2776 2739 3039 2799 adversus
3065 2756 3126 2798 se
3150 2742 3349 2821 divisio
3371 2743 3479 2814 ipsa
3508 2741 3791 2805 consuleret:

2282 2833 2410 2890 hinc
2431 2846 2647 2904 quoque
2674 2833 3091 2891 existimandum
3123 2850 3270 2901 esse,
3302 2836 3419 2906 plus
3445 2835 3496 2893 in
3523 2848 3583 2891 eo
3604 2832 3679 2904 qui
3699 2828 3792 2887 divi

2276 2929 2431 2996 serit,
2463 2928 2628 3002 730
2648 2944 2807 2999 quam
2831 2928 2884 2984 in
2913 2929 2996 2985 bis
3023 2929 3116 3001 qui
3146 2914 3309 2987 divisi
3339 2930 3464 2995 sint.
3491 2929 3645 2985 inesse
3673 2923 3793 2978 virtu-

2280 3021 2368 3077 tis.
2424 3021 2570 3092 Ergo
2590 3020 2704 3093 jam
2735 3021 2944 3079 divisus
2968 3033 3099 3089 est,
3145 3033 3200 3078 et
3242 3023 3523 3083 adversum
3561 3034 3613 3079 se
3635 3024 3794 3074 coactus

2279 3122 2406 3182 est,
2455 3130 2789 3188 regnumque
2819 3114 2939 3186 ejus
2978 3115 3246 3173 divisione
3276 3117 3369 3179 tali
3411 3123 3490 3172 est
3524 3111 3789 3171 dissolutum.

572 3215 728 3272 istius
757 3227 893 3283 opus
922 3209 1130 3276 turbae;
1174 3205 1272 3264 sed
1301 3204 1700 3262 Pharisaeorum
1742 3200 2068 3276 ingravescit
2096 3202 2177 3287 in-
2204 3194 2253 3264 C
2281 3204 2436 3277 Quod
2476 3206 2519 3261 si
2546 3207 2599 3261 in
2632 3207 2831 3265 virtute
2876 3206 3180 3265 Beelzebub
3205 3207 3451 3267 Christus
3475 3197 3792 3267 dcemoneSeji-

573 3306 737 3365 vidia.
768 3304 900 3362 Nam
918 3302 1039 3376 quia
1061 3304 1349 3357 humanam
1371 3296 1739 3354 inﬁrmitatem
1763 3294 1879 3351 haec
1898 3304 2042 3350 tanta
2059 3290 2177 3366 ejus

574 3416 741 3473 opera
778 3398 1125 3462 excederent,
1155 3393 1412 3465 pudorem
1444 3388 1804 3473 confessionis
1832 3404 1943 3445 suae
1972 3391 2180 3471 majore

577 3468 816 3567 perﬁdia:
856 3491 1067 3547 scelere
1095 3484 1399 3543 declinant:
1450 3494 1510 3540 ut
1553 3484 1676 3556 quia
1718 3468 1835 3538 haec
1861 3468 2025 3554 opera
2056 3496 2183 3543 esse

577 3586 887 3643 existimare
918 3580 1150 3635 hominis
1184 3593 1288 3632 non
1336 3586 1594 3647 possent,
1646 3574 1894 3631 conﬁteri
1925 3573 2018 3630 Dei
2067 3574 2184 3629 nol-_

578 3670 692 3735 lent'
719 3717 735 3742 ,
780 3685 1107 3742 omnemque
1151 3664 1294 3724 hanc
1336 3667 1456 3741 ejus
1485 3682 1551 3723 ex
1579 3660 1884 3722 Beelzebub
1938 3664 2183 3737 principe

581 3768 888 3827 dromonum
941 3778 1064 3823 esse
1116 3752 1362 3819 dicerent
1417 3760 1474 3816 in
1537 3759 1815 3818 dmmonas
1858 3769 2182 3832 potestatem

585 3855 750 3935 (tua.
780 3852 899 3931 et).

657 3950 746 4011 12.
797 3950 982 4011 Sermo
1023 3950 1123 4008 Dei
1149 3965 1302 4023 quam
1329 3948 1489 4003 dives.
1520 3977 1591 3988 —-
1616 3944 1773 4003 Jews
1807 3955 1978 4002 autem
2021 3948 2187 4006 sciens

584 4048 918 4127 cogitationes
945 4063 1121 4104 eorum
1159 4045 1292 4101 dixit
1317 4044 1423 4100 illis
1459 4058 1478 4099 :
1509 4041 1673 4098 Omne
1705 4058 1920 4118 regnum
1966 4042 2188 4099 divisum

587 4154 769 4199 contra
795 4158 848 4199 se
868 4141 1185 4197 desolabitnr
1206 4135 1368 4213 (Ibid.
1395 4134 1515 4210 25).
1555 4135 1746 4194 Sermo
1777 4134 1871 4193 Dei
1900 4132 2053 4192 dives
2080 4144 2185 4203 est,

589 4245 645 4293 et
674 4235 742 4291 ad
767 4245 1145 4306 argumentum
1186 4231 1391 4302 positus
1437 4228 1808 4299 intelligentize
1834 4269 1850 4295 ,
1903 4227 2189 4303 plurimam

590 4326 660 4383 de
688 4341 748 4383 se
774 4326 1144 4397 exemplorum
1169 4320 1381 4395 copiam
1408 4320 1608 4392 praebet
1633 4338 1646 4374 :
1675 4329 1729 4377 et
1758 4314 1841 4376 vel
1870 4319 2190 4393 simpliciter

592 4402 919 4484 intellectus,
952 4418 1038 4479 vel
1072 4419 1348 4490 inspectus
1377 4414 1623 4482 interius,
1651 4410 1717 4470 ad
1736 4424 1954 4471 omnem
1980 4412 2190 4487 proiec-

592 4521 704 4567 tum
730 4519 815 4567 est
838 4510 1195 4567 necessarius.
1226 4509 1333 4566 Sed
1359 4508 1561 4564 relictis
1582 4504 1691 4573 bis,
1718 4523 1837 4579 qua:
1857 4498 1923 4563 ad
1942 4522 2187 4564 commu-

2281 3296 2376 3363 cit,
2408 3295 2503 3351 lilii
2534 3312 2745 3362 eorum,
2778 3295 2830 3355 id
2867 3307 2948 3353 est
2976 3300 3204 3370 apostoli
3231 3342 3248 3367 ,
3284 3300 3334 3355 in
3361 3299 3506 3370 cujus
3530 3293 3706 3350 nomine
3722 3287 3792 3355 eji-

2281 3390 2430 3446 ciunt
2452 3378 2615 3467 (Ibid.
2639 3388 2773 3459 27)?
2796 3391 2972 3463 Atque
3001 3392 3202 3449 idcirco
3237 3393 3398 3465 digne
3428 3399 3543 3449 sunt
3577 3386 3623 3442 in
3649 3396 3721 3439 eos
3735 3379 3794 3449 ju-

2283 3482 2434 3545 dices
2462 3483 2765 3548 constituti,
2798 3484 2996 3556 quibus
3027 3483 3081 3545 id
3107 3484 3325 3544 dedisse
3352 3482 3582 3543 Chrisms
3604 3476 3793 3532 adversus

2284 3570 2560 3631 d:emones
2586 3575 2871 3648 potestatis
2902 3579 3225 3649 reperietur,
3256 3568 3401 3653 quod
3425 3576 3534 3648 ipse
3558 3572 3618 3629 sit
3632 3574 3794 3638 negatus

2286 3667 2556 3725 habuisse.
2609 3662 2752 3743 Ergo
2778 3668 2822 3725 si
2856 3669 3108 3740 discipuli
3134 3679 3428 3743 operantur
3454 3671 3503 3724 in
3526 3663 3726 3722 Christo,
3756 3660 3796 3708 ct

2285 3776 2352 3818 ex
2382 3759 2693 3835 (d)'Spirilu
2722 3761 2818 3819 Dei
2848 3761 3098 3820 Christus
3126 3777 3412 3835 operatur;
3444 3760 3583 3818 adest
3606 3754 3680 3811 Dei
3707 3761 3792 3816 τινα·

2288 3871 2439 3919 num.
2460 3854 2570 3926 jam
2594 3855 2649 3912 in
2676 3856 2967 3929 Apostolus
2987 3857 3304 3914 mediatoris
3324 3855 3501 3913 ofﬁcio
3520 3844 3789 3911 transfusum.

2290 3946 2397 4004 Sed
2441 3962 2562 4004 cum
2612 3963 2709 4020 per
2757 3946 3059 4006 Beelzebub
3105 3964 3264 4022 posse
3315 3948 3550 4006 Christus
3590 3936 3790 4009 arguitur.

2292 4038 2434 4097 Deus
2476 4036 2883 4113 blasphematur
2909 4042 2963 4098 in
2994 4038 3242 4098 Christo:
3290 4051 3447 4113 atque
3489 4039 3550 4093 ita
3596 4034 3639 4085 in
3676 4026 3792 4113 Deum

2291 4130 2632 4209 inexpiabilis
2680 4134 2909 4190 convicii
2958 4132 3285 4190 contumelia
3336 4148 3432 4213 per
3472 4122 3719 4189 Pbariseos
3752 4112 3790 4165 in

2294 4224 2595 4284 Beelzebub
2617 4227 2834 4285 nomine
2849 4238 3212 4301 comparatur.

2342 4310 2454 4377 ‘16.
2491 4321 2761 4388 Quomodo
2783 4332 2946 4395 potest
2968 4324 3161 4379 intrare
3185 4325 3304 4396 quis
3331 4324 3385 4379 in
3406 4320 3593 4377 domum
3616 4302 3743 4383 Ῑονιίει
3760 4301 3793 4352 θ’

2291 4429 2412 4469 "asa
2444 4417 2556 4489 εἰπε
2582 4414 2850 4487 diripere?
2887 4426 2938 4471 ct
2964 4416 3168 4493 reliqua
3197 4411 3497 4489 (111211.233).
3524 4400 3790 4493 contusae:

2291 4524 2351 4566 se
2383 4506 2435 4569 in
2469 4510 2763 4569 tentatione
2789 4510 2960 4582 prima
2989 4490 3202 4569 omnem
3258 4506 3454 4577 diaboli
3501 4490 3790 4567 indicale

593 4618 718 4662 nem
744 4601 1151 4674 intelligentiam
1182 4610 1388 4677 patent,
1416 4599 1599 4661 causis
1630 4598 1975 4659 interioribus
1999 4600 2193 4659 immo—
2216 4597 2272 4659 D
2298 4612 2493 4661 statem
2519 4645 2535 4673 ,
2586 4603 2710 4675 quia
2750 4614 2910 4658 nemo
2954 4601 3172 4659 domum
3206 4603 3363 4665 fortis
3394 4599 3602 4656 introeat
3637 4584 3793 4677 ςᾱιιεψιὲ

624 4713 797 4752 emur.

624 4713 652 4752 e
696 4717 707 4751 ι
782 4735 797 4750 .

592 4714 622 4754 r
791 4780 1099 4845 Prwdicitur
1125 4789 1271 4862 regni
1312 4782 1482 4845 Israel
1511 4792 1744 4864 jactura.
1777 4819 1846 4830 —
1875 4778 2037 4847 Omne
2074 4807 2191 4866 reg-

598 4899 723 4939 num
763 4881 983 4937 divisum
1015 4889 1193 4935 contra
1220 4898 1274 4936 se
1317 4880 1648 4938 desolabitur.
1694 4882 2075 4955 Responsurus
2122 4883 2190 4943 ad

594 4974 649 5032 id
675 4966 819 5048 quod
846 4972 914 5030 de
941 4970 1245 5029 Beelzebub
1270 4982 1387 5030 erat
1410 4970 1635 5044 dictum,
1664 4974 1719 5032 in
1748 4990 1843 5033 eos
1866 4976 2036 5048 ipsos,
2066 4976 2190 5048 qui.

670 5180 751 5254 (a)
783 5178 925 5237 Editi
943 5221 959 5248 ,
986 5196 1050 5239 ea:
1075 5178 1205 5256 Sion
1225 5179 1402 5256 Isrqu
1422 5190 1469 5256 et
1493 5198 1559 5238 ex
1575 5183 1839 5256 reliquiis;
1868 5184 2202 5254 castigantur

599 5269 667 5311 ex
682 5251 924 5325 quatuor
967 5262 1098 5307 mss.
1144 5251 1236 5307 ubi
1270 5252 1619 5320 exiguitatem
1650 5251 1790 5325 ignis
1821 5270 1933 5313 non
1960 5251 2200 5311 exstinc-

602 5322 720 5399 tam
749 5322 988 5399 llilarius
1006 5325 1404 5399 interpretatur
1432 5322 1691 5395 exiguum
1726 5327 1914 5398 gratia:
1945 5326 2199 5399 Spiritum

600 5396 765 5454 Israel
795 5402 899 5447 non
932 5394 1194 5451 ablatum.

676 5465 751 5542 (b)
791 5463 1049 5542 Potior-es
1080 5482 1211 5523 mss.
1241 5465 1563 5542 desolabitur
1591 5480 1790 5542 necesse
1816 5479 1924 5527 est:
1949 5466 2203 5542 _iorsitan

603 5534 893 5609 sincerius.
942 5534 1277 5609 llujusmodi
1305 5540 1578 5595 locutione
1617 5538 1729 5609 jam
1757 5541 1810 5595 in
1845 5540 1984 5597 l'sal.
2015 5552 2202 5608 csvm,

608 5630 663 5668 n.
694 5612 724 5666 7
754 5651 770 5674 ,
827 5608 1056 5679 legimus
1081 5652 1096 5676 ,
1140 5628 1343 5667 necesse
1375 5621 1449 5667 est
1497 5608 1751 5666 credenda
1792 5619 1898 5666 est:
1947 5618 2003 5667 et
2029 5611 2116 5666 ubi
2149 5612 2203 5666 in

615 5682 759 5756 Psal.
781 5678 929 5741 cxxt.
955 5678 1091 5756 n.1,
1120 5692 1301 5741 exstat
1323 5682 1634 5756 proclamari
1656 5696 1857 5741 necesse
1875 5694 1969 5753 est,
1991 5684 2047 5741 in
2071 5694 2205 5751 mss,

626 5754 856 5825 habetur
882 5754 1217 5825 proclamabit
1236 5754 1437 5815 πρόειπε
1461 5764 1558 5812 est.

700 5820 773 5896 (ο)
822 5820 893 5877 111⁷
931 5825 1140 5899 aliquot
1179 5843 1312 5888 mss.
1358 5830 1562 5889 dicitur.
1615 5825 1737 5889 llox
1782 5826 1838 5886 in
1878 5824 2213 5888 Beccensiet

2300 4709 2424 4751 vasa
2457 4673 2700 4765 diripiat,
2731 4693 2831 4749 nisi
2863 4690 3051 4750 fortem
3082 4678 3399 4766 alligaverit,
3425 4699 3475 4745 et
3498 4694 3609 4739 tunc
3638 4673 3793 4766 demunt

2297 4787 2416 4859 ejus
2441 4756 2696 4861 diripiet:
2727 4796 2782 4841 et
2806 4801 3029 4845 necesse
3056 4794 3140 4843 est
3167 4756 3287 4853 hac
3315 4756 3472 4863 agens
3498 4776 3579 4831 illo
3612 4756 3793 4863 forte'si-l

2298 4880 2511 4937 fortior.
2544 4878 2765 4953 Ligatus
2793 4886 2877 4937 est
2900 4896 3029 4952 ergo
3060 4891 3194 4949 tum,
3217 4856 3562 4937 cumrsatanas
3585 4879 3610 4918 a
3631 4856 3795 4915 Domino

2297 4983 2676 5047 nuncupatus,
2734 4964 2850 5047 ipsa
2889 4972 3145 5046 nequitia:
3188 4990 3302 5031 sua:
3340 4958 3686 5035 nuncupatione
3704 4952 3794 5000 con:

2304 5182 2462 5257 “Qm-
2510 5182 2653 5257 ΡΑιεθε
2696 5180 2914 5239 exarsit.
2963 5174 3207 5238 Verbum
3253 5172 3437 5235 exarsit
3473 5162 3536 5221 ad
3565 5140 3793 5214 Jerusale

2303 5254 2650 5331 referendum
2683 5263 2788 5331 eel-
2858 5322 2890 5331 _
2936 5324 2997 5331 __
3401 5315 3433 5331 ..
3460 5309 3595 5331 μ-..
3649 5276 3795 5331 munia

2378 5296 2816 5419 ῒοέῐέῖιὲἕέιὲξιὲἕιξ
2843 5322 3091 5419 sese:
3104 5309 3600 5419 aceruatim
3614 5296 3793 5419 aith

2304 5387 2528 5455 Ch‘ri’sto
2556 5397 2820 5469 operibus
2843 5387 3225 5469 ωέιηὶῖβειοιμτ
3242 5433 3256 5459 ι
3289 5407 3390 5469 “9”
3416 5387 3719 5469 ἱεῖῖίῗῗῖιῗιξῗέ

2309 5430 2407 5455 Ulli
2423 5430 2528 5454 IIII!
2556 5430 2820 5469 UPUIIUIIU
2844 5430 3215 5473 ιξιεηηωισιυι
3242 5433 3256 5459 ι
3289 5430 3390 5474 Ιιιξυ
3417 5430 3530 5470 ’.ν’-υ
3636 5436 3644 5448 .

2309 5470 2377 5527 tis
2396 5484 2681 5539 personam
2703 5470 2946 5539 denotat.
2976 5466 3068 5525 Sic
3084 5467 3229 5539 enim
3253 5434 3791 5539 ratiocinator

2394 5515 3349 5619 ἥξμζξξίῖιῑδίῑίξξδῑςλῖςίξῖεὶιῖέι
3366 5515 3790 5619 animum:

2383 5584 2726 5689 .VC'hrisiusa
2734 5584 2877 5667 diem
2908 5613 2965 5689 inn
2972 5584 3790 5689 ’ψοςιοιεει-γίτςυιερξξξξιξξξιηᾶ

2318 5654 2524 5753 ίῖιῖιιῖξ”
2538 5654 2877 5758 suam;
2904 5654 3416 5747 natuenatu
3443 5654 3708 5731 ιτιυξῐυευω

2315 5755 2555 5833 regnum
2570 5755 2685 5819 Dei-

3036 5835 3058 5863 Ι
