4046 6340
491 237 598 299 991

1710 231 1954 291 SANCTI
1997 229 2252 288 lllLARll
2284 233 2592 294 EPISCOPI

3697 241 3811 300 99!

494 353 730 431 dentes)
777 355 1008 413 mediam
1048 355 1189 413 inter
1216 359 1505 426 utrumque
1549 352 1875 410 sententiam
1901 396 1917 421 ,
1963 363 2086 409 cum
2116 350 2172 412 Α
2194 350 2261 407 Et
2288 351 2504 424 quidem
2531 353 2788 413 Dominus
2817 356 3068 427 absolvit,
3093 358 3281 416 dicens
3309 377 3323 415 :
3349 359 3440 418 Sic
3467 361 3564 417 erit
3591 376 3810 434 genere»

495 452 827 508 constituere
851 451 1053 507 malum
1095 465 1202 506 non
1234 450 1562 516 audeamus;
1613 450 1859 506 confiteri
1889 451 2094 508 bonum

498 545 754 612 nolimus,
775 543 1132 601 indissolubili
1159 554 1427 616 corruptae
1441 544 1511 602 de
1529 560 1589 602 se
1609 544 1878 618 Opinionis
1891 545 2096 618 judicio

499 639 896 712 relinquamur.
1408 628 1418 638 ’

573 735 660 791 19.
691 732 918 790 Omnem
956 743 1137 791 autem
1178 735 1248 791 ita
1293 733 1562 791 sentiendi
1603 733 2002 805 corruptelam,
2032 748 2099 790 ex

499 837 708 886 natura:
737 828 867 884 vitio
893 828 1162 900 proficisci
1193 827 1396 896 docuit,
1419 828 1606 884 dicens
1638 845 1654 882 :
1684 827 1761 883 De
1791 827 1935 883 malo
1977 825 2099 882 the-

499 938 666 982 sauro
696 940 804 981 non
835 925 936 980 nisi
966 941 1086 997 quae
1114 925 1251 980 mala
1282 932 1409 980 sunt
1436 937 1596 994 posse
1625 921 1874 994 proferri,
1906 928 1962 977 et
1988 935 2104 976 om-

502 1017 589 1075 nis
615 1017 798 1085 otiosi,
825 1017 875 1072 id
904 1028 1009 1083 est,
1044 1019 1207 1088 inepti
1235 1028 1288 1073 et
1314 1017 1521 1072 inutilis
1546 1015 1674 1070 dicti
1700 1015 1966 1078 rationem
1993 1013 2103 1069 Deo

501 1117 626 1160 esse
646 1101 975 1159 reddendam
999 1103 1211 1176 (Matth.
1231 1119 1326 1167 xu.
1357 1101 1448 1175 55)
1481 1119 1493 1156 :
1517 1101 1640 1173 quia
1661 1101 1729 1157 de
1748 1099 2105 1156 confessionis

503 1203 702 1250 nostra:
716 1193 892 1250 verbis
906 1205 998 1249 aut
1017 1193 1408 1249 condemnandi
1428 1193 1616 1259 simus,
1636 1200 1730 1247 aut
1743 1189 2102 1261 justificandi;

509 1287 675 1346 talem
720 1287 887 1344 futuri
934 1287 1119 1358 iudicii
1167 1288 1602 1345 benevolentiam
1649 1279 2105 1357 recepturi,qua-

507 1379 614 1437 lem
657 1379 725 1438 de
767 1381 1005 1438 coalestis
1044 1381 1230 1454 gloria:
1262 1381 1490 1437 Domino
1524 1380 1846 1437 sententiam
1877 1377 2110 1435 tenueri-

579 1570 672 1628 20.
704 1569 837 1626 Fide
870 1570 1092 1640 gentium
1119 1570 1356 1642 arguitur
1383 1569 1663 1640 inﬁdelitas
1691 1567 2016 1624 Iudaeorum.
2039 1596 2111 1609 —

509 1665 736 1737 Signum
767 1663 964 1721 deinde
988 1673 1209 1736 rogatur
1235 1673 1290 1719 ut
1333 1673 1550 1735 prmstet
1568 1705 1584 1731 ,
1607 1663 1750 1734 quod
1781 1679 1840 1719 se
1866 1679 1933 1718 ex
1959 1662 2111 1718 Iona:

2202 446 2328 501 tioni
2347 447 2468 502 huic
2487 450 2720 518 pessima:
2741 449 2904 524 (Ibid.
2932 452 3048 525 45).

2270 541 2362 597 22.
2406 539 2611 598 Iudicis
2653 546 2921 614 superiora
2964 555 3230 617 aptantur.
3249 546 3467 605 Damon
3497 559 3620 606 ante
3646 551 3811 623 legent

2202 631 2475 690 Israelitas
2521 636 2795 693 obtinebat.
2830 637 2963 711 Lege
3003 642 3247 711 expulsus
3274 652 3450 715 gentes
3491 643 3701 698 invasit.
3736 672 3812 685 -—

2204 731 2322 789 Non
2356 734 2516 806 igitur
2544 736 2820 806 ambigere
2855 752 3159 806 possumus,
3189 747 3360 794 totum
3390 738 3496 796 hoc
3520 739 3586 793 ad
3620 754 3814 811 perso-

2205 841 2326 882 nam
2359 827 2540 898 populi
2565 828 2722 898 hujus
2749 844 2869 884 esse
2899 829 3242 886 referendum
3274 831 3408 887 :sed
3436 831 3812 886 contuendum

2205 926 2289 973 est
2339 930 2606 991 quatenus
2660 923 2934 993 pr0posita
2998 924 3205 994 singula
3267 923 3494 994 singulis
3550 925 3814 994 tempori-

2205 1011 2306 1066 bus
2352 1013 2620 1084 rebusque
2646 1015 2960 1072 reddantur.
3011 1015 3313 1087 Superius,
3362 1016 3441 1090 (c)
3500 1033 3702 1088 nempe
3757 1017 3812 1072 in

2206 1102 2558 1161 Ninivitarum
2587 1115 2642 1161 et
2670 1108 2868 1178 regium
2891 1109 3074 1164 Austri
3097 1110 3336 1176 nomine,
3360 1109 3658 1180 justificata
3682 1109 3816 1166 fides

2207 1197 2445 1268 gentium
2470 1208 2554 1253 est
2581 1216 2594 1252 :
2619 1199 2714 1255 sed
2738 1201 2894 1271 longe
2919 1209 3075 1256 antea
3095 1243 3112 1268 ,
3138 1210 3259 1273 post
3281 1203 3450 1258 multa
3478 1204 3533 1257 in
3559 1202 3734 1259 Deum
3761 1212 3819 1259 et

2209 1290 2392 1361 gravia
2415 1292 2868 1361 peccata,ludaeis
2894 1292 3014 1348 data
3038 1294 3120 1349 lex
3143 1303 3250 1350 est.
3268 1294 3336 1350 Et
3353 1302 3570 1364 peccata
3593 1296 3820 1366 quidem

2210 1397 2397 1439 eorum
2429 1383 2512 1454 (ά)
2546 1383 2697 1440 libris
2739 1384 2907 1457 Moysi
2951 1386 3317 1442 continentur.
3347 1385 3549 1442 Verum
3584 1396 3712 1457 post
3741 1395 3822 1442 tot

2212 1477 2408 1533 divina:
2430 1478 2649 1534 virtutis
2673 1477 3021 1548 documenta,
3053 1479 3105 1536 id
3129 1489 3215 1536 est
3232 1523 3248 1547 ,
3274 1481 3462 1536 decem
3489 1481 3670 1552 plagis
3699 1496 3824 1552 per-

2211 1586 2424 1627 cussam
2470 1571 2788 1646 Egyptum,
2832 1582 2886 1629 et
2929 1573 3235 1630 columnam
3284 1574 3447 1630 nubis
3487 1589 3554 1629 ac
3598 1574 3825 1630 luminis

2217 1674 2373 1720 nocte
2394 1663 2589 1736 dieque
2614 1663 2996 1730 famulantem.
3037 1677 3092 1721 et
3132 1667 3186 1720 in
3220 1665 3484 1737 Erythreo
3533 1665 3678 1721 mari
3723 1667 3826 1721 iter

505 1759 664 1832 signo
693 1760 943 1818 daturum
969 1775 1092 1818 esse
1119 1760 1399 1832 reSpondit
1419 1761 1579 1831 (Ibid.
1603 1759 1695 1834 58)
1724 1767 1815 1816 :et
1843 1760 1984 1815 sicut
2015 1758 2109 1814 tri-
2137 1753 2184 1815 B
2214 1757 2521 1828 praebitum,
2571 1767 2626 1814 et
2666 1757 2843 1814 fontes
2888 1758 3058 1830 ruptis
3101 1758 3248 1814 saxis
3292 1756 3580 1813 eflluentes
3602 1797 3622 1826 ,
3655 1766 3716 1813 et
3751 1756 3827 1828 (ε)

509 1853 616 1911 duo
638 1864 693 1912 et
721 1855 946 1911 totidem
978 1856 1226 1912 noctibus
1252 1855 1418 1911 Jonas
1443 1855 1496 1911 in
1519 1856 1622 1912 ceti
1650 1863 1838 1911 ventre
1864 1853 2116 1910 detentus

516 1947 612 2013 sit,
640 1948 710 2002 ita
745 1962 806 2004 se
834 1949 970 2004 intra
1007 1929 1262 2004 interiora
1306 1956 1465 2004 terrae
1505 1949 1616 2016 pari
1655 1947 1915 2018 temporis
1941 1945 2116 2018 spatio

511 2038 944 2096 demoraturum.
977 2039 1082 2097 Sed
1111 2040 1373 2112 majorem
1403 2039 1632 2096 futuram
1677 2040 1919 2111 gentium
1955 2039 2116 2095 fidem

511 2141 799 2189 monstrat.
835 2132 1082 2189 Ninivita:
1117 2134 1264 2190 enim
1295 2133 1430 2190 Jona
1472 2134 1800 2204 praedicante
1846 2134 2115 2204 paeniten-

516 2225 646 2281 tiam
677 2235 923 2296 egerunt,
945 2235 998 2282 et
1021 2241 1048 2280 a
1080 2226 1194 2283 Deo
1221 2227 1431 2282 veniam
1459 2225 1756 2297 pinnitendi
1775 2224 2118 2282 confessione

518 2328 860 2374 meruerunt.
883 2318 990 2375 Sed
1020 2329 1075 2376 et
1115 2318 1300 2375 Austri
1329 2320 1510 2391 regina
1544 2333 1688 2374 nunc
1733 2319 1785 2373 in
1813 2317 2116 2388 exemplum

514 2409 774 2466 Ecclesia:
805 2420 1130 2483 praesumpta
1153 2455 1168 2479 ,
1201 2410 1521 2484 sapientiam
1570 2411 1833 2468 admirata
1875 2411 2120 2466 Salomo-

518 2505 625 2573 nis,
649 2520 713 2562 ex
749 2506 950 2562 ultimis
981 2515 1140 2562 terra:
1166 2507 1410 2578 partibus
1433 2505 1584 2562 venit
1603 2505 1791 2563 audire
1819 2520 1978 2576 quam
2003 2513 2120 2560 erat

521 2598 786 2655 admirata
810 2599 1128 2670 sapientiam
1163 2598 1334 2673 (Ibid.
1364 2598 1429 2654 M
1462 2609 1510 2654 et
1538 2598 1655 2673 42).
1687 2598 1936 2655 Cumulat
1959 2598 2120 2668 igitur

522 2690 778 2747 invidiam
807 2694 1169 2763 comparatio,
1201 2704 1254 2749 et
1283 2693 1500 2749 Judmos
1531 2694 1648 2748 sine
1673 2693 2017 2749 excusatione
2042 2691 2121 2748 fa—

517 2785 595 2840 cit
621 2783 756 2840 fldes
779 2787 1022 2857 gentium
1051 2804 1064 2842 :
1098 2794 1155 2841 ut
1181 2801 1302 2842 cum
1327 2787 1401 2842 illi
1430 2786 1728 2857 prophetis,
1761 2785 1812 2840 id
1841 2795 1944 2852 est,
1968 2786 2120 2844 lana:

520 2874 912 2947 Salomonique
953 2877 1324 2946 crediderint,
1362 2877 1580 2934 Christo
1618 2879 1705 2934 isti
1747 2895 1853 2935 non
1896 2880 2122 2936 credant

522 2970 660 3027 Iona
684 2971 1080 3044 Salomoneqne
1099 2974 1316 3042 potiori.
1336 2972 1403 3028 Et
1420 2973 1621 3028 idcirco
1647 2973 1698 3027 in
1723 2975 2122 3030 resurrectione

529 3081 624 3122 eos
648 3066 967 3137 jndicabunt
988 3109 1004 3136 ,
1028 3072 1150 3139 quia
1174 3069 1228 3123 in
1255 3067 1338 3122 his
1361 3076 1606 3140 repertus
1632 3069 1791 3125 timor
1818 3069 1911 3126 Dei
1938 3069 2118 3138 fuerit,

2219 1851 2576 1907 ministralam
2600 1851 2960 1908 esurientibus
2985 1865 3238 1906 mannam
3265 1892 3280 1919 ,
3313 1861 3366 1906 et
3389 1849 3458 1904 ad
3482 1859 3824 1921 postremum

2219 1945 2271 2000 in
2316 1945 2671 2016 quadraginta
2714 1959 2978 2002 annorum
3029 1954 3272 2014 tempore
3296 1944 3404 1998 vita
3441 1953 3609 2014 atque
3639 1942 3828 1998 habitu

2218 2036 2533 2108 angelorum
2563 2036 2816 2107 pupulum
2852 2036 3120 2092 viventem
3151 2051 3166 2094 :
3199 2034 3265 2108 (f)
3289 2033 3576 2090 adoratum
3620 2033 3830 2104 suppli-

2219 2139 2508 2200 catumque
2532 2135 2716 2199 postea
2745 2127 3040 2196 pecudibus
3061 2136 3118 2182 et
3137 2127 3302 2192 saxis,
3322 2125 3515 2197 bisque
3542 2140 3674 2180 cum
3701 2125 3831 2180 cbo-

2219 2223 2297 2279 ris
2324 2221 2657 2290 canticisque
2687 2221 2966 2289 saltatum,
2998 2227 3055 2276 et
3083 2218 3301 2275 metalla
3324 2217 3459 2274 deos
3488 2226 3825 2287 nuncupata.

2221 2313 2365 2386 Ergo
2415 2313 2740 2370 insidentem
2791 2312 2964 2383 plebis
3013 2311 3168 2367 istius
3218 2310 3530 2381 pectoribus
3579 2310 3826 2380 spiritum

2220 2405 2557 2463 immundum
2591 2407 2698 2472 lex,
2728 2420 2849 2476 quae
2872 2411 3057 2476 postea
3081 2403 3206 2460 data
3230 2411 3313 2459 est
3337 2445 3352 2468 ,
3383 2402 3705 2458 interventu
3731 2417 3826 2460 suo

2221 2501 2414 2573 ejecit,
2442 2509 2498 2558 et
2521 2501 2683 2557 veluti
2714 2500 2942 2572 quadam
2970 2499 3217 2555 custodia
3245 2497 3615 2568 circumjectaz
3643 2506 3824 2569 potes-

2223 2596 2348 2652 tatis
2375 2594 2626 2652 exclusit.
2652 2595 2752 2662 Qui
2785 2594 2933 2649 illinc
2961 2594 3169 2660 exiens,
3193 2591 3395 2648 circum
3421 2599 3619 2662 gentes
3645 2589 3826 2646 deser-

2223 2698 2305 2746 tas
2330 2699 2490 2761 atque
2515 2687 2695 2744 aridas
2728 2688 3037 2754 oberravit,
3061 2686 3280 2742 domum
3312 2694 3556 2741 veterem
3594 2683 3827 2739 derelin-

2222 2799 2395 2856 quens
2425 2802 2438 2839 :
2466 2792 2524 2838 nt
2559 2783 2610 2838 in
2640 2781 2723 2837 his
2749 2796 2919 2853 usque
2966 2781 3017 2836 in
3060 2779 3202 2836 diem
3224 2776 3411 2850 judicii
3459 2791 3570 2834 non
3623 2778 3827 2848 inquiev

2225 2887 2332 2934 tata
2361 2876 2694 2932 habitatione
2722 2874 3107 2946 requiesceret.

2295 2970 2386 3025 ‘23.
2405 2967 2646 3024 Gentibus
2667 2967 2869 3023 indulta
2889 2967 3056 3041 gratia
3077 2965 3145 3021 ad
3165 2963 3376 3020 Judtzos
3398 2964 3576 3019 rediit.
3593 2962 3703 3018 Cur
3720 2980 3824 3035 sep-

2225 3070 2324 3118 tem
2348 3077 2519 3116 secum
2545 3057 2981 3117 assumat.—Sed
3006 3073 3220 3114 rursum
3243 3057 3336 3112 Dei
3361 3057 3533 3127 gratia
3561 3057 3824 3128 impertita

527 3159 725 3236 quibus
752 3160 834 3215 lex
861 3175 968 3216 non
998 3170 1115 3216 erat
1144 3161 1429 3232 praedicata
1457 3181 1469 3216 :
1494 3161 1596 3218 hoc
1618 3164 1786 3233 magis
1812 3163 2013 3236 indigni
2033 3180 2124 3220 ve-
2153 3156 2198 3220 C
2230 3157 2514 3230 gentibus,
2558 3166 2838 3227 postquam
2884 3155 2938 3210 in
2978 3168 3133 3224 aqum
3179 3152 3395 3208 lavacro
3423 3149 3541 3205 fons
3573 3150 3730 3205 vivus
3754 3148 3826 3204 cf-

527 3175 678 3230 qutut
699 3175 725 3214 s
753 3175 834 3215 lex
861 3175 968 3216 non
998 3175 1115 3216 erat
1144 3175 1429 3232 prtemcata
1457 3181 1469 3216 :
1495 3175 1596 3218 hoc
1618 3178 1786 3233 magis
1812 3175 2013 3236 indigni
2033 3180 2124 3220 ve-

524 3255 612 3309 nia
635 3175 714 3327 (as
738 3254 828 3325 qui
857 3271 924 3310 ex
949 3256 1070 3327 lege
1100 3265 1226 3310 sunt
1252 3255 1523 3323 infideles,
1545 3272 1652 3328 quo
1675 3256 1793 3327 plus
1823 3255 1947 3314 fidei
1970 3257 2023 3313 in
2045 3258 2126 3316 eis

522 3348 613 3421 qui
645 3347 818 3418 legem
851 3348 1234 3419 ignoraverunt
1262 3350 1332 3405 sit
1361 3361 1655 3421 repertum.

594 3439 685 3496 2‘1.
706 3439 836 3496 Cum
865 3451 1035 3496 autem
1059 3443 1355 3497 immundus
1381 3445 1592 3516 spiritus
1614 3445 1793 3500 exierit
1813 3447 1877 3501 ab
1896 3446 2124 3512 homine,

523 3535 756 3590 ambulat
784 3552 876 3607 per
905 3536 1020 3590 loca
1049 3536 1220 3604 arida,
1252 3552 1486 3602 quaerens
1511 3539 1764 3609 requiem,
1788 3548 1836 3594 et
1863 3557 1964 3596 non
1991 3541 2128 3593 inve-

523 3631 661 3696 niet,
706 3638 762 3684 et
783 3629 984 3698 reliqua
1021 3628 1185 3699 (Ibid.
1215 3628 1332 3700 45).
1363 3631 1663 3688 Continens
1691 3633 1852 3688 lectio
1891 3643 2006 3698 est,
2034 3643 2088 3689 et
2110 3676 2124 3701 ,

523 3735 590 3777 ex
622 3720 737 3789 ipso
765 3719 878 3774 initi
902 3720 1170 3774 sermonis
1191 3720 1416 3776 exordio
1435 3762 1449 3786 ,
1483 3721 1560 3793 (b)
1579 3739 1643 3778 ex
1664 3737 1825 3779 sensu
1849 3725 2128 3794 superiore

525 3807 797 3882 proficisci
831 3810 1098 3866 indicatur
1125 3827 1140 3866 :
1171 3827 1235 3866 ex
1264 3811 1414 3868 verbi
1436 3812 1579 3869 enim
1611 3815 1991 3884 conjunctione
2013 3830 2126 3872 cu:-

526 3903 626 3975 pit.
666 3901 772 3958 Sed
823 3902 986 3958 totius
1023 3905 1311 3974 propositae
1351 3907 1768 3976 comparationis
1807 3909 1944 3964 ratio
1987 3918 2128 3965 trac-

529 3995 689 4054 tanda
739 4004 840 4052 est.
894 3996 1096 4052 Exiens
1139 3998 1206 4052 ab
1259 3999 1478 4056 homine
1525 4000 1834 4058 immundus
1881 4004 2124 4076 spiritus,

525 4089 678 4147 arida
706 4101 760 4147 et
789 4091 1046 4164 inaquosa
1079 4091 1193 4148 loca
1225 4092 1452 4160 circuit,
1487 4092 1538 4147 in
1566 4093 1763 4164 quibus
1801 4094 1978 4150 nullus
2009 4095 2129 4152 fons

527 4184 653 4241 vita:
680 4184 953 4241 efﬂuebat.
980 4184 1048 4240 Et
1068 4200 1190 4240 cum
1219 4186 1457 4256 requiem
1486 4200 1592 4240 non
1621 4185 1879 4252 inveniet,
1905 4197 2016 4243 tum
2044 4189 2128 4244 in-

529 4287 609 4333 tra
638 4292 697 4334 se
727 4279 998 4349 loquetur,
1022 4293 1318 4348 congruum
1348 4277 1450 4332 sibi
1473 4293 1614 4343 esse,
1633 4278 1698 4333 ad
1725 4278 1945 4335 domum
1972 4296 2125 4336 suam

529 4369 676 4426 unde
701 4371 872 4426 exivit
895 4373 1123 4438 reverti;
1157 4386 1316 4442 quam
1344 4371 1580 4428 inveniet
1605 4381 1884 4428 vacantem
1903 4415 1919 4439 ,
1950 4377 2128 4447 scopis

530 4463 841 4519 mundatam
867 4473 919 4519 et
949 4473 1224 4532 ornatam;
1244 4473 1588 4535 assumetque
1614 4479 1797 4521 secum
1819 4466 1980 4538 733
2006 4482 2129 4539 sep-

2229 3252 2405 3316 fluxit,
2439 3248 2711 3304 habitandi
2733 3262 2857 3303 cum
2881 3246 2963 3302 bis
2985 3246 3137 3303 locus
3161 3245 3341 3300 nullus
3361 3253 3446 3299 est
3469 3261 3482 3296 :
3507 3252 3564 3298 et
3583 3259 3705 3299 cum
3721 3242 3825 3313 jam

2231 3343 2285 3400 in
2317 3343 2404 3399 bis
2425 3341 2665 3413 requiem
2697 3355 2804 3395 non
2832 3339 3095 3406 haberet,
3129 3338 3271 3392 intra
3299 3352 3358 3393 se
3383 3346 3672 3407 reputans,
3696 3337 3826 3407 opti-

2230 3454 2378 3494 mum
2407 3436 2580 3494 credit
2607 3434 2822 3507 regredi
2851 3433 2904 3490 in
2929 3449 3048 3489 eam
3081 3448 3146 3490 ex
3171 3447 3274 3504 qua
3321 3430 3598 3503 profectus
3627 3440 3709 3486 est
3733 3431 3825 3486 do-

2230 3548 2398 3588 mum.
2425 3531 2552 3587 Haec
2573 3528 2858 3586 emundata
2890 3543 2986 3598 per
3027 3528 3220 3598 legem,
3243 3535 3300 3582 et
3326 3525 3706 3598 prapbetarum
3731 3541 3824 3580 or-

2231 3637 2355 3681 nata
2383 3623 2686 3696 praeconiis.
2707 3633 2762 3678 et
2780 3623 2980 3678 Christi
3020 3621 3254 3678 adventu
3298 3632 3594 3692 praeparata
3615 3663 3628 3684 ,
3649 3635 3818 3675 vacua

2231 3721 2500 3776 invenitur
2532 3739 2545 3774 :
2578 3734 2606 3774 a
2629 3733 2734 3791 qua
2765 3726 2820 3774 et
2847 3716 3090 3774 custodia
3139 3717 3274 3789 legis
3313 3716 3638 3771 abscesserit
3679 3715 3825 3786 (quia

2231 3813 2408 3869 omnis
2439 3813 2523 3869 lex
2551 3827 2724 3884 usque
2751 3811 2819 3867 ad
2846 3811 3107 3868 Joannem
3139 3811 3262 3882 est(
3288 3809 3475 3864 Matth.
3506 3825 3578 3875 ιι,
3609 3810 3711 3883 l5)
3736 3853 3750 3875 ,
3777 3820 3827 3866 et

2231 3909 2298 3966 ad
2331 3907 2678 3964 habitandum
2718 3922 2826 3963 non
2865 3916 3118 3978 receptus
3157 3907 3228 3963 sit
3256 3904 3530 3961 Christus.
3552 3904 3734 3978 Atque
3760 3908 3825 3960 ita

2231 4013 2287 4060 et
2314 4002 2620 4058 habitatore
2645 4016 2808 4056 vacua
2836 4009 2919 4056 est
2939 4042 2955 4067 ,
2983 4011 3037 4055 et
3075 3999 3288 4056 deserta
3321 3998 3643 4054 custodibus
3674 4014 3823 4054 :cum

2235 4106 2410 4152 tamen
2444 4095 2521 4168 (g)
2551 4095 2804 4150 veniente
2831 4094 3154 4160 habitatore,
3189 4094 3546 4164 praeeuntium
3577 4094 3826 4149 sollicitu-

2232 4189 2380 4256 dine,
2402 4200 2457 4243 et
2481 4188 2732 4244 mundata
2760 4187 2830 4242 sit
2853 4196 2908 4242 et
2928 4196 3140 4242 ornata.
3171 4185 3391 4256 Septem
3420 4186 3588 4257 igitur
3613 4186 3826 4256 spiritus

2233 4283 2520 4354 nequiores
2548 4290 2923 4349 assumuntur;
2955 4280 3076 4352 quia
3105 4287 3182 4334 tot
3213 4289 3367 4336 erant
3395 4279 3694 4351 gratiarum
3718 4295 3827 4335 ruu-

2233 4392 2361 4433 nera
2389 4375 2652 4431 destinata
2680 4374 2764 4446 (h)
2791 4387 2911 4429 cum
2939 4370 3188 4439 Christo,
3235 4387 3356 4442 qure
3385 4371 3438 4426 in
3469 4385 3539 4426 eo
3569 4371 3828 4426 multifor-

2234 4470 2336 4538 mis
2363 4469 2449 4524 illa
2478 4468 2568 4523 Dei
2593 4467 2854 4538 sapientia
2893 4465 3190 4536 septiformi
3218 4466 3386 4536 gloria
3417 4463 3708 4519 collocavit
3732 4483 3746 4517 :
3775 4472 3826 4517 ut

493 4619 504 4630 _
532 4565 642 4613 tem
673 4556 898 4628 Spiritus
918 4572 977 4613 se
1005 4559 1315 4629 nequiores,
1343 4558 1786 4628 introeuntesque
1815 4559 2133 4615 babitabunt
2159 4569 2210 4628 ι)
2237 4572 2384 4619 tanta
2406 4562 2706 4633 iniquitatis
2731 4561 2881 4616 fieret
2908 4558 3202 4629 possessio,
3232 4565 3428 4626 quanta
3453 4556 3635 4612 futura
3667 4557 3825 4612 fuerat

529 4648 626 4718 ibi,
654 4656 709 4704 ct
748 4649 1034 4705 novissima
1068 4651 1303 4706 hominis
1347 4649 1490 4705 illius
1517 4651 1704 4722 primis
1731 4651 1914 4723 pejora
1947 4665 2127 4710 erunt.

608 4786 772 4861 (alin
803 4785 1054 4861 vulgatis,
1081 4788 1220 4856 quia.
1249 4786 1469 4861 Rectius
1492 4787 1544 4842 in
1578 4802 1708 4844 mss.
1732 4789 1821 4859 qui
1843 4805 1862 4854 ,'
1887 4788 1992 4845 hoc
2016 4800 2121 4855 est,

533 4858 720 4930 populi
751 4858 882 4942 legis
902 4900 917 4926 ,
948 4858 1037 4929 qui
1083 4867 1210 4912 sunt
1263 4859 1511 4915 infideles
1534 4901 1550 4924 ,
1579 4874 1646 4915 eo
1697 4858 1866 4932 magis
1920 4861 2124 4934 indigni

535 4943 663 4988 SUlll
690 4946 866 4987 venia.

611 5004 684 5074 (b)
711 5003 852 5058 Editi
871 5043 886 5068 ,
919 5010 966 5055 et
993 5012 1146 5074 sensu
1187 5018 1205 5055 :
1231 5001 1575 5074 corriguntur
1601 5018 1669 5058 ex
1697 5018 1828 5058 mss.
1861 5003 1974 5060 Hoc
2001 5015 2082 5060 est
2108 5048 2123 5072 ,

536 5073 710 5146 ipsum
769 5073 1036 5130 sermonis
1080 5073 1362 5146 exordium
1395 5094 1407 5127 :
1439 5073 1589 5136 Cum,
1613 5085 1779 5130 autem
1807 5076 2125 5143 immundus,

537 5143 670 5212 clc.,
702 5146 903 5201 indicat
933 5160 1052 5200 eam
1080 5143 1369 5216 lectionem
1397 5160 1464 5200 ex
1493 5161 1655 5202 sensu
1686 5147 1966 5216 superiore
1988 5191 2001 5215 ,
2033 5163 2126 5203 cu-

536 5218 626 5288 jus
648 5217 986 5272 continuatio
1013 5225 1117 5280 est,
1149 5214 1442 5285 proficisci.

610 5288 680 5360 (c)
711 5290 764 5343 In
787 5288 1170 5343 sincerioribus
1189 5301 1320 5341 mss.
1355 5303 1592 5360 namque,
1611 5305 1714 5346 vox
1734 5290 1936 5346 llilario
1962 5290 2122 5347 fami-

537 5359 684 5416 liaris
714 5377 811 5430 pro
832 5377 1030 5429 nempe.
1492 5359 1496 5360 ⁷
2012 5394 2020 5403 .

613 5430 693 5507 _(d)
726 5431 1284 5507 Solus_ms._Turon.
1311 5444 1440 5507 cum
1478 5433 1710 5507 excusis,
1743 5433 1874 5489 libro
1927 5435 2120 5507 Moysi.

530 5501 681 5562 Infra
711 5519 832 5570 cap.
858 5502 947 5567 H,
973 5504 1126 5568 n.ll,
1159 5504 1280 5558 libri
1311 5501 1442 5573 legis
1467 5504 1701 5574 quinque
1732 5501 2122 5564 memorauiur.

615 5573 688 5658 (ε)
715 5574 1002 5658 Vaticanus
1042 5575 1213 5630 codex
1259 5573 1719 5658 apud-Latinium“
1739 5618 1753 5640 ,
1781 5579 2124 5658 ministratum

539 5646 879 5704 esurientibus
923 5663 1112 5719 manna
1153 5648 1345 5719 :_nullo
1373 5648 1479 5702 alio
1526 5648 1576 5719 ei
1605 5646 1958 5719 suffragante.
2011 5649 2126 5706 Μο-

539 5720 779 5792 nuimus,
813 5726 928 5772 not.
959 5717 993 5770 ά
1027 5718 1134 5772 col.
1168 5717 1271 5774 757
1301 5720 1456 5792 hujus
1486 5717 1764 5785 editionis,
1785 5717 1842 5776 in
1871 5737 2004 5780 mss.
2029 5721 2126 5779 ha-‘i

547 5788 658 5842 heri
686 5789 926 5841 mmmam
963 5798 1229 5844 wternam.

2241 4656 2557 4728 gratiarum.
2586 4657 2764 4724 Atque
2785 4653 2858 4708 ita
2890 4651 3182 4708 novissima
3208 4650 3444 4706 hominis
3473 4650 3622 4706 illius
3650 4651 3824 4722 pejora

2305 4793 2373 4864 (Γ)
2433 4791 2489 4846 In
2535 4805 2638 4846 ms.
2666 4788 2872 4864 iColbt
2897 4791 3194 4864 adorantem
3243 4797 3421 4864 postea
3460 4788 3690 4864 pecudes
3719 4805 3822 4864 cum

2231 4859 2404 4929 satis,
2435 4863 2810 4918 consentiente
2835 4863 3059 4917 Carnut.
3095 4863 3198 4916 nisi
3227 4859 3370 4932 quod
3402 4860 3818 4932 adorantemha-

2228 4937 2323 4993 bet
2345 4943 2552 4990 tantum
2576 4934 2832 4990 secundis
2871 4932 3036 4989 curis.
3085 4933 3142 4988 In
3165 4931 3285 4987 aliis
3313 4933 3474 4988 etiam
3503 4947 3639 4987 mss.
3673 4931 3818 4985 abest

2231 5008 2681 5080 supplicatumque
2707 5005 2898 5080 :_quod
2944 5005 3148 5080 absque
3187 5003 3511 5080 auctoritate
3555 5002 3814 5080 adjectum

2231 5075 2603 5149 suspicamur,
2617 5075 2852 5133 maxime
2874 5092 2994 5131 cum
3020 5077 3246 5149 verbum
3265 5076 3426 5130 adora
3448 5075 3500 5149 in
3524 5075 3649 5128 aliis
3666 5075 3815 5149 etiam

2233 5145 2419 5206 Hilarii
2452 5150 2583 5204 locis
2608 5164 2729 5204 cum
2758 5159 2951 5218 quarto
2979 5162 3104 5202 casu
3126 5148 3371 5216 junctum
3404 5145 3812 5218 adverterimus.

2229 5220 2388 5291 Apud
2417 5220 2541 5276 Par.
2575 5215 2874 5274 adorantem
2895 5219 3500 5291 supplicatumque_._etc._
3532 5215 3679 5272 Ante
3704 5217 3816 5270 ado-

2228 5287 2427 5360 ratum,
2456 5291 2764 5361 intelligere
2793 5303 2874 5347 est
2903 5291 3160 5346 continent
3183 5287 3301 5344 libri
3330 5287 3522 5359 Moysi.

2306 5408 2384 5490 (ρ)
2415 5407 2476 5490 in
2501 5405 2755 5476 vulgatis,
2786 5404 3002 5490 uenienti
3022 5404 3312 5490 [iubilatort
3335 5402 3812 5490 Ermferimiiscnm

2232 5473 2533 5551 potioribus
2561 5473 2693 5551 niss.
2721 5477 2948 5551 veniente
2977 5476 3266 5551 habitatore
3285 5517 3300 5540 ,
3329 5473 3549 5529 diabolo
3562 5473 3804 5551 scilicet.

2231 5544 2317 5606 cui
2359 5564 2534 5621 neque
2575 5548 2668 5621 lex
2688 5547 2918 5621 sollicita
2954 5549 3266 5620 prospexit,
3297 5561 3398 5603 nec
3424 5544 3732 5618 prOphetae,
3757 5551 3809 5600 ut

2233 5637 2345 5695 prae
2381 5619 2572 5678 se'fert
2593 5620 2740 5690 prior
2768 5619 2950 5676 lectio.

2305 5728 2389 5798 (h)
2417 5727 2508 5785 Sic
2537 5740 2668 5784 mss.
2696 5726 2767 5787 At
2793 5723 2962 5796 editi,
2993 5725 3048 5782 in
3076 5721 3301 5783 Christm
