3882 6332
4 346 116 405 995

917 343 1464 404 COMMENTARIUS
1501 343 1566 401 ΙΝ
1605 343 2050 406 MATTHZEUM.
2089 347 2247 406 CAP.
2288 351 2428 409 XIII.

3218 357 3330 419 994

6 471 178 518 erunt
210 463 488 536 prioribus
516 463 683 537 {quia
705 463 782 538 (τι)
813 477 880 521 ex
902 463 1104 521 ludatis
1130 463 1438 521 immundus
1463 462 1622 534 spiri—
1648 461 1702 523 Α
1723 463 1792 520 ab
1813 465 1911 521 eis.
1937 467 2202 524 Damnum
2253 469 2459 525 scilicet
2490 468 2624 540 legis
2667 485 2734 527 ex
2782 469 2906 528 fidei
2939 471 3117 543 inapia
3143 471 3327 530 decla-

6 567 95 614 tus
153 569 310 616 metu
361 559 526 634 734
575 561 707 632 legis
755 569 1090 625 excesserat,
1142 574 1286 615 nunc
1341 566 1520 614 autem
1566 556 1620 612 in

3 665 106 707 eos
165 667 298 708 cum
356 654 560 709 ultione
607 651 901 725 repudiata:
954 650 1024 708 ab
1074 651 1155 708 eis
1199 650 1385 722 gratia:
1440 662 1622 705 rever-

4 751 180 800 tetur.

79 837 181 892 24.
211 836 668 911 Pr0pinquitatum
684 840 776 912 jus
787 840 902 911 jam
929 837 1068 893 unde
1092 838 1414 892 sumendum.
1435 833 1625 891 Christi

5 933 302 1006 propinqui
341 934 468 1004 foris
507 944 732 1002 stantes,
772 934 1072 1007 Synagoga.
1103 963 1176 975 —
1198 933 1266 988 Et
1302 933 1426 1004 quia
1455 938 1623 987 totum

3 1024 157 1081 istud
189 1026 247 1082 in
278 1037 517 1098 paterna:
554 1027 850 1100 majestatis
884 1029 1086 1083 virtute
1111 1027 1462 1096 loqueretur;
1488 1040 1627 1079 nun-

6 1119 173 1174 tianti
197 1119 302 1175 sibi
319 1119 463 1191 quod
482 1121 611 1175 foris
633 1135 663 1174 a
691 1129 862 1176 matre
882 1130 1044 1190 atque
1069 1134 1098 1173 a
1129 1118 1384 1175 fratribus
1404 1132 1628 1188 exspec-

5 1225 251 1284 taretur,
278 1231 496 1272 manum
529 1216 582 1271 in
606 1215 902 1283 discipulos
925 1214 1243 1281 extendens,
1268 1229 1364 1270 eos
1388 1212 1490 1268 sibi
1519 1212 1629 1267 fra-

8 1317 128 1366 tres
159 1324 289 1365 esse
316 1320 652 1379 matremque
679 1307 960 1379 respondit
981 1323 996 1375 ;
1019 1317 1074 1364 et
1092 1308 1414 1378 quicumque
1437 1305 1628 1363 volun-

8 1401 112 1455 tati
141 1408 387 1472 paterna:
410 1400 698 1456 obsecutus
717 1411 882 1469 esset,
910 1415 1033 1456 eum
1061 1415 1185 1456 esse
1222 1409 1275 1456 et
1316 1397 1536 1454 fratrem
1573 1407 1628 1454 et

12 1511 272 1552 sororem
319 1503 372 1551 et
417 1503 646 1550 matrem
698 1512 711 1548 :
764 1494 990 1549 formam
1037 1509 1098 1550 se
1143 1494 1316 1565 ipsum
1364 1492 1630 1548 universis

15 1587 224 1658 agendi
253 1585 630 1658 sentiendique
649 1586 1007 1654 constituens,
1033 1586 1490 1657 pt'opinquilatum
1513 1600 1631 1640 om-

24 1680 182 1734 nium
210 1679 298 1750 jus
317 1687 479 1751 atque
509 1694 730 1744 nomen,
760 1678 867 1750 iam
921 1695 1026 1733 non
1073 1678 1162 1736 de.
1184 1677 1495 1734 conditione
1536 1693 1632 1732 na-

25 1774 248 1840 scendi,
284 1772 376 1829 sed
416 1773 484 1829 de
534 1773 790 1829 Ecclesia:
836 1771 1216 1828 communione
1264 1770 1627 1826 retinendum.

1725 566 1804 612 rat
1833 575 1847 613 :
1876 559 1959 630 (d)
1982 576 2140 630 quam
2174 561 2333 618 fidem
2354 561 2525 618 Judaei
2557 579 2662 620 non
2687 564 2972 630 habentes,
2997 566 3169 638 legem
3198 582 3332 639 quo-

1725 663 1828 718 que
1848 660 2006 721 qudm
2039 651 2200 727 735
2225 653 2524 710 habuerant
2558 656 2927 727 perdiderunt.
2965 658 3035 715 Et
3064 659 3188 716 ideo
3210 675 3334 731 per-

1724 731 1920 790 fectum
1955 735 2084 793 fides
2105 740 2414 810 evangelica
2441 739 2605 798 habet
2631 741 2873 809 donum;
2907 745 3032 814 quia
3084 753 3336 816 suscepta

1728 825 1879 880 novis
1926 828 2188 886 fructibus
2227 829 2398 899 ditat,
2447 832 2723 904 repudiata
2770 850 2902 891 vero
2929 835 3090 892 etiam
3131 837 3334 894 veteris

1726 916 2047 975 substantia:
2077 936 2206 992 opes
2234 923 2490 980 detrahit.

1798 1013 1853 1068 5.
1895 1012 2065 1069 Vestri
2095 1027 2262 1073 autem
2291 1019 2426 1074 beati
2451 1022 2588 1078 oculi
2615 1023 2705 1093 qui
2734 1023 2905 1079 vident
2925 1065 2940 1092 ,
2967 1033 3013 1081 et
3048 1041 3200 1083 aures
3221 1041 3336 1098 qua:

1727 1103 1944 1158 audiunt
1966 1104 2130 1177 (Ibid.
2164 1110 2276 1182 16).
2299 1113 2612 1183 Apostoloci
2641 1117 2900 1186 temporis
2944 1116 3334 1176 beatitudinem

1729 1194 1906 1264 docet,
1938 1213 2166 1270 quorum
2199 1204 2371 1260 oculis
2407 1216 2570 1278 atque
2599 1210 2818 1266 auribus
2857 1211 3085 1284 contigit
3111 1213 3205 1269 Dei
3238 1212 3338 1270 Sa-

1730 1288 1904 1347 lutare
1931 1291 2109 1350 visere
2142 1303 2198 1350 et
2239 1296 2470 1355 audire:
2508 1298 2784 1373 pr0phe'tis
2826 1311 2989 1376 atque
3031 1305 3195 1376 justis
3243 1321 3338 1362 cu-

1733 1380 2004 1450 pientibus
2034 1385 2216 1442 videre
2255 1397 2311 1443 et
2353 1389 2540 1447 audire
2582 1393 2635 1448 in
2685 1395 3071 1464 plenitudinem
3129 1410 3338 1471 tempo-

1731 1488 1847 1528 rum
1875 1474 1950 1549 (e)
1979 1476 2396 1549 destinatorum,
2432 1494 2484 1538 et
2534 1489 2952 1555 exspectationis
3004 1490 3158 1547 istius
3205 1506 3340 1563 gau-

1734 1567 1881 1625 dium
1913 1569 2191 1641 Apostolis
2215 1587 2573 1634 reservatum.

1802 1659 1860 1715 4.
1917 1661 2153 1719 Granum
2197 1667 2394 1738 sinapis
2447 1667 2716 1727 Dominus.
2773 1672 2930 1728 Olera
2978 1675 3344 1746 prophetarum

1733 1753 2187 1841 verbasApostoli
2211 1760 2466 1830 quomodo
2498 1764 2648 1818 rami.
2677 1794 2749 1804 —
2783 1765 2966 1821 Simile
3011 1777 3086 1822 est
3129 1786 3341 1841 regnum

20 1867 302 1924 Czeterum
326 1881 430 1922 non
459 1864 738 1922 fastidiose
762 1864 830 1920 de
855 1875 1031 1919 matre
1056 1879 1151 1919 sua
1182 1862 1419 1918 sensisse
1446 1862 1632 1918 existi-
1659 1851 1703 1912 Β

1764 1837 1979 1902 ωιοηίηι
2007 1867 2173 1921 grano
2221 1853 2440 1924 sinapis,
2481 1865 2535 1910 et
2563 1856 2770 1928 reliqua
2815 1857 2976 1932 (Ibid.
3008 1860 3124 1933 51).
3158 1837 3342 1921 Crano

19 1957 260 2014 mandus
293 1967 400 2024 est,
433 1958 520 2014 cui
550 1960 602 2013 in
633 1957 884 2028 passione
925 1955 1130 2027 positus
1159 1955 1408 2010 maximae
1433 1953 1634 2011 sollici-

18 2050 234 2108 tudinis
268 2049 523 2107 tribuerit
543 2050 791 2106 affectum
824 2047 1018 2122 (Joan.
1047 2064 1143 2103 XIX
1165 2089 1179 2115 ,
1213 2047 1287 2103 26
1313 2055 1359 2101 et
1379 2044 1506 2118 ‘27).
1537 2046 1635 2102 Est

17 2157 211 2202 autem
241 2147 404 2202 etiam
437 2145 489 2200 in
522 2161 588 2202 eo
607 2145 784 2218 typica
807 2144 945 2200 ratio
974 2154 1209 2212 servata,
1235 2154 1292 2198 ut
1320 2151 1492 2198 mater
1517 2143 1635 2212 ejus

21 2251 81 2297 et
118 2241 323 2297 fratres
363 2239 493 2295 foris
521 2247 750 2306 starent,
783 2255 905 2294 cum
960 2238 1145 2308 utuiqe
1185 2235 1522 2307 ingrediendi
1569 2234 1636 2290 ad

19 2349 153 2390 eum
177 2332 446 2389 baberent
473 2341 530 2388 ut
567 2330 749 2387 caeteri
781 2339 1122 2401 potestatem.
1150 2329 1256 2385 Sed
1287 2327 1410 2401 quia
1443 2329 1495 2384 in
1540 2343 1637 2384 sua

22 2426 200 2492 venit,
226 2435 284 2481 et
312 2424 393 2480 sui
415 2440 538 2480 emn
567 2423 650 2496 (b)
678 2439 784 2479 non
826 2429 1184 2493 receperunt;
1218 2421 1270 2476 in
1306 2429 1478 2475 matre
1523 2419 1641 2491 ejus

22 2535 93 2575 ac
117 2517 380 2574 fratribus
405 2518 684 2590 Synagoga
709 2525 764 2572 et
784 2515 1042 2571 Israelita:
1086 2513 1529 2586 prteligurautur,
1559 2512 1642 2568 in-

24 2631 228 2688 gressu
250 2615 368 2686 ejus
388 2623 551 2686 atque
581 2612 728 2669 aditu
751 2610 1112 2667 abstinentes.

641 2748 869 2806 CAPUT
911 2746 1049 2804 XIII.

35 2871 246 2929 Sedens
282 2871 337 2925 in
363 2867 598 2925 navicula
645 2865 796 2921 Iesus
827 2865 994 2920 turbis
1021 2863 1294 2932 parabolas
1331 2863 1558 2934 loquitur
1585 2861 1648 2916 de

118 2969 401 3026 seminante
445 2969 633 3023 bonum
684 2981 886 3031 semen,
918 2964 981 3019 de
1008 2963 1209 3018 zizania
1262 2969 1310 3015 ct
1363 2959 1557 3026 tritico,
1586 2956 1650 3011 de

113 3077 285 3135 grano
308 3061 524 3133 sinapis,
548 3060 611 3113 de
641 3059 888 3130 fermento
910 3057 1156 3112 absconso
1185 3055 1237 3108 in
1264 3054 1458 3126 farina,
1489 3063 1534 3108 et
1556 3067 1649 3107 ea:-

114 3158 308 3230 positio
333 3156 568 3220 zizaniat,
593 3154 658 3209 de
677 3151 913 3208 thesauro
935 3152 991 3206 in
1019 3167 1142 3223 agro
1165 3192 1178 3215 ,
1202 3148 1266 3204 de
1293 3147 1424 3203 bona
1446 3164 1650 3218 marga-

116 3251 242 3317 rita,
267 3248 330 3304 de
350 3250 443 3304 reti
474 3247 630 3302 misso
651 3247 703 3301 in
727 3261 884 3300 mare.

119 3365 176 3419 I.
230 3361 456 3418 Verbum
499 3358 597 3415 Dei
637 3377 738 3415 non
778 3355 987 3430 capiunt
1013 3373 1075 3412 ao
1103 3355 1335 3410 Ecclesia
1374 3353 1550 3409 alieni.
1585 3382 1654 3394 —-

34 3461 114 3516 In
142 3458 242 3514 illa
265 3456 348 3512 die
373 3457 494 3512 exiit
515 3454 671 3511 Jesus
697 3497 711 3522 ,
743 3462 792 3508 et
816 3451 1020 3507 sedebat
1047 3467 1195 3506 secus
1222 3464 1363 3504 mare
1402 3465 1420 3502 :
1459 3457 1504 3502 et
1533 3463 1656 3501 con-

49 3561 290 3628 gregata:
311 3561 429 3606 sunt
450 3549 518 3604 ad
539 3566 650 3630 eum
670 3547 848 3610 turbw,
867 3547 938 3601 ita
952 3554 1007 3599 ut
1027 3546 1080 3598 in
1100 3542 1394 3598 naviculam
1417 3539 1657 3596 ascende-

36 3657 122 3702 ret
156 3641 390 3715 (Matth.
421 3659 534 3705 xm,
568 3641 593 3696 1
629 3649 677 3695 et
703 3639 763 3710 2)
797 3657 810 3694 :
842 3636 1065 3694 Sedisse
1097 3635 1385 3691 Dominum
1415 3636 1466 3687 in
1501 3630 1656 3696 navi,

36 3750 102 3795 et
133 3737 327 3793 turbas
362 3734 493 3790 foris
514 3733 763 3798 stetisse,
805 3747 870 3786 ex
899 3729 1155 3798 subjectis
1195 3727 1358 3783 rebus
1386 3732 1470 3779 est
1499 3724 1656 3779 ratio.

40 3833 106 3887 In
138 3827 413 3901 parabolis
445 3827 588 3882 enim
614 3833 731 3880 erat
773 3823 1052 3878 locuturus
1083 3839 1096 3876 :
1131 3830 1187 3877 et
1225 3819 1350 3876 facti
1383 3819 1538 3892 istius
1568 3833 1661 3888 ge-

39 3937 188 3980 nere
227 3917 497 3992 signilicat
521 3933 648 3985 eos,
692 3915 782 3986 qui
812 3923 966 3970 extra
999 3912 1294 3969 Ecclesiam
1325 3911 1483 3983 positi
1513 3919 1659 3978 sunt,

42 4016 268 4072 nullam
297 4010 469 4068 divini
505 4009 772 4066 sermonis
801 4022 997 4078 capere
1033 4020 1192 4076 posse
1233 4004 1660 4075 intelligentiam.

38 4108 224 4167 Navis
254 4106 400 4163 enim
423 4102 686 4160 Ecclesia:
708 4111 890 4174 typum
923 4098 1139 4170 praefert
1163 4115 1175 4151 :
1196 4097 1337 4153 intra
1357 4113 1517 4168 quam
1545 4112 1666 4152 ver-

40 4206 190 4261 bum
220 4200 345 4256 vitae
373 4199 603 4270 positum
633 4207 689 4254 et
716 4195 1067 4268 praedicatum
1097 4194 1173 4262 lii,
1204 4193 1298 4265 qui
1339 4202 1491 4248 extra
1517 4201 1662 4261 sunt,

43 4306 110 4354 ct
141 4309 325 4352 arenae
347 4291 510 4348 modo
537 4290 755 4348 steriles
779 4300 941 4361 atque
971 4287 1191 4343 inutiles
1212 4285 1483 4356 adjacent,
1505 4285 1666 4341 intel-

43 4391 236 4462 ligere
258 4403 366 4444 non
389 4394 634 4458 possunt.
659 4385 733 4441 De
757 4381 1027 4454 parabolis
1047 4388 1224 4436 autem
1250 4377 1362 4450 jam
1382 4394 1414 4434 a
1439 4379 1667 4436 Domino

41 4479 329 4538 absolutis
349 4476 420 4550 (c)
448 4479 592 4550 loqui
629 4477 864 4534 Otiosum
886 4483 992 4532 est.

131 4575 191 4630 2.
219 4571 407 4644 Legem
443 4571 504 4626 ob
549 4570 778 4642 inapiam
829 4569 952 4640 fidei
1001 4567 1335 4639 perdiderunt
1371 4564 1568 4622 Judwi.
1597 4596 1671 4610 -

1735 1940 1938 2012 sinapis
1968 1959 2029 1998 se
2061 1945 2236 2014 ipsum
2271 1947 2531 2004 Dominus
2561 1953 2913 2022 comparavit,
2943 1956 3056 2011 acri
3078 1958 3336 2027 maxime,

1736 2042 1789 2090 et
1808 2036 2050 2091 omnium
2073 2039 2343 2094 seminum
2369 2040 2612 2109 minimo,
2641 2046 2797 2114 cujus
2821 2047 2992 2102 virtus
3018 2064 3082 2104 ac
3104 2059 3342 2120 potestas

1740 2127 2176 2186 tribulationibus
2207 2140 2262 2187 et
2296 2136 2566 2204 pressuris
2598 2137 2932 2195 accenditur.
2963 2139 3203 2198 Granum
3237 2143 3343 2200 hoc

1740 2219 1901 2290 igitur
1933 2231 2215 2293 postquam
2245 2225 2296 2280 in
2327 2242 2460 2297 agro
2500 2239 2674 2284 satum
2711 2229 2892 2298 fuerit,
2935 2232 2990 2288 id
3032 2242 3135 2302 est,
3167 2235 3259 2291 ubi
3310 2250 3344 2292 a

1743 2313 1940 2384 populo
1971 2315 2399 2385 comprehensus
2421 2327 2476 2374 et
2501 2320 2727 2376 traditus
2758 2323 2955 2392 morti,
2989 2334 3257 2397 tamquam
3288 2327 3344 2384 in

1743 2417 1901 2475 agro,
1936 2405 2146 2463 satione
2173 2409 2404 2479 quadam
2433 2409 2530 2466 fuit
2561 2415 2808 2485 corporis
2846 2419 3228 2488 consepultus;
3262 2419 3346 2475 ul-

1745 2507 1826 2554 tra
1856 2514 2165 2556 mensuram
2189 2504 2427 2559 omnium
2467 2505 2673 2566 olerum
2715 2509 3015 2578 excrescit,
3046 2521 3100 2567 et
3129 2512 3346 2568 univer-

1745 2608 1859 2651 sam
1885 2597 2269 2669 pr0phetarum
2292 2601 2518 2672 gloriam
2553 2604 2788 2661 excedit.
2813 2605 2991 2662 Oleris
3017 2606 3161 2662 enim
3202 2608 3340 2677 vice,

1748 2698 2018 2762 tamquam
2037 2703 2260 2764 aegroto,
2289 2695 2472 2752 lsraeli
2500 2696 2622 2753 data
2651 2708 2733 2754 est
2759 2699 3072 2771 przedicatio
3111 2702 3348 2772 prophe-

1757 2791 1954 2838 tarum.
1983 2783 2088 2840 Sed
2116 2785 2226 2856 jam
2259 2802 2325 2844 ex
2358 2789 2521 2844 ramis
2547 2791 2764 2846 arbOris
2788 2808 2855 2848 ex
2885 2794 3002 2850 solo
3038 2795 3088 2850 in
3116 2795 3350 2854 sublime

1751 2878 1997 2950 prolatm,
2023 2881 2146 2937 caeli
2175 2882 2423 2940 volucres
2452 2883 2772 2940 inhabitant.
2799 2885 3089 2959 Apostolus
3115 2890 3349 2958 scilicet,

1751 2979 1807 3027 et
1871 2970 2073 3029 Christi
2143 2974 2344 3032 virtute
2410 2987 2718 3048 protensos,
2766 2990 2820 3036 et
2855 2981 3128 3038 mundum
3174 2985 3352 3040 inum-

1753 3065 1970 3122 brantes
1994 3110 2009 3135 ,
2040 3068 2092 3123 in
2125 3070 2291 3125 ramis
2324 3071 2686 3144 intelligemus
2720 3092 2732 3128 :
2777 3075 2830 3130 in
2879 3092 3015 3148 quos
3062 3087 3251 3150 gentes
3275 3079 3354 3150 .Zin

1756 3172 1905 3230 spem
1935 3161 2057 3216 vita:
2079 3163 2404 3219 advolabunt
2425 3207 2438 3231 ,
2469 3176 2526 3222 et
2555 3182 2804 3223 aurarum
2839 3169 3053 3226 turbine
3077 3213 3092 3237 ,
3140 3169 3194 3227 id
3225 3179 3353 3241 est,

1676 3253 1722 3318 C
1755 3253 1953 3311 diaboli
1987 3257 2180 3326 spiritu
2208 3257 2446 3330 flatuque
2493 3270 2716 3330 vexaLe,
2776 3272 3046 3336 tamquam
3093 3266 3146 3321 in
3187 3267 3356 3324 ramis

1755 3348 1966 3405 arboris
1995 3350 2364 3421 acquiescent.

1829 3442 1882 3497 5.
1917 3441 2150 3499 Christus
2179 3444 2232 3499 in
2261 3444 2387 3517 lege,
2414 3447 2676 3520 praphetis
2707 3458 2753 3504 et
2776 3450 3358 3524 evangeliis.—Simile

1758 3546 1832 3593 est
1855 3539 2632 3611 regnum(mloruntfermento,
2676 3537 2814 3615 quod
2856 3556 3125 3618 acceptum
3169 3549 3358 3605 mulier

1759 3630 2024 3686 abscondit
2043 3633 2094 3684 in
2117 3631 2302 3703 farina:
2323 3635 2572 3689 mensuris
2599 3635 2782 3704 tribus,
2809 3637 2972 3693 donec
2996 3639 3358 3709 fermentatum

1761 3733 1834 3778 est
1856 3733 2014 3779 totum
2048 3722 2211 3794 (Ibid.
2245 3724 2357 3796 53).
2395 3725 2736 3784 Fermentum
2762 3728 2828 3785 de
2858 3730 3028 3787 farina
3057 3743 3176 3804 est,
3213 3735 3360 3806 quod

1763 3819 2016 3874 virtutem
2060 3828 2336 3891 acceptam
2386 3835 2582 3877 acervo
2614 3823 2828 3893 generis
2854 3824 2938 3880 sui
2979 3826 3176 3883 reddit.
3227 3827 3368 3886 Huic

1764 3927 1824 3987 se
1854 3913 2110 3968 Dominus
2131 3915 2494 3984 comparavit,
2529 3916 2671 3986 quod
2695 3927 2975 3990 acceptum
3015 3920 3234 3988 mulier,
3265 3937 3365 3994 sy-

1766 4021 1970 4076 nagoga
2001 4007 2244 4074 scilicet,
2279 4021 2373 4076 per
2408 4007 2671 4076 judicium
2698 4012 2889 4065 mortis
2914 4011 3235 4079 abscondit,
3271 4029 3361 4068 ar-

1765 4112 1936 4169 guens
1967 4098 2141 4168 legem
2170 4107 2220 4154 et
2249 4098 2537 4170 prophetas
2565 4099 2630 4172 (Ῑ)
2656 4103 2948 4174 evangeliis
2969 4104 3212 4159 dissolvi.
3250 4105 3366 4164 Hoc

1767 4198 1947 4245 autem
1977 4189 2165 4246 farinae
2197 4192 2462 4247 mensuris
2492 4191 2685 4258 tribus,
2719 4193 2774 4248 id
2803 4201 2906 4259 est,
2933 4194 3068 4265 legis
3087 4238 3102 4264 ,
3128 4197 3364 4267 prophe-

1771 4293 1944 4338 tarum
1970 4323 1985 4349 ,
2017 4282 2414 4354 evangeliorum
2454 4283 2764 4354 aequalitate
2809 4295 3155 4358 coopertum,
3185 4291 3368 4351 omnia

1772 4391 1936 4432 unum
1959 4375 2087 4432 facit
2111 4393 2124 4430 :
2149 4385 2205 4432 ut
2235 4375 2377 4447 quod
2407 4376 2492 4432 lex
2514 4379 2815 4446 constituit,
2847 4379 3124 4450 propheta!
3153 4383 3371 4440 nuntia-

1772 4479 2007 4536 verunt,
2052 4468 2104 4523 id
2141 4469 2315 4541 ipsum
2353 4469 2757 4541 evangeliorum
2786 4471 3121 4542 profectibus
3149 4476 3371 4548 explea-

1775 4571 1882 4617 tur.
1936 4560 2205 4632 Fiuntque
2234 4561 2415 4618 omnia
2448 4577 2546 4633 per
2590 4561 2687 4618 Dei
2734 4563 2993 4635 Spiritum
3023 4566 3263 4637 ejusdem
3317 4576 3374 4626 et

52 4672 170 4743 Qui
201 4670 338 4725 enim
362 4667 546 4737 habet,
579 4666 784 4722 dabitur
822 4666 904 4734 ei,
942 4674 989 4720 et
1024 4663 1300 4719 abundabit
1339 4663 1471 4734 :qui
1499 4673 1670 4716 autem
1693 4653 1749 4715 D
1777 4657 1990 4714 virtutis
2033 4666 2088 4714 et
2117 4673 2307 4714 sensus
2340 4675 2358 4713 :
2390 4659 2632 4730 nihilque
2675 4659 2818 4716 aliud
2853 4661 2921 4719 ab
2964 4662 3072 4721 alio
3101 4666 3374 4724 mensuris

49 4785 170 4823 non
200 4763 373 4829 habet,
400 4773 447 4818 et
493 4762 630 4833 quod
659 4760 820 4828 ;habet
848 4763 1112 4833 auferetur
1139 4756 1202 4811 ab
1232 4773 1291 4812 eo
1334 4755 1510 4829 (Ibid.
1541 4756 1608 4811 η
1626 4754 1667 4828 ).

56 4859 244 4930 Regni
275 4855 533 4929 mysteria
568 4854 701 4909 fides
742 4852 991 4924 percipit.
1019 4851 1144 4906 Haec
1193 4849 1246 4904 in
1289 4849 1482 4919 quibus
1520 4849 1682 4904 fuerit

56 4953 341 5028 proficiet,
373 4959 429 5008 et
456 4948 804 5006 incrementis
831 4945 1104 5018 profectus
1133 4944 1216 5000 sui
1257 4941 1551 4999 abundabit
1583 4960 1596 4996 :
1625 4943 1678 4997 in

59 5047 272 5120 quibus
294 5059 423 5101 vero
455 5059 560 5099 non
598 5041 781 5107 fuerit,
810 5039 974 5096 etiam
1003 5037 1146 5110 quod
1177 5035 1376 5094 habent
1403 5035 1678 5093 auferetur

148 5229 226 5303 (a)
255 5229 316 5286 In
341 5241 472 5284 mss.
494 5225 646 5282 Colb.
675 5233 727 5280 et
750 5223 909 5280 Carn.
929 5236 993 5276 ex
1013 5235 1068 5303 eo
1092 5234 1111 5274 :
1142 5219 1194 5275 in
1216 5216 1450 5285 caneris,
1481 5233 1544 5272 ea:
1571 5218 1663 5274 eis.

153 5302 234 5374 (b)
268 5303 383 5374 Duo
415 5312 680 5374 mss.__non
709 5302 1078 5374 cognoverunt:
1126 5369 1136 5374 Α
1239 5360 1272 5374 Δ.

153 5307 209 5374 (b
268 5307 383 5357 Duo
415 5312 545 5353 mss.
579 5313 680 5352 non
709 5307 1078 5374 cognoverunt:
1261 5360 1272 5372 υ

151 5307 234 5447 (ες
258 5368 729 5447 Cujusmodisunt
757 5359 1427 5447 propositze‘iiiter'tttulos
1443 5360 1673 5447 parabo-

69 5447 141 5502 1.ν
160 5432 241 5499 ’άὲ
267 5432 546 5499 seminante
576 5432 770 5512 bonum
792 5432 982 5512 semen,
1011 5440 1064 5486 et
1092 5433 1154 5486 de
1180 5433 1382 5512 zizania
1404 5441 1453 5484 et
1480 5432 1670 5512 tritico.

70 5517 218 5574 Hinc
247 5527 408 5570 nemo
429 5527 534 5566 non
558 5509 702 5564 videt
729 5506 908 5561 titulos
930 5504 1051 5558 illos
1081 5519 1184 5557 non
1209 5503 1404 5574 frustra
1426 5503 1674 5570 superius

70 5573 259 5644 locum
292 5597 450 5640 suum
471 5580 736 5644 obtinere,
762 5577 1006 5647 quamvis
1034 5575 1114 5629 eis
1143 5573 1378 5628 Hilarius
1403 5581 1512 5627 tam
1540 5586 1677 5642 pau-

70 5659 158 5716 cis
186 5652 510 5712 satisfaciat.

1779 4751 2076 4822 aequalibus
2107 4751 2486 4808 fermentatum
2513 4753 2839 4811 dissentiens
2869 4758 3192 4829 reperietur.

1856 4846 1910 4900 6.
1940 4845 2021 4899 Ad
2050 4845 2316 4901 Trinitatis
2357 4847 2607 4901 unitatem
2649 4857 2740 4902 aut
2767 4848 2926 4903 trium
2964 4852 3195 4923 gentium
3223 4869 3378 4910 voca-

1785 4940 1975 4994 tionem
2004 4938 2250 5010 prwdicta
2279 4953 2380 4993 non
2421 4947 2554 4993 recte
2590 4942 2900 5002 referuntur.
2942 4972 3014 4982 —
3036 4943 3375 5015 Quamquam

1786 5034 1854 5090 ad
1885 5033 2008 5091 fidei
2056 5034 2135 5106 (g)
2175 5041 2572 5090 sacramentum
2594 5077 2610 5102 ,
2643 5033 2696 5090 id
2727 5043 2843 5105 est,
2873 5035 2941 5092 ad
2963 5036 3137 5094 Patris
3175 5047 3231 5095 et
3255 5039 3378 5099 Filii

1776 5219 1916 5274 male
1937 5223 2117 5289 potest
2146 5213 2332 5270 referri
2355 5215 2420 5270 ad
2445 5215 2707 5272 Satutare.
2725 5215 2862 5289 ,Non
2893 5227 3164 5274 mutamus
3195 5229 3377 5280 tamen

1773 5288 2060 5346 lectionem
2086 5294 2381 5356 receptam,
2412 5303 2571 5356 quam
2601 5288 2927 5344 confirmant
2955 5305 3084 5344 mss.
3135 5305 3242 5346 non
3275 5296 3377 5350 mi-

1776 5377 1879 5418 nus
1909 5355 2381 5434 sinceriaLipsius
2409 5355 2697 5434 autemnde
2726 5373 2824 5414 suo
2863 5369 3203 5429 expunxerat
3240 5380 3381 5434 prae-

1779 5433 2110 5504 positionem
2135 5430 2187 5504 in
2216 5438 2341 5504 ante
2373 5430 2759 5504 plenitudinem.

1853 5502 1918 5574 (ο
1957 5502 2081 5559 Sola
2104 5500 2270 5574 editio
2293 5499 2415 5574 Par.
2439 5517 2500 5555 ex
2521 5499 2817 5572 Evangeliis
2841 5515 2859 5554 :
2884 5511 2993 5556 tum
3017 5513 3231 5560 caetera:
3257 5521 3382 5568 cum

1785 5571 1995 5646 aliquot
2017 5586 2144 5627 mss.
2183 5571 2478 5626 dissolutos.

1857 5665 1948 5738 (9)
1973 5663 2160 5719 Obiter
2186 5663 2628 5738 observare‘licet
2663 5665 2976 5738 mysterium
3005 5665 3285 5724 Trinitatis
3315 5673 3388 5730 ab

1785 5733 2000 5807 Hilario
2015 5743 2393 5791 sacramentum
2419 5733 2559 5807 ﬁdei
2574 5733 2870 5807 nuncupari
2905 5755 2919 5791 :
2947 5746 3005 5791 ut
3030 5752 3170 5807 quos
3189 5737 3258 5793 de
3283 5739 3393 5801 hoc

1785 5806 2044 5886 mysterio
2075 5807 2238 5886 libros
2265 5805 2760 5886 conscripsit,_aliis
2778 5805 2842 5860 de
2861 5807 2988 5878 ﬁde,
3019 5805 3148 5864 aliis
3168 5808 3232 5864 de
3258 5809 3390 5867 Tri.

1790 5874 1944 5936 nitate
1967 5878 2261 5936 inscribere
2287 5890 2412 5933 vere
2438 5874 2672 5934 licuerit.

150 5726 240 5799 (ά)
277 5728 335 5782 lu
363 5724 570 5793 aliquot
589 5733 718 5775 mss.
751 5717 871 5789 quia
900 5715 1075 5784 ﬁdem.

157 5822 238 5894 (ej
267 5815 600 5894 Turonensis
621 5829 723 5894 ms.
753 5812 824 5894 ab
848 5810 1064 5894 antiqua
1082 5825 1257 5894 manu
1296 5806 1554 5894 secunda,
1586 5807 1680 5862 de-

73 5881 376 5954 stinatum;
405 5887 548 5959 quod
597 5885 758 5942 etiam
809 5881 1011 5938 habent
1049 5881 1139 5937 alii
1169 5882 1406 5953 quinque
1432 5923 1447 5952 ,
1491 5889 1544 5936 et
1573 5894 1680 5936 non
