4046 6340
527 288 536 296 ’
558 276 666 338 995

1740 290 1988 350 GANCTI
2027 293 2280 359 ιιιωιιιι
2317 297 2626 360 EPISCOPI

3766 311 3862 374 τοῦ

557 403 610 476 et
637 391 870 462 Spiritus
901 395 1069 452 sancti
1096 399 1376 466 unitatem,
1409 401 1504 457 sed
1541 409 1596 459 et
1621 403 1686 459 ad
1713 407 1872 461 tritttn
1904 410 2145 479 gentium
2175 423 2230 482 Α
2324 413 2380 471 9.
2413 414 2727 474 Praedicatio
2753 417 2842 487 qui
2872 427 2995 474 rete.
3020 448 3092 460 —-
3117 418 3314 477 Iterum
3345 420 3510 478 simile
3535 434 3612 479 est
3652 441 3862 497 regnum

561 473 918 554 vocationem,
945 506 1010 544 ex
1040 491 1188 558 Sem,
1215 493 1384 550 Citam
1410 503 1465 551 et
1485 495 1698 568 Japltet,
1735 510 1844 556 tres
1871 519 2152 560 mensuras

559 575 748 630 farinae
771 593 890 634 esse
913 580 1223 639 referendas
1241 627 1255 650 ,
1283 588 1523 644 sensisse
1546 591 1744 647 multos
1787 594 2148 652 meminerim.

557 665 666 723 Sed
696 671 882 726 nescio
909 687 974 725 an
1007 671 1108 730 hoc
1149 676 1218 730 ita
1249 679 1456 748 opinari
1492 682 1630 738 ratio
1659 685 1938 754 permittat
1984 705 1998 741 :
2027 702 2148 744 cum

562 764 775 818 tametsi
803 765 1039 823 omninnt
1071 773 1311 840 gentium
1345 775 1555 831 vocatio
1580 777 1652 833 sit
1673 777 1750 848 (α)
1773 795 1943 850 teque,
1973 789 2149 839 tamen

567 851 620 907 in
656 853 740 909 his
770 855 1018 916 Christus
1039 879 1146 918 non
1177 864 1474 924 absconsus
1505 870 1609 936 sit,
1640 871 1735 927 sed
1763 883 2054 940 ostensus;
2095 885 2150 932 et

556 945 608 1000 in
635 955 780 1002 tanta
812 950 1107 1009 infidelium
1150 959 1488 1017 multitudine
1531 979 1638 1019 non
1670 965 2049 1022 fermentatum
2078 969 2150 1024 sit

554 1047 724 1096 totum
752 1059 764 1094 :
785 1043 833 1097 in
858 1043 1017 1102 Patre
1037 1058 1214 1105 autem
1239 1051 1401 1126 736
1420 1062 1474 1111 et
1489 1055 1622 1112 Filio
1647 1068 1697 1113 et
1720 1058 1922 1130 Spiritu
1936 1069 2146 1131 sancto,

551 1131 629 1204 (ὁ)
651 1134 768 1191 sine
807 1136 1030 1196 admixti
1081 1146 1419 1204 extrinsecus
1465 1150 1713 1207 lermcnti
1745 1151 2145 1211 necessitate‘in

546 1223 801 1296 Christo,
836 1232 1018 1288 omnia
1049 1250 1212 1291 unum
1243 1239 1373 1293 sint.

617 1317 668 1372 7.
705 1317 998 1380 Thesaurus
1027 1326 1080 1381 in
1111 1344 1254 1400 agro,
1279 1331 1515 1388 Christus
1534 1334 1589 1388 in
1617 1335 2068 1393 carne.—Iteram
2082 1339 2146 1394 si-

546 1409 666 1464 tnile
687 1421 759 1466 est
775 1429 984 1485 regnum
1003 1418 1246 1475 calorum
1275 1424 1511 1479 thesauro
1532 1427 1848 1496 abscondito,
1868 1439 1920 1485 et
1938 1431 2144 1502 reliqua

542 1495 757 1572 (Matth.
782 1523 894 1576 nl],
929 1507 1044 1582 44).
1079 1513 1182 1570 Ρει·
1203 1516 1608 1575 similitudinem
1640 1495 1878 1578 thesauri
1911 1525 1963 1578 in
1991 1495 2142 1595 agro,

542 1597 656 1667 spei
690 1609 887 1655 nostra:
916 1616 1048 1675 opes
1071 1606 1211 1661 intra
1236 1622 1296 1664 se
1324 1609 1524 1678 positas
1545 1613 1785 1670 ostendit
1809 1633 1821 1668 :
1847 1616 1972 1686 quia
2002 1617 2143 1673 Deus

542 1689 596 1744 in
633 1691 851 1752 homine
881 1699 950 1752 sit
979 1711 1224 1771 repertus
1250 1744 1266 1770 ,
1296 1704 1350 1760 in
1379 1705 1536 1777 cujus
1561 1709 1791 1778 pretium
1819 1726 2008 1766 omnes
2034 1727 2141 1766 sre-

542 1787 649 1841 cnli
687 1789 980 1848 vendenda:
1003 1806 1128 1850 sunt
1158 1797 1439 1856 facultates
1464 1843 1480 1868 ,
1512 1812 1570 1857 ut
1595 1806 1820 1875 vestitu,
1854 1806 1975 1864 cibo
1999 1847 2016 1876 ,
2047 1824 2141 1879 po-
2170 1820 2220 1880 Β

545 1888 709 1952 tuque
757 1883 1108 1956 indigentium
1136 1933 1151 1954 ,
1185 1902 1418 1949 aeternas
1445 1896 1687 1952 caelestis
1719 1898 1957 1955 thesauri
2000 1901 2139 1956 divi-

543 1973 644 2030 tias
671 1991 1070 2047 comparemus.
1101 1982 1206 2038 Sed
1233 1988 1595 2043 contuendum
1621 2001 1724 2058 εει,
1755 1991 1829 2063 (e)
1855 1992 2138 2048 inventum

553 2067 866 2123 thesaurum
897 2081 952 2126 et
983 2073 1308 2132 absconsum
1337 2077 1544 2144 fuisse;
1577 2095 1697 2136 cmn
1726 2084 1908 2156 utique
1934 2085 2021 2154 qui
2056 2085 2141 2139 in-

545 2161 725 2225 venit,
775 2171 830 2218 et
878 2178 1090 2222 secreto
1132 2180 1186 2223 et
1219 2182 1459 2243 tempore
1483 2190 1591 2246 quo
1618 2175 1897 2232 abscondit
1926 2178 2142 2235 auferre

542 2254 848 2322 potuisset,
885 2266 938 2313 et
961 2259 1211 2318 auferens
1255 2264 1468 2321 emendi
1501 2269 1826 2324 necessitate
1855 2273 2138 2328 caruisset.

540 2343 646 2401 Sed
677 2359 732 2402 ut
765 2351 880 2418 rei,
906 2350 979 2408 ita
1007 2363 1061 2409 et
1093 2355 1220 2411 dicti
1255 2357 1418 2414 fuerit
1446 2361 1584 2416 ratio
1627 2363 1964 2432 explicanda.
2012 2363 2141 2420 Ideo

536 2441 681 2496 enim
726 2443 1024 2501 absconsus
1065 2459 1148 2504 est
1178 2449 1462 2509 thesaurus
1492 2495 1506 2520 ,
1535 2455 1659 2526 quia
1706 2464 1764 2512 et
1814 2473 2004 2530 agrum
2031 2459 2140 2514 emi

535 2533 844 2599 oportebat.
903 2537 1214 2598 Thesaurus
1267 2546 1411 2600 enim
1459 2545 1514 2601 in
1559 2563 1715 2619 agro,
1761 2557 1820 2604 ut
1869 2550 2138 2615 diximus.

532 2621 780 2680 Christus
807 2628 1123 2701 intelligitur
1155 2634 1204 2688 in
1236 2650 1423 2702 carne,
1451 2653 1609 2708 quem
1641 2639 1913 2698 invenisse
1942 2640 2022 2714 (ὀ)
2055 2650 2141 2698 est

533 2718 850 2787 gratuitum.
885 2721 1298 2796 Evangeliorum
1345 2729 1488 2786 enim
1536 2732 1848 2802 praedicatio
1893 2736 1947 2788 in
1979 2735 2136 2791 abso-

531 2807 645 2865 luto
675 2823 756 2868 est
783 2855 796 2878 ,
823 2815 917 2870 sed
943 2820 1126 2874 utendi
1145 2832 1197 2876 et
1224 2824 1532 2892 possidendi
1557 2825 1718 2898 hujus
1749 2828 1988 2885 thesauri
2011 2843 2135 2885 cum

529 2915 659 2972 agro
689 2916 930 2975 potestas
960 2927 1066 2965 non
1110 2924 1288 2983 potest
1331 2931 1452 2972 esse
1482 2919 1598 2975 sine
1627 2921 1834 2990 pretio;
1868 2922 1992 2992 quia
2022 2937 2136 2980 ca:-

528 2993 692 3052 lestes
721 2999 924 3054 divitia:
954 3019 1058 3058 non
1083 3007 1188 3060 nisi
1219 3007 1422 3065 damno
1439 3012 1621 3068 smculi
1655 3014 2022 3084 possidentur.

599 3086 653 3142 8.
687 3087 999 3162 Negotiator
1019 3137 1032 3160 ,
1064 3114 1096 3150 a
1144 3101 1252 3170 lege
1281 3101 1349 3154 ad
1374 3100 1713 3175 Evangeliunt
1759 3107 2028 3162 transiens.
2069 3136 2129 3148 -—

2257 509 2506 566 caelorum
2556 514 2651 567 reti
2700 513 2942 569 missoin
2990 531 3169 581 mare,
3200 525 3257 572 et
3307 517 3512 587 reliqua
3539 519 3710 590 (Ibid.
3751 523 3860 592 47).

2257 604 2447 660 Merito
2479 607 2919 676 praedicationem
2948 624 3100 666 suam
3133 613 3232 667 reti
3262 615 3632 683 comparavit,
3659 631 3790 687 qum.
3810 619 3861 672 in

2253 698 2509 754 sacculum
2540 699 2781 768 veniens,
2816 703 2933 757 sine
2955 704 3140 759 saeculi
3160 704 3356 760 damno
3386 704 3697 762 habitantes
3727 709 3862 764 intra

2254 792 2510 846 sacculum
2551 795 2922 867 congregavit,
2949 795 3111 852 modo
3151 798 3305 865 retis,
3333 799 3476 870 quod
3509 815 3665 855 mare
3697 815 3861 872 pene-

2255 893 2400 941 trans
2431 886 2499 941 ita
2529 888 2710 960 agitur
2739 889 2806 946 de
2832 889 3100 961 profundo
3124 933 3138 956 ,
3173 901 3230 947 ut
3266 907 3364 964 per
3402 908 3567 949 omne
3597 895 3860 953 elementi

2253 977 2397 1036 illius
2436 997 2636 1054 corpus
2674 986 2911 1042 evadens
2935 1027 2950 1054 ,
2989 987 3206 1043 clausos
3234 988 3374 1044 intra
3410 987 3680 1045 ambitum
3707 1005 3861 1046 suum

2250 1073 2537 1144 extrahat,
2570 1074 2778 1148 nosque
2814 1094 2877 1135 cx
2908 1079 3110 1136 sarculo
3136 1079 3190 1138 in
3213 1079 3394 1136 lumen
3418 1081 3532 1136 veri
3561 1082 3703 1138 solis
3729 1082 3860 1138 edu-

2248 1175 2336 1222 cat
2368 1183 2380 1222 :
2419 1169 2472 1224 in
2503 1169 2768 1228 bonorum
2798 1171 3095 1242 electione,
3126 1183 3178 1229 et
3204 1174 3470 1231 malorum
3500 1171 3817 1247 abjectione
3839 1218 3858 1245 ,

2247 1259 2410 1316 futuri
2438 1261 2628 1334 judicii
2649 1279 2876 1320 examen
2899 1266 3214 1321 ostendens.

2237 1383 2272 1402 -
2735 1377 2894 1449 737
2932 1376 3162 1435 CAPUT
3201 1377 3344 1434 XIV.

2249 1485 2325 1545 De
2349 1491 2516 1546 scriba
2544 1493 2598 1548 in
2623 1503 2780 1565 regno
2827 1494 3094 1566 calorum,
3132 1499 3196 1552 de
3230 1496 3480 1568 fratribus
3515 1505 3569 1553 et
3595 1499 3858 1553 sororibus

2321 1583 2560 1652 Domini,
2609 1589 2673 1644 de
2713 1587 2934 1645 Joannis
2985 1591 3153 1663 capite
3201 1593 3254 1645 in
3304 1593 3447 1647 disco
3472 1635 3487 1661 ,
3516 1594 3585 1648 de
3632 1597 3858 1665 quinque

2317 1679 2534 1751 panibus
2559 1693 2605 1737 et
2635 1683 2833 1740 duobus
2856 1687 3100 1756 piscibus,
3123 1689 3212 1744 ubi
3231 1705 3393 1761 supra
3421 1695 3568 1746 mare
3599 1692 3854 1762 ambulat,

2317 1785 2366 1830 et
2400 1774 2610 1832 Petrum
2639 1796 2861 1836 mersum
2883 1783 3063 1838 erexit.

2320 1890 2370 1944 l.
2401 1887 2736 1948 Intellexistis
2767 1893 2878 1949 haec
2904 1893 3118 1951 omnia?
3163 1880 3358 1952 Dicunt
3390 1899 3437 1952 ei
3459 1940 3474 1966 ,
3533 1901 3740 1971 utique.
3789 1899 3856 1955 Et

2245 1983 2319 2036 ait
2344 1981 2450 2037 illis
2494 2001 2512 2038 :
2544 1981 2671 2040 Ideo
2700 1987 2864 2041 omnis
2889 1989 3055 2043 scriba
3085 1987 3263 2044 doctas
3289 1990 3340 2044 in
3368 2008 3524 2063 regno
3561 1994 3814 2048 calorum
3835 2035 3852 2061 ,

2244 2085 2350 2131 etc.
2391 2075 2606 2149 (Matth.
2637 2095 2768 2146 xnt,
2798 2081 2860 2135 51
2891 2092 2939 2136 et
2969 2081 3080 2154 52).
3131 2083 3245 2138 Non
3293 2083 3496 2153 turbis,
3552 2088 3650 2142 sed
3695 2087 3856 2143 disci-

2247 2167 2388 2237 pulis
2417 2178 2500 2224 est
2528 2169 2774 2236 locutus;
2806 2185 2858 2229 et
2886 2174 3304 2246 intelligentibns
3323 2179 3613 2249 parabolas
3631 2180 3852 2253 dignum

2247 2263 2614 2320 testimonium
2647 2265 2845 2335 reddit,
2879 2274 3027 2339 ipsos
3053 2269 3263 2326 scilicet
3290 2271 3390 2328 sub
3417 2275 3591 2344 patris
3629 2274 3852 2330 familia:

2245 2359 2464 2414 nomine
2490 2359 2594 2414 sibi
2621 2377 2964 2432 comparans,
2998 2364 3140 2434 quod
3170 2363 3470 2421 doctrinam
3492 2366 3564 2422 de
3588 2368 3850 2426 thesauro

2242 2465 2342 2504 suo
2391 2466 2660 2508 novorum
2701 2453 2774 2522 (e)
2808 2470 2871 2510 ac
2913 2464 3155 2512 veterum
3203 2458 3311 2514 sint
3340 2457 3518 2530 adepti
3553 2477 3568 2514 :
3604 2478 3846 2533 quosque

2243 2543 2449 2601 scribas
2479 2559 2698 2618 propter
2720 2549 3005 2605 scientiam
3035 2563 3342 2624 nuncupat,
3385 2553 3528 2626 quod
3565 2557 3845 2613 intellexe-

2242 2638 2350 2692 rint
2379 2653 2463 2705 ea,
2492 2655 2615 2710 qua:
2641 2639 2732 2696 ille
2762 2657 2899 2696 nova
2927 2654 2981 2698 et
3005 2654 3215 2709 vetera,
3242 2635 3293 2701 id
3316 2654 3417 2712 est,
3447 2647 3499 2701 in
3531 2645 3844 2722 Evangeliis

2240 2732 2370 2786 etin
2403 2732 2522 2802 lege
2561 2735 2876 2804 protulerit,
2915 2735 2984 2808 (f)
3013 2745 3069 2792 et
3111 2737 3352 2809 ejusdem
3400 2742 3838 2812 patrisfamilias,

2239 2833 2296 2881 et
2318 2827 2476 2881 unius
2500 2837 2729 2899 utraque
2759 2827 3018 2885 thesauri.

2311 2916 2366 2970 2.
2397 2914 2468 2971 Et
2491 2909 2685 2987 factum
2716 2928 2824 2987 est,
2851 2937 2966 2974 cum
2997 2932 3399 2979 consummasset
3426 2923 3585 2982 Iesus
3622 2930 3840 2999 parabo-

2239 3009 2317 3064 las
2338 3010 2488 3077 istas,
2517 3012 2726 3066 transiit
2751 3012 2892 3079 inde,
2921 3023 2969 3068 et
3004 3015 3137 3069 venit
3154 3015 3207 3069 in
3232 3017 3454 3085 patriam
3481 3035 3652 3085 suam,
3680 3032 3736 3077 et
3759 3037 3838 3077 re-

2237 3101 2378 3174 liqua
2405 3103 2567 3174 (Ibid.
2599 3105 2715 3176 55).
2756 3105 3115 3162 Inhonoratur
3135 3108 3395 3166 Dominus
3419 3125 3450 3164 a
3482 3112 3617 3168 suis.
3641 3113 3835 3182 Quam-

527 3178 598 3236 Et
622 3179 689 3237 de
721 3186 1010 3256 margarita
1056 3204 1150 3260 par
1177 3193 1314 3247 ratio
1345 3205 1427 3248 est
1457 3193 1621 3269 (Ibid.
1649 3196 1765 3269 45).
1797 3198 1902 3255 Sed
1931 3199 1997 3255 ad
2035 3215 2132 3257 ne-
2158 3214 2205 3279 ο
2237 3211 2397 3266 quam
2435 3205 2490 3252 et
2515 3195 2744 3252 docendi
2779 3198 3061 3268 prudentia
3086 3239 3103 3263 ο
3149 3211 3202 3255 el
3230 3203 3494 3271 onerandi
3537 3178 3719 3264 virttis
3746 3209 3835 3263 ad-

521 3277 843 3346 gotiatorcm
870 3280 1075 3351 jamdiu
1129 3285 1180 3340 in
1235 3285 1352 3358 lege
1385 3301 1692 3346 versantem
1722 3293 2011 3362 proficiens
2042 3293 2128 3351 hic

519 3383 703 3426 sermo
733 3384 816 3427 est
841 3415 856 3441 ,
887 3375 978 3446 qui
1009 3376 1166 3448 longo
1193 3393 1255 3434 ac
1281 3379 1490 3436 diutino
1517 3382 1706 3439 labore
1747 3383 1812 3439 ad
1866 3387 2128 3457 margari-

521 3467 589 3515 ιω
614 3465 898 3520 scientiam
926 3471 1267 3538 pervenerit,
1313 3482 1364 3528 et
1406 3490 1466 3528 ea
1495 3490 1617 3545 quae
1661 3476 1762 3532 sub
1791 3492 1960 3536 onere
1989 3479 2124 3550 legis

517 3555 747 3627 adeptus
777 3561 880 3626 sit,
905 3561 1267 3635 derelinquat.
1304 3566 1403 3621 Diu
1429 3569 1572 3624 enim
1599 3578 1683 3626 est
1706 3573 2034 3641 negotiatus,
2069 3584 2126 3630 et

515 3653 863 3721 margaritam
909 3653 1196 3724 aliquando
1224 3647 1452 3728 qualem
1487 3661 1711 3730 optabat
1755 3661 1961 3718 invenit
1993 3682 2006 3718 :
2033 3665 2120 3720 cui

513 3747 570 3800 et
601 3746 756 3799 unitts
785 3747 946 3818 hujus
977 3750 1270 3806 desiderati
1303 3751 1497 3821 lapidis
1525 3756 1782 3824 pretium,
1808 3755 2000 3830 reliqui
2027 3757 2109 3814 la-

510 3833 659 3892 boris
680 3837 892 3908 jactura
924 3848 1010 3896 est
1035 3845 1481 3913 comparandum.

583 4021 661 4096 (a)
686 4023 849 4104 Abest.
866 4042 1010 4104 teque
1029 4025 1096 4082 ab
1116 4026 1319 4100 aliquot
1338 4031 1523 4104 probeo
1554 4039 1694 4104 notze
1713 4048 1843 4088 mss.
1869 4032 1924 4090 In
1951 4033 2101 4104 Sem,

427 4109 432 4120 ·
710 4107 764 4152 et
791 4093 1450 4176 1Iaph'etomnes'onniino
1481 4103 1726 4160 homines
1769 4107 1882 4160 sive
1925 4093 2102 4176 genti-'-

506 4166 756 4292 les'4siva:
784 4166 1002 4225 Iudaeos
1029 4173 1294 4228 contineri
1324 4173 1530 4230 diserte
1559 4178 1820 4232 asseritur
1838 4219 1852 4243 ,
1883 4166 2002 4248 cap.
2031 4181 2064 4236 8
2087 4219 2103 4245 ,

506 4253 562 4291 n.
637 4278 649 4291 .

505 4253 562 4291 n.
595 4253 649 4291 4.

579 4307 654 4380 (b)
687 4310 830 4386 Editi
851 4313 945 4386 ,in
968 4330 1028 4368 ea
1054 4313 1277 4370 admixti
1310 4317 1623 4372 extrinsecus
1670 4317 1906 4386 ferureuti
1937 4338 2109 4377 neces-

503 4380 652 4433 sitate
679 4383 730 4434 in
760 4381 961 4438 Christo
991 4387 1166 4439 omnia
1208 4403 1369 4441 unum
1421 4398 1537 4442 sunt
1571 4404 1588 4442 :
1617 4380 1979 4446 emendantur
2026 4409 2096 4448 ex

502 4465 649 4524 saepe
679 4453 910 4510 laudatis
939 4471 1069 4512 mss.
1098 4455 1284 4524 Carn.,
1321 4459 1506 4524 Rom.,
1540 4459 1714 4514 Vatic.
1748 4473 1803 4517 et
1824 4463 1978 4517 Coll).-
2011 4466 2104 4519 tli-

505 4522 697 4602 larium
727 4524 826 4602 sibi
857 4540 1209 4598 temperasse,
1239 4522 1528 4600 quominus
1573 4533 1834 4602 Spiritum
1857 4547 2100 4592 sanctum

507 4592 676 4676 pedm
710 4592 1047 4676 diceret,'ii_s
1082 4592 1279 4676 verbis
1327 4592 1905 4676 annotarat'Erasmus
1930 4647 1948 4672 ,
1979 4623 2099 4676 qua“:

503 4663 719 4741 dubiant
754 4666 893 4721 illius
915 4669 982 4724 de
1005 4669 1234 4741 Spiritus
1275 4676 1446 4728 sancti
1476 4674 1756 4730 divinitate
1786 4663 1944 4732 fidem
1977 4663 2094 4733 éfli-

501 4749 626 4789 cere
657 4737 848 4791 idonea
877 4737 1076 4794 essent.
1108 4743 1213 4798 Sed
1244 4745 1328 4799 vel
1367 4759 1433 4800 ex
1479 4746 1579 4800 hoe
1605 4763 1712 4801 uno
1745 4747 1861 4804 loco
1892 4747 2093 4806 affatim

499 4807 782 4882 refellitur.
805 4808 860 4864 Si
885 4813 1030 4865 enim
1053 4812 1286 4882 Spiritus
1310 4826 1530 4871 sanctus
1553 4833 1673 4872 enm
1703 4819 1860 4874 Patre
1885 4831 1937 4875 et
1959 4819 2094 4877 Filio

499 4894 591 4957 per
637 4881 806 4957 omnia
835 4898 1036 4957 unum;
1065 4881 1187 4957 cum
1227 4895 1452 4957 utroque
1502 4905 1606 4944 non
1670 4891 1830 4944 modo
1873 4893 1966 4946 Dei
1995 4910 2092 4948 no-

496 4951 662 5029 mine,
695 4951 788 5008 sed
816 4963 869 5008 et
899 4953 1114 5029 virtute,
1139 4951 1418 5026 dignitate,
1448 4958 1674 5029 boitore,
1705 4973 1892 5017 natura
1917 5005 1931 5029 ,
1964 4963 2092 5019 sub—

496 5025 699 5097 stantia
735 5039 899 5079 unum
948 5026 1018 5078 sit
1045 5025 1268 5083 necesse
1303 5035 1406 5084 est.
1435 5032 1533 5097 Qui
1567 5025 1669 5086 hoc
1720 5034 1859 5088 haud
1890 5025 2085 5091 dubius

495 5094 770 5175 asseruit“,
819 5112 928 5175 no_n
971 5097 1152 5175 timuit
1193 5113 1323 5175 sane
1351 5142 1366 5166 ,
1417 5094 1486 5158 ne
1529 5103 1788 5175 Spiritum
1839 5117 2082 5161 sanctum

494 5162 664 5241 petitu
707 5167 978 5241 dicendo,
1007 5169 1146 5241 plus
1176 5169 1226 5224 ei
1250 5162 1410 5240 quam
1464 5162 1747 5241 par'esset
1796 5176 2080 5234 tribueret.

495 5233 632 5311 Quid
667 5245 844 5293 autem
875 5233 1213 5296 aliud'docet
1236 5233 1378 5311 [qui
1436 5233 1648 5302 Patrem
1703 5256 1759 5303 et
1786 5247 1981 5304 Filium
2019 5233 2088 5305 et

494 5307 753 5388 Spiritum
783 5318 1024 5388 sanctth
1057 5327 1152 5388 per
1181 5327 1243 5367 se
1271 5307 1432 5388 unum
1474 5331 1594 5373 esse
1633 5323 1864 5388 asserit,
1891 5331 1946 5377 et
1971 5337 2082 5377 non

491 5381 831 5452 estrinsecus
863 5384 913 5437 in
945 5382 1162 5438 Christo
1184 5424 1199 5446 ,
1247 5398 1341 5452 per
1379 5383 1700 5445 fermentum
1746 5381 2086 5450 extrinsecus

487 5448 819 5530 admixtum_
847 5455 1114 5530 figurato?
1147 5455 1224 5510 Ex
1249 5448 1374 5530 quo
1395 5469 1540 5526 patet
1568 5464 1728 5516 verba
1761 5464 1814 5516 in
1853 5448 2080 5530 Christo,

2235 3289 2578 3346 mirationem
2625 3302 3022 3359 commoveret;
3071 3293 3362 3350 inﬁdelitas
3405 3307 3590 3354 tamen
3650 3315 3832 3357 eorum

2235 3386 2514 3440 veritatem
2545 3384 2730 3458 judicii
2758 3402 2864 3442 non
2892 3388 3104 3459 recipit.
3135 3385 3248 3444 Non
3277 3391 3419 3446 enim
3451 3387 3686 3449 credunt
3715 3395 3826 3450 haec

2233 3475 2286 3531 in
2311 3477 2530 3532 homine
2563 3477 2728 3533 Deum
2767 3493 2925 3550 agere
2965 3497 3132 3550 :qutn
3163 3482 3325 3537 etiam
3364 3493 3576 3555 patrem
3623 3485 3790 3555 ipsius
3815 3529 3830 3548 ,

2235 3581 2485 3637 matrem,
2519 3571 2823 3643 fratresque
2843 3581 3174 3644 nuncupant,
3208 3583 3261 3630 et
3280 3588 3520 3646 paterna:
3545 3578 3684 3633 artis
3709 3583 3832 3648 quo-

2231 3664 2355 3720 dam
2387 3665 2678 3736 Opprobrio
2718 3665 2990 3722 lacessunt
3019 3666 3193 3738 (Ibid.
3225 3666 3352 3740 55).
3404 3667 3514 3726 Sed
3549 3669 3718 3742 plane
3748 3673 3830 3729 hic

2227 3755 2364 3812 fabri
2390 3766 2508 3812 erat
2539 3756 2680 3812 filius
2704 3799 2718 3824 ,
2755 3755 2956 3812 ferrum
2987 3759 3113 3830 igne
3140 3761 3404 3818 vincentis
3426 3803 3441 3831 ,
3473 3778 3697 3821 omnem
3727 3780 3828 3822 sae-

2224 3849 2333 3906 culi
2385 3851 2637 3908 virtutem
2685 3849 2764 3924 (g)
2799 3851 3003 3921 judicio
3045 3851 3432 3927 decoquentis,
3485 3874 3830 3933 massamque

2214 4034 2434 4092 lectioni
2465 4033 2604 4091 lavet
2646 4033 2774 4090 illttd
2808 4051 2856 4109 :L
2876 4049 3024 4109 quem
3066 4038 3154 4109 qui
3180 4038 3368 4094 inuenit
3399 4037 3552 4098 homo
3571 4087 3586 4108 ,
3619 4045 3830 4101 abscon-

2213 4109 2318 4169 dit,
2358 4120 2402 4163 et
2434 4124 2543 4179 pra:
2569 4109 2760 4181 gaudio
2798 4105 2941 4181 illius
2980 4105 3137 4163 vadit.
3170 4113 3417 4166 Attamen
3443 4105 3584 4170 eum—
3615 4116 3743 4173 Par.
3769 4129 3820 4175 et

2213 4191 2444 4257 quatuor
2465 4179 2594 4257 mss}
2627 4179 3020 4257 prasferendum
3043 4195 3165 4257 esse
3193 4192 3268 4238 est
3287 4187 3592 4257 gratuitum.
3618 4192 3809 4246 suadet

2215 4253 2456 4328 subnexa
2488 4251 2651 4328 hujus
2677 4252 2804 4306 dicti
2845 4254 2981 4328 ratio
3015 4270 3029 4306 :
3067 4251 3470 4324 Euangel'iorum
3509 4261 3652 4312 enim
3682 4279 3810 4328 prte-

2215 4325 2404 4378 dicatio
2426 4325 2478 4377 in
2505 4321 2740 4378 absoluto
2768 4332 2842 4396 est
2863 4363 2879 4388 ,
2932 4323 3034 4379 hoc
3064 4336 3175 4396 est,
3214 4321 3435 4396 publica
3467 4340 3522 4383 ct
3560 4321 3812 4388 omnibus

2216 4403 2430 4464 patens,
2459 4409 2562 4465 qua
2587 4396 2697 4450 fere
2725 4393 2933 4450 ratione
2954 4407 3075 4465 eap.
3105 4393 3193 4461 t4,
3220 4393 3274 4452 ιι.
3307 4399 3392 4463 l7,
3423 4398 3625 4456 dicitur
3647 4421 3664 4458 :
3683 4403 3812 4458 Coa-

2213 4469 2372 4536 fessio
2396 4469 2748 4538 universorum
2777 4475 2883 4518 turn
2903 4476 2954 4521 et
2977 4467 3214 4522 absoluta
3244 4481 3291 4524 et
3318 4471 3528 4538 publica
3549 4477 3673 4528 erit.

2289 4539 2362 4610 (e)
2423 4537 2750 4612 Vocabulum
2805 4538 3033 4612 Spiritus
3083 4542 3246 4594 sancti
3276 4537 3417 4611 apud
3447 4543 3620 4610 Bad.,
3675 4545 3804 4612 En,

2210 4607 2358 4679 Lips.
2388 4619 2442 4666 et
2473 4611 2524 4664 in
2557 4610 2760 4680 aliquot
2790 4625 2919 4663 mss.
2957 4610 3042 4664 hic
3075 4607 3355 4680 perperam
3388 4607 3645 4670 insertum
3677 4607 3800 4669 esti

2207 4695 2329 4736 eum
2376 4682 2679 4756 doctrinam
2728 4691 2989 4756 novorum
3033 4693 3086 4736 et
3123 4695 3363 4756 veterum
3423 4685 3804 4756 interpretetur

2207 4751 2444 4807 Hilarius
2465 4752 2766 4826 doctrinam
2797 4753 2926 4822 legis
2949 4763 3003 4808 et
3032 4755 3459 4826 evangeliorum,
3489 4751 3670 4814 acies
3695 4773 3804 4813 non

2204 4825 2386 4879 minus
2413 4840 2547 4898 opus
2575 4825 2645 4877 sit
2675 4824 2906 4898 Spiritus
2935 4827 3109 4880 sancti
3149 4824 3308 4896 quam
3345 4829 3718 4898 Evangehnm.
3747 4831 3804 4886 Si

2243 4898 2420 4970 uident
2451 4897 2735 4970 thesauros
2753 4894 2996 4949 Christus
3021 4907 3137 4962 est;
3165 4894 3408 4970 doctrina
3434 4894 3800 4970 de'thesauro,

2243 4911 2420 4951 uruem
2451 4911 2735 4950 tnesanrus
2753 4911 2996 4949 Lnrtstus
3021 4911 3100 4952 est
3123 4913 3137 4962 ;
3165 4911 3408 4953 ducll‘llltl
3434 4911 3502 4953 ae
3523 4911 3800 4970 thesauro,

2201 4911 2453 5042 doctrina
2483 4967 2550 5021 de
2571 4964 2790 5042 Christo
2812 4973 2931 5036 est,
2963 4983 3081 5038 qua:
3125 4970 3178 5024 in
3223 4968 3341 5040 lege
3390 4972 3595 5042 pariter
3644 4981 3701 5028 et
3751 4973 3802 5029 in

2201 5038 2493 5107 Evangelii)
2525 5039 2854 5093 cuntinetnr.

2269 5111 2351 5184 (η
2372 5111 2427 5166 ld
2454 5121 2564 5175 est,
2599 5125 2719 5184 quae
2750 5112 2864 5184 (lege
2894 5117 2948 5165 et
2991 5111 3282 5179 Evangelio
3332 5113 3683 5170 continentur
3708 5157 3725 5184 ,
3754 5124 3805 5171 et

2199 5179 2444 5250 ejusdem
2503 5179 2903 5252 patrisfamilias
2932 5192 3089 5248 sunt,
3120 5195 3177 5237 et
3207 5185 3274 5238 ad
3297 5199 3458 5239 unum
3490 5179 3803 5242 thesaurum

2202 5255 2491 5330 pertinent.
2536 5254 2629 5308 His
2659 5253 2832 5307 lucem
2867 5261 3124 5323 praestant
3151 5254 3295 5310 dicta
3328 5258 3602 5326 superiori
3631 5261 3803 5330 capite

2199 5339 2257 5380 n.
2287 5323 2346 5379 5.

2271 5394 2358 5470 (gjr
2387 5395 2482 5451 Hic
2527 5395 2717 5470 alludit
2746 5393 2980 5452 Hilarius
3034 5395 3102 5470 ad
3151 5395 3328 5468 ignem
3376 5396 3609 5470 judiCii_,_
3648 5400 3802 5470 cujus

2197 5465 2525 5540 attentionem
2558 5469 2686 5524 facit
2707 5484 2826 5539 cap.
2853 5471 3002 5540 2,_n.
3031 5465 3066 5520 4
3092 5508 3107 5533 ,
3136 5465 3191 5523 εἰ
3218 5485 3338 5540 cap.
3371 5465 3405 5526 5
3424 5511 3439 5536 ,
3467 5486 3523 5527 n.
3554 5465 3641 5528 ii.
3677 5465 3802 5527 Sie-

2194 5539 2300 5592 coli
2367 5540 2618 5595 virtutem
2701 5537 2858 5594 vocat
2911 5537 3186 5594 diabolum
3233 5537 3456 5610 ejusque
3503 5544 3797 5610 ministros,

2193 5623 2332 5685 quos
2357 5613 2533 5685 mundi
2558 5621 2783 5685 potentes
2803 5625 3132 5685 (nuncupare
3163 5611 3326 5667 solet.
3357 5613 3457 5681 Qui
3495 5627 3678 5685 autem
3702 5617 3792 5685 ju-

2189 5681 2337 5754 dicio
2383 5681 2716 5754 decoquendi
2769 5684 2918 5754 sint,
2957 5684 3264 5754 declaratur
3311 5685 3364 5739 in
3407 5684 3543 5754 psal.
3580 5681 3744 5742 cum
3773 5727 3790 5753 ,

2190 5767 2247 5823 n7.
2279 5752 2368 5807 11.
2404 5751 2550 5810 Ηὶηε
2578 5756 2861 5811 coniicitur
2890 5751 3089 5823 Joscph
3132 5753 3337 5810 Hilario
3363 5751 3575 5812 fabrum
3618 5751 3790 5812 ierraé

2190 5822 2329 5878 rium
2361 5825 2651 5882 castitisse.
2684 5824 2830 5884 Idem
2861 5822 3064 5882 sentire
3089 5824 3302 5882 videtur
3331 5825 3669 5900 Theophilus
3689 5829 3795 5885 An-

489 5517 748 5597 adunmn
774 5517 908 5592 sint:
933 5525 982 5578 in
1011 5525 1159 5593 prius
1184 5517 1410 5597 vulgatis
1436 5530 1572 5586 male
1605 5531 1767 5588 fuisse
1801 5533 1989 5588 relata.

559 5589 630 5664 (ο)
667 5593 777 5648 Hoc
804 5589 909 5660 est,
941 5589 1038 5650 cur
1078 5589 1330 5653 inventh
1359 5616 1464 5653 non
1509 5604 1688 5656 statim
1715 5604 1926 5660 ablatus
1967 5602 2088 5660 luc-

485 5662 594 5730 rit;
611 5662 745 5746 cum
775 5675 827 5746 et
854 5675 1068 5746 secreto
1095 5667 1281 5726 liceret
1307 5711 1322 5739 ,
1356 5679 1410 5725 et
1439 5678 1682 5744 tempus,
1716 5689 1821 5746 quo
1851 5675 2084 5733 abscon-

487 5747 582 5788 sus
608 5734 728 5802 fuit,
753 5738 820 5792 ad
853 5739 904 5792 id
929 5740 1220 5796 sufficeret.

522 5851 528 5857 .
563 5803 641 5874 (ιι)
673 5805 801 5863 Bad.
829 5849 846 5874 ,
879 5807 971 5865 Er.
999 5850 1014 5877 ,
1050 5807 1196 5882 Lips.
1218 5820 1273 5870 et
1299 5823 1395 5870 sex
1421 5828 1551 5873 mss.
1598 5825 1670 5874 est
1710 5829 1913 5889 gratum
1952 5839 1964 5877 :
1992 5819 2080 5878 cui
