3882 6332
43 288 138 350 097

903 284 1454 351 COMMENTARIUS
1491 286 1559 351 ΙΝ
1597 286 2031 353 MATTIUEUM.
2074 288 2226 353 CAP.
2266 286 2413 351 XIV.

3202 290 3312 357 998

38 401 304 458 fumantis
349 400 403 457 in
437 415 598 460 omne
631 416 769 473 opus
811 403 1057 461 utilitatis
1087 404 1342 460 humanae
1373 422 1387 458 :
1420 403 1498 476 (a)
1527 404 1611 460 in-
1636 417 1687 476 Α
1718 404 1802 462 lus
1846 404 1985 462 fuit:
2010 415 2063 462 et
2113 407 2268 462 navis
2311 403 2450 462 mari
2488 403 2700 471 medio,
2733 411 2894 462 vento
2946 402 3306 473 adversante,

46 494 261 550 formem
305 494 505 549 scilicet
546 509 832 567 corporum
875 506 1185 552 nostrorum
1233 496 1511 551 materiem
1554 496 1605 551 in

38 590 239 646 diversa
270 587 632 642 membrorum
663 586 986 655 ministeria,
1016 596 1070 644 et
1090 587 1157 643 ad
1186 588 1364 643 omnia
1390 597 1610 642 mternte

36 682 153 736 vitae
173 691 330 750 Opera
360 676 625 749 ﬁngentis.
685 677 742 734 In
772 679 856 735 his
901 678 1062 751 igitur
1109 678 1610 735 scandalizabantut‘

32 786 211 829 omnes
256 786 269 824 :
294 777 350 825 et
375 769 514 826 inter
544 778 622 824 tot
649 769 721 844 (ὁ)
750 778 972 845 tamque
999 770 1281 845 magnillca
1311 783 1430 843 quae
1455 782 1609 844 gere-

32 866 152 931 bat,
195 861 436 933 corporis
465 860 583 931 ejus
609 862 1064 934 contemplatione
1107 862 1606 920 commovebantur.

29 958 228 1027 Quibus
255 955 505 1011 Dominus
533 955 958 1013 inhonorabilem
986 955 1037 1014 in
1065 958 1234 1027 patria
1262 972 1353 1013 sua
1379 956 1610 1029 prophe-

31 1062 132 1107 tam
178 1065 296 1107 esse
320 1050 596 1121 respondit
623 1049 841 1126 (Manli.
874 1064 990 1119 xm,
1031 1048 1147 1125 57),
1189 1053 1310 1124 quia
1343 1052 1394 1107 in
1423 1048 1609 1108 Judaea

26 1153 161 1204 esset
188 1159 352 1217 usque
381 1143 447 1200 ad
493 1144 673 1200 crucis
699 1146 1022 1202 sententiam
1061 1146 1510 1202 contemnendus.
1544 1146 1611 1202 Et

27 1240 141 1313 quia
164 1251 327 1310 penes
348 1238 496 1295 solos
517 1237 681 1317 138
709 1239 894 1296 ﬁdeles
918 1238 1013 1296 Del
1039 1240 1210 1297 virtus
1236 1250 1318 1298 est
1335 1284 1350 1310 ,
1386 1250 1607 1314 propter

26 1346 203 1390 eorum
227 1332 667 1389 incredulitatem
697 1334 950 1393 omnibus
975 1335 1171 1393 divina:
1214 1334 1468 1409 operibus
1498 1337 1609 1396 vir-

26 1430 147 1485 tutis
167 1426 439 1482 abstinuit.

93 1522 144 1577 3.
179 1518 472 1592 Eaangellis
490 1524 570 1575 est
603 1530 651 1576 et
695 1522 907 1579 interior
930 1539 1132 1580 sensus.
1166 1555 1237 1565 —
1263 1521 1328 1581 In
1352 1524 1446 1581 illo
1485 1532 1611 1582 tem-

33 1628 147 1685 pore
174 1612 360 1667 audivit
387 1610 620 1669 Herodes
648 1615 901 1671 tetrarcha
922 1619 1117 1688 famam
1135 1615 1287 1687 Iesu,
1320 1629 1367 1675 et
1392 1620 1467 1674 ait
1488 1636 1612 1691 pue-

36 1708 104 1761 ris
127 1708 228 1762 suis
252 1747 266 1772 ,
295 1714 345 1762 et
370 1706 579 1777 reliqua
612 1706 826 1780 (Matth.
858 1722 951 1765 xlv
973 1750 988 1777 ,
1034 1709 1085 1778 1,
1134 1711 1218 1784 2).
1277 1710 1613 1787 Frequenter

1712 497 1963 555 ﬂuctibus
1985 499 2308 572 jactahatur.
2344 500 2411 555 Et
2439 511 2630 570 quarta
2661 502 2835 573 vigilia
2870 502 3129 557 Dominus
3161 501 3311 555 venit

1711 605 1874 663 super
1904 610 2053 649 mare
2078 594 2360 649 ambulans
2390 610 2405 647 :
2434 594 2785 667 videntesque
2814 595 3011 651 turbati
3038 602 3206 661 sunt,
3258 600 3314 650 et

1710 683 1887 763 inanis
1911 686 2055 741 visus
2081 687 2400 757 phantasma
2430 686 2737 757 credentes,
2783 689 3152 745 clamaveruut
3201 702 3312 759 pra:

1711 777 1925 833 timore.
1958 776 2161 848 Quibus
2191 792 2314 834 mox
2351 780 2639 843 Dominus,
2663 781 2873 838 locutus
2899 792 2983 841 est
3009 824 3024 847 .
3072 780 3128 838 et
3181 796 3313 837 con-

1712 876 1916 925 stantes
1938 885 2059 927 esse
2102 871 2286 942 jussit.
2341 872 2408 928 Et
2452 888 2516 929 ex
2561 873 2810 944 plurimis
2843 873 3036 932 Petrus
3087 890 3314 945 respou-

1712 957 1867 1027 dens,
1895 962 2183 1030 postulavit
2206 963 2282 1018 uti
2307 961 2376 1018 ad
2401 963 2683 1020 Dominum
2710 981 2874 1035 super
2894 980 3057 1037 aquas
3079 964 3312 1022 veniret.

1711 1048 1810 1119 Qui
1844 1049 1911 1107 de
1935 1054 2178 1109 navicula
2210 1055 2572 1125 descendens,
2616 1066 2671 1112 et
2714 1072 3037 1130 progressus
3068 1057 3315 1129 aliquan-

1712 1145 1907 1210 tulum,
1943 1154 2107 1202 vento
2139 1147 2506 1205 invalescente
2529 1157 2586 1205 et
2617 1150 2808 1206 timere
2843 1151 3005 1221 οωρίι
3037 1156 3093 1206 et
3120 1150 3309 1222 mergi.

1713 1234 1885 1306 Quem
1932 1240 2346 1312 apprehendens
2396 1240 2687 1311 Dominus,
2732 1244 3038 1316 objurgavit
3063 1259 3160 1299 cur
3190 1240 3313 1299 fidei

1714 1329 1942 1388 modica:
1969 1333 2040 1387 sit
2083 1351 2101 1389 :
2156 1335 2543 1406 ingressusque
2597 1348 2790 1394 navem
2816 1378 2832 1402 ,
2869 1336 3310 1407 tranquillitatem

1714 1435 1877 1480 vento
1901 1432 1958 1481 et
1981 1428 2116 1482 mari
2140 1428 2454 1500 quiescente
2484 1420 2754 1486 revocavit
2786 1426 2949 1504 (Ibid.
2980 1420 3203 1500 22-32).

1786 1516 1839 1573 6.
1874 1510 2040 1591 Igitur
2088 1514 2202 1575 haec
2261 1529 2318 1576 ut
2366 1522 2907 1578 commemoravimus
2948 1530 3099 1595 gesta
3140 1531 3311 1578 sunt:

1714 1610 1809 1665 sed
1836 1610 1921 1667 his
1950 1611 2201 1668 omnibus
2221 1617 2492 1685 personis,
2517 1612 2819 1683 eii'ectibus,
2843 1618 3044 1682 causis,
3074 1616 3314 1673 numeris

1715 1702 1909 1759 modus
1940 1703 2182 1776 adjacet,
2230 1719 2289 1761 ιιι
2332 1720 2451 1780 qua:
2501 1718 2822 1780 gesserunt,
2862 1721 3063 1782 praeter
3091 1696 3314 1782 gerendi

34 1801 318 1856 monuimus
341 1841 357 1867 ,
402 1814 619 1857 omnem
650 1801 985 1875 diligentiam
1030 1802 1444 1877 Evangeliorttm
1501 1805 1609 1863 lec-
1640 1819 1690 1881 Β
1716 1813 1911 1853 munus
1944 1799 2402 1872 instinctnmque,
2432 1817 2593 1873 quem
2622 1803 2992 1875 unusquisque
3020 1819 3089 1860 ex
3119 1810 3312 1858 natura

29 1894 150 1949 tioni
177 1893 416 1951 adhiberi
451 1902 706 1966 Oportcre
736 1912 749 1948 :
784 1896 904 1968 quia
931 1897 980 1951 itt
1015 1897 1130 1965 his,
1157 1914 1276 1968 qua:
1307 1904 1458 1970 gesta
1486 1915 1611 1955 nar.-

23 1994 202 2042 rantur
224 2029 239 2054 ,
272 1986 498 2043 subesse
534 1988 810 2045 interioris
855 1989 1227 2064 intelligentiae
1255 1992 1395 2048 ratio
1443 2008 1605 2065 repe-

22 2078 198 2133 riatur.
235 2077 405 2135 Habet
432 2082 575 2136 enim
620 2084 861 2137 Omnium
900 2096 1131 2154 operum
1181 2082 1420 2139 narratio
1450 2094 1609 2141 suunt

19 2172 252 2228 ordinem
281 2191 295 2228 :
319 2173 415 2230 sed
437 2183 712 2246 gestorum
744 2174 1025 2232 elfectibus
1067 2192 1248 2233 causa:
1275 2176 1611 2248 subjacentis

19 2266 218 2335 species
244 2266 645 2337 prieformatur,
670 2275 729 2323 ut
770 2269 825 2325 in
860 2269 1073 2326 Herode
1116 2285 1178 2326 ac
1217 2268 1425 2328 Joanne
1454 2271 1613 2327 intel-

19 2357 204 2429 ligitur.
228 2357 362 2415 Nam
392 2368 450 2416 et
481 2359 724 2416 Herodes
755 2362 1006 2432 princeps
1033 2369 1151 2418 erat
1173 2362 1352 2434 populi
1374 2405 1391 2430 ,
1421 2368 1479 2419 et
1499 2358 1611 2418 Ηει

19 2452 284 2508 rodiadem
332 2467 565 2510 uxorem
614 2454 846 2526 Philippi
898 2454 1083 2511 fratris
1126 2457 1209 2511 sui
1242 2457 1293 2511 in
1335 2455 1614 2512 matrimo-

19 2545 150 2600 nium
168 2561 324 2601 suum
350 2547 481 2618 jure
508 2549 791 2619 putcstatis
818 2558 1205 2621 assumpserat.
1235 2550 1303 2606 Et
1341 2548 1467 2607 huic
1503 2549 1612 2608 He-

19 2638 207 2694 rodiadi
234 2648 351 2696 erat
380 2640 496 2697 tilia
530 2656 542 2695 :
573 2656 696 2713 qua:
729 2644 893 2699 natali
925 2642 1014 2700 die
1037 2685 1052 2711 ,
1099 2656 1222 2700 cum
1268 2643 1475 2701 saltans
1502 2645 1615 2715 pia-

20 2740 178 2797 :eret,
212 2742 551 2804 potestatem
593 2736 750 2807 cujus
778 2736 941 2792 vellet
981 2736 1226 2809 praemii,
1269 2747 1615 2806 sacramento

28 2826 223 2881 amntis
254 2828 511 2898 accepit:
543 2837 598 2885 et
621 2828 849 2886 Joannis
891 2841 1054 2902 caput
1084 2830 1154 2905 (ο)
1184 2832 1239 2887 in
1269 2847 1486 2889 carcere
1519 2833 1611 2889 diu

20 2918 198 2985 tabitl,
245 2921 434 2992 puella
482 2931 653 2979 matre
704 2924 1028 2983 admonente
1074 2925 1226 2983 disco
1268 2927 1369 2984 sibi
1427 2928 1613 2985 inferri

19 3024 209 3069 irecata
237 3026 344 3070 εει.
384 3015 460 3071 Ει
488 3014 732 3074 Herodes
760 3059 774 3085 ,
826 3018 992 3073 tristis
1050 3016 1211 3088 licet,
1273 3029 1616 3076 sacramento

19 3103 161 3159 lidem
196 3097 480 3175 reddidit,
503 3117 559 3164 et
603 3111 760 3165 matri
803 3110 980 3181 puella
1012 3126 1206 3167 munus
1234 3113 1479 3169 exhibuit
1509 3131 1523 3169 :
1560 3119 1618 3170 et

1715 1904 1809 1944 sua
1839 1889 2068 1961 sumpsit
2089 1933 2105 1957 ,
2136 1891 2481 1947 extrinsecus
2512 1894 2694 1948 omnia
2724 1895 2996 1964 gesserint
3039 1895 3091 1949 in
3132 1909 3317 1951 exem—

1716 1980 1863 2053 plum
1899 2000 1912 2035 :
1944 1982 2048 2038 hoc
2075 1976 2241 2057 739
2266 1983 2471 2056 majore
2503 1984 2573 2040 ita
2605 1980 2860 2056 opinandi
2893 1988 3193 2045 reverentia
3222 2027 3238 2055 ,
3270 1986 3315 2042 si

1718 2088 1829 2134 tam
1855 2074 2191 2134 diversarum
2221 2094 2506 2136 causarum
2530 2078 2876 2136 efﬁcientiam
2904 2095 3007 2135 una
3037 2091 3199 2150 atque
3227 2095 3331 2149 ea—j

1717 2171 1840 2226 dem
1880 2168 2239 2243 intelligentia
2267 2184 2653 2244 consequatur.
2699 2172 2893 2230 Sermo
2918 2173 3075 2245 igitur
3114 2170 3179 2228 ad
3207 2170 3319 2228 ori-

1716 2263 1895 2337 ginem
1922 2263 2305 2349 propositionis
2326 2264 2648 2322 referendus
2670 2277 2771 2322 est.

1792 2356 1847 2413 7.
1878 2354 2127 2425 Joannes,
2174 2356 2276 2415 (ex.
2310 2354 2544 2415 Heredes
2573 2369 2620 2414 et
2647 2364 2835 2431 frater,
2859 2350 3038 2416 ,ἔτιάωὶ
3058 2370 3103 2415 et
3123 2366 3318 2432 gentes.

1721 2448 1963 2507 Gentium
1987 2467 2117 2507 uxor
2141 2493 2159 2519 ,
2195 2453 2498 2524 inﬁdelitas.
2532 2450 2711 2522 Filia,
2740 2455 2998 2523 voluptas.
3045 2484 3115 2495 --
3156 2452 3322 2509 Joan-

1722 2562 1859 2613 nes,
1896 2557 1953 2602 ut
1982 2546 2295 2621 frequenter
2344 2546 2723 2606 admonuimus
2749 2590 2763 2616 ,
2812 2548 3040 2604 formam
3088 2547 3324 2619 praetulit

1721 2632 2046 2712 legiszquia
2093 2638 2179 2698 lex
2221 2638 2499 2698 Christum
2555 2639 2907 2711 praedicavit,
2971 2649 3028 2696 et
3083 2630 3324 2696 Joannes

1725 2733 1997 2804 prolectus
2021 2751 2085 2792 ex
2119 2736 2236 2809 lege
2264 2743 2367 2800 est,
2393 2734 2663 2791 Christum
2686 2750 2754 2790 ex
2783 2733 2900 2806 lege
2922 2733 3319 2805 praenuntiatus.

1722 2822 1971 2885 Herodes
2010 2844 2141 2885 vero
2173 2828 2424 2900 princeps
2469 2835 2556 2884 est
2584 2826 2765 2899 populi
2798 2845 2812 2882 :
2845 2839 2900 2884 et
2941 2827 3125 2901 pepuli
3170 2827 3322 2899 prin-

1723 2939 1875 2995 ceps,
1925 2923 2181 2995 subjecta:
2227 2922 2328 2978 sibi
2364 2920 2737 2978 universitatis
2767 2937 2961 2977 nomen
2993 2936 3325 2991 causamque

1724 3015 2127 3087 complectitur.
2167 3008 2405 3072 Joannes
2452 3029 2581 3087 ergo
2632 3013 2906 3071 llerodem
2935 3009 3220 3081 monebat,
3257 3029 3327 3071 ne

1725 3107 1908 3163 fratris
1937 3107 2022 3165 sui
2054 3123 2280 3165 uxorem
2307 3107 2409 3164 sibi
2431 3108 2686 3179 jungeret
2714 3105 2879 3177 (Ibid.
2912 3105 2993 3182 4).
3022 3107 3158 3164 Sunt
3181 3107 3325 3163 enim

24 3198 205 3268 epulto
244 3214 314 3256 eo
344 3200 607 3272 discipuli
648 3201 765 3274 ejus
815 3201 884 3279 ad
940 3203 1231 3261 Dominum
1282 3206 1617 3261 transierunt
1642 3216 1691 3279 ρ
1726 3212 1889 3274 atque
1917 3210 2072 3259 erant
2100 3200 2207 3258 duo
2236 3202 2455 3273 populi,
2499 3196 2932 3287 circumcisionis
2971 3210 3027 3258 et
3062 3204 3323 3274 gentium.

22 3290 153 3347 Ibid.
183 3293 371 3351 6-H).

65 3293 153 3347 iid.
183 3294 317 3351 6-H
356 3337 371 3350 .

65 3390 119 3443 ι.
147 3293 483 3461 Attdili)sque
533 3389 614 3446 his
644 3390 900 3449 Dominus
948 3391 999 3446 in
1045 3389 1347 3447 naviculam
1395 3392 1446 3447 in
1496 3390 1615 3450 loca

19 3480 212 3538 leserta
255 3483 534 3550 secessit,
564 3492 620 3540 et
648 3484 987 3556 sequentium
1036 3500 1095 3541 se
1142 3486 1418 3541 turbarum
1450 3503 1619 3544 vexa-

20 3573 196 3630 ionem
242 3574 515 3630 misertus
565 3584 687 3640 est,
719 3584 774 3633 et
797 3576 995 3632 dimitti
1041 3592 1134 3632 eas
1184 3575 1238 3632 in
1281 3578 1500 3634 castella
1546 3576 1618 3637 ad
1666 3632 1669 3637 .

19 3666 332 3723 roemendos
377 3667 535 3724 cibos
588 3669 830 3739 Apostoli
864 3668 1179 3725 admonent.
1227 3670 1293 3725 Et
1356 3670 1620 3728 Dominus

20 3762 327 3833 espondet,
360 3762 745 3819 necessitatem
778 3780 845 3821 eo
867 3761 1176 3821 revertendi
1209 3764 1353 3834 ipsas
1382 3776 1490 3821 non
1524 3766 1619 3820 ha-

19 3870 143 3925 tere,
173 3857 415 3930 darique
441 3856 528 3912 bis
557 3857 740 3912 cibum
787 3858 1053 3928 praecipit.
1085 3857 1156 3912 Et
1180 3857 1328 3913 solos
1354 3873 1416 3915 se
1460 3858 1620 3930 quin-

20 3963 96 4017 rue
124 3962 304 4021 partes
353 3959 415 4005 et
457 3947 596 4004 duos
624 3948 799 4019 pisces
828 3948 1029 4004 habere
1055 3958 1364 4005 causantur.
1416 3948 1483 4004 Et
1531 3948 1617 4005 of-

19 4041 120 4096 επὶ
146 4042 254 4097 sibi
295 4057 398 4098 eos
424 4040 619 4111 jussit,
650 4041 974 4111 turbamque
1013 4040 1114 4097 sub
1140 4048 1311 4097 strato
1340 4039 1486 4096 [ωηο
1527 4056 1622 4095 ac-

19 4133 276 4190 umbere.
315 4133 388 4188 Et
416 4132 598 4187 oblata
622 4132 921 4199 benedixit,
953 4139 1010 4188 et
1037 4131 1209 4189 turba:
1236 4129 1612 4187 manducanda

19 4227 323 4283 utnminuit
344 4271 360 4295 ,
387 4236 447 4282 et
477 4225 624 4281 dedit
655 4225 934 4297 discipulis
963 4234 1018 4280 ut
1050 4223 1309 4281 oﬂ'et't‘ent
1337 4241 1351 4279 :
1382 4234 1437 4280 et
1461 4232 1615 4280 satu-

19 4324 118 4379 atis
164 4323 447 4379 erunibus
495 4322 871 4392 supplementa
927 4318 1279 4391 cephinorum
1327 4315 1620 4374 duodecim

19 4420 424 4489 uperftterunt,
454 4430 576 4471 eum
602 4426 780 4471 tamen
802 4422 953 4471 extra
978 4415 1261 4471 mulierum
1292 4428 1620 4484 puerorum-

19 4527 88 4568 ue
130 4524 448 4568 numerurm
474 4549 490 4575 ,
524 4509 761 4579 quinque
807 4507 975 4563 millia
1018 4507 1254 4561 virorum
1287 4505 1504 4576 expleta
1532 4519 1627 4561 es-

19 4610 111 4660 ent
140 4602 325 4675 (Ibid.
364 4600 587 4671 13-21).

50 4698 109 4753 5.
162 4698 240 4752 Et
270 4694 588 4763 discipulos
617 4691 924 4748 naviculam
949 4690 1317 4748 conscendere
1344 4732 1359 4759 ,
1387 4701 1444 4747 et
1469 4700 1625 4749 trans

19 4798 191 4846 σειωιι
248 4786 583 4860 prmcedere
617 4786 802 4859 jubet,
830 4786 1161 4857 dimissaque
1202 4787 1317 4857 ipse
1366 4787 1525 4843 turba
1562 4788 1625 4845 in

19 4896 233 4941 tentem
295 4895 475 4937 orare
512 4880 658 4937 solus
699 4879 944 4937 ascendit
973 4898 987 4935 :
1018 4878 1268 4951 factoque
1288 4894 1515 4954 vespere
1538 4894 1631 4939 so-

19 5104 148 5160 ncb.
176 5105 239 5160 in
273 5100 486 5159 Matth.
518 5102 719 5159 docens
740 5102 805 5158 iis
844 5104 1166 5171 evangelicis
1190 5106 1369 5162 verbis
1401 5107 1628 5164 indicari

19 5192 152 5233 eum
194 5175 637 5250 pptrcut_rig_ida
669 5175 924 5250 mentium
968 5175 1200 5250 Spiritus
1229 5178 1345 5250 igne
1388 5179 1626 5250 mollire.

20 5244 278 5304 anson’tit
317 5254 383 5301 et
431 5244 751 5301 Ambrosius
781 5247 833 5300 in
861 5246 989 5302 Luc.
1016 5244 1061 5302 ἰ.
1098 5264 1187 5311 ιιι,
1221 5244 1273 5302 ιιῖ
1299 5248 1373 5316 2,
1413 5249 1504 5303 ubi
1543 5251 1623 5305 al.

24 5331 78 5374 ta
109 5315 461 5386 Theophili
494 5319 653 5372 verba
693 5318 965 5373 exseribit.
1011 5317 1073 5373 lu
1106 5319 1353 5374 eamdem
1401 5329 1628 5376 senten-

19 5409 106 5447 am
149 5393 282 5445 abit
304 5388 469 5444 Beda
511 5388 563 5460 in
587 5387 747 5460 Marc.
782 5404 832 5443 c.
863 5404 935 5444 νι.
975 5388 1119 5444 Nihil
1161 5392 1341 5460 itaque
1370 5388 1488 5455 fuit,
1529 5402 1633 5447 cur

19 5465 274 5519 :ultetus
318 5462 478 5515 hanc
518 5459 701 5514 Hilarii
728 5459 1039 5529 opinionem
1083 5470 1140 5515 ut
1170 5459 1380 5516 naevum
1411 5468 1635 5518 notaret

20 5536 125 5591 ide
157 5535 332 5589 nullo
364 5531 537 5585 modo
561 5533 806 5586 excusari
845 5532 1032 5599 possit.
1067 5530 1327 5600 Quamvis
1358 5534 1504 5587 enim
1531 5533 1627 5588 alii

19 5607 191 5677 iscplt
222 5607 469 5677 fabrum
501 5600 785 5672 tignuarium
807 5601 1063 5677 dixerint,
1095 5618 1253 5677 teque
1274 5603 1631 5677 tamenlicuit

20 5672 295 5733 rrrurium
367 5672 601 5744 dicere,
656 5683 907 5744 neutrum
949 5673 1245 5744 Evangelia
1306 5674 1625 5730 deiinieute.

19 5766 91 5804 no
147 5762 359 5819 neque
403 5741 659 5819 Hilarius
715 5741 1022 5819 lignarium_
1073 5741 1252 5819 negqt.
1326 5744 1632 5819 Utrumque

19 5837 111 5880 ero
141 5813 353 5880 innuit
383 5813 717 5872 Ambrmius

805 5759 1631 5888 ᾌἫωῶθεῧὲτὲτὲπιᾚὲ

1727 3297 1835 3354 Sed
1864 3290 2117 3354 lsraelem
2148 3296 2235 3352 lex
2272 3297 2599 3353 admonebat
2619 3341 2635 3366 ,
2671 3313 2740 3353 ne
2766 3312 2930 3368 opera
2961 3296 3203 3369 gentium
3246 3298 3327 3352 in-

1729 3388 2150 3460 ﬁdelitatemque
2178 3387 2283 3445 sibi
2307 3388 2579 3461 jungeret.
2613 3388 2868 3445 Gentium
2898 3391 3044 3446 enim
3071 3391 3217 3445 socia
3248 3390 3331 3444 in-

1727 3478 1957 3536 fidelitas
2001 3488 2119 3548 est,
2151 3496 2273 3552 quae
2300 3480 2430 3552 ipsis
2463 3491 2735 3553 tamquam
2766 3482 2982 3537 vinculo
3022 3482 3329 3553 conjugalis

1726 3573 1930 3629 amoris
1959 3588 2171 3630 annexa
2213 3579 2317 3629 est.
2371 3572 2436 3628 Hi
2482 3574 2644 3646 igitur
2686 3572 2886 3632 fratres
2916 3591 2980 3632 ex
3008 3575 3201 3633 eodem
3231 3577 3331 3632 ltu-

1730 3666 1876 3723 mani
1906 3668 2125 3740 generis
2164 3677 2291 3724 sunt
2334 3677 2577 3739 parente.
2607 3668 2689 3725 Ob
2716 3667 2855 3725 hanc
2896 3670 3078 3741 itaque
3121 3685 3332 3741 aspera:

1726 3759 2116 3816 admonitionis
2162 3760 2485 3827 veritatem,
2531 3756 2770 3819 Joannes
2824 3772 3093 3836 tamquam
3138 3763 3224 3820 lex
3274 3765 3330 3820 in

1727 3870 1952 3912 carcere
1980 3852 2377 3912 continebatur.
2410 3850 2508 3912 Die
2535 3866 2714 3913 autem
2745 3854 2936 3913 natalis
2958 3899 2973 3923 ,
3003 3857 3057 3913 id
3091 3866 3176 3914 est
3198 3901 3212 3924 ,
3245 3874 3334 3916 re-

1732 3966 1852 4003 rum
1899 3949 2263 4019 corporalium
2296 3949 2507 4020 gaudiis
2531 3991 2544 4015 ,
2577 3949 2901 4007 Hcrodiadis
2950 3952 3062 4006 lilia
3110 3952 3334 4008 saltavit

1735 4038 1901 4111 (Ibid.
1948 4036 2007 4111 6)
2042 4058 2055 4094 :
2090 4038 2337 4109 voluptas
2382 4038 2527 4095 enim
2580 4049 2850 4112 tamquam
2902 4058 2971 4099 ex
3020 4044 3335 4102 infidelitate

1731 4143 1873 4199 orta,
1909 4146 2005 4201 per
2048 4133 2228 4185 omnia
2276 4126 2493 4187 lsraelis
2522 4132 2717 4202 gaudia
2760 4128 2885 4188 totis
2914 4135 3185 4193 illecebra:
3222 4152 3335 4210 suae

1732 4220 1982 4280 cursibus
2004 4220 2348 4279 ell'erebatur.
2372 4218 2470 4279 Cui
2493 4240 2552 4279 se
2574 4240 2789 4281 onmem
2808 4226 2969 4282 etiam
2994 4243 3336 4288 sacramento

1735 4315 1981 4373 venalem
2029 4316 2263 4387 populus
2292 4316 2498 4372 addixit
2527 4335 2540 4372 :
2571 4314 2670 4375 sub
2714 4321 2949 4390 peccatis
2975 4322 3123 4379 enim
3147 4333 3204 4380 et
3230 4340 3337 4381 sa:-

1733 4413 1844 4469 cttli
1888 4413 2298 4484 voluptatibus,
2366 4411 2800 4472 Israelitmvitae
2844 4420 3063 4475 aeternas
3112 4436 3337 4479 munera

1735 4502 2117 4562 vendiderunt.
2173 4504 2299 4562 Haec
2340 4506 2528 4562 matris
2572 4521 2685 4563 suae
2712 4550 2729 4576 ,
2756 4510 2808 4565 id
2839 4520 2957 4577 est,
3005 4513 3340 4573 inﬁdelitatis

1654 4605 1711 4667 ι)
1737 4598 1996 4655 instinctu
2022 4640 2038 4664 ,
2069 4595 2271 4654 deferri
2325 4596 2428 4654 sibi
2470 4594 2697 4656 Joannis
2726 4604 2887 4674 eaput
2911 4645 2927 4671 ,
2975 4605 3025 4660 id
3059 4615 3173 4674 est,
3221 4609 3340 4679 glo-

1739 4692 1873 4748 riam
1900 4693 2033 4764 legis
2064 4692 2240 4749 oravit
2262 4691 2424 4762 (Ibid.
2454 4692 2511 4763 8)
2549 4710 2565 4749 :
2600 4694 2725 4766 quia
2753 4696 2837 4754 lex
2870 4699 3233 4757 inaestuemmt
3265 4702 3343 4757 Is-

1740 4786 1951 4843 raclem
1985 4785 2310 4843 auctoritate
2358 4784 2667 4843 divinorum
2710 4799 3105 4864 praceptorum
3149 4804 3341 4866 argue-

1737 4881 1852 4938 bat.

1738 5111 1926 5191 gpinio
1952 5110 2183 5191 ‘Joseph,
2208 5121 2379 5191 artem
2427 5112 2708 5191 lignariam
2738 5122 3083 5188 exercuisse,
3114 5121 3187 5179 ita
3232 5125 3341 5183 alte

1739 5183 1962 5262 Sculteti
2015 5183 2196 5262 aniitto
2242 5183 2533 5262 itilneserat
2555 5234 2572 5259 ,
2605 5201 2662 5247 ut
2688 5191 2848 5248 facile
2874 5194 2977 5247 sibi
3013 5183 3345 5262 persuaserit

1740 5257 1884 5336 quod
1914 5258 2189 5336 Scriptura
2231 5257 2466 5331 tignariis
2493 5257 2800 5319 meminisset
2840 5257 3030 5333 faciat,
3057 5265 3217 5336 eique
3243 5265 3343 5322 Hi-

1744 5326 1913 5383 larius
1936 5326 2277 5386 adversetur.

1820 5397 1897 5469 (a)
1933 5399 2101 5467 Ba«l.,
2134 5401 2262 5466 Er.,
2298 5400 2443 5473 Lips.
2475 5413 2532 5460 et
2571 5421 2666 5462 sex
2714 5420 2848 5463 mss.
2885 5405 3109 5477 fortnam
3153 5408 3346 5467 scim

1748 5480 2044 5545 nostrorum
2076 5488 2352 5545 corporum
2376 5485 2424 5530 et
2451 5478 2728 5531 materiem.

1822 5540 1896 5617 (ὁ)
1923 5540 2265 5617 _Siuc_eriores
2293 5560 2423 5601 mss.
2453 5556 2692 5615 tantaque
2717 5547 3016 5617 magniﬁca.

1822 5613 1894 5686 (ς)
1923 5612 1979 5686 In
2010 5614 2220 5685 aliquot
2242 5630 2371 5670 mss.
2401 5617 2489 5686 qui
2512 5619 2565 5671 in
2590 5612 2906 5673 carcereum
2930 5619 3198 5677 habitavit.
3233 5623 3347 5682 Hoc

1712 5682 1933 5817 pugn;
1965 5685 2035 5810 illa
2084 5682 2553 5743 v‘ertendum'erat
2593 5689 2725 5756 :qui
2768 5688 2821 5744 in
2858 5704 3089 5749 caseum
3418 5738 3421 5741 -

1772 5770 1822 5809 ta
1865 5769 1899 5811 e
1937 5769 1970 5811 a
1996 5772 2080 5812 ur.

1772 5763 2080 5812 iubebatur.
