4046 6340
485 189 799 297 '99s

1781 225 2025 288 SANCTI
2063 225 2326 287 HILARII
2371 229 2682 289 EPISCOPI

3715 242 3812 300 1000

687 351 741 407 8.
771 348 882 406 Lex
910 348 1216 421 inﬁdelitate
1237 363 1297 403 ac
1318 346 1575 420 voluplale
1602 347 1899 402 interiil.—-
1927 346 2033 403 Sed
2058 360 2219 417 supe-
2249 349 2296 410 Α
2319 349 2576 422 jubetque
2625 348 2888 422 apostolis
2926 357 2980 407 ut
3027 351 3108 409 eis
3156 366 3339 409 escam
3380 351 3572 412 darent.
3611 355 3814 430 Numquid

615 445 729 499 rius
755 439 996 498 llcrodes
1025 441 1354 511 significatus
1376 448 1462 496 est
1485 439 1746 496 Joannem
1775 438 1916 495 velle
1943 438 2212 504 occidere,

612 545 670 593 et
699 545 840 592 metu
873 535 1059 608 populi
1092 534 1404 601 demorari,
1437 532 1563 605 quia
1589 535 1728 591 sicut
1757 532 2018 604 propheta
2047 531 2214 586 liabe-

615 629 772 686 batur
805 627 1018 701 (Matth.
1054 644 1164 696 xrv,
1199 627 1277 701 5).
1306 627 1459 684 Nunc
1482 640 1612 683 vero
1634 627 1799 698 petita
1829 627 1997 698 ipsius
2041 639 2172 681 nece
2195 664 2211 690 ,

619 739 741 782 cum
795 723 1096 796 prmsertitn
1151 723 1412 795 religione
1463 720 1790 777 sacramenti
1848 719 2214 783 detineretur,

620 815 896 888 quomodo
922 814 1095 871 tristis
1117 814 1352 870 efficitur
1381 811 1544 883 (lbid.
1575 811 1668 883 9)?
1695 811 2043 868 Contrarium
2068 809 2218 865 vide-

616 910 744 967 licet
765 918 848 966 cst
871 950 887 979 ,
919 918 1045 965 tunc
1073 908 1481 977 cumvoluisse,
1505 921 1650 962 nunc
1679 905 1823 962 nolle
1853 923 1867 962 :
1897 914 1951 961 et
1981 919 2217 976 praesens

619 1005 870 1062 molestia
901 1003 1157 1062 anteriori
1189 1019 1297 1059 non
1327 1001 1583 1074 convenit
1613 999 1898 1056 voluntati.
1931 995 2130 1055 Verum
2163 997 2218 1052 in

618 1099 989 1172 superioribus
1017 1108 1184 1172 gestte
1231 1099 1306 1156 rei
1335 1097 1468 1155 ordo
1493 1106 1610 1162 est,
1643 1098 1695 1152 in
1739 1095 1821 1152 liis
1863 1103 2042 1151 autem
2074 1107 2220 1148 nunc

621 1195 833 1263 species
859 1205 1039 1248 causa:
1067 1190 1452 1260 consequentis
1473 1190 1783 1262 exponitur.
1813 1187 2052 1246 Gloriam
2084 1185 2220 1258 legis

620 1287 875 1358 voluptas
901 1301 968 1342 ex
1002 1285 1322 1342 infidelitate
1351 1295 1470 1340 orta
1499 1284 1804 1354 occupavit.
1849 1282 1955 1340 Sed
1992 1281 2222 1352 populus

624 1379 750 1436 boni
779 1379 895 1451 ejus
926 1378 1072 1450 quod
1117 1379 1170 1434 in
1201 1379 1317 1450 lege
1353 1388 1472 1435 erat
1499 1376 1773 1443 conscius,
1819 1373 1896 1447 (a)
1931 1371 2222 1444 voluptatis

625 1473 1026 1532 conditionibus
1055 1489 1162 1529 non
1198 1473 1317 1529 sine
1339 1472 1521 1544 aliquo
1550 1471 1685 1528 certi
1733 1468 1958 1541 periculi
2000 1467 2082 1522 sui
2126 1465 2225 1522 do-

627 1567 743 1624 lore
777 1565 852 1640 (b)
879 1567 1150 1624 connivet.
1203 1566 1424 1637 Scitque
1461 1579 1520 1621 se
1571 1563 1644 1637 (c)
1697 1562 1786 1618 tali
1829 1569 2224 1634 praeceptorum

625 1661 799 1732 gloria
829 1675 936 1715 non
974 1661 1280 1731 oportuisse
1309 1656 1613 1714 concedere
1653 1674 1666 1710 :
1695 1655 1791 1712 sed
1822 1656 2058 1727 peccatis
2091 1664 2227 1710 tam-

2316 442 2631 514 ignorabat,
2654 459 2760 500 non
2790 459 2912 502 esse
2935 445 3077 516 quod
3098 445 3213 502 dari
3235 456 3446 518 posset;
3468 457 3519 504 et
3537 447 3815 508 humanarum

2315 539 2576 594 mentium
2607 539 2818 596 interna
2840 541 3179 612 conspiciens
3195 583 3211 608 ,
3237 541 3454 598 modum
3479 545 3672 615 repositi
3698 561 3818 616 penes

2317 632 2593 704 apostolos
2619 633 2726 690 cibi
2756 636 3068 694 nesciebat?
3097 633 3204 694 Sed
3233 636 3530 694 eratomuis
3552 642 3700 710 typica
3722 644 3818 700 ratio

2317 726 2661 798 explicanda.
2684 729 2932 786 Nondum
2956 729 3101 786 enim
3122 745 3444 787 concessum
3472 731 3700 801 apostolis
3721 745 3817 804 erat,

2317 817 2384 874 ad
2406 819 2530 875 vita:
2552 830 2768 878 aeterna:
2786 822 2965 880 cibum
2987 865 3002 891 ,
3034 823 3316 880 etnlestem
3345 838 3530 895 panem
3548 825 3759 895 perficere
3776 842 3818 882 ac

2320 912 2652 970 ministrare.
2687 915 2925 984 Quorum
2963 916 3252 987 responsio
3299 917 3367 972 ad
3410 917 3644 988 spiritalis
3677 917 3820 975 intelli-

2320 1005 2515 1075 genti-.1:
2541 1005 2788 1062 ordinem
2813 1007 3002 1063 tendit.
3034 1006 3192 1064 Solos
3217 1007 3357 1064 enim
3397 1023 3454 1065 se
3481 1009 3685 1080 quinque
3705 1023 3819 1080 partes

2322 1105 2376 1151 et
2405 1095 2541 1152 duos
2565 1097 2742 1169 pisces
2775 1099 3174 1170 responderunt
3203 1101 3405 1158 habere
3429 1099 3582 1174 (Ibid.
3610 1100 3684 1173 17)
3705 1119 3716 1156 :
3737 1104 3822 1171 quia

2321 1188 2500 1245 adhuc
2523 1190 2623 1246 sub
2651 1192 2888 1264 quinque
2918 1194 3168 1265 panibus,
3199 1194 3292 1267 (e),
3324 1193 3376 1249 id
3403 1205 3513 1260 est,
3559 1193 3750 1265 quinque
3780 1195 3821 1251 li<

2323 1281 2435 1339 bris
2466 1284 2598 1354 legis
2619 1286 3058 1352 continebantur,
3084 1296 3138 1342 et
3161 1288 3391 1358 piscium
3417 1287 3625 1341 duorum
3642 1327 3656 1350 ,
3677 1285 3718 1341 id
3738 1297 3819 1353 est,

2326 1377 2710 1448 prophetarum
2745 1387 2800 1434 et
2839 1379 3066 1435 Joannis
3111 1371 3568 1450 praedicationibus
3591 1377 3817 1434 alebantur.

2326 1467 2384 1526 In
2410 1470 2663 1541 operibus
2685 1471 2827 1527 enim
2846 1473 2978 1544 legis
2998 1514 3013 1540 ,
3040 1481 3314 1544 tamquam
3337 1487 3403 1528 ex
3424 1487 3554 1544 pauc
3587 1479 3685 1528 erat
3715 1471 3819 1526 vita:

2327 1565 2640 1635 praedicatio
2659 1579 2839 1623 autem
2869 1566 3092 1623 Joannis
3141 1577 3199 1624 et.
3252 1566 3709 1638 prophetarum,in
3745 1565 3820 1621 vir-

2328 1665 2441 1714 tute
2470 1673 2664 1730 aqure,
2695 1659 2820 1716 vitae
2871 1660 3125 1716 humana:
3179 1675 3335 1731 spem
3389 1658 3696 1716 confovebat.
3737 1657 3821 1713 licet

628 1769 788 1823 quam
818 1760 1166 1810 sacramento
1190 1763 1434 1818 coactus,
1458 1760 1512 1806 et
1538 1749 1840 1822 principum
1865 1745 2224 1819 adjacentium
2253 1752 2304 1815 Β
2332 1747 2492 1822 igitur
2515 1752 2744 1821 primum
2769 1795 2782 1819 ,
2808 1753 2932 1824 quia
2953 1755 3005 1809 in
3035 1752 3118 1809 bis
3139 1752 3318 1808 adhuc
3341 1761 3491 1809 erant
3511 1794 3526 1820 ,
3553 1750 3740 1822 apostoli
3761 1751 3823 1807 ob-

630 1852 778 1904 metu
832 1855 996 1918 atque
1050 1847 1299 1919 exemplo
1343 1844 1669 1917 depravatus
1698 1843 1994 1908 etvictus,
2049 1841 2231 1898 illece-

624 1938 738 1997 bris
766 1938 1062 2012 voluptatis
1101 1941 1265 1996 etiam
1293 1946 1520 1994 moestus
1559 1937 1916 2008 obtemperat.
1950 1934 2118 2006 Igitur
2145 1933 2228 1989 in-

633 2038 715 2088 ter
741 2032 945 2104 reliqua
979 2031 1228 2088 dissoluti
1255 2031 1437 2105 populi
1464 2029 1681 2102 gaudia,
1721 2030 1774 2086 itt
1798 2029 1952 2086 disco
2005 2027 2230 2085 Joannis

632 2136 797 2197 caput
842 2125 1067 2182 affertur
1095 2123 1260 2198 (Ibid.
1294 2124 1385 2197 il)
1427 2123 1676 2190 ;damno
1717 2123 1928 2179 scilicet
1973 2121 2109 2194 legis
2138 2135 2232 2176 vo-

632 2217 812 2289 luptas
836 2233 1122 2290 corporum
1165 2227 1220 2274 et
1249 2216 1528 2273 saecularis
1567 2216 1723 2271 luxus
1767 2224 1995 2286 augetur
2027 2230 2040 2266 :
2074 2220 2129 2269 et
2157 2215 2230 2268 ita

634 2326 734 2382 per
771 2310 1003 2382 puellam
1053 2310 1121 2366 ad
1163 2321 1392 2366 matrem
1422 2308 1685 2365 defertur.
1716 2311 1797 2364 Ac
1827 2307 1906 2363 sic
1937 2306 2233 2377 probrosus

634 2400 801 2458 Israel
833 2412 888 2459 et
913 2402 1178 2472 voluptati
1205 2410 1261 2459 et
1290 2398 1596 2458 infidelitati
1622 2415 1734 2455 suae
1764 2399 2002 2466 familiae,
2028 2396 2235 2453 scilicet

632 2507 787 2554 antea
818 2497 1060 2568 gentium
1081 2537 1096 2564 ,
1126 2494 1355 2567 gloriam
1391 2495 1525 2566 legis
1566 2493 1794 2549 addixit.
1825 2491 2023 2548 Finitis
2069 2491 2234 2562 igitur

633 2587 768 2660 legis
793 2587 1160 2659 temporibus,
1188 2596 1244 2643 et
1285 2602 1408 2643 cum
1453 2585 1661 2642 Joanne
1689 2585 2041 2656 eonsepultis,
2071 2582 2234 2639 disci-

633 2682 746 2754 puli
775 2682 894 2753 ejus
926 2696 1014 2738 res
1043 2683 1120 2737 ita
1147 2689 1326 2754 gestas
1359 2680 1588 2736 Domino
1618 2679 1902 2744 nuntiant,
1940 2677 2008 2734 ad
2051 2675 2232 2732 Evan-

633 2776 772 2848 gelia
804 2776 1010 2833 scilicet
1029 2793 1097 2833 ex
1120 2777 1240 2848 lege
1268 2777 1550 2833 venientes
1577 2773 1745 2846 (Ibid.
1775 2773 1892 2847 12).

703 2872 758 2928 9.
793 2871 965 2945 740
991 2871 1144 2943 Legis
1182 2873 1325 2944 ﬁnis,
1357 2872 1604 2928 Ecclesia:
1632 2872 1858 2928 initium.
1882 2900 1951 2911 —
1975 2869 2120 2942 Ergo
2139 2867 2235 2925 Dei

637 2960 872 3018 Verbum
889 2965 1006 3034 lege
1021 2965 1169 3020 finita
1183 2980 1372 3020 navem
1386 2963 1762 3020 conscendens
1773 2962 2079 3018 Ecclesiam
2101 2960 2232 3028 adit,

634 3057 765 3113 etin
789 3057 1062 3114 desertum
1087 3057 1338 3114 concedit
1373 3057 1538 3133 (Ibid.
1598 3058 1692 3131 15)
1739 3075 1754 3112 :
1799 3056 1989 3113 relicta
2037 3056 2237 3128 quippe

2334 1847 2615 1903 tulerunt:
2656 1845 2751 1902 sed
2801 1861 2868 1903 cx
2913 1846 3000 1904 liis
3050 1845 3450 1919 evangeliorum
3494 1843 3748 1916 praedicatio
3780 1841 3822 1912 (f)

2334 1937 2574 2011 profecta
2604 1947 2959 2006 monstratur,
3009 1950 3064 1996 et
3112 1939 3198 1994 his
3245 1937 3533 2010 originibus
3576 1934 3758 1992 deducta
3786 1927 3821 1988 iu

2333 2032 2592 2102 majorem
2617 2031 2831 2087 virtutis
2860 2046 2973 2087 sua:
3003 2025 3388 2087 abundantiam
3417 2029 3616 2085 crescit.

2407 2127 2495 2183 11.
2519 2125 2752 2182 Christus
2777 2127 2832 2181 in
2873 2125 3040 2181 cibum
3085 2142 3284 2181 tersus.
3312 2121 3416 2179 Cur
3461 2123 3626 2178 dentur
3651 2118 3822 2191 apostolis

2336 2238 2514 2293 panes,
2560 2222 2594 2291 ᾗ
2622 2261 2634 2276 .
2653 2221 2746 2276 20.
2767 2218 2870 2275 Cur
2891 2221 3114 2292 quinque
3137 2220 3303 2274 millia
3324 2218 3440 2273 inde
3463 2224 3744 2271 saturentur:
3765 2227 3822 2266 cur

2333 2315 2603 2370 duodecim
2626 2314 2834 2386 caphini
2861 2323 3195 2370 reserventur.
3226 2342 3300 2354 —-
3327 2311 3560 2381 Acceptis
3598 2309 3726 2380 igitur
3764 2319 3822 2376 pa-

2335 2409 2492 2465 nibus
2505 2418 2667 2480 atque
2683 2407 2941 2479 piscibus,
2966 2406 3229 2462 Dominus
3253 2405 3484 2477 respexit
3501 2401 3562 2459 ad
3583 2398 3820 2464 cmlum,be-

2335 2501 2544 2559 nedixit
2558 2512 2612 2559 et
2629 2501 2810 2573 fregit,
2829 2499 2978 2556 Patri
3001 2516 3164 2572 agens
3180 2499 3383 2571 gratias
3402 2506 3518 2572 post
3535 2507 3726 2567 tempora
3736 2489 3820 2562 legis

2334 2612 2397 2652 ac
2428 2595 2810 2668 prophetarum
2838 2609 2897 2652 se
2951 2597 3005 2652 in
3031 2594 3404 2666 evangelicum
3428 2589 3716 2650 cibum-verti
3751 2586 3814 2656 (g).

2335 2689 2674 2745 Accumbere
2711 2701 2833 2760 poss
2889 2691 3004 2744 inec
3057 2703 3222 2760 supra
3275 2687 3472 2744 fumum
3511 2679 3819 2755 populusjube-

2339 2792 2459 2849 tur;
2493 2797 2596 2838 non
2620 2781 2731 2852 jam
2764 2781 2817 2836 in
2847 2789 2987 2836 terra
3009 2780 3198 2851 jacens
3221 2823 3238 2850 ,
3262 2780 3358 2838 sed
3381 2779 3493 2850 lege
3515 2775 3721 2833 suffultus
3759 2776 3820 2824 :et

2339 2883 2590 2947 tanquam
2638 2883 2794 2930 terrae
2846 2871 3030 2939 foeno,
3089 2872 3354 2929 fructibus
3404 2869 3568 2943 cperis
3611 2866 3676 2921 sui
3709 2875 3817 2918 unus.

2336 2966 2566 3038 quisque
2625 2966 3008 3024 substernitur.
3047 2964 3126 3038 (lt)
3158 2965 3364 3022 Dantur
3409 2977 3601 3036 quoque
3641 2953 3816 3029 apostolis

2337 3076 2537 3132 panes,
2569 3061 2692 3130 quia
2725 3074 2819 3129 per
2838 3073 2932 3115 eos
2952 3068 3109 3115 erant
3130 3058 3332 3115 divina:
3378 3054 3552 3130 gratiae
3595 3052 3704 3107 dona
3739 3043 3816 3102 red-

635 3151 1048 3209 conversatione
1075 3151 1270 3219 Israel,
1329 3132 1390 3207 in
1429 3166 1599 3208 vacua
1650 3150 1850 3207 divinae
1908 3148 2237 3220 cognitionis
2263 3146 2308 3211 C
2339 3145 2535 3202 denda.
2566 3146 2725 3202 Plebs
2748 3144 2945 3201 deinde
2974 3145 3214 3216 quinque
3241 3143 3462 3216 panibus
3480 3149 3531 3198 et
3551 3137 3716 3194 duobus
3749 3132 3816 3201 pis'

637 3254 860 3318 pectora
895 3245 1241 3302 transiturus.
1277 3245 1457 3302 Turba
1489 3245 1606 3302 haec
1651 3243 1911 3312 audiens,
1943 3243 2234 3300 Dominum

634 3337 704 3395 de
732 3339 950 3396 civitate
979 3338 1144 3411 pedes
1175 3339 1421 3410 sequitur
1450 3339 1502 3393 in
1526 3337 1806 3394 desertum
1841 3353 1856 3395 :
1889 3337 1957 3393 de
1987 3337 2238 3408 Synago-

634 3447 699 3504 ga
723 3431 973 3489 videlicet
993 3432 1059 3488 ad
1085 3431 1384 3488 Ecclesiam
1407 3430 1680 3486 concedit.
1706 3430 1878 3500 Quam
1906 3429 2098 3508 videns
2137 3427 2238 3483 mi-

635 3536 949 3592 sertusest,
977 3535 1032 3582 et
1059 3541 1276 3582 omnem
1313 3527 1628 3596 languorem
1673 3525 1792 3595 ejus
1835 3524 2236 3580 infirmitatem-

637 3635 744 3692 que
765 3629 920 3677 curat
945 3617 1110 3690 (Ibid.
1163 3618 1255 3691 14)
1306 3637 1319 3674 :
1363 3620 1616 3675 obsessas
1662 3619 1870 3676 scilicet
1917 3627 2126 3674 mentes
2183 3626 2238 3673 ct

635 3727 864 3782 corpora
889 3711 1225 3769 infidelitatis
1255 3722 1480 3769 veterno
1505 3711 1574 3768 ad
1615 3712 2028 3784 intelligentiam
2081 3726 2236 3768 novae

637 3803 1040 3878 praedicationis
1065 3803 1340 3861 emundat.

715 3898 800 3956 10.
817 3897 1026 3972 Legalis
1047 3899 1294 3955 doctrina:
1305 3899 1464 3955 cibus.
1497 3899 1732 3971 Quinque
1755 3915 1909 3971 panes
1931 3909 1981 3955 et
2005 3899 2108 3954 duo
2131 3899 2238 3972 pis-

637 4009 719 4050 ces
740 3985 865 4064 quid
893 3993 1200 4066 signiﬁcent.
1233 4023 1304 4035 ——
1327 3992 1538 4048 Etcum
1587 3993 1839 4064 discipuli
1882 3993 2079 4050 ditnitti
2125 4002 2238 4050 tur-

639 4086 738 4144 bas
771 4087 824 4142 in
851 4087 1074 4143 castella
1126 4087 1370 4156 proxima
1392 4085 1461 4141 ad
1489 4084 1818 4143 coemendos
1859 4087 2010 4142 cibos
2051 4085 2238 4143 adnto-

641 4191 836 4237 nerent
887 4181 1072 4254 (Ibid.
1107 4179 1234 4253 15);
1277 4181 1560 4253 respondit
1591 4199 1605 4235 :
1636 4181 1760 4236 Non
1800 4180 1986 4237 habent
2039 4197 2240 4236 necesse

637 4273 713 4350 ire
755 4273 917 4346 (Ibid.
977 4274 1075 4346 16)
1104 4293 1118 4330 :
1149 4273 1444 4331 ostendens
1489 4289 1619 4342 eos,
1652 4274 1848 4346 quibus
1896 4272 2239 4342 mederetur,

644 4364 725 4436 (ά)
749 4365 934 4437 legalis
965 4365 1225 4422 doctrina:
1255 4366 1379 4423 cibo
1400 4382 1507 4422 non
1553 4381 1748 4438 egere,
1780 4381 1958 4437 neque
2002 4366 2242 4423 necessi-

644 4464 814 4512 tatem
835 4457 1040 4514 babere
1061 4457 1270 4530 regredi
1291 4457 1360 4514 ad
1384 4457 1627 4515 Judaeam
1651 4459 1940 4531 cibumque
1963 4461 2193 4516 mercari
2218 4477 2232 4528 ;

719 4618 796 4691 (a)
825 4617 980 4691 Bad.,
1013 4617 1107 4674 Er.
1135 4629 1190 4676 et
1209 4619 1358 4688 Lips.
1387 4618 1667 4674 voluntatis
1699 4634 1717 4673 :
1749 4618 1910 4676 male.

719 4688 794 4764 (b)
823 4688 1222 4764 Edit._esce_pto
1251 4692 1374 4764 Par.
1413 4705 1536 4764 curn
1565 4691 1771 4760 aliquot
1823 4706 1953 4747 mss.
1987 4691 2236 4746 concedit.

647 4759 869 4820 Rectius
901 4760 992 4834 alii
1020 4759 1178 4829 libri,
1209 4763 1441 4818 connivet
1474 4803 1489 4828 ,
1521 4761 1624 4818 hoc
1660 4759 1794 4832 est,
1847 4763 2092 4834 quamvis
2129 4777 2236 4818 non

650 4842 863 4907 sponte,
896 4830 1164 4888 consentit
1188 4844 1388 4907 tamen.

721 4905 794 4979 (c)
823 4907 878 4960 In
906 4919 998 4979 sex
1023 4903 1356 4979 mss._gtalem
1384 4914 1757 4979 praeceptorum
1780 4905 1999 4979 gloriam
2027 4905 2235 4979 :Alectio

649 4973 1102 5050 nou'probanda.
1159 4974 1256 5030 Hic
1305 4973 1845 5050 verltum'concedere
1872 4977 2232 5034 descrtionem
2265 5041 2268 5044 ,

651 5046 828 5113 sonat,
853 5057 1014 5118 atque
1042 5046 1180 5118 idem
1229 5055 1312 5118 est
1363 5049 1503 5118 quod
1529 5050 1798 5116 recedere;
1847 5057 2002 5104 antea
2053 5057 2232 5105 autem

648 5117 939 5192 oportuisse
962 5117 1206 5192 eamdem
1238 5117 1347 5192 vim
1375 5117 1538 5172 liabet
1567 5136 1628 5175 ac
1659 5121 1908 5192 debuisse.

725 5191 809 5264 (d)
835 5191 894 5246 In
923 5190 1156 5264 vulgatis
1175 5197 1238 5264 _et
1267 5188 1474 5264 aliqunt
1497 5205 1647 5264 mss.
1677 5191 1887 5246 venialis
1941 5190 2190 5264 doctrinae
2223 5211 2235 5248 :

646 5260 810 5320 lectio
836 5260 1072 5332 speciem
1103 5261 1307 5333 babens
1337 5260 1596 5333 veritatis.
1627 5263 1695 5316 At
1747 5278 1868 5333 quae
1921 5278 2063 5318 nunc
2087 5263 2240 5318 exhi-

644 5335 808 5391 betur
833 5329 901 5389 εὶ
929 5347 1062 5388 mss.
1091 5329 1254 5388 Carn.
1280 5338 1335 5386 et
1353 5330 1509 5386 Colb.
1539 5329 1803 5388 sincerior
1848 5333 1964 5388 visa
2009 5341 2122 5400 est,
2181 5345 2239 5390 ut

647 5406 715 5462 iis
737 5405 917 5461 minus
937 5403 1126 5468 obvia,
1156 5403 1248 5474 qui
1293 5402 1464 5458 libros
1509 5412 1718 5458 veteres
1757 5407 1977 5476 proprio
2023 5406 2240 5475 ingenio

647 5487 742 5532 aut
763 5477 1043 5546 corrigunt
1068 5516 1085 5540 ,
1121 5485 1215 5530 aut
1243 5482 1618 5546 corrumpunt.

721 5547 795 5619 (ε)
826 5545 966 5622 Editi
987 5588 1004 5614 ,
1031 5546 1255 5619 quinque
1295 5545 1512 5617 panibus
1557 5545 1779 5617 quinque
1807 5547 1924 5603 libri
1954 5548 2102 5622 legis,
2126 5560 2234 5607 etc.

651 5619 1011 5676 emendantur
1026 5632 1132 5687 ope
1156 5633 1290 5675 mss.

721 5693 790 5762 tr)
819 5691 878 5746 In
903 5704 1037 5762 mss.
1065 5687 1220 5747 Colb.
1259 5699 1312 5762 et
1337 5688 1499 5747 Carn.
1532 5688 1804 5762 propheta.
1849 5690 1928 5746 Ex
1980 5691 2237 5748 mendosa

653 5760 1223 5830 hujusmodilectionc
1247 5761 1480 5819 obtinuit
1532 5760 1674 5833 apud
1731 5761 1856 5818 Par.
1908 5765 2233 5835 prophetam.

2261 4620 2316 4684 D
2377 4618 2491 4704 .(9)

2336 3241 2490 3298 cibus
2512 3241 2746 3312 pascitur
2775 3249 2830 3296 et
2853 3240 3102 3310 expletur
3133 3257 3144 3293 :
3171 3251 3228 3294 et
3250 3238 3534 3310 fragmenta
3548 3230 3673 3305 panis
3693 3235 3731 3282 et
3751 3224 3816 3294 pis-

2337 3333 2480 3390 cium
2504 3377 2518 3400 ,
2541 3335 2796 3390 saturatis
2823 3330 3274 3389 accumbentibus
3293 3375 3308 3399 ,
3343 3344 3502 3401 usque
3541 3327 3586 3382 itt
3617 3315 3814 3378 duodecim

2344 3428 2701 3499 cupliiuorum
2730 3427 3125 3499 plenitudinem
3140 3425 3562 3486 abundaverunt,
3589 3415 3664 3472 Dei
3681 3409 3814 3469 scilicet

2344 3523 2503 3598 74],
2532 3523 2699 3580 verbo
2735 3539 2803 3580 ex
2841 3522 3086 3579 doctrina
3112 3523 3250 3594 legis
3297 3519 3724 3593 prophetarumque
3757 3517 3813 3598 te-

2344 3596 2527 3676 nienﬁte
2545 3661 2560 3686 ,
2585 3618 2872 3674 multitudo
2893 3618 3120 3675 satiatur
3147 3635 3161 3672 :
3194 3627 3252 3673 et
3269 3622 3526 3673 reservata
3547 3605 3727 3680 gentium
3741 3596 3813 3668 pler

2340 3713 2393 3769 bi
2426 3711 2489 3787 (i)
2515 3728 2579 3768 ex
2603 3713 2792 3768 aeterni
2816 3711 2920 3767 cibi
2953 3711 3283 3780 ministerio,
3332 3709 3383 3765 in
3407 3697 3812 3787 duodecimapOSlO'

2339 3786 2514 3863 lorum
2549 3805 2940 3876 plenitudinem
2957 3846 2972 3873 ,
3005 3804 3162 3876 copia
3187 3803 3384 3860 divina:
3407 3795 3599 3882 virtutis
3622 3786 3810 3882 exultem-

2341 3898 2488 3955 ldem
2511 3875 2693 3954 autem
2717 3897 2996 3954 edcntium
3019 3875 3283 3954 numerus
3334 3879 3601 3950 invenitur,
3632 3880 3700 3952 qui
3720 3875 3812 3931 futu-

2341 4007 2436 4068 rus
2463 3992 2637 4050 fuerat
2657 3990 3072 4048 crediturorum.
3105 3989 3238 4046 Nam
3268 3989 3403 4046 sicut
3429 3987 3553 4043 libro
3573 3977 3636 4052 (j)
3659 3974 3813 4067 Ρηιίξοί

2342 4085 2674 4150 continetur,
2703 4100 2770 4140 ex
2800 4083 2966 4140 Israel
2999 4085 3180 4155 populi
3205 4085 3491 4140 infinitate,
3511 4075 3700 4164 virorutn

2341 4197 2448 4254 que
2475 4180 2642 4236 millia
2658 4149 3012 4236 crediderunt
3042 4149 3178 4251 (det.
3211 4195 3266 4234 tv
3285 4221 3301 4248 ,
3331 4177 3408 4249 4).
3444 4175 3618 4231 Rerum
3636 4160 3739 4254 enim
3763 4149 3811 4221 (i)

2344 4252 2632 4330 admiratio
2653 4288 2825 4345 usque
2847 4272 2900 4328 in
2922 4286 3233 4329 mensuram
3267 4285 3438 4329 causas
3467 4252 3729 4334 subiacentis
3747 4258 3806 4300 ex-

2348 4367 2608 4424 tenditur.
2629 4365 3008 4436 Confractique
3037 4381 3160 4422 cum
3191 4363 3434 4436 piscibus
3454 4369 3602 4431 panes
3619 4392 3632 4418 ,
3651 4345 3810 4402 saturam

2345 4461 2577 4532 populo,
2608 4459 2661 4515 iu
2684 4466 2890 4514 tantum
2919 4457 3177 4529 deinceps
3206 4440 3805 4514 cumulantur-augmentum,

2521 4617 2727 4707 εκευεῖ
2750 4616 3110 4707 redeamus
3137 4586 3811 4707 οεηηῑιιιιξξηεξξ·ἐξίεξὲἓεὲξῗξ

2342 4671 3054 4764 sig‘iiﬁﬁhiiibéquéiniit:
3081 4671 3250 4744 verbo
3272 4685 3428 4743 lectio
3451 4681 3518 4737 ita
3541 4677 3702 4739 integra
3727 4671 3807 4714 est:

2343 4762 2538 4835 gratias
2559 4779 2720 4835 agens
2743 4778 2798 4816 se
2817 4762 2962 4835 uerti,
2977 4771 3092 4835 etc.

2417 4833 2496 4906 θ’)
2526 4833 2616 4920 ξλᾸά
2636 4833 3170 4920 θίξὲίίιυθεηθέηξίίὶηεῖε
3192 4846 3324 4920 ίίιὲηι.
3343 4833 3812 4920 Ρ¹ξξτ¹¹ὶ¹ἔῖρ¹ἷ¹⁵ἲιῗῖιιῖἇ

2343 4881 2495 4961 nu‘nif
2527 4881 2615 4972 Ῑὲζ
2637 4881 3169 4960 ἶιῖἷίῗᾟᾶἶὶὶὲὲἱὶἇὲ
3193 4881 3455 4972 aitagit.
3481 4903 3631 4966 partes.
3645 4881 3766 4972 ,ξι-εν

2342 4955 2469 5033 ἰδῖιίζ
2481 4955 3034 5048 sinuamina;
3049 4955 3340 5048 incitatis:
3353 4971 3416 5048 Et
3435 4955 3491 5022 iu'
3509 4974 3620 5020 mss.
3644 4955 3659 5002 ί

2339 5043 2848 5142 (Idaeaidaea
2877 5043 3178 5142 statiuis?
3200 5043 3460 5142 “1205392
3533 5105 3581 5142 ι.
3613 5098 3653 5142 εη
3695 5087 3810 5142 Turo-

2417 5099 2848 5206 δ’)ξιςῑιδςέίιξξ.
2876 5099 3186 5206 esurias
3219 5099 3810 5206 éfweﬁﬁ‘i‘bif’ii

2341 5175 2496 5248 nensi
2522 5191 2714 5280 codice
2741 5191 2995 5280 secundis
3022 5195 3168 5280 curis
3187 5232 3214 5280 ._
3244 5179 3346 5246 sed’
3383 5175 3810 5280 θὲάξῌῖλξῗξυῖἕέδ

2341 5272 2611 5346 exnttttcto
2653 5272 2737 5346 et,
2763 5270 2921 5317 antea
2963 5248 3310 5346 substitutum
3344 5263 3443 5346 est
3473 5248 3808 5346 ’ἓξ

2341 5311 2776 5392 ξιεῖὺῖιῗεῖενυὶιῖα
2797 5311 2983 5405 {quod
2995 5311 3446 5389 B'oii'iﬁuiiudum
3483 5321 3714 5394 putamus,
3745 5311 3764 5350 9

2341 5405 2619 5491 δίιγρεειη
2645 5405 3182 5491 cadmiam!!!"-
3241 5476 3276 5491 η
3502 5480 3514 5491 .
3554 5436 3810 5491 ,ρηςιρηιευυε

2414 5451 3201 5551 (ῇξέἱζξῐιῖρἒἒίἲιξῖῗῡῐὶὠ
3230 5476 3459 5532 Ρναπεοη
3497 5480 3514 5520 :
3554 5451 3746 5516 τθηίιευιι

2346 5547 2482 5605 cum
2503 5547 2650 5608 Bad.
2668 5549 2920 5604 omnibus
2948 5563 3082 5605 mss.
3616 5598 3626 5610 .

2422 5619 2491 5639 ll-‘
2528 5619 2678 5639 (1----
2712 5635 2789 5639 ___
2823 5619 2846 5639 Α
2878 5619 3129 5639 ansa“)---
3207 5636 3252 5639 ,Α
3275 5621 3294 5639 ι
3318 5620 3362 5639 2_
3396 5616 3487 5639 l--.
3509 5585 3793 5639 mamma

2418 5619 2495 5704 (It),
2527 5604 2684 5704 Syene
2709 5619 2856 5704 apud
2877 5619 3169 5704 Hilarium,
3202 5621 3296 5704 sed
3318 5620 3368 5674 in
3395 5604 3809 5704 1199333333.;

2347 5665 3017 5781 summisisse;
3202 5665 3384 5776 ista.
3431 5665 3806 5781 agunjfaggin'iﬁgj:

2347 5746 2664 5823 miraculum
2695 5763 2892 5834 ipsum,
2914 5746 3024 5837 quo
3046 5746 3330 5822 admiratio
3348 5756 3597 5818 excitatur,
3611 5746 3714 5808 518‘“
