3882 6332
51 280 177 337 1001

950 273 1489 337 COMMENTARIUS
1523 276 1590 336 IN
1628 274 2059 341 MATTHABUM.
2104 279 2255 340 CAP.
2298 279 2438 341 XIV.

3103 282 3346 354 _1002

47 426 279 489 quantus
303 423 358 472 et
383 413 660 472 credentis
688 413 903 485 populi,
927 424 981 470 et
1009 417 1400 488 cxplendorum
1450 417 1641 473 coelcs-
1672 397 1723 458 Α
1752 416 2010 473 Dominus
2040 418 2185 472 venit
2215 435 2230 471 :
2262 425 2455 488 quarto
2477 415 2621 472 enim
2651 421 2760 471 tum
2788 412 2856 470 ad
2903 410 3206 472 Ecclesiam
3254 431 3348 472 va-

48 510 83 564 ti
116 509 284 580 gratia
313 509 682 578 apostolorum
737 522 998 563 numerus
1041 510 1454 566 destinabatur:
1491 520 1546 564 ut
1589 518 1643 566 et

47 603 235 658 modus
267 616 518 670 numero,
539 609 592 655 et
621 615 874 656 numerus
888 601 1048 656 modo
1061 602 1478 674 obtemperaret;
1504 603 1643 657 intra

47 698 177 752 ﬁnes
194 710 320 751 suos
333 693 474 751 ratio
485 694 759 761 conclusa,
777 694 843 750 ad
858 699 1244 767 consequentis
1259 696 1483 752 effectus
1513 712 1644 752 con-

43 788 298 844 ditionem
314 787 434 858 ipso
445 784 640 842 divinae
652 785 862 840 virtutis
875 787 1238 844 moderamine
1251 787 1640 844 contineretur.

117 880 204 936 12.
236 879 342 935 Cur
369 881 422 934 in
445 880 624 934 caelum
645 880 922 949 respexerit
943 879 1196 935 Christus.
1249 881 1436 936 Mundi
1466 889 1643 936 auctor

44 975 136 1028 hoc
157 976 291 1045 facto
317 971 608 1026 innotescit.
635 1001 704 1012 —
728 970 908 1026 Vincit
932 980 1112 1028 autem
1139 973 1429 1028 humanam
1468 972 1640 1027 intel-

48 1065 317 1137 ligentiam
351 1079 486 1135 opus
513 1062 639 1118 facti
666 1079 678 1116 :
707 1072 901 1119 etcum
928 1063 1240 1136 frequenter
1261 1066 1509 1138 quaedam
1533 1067 1644 1122 sint

46 1175 161 1229 qua:
183 1168 444 1228 concepta
471 1171 663 1222 sensu,
688 1171 867 1212 sermo
895 1173 999 1212 non
1029 1159 1296 1227 eXplieet;
1332 1158 1386 1213 in
1427 1159 1511 1215 his
1559 1168 1641 1214 ta-

49 1267 166 1307 men
201 1251 310 1321 ipsa
344 1248 420 1320 (rt)
454 1264 646 1304 sensus
675 1249 945 1305 subtilitas
969 1251 1312 1323 ingravescit,
1351 1260 1408 1307 et
1445 1253 1510 1307 ad
1563 1253 1641 1308 rei

50 1344 549 1414 contemplationem
576 1359 671 1412 pro
699 1343 1018 1400 difﬁcultate
1068 1355 1172 1400 tam
1211 1345 1500 1401 invisibilis
1547 1363 1642 1402 nc-

50 1441 172 1512 gotii
200 1437 550 1508 obstupescit.
579 1437 831 1508 Acceptis
859 1437 1004 1494 enim
1039 1439 1268 1507 panibus
1296 1439 1558 1510 quinque,
1585 1441 1638 1497 in

53 1533 241 1588 ctelum
273 1531 527 1586 Dominus
556 1532 827 1600 respexit,
854 1531 1113 1587 honorem
1137 1534 1254 1602 ejus
1274 1575 1287 1596 ,
1315 1547 1344 1585 a
1373 1549 1480 1604 quo
1500 1543 1636 1600 erat,

59 1628 169 1699 ipse
189 1627 460 1684 confessus
495 1644 508 1680 :
534 1642 640 1682 non
672 1629 814 1699 quod
843 1630 1154 1688 carnalibus
1182 1631 1352 1686 oculis
1390 1632 1640 1688 contueri

63 1724 267 1779 Patrem
295 1731 701 1788 essetnecesse;
734 1724 828 1778 sed
861 1724 1029 1794 utqui
1054 1724 1342 1788 adessent,
1371 1725 1640 1795 intellige-

59 1828 172 1872 rent
210 1833 238 1871 a
275 1832 377 1886 quo
402 1817 616 1872 virtutis
649 1826 809 1871 tanta:
869 1816 1169 1886 accepisset
1205 1816 1477 1872 effectum.
1539 1817 1640 1871 Dat

1749 523 1868 578 gam
1898 519 1952 564 et
1982 509 2297 580 naufragam
2338 518 2660 565 revertetur.
2694 508 2751 563 In
2774 517 2964 579 quarta
2997 509 3139 563 enim
3171 510 3349 564 noctis

1744 601 1963 673 vigilia,
1993 603 2214 658 totidem
2244 603 2623 658 sollicitudinis
2649 602 2768 672 ejus
2790 616 3050 656 numerus
3076 602 3349 672 reperitur

1747 692 1939 764 (lbid.,
1965 694 2083 766 25).
2118 695 2294 750 Prima
2326 695 2470 750 enim
2495 695 2675 766 vigilia
2731 694 2834 750 fult
2889 695 3024 766 legis
3045 737 3060 760 ,
3109 697 3349 752 secunda

1747 787 2130 856 prOphetarum
2153 830 2166 853 ,
2197 788 2355 843 tertia
2399 787 2472 859 (e)
2502 787 2802 858 corporalis
2829 787 3122 856 adventus,
3152 800 3348 860 quarta

1743 887 1921 932 autem
1950 879 2002 932 in
2033 879 2211 936 reditu
2233 879 2518 936 claritatis.
2576 880 2682 936 Sed
2732 879 2970 936 inveniet
3007 881 3203 937 fessam
3225 921 3240 946 ,
3295 889 3351 937 et

1744 969 2051 1026 antichristi
2074 973 2266 1043 spiritu
2295 982 2350 1030 et
2380 973 2544 1030 totius
2575 972 2762 1029 saeculi
2788 974 3026 1032 motibus
3049 975 3349 1032 circumac-

1743 1071 1871 1118 tam.
1907 1063 2098 1120 Veniet
2120 1068 2263 1121 enim
2286 1068 2520 1123 maxime
2547 1066 2722 1122 anxiis
2773 1075 2936 1138 atque
2982 1068 3213 1125 vexatis.
3271 1070 3342 1124 Et

1743 1157 1866 1228 quia
1888 1157 1955 1214 de
1977 1159 2290 1215 antechristi
2315 1161 2712 1217 consuetudine
2727 1161 2793 1216 ad
2823 1177 3040 1218 onmem
3091 1163 3348 1219 tentatio-

1745 1265 1870 1304 num
1893 1249 1972 1322 (γ’)
2000 1251 2296 1308 novitatem
2319 1252 2538 1308 solliciti
2564 1262 2762 1320 erunt;
2792 1255 2972 1316 etiam,
3005 1253 3073 1309 ad
3133 1254 3348 1310 Domini

1742 1344 2034 1400 adventum
2063 1356 2457 1415 expavescent,
2501 1347 2664 1403 falsas
2695 1363 2876 1402 rerum
2933 1346 3232 1418 imagines.
3291 1359 3348 1404 et

1742 1439 2087 1508 subrepentia
2118 1440 2289 1495 oculis
2321 1441 2575 1511 ﬁgmenta
2628 1449 2956 1498 metuentes.
3018 1442 3123 1498 Sed
3173 1443 3346 1499 bonus

1746 1531 2004 1589 Dominus
2031 1535 2213 1590 statim
2262 1534 2536 1604 loquetur,
2584 1537 2946 1607 timoremque
2986 1537 3213 1607 apellet,
3267 1538 3350 1593 di-

1741 1634 1934 1697 cetque
1965 1645 1978 1680 :
2011 1625 2125 1698 Ego
2154 1644 2270 1682 sum
2298 1625 2488 1700 (Ibid.,
2519 1628 2637 1700 2'7),
2665 1631 2931 1686 adventus
2957 1630 3043 1686 sui
3094 1631 3201 1687 ﬁde
3230 1647 3346 1688 me-

1744 1727 1854 1774 tum
1880 1719 2143 1790 naufragii
2165 1719 2497 1776 imminentis
2518 1721 2784 1791 apellens.

1818 1813 1906 1868 15.
1940 1811 2085 1867 Petri
2115 1817 2306 1884 fervor,
2337 1813 2545 1884 lapsus.
2579 1817 2892 1884 paenitentia.
2924 1846 2998 1858 —-
3025 1817 3180 1885 Quod
3211 1833 3342 1874 vero

53 1909 240 1966 deinde
262 1909 537 1980 discipulis
561 1927 746 1981 panes.
779 1911 892 1966 Non
920 1913 1156 1982 quinque
1206 1911 1638 1980 multiplicantur

1749 1919 1806 1958 ex
1835 1903 2076 1958 omnium
2099 1905 2514 1961 consistentium
2554 1905 2608 1961 in
2647 1907 2770 1962 navi
2810 1925 3040 1965 numero
3065 1951 3080 1975 ,
3111 1926 3343 1981 respon-

56 2003 104 2056 in
132 2003 324 2073 plures,
388 2002 481 2057 sed
508 2002 818 2075 fragmentis
852 2004 1148 2073 fragmenta
1201 2002 1534 2067 succedunt,
1586 2010 1642 2058 et

55 2096 235 2152 fallunt
248 2112 460 2168 semper
478 2096 552 2168 (ὁ)
573 2096 858 2168 prazfracttt
874 2098 1202 2168 frangentes.
1219 2097 1640 2169 Crescit-deinde

51 2188 329 2244 materies:
357 2188 428 2261 (c)
454 2189 638 2244 nescio
666 2198 845 2243 utrum
877 2191 930 2243 in
964 2205 1270 2245 mensarum
1300 2190 1421 2244 loco
1442 2233 1454 2254 ,
1486 2205 1552 2244 an
1586 2189 1638 2244 iu

50 2283 283 2337 manibus
327 2282 687 2347 sumentium,
730 2297 800 2336 an
831 2281 885 2337 in
940 2297 1034 2337 ore
1087 2281 1166 2354 (d)
1215 2281 1514 2336 edentium.
1562 2281 1640 2337 Ne

49 2375 233 2430 mirere
255 2374 430 2430 fontes
459 2373 626 2429 ﬁuet'e
647 2371 665 2438 ,’
693 2372 872 2429 inesse
899 2389 1033 2430 uvas
1061 2373 1263 2429 vitibus
1283 2415 1296 2440 ,
1322 2381 1378 2428 et
1409 2373 1526 2429 uvis
1555 2373 1643 2428 vi-

49 2482 110 2522 na
135 2467 384 2536 diﬁ'uudi,
429 2476 486 2524 et
532 2482 722 2523 omnes
761 2466 954 2523 mundi
1005 2483 1135 2538 opes
1175 2457 1357 2523 annuo
1402 2466 1637 2538 quodam

49 2570 217 2614 meatu
243 2559 624 2630 indefessoque
668 2558 909 2615 deﬂuere
943 2568 1255 2614 :auctorem
1307 2557 1452 2614 enim
1482 2558 1640 2628 hujus

47 2651 402 2708 universitatis
438 2661 623 2707 tantus
671 2667 865 2723 panum
899 2652 1173 2722 profectus
1221 2651 1494 2716 ostendit,
1541 2665 1640 2722 per

48 2760 198 2815 quem
231 2745 322 2800 tali
369 2745 712 2800 incremento
761 2745 954 2800 modus
1001 2753 1345 2815 pertractata:
1397 2746 1639 2799 materia:

48 2839 338 2896 adderetur.
375 2841 570 2911 Agitur
595 2839 739 2896 enim
796 2838 850 2894 in
892 2853 1060 2909 opere
1113 2837 1315 2893 visibili
1356 2837 1640 2892 invisibilis

52 2933 367 2990 molitio:et
393 2948 721 2989 arcanorum
779 2931 1081 2988 caelestium
1135 2931 1424 2997 Dominus,
1483 2944 1639 2984 arca-

50 3043 166 3082 num
189 3028 379 3098 negotii
396 3027 683 3098 praesentis
696 3037 971 3097 operatur.
987 3025 1215 3094 Superat
1228 3032 1408 3080 autem
1420 3038 1638 3079 omnem

49 3129 278 3174 naturam
302 3119 476 3174 virtus
493 3119 787 3186 operantis,
806 3116 1277 3188 etsupergreditur
1295 3116 1419 3171 facti
1442 3114 1641 3171 intelli-

48 3213 267 3281 gentiam
285 3215 422 3267 ratio
435 3209 673 3278 virtutis,
690 3211 864 3266 etsola
886 3210 1210 3281 relinquitur
1222 3208 1507 3263 admiratio
1534 3222 1636 3278 po-

1741 1995 1870 2053 dere
1901 1997 2095 2052 Petrus
2116 1998 2270 2053 solus
2292 1998 2490 2064 audet,
2515 2000 2765 2069 etjuberi
2783 2003 2886 2059 sibi
2912 2011 2972 2058 ut
2993 2018 3157 2074 super
3179 2019 3347 2076 aquas

1741 2090 1806 2145 ad
1843 2091 2123 2146 Dominum
2159 2092 2338 2147 veniat
2356 2102 2612 2164 precatur
2648 2094 2836 2166 (Ibid.,
2887 2097 3024 2170 28);
3078 2100 3347 2170 passionis

1741 2192 1985 2252 tempore
2013 2184 2308 2240 voluntatis
2336 2201 2447 2241 suae
2475 2187 2723 2258 designat
2751 2189 3004 2245 aﬁ‘ectum
3031 2233 3047 2258 ,
3081 2199 3192 2246 tum
3220 2207 3345 2248 cum

1741 2275 1889 2331 solus
1919 2283 2067 2331 retro
2090 2276 2316 2333 veniens
2340 2319 2354 2343 ,
2401 2287 2454 2332 et
2474 2280 2717 2350 vestigiis
2777 2280 2993 2336 Domini
3040 2283 3344 2352 inbmrens,

1740 2371 2070 2441 contemptis
2099 2373 2320 2442 saeculi,
2356 2381 2413 2428 ut
2442 2376 2640 2441 maris,
2669 2377 2925 2441 motibus,
2973 2379 3088 2448 pari
3113 2380 3178 2435 ad
3209 2397 3346 2438 eon-

1742 2463 2085 2518 temnendam
2117 2473 2352 2520 mortem
2383 2465 2584 2522 virtute
2605 2468 2896 2524 comitatus
2920 2479 3006 2525 est
3056 2489 3069 2523 :
3114 2471 3212 2527 sed
3263 2473 3344 2527 in-

1743 2553 2053 2609 ﬁrmitatem
2084 2553 2278 2612 futurae
2325 2559 2638 2614 tentationis
2670 2558 2928 2616 timiditas
2984 2560 3104 2632 ejus
3155 2573 3340 2619 osten-

1741 2646 1842 2702 dit.
1875 2647 2009 2703 Nam
2038 2651 2286 2720 quamvis
2312 2650 2566 2708 incedere
2592 2667 2758 2709 ausus
2784 2661 2963 2722 esset,
2995 2662 3174 2712 tamen
3217 2657 3348 2714 sub—

1735 2741 2089 2812 mergebatur
2121 2742 2312 2813 (Ibid.,
2348 2743 2438 2816 50)
2469 2760 2600 2815 :per
2629 2746 3033 2803 imbecilitatem
3050 2748 3196 2806 enim
3227 2767 3350 2806 car-

1743 2834 1826 2887 nis
1853 2842 1908 2888 et
1956 2844 2159 2889 metum
2193 2836 2414 2904 mortis,
2445 2837 2607 2892 etiam
2651 2852 2821 2909 usque
2863 2839 2930 2894 ad
2976 2841 3209 2912 negandi
3253 2859 3348 2899 ne-

1741 2925 2049 2982 cessitatem
2075 2937 2294 2983 coaetus
2326 2937 2430 2984 est.
2478 2929 2587 2984 Sed
2631 2931 2962 2999 proclamat,
3016 2942 3071 2988 et
3115 2934 3344 2990 salutem

1742 3025 1862 3071 orat
1887 3032 1918 3073 a
1952 3019 2202 3075 Domino.
2227 3018 2448 3076 Clamor
2465 3009 2572 3076 iste
2595 3063 2609 3088 ,
2635 3023 2970 3093 pmnitentize
2993 3040 3105 3080 suae
3128 3029 3350 3097 genitus

1741 3119 1843 3166 est.
1874 3109 2123 3167 Nondum
2166 3112 2314 3168 enim
2347 3129 2507 3184 passo
2553 3115 2782 3170 Domino
2837 3116 2891 3171 in
2940 3118 3345 3176 confessionem

1743 3217 1998 3259 reversus
2026 3213 2142 3268 est,
2173 3215 2228 3260 et
2258 3207 2488 3276 negandi
2517 3209 2733 3263 veniam
2763 3207 2949 3264 habuit
2978 3209 3030 3264 in
3064 3219 3344 3282 tempore;

48 3278 263 3360 testatis.
283 3303 431 3360 Ordo
443 3304 608 3359 etiam
625 3316 907 3357 causarum
924 3278 1253 3372 operumque
1265 3301 1631 3370 consequitur.
1663 3278 1710 3342 Ο
1740 3296 1954 3352 Christo
1976 3306 2163 3367 postea
2180 3313 2277 3366 pro
2302 3298 2676 3354 universorum
2699 3299 3073 3368 redemptione
3094 3278 3344 3373 passuro.

113 3397 195 3452 15.
220 3395 388 3450 Israel
415 3394 652 3465 reliquiis
701 3394 795 3448 erit
830 3393 994 3447 salus.
1033 3422 1105 3432 -—
1135 3388 1486 3446 Conscendere
1527 3400 1641 3461 post

48 3491 146 3546 haec
165 3492 216 3545 in
240 3507 419 3546 navem
449 3489 734 3559 discipulos
761 3487 1038 3558 pra’cepit,
1087 3485 1246 3540 donec
1304 3483 1478 3538 turbas
1531 3483 1640 3554 ipse

47 3583 309 3640 dimitteret
337 3599 356 3638 :
383 3591 435 3638 et
463 3582 674 3636 diruisse
691 3581 837 3635 turba
865 3590 1085 3635 montem
1116 3578 1408 3634 conscendit
1451 3594 1600 3632 orare
1619 3617 1637 3643 ,

47 3684 89 3728 et
117 3691 318 3746 vespere
342 3680 484 3748 facto
509 3674 650 3728 solus
675 3681 785 3727 erat
816 3671 1030 3743 (Matth.
1061 3687 1149 3726 xtv
1169 3715 1182 3736 ,
1218 3671 1290 3725 22
1313 3681 1360 3725 et
1383 3671 1500 3743 25).
1535 3671 1642 3725 llo-

49 3781 160 3820 rum
188 3767 327 3823 ratio
353 3763 744 3836 distinguenda
777 3764 1110 3835 temporibus
1157 3761 1319 3835 742
1348 3773 1448 3819 est.
1483 3762 1638 3830 Quod

49 3875 262 3931 vespere
291 3860 446 3916 solus
471 3865 583 3924 est;
615 3858 964 3914 solitudinem
994 3875 1147 3912 suam
1180 3861 1231 3911 in
1251 3870 1494 3928 tempore
1520 3873 1642 3928 pas«

47 3952 210 4008 sionis
236 3952 514 4016 ostendit,
545 3952 760 4007 caeteris
783 3951 1140 4021 trepidatione
1184 3949 1428 4020 dilapsis.
1481 3948 1639 4016 Quod

47 4055 217 4102 autem
245 4062 440 4102 navem
471 4043 841 4102 conscendere
891 4043 1186 4114 discipulos
1223 4041 1406 4110 jubet,
1460 4052 1513 4096 et
1560 4043 1641 4096 ire

52 4146 194 4195 trans
223 4139 448 4204 fretum,
477 4137 605 4193 dum
638 4136 823 4192 turbas
852 4136 965 4208 ipse
995 4135 1250 4200 dimittit,
1302 4143 1359 4190 et
1401 4133 1640 4188 dimissis

50 4231 214 4287 turbis
238 4230 485 4288 ascendit
513 4231 566 4285 in
591 4239 828 4285 montem
847 4270 861 4295 ,
885 4243 1005 4284 esse
1029 4226 1278 4300 (supple,
1323 4224 1456 4298 eos)
1501 4225 1640 4281 intra

48 4325 336 4381 Ecclesiam
357 4367 374 4394 ,
405 4334 463 4382 et
488 4339 584 4394 per
614 4323 810 4380 fretum
835 4363 852 4391 ,
880 4323 930 4377 id
955 4330 1066 4389 est,
1091 4335 1187 4392 per
1215 4320 1472 4376 saiculum
1513 4319 1642 4376 ferri

47 4431 207 4487 usque
234 4419 286 4473 in
321 4419 371 4472 id
401 4417 817 4486 tempusjubet,
848 4429 954 4485 quo
975 4423 1253 4470 revertens
1287 4415 1337 4468 in
1375 4413 1640 4468 claritatis

44 4507 273 4564 adventu
292 4510 489 4580 populo
517 4508 706 4573 omni,
754 4508 843 4577 qui
888 4521 955 4561 ex
1002 4506 1164 4561 lsrael
1204 4505 1308 4560 erit
1355 4504 1636 4577 reliquus,

45 4602 266 4657 salutem
298 4601 490 4659 reddat
519 4601 894 4670 ipse,ejusque
922 4608 1139 4669 peccata
1161 4597 1397 4654 dimittat
1419 4617 1431 4654 :
1450 4598 1639 4654 dimis-

1819 3391 1905 3446 16.
1940 3389 2044 3446 Cur
2068 3407 2170 3446 non
2203 3408 2236 3444 a
2263 3392 2603 3463 trepidatione
2650 3391 2916 3449 liberatus.
2949 3395 3181 3450 Christus
3230 3413 3343 3451 om-

1745 3482 1888 3535 nium
1915 3482 2217 3554 redemptio.
2247 3483 2491 3552 —Quod
2517 3492 2693 3540 autem
2725 3485 3028 3556 trepidaudi
3077 3487 3188 3554 illi,
3235 3504 3345 3545 non

1745 3577 2005 3633 virtutem
2035 3576 2384 3648 perveniendi
2413 3577 2479 3632 ad
2511 3593 2570 3633 se
2624 3577 2883 3634 Dominus
2928 3579 3184 3647 indulsit,
3245 3582 3345 3638 sed

1743 3686 1960 3726 manum
1986 3671 2261 3737 extendit,
2314 3672 2825 3745 apprehensumque
2879 3677 3172 3739 sustinuit;
3222 3675 3341 3732 haec

1743 3766 1882 3821 ratio
1903 3774 2007 3820 est.
2038 3764 2154 3820 Non
2185 3773 2303 3821 erat
2323 3765 2540 3837 quidem
2575 3765 2764 3823 Petrus
2813 3767 3026 3823 Domini
3075 3769 3156 3823 sui
3200 3769 3345 3824 indi-

1743 3873 1880 3929 gnus
1909 3873 2171 3922 accessu,
2204 3873 2328 3913 nam
2356 3865 2411 3913 et
2439 3858 2668 3913 tentavit
2695 3859 2979 3926 accedere,
3037 3860 3131 3916 sed
3165 3870 3217 3916 ct
3254 3872 3342 3932 ty-

1746 3953 1894 4022 picus
1921 3950 1974 4006 in
2001 3965 2066 4006 eo
2088 3949 2222 4005 ordo
2245 3959 2491 4006 servatus
2517 3959 2619 4005 est.
2651 3949 2769 4005 Non
2798 3950 2943 4007 enim
2969 3952 3198 4007 Domino
3239 3970 3344 4008 sre-

1743 4043 1848 4098 culi
1877 4051 2057 4097 motus
2085 4040 2707 4112 tempestatesque)“
2755 4042 2986 4097 calcanti
3009 4084 3022 4106 ,
3055 4045 3339 4115 quisquam

1747 4135 2016 4205 passionis
2041 4148 2161 4189 esse
2186 4133 2456 4205 particeps
2481 4142 2728 4203 peterat;
2760 4133 2907 4188 solus
2958 4135 3102 4188 enim
3154 4151 3343 4205 passu-

1744 4242 1834 4281 rus
1858 4241 1955 4296 pro
1977 4225 2228 4280 omnibus
2248 4225 2489 4280 omnium
2535 4233 2752 4295 peccata
2782 4225 3027 4280 solvebat
3059 4243 3071 4278 :
3104 4242 3205 4282 nec
3249 4242 3340 4284 so-

1743 4319 1884 4374 cium
1901 4317 2155 4384 admittit,
2171 4317 2426 4389 quidquid
2449 4317 2783 4372 universitati
2816 4327 3105 4388 praestatur
3118 4320 3186 4376 ab
3207 4335 3336 4378 uno.

1743 4410 1820 4468 Ita
1865 4427 1986 4469 cum
2039 4420 2186 4468 esset
2238 4411 2356 4482 ipse
2407 4409 2710 4480 redemptio
2757 4411 3176 4477 universorum.
3221 4423 3342 4470 erat

1743 4503 1907 4561 etiam
1936 4505 2130 4559 Petrus
2156 4510 2283 4559 ante
2304 4500 2656 4558 redimendus
2675 4542 2691 4569 ,
2719 4501 2786 4556 ad
2826 4502 3222 4574 redemptionis
3271 4507 3343 4562 is-

1746 4598 1850 4653 tius
1873 4596 2030 4652 ﬁdem
2061 4595 2139 4670 (g)
2166 4604 2275 4650 tum
2299 4596 2350 4650 iu
2373 4593 2571 4650 Christi
2609 4604 2900 4667 martyrem
2934 4608 3263 4656 reservatus.

42 4708 206 4763 soque
225 4736 240 4759 ,
274 4695 363 4750 vel
397 4695 448 4748 in
473 4693 698 4750 caeleste
727 4706 949 4762 regnum
974 4691 1151 4761 potius
1167 4690 1403 4745 admisso
1427 4732 1443 4756 ,
1476 4705 1639 4762 agens
1665 4675 1718 4734 D
1818 4691 1902 4744 17.
1940 4688 2125 4744 Petrus
2153 4689 2254 4757 ﬁde
2281 4699 2488 4744 ceteros
2517 4688 2716 4742 anteiit.
2753 4719 2826 4729 —
2868 4687 2936 4744 Et
2965 4689 3071 4747 hoc
3095 4693 3147 4747 in
3179 4692 3341 4748 Petro

45 4787 152 4842 Deo
172 4789 309 4859 patri
332 4787 552 4857 gratias,
568 4787 619 4841 in
647 4786 817 4854 gloria
834 4785 950 4854 ejus
971 4777 1024 4840 et
1054 4783 1337 4854 majestate
1351 4783 1634 4839 consistat.

113 4885 200 4938 M.
235 4881 334 4936 Dei
355 4865 514 4952 supra
549 4881 829 4935 Ecclesium
853 4881 1043 4952 vigilia:
1067 4888 1306 4950 quatuor.
1335 4877 1639 4932 Antichristi

44 4985 221 5030 terror.
250 5006 322 5015 —
342 4975 446 5030 Sed
472 4975 615 5030 inter
635 4974 753 5046 hare
775 4973 1026 5044 discipuli
1048 4982 1210 5026 vento
1264 4987 1327 5026 ac
1368 4972 1502 5027 mari
1534 4970 1639 5025 dif-

42 5069 305 5136 feruntur,
334 5078 390 5124 et
417 5069 543 5125 totis
567 5068 751 5124 sazculi
801 5066 1034 5121 motibus
1059 5106 1072 5129 ,
1117 5062 1399 5118 immundo
1442 5062 1638 5133 spiritu

43 5161 674 5232 adversante,jactantur
702 5158 888 5231 (lbid.,
915 5157 1053 5226 25.).
1087 5156 1191 5210 Sed
1216 5163 1406 5226 quarta
1457 5155 1636 5226 vigilia

113 5297 188 5367 (a)
221 5298 298 5353 lta
330 5298 513 5354 Codex
544 5298 770 5354 Carnut.
803 5309 924 5350 cum
946 5290 1102 5348 Colb.
1134 5288 1239 5345 Alii
1269 5303 1428 5356 vevo,
1460 5305 1637 5344 sensus

41 5369 350 5424 sublimitas.
537 5397 556 5408 ~~

113 5441 185 5511 (ὁ)
208 5439 462 5510 Antiquae
479 5441 745 5511 editiones
770 5434 1118 5511 cum_aliquot
1148 5447 1301 5511 gmsts.
1338 5433 1635 5500 prtefracta.

45 5505 386 5580 Huc'specta't
415 5513 546 5566 illud
579 5510 671 5564 lib.
698 5524 753 5562 ιιι
781 5508 848 5561 de
875 5505 1027 5560 Trin.
1061 5522 1116 5559 u.
1139 5505 1172 5559 6
1199 5525 1212 5558 :
1247 5505 1460 5580 semper
1504 5518 1640 5571 prae-

44 5573 310 5653 fringentis
364 5599 576 5637 manum
625 5583 913 5653 fragmenta
962 5585 1216 5653 occupant
1245 5573 1476 5643 :fallunt
1528 5590 1639 5653 mo-

43 5645 209 5706 menta
239 5654 426 5717 visum,
459 5655 583 5705 dum
607 5645 809 5718 plenam
830 5648 1130 5718 fragmentis
1156 5661 1366 5718 manum
1395 5645 1640 5712 sequeris.

119 5724 190 5793 (e)
213 5723 337 5780 Mss.
373 5714 561 5786 Rom.,
585 5714 766 5786 Colb.,
792 5714 990 5772 Vat.’et
1019 5714 1182 5772 Carn.
1213 5715 1386 5772 nescio
1422 5724 1598 5768 utrum
1621 5756 1638 5781 ,

449 5815 725 5876 ΡΑΤιιοι..
758 5809 874 5872 ΙΧ.

1746 4781 2199 4840 considerandum
2256 4790 2368 4846 est,
2417 4779 2548 4871 .ﬁde
2597 4795 2720 4836 eum
2775 4789 3004 4839 caeteros
3055 4785 3338 4841 anteisse:

1741 4891 1864 4930 nam
1897 4875 2267 4944 ignorantibus
2290 4875 2502 4929 caeteris
2524 4915 2538 4940 ,
2564 4874 2767 4944 primus
2816 4879 3128 4948 respondit:
3167 4878 3244 4933 Tu
3288 4897 3342 4937 es

1742 4967 1915 5023 Filius
1944 4967 2036 5021 Dei
2064 4968 2158 5021 viui
2207 4965 2419 5037 (Matth.
2466 4981 2584 5033 xvr,
2627 4967 2738 5038 17).
2765 4968 2977 5026 Primus
3002 4972 3300 5037 passionem
3319 5015 3337 5042 ,

1741 5061 1868 5116 dum
1892 5060 2089 5114 malum
2111 5067 2280 5130 putat,
2302 5059 2599 5116 detestatus
2619 5071 2696 5116 est
2718 5060 2905 5134 (lbid.,
2927 5062 3042 5134 22).
3057 5064 3267 5122 Primus
3287 5077 3344 5124 et

1741 5153 2063 5209 moriturum
2085 5167 2142 5207 se
2162 5193 2178 5218 ,
2209 5161 2265 5208 et
2295 5168 2400 5208 non
2427 5162 2741 5225 negaturum
2786 5156 3075 5227 spopondit
3113 5159 3337 5230 (Matth.

1743 5307 1809 5345 an
1836 5289 1892 5343 in
1922 5303 2276 5342 mensurarum
2315 5289 2447 5344 loco.

1839 5362 1896 5431 d)
1928 5359 1981 5437 In
2015 5373 2127 5437 un_o
2173 5375 2276 5437 ms.
2331 5358 2508 5437 Col_b.-
2547 5363 2857 5437 credentium
2901 5379 2920 5418 :
2977 5375 3083 5418 non
3147 5367 3342 5437 placet.

1742 5430 1922 5487 Habes
1946 5432 2063 5484 loco
2090 5430 2305 5504 laudato
2327 5433 2395 5487 de
2417 5431 2568 5487 Trin.
2619 5433 3022 5504 Prtefringentes
3064 5437 3117 5489 in
3148 5430 3340 5494 'minis-

1742 5504 2008 5575 teriosunt
2027 5501 2249 5566 ,edentes
2270 5504 2323 5556 in
2343 5506 2544 5575 negotio
2565 5514 2703 5568 sunt,
2719 5501 2993 5559 esurientes
3013 5510 3174 5561 saturi
3199 5522 3341 5566 sunt.

1817 5573 1892 5644 (e)
1907 5572 2149 5644 Quatuor
2167 5589 2270 5626 non
2287 5572 2558 5628 inferioris
2575 5584 2715 5628 nota:
2729 5589 2832 5629 ms.
2856 5578 3087 5644 corporis
3102 5578 3340 5636 adventu.

1844 5643 1896 5714 f)
1929 5643 2214 5714 Beccensis
2235 5645 2440 5714 codex,
2469 5653 2684 5714 motum.

1843 5711 1898 5786 ‘9)
1933 5711 2104 5780 Editi,
2156 5731 2273 5769 cum
2313 5715 2366 5769 in
2398 5713 2589 5769 Christi
2641 5724 2914 5785 martyrem

2678 5806 2758 5868 32

2979 5731 2994 5746 ·
3038 5733 3102 5774 ac
3147 5718 3346 5782 deinde
