3882 6332
64 362 199 433 tuos
257 348 260 351 λ

955 344 1502 415 COMMENTARIUS
1543 349 1609 405 IN
1640 336 2053 405 ιιΑττιιλΕυιι
2097 318 2253 402 ΟΔῐῆ
2296 343 2411 400 xv.

3198 332 3349 429 pinos

63 488 200 562 quod
231 485 345 543 aliis
368 479 446 559 (a)
481 478 843 543 deferebatur,
876 486 986 530 non
1011 470 1152 544 quod
1182 484 1287 527 non
1315 477 1369 524 et
1393 464 1646 539 gentibus
1671 471 1720 530 Α
1750 474 2047 533 eorumque
2085 461 2312 533 piscibm
2350 458 2577 531 explent
2605 459 2844 514 virorum
2884 464 3114 529 quatu0r
3143 458 3307 516 millia
3332 478 3346 494 ο

60 575 409 653 impertienda
433 574 577 629 salus
605 579 749 627 esset
779 585 792 623 :
828 565 923 622 sed
952 568 1065 620 suis
1099 563 1359 619 Dominus
1398 568 1557 630 atque
1588 559 1641 612 in

62 649 157 731 sua'
192 673 441 734 venerat,
487 663 745 736 primitias
778 660 852 735 (b)
895 672 1025 728 ergo
1065 654 1189 711 fidei
1215 653 1284 709 ab
1329 649 1413 707 bis
1449 649 1644 719 quibus

60 774 172 823 erat
215 772 363 818 ortus
392 757 464 833 (c)
503 765 846 828 exepectans,
878 750 1090 807 creteris
1121 742 1374 817 deinceps
1412 742 1639 814 Aposto-

63 860 232 915 lorum
267 828 647 925 prdzdicatione
688 843 983 902 salvandis.
1019 844 1193 913 Atque
1226 838 1347 894 ideo
1379 836 1488 890 ait:
1525 828 1645 888 Non

64 952 175 1007 licet
186 922 414 1019 accipere
431 959 614 1015 panem
630 941 879 1010 ﬁliorum,
900 946 949 991 et
962 934 1086 988 dare
1100 926 1368 1000 canibusU
1378 924 1480 981 bid.
1495 966 1510 992 ,
1523 922 1641 993 εδ).

64 1045 275 1103 Delatus
308 1038 468 1096 lsrael
517 1036 713 1099 honor,
760 1029 984 1088 allectus
1016 1029 1067 1083 in
1109 1041 1232 1083 cum
1266 1021 1361 1079 Dci
1404 1018 1647 1076 eumnlat

63 1137 309 1197 invidiam
339 1134 527 1205 :jnxta
561 1129 641 1204 (ά)
672 1144 833 1201 quem
871 1124 1026 1197 plebs
1055 1120 1295 1194 gentium
1326 1114 1531 1186 accepit
1558 1126 1649 1167 ca-

67 1250 189 1292 num
213 1244 428 1287 nomen.
453 1223 559 1282 Sed
572 1222 875 1279 Chananaea
895 1220 1001 1290 jam
1031 1217 1144 1288 ipsa
1167 1228 1264 1284 per
1292 1208 1451 1265 fidem
1475 1205 1645 1272 salva,

65 1343 115 1387 et
145 1322 412 1383 interioris
434 1326 581 1375 certa
616 1312 874 1388 mysterii,
910 1307 1187 1383 respondit
1218 1305 1394 1369 micis,
1432 1312 1553 1372 quae
1581 1297 1651 1354 de

68 1438 242 1483 mensa
285 1414 606 1479 exciderint,
635 1410 780 1485 pasci
818 1405 1065 1471 catellos,
1111 1412 1303 1458 canum
1356 1393 1649 1467 opprobrio

67 1519 170 1591 jam
221 1510 319 1569 sub
355 1505 725 1566 blandimento
766 1496 1068 1555 ditninntivi
1098 1490 1335 1550 nominis
1377 1488 1647 1558 mitigato.

143 1602 193 1664 5.
233 1602 359 1660 Tum
397 1599 580 1655 deinde
620 1597 686 1653 ad
714 1594 870 1667 ﬁdem
909 1598 1160 1647 vocantur
1192 1594 1382 1658 gentes.
1405 1611 1477 1623 ——
1506 1580 1570 1636 Et
1597 1582 1654 1632 ut

79 1702 335 1761 silentium
372 1693 581 1752 Domini
627 1690 1051 1761 intelligeremtts
1082 1699 1146 1739 ex
1179 1681 1389 1737 ratione
1445 1686 1652 1742 tempo-

78 1798 170 1862 ris,
198 1809 297 1850 non
324 1807 386 1848 ex
419 1784 711 1843 voluntatis
732 1780 1048 1837 difficultate
1080 1771 1377 1847 proficisci,
1409 1766 1607 1839 adjecit
1637 1781 1653 1821 :

1748 556 1819 611 ita
1847 566 2024 611 tamen
2062 597 2091 637 ,ο
2115 554 2256 625 quod
2281 552 2559 624 replendis
2582 562 2787 624 septem
2816 555 3013 624 sportis
3033 551 3350 625 prmfractus

1747 650 1919 720 panis,
1962 649 2219 705 saturatis
2244 646 2519 712 omnibus,
2546 646 2834 702 abundavit
2871 644 3059 718 (Ibid.,
3087 644 3202 717 57).

1818 743 1872 798 7.
1908 740 2091 815 Supra
2119 740 2500 807 Israelitarum,
2532 754 2669 795 nunc
2690 738 2917 813 gentium
2947 740 3074 810 ﬁdes
3104 740 3351 810 exprimi-

1749 845 1853 891 tur.
1884 836 2044 892 -—Et
2089 844 2381 893 occurrunt
2421 836 2638 906 quidem
2674 837 2844 891 multa
2888 852 3008 908 quae
3056 852 3192 893 nova
3223 844 3350 895 sunt

1749 928 1963 997 (collata
1990 944 2105 984 cum
2147 946 2204 985 eo
2232 928 2373 995 quod
2409 925 2599 983 Matth.
2634 944 2744 997 xrv,
2774 945 2864 996 xv,
2907 938 3026 999 etc.,
3052 943 3350 987 enarratum

1750 1020 1868 1091 est).
1901 1020 2155 1094 Discipuli
2178 1026 2338 1079 unius
2375 1022 2479 1078 diei
2504 1020 2769 1094 jejunium
2795 1025 3145 1090 miserantes;
3187 1028 3350 1098 quiu-

1750 1129 1855 1186 que
1893 1115 2059 1170 millia
2106 1115 2341 1171 vlrorum
2383 1114 2449 1171 ad
2492 1116 2820 1172 coemendos
2862 1116 3010 1174 cibos
3053 1120 3250 1175 remitti
3299 1120 3351 1177 in

1750 1206 1973 1263 camella
2002 1209 2292 1264 voluerunt
2319 1225 2332 1263 τ
2359 1222 2499 1263 nunc
2531 1215 2644 1265 toto
2674 1208 2852 1264 triduo
2875 1218 3072 1265 tacent.
3101 1210 3165 1266 Et
3195 1210 3353 1267 dein-

1750 1312 1881 1369 ceps
1909 1299 2053 1354 [ωηο
2080 1301 2326 1369 superior
2358 1296 2508 1354 turba
2543 1300 2906 1356 substernitur
2935 1319 2948 1358 :
2981 1301 3097 1357 lucc
3143 1316 3355 1357 accum-

1754 1392 1831 1447 bit
1854 1393 1905 1448 in
1938 1402 2103 1449 terra.
2138 1390 2263 1449 lllic
2290 1395 2530 1465 quinque
2551 1408 2741 1466 panes,
2776 1392 2862 1450 hic
2889 1405 3094 1465 septem
3123 1396 3359 1453 offerun-

1752 1490 1881 1540 ωτι
1917 1482 2027 1540 illic
2054 1484 2161 1540 duo
2189 1482 2391 1569 pisces,
2432 1481 2519 1540 hic
2561 1482 2896 1550 ind‘efinitus.
2945 1489 3045 1543 sub
3073 1490 3359 1560 paucitatis

1756 1583 1935 1633 tamen
1967 1572 2382 1648 significatione,
2406 1584 2665 1635 numerus
2687 1582 2794 1635 est.
2828 1574 2944 1635 Illic
2974 1579 3210 1652 quinque
3238 1580 3359 1638 mil-

1868 1667 2127 1774 virorum,
2174 1669 2261 1726 hic
2311 1676 2587 1743 quatuor:
2620 1664 2730 1728 illic
2787 1670 3073 1730 duodecim
3116 1674 3352 1747 cophini,

1759 1760 1847 1817 hic
1873 1768 2082 1833 septem
2114 1770 2317 1831 sponte
2341 1764 2582 1832 replette.
2619 1758 2687 1818 Et
2727 1765 3100 1834 superioribus
3139 1766 3357 1838 quidem

81 1888 123 1945 0
155 1854 350 1953 mulier,
406 1898 592 1957 magna
641 1887 713 1934 est
744 1872 869 1948 ﬁdes
899 1883 987 1929 tua
1019 1870 1181 1945 (Ibid.
1201 1912 1216 1935 ,
1258 1867 1352 1939 28)
1383 1882 1395 1920 :
1432 1858 1654 1957 (supple,
1689 1861 1738 1925 Β
1767 1864 1896 1957 pulp
1922 1866 2049 1910 esse
2090 1864 2433 1922 responsum,
2464 1860 2521 1911 et
2550 1854 2730 1909 omnia
2757 1857 2910 1926 ju‘ttta
2944 1870 3235 1927 personam
3267 1872 3365 1931 ρο.

72 1982 148 2054 ut)
170 1977 354 2036 salutis
376 1990 489 2031 sua:
509 1974 713 2030 scilicet
744 1971 855 2042 ipsa
882 1966 990 2038 jam
1023 1976 1193 2029 certa,
1230 1961 1358 2032 quin
1391 1960 1552 2013 etiam
1588 1950 1656 2007 de

72 2075 304 2149 gentium
334 2067 753 2140 cmgregntinnc
789 2059 1019 2117 conﬁdat
1048 2070 1182 2127 :quo
1220 2053 1271 2108 in
1310 2060 1554 2120 tempore
1584 2046 1660 2100 ita

72 2170 371 2234 credentes,
400 2182 521 2222 mox
547 2174 601 2217 ut
630 2159 827 2233 puella,
855 2157 922 2211 ab
946 2153 1089 2209 omni
1117 2148 1393 2206 dominatu
1424 2143 1662 2200 immun-

72 2268 259 2324 dorum
314 2262 601 2333 Spirituum
635 2232 1026 2309 liberabuntur.
1064 2240 1133 2300 Et
1161 2241 1417 2299 continuo
1448 2234 1571 2291 facti
1601 2232 1663 2287 fi-

72 2359 165 2415 des
192 2328 452 2427 sequitur.
488 2349 618 2405 Nam
654 2353 776 2417 post
816 2340 1210 2413 przctiguratam
1249 2334 1303 2388 in
1342 2328 1665 2386 Cbananmte

73 2452 175 2508 ﬁlia
206 2448 447 2524 gentium
471 2442 705 2517 plebem,
744 2436 1001 2494 continuo
1032 2433 1084 2487 in
1125 2437 1305 2484 monte
1334 2420 1547 2480 obsessi
1575 2432 1665 2474 va-

74 2549 155 2605 rio
202 2558 406 2618 genere
442 2536 755 2596 morborum
800 2549 828 2587 a
876 2528 1046 2587 turbis
1091 2522 1318 2580 Domino
1364 2516 1665 2575 offeruntur

76 2606 266 2712 (tul,
315 2634 388 2691 29
422 2643 469 2686 et
520 2626 638 2700 ao),
674 2624 726 2681 id
777 2632 881 2689 est,
939 2635 969 2675 a
1022 2613 1365 2674 credentibus
1424 2606 1669 2665 infideles

74 2708 364 2804 aegrotiqne
423 2733 481 2781 ut
541 2721 771 2777 adorent
827 2726 880 2773 et
934 2708 1213 2784 procidant
1264 2709 1600 2762 instruuntur
1652 2714 1667 2753 :

75 2821 372 2896 quibusque
437 2814 583 2872 salus
628 2808 894 2874 redditur,
946 2815 1105 2877 atque
1161 2800 1228 2856 ad
1291 2793 1666 2859 sentiendum,

79 2918 475 2993 contuendum,
525 2907 885 2973 laudandum,
931 2896 1406 2968 comitaudumque
1464 2892 1668 2955 Deum,

76 3011 249 3069 omnia
282 3020 338 3066 et
366 2986 565 3071 mentis
590 3012 645 3059 et
668 2998 913 3071 corporis
943 2991 1240 3051 ministeria
1279 2986 1670 3046 reformantur.

143 3108 196 3164 6.
220 3106 379 3162 Iesus
426 3111 594 3157 autem
634 3092 922 3153 convocatis
971 3084 1241 3157 discipulis
1281 3084 1353 3138 ait
1382 3097 1400 3137 :
1426 3076 1675 3134 Misereor

75 3202 235 3258 turba:
262 3200 386 3255 huic
407 3215 425 3264 ;
473 3194 593 3268 quia
617 3190 717 3246 trid

72 3314 208 3363 cunt,
229 3304 285 3351 et
306 3291 513 3360 reliqua
530 3284 581 3362 (1
589 3284 719 3352 bid.,
748 3280 838 3353 5‘2)

72 3387 251 3456 randi,
292 3384 397 3442 sed
433 3392 487 3437 et
524 3376 785 3449 operibus
830 3355 1021 3426 iisdem
1067 3378 1378 3421 sermonum
1408 3373 1504 3432 par
1544 3355 1682 3411 ratio

78 3479 346 3539 succedit.
377 3474 438 3531 ln
465 3473 576 3529 lilia
612 3469 755 3526 enim
798 3450 1417 3524 CbanamemJicclesite
1453 3449 1679 3506 formam

77 3576 434 3635 constitutam
467 3563 809 3622 meminimus
840 3576 853 3612 :
888 3570 941 3615 et
967 3549 1349 3625 consequentis
1380 3545 1558 3617 p0puii
1583 3556 1679 3597 cu-

73 3670 366 3730 rationem,
399 3672 727 3719 concursum
752 3660 1073 3726 mgrotarum
1096 3642 1335 3718 gentium
1364 3652 1485 3697 esse
1518 3635 1681 3692 tradi-

75 3761 275 3817 dimus.
306 3758 463 3815 Nunc
492 3766 621 3824 ergo
647 3748 933 3820 diligenter
959 3751 1014 3798 et
1042 3739 1186 3796 dicta
1209 3733 1421 3792 Domini
1463 3740 1518 3787 ct
1543 3730 1679 3784 facta

76 3854 366 3916 tractanda
397 3861 562 3907 sunt:
597 3855 653 3901 ut
680 3842 959 3898 videamus
978 3836 1052 3911 (e)
1091 3850 1158 3889 an
1187 3830 1434 3903 superior
1476 3838 1563 3880 res
1597 3830 1679 3875 at-

72 3968 178 4026 que
202 3962 390 4009 sermo
416 3946 510 4008 ita,
543 3951 600 3996 ut
628 3956 655 3994 a
688 3936 846 3993 nobis
877 3930 1102 4000 intelligi
1136 3924 1365 3983 traditus
1390 3929 1492 3983 est.
1516 3917 1678 3976 etiam

73 4064 140 4104 ex
196 4036 668 4112 consequentibus
727 4028 973 4104 ejusdem
1020 4019 1391 4093 intelligentiae
1451 4014 1681 4081 accipiat

71 4102 487 4197 auctoritatem.
514 4102 797 4186 Miseretnr
828 4121 999 4178 turba:
1023 4114 1299 4175 Dominus,
1336 4105 1477 4180 quod
1504 4102 1682 4159 triduo

71 4247 263 4291 secum
295 4234 513 4286 maneat
542 4241 554 4278 :
580 4237 740 4293 quam
764 4216 1035 4273 dimittere
1052 4208 1292 4281 jejnnam
1325 4216 1429 4259 non
1452 4197 1590 4266 vult,
1616 4211 1683 4251 ne

73 4328 133 4383 in
162 4326 250 4381 via
282 4336 398 4395 pm
421 4316 603 4374 inedia
628 4312 860 4368 deficiat.
896 4304 1201 4362 Causantnr
1234 4291 1485 4365 discipuli
1517 4279 1683 4362 panes

78 4436 191 4476 non
233 4379 363 4474 esse
398 4421 597 4476 tantos,
632 4405 825 4477 quibus
866 4394 1080 4468 espleri
1131 4388 1468 4457 saturarique
1515 4379 1687 4455 possit

76 4512 275 4585 (Ibid.,
311 4507 429 4577 35).
461 4504 816 4559 Percontatus
848 4502 932 4548 est
954 4484 1120 4563 τω
1142 4482 1398 4539 Dominus
1424 4488 1554 4548 quot
1582 4487 1681 4547 pa-

70 4582 176 4662 nes
210 4602 503 4658 haberent.
534 4588 950 4663 Responderunt
982 4582 1080 4647 illi,
1110 4589 1316 4648 septem
1345 4587 1509 4647 panes
1535 4583 1678 4633 esse,

69 4709 129 4755 et
157 4709 375 4769 paucos
394 4692 583 4761 pisces.
631 4683 828 4741 Turbis
848 4678 1066 4751 jubetur
1095 4674 1148 4728 in
1183 4680 1384 4725 terram
1440 4664 1681 4719 discum-

68 4793 210 4849 bere
238 4809 252 4844 :
286 4797 347 4845 et
390 4783 649 4842 Dominus
678 4789 845 4850 panes
873 4788 935 4828 ac
977 4769 1150 4842 pisces
1181 4763 1454 4833 accipiens
1481 4755 1681 4827 gratias

66 4887 210 4958 egit,
244 4897 315 4937 ac
346 4878 519 4949 fregit,
546 4886 598 4929 et
620 4867 897 4940 discipulis
922 4861 1197 4937 praefracta
1226 4868 1282 4913 ut
1304 4850 1561 4912 offerrent
1587 4849 1685 4907 de-

1762 1944 1875 2019 puli
1898 1958 2267 2018 congruenter
2288 1962 2410 2004 csse
2438 1947 2697 2020 subjecta.
2727 1940 2879 2006 Nunc
2902 1964 3118 2025 quoque
3141 1966 3362 2026 compe-

1763 2048 1966 2098 tentem
1999 2041 2075 2098 rei
2106 2051 2271 2110 atque
2301 2054 2479 2098 causa:
2516 2044 2784 2098 rationem
2817 2036 3016 2101 aliene
3049 2057 3317 2104 tentemus
3349 2067 3362 2103 :

1764 2142 1823 2188 ut
1874 2130 2329 2204 quemadmodum
2393 2133 2484 2188 illa
2526 2133 2767 2190 Judaicm
2827 2134 3165 2195 credentium
3230 2154 3367 2197 con»

1764 2234 1963 2299 gruunt
1990 2225 2154 2297 plebi,
2188 2226 2259 2281 ita
2289 2226 2404 2281 haec
2448 2227 2646 2297 populo
2675 2230 2915 2299 gentium
2960 2241 3365 2303 comparentur.

1837 2319 1891 2376 8.
1924 2316 2370 2387 Baptizandorum
2399 2318 2523 2389 ﬁdei
2563 2320 2838 2392 professio.
2873 2319 3139 2396 Jejunium
3165 2326 3370 2395 passio-

1768 2414 1851 2468 m‘s
1890 2411 2166 2469 dominicae
2212 2421 2457 2483 tempore.
2486 2406 2723 2469 —Ordo
2755 2414 2916 2486 igitur
2961 2417 3101 2472 idem
3154 2417 3207 2473 in
3254 2433 3373 2475 ser-

1771 2516 1933 2562 mone
1964 2504 2177 2561 Domini
2204 2512 2308 2570 est,
2337 2504 2427 2573 qui
2454 2502 2509 2561 in
2553 2508 2935 2578 consequenda
2966 2507 3140 2582 gratia
3166 2519 3370 2567 manet.

1774 2599 1998 2655 Venturi
2025 2599 2171 2654 enim
2202 2598 2268 2653 ad
2314 2597 2662 2668 baptismum,
2694 2600 2843 2670 prius
2891 2600 3219 2658 confitentur
3248 2614 3374 2659 ere-

1772 2690 1904 2748 dere
1950 2707 2010 2747 se
2050 2691 2102 2746 in
2135 2691 2226 2746 Dei
2260 2690 2372 2745 lilio
2402 2690 2532 2746 etin
2566 2690 2819 2759 passione
2859 2706 2923 2747 ac
2966 2694 3376 2751 resurrectione

1773 2784 1892 2854 ejus
1918 2792 2004 2839 :et
2033 2782 2159 2837 huic
2189 2781 2547 2852 professionis
2575 2792 2918 2838 sacramento
2945 2782 3080 2839 ﬁdes
3105 2784 3373 2840 redditur.

1776 2879 1954 2984 .Atque
1979 2886 2038 2932 ut
2064 2877 2204 2932 hanc
2224 2876 2511 2932 verborum
2542 2876 2891 2947 sponsionem
2918 2875 3163 2949 quaedam
3192 2894 3375 2933 rerum

1776 2971 2018 3042 ipsarum
2043 2971 2247 3027 veritas
2274 2976 2662 3039 consequatur,
2704 2976 2817 3024 tcto
2841 2968 2897 3024 in
2918 2969 3139 3041 jejuuiis
3166 2971 3379 3040 passio-

1779 3066 1863 3120 nis
1891 3065 2176 3120 dominica:
2207 3071 2451 3133 tempore
2484 3061 2857 3130 demorantes,
2889 3064 3120 3134 quadam
3149 3064 3379 3121 Domino

720 3205 838 3243 uum
862 3195 934 3241 est
949 3185 1066 3256 jam
1094 3178 1228 3251 quod
1257 3183 1541 3251 perseverat
1572 3186 1677 3225 me-
1728 3250 1733 3256 Α
1779 3158 2171 3256 compassionis
2205 3158 2464 3212 societate
2489 3155 2809 3228 junguntur.
2846 3154 3010 3228 igitur
3051 3157 3167 3213 sive
3210 3174 3378 3229 spon-

847 3320 860 3334 .
882 3276 1056 3357 Tenet
1081 3246 1324 3328 ordinem
1347 3281 1536 3325 cursus
1549 3278 1675 3334 ope-
1701 3250 1746 3321 C
1782 3252 1953 3307 slouis
1976 3256 2339 3315 sacramento,
2374 3248 2489 3304 sive
2510 3248 2737 3320 jejunio,
2767 3259 2928 3305 omne
2955 3246 3083 3305 illud
3109 3250 3381 3321 passionis

1783 3343 2072 3400 dominica:
2103 3354 2227 3397 cum
2261 3338 2493 3395 Domino
2522 3348 2687 3411 agunt
2720 3349 2949 3410 tempus.

1858 3436 1911 3493 9.
1968 3434 2335 3507 Apestalorum
2370 3434 2433 3489 de
2467 3433 2631 3488 salute
2664 3428 2835 3489 Israel
2876 3430 3193 3489 sollicitudo.
3218 3462 3289 3474 —-
3316 3430 3386 3490 Et

1782 3526 1945 3602 hujus
1993 3530 2108 3600 spei
2152 3537 2316 3601 atque
2369 3528 2660 3583 cemitatus
2709 3526 2967 3584 Dutnlnus
2999 3530 3277 3595 misertus,
3309 3529 3387 3585 ait

1787 3620 1969 3680 triduo
1990 3634 2175 3680 secum
2203 3635 2348 3678 esse.
2379 3618 2525 3689 Quos
2557 3634 2626 3675 ne
2649 3620 2701 3675 in
2735 3621 2858 3675 vita:
2889 3619 3163 3677 saecularis
3194 3631 3381 3688 cursu,

1785 3718 1838 3776 id
1866 3729 1972 3787 est,
2005 3719 2061 3775 in
2104 3716 2203 3775 viae
2239 3732 2406 3788 opere
2436 3710 2671 3774 defectio
2696 3717 3089 3784 labefactaret,
3120 3716 3234 3788 vult.
3258 3717 3383 3774 cibo

1785 3832 1885 3874 suo
1913 3816 2080 3883 alere,
2112 3824 2273 3887 atque
2300 3814 2364 3869 ad
2397 3813 2757 3885 peragendam
2792 3813 2954 3868 totius
2987 3786 3199 3869 itineris
3228 3810 3386 3869 forti-

1787 3909 2029 3964 tudinem
2065 3908 2219 3978 panis
2250 3906 2332 3960 sui
2385 3906 2581 3960 virtute
2626 3900 2843 3961 firmare
2876 3921 2888 3959 ε
2921 3905 3384 3976 conquerenlibus

1786 3999 2091 4071 discipulis,
2113 4013 2278 4069 panes
2302 3999 2353 4051 in
2379 3996 2598 4051 deserto
2622 3996 2801 4051 nullos
2828 4011 2970 4053 esse.
3003 3999 3201 4068 Atquin
3224 4000 3276 4053 in
3299 4015 3390 4056 su-

1787 4090 2091 4165 perioribus
2120 4089 2425 4160 exemplum
2466 4097 2831 4157 sumpserant,
2867 4089 3003 4145 nihil
3047 4088 3381 4160 impossibile

1786 4189 1900 4246 Deo
1944 4201 2085 4244 eSse.
2119 4183 2228 4244 Sed
2271 4192 2545 4253 gestorum
2576 4197 2756 4238 causae
2800 4183 3063 4240 rationem
3108 4184 3384 4242 interioris

1787 4279 2158 4352 intelligentia:
2190 4277 2502 4334 moliuntur.
2549 4276 2793 4345 Quantus
2820 4278 2961 4332 enim
3006 4278 3378 4349 apostolorum

1788 4377 1844 4434 in
1873 4374 2135 4432 salvando
2157 4370 2322 4429 lsrael
2348 4370 2497 4431 favor
2527 4368 2711 4436 fuerit,
2746 4368 3046 4425 beatissimi
3083 4369 3233 4425 Pauli
3269 4373 3383 4442 epi-

1789 4471 1941 4529 stoltc
1964 4466 2164 4526 docent
2195 4467 2373 4541 (Rom.
2403 4481 2487 4531 ts,
2513 4465 2573 4534 5)
2605 4480 2617 4516 :
2651 4471 2812 4534 atque
2835 4462 2957 4518 ideo
2975 4462 3165 4519 eodem
3193 4463 3382 4521 demo-

1791 4576 1968 4635 rante,
2000 4580 2143 4620 nunc
2177 4563 2227 4618 in
2261 4574 2528 4616 concursu
2553 4555 2795 4630 gentium
2824 4561 2879 4610 et
2920 4552 2989 4611 de
3019 4572 3156 4627 pane
3185 4574 3379 4615 causa-

1708 4653 1761 4717 Ι)
1789 4660 1886 4727 tio,
1907 4668 1961 4716 et
1986 4660 2053 4715 de
2073 4653 2280 4731 jejunio
2306 4653 2580 4711 silentium
2615 4650 2991 4707 introducitur.

1866 4752 1954 4809 10.
1988 4752 2159 4805 Panes
2186 4758 2376 4817 septem
2405 4744 2635 4815 Spiritus
2666 4744 2832 4798 sancti
2859 4756 3048 4815 septem
3077 4744 3233 4800 dona.
3265 4742 3385 4803 Ρὶε-

1791 4864 1872 4903 ces
1901 4843 2178 4915 inde/initi,
2210 4841 2412 4896 diversa
2457 4835 2791 4892 charismata.
2838 4831 3025 4895 Gentes
3067 4852 3130 4891 ex
3157 4848 3383 4909 quatuor

68 4926 151 5037 ξιῖι
180 4926 1079 5050 ξιιῦἱάηῒῒῗίὸὧξέεάιῖηιειίιθηιιι
1098 4968 1293 5029 panum
1320 4958 1524 5022 septem
1560 4960 1691 5018 pau-
1792 4941 1928 4999 orbis
1967 4937 2195 5013 partibus
2237 4931 2496 4990 vocandae.
2524 4959 2596 4972 —-
2626 4926 2799 4985 Panes
2824 4929 2984 5001 igitur
3012 4940 3218 4999 septem
3242 4928 3377 4988 otfe-

144 5161 235 5235 (a)
254 5160 559 5235 AParchm
602 5151 779 5235 tribus
816 5133 1331 5235 mss....diﬂt'frebaltﬁ.
1359 5124 1553 5189 Verius
1573 5123 1680 5235 lalii

144 5196 395 5246 μνη..
439 5196 559 5212 νη..
603 5196 771 5208 ......--
1036 5196 1061 5205 ,,
1209 5208 1218 5218 ι
1615 5196 1646 5210 η

64 5234 209 5293 librr
227 5226 580 5297 deferebatur,
609 5216 1032 5297 putalsraelttts.
1056 5209 1319 5278 Quocirca
1356 5218 1480 5258 mox
1508 5197 1680 5268 subp-

64 5292 242 5369 citur,
272 5292 506 5369 Delatus
540 5294 703 5350 Israel
725 5292 914 5369 [ιυηρνο
935 5355 995 5369 ἢν
1022 5353 1044 5369 _
1123 5351 1195 5369 η-
1265 5346 1288 5369 ,
1311 5346 1390 5369 ιη
1449 5353 1494 5369 Δ,
1520 5305 1655 5369 ’,ημς

62 5340 853 5508 τεθὲὲῖ
881 5340 909 5410 a
935 5353 1092 5420 Bad.,
1123 5351 1241 5414 Er.,
1265 5346 1414 5417 Lips.
1447 5353 1499 5399 et
1520 5340 1687 5415 pluri-

150 5467 174 5502 ς
271 5458 358 5503 ss.

94 5588 100 5595 .
148 5538 235 5612 (c)
259 5528 559 5593 Vindocin.
604 5541 708 5582 ms.
756 5514 1113 5590 explicandus.
1145 5514 1390 5583 Quinque
1430 5504 1522 5560 alii
1567 5514 1688 5555 cntn

66 5614 214 5671 Bad.
253 5605 547 5671 explicans.
578 5595 670 5671 Er.
704 5602 759 5650 et
779 5592 917 5671 Lips.
956 5588 1193 5671 capticat.
1219 5582 1450 5640 Verbum
1484 5588 1688 5641 exspec-

119 5609 215 5667 ad.
253 5609 547 5674 explicans.
580 5609 671 5674 lar,
698 5609 759 5674 et
781 5609 863 5674 Lit

614 5713 882 5806 congruit.
911 5729 1144 5784 tuamne
1175 5735 1355 5781 autem
1385 5731 1507 5774 eum
1528 5713 1682 5769 sitcu-

74 5828 141 5885 tii
170 5828 449 5895 patientia.

162 5886 253 5967 (Α)
273 5886 414 5947 Illud
433 5896 581 5954 quem
598 5877 679 5936 vel
700 5874 769 5932 ad
788 5871 1033 5930 affectum
1055 5867 1139 5926 vel
1161 5860 1410 5923 adlsrael
1436 5855 1684 5916 refertur.

956 5582 1193 5658 explicat.
1219 5582 1450 5640 Verbum
1484 5588 1691 5641 exspec-

72 5657 388 5747 ἱὲἓιὶἰίιῖιῖιι
418 5672 613 5747 habent
638 5668 756 5721 Par.
874 5658 1106 5737 melioris
1131 5667 1270 5710 notae
1293 5666 1423 5706 mss.
1453 5657 1691 5747 omnisu-

1790 5116 1928 5176 liinc
1971 5132 2078 5173 non
2121 5112 2295 5186 placet
2324 5122 2445 5165 cum
2488 5114 2594 5160 uno
2626 5117 2726 5159 ms.
2750 5100 2908 5173 juxta
2950 5099 3111 5170 quod,
3144 5106 3235 5156 aut
3262 5117 3386 5161 cum

1789 5192 2000 5248 duobus
2029 5187 2150 5242 aliis
2172 5187 2329 5255 juxta
2353 5192 2526 5251 quam.

1869 5286 1939 5358 (ε)
1971 5282 2129 5358 Ειιλίιὶ,
2159 5295 2226 5333 an
2253 5271 2532 5358 superioris
2556 5275 2802 5358 tranctatus
2832 5273 2984 5330 atque
3012 5263 3165 5358 ltujuxs
3185 5281 3385 5322 sermo:

2424 5357 2427 5358 ,
2528 5356 2561 5358 ,S
2638 5352 2645 5358 .
2667 5339 2816 5358 -,ι......
2842 5337 3045 5358 ...α-....
3073 5346 3123 5358 --Α
3149 5335 3219 5358 ιζ-
3258 5348 3286 5358 Α
3348 5338 3383 5358 n

1794 5335 2160 5415 obiii'teutibds
2186 5335 2436 5401 omnibus
2456 5356 2585 5396 mss.
2617 5338 2817 5415 Eadem
2842 5337 3047 5388 ratione
3073 5335 3223 5389 initio
3258 5348 3312 5389 η.
3348 5338 3384 5390 2

1796 5404 2093 5484 ῐιῖιῦἐζιίίέιέέ
2112 5404 2223 5476 Sed
2240 5434 2329 5473 res.
2346 5424 2497 5484 atque
2516 5422 2681 5484 sermo
2956 5404 3382 5484 exsuptrioribns

1797 5475 2103 5554 sumini-llis
2131 5500 2308 5545 autem
2339 5475 2521 5539 ve'rbis
2552 5481 2668 5554 licet
2689 5479 2932 5530 videatur
2956 5477 3175 5554 indicari
3205 5475 3383 5534 simile

1801 5545 2121 5625 miraculum
2164 5559 2425 5629 superiori
2465 5553 2638 5629 capite
2675 5553 3002 5629 emi-rratutn,
3041 5545 3379 5629 potissimum

1795 5653 1973 5697 tamen
2023 5616 2385 5706 sgpificantur
2438 5616 2714 5706 superiora
2772 5616 2981 5706 Utmljlli
3027 5617 3168 5671 dicta
3215 5624 3377 5686 atque

1792 5688 2228 5775 iaciaIno'é’ipso
2260 5700 2437 5775 capite
2480 5688 2745 5775 capessite,-
2781 5694 3009 5757 quorum
3037 5696 3159 5742 cum
3191 5688 3382 5746 subse-

1792 5762 2082 5856 ἱιῖῐέήίιιωε
2108 5762 2374 5833 cbnncxio
2399 5762 2748 5836 expendatur.
