4046 6340
607 302 630 354 1
641 300 745 354 007

1808 291 2052 349 SANCTI
2093 289 2352 347 lllLARll
2392 289 2697 349 EPISCOPI

3693 300 3785 359 l008

611 425 822 470 runtur.
854 413 1010 470 Nulla
1036 415 1180 470 enim
1213 430 1278 469 ex
1308 414 1430 485 lege
1460 423 1516 470 et
1540 414 1819 485 prophetis
1849 414 2096 484 gentibus
2126 427 2204 466 sa-
2231 413 2282 472 A
2309 427 2383 466 ne
2409 411 2678 482 passionis
2716 410 2969 467 elfectum
3002 410 3056 466 in
3088 411 3510 482 praedicationem
3545 417 3788 485 pauitantia

614 509 698 565 lus
727 510 977 574 sumitur,
1025 509 1120 565 sed
1150 525 1246 580 per
1275 510 1501 580 gratiam
1533 509 1766 580 Spiritus
1808 509 2016 572 vivunt,
2050 507 2205 576 cujus

617 601 961 672 septiforme,
1019 609 1076 654 ut
1105 616 1202 671 per
1259 599 1475 655 Esaiam
1529 598 1796 666 traditur,
1855 614 2049 654 munus
2096 608 2201 663 est,

613 695 756 764 Ergo
790 692 890 764 (a)
952 693 1189 762 Spiritus
1240 708 1338 763 per
1395 692 1556 748 ﬁdem
1617 694 1763 748 salus
1814 692 2063 763 gentibus
2121 698 2204 746 est

613 787 785 858 (Esai.
815 785 989 856 at,‘2).
1021 786 1152 854 Quse
1183 786 1238 840 in
1265 795 1466 841 terram
1485 786 1806 842 recumbunt
1833 802 1848 850 ;
1875 785 2037 838 nullis
2058 785 2201 838 enim

585 875 744 950 'legis
771 879 1026 950 operibus
1057 877 1269 934 fuerant
1305 887 1429 933 ante
1455 879 1744 934 substrata:
1776 895 1788 931 :
1822 878 1915 933 sed
1948 885 2201 948 peccato-

615 988 737 1028 rum
769 983 822 1028 et
849 987 1140 1042 corporum
1169 987 1388 1028 suorum
1417 972 1608 1043 origini
1638 971 1983 1037 inhaerentes,
2019 969 2084 1024 ad
2104 969 2203 1024 do-

611 1079 740 1120 num
767 1063 998 1134 Spiritus
1021 1063 1351 1134 septiformis
1384 1073 1661 1120 vocantur.
1702 1063 1864 1136 747
1889 1063 2202 1118 lndetinitus

607 1158 835 1228 piscium
861 1171 1138 1221 numerus,
1163 1156 1500 1213 diversorum
1527 1157 1792 1212 donorum
1816 1166 1870 1211 et
1900 1154 2198 1210 charisma-

608 1260 722 1304 tum
778 1249 856 1318 (b)
913 1247 1231 1318 partitiones
1281 1247 1813 1316 ministrationesque
1869 1244 2136 1316 signiﬁcat
2181 1261 2196 1300 :

607 1343 801 1413 quibus
833 1341 967 1397 ﬁdes
993 1343 1230 1414 gentium
1274 1343 1568 1413 gratiarum
1597 1339 1912 1396 diversitate
1944 1340 2194 1395 satiatur.

609 1437 716 1493 Sed
765 1436 909 1507 quod
954 1446 1159 1507 septem
1199 1447 1398 1506 sporta:
1445 1437 1760 1506 replentur;
1792 1433 2100 1490 redundans
2145 1440 2198 1489 et

609 1530 962 1600 multiplicata
986 1531 1316 1601 septiformis
1344 1530 1579 1600 Spiritus
1609 1529 1763 1599 cepia
1794 1529 2082 1592 indicatur,
2111 1527 2197 1582 cui

602 1622 746 1694 quod
771 1623 1029 1694 largiatur
1049 1622 1311 1678 exuberet
1339 1641 1352 1678 :
1380 1622 1545 1694 ﬁtque
1566 1623 1825 1678 saturatis
1854 1622 2008 1676 nobis
2031 1621 2198 1676 ditior

602 1729 823 1786 semper
858 1723 914 1769 et
953 1714 1185 1784 plenior.
1219 1712 1370 1781 Quod
1415 1729 1544 1767 vero
1580 1720 1810 1784 quatuor
1858 1712 2024 1768 millia
2052 1713 2196 1767 viro-

2308 506 2374 560 ad
2411 505 2672 561 Ninivitas
2703 505 2820 576 pari
2863 508 3048 576 specie
3079 507 3427 576 praemiserat.
3457 507 3659 578 Namque
3679 510 3789 569 Jonas

2310 599 2482 654 ventis
2509 599 2925 654 desaevientibus
2953 598 3223 669 projectus
3243 614 3274 654 e
3307 599 3421 653 navi
3442 610 3534 668 est,
3563 610 3608 657 et
3631 603 3791 658 devora-

2310 698 2394 743 tus
2433 704 2464 743 a
2489 700 2632 756 ceto,
2663 698 2718 744 et
2748 697 2872 760 post
2901 690 3136 745 triduum
3177 691 3333 744 vivus
3373 690 3596 758 emissus,
3621 709 3702 748 non
3735 712 3792 750 rc-

2309 791 2488 836 tentus
2512 797 2538 833 a
2571 790 2836 846 monstro,
2867 799 2975 836 non
3006 782 3108 837 cibi
3131 782 3439 840 conditione
3463 785 3790 844 confectuszsed

2306 885 2494 931 contra
2538 876 2760 931 humani
2789 878 3033 946 corporis
3077 887 3319 932 naturam
3367 878 3554 947 integer
3575 891 3620 934 et
3653 881 3792 938 illarsus

2308 970 2360 1025 in
2399 985 2561 1025 auras
2607 985 2833 1041 superas
2858 971 3054 1026 virtute
3083 969 3369 1025 dominica:
3397 969 3471 1042 (ά)
3503 973 3794 1042 praeﬁguratio-

2306 1065 2389 1119 nis
2414 1064 2609 1119 evadit.
2642 1063 2754 1120 lloc
2781 1079 2912 1135 ergo
2933 1065 3216 1135 potestatis
3251 1080 3360 1119 sua:
3385 1066 3575 1135 signum
3598 1068 3789 1122 constitu-

2305 1165 2415 1212 tum
2457 1155 2622 1229 748
2679 1172 2800 1212 esse
2844 1157 3208 1224 demonstrat,
3249 1158 3320 1229 (ρ)
3361 1158 3469 1229 ipse
3509 1160 3792 1216 remissionem

2303 1259 2647 1319 peccatorum
2679 1265 2776 1318 per
2818 1250 3188 1319 paenitentiam
3221 1249 3526 1319 przedicans,
3561 1249 3619 1305 de
3642 1249 3791 1306 Jerusa-

2305 1342 2409 1396 lem
2435 1342 2518 1397 vel
2540 1342 2820 1414 Synagoga
2847 1343 3248 1398 immnndorum
3278 1343 3543 1412 spirituum
3564 1343 3794 1400 dominante

2303 1434 2431 1489 flatu
2458 1435 2778 1505 ejiciendus,
2810 1445 2865 1492 et
2893 1437 3046 1492 Pilati
3078 1435 3352 1508 potestati,
3383 1437 3435 1492 id
3461 1446 3554 1502 est,
3579 1438 3795 1508 sateuliju-

2300 1530 2442 1585 dicio
2460 1531 2775 1587 tradendus:
2796 1541 2850 1586 et
2864 1547 2893 1586 a
2913 1541 3087 1587 morte
3101 1541 3368 1603 tamquam
3386 1531 3610 1588 elementi
3621 1532 3792 1602 ejusdem

2301 1633 2543 1678 monstro
2573 1623 2882 1695 glutiendus
2933 1642 2945 1677 :
3002 1635 3056 1679 et
3084 1632 3207 1695 post
3231 1625 3461 1679 triduum
3485 1639 3542 1680 es
3570 1639 3639 1690 ea,
3662 1635 3792 1679 contra

2299 1715 2661 1771 conditionem
2695 1715 2928 1773 hominis
2958 1732 3118 1788 quem
3165 1723 3522 1787 assumpserat
3563 1735 3650 1772 non
3672 1727 3793 1772 reten-

597 1824 717 1863 rum
764 1816 1184 1879 congregantur,
1229 1805 1537 1871 multitudo,
1597 1805 2071 1860 innumerabilium
2122 1821 2189 1860 ex
2220 1802 2266 1862 B
2298 1817 2402 1872 tus,
2435 1811 2586 1864 vivus
2626 1819 2786 1880 atque
2842 1812 3182 1882 incorruptus
3231 1827 3521 1882 emergens.
3563 1811 3624 1865 Ea
3672 1812 3791 1882 igitur,

597 1909 830 1973 quatuor
855 1900 1001 1956 orbis
1039 1901 1282 1971 partibus
1309 1899 1645 1969 intelligitur.
1676 1897 1756 1952 Ad
1786 1898 2010 1951 formam
2045 1897 2192 1952 enim

601 1997 765 2060 futuri
807 1995 861 2050 in
911 2004 988 2050 tot
1013 1995 1244 2065 partium
1278 1993 1444 2048 millia
1486 1993 1638 2063 plebs
1668 1992 2007 2047 dinumerata
2033 1991 2194 2045 satia-

600 2100 708 2154 tur,
734 2087 1012 2158 quotidem
1058 2085 1128 2142 de
1157 2086 1398 2156 partibus
1448 2085 1514 2140 ad
1549 2085 1794 2142 cmlestis
1837 2085 1942 2140 cibi
1987 2085 2191 2140 donum

596 2193 928 2236 concursura
952 2189 1133 2234 essent
1164 2173 1328 2232 millia
1355 2177 1780 2233 crediturorum.
1823 2178 2000 2232 'l‘nrba
2033 2178 2195 2250 igitur

596 2273 882 2328 dimittitur
911 2273 1099 2327 satiata
1126 2281 1180 2328 et
1204 2272 1436 2342 expleta.
1485 2273 1552 2327 Et
1573 2272 1696 2342 quia
1720 2273 1972 2327 omnibus
1998 2272 2192 2328 diebus

594 2364 719 2419 vita:
763 2373 962 2419 nostra:
1004 2364 1282 2420 nobiscum
1324 2365 1582 2419 Dominus
1627 2374 1832 2432 manet,
1881 2381 2096 2432 navem,
2138 2364 2190 2420 id

591 2469 676 2515 est
716 2459 1040 2527 Ecclesiam,
1090 2459 1430 2516 credentium
1475 2459 1633 2530 plebe
1679 2459 1968 2516 comitatus
2007 2460 2190 2532 ingre-

590 2551 753 2607 ditur.

1179 2664 1410 2724 CAPUT
1451 2665 1592 2722 XVI.

592 2781 672 2837 De
704 2781 856 2838 Jonw
897 2783 1160 2855 propheta:
1202 2784 1370 2855 signo,
1415 2793 1462 2836 et
1506 2783 1568 2836 de
1598 2784 1846 2853 fermento
1897 2780 2190 2836 Pharisa'o-

659 2892 798 2942 rum,
821 2876 884 2929 de
909 2878 1226 2946 confessione
1259 2875 1402 2930 Petri
1429 2885 1475 2929 et
1505 2875 1856 2930 benedictione
1886 2874 2115 2944 Domini,
2141 2885 2189 2930 et

661 2968 725 3022 de
755 2984 810 3022 se
836 2967 1135 3038 abnegando
1157 2967 1246 3037 qui
1279 2966 1540 3022 Christum
1565 2968 1708 3038 sequi
1737 2967 1970 3021 voluerit.

662 3105 714 3159 1.
750 3103 943 3161 Christi
964 3105 1298 3177 dignoscendi
1323 3117 1461 3172 nota,
1481 3123 1692 3178 operum
1721 3109 1898 3164 virtus.
1924 3139 1984 3148 —
2017 3106 2084 3163 Et
2104 3125 2190 3164 ac-

2298 1919 2418 1973 qua}
2446 1903 2496 1957 in
2516 1902 2732 1957 homine
2749 1902 2816 1958 de
2835 1913 3094 1973 conceptu
3113 1903 3331 1974 virginis
3353 1912 3551 1973 sumpto
3569 1902 3789 1956 divinarum

2297 2001 2452 2049 erant
2479 1995 2633 2064 plena
2665 1994 2945 2062 virtutum,
3003 1995 3256 2065 cognosci
3285 2004 3441 2066 atque
3477 1993 3662 2064 intelligi
3687 1993 3734 2048 de
3755 2006 3793 2047 se

2296 2087 2466 2142 voluit
2492 2097 2546 2142 et
2577 2088 2855 2158 pr0phetze
2896 2089 3049 2160 signo
3078 2099 3130 2143 et
3163 2089 3392 2144 hominis
3423 2089 3653 2159 exemplo.

2367 2181 2422 2234 5.
2449 2178 2516 2233 1η
2546 2180 2670 2252 legis
2691 2181 2929 2251 aperibus
2951 2197 3064 2252 spes
3090 2181 3260 2249 nulla,
3295 2182 3377 2235 ubi
3423 2182 3586 2235 ueritas
3629 2179 3788 2250 contigit.

2294 2303 2365 2313 —
2393 2271 2462 2326 Et
2507 2273 2696 2326 relictis
2726 2274 2833 2328 illis
2879 2273 3004 2326 abiit
3048 2272 3243 2344 (Ibid.,
3286 2273 3362 2344 4).
3408 2273 3516 2329 Non
3561 2274 3673 2328 sicut
3704 2273 3789 2326 locis

2295 2368 2415 2422 aliis
2447 2368 2662 2438 legitur,
2686 2368 2921 2422 dimissis
2963 2368 3133 2422 turbis
3164 2367 3297 2423 abiit
3325 2386 3335 2420 :
3386 2367 3475 2422 sed
3516 2367 3622 2438 quia
3659 2365 3785 2418 infide

2294 2462 2460 2518 litatis
2506 2477 2663 2517 error
2708 2461 3054 2517 insolentium
3096 2461 3308 2517 animos
3338 2461 3608 2528 obtinebat,
3635 2475 3713 2514 non
3734 2458 3785 2512 di-

2293 2555 2509 2611 misisse
2536 2569 2632 2610 cos
2661 2554 2938 2620 scribitur,
2986 2554 3081 2610 sed
3115 2556 3416 2626 reliquisse.
3447 2553 3508 2608 Et
3544 2571 3639 2608 cum
3675 2552 3783 2606 eatis-

2293 2656 2366 2701 set
2397 2657 2539 2701 trans
2567 2652 2786 2717 fretum,
2816 2648 2960 2702 obliti
3010 2657 3126 2702 sunt
3157 2648 3400 2720 discipuli
3421 2651 3522 2721 ejus
3557 2663 3680 2717 partes
3699 2646 3787 2698 acci-

2294 2756 2430 2808 pere.
2459 2739 2614 2793 Jssus
2644 2749 2811 2794 autem
2860 2739 2989 2793 dixit
3045 2739 3152 2794 illis
3186 2757 3205 2794 :
3230 2740 3480 2796 Atlendite
3519 2739 3634 2793 vobis
3666 2754 3690 2790 a
3721 2738 3785 2805 fa-

2293 2840 2461 2884 ntcnto
2495 2828 2880 2885 Pharisazornm
2927 2840 2972 2884 et
3016 2831 3425 2887 Sadducaaorum
3469 2829 3637 2904 (Ibid.,
3673 2828 3711 2892 5,
3732 2827 3783 2894 6).

2294 2925 2553 2979 Absoluta
2599 2925 2777 2979 omnis
2819 2923 2887 2979 de
2915 2923 3183 2979 fermento
3210 2924 3584 2980 Pharisaeorum
3623 2929 3664 2976 et
3695 2917 3784 2975 Sad-

2292 3017 2602 3074 ducmorum
2648 3016 2947 3072 obscuritas
2985 3026 3086 3071 est.
3125 3015 3283 3085 Quod
3311 3013 3776 3074 autemabstinerese

2293 3124 2358 3163 eo
2383 3109 2609 3179 apostoli
2634 3107 2912 3178 jubentur,
2952 3123 3057 3162 non
3086 3107 3376 3163 admisceri
3392 3106 3619 3162 doctrina:
3639 3101 3780 3158 indeo-

587 3208 846 3253 cesserunt
875 3199 944 3252 ad
973 3215 1090 3254 eum
1123 3197 1383 3255 Phariswi
1430 3209 1476 3255 et
1508 3200 1788 3256 Sadductei
1818 3210 2087 3268 tentantes,
2138 3212 2184 3258 et
2215 3198 2260 3262 C
2291 3219 2410 3257 rttm
2461 3211 2779 3266 monentur;
2831 3201 2955 3272 quia
3000 3202 3132 3272 legis
3157 3217 3326 3273 opera
3373 3201 3424 3257 in
3461 3201 3665 3257 elfectum
3701 3191 3777 3248 ﬁdei

583 3301 891 3361 rogaverunt
912 3308 1048 3357 eum,
1080 3301 1134 3346 ut
1155 3292 1361 3362 signum
1406 3292 1469 3346 de
1497 3293 1622 3347 cazlo
1651 3294 1755 3348 illis
1785 3296 2091 3362 ostenderet,
2129 3305 2184 3351 et

585 3385 790 3456 reliqua
817 3384 1036 3454 (Matth.
1072 3401 1189 3453 xvi,
1225 3383 1299 3458 1).
1343 3385 1552 3441 Adsunt
1580 3387 1838 3443 Pharistei
1877 3400 1932 3443 et
1967 3388 2181 3446 Saddu-

584 3477 682 3533 etei
725 3477 858 3548 legis
917 3478 1112 3534 ﬁducia
1167 3477 1464 3534 insidentes
1513 3479 1972 3552 dedignantesque
2017 3497 2182 3553 opera

584 3572 847 3625 virtutum
877 3570 1022 3638 ﬁdei,
1059 3572 1268 3642 signum
1299 3572 1508 3628 ostendi
1537 3572 1640 3627 sibi
1669 3573 1737 3628 de
1783 3574 1925 3629 caelo
1956 3590 2184 3644 precan-

585 3671 692 3715 tur.
725 3661 1091 3716 Humilitatem
1128 3663 1179 3714 in
1219 3661 1441 3718 Christo
1483 3663 1661 3717 carnis
1693 3673 1748 3719 et
1770 3666 2016 3733 corporis
2045 3680 2180 3720 con-

588 3762 822 3819 tuentes,
853 3744 1157 3808 doctrinam
1204 3769 1272 3808 ex
1316 3753 1398 3808 his
1428 3770 1547 3825 qua:
1587 3756 1687 3810 sub
1732 3756 1966 3812 hominis
1996 3757 2182 3814 habitu

583 3843 812 3915 gerebat
854 3844 1214 3916 dedignantur
1242 3846 1512 3917 accipere.
1555 3847 1790 3915 Quorum
1844 3849 2180 3907 insolentiam

585 3947 640 3994 et
673 3937 987 3992 inanitatem
1009 3938 1258 4005 irridens,
1294 3939 1460 3992 multa
1483 3954 1578 3995 eos
1600 3939 1668 3995 de
1693 3949 1882 3996 natura
1907 3942 2030 3998 caeli
2051 3958 2184 3999 con—

588 4031 762 4104 jicere
789 4031 968 4088 solere
994 4032 1296 4103 respondit,
1324 4047 1445 4088 cum
1489 4032 1784 4089 rubicundo
1811 4045 1904 4092 aut
1941 4044 2061 4092 ortu
2092 4047 2184 4093 aut

583 4140 813 4197 vespere
843 4139 1093 4181 serenum
1134 4124 1508 4180 nimbosumve
1524 4127 1830 4195 pronutient
1859 4127 2049 4201 (Ibid.,
2076 4129 2132 4201 Ξ)
2164 4148 2177 4184 :

585 4232 752 4288 porro
777 4226 955 4272 autem
983 4217 1230 4288 ignorare
1249 4232 1342 4272 eos
1361 4226 1662 4287 temporum
1703 4221 1854 4291 signa
1883 4219 2071 4294 (Ibid.,
2097 4221 2178 4294 4),

586 4324 709 4364 cum
734 4309 911 4364 onmis
945 4309 1019 4380 (c)
1052 4309 1136 4364 lex
1167 4317 1222 4364 et
1253 4309 1530 4379 prophetae
1573 4310 1836 4367 adventus
1871 4315 1954 4368 sui
1984 4314 2178 4370 indicia

587 4415 655 4454 ex
684 4413 908 4468 operum
954 4415 1074 4470 qum
1100 4409 1315 4471 gereret
1352 4401 1709 4458 admiratione
1746 4403 2050 4474 signiﬁcent
2079 4426 2090 4460 :
2123 4416 2181 4462 ut

583 4490 1038 4560 quemadmodum
1071 4492 1229 4548 ﬁdem
1271 4495 1608 4564 tempestatis
1649 4497 1773 4552 creli
1803 4498 1883 4552 vel
1926 4499 2176 4556 matutini

2290 3306 2343 3353 et
2373 3297 2425 3352 in
2466 3296 2954 3368 prmforniationem
2999 3312 3178 3354 rerum
3210 3297 3621 3367 consequentium
3649 3284 3777 3345 consti-

2289 3401 2400 3447 tuta
2450 3391 2558 3445 sint
2585 3409 2598 3444 :
2630 3389 2786 3462 nt({)
2837 3391 2888 3445 in
2919 3406 3147 3460 quorum
3202 3399 3440 3462 tempora
3475 3397 3612 3459 atque
3634 3389 3774 3439 atatem

2287 3483 2487 3542 veritas
2514 3483 2849 3553 contigisset,
2884 3482 3014 3537 nihil
3045 3483 3186 3537 ultra
3238 3484 3294 3538 in
3342 3481 3565 3537 veritatis
3602 3475 3768 3532 similitu-

2287 3577 2412 3632 dine
2443 3577 2556 3646 spei
2580 3579 2813 3646 positum
2852 3576 3280 3642 arbitrarentur;
3316 3591 3382 3632 ne
3410 3574 3622 3630 doctrina
3653 3562 3772 3622 Phari-

2288 3684 2519 3725 saeorum
2548 3669 2819 3724 Christum
2868 3669 3139 3737 nesciens,
3171 3669 3396 3727 elfectus
3424 3667 3634 3726 veritatis
3664 3673 3767 3718 em-

2286 3765 2473 3835 gelicae
2503 3773 2893 3833 corrumperet.

2358 3857 2411 3912 4.
2449 3857 2620 3912 Filius
2649 3867 2696 3912 et
2723 3855 2857 3911 Deus
2880 3868 3103 3915 azternns
3129 3870 3176 3916 et
3206 3871 3357 3917 natus
3384 3869 3474 3916 est.
3497 3887 3560 3900 ——
3589 3853 3768 3909 Venim‘

2288 3957 2388 4004 tem
2413 3948 2568 4004 Jesus
2595 3951 2646 4003 in
2674 3962 2847 4018 partes
2867 3947 3115 4006 Ctesarenz
3147 3951 3403 4025 Philippi,
3442 3963 3486 4008 et
3523 3941 3769 4011 interrogabat

2287 4045 2569 4118 discipulos
2615 4062 2762 4110 suos,
2811 4054 2866 4101 et
2898 4047 3104 4118 reliqua
3159 4047 3350 4120 (Ibid.,
3383 4048 3491 4117 1'5).
3529 4045 3575 4100 ln
3599 4047 3771 4113 processu

2286 4137 2557 4193 sermonis
2583 4147 2747 4207 atque
2774 4139 2952 4208 operis
2984 4139 3288 4196 absolutius
3315 4138 3572 4211 discipulis
3589 4127 3768 4203 cognitio‘

2289 4244 2411 4284 nem
2439 4245 2590 4283 suam
2617 4229 2696 4299 (id
2724 4238 2818 4294 est,
2851 4229 2957 4300 sui)
3006 4241 3246 4300 priestat,
3291 4242 3344 4288 et
3372 4229 3620 4303 quamdam
3645 4215 3769 4277 intelli-

2284 4320 2442 4391 gendi
2467 4336 2526 4376 se
2559 4320 2786 4377 formam
2814 4321 3188 4394 rationemque
3215 4325 3507 4381 constituit.
3551 4320 3630 4376 Est
3650 4321 3766 4370 autem

2286 4411 2402 4466 hzec
2440 4427 2568 4466 vera
2602 4421 2656 4467 et
2708 4413 3033 4469 inviolabilis
3083 4415 3237 4481 ﬁdes,
3291 4433 3359 4473 ex
3409 4417 3510 4472 Deo
3549 4399 3767 4468 aeternitatis

2288 4503 2395 4575 (cui
2426 4503 2500 4558 ob
2528 4502 2580 4558 id
2607 4504 2750 4574 quod
2780 4521 2995 4576 semper
3021 4506 3161 4562 ﬁlius
3211 4507 3393 4576 fuerit,
3439 4518 3622 4577 semper
3650 4506 3685 4553 et
3704 4492 3763 4562 ius

582 4581 670 4637 vel
701 4583 939 4652 vesperis
963 4584 1127 4638 rubor
1152 4585 1438 4650 redderet;
1473 4586 1545 4641 ita
1587 4588 1928 4644 manifestam
1959 4599 2174 4662 tempo-
2201 4595 2257 4656 D
2285 4598 2451 4669 patris
2485 4607 2539 4652 et
2561 4613 2762 4654 nomen
2794 4599 2896 4663 sit;
2954 4617 3022 4656 ne
3049 4601 3094 4655 si
3143 4616 3250 4657 non
3295 4617 3500 4672 semper
3543 4596 3654 4655 ﬁlius,
3688 4595 3758 4680 non

584 4690 706 4732 rum
754 4675 1116 4745 cognitionem
1167 4679 1429 4734 virtutum
1483 4689 1646 4751 atque
1700 4698 1924 4754 operum
1979 4685 2173 4742 indicia

582 4775 843 4838 praestare
863 4764 1145 4821 deberent.

655 4860 710 4914 2.
741 4857 905 4913 Jonas
933 4857 1124 4912 Christi
1145 4860 1331 4931 figura.
1356 4891 1424 4902 —
1442 4861 1547 4919 Sed
1567 4873 1718 4920 ortus
1739 4882 1768 4920 e
1790 4867 1930 4923 cmlo
1957 4867 2169 4940 signum

582 4952 668 5006 his
707 4960 964 5006 terrestre
1005 4951 1303 5018 constituit,
1348 4964 1405 5008 ut
1449 4970 1547 5010 eos
1595 4956 1732 5011 intra
1772 4959 2167 5016 confessionem

584 5045 1194 5115 lmmilitatiscorporeze
1220 5047 1544 5116 contineret,
1569 5049 1803 5105 dandum
1826 5052 2012 5110 dicens
2036 5055 2171 5113 Jona

578 5141 791 5210 signum
821 5156 834 5195 :
867 5138 998 5196 Huic
1020 5152 1080 5192 se
1111 5137 1367 5193 Dominus
1393 5155 1688 5212 comparat,
1721 5161 1880 5214 quem
1929 5147 1996 5202 ad
2031 5147 2173 5205 futu-

678 5295 732 5370 ᾳ)
750 5295 1111 5370 _Carnul.e_nsis
1136 5294 1307 5370 codex
1332 5310 1456 5370 cum
1487 5296 1641 5353 Colb.
1675 5298 1900 5370 Spiritu.

674 5367 728 5437 b)
749 5368 808 5423 In
844 5382 944 5421 ms.
977 5367 1134 5422 Rom.
1162 5368 1596 5437 participationes.

671 5439 721 5510 c)
752 5438 906 5508 Apud
933 5438 1054 5510 Par.
1088 5455 1204 5491 cum
1233 5439 1463 5510 omnibus
1494 5439 1594 5492 lex.
1627 5438 1847 5498 Rectius
1869 5444 1921 5498 in
1953 5447 2074 5503 aliis
2100 5448 2168 5502 li-

575 5507 709 5590 bris,
736 5507 920 5564 omnis.
955 5507 1043 5563 Sic
1068 5518 1123 5563 et
1146 5524 1266 5580 cap.
1295 5509 1384 5576 12,
1413 5526 1469 5565 n.
1493 5510 1548 5575 2,
1573 5513 1693 5580 quia
1718 5516 1881 5568 omnis
1903 5517 1988 5571 lea:
2010 5535 2168 5590 usque

574 5584 644 5637 ad
666 5580 941 5634 Joannem.

589 5723 621 5775 r
649 5652 731 5774 ((1')
754 5650 993 5706 Latinius
1014 5665 1080 5706 ex
1105 5649 1229 5706 Vat.
1251 5652 1371 5708 cod.
1397 5651 1800 5724 incarnationis;
1827 5673 1932 5714 non
1956 5669 2038 5714 est
2066 5674 2166 5716 au-

613 5740 694 5775 ten
739 5737 818 5775 us.

572 5737 818 5777 ιιιθηιιιιε.

644 5793 715 5862 (c)
747 5793 852 5847 Sex
880 5807 1009 5846 mss.
1042 5793 1094 5846 in
1121 5808 1175 5846 se
1197 5793 1566 5867 remissionem,
1595 5814 1701 5857 non
1733 5800 1862 5872 ipse.

2285 4703 2503 4760 semper
2516 4698 2569 4746 et
2585 4701 2736 4760 pater
2753 4691 2842 4763 sit)
2866 4691 3031 4746 Deum
3053 4691 3220 4748 ﬁlium
3246 4692 3532 4764 profectum
3559 4684 3690 4742 fuisse,
3704 4685 3763 4728 ωι

2283 4783 2352 4838 sit
2371 4799 2439 4840 ex
2465 4783 2766 4840 :eternitate
2789 4787 3024 4855 parentis
3054 4788 3348 4843 asternitas.
3381 4785 3524 4843 Nasci
3541 4777 3768 4836 autemet"Il

2283 4874 2530 4929 voluntas
2560 4874 2680 4944 ejus
2707 4875 2804 4930 fuit
2833 4876 2929 4950 (V.
2951 4878 3064 4934 Lm
3095 4879 3158 4935 de
3186 4879 3357 4944 Trin.,
3397 4897 3446 4933 η.
3475 4876 3565 4946 ι),
3598 4858 3768 4944 cuius.in

2281 4967 2476 5022 virtute
2489 4983 2552 5023 ac
2566 4977 2833 5038 potestate
2850 4969 3442 5029 ineratutnasceretur.
3463 4970 3543 5025 Est
3559 4975 3660 5032 ergo
3673 4953 3768 5010 illi“s

2281 5060 2376 5117 Dei
2424 5078 2490 5116 ex
2545 5061 2656 5117 Deo
2699 5063 2864 5129 Deus,
2914 5079 3052 5119 unus
3083 5065 3134 5120 in
3166 5073 3393 5137 utroque
3420 5079 3434 5117 :
3464 5062 3530 5136 (g)
3557 5056 3769 5137 theolelfll1

2281 5153 2446 5220 enim,
2475 5161 2634 5224 quam
2661 5153 3126 5243 deitatem‘Latini
3157 5133 3773 5229 nuncupant,vzeterni759

2346 5309 2428 5382 (Γ)
2465 5311 2562 5366 MS.
2593 5311 2753 5366 Ποπι-
2803 5314 2857 5366 in
2883 5330 3099 5387 quorum
3126 5325 3352 5387 tempore
3385 5305 3769 5387 atqueatatehggl:

2276 5367 2384 5434 aliii
2410 5367 2608 5437 'sensu
2641 5399 2654 5436 :
2689 5392 2798 5437 tum
2845 5367 3033 5439 veritas
3080 5367 3389 5449 conticescit,
3439 5367 3770 5449 suﬂm83"‘ib.u_’

2272 5452 2421 5527 potu.
2451 5434 2706 5509 arma":
2717 5434 2798 5510 in
2833 5434 3029 5527 sunt;
3076 5434 3766 5527 tegit;;‘25t1t;;.ca':_ma_tgo

2275 5521 2495 5596 Legem,
2530 5533 2587 5578 ut
2614 5534 2738 5593 pote
2784 5517 3006 5596 ﬁguram
3063 5517 3414 5594 et'umhram,
3462 5521 3668 5578 veniente
3703 5517 3769 5559 *θ’

2272 5595 2678 5671 ritate,_null_ar_n
2711 5595 2843 5671 esse
2862 5599 2949 5652 hic
2974 5601 3293 5657 declaratur.
3531 5662 3542 5671 _
3573 5660 3583 5671 ,
3637 5648 3703 5671 με

2342 5665 2418 5736 (g)
2439 5653 2919 5738 'Magis'arrideret
2946 5653 3248 5740 graves—vo;
3271 5673 3478 5740 θεοτῆτᾳ
3499 5660 3585 5718 nisi
3607 5653 3766 5740 obﬂllf:

2271 5729 2785 5811 terenturantiquze
2829 5729 3095 5799 editiones
3139 5758 3258 5798 cum
3307 5739 3536 5811 omnibus
3561 5729 3766 5811 $551993

2270 5816 2474 5864 tantum
2530 5808 2635 5876 hic,
2682 5800 2785 5868 sed
2831 5814 2995 5870 etiam
3023 5830 3073 5870 c.
3118 5815 3212 5882 26,
3241 5831 3296 5869 n.
3328 5813 3380 5880 5,
3435 5807 3512 5864 ubi
3558 5800 3764 5856 theatrum
