3882 6332
83 260 239 319 ³1069

1023 265 1567 325 COMMENTARIUS
1603 266 1673 324 ΙΝ
1700 268 2109 327 MATTIl/EUM
2146 271 2298 328 CAP.
2343 272 2484 329 XVI.

3276 276 3419 337 1010

80 378 212 448 ejus
248 386 523 451 parentis,
557 400 627 441 ex
657 400 763 458 quo
793 382 1067 441 nascendo
1097 391 1181 438 est
1209 381 1502 452 profectus,
1550 395 1706 437 acce-
1736 384 1944 447 Alium
1977 387 2029 442 in
2056 386 2276 445 homine
2301 388 2548 445 vidisset.
2580 389 2780 446 Beatus
2798 390 2884 446 hic
2913 400 3017 457 est,
3045 392 3137 462 qui
3168 392 3304 449 ultra
3332 394 3414 468 (a)

80 471 194 540 pit.
256 474 494 544 Accepit
536 487 716 533 autem
768 477 873 533 hoc
918 475 1060 546 quod
1101 482 1342 531 eratzet
1389 480 1570 527 natum
1626 482 1711 528 est
1812 475 2078 534 humanos
2125 480 2312 536 oculos
2352 489 2408 536 ct
2455 482 2755 538 intendisse
2803 493 2860 539 et
2917 483 3119 541 vidisse
3166 484 3416 542 laudatus

83 561 350 619 Verbum
379 567 522 636 quod
555 567 890 641 fuitsemper
916 567 968 623 in
999 566 1182 622 Patre.
1231 566 1407 634 Atque
1442 564 1512 619 ita
1539 563 1708 620 Filius

80 664 140 709 et
173 664 435 713 aeternus
466 667 520 713 et
550 669 708 715 natus
731 670 853 715 est:
886 660 1011 731 quia
1042 674 1148 715 non
1195 658 1339 713 aliud
1388 658 1440 713 in
1491 671 1557 712 eo
1606 672 1705 712 na-

80 756 202 803 tum
237 758 356 815 est,
385 766 546 822 quam
574 753 717 824 quod
745 762 1005 809 aeternum
1035 762 1136 806 est.

157 842 218 898 5.
254 842 437 898 Filius
481 843 581 900 Dei
619 856 694 900 est
720 855 767 901 et
795 847 937 916 ﬁlius
966 845 1206 901 hominis.
1239 874 1309 886 —
1341 844 1494 899 llunc
1540 843 1705 915 igitur

84 935 475 1005 assumpsisse
503 951 722 1008 corpus,
757 946 812 994 et
839 937 1111 992 hominem
1146 936 1347 991 factum
1393 949 1535 998 esse,
1586 950 1707 1005 per-

81 1025 234 1082 fecta
267 1028 555 1085 confessio
583 1040 668 1086 est
696 1049 708 1086 :
740 1031 861 1103 quia
887 1031 1029 1086 sicut
1048 1033 1322 1087 mternitas
1350 1038 1555 1084 naturae
1583 1043 1708 1084 nos-

84 1130 189 1178 tra:
236 1138 446 1194 corpus
472 1124 715 1196 accepit;
750 1126 819 1181 ita
852 1125 1284 1194 cOgnoscendum
1316 1130 1422 1189 est,
1457 1131 1703 1179 naturam

81 1215 350 1284 corporis
378 1215 547 1270 nostri
572 1216 893 1273 aeternitatis
922 1231 1200 1272 assumere
1243 1232 1401 1287 posse
1428 1218 1700 1271 virtutem.

84 1305 265 1377 igitur
294 1306 426 1378 quia
456 1322 728 1364 summum
756 1309 810 1365 in
840 1309 947 1365 fide
978 1309 1078 1365 ista
1105 1310 1306 1365 bonum
1336 1320 1450 1374 est;
1482 1323 1513 1363 a
1536 1308 1701 1364 disci-

89 1401 242 1471 pulis
299 1401 535 1471 requirit
582 1418 741 1474 quem
785 1417 845 1460 se
892 1404 1138 1460 homines
1180 1418 1303 1461 esse
1330 1402 1574 1459 dicerent
1605 1420 1619 1458 :
1650 1412 1707 1459 et

94 1493 329 1563 adjecit,
372 1492 595 1549 hominis
626 1495 815 1565 ﬁlium.
867 1494 992 1551 Haec
1036 1496 1178 1551 enim
1226 1494 1584 1550 confessionis
1625 1503 1702 1552 te-

97 1587 283 1643 nenda
316 1589 450 1644 ratio
476 1596 580 1654 est,
638 1597 696 1644 ut
740 1589 882 1645 sicut
932 1589 1029 1645 Dei
1076 1589 1269 1651 ﬁlium.
1323 1590 1394 1644 ita
1425 1598 1480 1644 et
1532 1588 1702 1644 lilium

99 1682 341 1737 hominis
384 1682 789 1739 meminerimus
833 1702 846 1738 :
901 1684 1028 1755 quia
1077 1684 1307 1739 alterum
1370 1683 1490 1739 sine
1532 1683 1704 1741 altero

96 1775 233 1831 nihil
264 1776 383 1845 spei
415 1777 600 1833 tribuit
629 1777 694 1832 ad
725 1779 979 1835 salutem.

162 1868 218 1924 6.
264 1868 417 1924 Petri
433 1875 594 1945 juxta
626 1870 814 1927 Christi
843 1873 1087 1941 placitum
1117 1875 1393 1946 confessio.
1424 1903 1495 1914 —
1525 1871 1700 1929 Editis

88 1960 297 2032 itaque,
326 1977 454 2033 qua:
483 1962 714 2020 diversa:
740 1963 807 2020 de
831 1978 900 2020 eo
944 1973 1119 2031 erant,
1165 1964 1443 2021 hominum
1486 1964 1700 2035 opinio—

88 2053 276 2119 nibus,
308 2055 443 2125 quid
473 2054 541 2111 de
585 2070 644 2112 se
682 2056 782 2127 ipsi
831 2055 1069 2113 sentiant
1119 2056 1332 2127 qmerit.
1378 2056 1571 2112 Petrus
1610 2070 1698 2112 re-

82 2144 310 2218 spondit
343 2164 359 2201 :
390 2146 470 2202 Tu
496 2165 549 2204 es
568 2147 805 2205 Christus
828 2151 967 2220 ﬁlius
990 2148 1087 2206 Dei
1116 2152 1211 2206 vivi
1239 2150 1428 2223 (Ibid.,
1451 2149 1564 2221 l7).
1590 2149 1697 2206 Sed

83 2238 282 2296 Petrus
323 2239 699 2297 conditionem
754 2243 1138 2314 propositionis
1185 2242 1533 2313 expenderet.
1584 2241 1697 2299 Do-

82 2333 266 2389 minus
290 2333 446 2389 enim
495 2334 744 2390 dixerat:
782 2318 941 2403 (luem
967 2352 1049 2391 me
1086 2337 1314 2393 homines
1344 2352 1452 2391 esse
1492 2337 1696 2402 dicunt,

84 2427 252 2498 [ilium
282 2428 560 2484 hominis?
590 2428 656 2484 Et
686 2441 833 2485 certe
881 2430 1047 2485 ﬁlium
1080 2429 1315 2485 hominis
1363 2430 1696 2501 contempla-

86 2521 161 2576 tio
194 2523 452 2594 corporis
482 2525 805 2594 pnefcrehut
838 2544 850 2579 :
875 2525 970 2581 sed
1015 2524 1284 2592 addendo,
1313 2541 1461 2595 quem
1490 2541 1572 2579 me
1591 2541 1698 2582 esse

84 2616 287 2685 dicunt,
322 2618 681 2689 signiﬁcavit,
714 2631 911 2690 praeter
953 2621 1004 2677 id
1035 2620 1180 2693 quod
1212 2622 1265 2677 in
1298 2636 1357 2677 se
1388 2621 1692 2688 videbatur,

82 2723 202 2764 esse
245 2709 410 2765 aliud
461 2713 835 2780 sentiendum;
886 2726 1003 2771 erat
1053 2715 1197 2771 enim
1251 2714 1486 2770 hominis
1528 2713 1690 2769 ﬁlius.

83 2800 234 2869 Quod
290 2804 469 2875 igitur
513 2804 582 2860 de
628 2821 690 2863 se
734 2808 989 2876 cpinandi
1024 2808 1285 2880 judicium
1315 2807 1695 2864 desiderabat?

81 2891 195 2948 Non
222 2895 353 2952 illud
402 2897 751 2965 arbitramur,
779 2900 921 2971 quod
946 2899 1015 2956 de
1040 2914 1099 2955 se
1123 2900 1238 2972 ipse
1260 2899 1543 2957 confessus
1568 2911 1651 2957 est
1677 2920 1693 2959 :

80 2989 171 3044 sed
197 2990 487 3046 occultum
535 3001 653 3048 erat
682 2996 749 3048 dc
791 3008 900 3065 quo
940 2994 1299 3065 quzercbatur,
1343 2993 1397 3050 in
1448 2993 1592 3066 quod
1632 3009 1693 3051 se

83 3082 430 3139 credentium
466 3083 601 3140 ﬁdes
626 3083 860 3141 debebat
883 3086 1198 3143 extendere.

1812 580 1899 628 est
1929 592 1942 628 :
1978 590 2083 629 non
2140 575 2191 630 id
2242 576 2384 645 quod
2412 591 2482 633 ex
2540 592 2706 635 carne
2735 588 2791 635 et
2832 580 3098 651 sanguine
3135 591 3252 637 erat
3283 596 3419 637 con-

1811 666 1986 735 tuens,
2017 670 2108 726 scd
2128 672 2222 727 Dei
2254 670 2420 727 ﬁlium
2449 671 2688 728 ccelestis
2728 673 2896 743 patris
2918 673 3245 730 revelatione
3282 688 3415 730 con-

1808 761 2077 829 Spiciens;
2119 764 2418 836 dignusque
2460 764 2752 834 judicatus,
2786 765 2880 837 qui
2920 765 3062 836 quod
3104 767 3157 822 in
3195 766 3411 823 Christo

1811 852 2097 922 Dcicsset,
2149 860 2354 928 primus
2416 870 2753 930 agnosceret.
2805 858 2851 916 Ο
2904 861 2956 915 in
3003 861 3409 932 nuncupatione

1809 947 1931 1002 novi
1962 951 2191 1004 nominis
2224 951 2349 1006 felix
2383 952 2640 1008 Ecclesia:
2666 952 2743 1025 (b)
2767 951 3197 1022 fundamentum,
3227 954 3417 1025 digna-

1809 1053 1915 1107 que
1941 1039 2297 1097 mdiﬁcatione
2327 1042 2475 1099 illius
2505 1052 2676 1113 petra,
2718 1060 2838 1115 qua:
2872 1043 3111 1100 infernas
3143 1044 3307 1116 leges,
3354 1052 3412 1103 et

1809 1133 1995 1187 tartari
2027 1143 2232 1202 portas,
2263 1144 2318 1190 et
2343 1135 2525 1191 omnia
2554 1137 2745 1191 mortis
2770 1136 3006 1191 claustra
3048 1135 3404 1192 dissolveret!

1807 1223 1854 1280 0
1882 1224 2071 1281 beatus
2113 1225 2238 1281 creti
2274 1227 2496 1297 janitor,
2526 1229 2680 1298 cujus
2733 1227 2959 1284 arbitrio
2987 1228 3172 1285 claves
3215 1230 3415 1286 asterni

1808 1315 1985 1371 aditus
2016 1316 2321 1385 traduntur,
2348 1321 2503 1390 cujus
2545 1328 2807 1376 terrestre
2852 1318 3113 1392 judicium
3159 1320 3415 1391 prmjudi-

1807 1417 1926 1465 cata
1952 1409 2117 1483 750
2144 1412 2440 1466 auctoritas
2487 1413 2558 1467 sit
2597 1414 2648 1466 iu
2693 1411 2834 1468 cmlo
2866 1429 2879 1467 :
2909 1421 2967 1467 ut
2996 1427 3116 1483 quae
3148 1413 3199 1467 in
3244 1411 3407 1470 terris

1809 1512 1901 1559 aut
1931 1504 2088 1574 ligata
2116 1503 2223 1558 sint
2248 1511 2341 1558 aut
2366 1505 2563 1571 soluta,
2611 1503 2800 1558 statuti
2848 1503 3091 1574 ejusdem
3139 1504 3410 1561 conditio-

1808 1611 1931 1652 nem
1959 1596 2238 1651 obtineant
2263 1605 2317 1650 et
2346 1594 2401 1651 in
2422 1596 2581 1652 cmlo.

1880 1687 1934 1744 8.
1983 1687 2222 1743 Divitatis
2266 1685 2460 1743 Christi
2490 1697 2639 1743 testes
2683 1689 2768 1745 lea:
2814 1698 2863 1744 et
2909 1692 3197 1762 prophetae,
3236 1707 3409 1746 resur«

1727 1779 2040 1848 Brectionis
2085 1780 2329 1845 apostoli.
2358 1778 2614 1835 —Jubct
2658 1780 2818 1836 etiam
2865 1780 3173 1852 discipulis,
3218 1798 3286 1839 ne
3309 1784 3396 1838 cui

1802 1870 2092 1942 loquantur
2116 1870 2258 1942 quod
2289 1870 2405 1942 ipse
2453 1881 2538 1928 est
2583 1869 2832 1929 Christus
2880 1872 3072 1947 (lbid.,
3103 1874 3198 1947 20)
3226 1893 3239 1931 :
3265 1876 3404 1931 alios

1803 1966 1947 2021 enim
1977 1964 2050 2039 (ε)
2081 1965 2311 2035 Spiritus
2359 1966 2439 2021 sui
2493 1981 2617 2023 esse
2664 1976 2831 2023 testes
2876 1969 3179 2039 oportebat,
3228 1972 3403 2041 legem

1800 2057 2057 2113 videlicet
2084 2066 2139 2114 et
2169 2060 2484 2128 prophetas.
2518 2058 2786 2116 Caeterum
2830 2060 3246 2117 resurrectionis
3296 2070 3411 2118 tes-

1803 2151 2084 2205 timonium
2118 2152 2396 2221 proprium
2427 2160 2512 2207 est
2538 2153 2929 2222 apostolorum.
2967 2153 3033 2208 Et
3072 2155 3195 2225 quia
3227 2152 3407 2211 scien-

1798 2245 1933 2299 tium
1963 2245 2019 2300 in
2048 2244 2255 2316 Spiritu
2299 2244 2573 2300 Christum
2620 2246 2898 2302 beatitudo
2944 2256 3243 2303 monstrata
3287 2258 3405 2315 est;

1800 2350 2012 2410 negatae
2045 2354 2259 2394 rursum
2288 2339 2605 2395 humilitatis
2633 2348 2689 2396 et
2732 2341 3000 2413 passionis
3040 2341 3158 2412 ejus
3189 2342 3408 2413 pericu-

1802 2434 1911 2490 lum
1944 2435 2272 2491 declaratur.

1870 2526 1925 2583 9.
1956 2527 2189 2583 Christus
2218 2526 2358 2581 Deus
2406 2537 2451 2582 et
2478 2527 2628 2580 homo
2655 2525 2998 2597 conﬁtendus.
3027 2555 3099 2567 —
3120 2526 3253 2581 Nam
3279 2542 3404 2583 cum

1798 2618 2095 2689 prmdieare
2142 2617 2422 2688 coepisset,
2463 2626 2719 2687 Oportere
2762 2632 2822 2673 se
2862 2616 3253 2690 Jerosolymam
3299 2619 3404 2688 ire,

1798 2712 1907 2784 pati
1938 2710 2134 2766 deinde
2160 2711 2314 2781 plura
2334 2725 2365 2764 a
2393 2709 2697 2766 senioribus
2718 2708 2917 2782 plebis,
2950 2717 3007 2767 et
3031 2724 3060 2764 a
3104 2710 3316 2767 Scribis
3346 2718 3404 2767 et

1798 2805 2132 2876 principibus
2154 2803 2522 2872 sacerdotum,
2555 2805 2729 2861 occidi
2758 2805 2945 2873 etiam,
2986 2816 3041 2861 et
3088 2815 3212 2877 post
3253 2806 3398 2863 diem

1797 2900 2013 2956 tertium
2084 2913 2368 2968 resurgere
2425 2897 2613 2971 (Ibid.,
2649 2897 3217 2971 21),appreltendens
3271 2915 3399 2956 eum

1796 2993 2008 3061 Petrus,
2038 2994 2110 3047 ait
2143 3010 2156 3046 :
2189 2990 2330 3046 Absit
2359 3010 2390 3046 a
2418 3001 2485 3060 te,
2515 2990 2759 3061 Domine,
2792 2992 2870 3065 (ά)
2903 3010 3006 3048 non
3033 2994 3126 3048 erit
3154 2993 3310 3047 istud.
3332 2991 3399 3047 At

1795 3088 1905 3160 ipse
1929 3103 2221 3153 conversus,
2259 3085 2420 3141 Petro
2447 3087 2623 3141 dixit:
2659 3085 2804 3142 Vade
2834 3097 2971 3142 retro
3010 3098 3125 3159 post
3164 3105 3265 3154 me,
3312 3104 3398 3143 sa-

156 3177 211 3230 7.
265 3176 623 3250 Confessionis
668 3195 879 3234 merces.
902 3210 973 3220 —
1001 3179 1066 3234 Et
1112 3179 1331 3251 dignum
1362 3180 1518 3250 plane
1554 3194 1685 3235 conc
1716 3192 1762 3256 ρ
1794 3190 1939 3248 tuna,
1967 3180 2269 3236 scandalum
2297 3181 2423 3234 mihi
2449 3197 2500 3235 es
2526 3180 2716 3251 (lbid.,
2738 3179 2833 3249 22,
2880 3181 2993 3253 25).
3019 3182 3092 3238 Ut
3140 3183 3232 3238 Dei
3277 3198 3396 3237 mu-

89 3268 254 3327 fessio
304 3272 457 3328 Petri
503 3271 785 3344 praemium
832 3282 1125 3328 consecuta
1163 3281 1265 3341 est,
1315 3274 1441 3347 quia
1486 3273 1583 3331 Dei
1626 3275 1691 3329 li-

89 3430 302 3488 rnrsum
332 3417 519 3488 legere
547 3432 651 3474 εει.
682 3417 836 3474 Unde
859 3417 1118 3475 Erasmus
1149 3417 1239 3473 hic
1257 3417 1322 3472 ad
1346 3417 1640 3483 marginem
1669 3436 1683 3473 :

90 3486 143 3541 Ν
148 3489 280 3543 cscio
304 3507 374 3543 an
397 3486 683 3544 theotetam
704 3488 911 3555 dixerit,
940 3489 1364 3556 quemadmodum
1390 3487 1514 3543 alibi
1534 3488 1684 3555 dixit,

87 3560 372 3624 rhrumam,
405 3561 768 3631 diapsalmam,
814 3571 861 3617 et
886 3578 1147 3616 mannam.

161 3632 239 3703 (α)
268 3631 362 3688 Sic
403 3630 536 3687 mss.
580 3648 641 3689 ea
672 3634 789 3687 scil.
822 3635 1031 3688 ratione
1052 3649 1156 3702 qua
1189 3631 1282 3687 lib.
1319 3646 1370 3685 νι
1409 3631 1478 3687 de
1504 3630 1683 3696 Trin.,

92 3717 146 3777 ιι.
181 3702 250 3759 52
281 3722 293 3756 :
330 3703 491 3777 Ultra
518 3703 803 3777 humanam
822 3705 1210 3777 intelligentiam
1230 3720 1283 3758 se
1305 3703 1432 3774 ﬁdes
1477 3713 1687 3774 aposto-

90 3774 189 3847 lica
218 3775 503 3847 protendit.
532 3778 601 3831 At
624 3775 830 3841 excusi,
862 3774 1007 3830 ulmi
1025 3775 1329 3829 humanum.
1675 3843 1702 3847 γ’

162 3844 239 3916 (b)
268 3847 323 3902 In
351 3848 596 3916 margine
648 3847 910 3903 hactenus
954 3848 1259 3901 obtinuerat
1310 3848 1425 3902 haec
1477 3846 1689 3903 Erasmi

89 3916 261 3972 nota:
298 3918 549 3991 Ecclesia
593 3919 986 3991 fundamentum
1014 3918 1161 3991 ﬁdes.
1196 3916 1264 3991 ᾼι
1288 3918 1431 3991 nihil
1467 3918 1685 3991 esthic,

88 4003 186 4043 cur
245 4005 351 4045 non
408 3987 698 4057 ipsummct
751 3991 968 4045 Petrum
1015 3987 1130 4042 hoc
1174 3988 1348 4058 elcgio
1386 3989 1453 4043 ab
1483 3987 1689 4042 Hilario

90 4062 529 4116 commendatum
561 4062 905 4123 arbitremur.
953 4060 1160 4115 Erasmi
1212 4074 1450 4115 errorem
1483 4059 1686 4114 Bellar-

93 4132 271 4187 minus
291 4133 431 4187 vidit
460 4148 523 4188 ac
548 4133 691 4202 justc
722 4131 1088 4199 reprehendit,
1122 4131 1300 4200 inique
1342 4140 1519 4183 autem
1555 4144 1685 4202 nin-

92 4205 216 4257 uiuo
246 4220 310 4260 ac
338 4207 477 4259 mala
513 4199 617 4260 fide
646 4204 784 4259 tueri
810 4211 1037 4258 mutatur
1064 4202 1355 4268 Scultetus,
1392 4216 1512 4270 pag.
1541 4199 1649 4256 405
1668 4243 1684 4265 ,

91 4290 250 4341 quem
282 4292 407 4332 cum
435 4292 581 4330 verre
613 4276 796 4330 llilarii
836 4274 1120 4329 sententiae
1148 4274 1197 4328 id
1241 4274 1563 4328 convincere
1592 4272 1687 4326 de-

93 4344 320 4409 buisset.
366 4347 509 4418 quod
562 4347 630 4402 ab
682 4348 798 4417 ipso
844 4363 1053 4401 rursum
1088 4347 1139 4399 in
1193 4360 1299 4418 ps.
1327 4359 1507 4418 essxt.
1540 4360 1594 4398 ιι.
1624 4341 1681 4418 τι,

95 4417 263 4472 audiit
300 4414 537 4479 Petrum,
576 4420 659 4473 cui
704 4414 937 4482 superius
964 4419 1129 4471 claves
1159 4417 1302 4486 regni
1328 4415 1571 4470 ctelorum
1598 4414 1688 4486 de-

1802 3290 1904 3331 nus
1942 3282 2047 3341 est,
2096 3270 2373 3329 Christum
2405 3271 2477 3347 (e)
2532 3274 2584 3330 in
2632 3272 2835 3344 Spiritu
2884 3274 3049 3329 Deum
3081 3290 3270 3341 nosse;
3318 3274 3394 3355 ita

1799 3416 1897 3472 lib.
1932 3416 2109 3491 vr_der
2136 3416 2287 3473 Trin.
2320 3433 2376 3472 ιι.
2406 3415 2515 3474 52ε
2550 3417 2725 3491 Super
2751 3417 2883 3471 hanc
2921 3418 3256 3491 confessionis
3300 3438 3391 3491 pe-

1798 3485 2217 3561 tramAEcclesia
2253 3490 2469 3561 fundata
2505 3499 2599 3561 est,
2631 3485 2731 3543 'ibi
2778 3498 2984 3559 petram
3020 3485 3172 3545 Petri
3197 3485 3383 3560 ﬁdem,

1796 3574 1905 3614 non
1934 3558 2231 3623 Christum,
2253 3558 2561 3630 nuncupari
2590 3558 2794 3616 clarum
2824 3570 2909 3617 est
2935 3575 3000 3616 ex
3034 3562 3190 3617 initio
3232 3558 3384 3619 num.

1796 3632 1867 3703 55
1894 3649 1906 3685 :
1941 3629 2068 3685 Hcce
2100 3632 2248 3700 ﬁdes,
2279 3629 2526 3687 Ecclesia:
2568 3633 2959 3703 fundamentum
2987 3642 3060 3687 est
3082 3649 3101 3687 :
3131 3649 3220 3702 per
3253 3635 3391 3690 hanc

1797 3702 2219 3775 ﬁdemiinfirmes
2261 3704 2504 3758 adversus
2549 3702 2659 3775 eam
2705 3712 2822 3758 sunt
2866 3713 3027 3774 portae
3054 3705 3385 3775 inferorum:

1795 3771 1905 3827 haec
1953 3771 2081 3843 ﬁdes
2111 3775 2255 3843 regni
2282 3776 2525 3829 caelorum
2550 3774 2701 3830 habet
2739 3771 2921 3843 claves,
2970 3784 3076 3830 etc.
3115 3771 3302 3831 'lmmo
3332 3778 3386 3833 in

1792 3845 1983 3900 eodem
2015 3845 2108 3898 illo
2140 3845 2275 3900 libro
2304 3861 2376 3909 vt,
2409 3846 2604 3900 Petrus
2637 3846 2706 3900 ob
2755 3862 2905 3901 suam
2938 3846 3097 3901 ﬁdem
3128 3848 3384 3903 Ecclesia:

1794 3916 2197 3970 Iundamcntum
2223 3930 2346 3969 esse
2372 3917 2723 3985 significatur.
2756 3915 2895 3983 Quid
2923 3917 3067 3971 enim
3099 3919 3243 3973 aliud
3274 3919 3381 3973 sibi

1791 3987 1904 4039 vult
1936 3986 2087 4056 illud,
2119 4001 2175 4040 n.
2209 3986 2276 4040 ’16
2304 4003 2316 4038 :
2351 3984 2479 4040 Post
2505 3988 2813 4040 sacramenti
2842 3991 3207 4056 confessionem
3256 3988 3380 4043 bea~

1790 4067 1877 4110 tus
1922 4055 2105 4112 Simon
2150 4056 2482 4127 a'diﬁcationi
2531 4057 2754 4127 ecclesia:
2796 4055 3083 4125 subjacens,
3128 4068 3176 4112 et
3220 4059 3384 4115 claues

1790 4129 1934 4198 regni
1982 4127 2194 4183 cmlestis
2244 4128 2538 4195 accipiens?
2561 4126 3162 4198 Namqnetedillcationi
3196 4129 3384 4185 Eccle-

1791 4197 1885 4253 sia:
1914 4214 2018 4265 qua
2042 4200 2271 4266 ratione,
2304 4213 2508 4266 quasso,
2540 4198 2641 4253 nisi
2687 4206 2741 4251 ut
2788 4197 3214 4261 fundamentum.
3247 4201 3380 4255 sub-

1790 4270 1967 4339 jacct‘t
1996 4270 2216 4324 Demum
2247 4272 2336 4338 qui
2370 4270 2557 4336 verba,
2594 4286 2648 4323 ιι.
2682 4270 2771 4336 55,
2805 4268 3142 4337 expenderit,
3190 4286 3383 4340 quam-

1792 4343 1914 4396 dam
1949 4342 2001 4395 in
2034 4340 2334 4411 apostolatu
2364 4356 2426 4395 ac
2456 4340 2760 4396 sacerdotio
2790 4341 2933 4393 Petri
2964 4342 3378 4410 prmrogativam

1792 4414 1863 4469 ibi
1890 4410 2259 4467 commendari
2290 4427 2394 4467 non
2423 4411 2765 4468 inﬁciabitur.
2807 4411 2986 4476 Neque
3026 4411 3170 4466 aliud
3201 4421 3376 4479 sonat,

94 4487 259 4557 derat,
290 4508 449 4555 super
488 4507 635 4560 quem
664 4489 946 4543 Ecclesium
975 4481 1322 4560 wdiﬁcatujus
1351 4496 1552 4560 erat....
1585 4484 1688 4560 Pe-
1710 4552 1752 4560 _
1792 4484 1934 4560 quod
1968 4485 2016 4537 iu
2049 4484 2150 4560 hoc
2168 4483 2295 4560 ipso
2352 4485 2771 4560 commentario,
2795 4498 2846 4538 c.
2887 4481 3204 4560 l4,_n._l'l,_
3213 4483 3380 4560 toties

95 4552 510 4633 trum’primum'
551 4562 646 4633 filii
676 4561 772 4615 Dei
811 4552 1174 4627 confessorem,
1206 4556 1472 4633 Ecclesite
1497 4559 1688 4633 funda:
1710 4552 1766 4614 D
1792 4552 2052 4633 primatus
2080 4554 2250 4626 ipsius
2296 4555 2619 4633 celebratur.
2653 4555 2868 4633 Quibus
2887 4554 2937 4608 in
2980 4554 3113 4609 locis
3142 4554 3377 4633 Hilarius

97 4629 350 4700 mentum,
410 4629 626 4688 caelatis
674 4634 818 4702 regni
858 4634 1178 4704 jauitorent;
1232 4646 1299 4685 ex
1330 4629 1431 4683 hoc
1462 4629 1580 4683 loco
1628 4629 1681 4684 id

100 4709 304 4758 tantum
353 4716 636 4770 memorat,
668 4721 773 4772 quo
804 4703 997 4774 primus
1041 4703 1164 4773 ﬁdei
1192 4705 1452 4772 confessor
1481 4715 1685 4774 nuncu-

96 4784 272 4841 patur,
333 4790 396 4831 ac
442 4785 633 4830 caste-ra
688 4770 1051 4831 dissimulans
1090 4770 1307 4845 pravam
1362 4770 1682 4845 sententiam

96 4844 382 4912 praefracte
411 4854 607 4902 lui-tur.
636 4847 855 4902 FruSlra
887 4857 1066 4901 autem
1090 4842 1390 4900 contendit
1436 4842 1683 4907 turpissi-

92 4930 234 4969 mam
287 4919 727 4974 contradictionis
765 4920 1028 4973 maculam
1074 4916 1430 4971 celeberrimo
1477 4914 1684 4968 doctori

94 4986 552 5058 adspergcndam,
599 4991 643 5043 si
674 4989 889 5044 Petrum
924 4988 1167 5043 Ecclesiae
1200 4990 1589 5058 fundamentum
1617 4983 1686 5039 ab

90 5072 175 5131 eo
202 5055 506 5131 nuncupari
551 5060 865 5124 dixerimus,
897 5076 1019 5114 cum
1045 5059 1137 5131 lib.
1189 5055 1242 5131 vt
1271 5057 1339 5111 de
1368 5055 1542 5123 Trin.,
1597 5058 1680 5110 in-

89 5129 228 5194 quit,
287 5128 481 5187 eadctu
527 5132 687 5186 verba
736 5132 801 5185 ad
831 5131 977 5186 Petri
1006 5128 1405 5185 confessionem
1457 5130 1674 5182 referat.

89 5197 273 5254 Primo
318 5203 466 5257 enim
521 5217 716 5257 vanum
763 5211 845 5255 est
886 5202 1013 5255 illud
1044 5201 1108 5265 si,
1142 5200 1231 5254 ubi
1260 5210 1494 5254 mentem
1526 5213 1679 5252 suam

86 5272 289 5339 apertis
321 5274 508 5329 verbis
538 5273 853 5328 declaravit.
886 5272 1086 5327 Deinde

87 5344 170 5394 nis
198 5346 436 5412 macula,
467 5345 513 5399 si
544 5345 801 5413 elogium,
829 5343 972 5411 quod
1000 5345 1070 5397 ob
1100 5340 1261 5397 ﬁdem
1305 5352 1359 5394 et
1390 5340 1684 5413 confessio-

88 5426 210 5466 nem
242 5410 429 5470 suam’
461 5410 657 5469 meruii
704 5410 913 5477 Petrus,
957 5413 1117 5467 modo
1163 5412 1231 5468 ad
1278 5413 1493 5482 ipsum,
1521 5410 1683 5465 modo

87 5482 153 5536 ad
211 5483 381 5540 ﬁdem
434 5485 575 5540 illius
620 5483 904 5538 referatur.
944 5483 1111 5538 Paulo
1137 5481 1685 5539 etiameonﬁdentius

1792 4627 1961 4683 Leoni
2008 4636 2194 4697 aperte
2243 4627 2483 4694 pra-lusit
2525 4626 2739 4680 docenti
2784 4626 2942 4695 epist.
2978 4640 3035 4691 v,
3073 4640 3122 4680 c.
3156 4626 3212 4690 2.
3244 4627 3377 4682 edit.

1792 4695 2103 4769 Qucsnelis
2128 4695 2379 4752 Dominus
2424 4699 2720 4769 apostolicw
2777 4697 3043 4767 dignitatis
3089 4697 3378 4751 beatissimo

1793 4769 2023 4843 apostolo
2074 4768 2229 4824 Petro
2279 4768 2581 4843 primatum,
2630 4769 2751 4837 ﬁdei
2778 4784 2900 4843 sua:
2948 4769 3377 4843 remuneratione,

1795 4839 2066 4906 commisit,
2098 4841 2435 4895 uniuersalem
2457 4839 2738 4894 Ecclesium
2770 4840 2823 4894 in
2855 4839 3173 4903 fundamenti
3216 4839 3381 4910 ipsius

1794 4914 2050 4967 soliditate
2094 4912 2426 4966 constituens.
2469 4910 2597 4966 Haec
2644 4913 2782 4967 dicta
2823 4911 2931 4966 sint
2976 4925 3045 4965 ex
3092 4910 3377 4965 occasione

1796 4984 2040 5047 Sculteti,
2071 4982 2224 5052 cujus
2252 4982 2396 5036 falsa:
2426 4982 2794 5053 intelligentia:
2847 4983 2991 5053 ultro
3010 4980 3374 5053 pepercisse-

1785 5072 1926 5121 mus,
1959 5054 2058 5109 nisi
2090 5049 2373 5108 manifeste
2399 5049 2720 5111 accessisset
2746 5063 2797 5109 et
2828 5052 2968 5108 mala
2999 5049 3156 5105 ﬁdes.

1846 5125 2041 5210 '(c).ld
2080 5134 2194 5210 est;
2239 5123 2546 5210 divinitatis
2596 5142 2611 5180 :
2665 5141 2770 5210 qua
2838 5121 3190 5210 intelligentia
3246 5136 3373 5177 mox

1784 5192 2050 5252 scien'tium
2074 5197 2128 5249 in
2154 5193 2357 5268 Spiritu
2397 5192 2697 5261 Christum,
2719 5194 2771 5249 id
2800 5203 2905 5259 est,
2935 5192 3221 5248 scientium
3247 5206 3371 5249 eum

1131 5285 1252 5342 quae
1300 5268 1683 5342 contradictio-
1784 5266 2209 5342 ess_e_iu_r_iatura
2233 5266 2433 5321 divina.

1858 5337 1941 5412 (ά)
1970 5337 2339 5412 Μὶςιιιιθιίηιιεί
2371 5337 2699 5412 codex,_nou
2722 5335 2835 5412 _erit
2872 5334 2963 5388 tibi
2997 5331 3138 5387 istud
3177 5349 3199 5387 :
3240 5346 3373 5412 con-

1785 5403 2144 5465 sentientibus
2186 5411 2375 5479 graecis
2399 5423 2461 5463 ac
2492 5408 2673 5479 latinis
2718 5405 3010 5479 scripturae
3037 5403 3368 5479 exemplari-

1787 5481 1907 5536 bus.
1940 5479 2061 5534 Lib.
2114 5495 2167 5533 vt
2190 5473 2285 5535 'de
2329 5480 2479 5534 Trin.
2510 5494 2565 5532 n.
2607 5475 2697 5539 54,
2747 5473 2926 5545 legere
2950 5484 3056 5541 est,
3108 5473 3375 5546 Propitius

94 5554 287 5609 asserit
311 5554 602 5613 Scultetus
627 5553 884 5607 Hilarium
921 5554 1003 5608 his
1028 5556 1206 5609 verbis
1233 5572 1246 5608 :
1276 5552 1344 5606 Et
1373 5568 1526 5618 super
1552 5550 1685 5605 hanc
1786 5551 1898 5617 tibi,
1924 5549 2161 5614 Domine,
2190 5568 2291 5606 non
2319 5552 2411 5605 erit
2445 5549 2604 5618 istud.

101 5636 320 5691 petram,
376 5634 505 5694 etc.,
558 5634 714 5696 petra:
764 5625 981 5696 nomine
1030 5623 1303 5679 Christum
1333 5686 1339 5693 λ
1368 5632 1685 5696 constanter

107 5698 440 5753 intellexisse
469 5692 631 5751 :‘cum
671 5709 738 5749 ne
775 5694 859 5748 vel
906 5698 1069 5749 semel
1101 5709 1224 5751 eum
1269 5692 1430 5750 verba
1478 5694 1564 5747 illa
1610 5692 1686 5748 ita

113 5766 518 5838 interpretatum
569 5781 692 5822 esse
742 5766 1010 5821 ostendat.
1062 5765 1193 5821 Nam
1248 5763 1390 5836 quod
1437 5761 1594 5818 aﬁert
1619 5778 1688 5819 ex

1865 5622 1940 5693 (e)
1965 5621 2069 5675 Sex
2103 5636 2231 5678 mss.
2264 5623 2320 5676 in
2341 5622 2529 5691 spiritu
2556 5617 2647 5693 Dei
2668 5630 2837 5693 nosse,
2886 5616 3065 5693 minus
3082 5617 3371 5693 concinne,

1790 5684 1886 5749 sed
1915 5684 2021 5747 non
2050 5693 2159 5747 alio
2187 5684 2385 5757 sensui
2412 5704 2532 5743 cum
2579 5687 2633 5739 in
2663 5684 2866 5755 Spiritu
2887 5685 2985 5742 Dei
3004 5701 3113 5742 esse
3153 5685 3380 5757 perinde

1793 5764 1999 5821 Hilario
2024 5764 2093 5819 sit
2116 5779 2178 5820 ac
2200 5765 2254 5818 in
2284 5762 2474 5817 deitate
2506 5757 2678 5812 Patris
2706 5770 2833 5811 esse.
