3882 6332
27 345 160 405 1017

848 328 1388 390 COMMENTARlUS
1426 327 1490 385 IN
1530 328 1965 386 MAT'I‘IIIEUM.
2005 325 2163 385 CAP.
2196 324 2387 381 XVIII.

3156 322 3298 380 1018

27 459 211 535 populo
231 455 526 528 ejicientes,
550 461 825 521 tamquam
853 447 909 503 in
938 462 1088 503 mare
1113 453 1351 502 montem
1374 484 1389 509 ,
1412 442 1491 498 sic
1528 441 1595 497 ad
1623 444 1675 505 Α
1700 457 1759 500 se
1783 458 1846 500 ac
1876 442 2107 499 Domino
2156 440 2374 497 oll‘erre.
2404 437 2730 495 Didrachma
2760 437 3022 495 Dominus
3053 439 3295 509 postula-

27 550 466 613 conversationem
498 543 575 619 (a)
612 543 852 615 gentium
883 550 938 597 et
964 540 1147 596 saeculi
1169 537 1592 594 transtulissent;

88 648 140 702 9.
172 643 307 713 Ipsis
337 649 508 694 autem
536 632 946 692 conversantibus
975 634 1028 687 in
1056 630 1277 687 Galilwa
1299 671 1315 699 ,
1348 629 1478 683 dixit
1506 624 1596 681 Je-

27 758 101 797 rus
126 755 146 793 .·
170 735 426 791 Futurum
451 742 526 786 est
554 744 609 784 ut
637 729 776 800 ﬁlius
819 725 1036 779 hominis
1060 725 1297 779 tradatur
1332 725 1386 777 in
1416 735 1605 795 manus

27 831 272 887 hominum
300 823 485 898 (Ibid.,
517 821 633 891 21).
661 818 918 889 Sequitur
947 816 1203 873 mmstitia
1235 813 1596 886 cognitionem

27 921 275 995 passionis
301 936 314 972 :
346 915 579 972 nondum
603 913 749 969 enim
775 920 1172 968 sacramentum
1206 906 1456 964 ineunda:
1477 920 1600 961 cru-

27 1022 112 1085 cis,
144 1010 555 1073 resurrectionis
583 1008 787 1080 virtute
818 1005 990 1061 luerat
1017 1004 1340 1061 revelatum.

88 1112 171 1167 10.
204 1104 503 1162 Didracltmi
528 1101 717 1157 solutio
742 1100 852 1173 lege
876 1098 1077 1154 sancita
1106 1096 1230 1168 quid
1254 1093 1601 1168 signiﬁcet—-

27 1204 84 1260 Et
107 1218 219 1257 cum
247 1200 455 1255 uenisset
480 1193 633 1249 Jesus
657 1191 1047 1265 Capharnaum,
1075 1194 1389 1244 accesserunt
1415 1186 1504 1257 qui
1526 1182 1601 1257 (b)

27 1295 310 1351 didrachma
336 1288 601 1363 exigebant
632 1287 700 1340 ad
734 1285 947 1340 Petrum
986 1282 1176 1355 (Ibid.,
1195 1280 1314 1350 23).
1346 1278 1604 1334 Dominus

27 1386 320 1445 Iidracltma
341 1384 551 1438 solvere
581 1377 883 1448 postulatur
917 1397 930 1430 :
963 1377 1065 1431 hoc
1094 1374 1237 1431 enim
1266 1371 1416 1428 omni
1442 1369 1603 1425 Israel

27 1483 112 1537 lex
137 1493 231 1550 pro
260 1474 632 1544 redemptione
663 1472 856 1527 animae
879 1479 932 1526 et
970 1470 1215 1541 corporis
1256 1465 1607 1521 constituerat

27 1576 78 1630 in
97 1570 388 1629 ministerio
410 1565 494 1641 (ο)
519 1564 703 1635 templi
724 1563 1071 1619 servientium
1099 1558 1293 1631 (Exod.
1321 1572 1457 1624 xxx,
1491 1556 1603 1626 12).

27 1667 132 1723 Sed
159 1666 265 1731 lex,
295 1674 350 1717 ut
378 1664 602 1725 scimus,
637 1658 935 1713 futurorum
966 1655 1157 1711 umbra
1186 1661 1285 1707 est.
1319 1651 1433 1707 Non
1461 1649 1606 1705 enim

27 1761 146 1819 teris
166 1757 403 1830 praetium
437 1755 577 1809 Deus
598 1750 941 1807 desiderabat
973 1766 987 1804 :
1012 1758 1072 1802 ut
1105 1763 1198 1818 per
1223 1756 1328 1801 tam
1358 1743 1609 1814 exiguam

1700 544 1807 604 tur,
1835 535 1889 591 id
1910 544 2013 605 est,
2061 534 2314 590 denarios
2366 532 2537 601 duos;
2580 546 2679 587 cur
2731 540 2988 587 staterem
3043 531 3296 604 (quatuor

1698 627 1949 684 denarios
2007 628 2500 698 complectentem)
2555 627 2749 681 Petrus
2817 624 3019 681 offert?
3094 625 3297 682 Deinde

1699 736 1821 776 cum
1849 723 2082 792 primum
2128 720 2331 792 piscem
2384 717 2700 773 admonetur
2748 714 3055 787 inquirere,
3100 732 3295 773 ascen-

1701 814 1811 870 suri
1837 815 2193 870 ostenduntur
2222 822 2277 868 et
2325 811 2529 884 plures.
2576 808 2844 880 Numquid
2890 810 3054 865 etiam
3104 816 3295 864 natura

1701 905 1926 976 piscium
1952 904 2141 973 ferret,
2171 914 2229 960 ut
2258 905 2310 959 in
2347 903 2530 959 littore
2557 901 2780 957 fortuito
2821 912 3094 973 repertum
3124 910 3296 958 state-

1702 1016 1818 1057 rem
1860 1015 1955 1055 ore
1984 1000 2161 1071 potius
2191 997 2516 1065 contineret,
2549 1010 2656 1052 non
2686 995 2826 1051 intra
2854 995 3064 1052 viscera
3090 995 3291 1052 conde-

1705 1095 1827 1151 ret?
1873 1094 2068 1150 Subest
2110 1093 2269 1164 igitur
2294 1090 2596 1149 efﬁciendis
2639 1089 2994 1161 praesentibus
3020 1089 3181 1145 rebus
3211 1104 3299 1145 ra-

1708 1189 1780 1244 tio
1812 1189 2055 1244 interior.
2314 1186 2321 1187 ⁷

1779 1284 1867 1339 15.
1911 1281 2216 1336 Destinatus
2253 1280 2397 1337 enim
2432 1278 2499 1333 ad
2530 1275 2965 1349 prredicationem
2995 1276 3210 1344 Petrus,
3243 1284 3301 1332 et

1707 1377 1943 1447 piscator
1983 1373 2261 1429 hominum
2294 1372 2486 1440 lactus,
2532 1371 2793 1427 doctrinae
2821 1369 3039 1426 hamum
3072 1369 3216 1424 misit
3247 1369 3301 1424 in

1707 1470 1931 1535 saeculo,
1980 1483 2087 1539 quo
2138 1466 2368 1537 appositi
2417 1465 2521 1520 sibi
2574 1463 2860 1521 dulcedine
2908 1478 3187 1536 vagosex
3235 1477 3303 1519 eo

1712 1560 2145 1630 ﬂuctuantesque
2167 1556 2526 1629 protraheret.
2565 1558 2697 1613 llnic
2720 1556 2951 1612 adhaesit
2992 1557 3180 1612 beatus
3214 1554 3308 1610 ille

1712 1655 1918 1725 primus
1940 1662 2140 1723 martyr
2169 1650 2245 1725 (g)
2269 1649 2450 1713 hamo,
2479 1650 2570 1720 qui
2603 1665 2697 1706 ore
2718 1664 2819 1706 suo
2840 1648 3305 1721 quadrigeminum

1714 1747 1994 1804 denarium
2026 1744 2337 1800 continebat
2368 1762 2379 1797 :
2427 1743 2506 1816 (Ii)
2536 1743 2587 1797 id
2614 1752 2719 1811 est,
2760 1743 3057 1814 evangelici
3097 1741 3309 1797 numeri

27 1846 653 1924 impensamcriminibus
675 1844 923 1915 corporis
950 1850 1110 1914 atque
1139 1840 1333 1895 anima:
1355 1836 1602 1908 quedam
1636 1845 1684 1905 Β
1714 1840 1939 1903 unitate,
1974 1837 2068 1893 Dei
2092 1836 2318 1907 gloriam
2361 1836 2758 1904 Dominumque
2785 1832 3058 1891 Christum
3103 1834 3155 1888 in
3192 1847 3315 1902 pas-

27 1944 306 2015 ~edemptio
329 1940 747 1998 concederetur.
779 1937 851 1995 Ut
895 1938 1058 2008 igitur
1098 1934 1387 2003 inscriptos
1426 1945 1526 1985 nos
1553 1939 1606 1984 et

27 2038 279 2095 irol’essos
305 2046 360 2093 et
403 2035 603 2092 Christi
637 2033 854 2087 nomine
900 2031 1249 2097 consignatos
1290 2024 1608 2081 olierremus

28 2147 58 2186 n
87 2130 322 2196 Christo,
355 2126 439 2200 (Δ)
483 2127 573 2199 qui
602 2140 786 2182 verum
819 2124 911 2178 Dei
942 2120 1199 2190 templum
1230 2129 1334 2185 est,
1367 2131 1463 2187 pro
1499 2124 1609 2170 tes-

30 2224 228 2281 imonio
257 2223 354 2279 lilii
395 2223 490 2279 Dei
523 2219 684 2292 hujus
712 2217 1046 2276 didrachmas
1075 2214 1279 2270 oblatio
1315 2210 1609 2268 constituta

27 2331 108 2377 lSl.

74 2415 163 2468 11.
188 2411 431 2468 Christus
455 2410 749 2480 redemptor
772 2405 1131 2479 redemptionis
1162 2402 1324 2474 pretio
1352 2416 1453 2455 non
1477 2406 1607 2471 eget.

27 2536 71 2546 —
96 2507 284 2577 Itaque
307 2505 534 2561 Petrum
570 2514 689 2575 post
729 2500 1147 2559 conventionem
1190 2495 1441 2550 silentem
1469 2534 1485 2559 ,
1517 2491 1610 2547 tali

27 2618 123 2657 :um
164 2616 431 2657 sermone
477 2598 738 2670 prtevenit
773 2617 784 2651 :
820 2597 956 2663 Quid
997 2594 1087 2648 tibi
1127 2591 1347 2657 videtur,
1391 2589 1613 2646 Simon?

27 2696 168 2768 leges
218 2704 374 2750 terra:
443 2709 476 2747 a
527 2692 706 2762 quibus
735 2690 993 2758 accipiunt
1031 2688 1278 2740 tributum
1339 2694 1429 2738 aut
1489 2700 1611 2737 cen-

27 2791 153 2844 um?
181 2800 288 2846 etc.
327 2786 530 2859 (Ibid.,
563 2784 678 2858 54).
711 2781 979 2854 Numquid
1008 2779 1317 2851 ambiguum
1342 2787 1447 2843 est,
1475 2776 1616 2832 ﬁlios

27 2897 179 2954 egum
214 2881 445 2938 tributis
494 2878 757 2934 obnoxios
775 2891 880 2931 non
905 2890 1057 2940 esse;
1085 2873 1350 2943 etquibus
1366 2871 1516 2942 regni
1538 2868 1613 2943 (e)

35 2975 288 3032 mreditas
312 2983 430 3039 est,
455 2986 549 3028 eos
572 2985 693 3026 esse
718 2969 914 3024 liberos
934 2984 962 3022 a
990 2964 1286 3021 servitute?
1315 2962 1420 3019 Sed
1436 2977 1614 3017 sermo

28 3071 221 3126 itcrius
250 3066 518 3123 intendit.
550 3063 930 3120 Postulabatur
972 3058 1286 3115 didracbma
1319 3072 1349 3112 a
1394 3055 1611 3127 populo.

27 3180 102 3219 .ex
132 3163 287 3219 enim
321 3164 378 3216 in
419 3174 538 3214 cam
572 3158 732 3213 iidem
758 3197 775 3224 ,
807 3170 930 3226 quae
960 3170 1057 3225 per
1081 3152 1353 3209 Christum
1385 3161 1503 3205 erat
1532 3165 1618 3205 re-

27 3256 217 3312 elanda
247 3297 264 3322 ,
295 3251 678 3311 concluditur.
714 3248 856 3320 Ergo
889 3248 1005 3302 haec
1035 3246 1222 3300 eadem
1254 3243 1567 3299 didrachma
1595 3281 1609 3305 ,
1644 3231 1689 3294 C

27 3346 410 3403 onsuetudine
441 3343 595 3413 legis,
634 3350 906 3409 tamquam
933 3338 1001 3392 ab
1045 3335 1260 3392 homine
1292 3334 1615 3406 poscebatur

52 3439 301 3497 Christo.
330 3436 448 3493 Sed
495 3445 553 3490 ut
582 3431 936 3502 ostenderet,
969 3430 1069 3501 legi
1102 3444 1160 3484 se
1188 3444 1293 3483 non
1334 3441 1459 3482 esse
1489 3425 1618 3481 sub-

27 3544 196 3592 actum
224 3573 241 3598 ,
286 3542 345 3588 et
374 3541 439 3586 ut
472 3530 525 3583 in
558 3542 616 3583 se
658 3536 896 3597 paterme
921 3522 1195 3594 dignitatis
1218 3521 1443 3592 gloriam
1488 3532 1617 3575 con-

27 3636 317 3691 :staretur,
362 3621 571 3680 terreni
596 3618 859 3691 privilegii
886 3617 1063 3686 posuit
1084 3614 1388 3686 exemplum
1416 3628 1429 3666 :
1454 3625 1618 3668 censu

27 3734 81 3779 ut
122 3721 355 3777 tributis
405 3731 593 3786 regum
620 3714 759 3769 ﬁlios
783 3729 889 3767 nun
917 3710 1083 3784 756
1114 3708 1302 3772 teneri,
1333 3707 1621 3777 potiusque

27 3830 48 3870 3
89 3813 522 3883 redemptorem
571 3806 765 3861 animae
810 3814 1011 3859 nostra:
1058 3800 1413 3873 corporisque
1458 3813 1619 3864 esse,

27 3923 153 3962 nam
204 3908 262 3960 in
315 3899 755 3971 redemptionem
803 3897 884 3951 sui
937 3893 1138 3964 aliquid
1205 3891 1618 3962 postulandum;

27 4001 111 4053 nia
160 3997 319 4068 regis
352 3994 531 4050 ﬁliuni
573 3998 724 4047 extra
753 3985 1191 4044 communionem
1220 3992 1473 4053 oportere
1502 3996 1623 4037 esse

27 4094 344 4163 :liquorum
379 4088 464 4160 (f)
500 4082 813 4141 scandalum
847 4080 1008 4150 igitur
1047 4085 1273 4149 praestat
1307 4085 1367 4130 ut
1406 4077 1619 4140 solvat,

28 4197 255 4241 eterum
288 4182 490 4238 debito
515 4179 651 4249 legis
675 4186 759 4231 est
789 4173 927 4229 liber
956 4171 1144 4247 (Ibid.,
1174 4171 1292 4243 26).

54 4282 150 4336 12.
226 4275 456 4337 Deinde
498 4274 600 4329 sub
652 4288 830 4329 rerum
883 4269 1234 4341 prresentinm
1285 4267 1521 4334 ell'ectu,
1572 4275 1628 4323 et

27 4372 440 4446 gniﬁcantiam
470 4368 623 4437 legis,
650 4374 703 4420 et
722 4364 1082 4420 constantiam
1114 4361 1443 4431 evangelica:
1465 4360 1629 4414 liber-

27 4468 115 4523 itis
144 4463 433 4536 exposuit
482 4477 497 4515 :
546 4468 602 4513 ut
630 4457 883 4528 cognosci
935 4462 1239 4525 proruptum
1287 4462 1452 4519 esset,
1500 4454 1628 4523 quid

28 4559 328 4616 idrachma
391 4550 765 4622 prreliguraret
808 4546 861 4602 in
901 4547 1037 4617 lege.
1085 4546 1165 4601 lre
1195 4545 1629 4615 Petrnsjubetur

1709 1935 1864 1992 sione
1888 1943 2151 1988 contuens
2193 1930 2539 2001 praedicabat.
2586 1928 2890 2000 Stephanus
2921 1928 3082 1999 igitur
3105 1927 3312 1998 primus

1710 2026 1983 2093 ascendit,
2035 2023 2342 2095 Stephanus
2368 2032 2626 2078 statercm
2652 2037 2748 2079 ore
2775 2020 3082 2078 continuit:
3117 2020 3169 2074 in
3201 2032 3309 2089 quo

1710 2120 1871 2175 etiam
1903 2118 2217 2174 didrachma
2246 2131 2401 2172 novae
2440 2114 2859 2186 prccdieationis,
2904 2122 3177 2182 tamquam
3205 2110 3315 2166 duo

1711 2213 1919 2270 denarii
1953 2212 2315 2268 habebantur.
2343 2211 2456 2267 Iloc
2487 2211 2575 2265 lex
2604 2207 3003 2281 prteilgurubat,
3038 2206 3199 2277 hujus
3222 2219 3319 2261 ve-

1713 2306 1888 2361 ritatis
1910 2304 2181 2370 umbram,
2216 2313 2485 2372 tamquam
2505 2303 2751 2371 corporis
2773 2301 3063 2371 imaginem
3084 2299 3320 2354 circum-

1713 2399 1945 2465 ferebat,
1970 2398 2089 2453 baec
2118 2395 2424 2467 redemptio
2450 2396 2646 2450 anima:
2673 2404 2727 2448 ct
2773 2393 3018 2463 corporis
3067 2390 3321 2461 designa-

1715 2494 1874 2548 batur
1903 2510 1916 2545 :
1950 2490 2179 2561 ideoque
2208 2490 2322 2545 ait:
2355 2488 2440 2543 Da
2461 2504 2657 2558 prome
2682 2498 2728 2542 et
2757 2497 2803 2541 te
2844 2501 2863 2540 :
2897 2485 3019 2555 quia
3049 2486 3158 2555 jam
3190 2484 3314 2539 talis
3346 2472 3351 2475 ’

1716 2604 1821 2642 non
1850 2586 2189 2654 didracltma,
2218 2585 2310 2640 sed
2335 2593 2528 2648 Slater,
2558 2591 2612 2637 et
2640 2597 2737 2652 pro
2758 2579 2972 2637 Christo
2991 2588 3110 2636 erat.
3136 2587 3192 2635 et
3216 2591 3316 2650 pro

1711 2680 1913 2737 Christi
1948 2679 2331 2751 przcdicatione
2356 2677 2676 2733 solvendus.

2291 2811 2521 2869 CAPUT
2562 2809 2740 2867 XVIiI.

1716 2941 1797 2998 De
1821 2941 2105 3015 infantibus
2125 2939 2372 3005 inhibitis,
2420 2948 2468 2992 et
2517 2938 2581 2993 de
2620 2936 2907 2990 humilitate
2948 2949 3120 2989 eorum
3166 2950 3319 2988 ussu-

1790 3037 1995 3103 menda,
2027 3036 2091 3090 de
2115 3051 2272 3089 manu
2306 3042 2352 3088 et
2401 3032 2526 3102 pede
2574 3042 2621 3085 et
2669 3029 2820 3085 oculo
2865 3028 3112 3094 eruenda,
3142 3029 3205 3082 de
3229 3042 3320 3082 oue

1792 3132 2010 3204 perdita,
2060 3130 2123 3184 de
2163 3127 2502 3198 corripiendis
2548 3124 2796 3197 fratribus
2830 3135 3021 3179 secreto
3074 3124 3317 3193 primum,

1792 3234 1899 3278 tum
1943 3223 2142 3276 duobus
2195 3219 2423 3289 testibus,
2468 3227 2723 3290 postremo
2749 3213 2981 3269 Ecclesia
3041 3224 3309 3281 prwsenle.

1792 3315 2008 3387 Semper
2037 3311 2418 3386 ignoscendum.
2447 3311 2547 3379 Qui
2574 3324 2891 3374 conservum,
2923 3307 3135 3361 remisso
3164 3304 3262 3359 sibi
3285 3322 3317 3360 a

1793 3405 2005 3460 domino
2025 3403 2214 3470 debito,
2233 3401 2479 3471 suffocat.

1792 3525 1845 3579 1.
1892 3521 2052 3576 Pueri
2073 3520 2353 3575 credentes.
2398 3518 2689 3573 Puerorum
2734 3516 2953 3571 indoles.
3008 3512 3072 3569 In
3098 3513 3193 3568 illa
3239 3514 3323 3567 die

1719 3623 2040 3673 accesserunt
2078 3612 2320 3683 discipuli
2365 3610 2434 3665 ad
2474 3609 2676 3677 Jesum,
2722 3609 2985 3663 dicentes:
3012 3606 3141 3674 Quis
3172 3615 3321 3676 putas

1720 3715 1890 3786 major
1911 3710 2052 3765 estin
2072 3724 2229 3782 regno
2249 3705 2527 3765 caelorum?
2555 3714 2609 3761 et
2635 3704 2839 3774 reliqua
2868 3701 3110 3776 (Muttlt.,
3164 3715 3319 3766 xvut,

1723 3807 1801 3878 1).
1831 3804 1947 3860 Non
1984 3804 2084 3859 nisi
2132 3815 2380 3858 reversos
2425 3802 2476 3855 in
2506 3808 2750 3854 naturam
2777 3810 3063 3867 puerorum
3096 3791 3322 3848 introire

1723 3914 1945 3968 regnum
1972 3896 2235 3952 ctelorum
2281 3893 2440 3965 757
2482 3893 2738 3946 Dominus
2765 3890 2944 3955 docet,
3003 3890 3054 3942 id
3103 3894 3210 3951 est,
3265 3884 3318 3940 in

1724 3990 2124 4060 simplicitatem
2179 3988 2441 4057 puerilem
2498 3985 2624 4038 vitia
2680 3996 2967 4051 corporum
3016 3986 3323 4033 nostrorum

1729 4082 2030 4151 animmque
2060 4076 2385 4134 revocanda.
2414 4077 2620 4130 Pueros
2647 4083 2852 4138 autem,
2897 4070 3181 4126 credentes
3211 4083 3329 4123 om-

1728 4189 1825 4229 nes
1853 4188 1947 4242 per
1972 4169 2260 4226 audienti-.1:
2292 4167 2452 4222 Iidem
2478 4154 2824 4235 nuncupavit.
2862 4163 2922 4223 lli
2946 4161 3088 4216 enim
3116 4169 3322 4231 patrem

1728 4274 2045 4337 sequuntur,
2099 4270 2328 4318 matrem
2377 4269 2582 4324 amant,
2631 4259 2875 4328 proximo
2934 4254 3074 4309 velle
3125 4253 3323 4307 malum

1730 4359 1998 4425 nesciunt,
2028 4372 2214 4412 curam
2261 4370 2424 4425 opum
2473 4353 2748 4423 negligunt
2780 4368 2794 4404 :
2830 4365 2934 4403 non
2967 4346 3323 4409 insolescnm,

1730 4468 1837 4507 non
1866 4450 2120 4514 oderunt,
2148 4463 2255 4503 non
2282 4446 2639 4511 mentiuntur,
2663 4443 2822 4501 dietis
2840 4440 3089 4504 credunt,
3108 4448 3162 4494 et
3185 4436 3328 4510 quod

1731 4543 1954 4600 audiunt
1983 4557 2174 4597 verum
2203 4539 2422 4595 habent.
2455 4539 2521 4593 Et
2563 4537 2679 4591 haec
2705 4535 2943 4590 ninnium
2984 4530 3328 4588 aﬂectimium

27 4654 43 4709 l
71 4666 265 4715 mare,
296 4648 642 4713 hamumque
670 4641 882 4696 mittere
903 4680 918 4705 ,
953 4648 1007 4693 et
1034 4637 1194 4707 primi
1242 4637 1404 4706 piscis
1442 4651 1631 4691 ascen-
1659 4617 1709 4676 ί)
1734 4645 2007 4704 assumpta
2045 4636 2099 4689 in
2133 4633 2289 4688 nobis
2315 4643 2368 4687 et
2394 4606 2730 4687 consuetudo
2766 4635 2820 4682 et
2861 4627 3133 4689 voluntas,
3162 4623 3331 4679 ccelo-

27 4746 170 4804 :ntis
204 4759 277 4798 os
312 4737 627 4808 requirere,
661 4743 1043 4806 repertumque
1076 4731 1130 4788 in
1161 4745 1227 4786 eo
1249 4739 1504 4786 staterem
1531 4745 1630 4802 pro

42 4936 134 5007 (α,
425 4923 495 4978 ad
541 4920 921 5007 conversionem
969 4917 1192 4990 gentium
1233 4935 1252 5001 ς
1291 4915 1637 5007 corriguntur

27 4989 232 5065 :‘rnss.
271 5000 386 5053 llic
413 5010 580 5060 porro
606 4992 746 5065 male
768 5001 924 5065 sonat
943 4989 1379 5065 conversationis
1390 4989 1637 5065 voeabu-

27 5059 135 5135 ini."
150 5059 300 5129 V’ult
324 5059 546 5139 quippe
566 5064 801 5139 Hilarius
828 5062 1196 5139 inﬁdelitatem
1219 5059 1403 5115 su'culi
1429 5066 1484 5112 et
1506 5073 1638 5129 geu-

33 5158 155 5205 ium
196 5134 508 5199 dominari
536 5179 551 5202 ,
584 5134 890 5204 Judzeisque
933 5141 991 5187 ut
1019 5134 1088 5205 ab
1112 5147 1300 5205 eormu
1344 5141 1635 5205 consuetu-

27 5200 198 5278 nese
228 5200 617 5283 segregarem
647 5200 828 5260 datum
859 5219 1002 5271 esse,
1037 5202 1125 5258 ubi
1169 5203 1355 5257 datum
1385 5210 1471 5256 est
1496 5200 1637 5256 unde

63 5292 256 5349 ﬁdem
290 5276 364 5338 εἷο
403 5276 788 5349 transferrent.

39 5342 144 5436 (ἶ)
162 5342 280 5415 ‘Er.
297 5398 313 5420 ,
348 5352 516 5436 Lips.
537 5345 850 5436 etPar.Jl.riJc
874 5353 929 5399 et
951 5344 1223 5436 deiniieps,
1252 5342 1632 5436 didrachmuml:

50 5413 246 5492 iisiiss.
300 5413 675 5482 constanter,
737 5417 1026 5486 didragma.
1087 5415 1275 5471 Graece
1336 5415 1388 5467 in
1445 5413 1637 5484 plurali

27 5507 424 5575 μδίδραχμα·
461 5563 503 5575 ...
932 5566 973 5575 _.
1004 5557 1138 5575 ...Α
1191 5567 1204 5575 .
1274 5574 1277 5575 ν
1329 5558 1367 5575 ,,

41 5556 709 5654 (Effugis-.399";
733 5556 892 5654 ἓξὲξ
924 5556 1640 5654 ἵξιῩῘΡξ¹;.ἷῗξέ³νέῗηὲ⁸Ιέζ⁵Ξζξ·

27 5627 132 5710 t‘rirl.
169 5627 345 5701 [Lex
410 5630 892 5710 autem_adlusus_
942 5628 1271 5710 tabernaculi
1322 5627 1634 5710 testimonii,

28 5695 452 5779 insus
495 5700 845 5779 servientium
872 5695 1322 5779 hanepeeuniam
1368 5698 1638 5779 exigebat.

45 5766 233 5867 lit)“;
246 5787 397 5841 best
429 5777 516 5848 qui
547 5787 717 5829 verum
746 5768 843 5823 Dei
863 5766 1109 5839 templum
1138 5781 1211 5827 est
1242 5787 1272 5827 a
1301 5784 1434 5826 mss.
1485 5766 1644 5824 Coll).

54 5868 142 5922 Ca
152 5872 255 5921 ru.

1732 4748 1849 4787 rum
1878 4730 1981 4786 iter
2004 4729 2251 4803 pervium
2281 4736 2520 4800 praestat.
2550 4722 2945 4780 llevertendmn
2968 4720 3129 4792 igitur
3156 4726 3241 4774 est
3264 4715 3333 4770 ad

1810 4916 1884 4991 (e)
1918 4916 2053 4991 Editi
2094 4912 2474 4991 esceptofar.
2505 4925 2626 4966 cum
2657 4923 2750 4964 sex
2785 4922 2929 4991 m~s_._
2947 4904 3091 4976 regni
3115 4903 3335 4991 ueritas:

1740 4972 1917 5045 minus
1943 4988 2104 5043 bene.
2136 4972 2268 5041 Nam
2313 4985 2435 5038 liliis
2465 4996 2650 5052 regum
2683 4989 2764 5036 est
2806 4972 3020 5049 quidem
3047 4974 3198 5045 regni
3226 4972 3336 5027 ha:-

1741 5061 1961 5124 reditas,
1985 5059 2080 5114 sed
2106 5057 2339 5113 nondum
2364 5055 2585 5111 veritas.

1816 5152 1892 5227 (Ῑ)
1934 5153 2094 5215 Editi,
2135 5148 2388 5227 scandala
2436 5163 2455 5201 :
2498 5145 2852 5227 renitentibus
2901 5138 3154 5227 omnibus
3199 5150 3331 5227 mss

1740 5205 2294 5282 sniiéré‘ééiimnum
2326 5234 2426 5289 pro
2455 5218 2641 5272 tollere
2662 5215 2883 5277 dicitur,
2911 5209 3033 5280 quia
3076 5205 3337 5263 solvendo

1743 5297 2054 5352 didracltma
2089 5292 2440 5346 auferendtmt
2465 5299 2565 5346 rst.

1812 5390 1889 5463 (g)
1929 5388 1986 5443 In
2022 5384 2272 5463 vulgatis,
2303 5401 2333 5437 ιι
2355 5381 2601 5438 Domino.
2634 5377 2801 5446 Magis
2824 5375 2999 5445 placet
3026 5385 3148 5427 cum
3172 5369 3340 5441 pluri—

1739 5458 1855 5518 bus
1874 5474 2008 5516 mss.
2038 5458 2213 5511 homo.

1817 5551 1892 5628 (Ιι)
1920 5550 2081 5606 Solus
2116 5564 2220 5628 ius:
2253 5547 2406 5602 Vind.
2433 5546 2504 5628 _id
2534 5553 2631 5628 est,
2657 5530 3339 5628 Evangelia“.nmmos-alii,

1743 5628 1799 5683 id
1818 5606 1912 5689 Esi,
1945 5621 2221 5691 euangelici
2248 5622 2443 5674 numeri
2467 5617 2731 5691 unitatem.
2760 5606 3125 5691 Hilarii-verba
3155 5607 3342 5691 exitlo-

1728 5707 1840 5753 ~uat
1870 5683 2202 5764 Theophilus
2244 5690 2495 5764 Antioch:
2539 5684 2821 5764 declarans
2866 5685 3067 5764 statere
3111 5683 3343 5746 quatuor

1750 5748 2040 5824 drachmas
2066 5764 2353 5828 contineri,
2384 5758 2568 5831 quibus
2595 5748 2929 5823 intelligenda
2965 5757 3081 5804 sunt
3123 5757 3344 5818 quatuor

1755 5837 2053 5908 Evangelia.
