3882 6332
36 340 141 396 0:25

938 329 1484 389 COMMENTARIUS
1514 328 1577 384 IN
1618 326 2036 386 MAT'I‘IIIEUM
2069 326 2221 384 CAP.
2267 325 2408 382 XIX.

3158 288 3302 387 «eis

25 458 68 510 rd
97 472 230 518 eum,
261 464 305 508 ct
323 453 394 508 ait
423 454 502 509 illi
528 470 546 508 :
574 451 840 526 Magister,
878 453 1002 523 quid
1028 452 1146 507 boni
1176 453 1360 522 faciant
1403 460 1457 504 ut
1504 449 1600 501 lia-
1630 451 1676 506 A
1706 446 1844 502 cisse
1885 462 1944 502 se
1969 463 2000 502 a
2026 446 2308 516 juventute
2353 461 2447 501 sua
2483 465 2495 500 :
2522 445 2585 502 ἐι
2610 445 2805 518 quzcrit
2841 443 2965 519 quid
2997 443 3169 501 adhuc
3197 445 3298 502 sibi

23 566 142 604 team
172 552 327 602 vitam
356 555 597 601 aeternam
629 545 654 600 ?
699 553 754 600 et
803 544 1007 614 reliqua
1053 545 1072 616 (
1100 542 1263 611 lbid.,
1295 541 1432 612 16').
1489 539 1597 609 0p-

24 653 234 696 iortune
264 649 384 710 post
411 653 718 694 sermonem
749 639 1121 708 superiorem;
1153 650 1260 705 quo
1287 643 1340 690 et
1367 633 1598 687 infantes

27 735 215 790 nhibiti
258 744 407 800 sunt,
457 744 511 789 et
540 734 726 789 talium
769 748 990 804 regnum
1027 731 1286 786 caelorum
1336 742 1457 784 esse
1510 741 1599 780 re-

23 843 260 898 ;ponsum
287 835 390 888 est,
417 825 658 881 succedit
687 824 772 879 hic
803 824 1039 894 juvenis,
1069 821 1351 892 requirens
1376 819 1600 890 quibus-

22 937 125 976 tam
165 919 322 976 bonis
351 919 606 989 Operibus
654 918 813 972 vitam
856 927 1114 972 maternam
1165 913 1366 969 habere
1392 919 1596 982 posset.

21 1014 221 1070 Iuvenis
247 1013 345 1068 iste
384 1023 437 1068 et
466 1011 842 1080 interrogavit,
874 1019 929 1066 et
960 1009 1198 1065 insolens
1240 1007 1361 1072 fuit,
1394 1014 1449 1060 et
1481 1020 1602 1060 rur-

21 1123 118 1161 tum
145 1113 372 1162 maestus
394 1114 479 1160 est
504 1103 677 1160 factus
709 1121 721 1156 :
753 1117 946 1175 resque
993 1117 1204 1167 omnes,
1243 1117 1363 1172 quae
1387 1099 1600 1170 scriptae

21 1209 153 1264 sunt,
185 1208 353 1269 gestae
381 1197 696 1266 effectaeqne
741 1207 885 1251 sunt.
937 1195 1041 1251 Sed
1091 1195 1468 1250 admonuimus
1510 1207 1596 1258 ea,

20 1307 124 1363 qua:
153 1291 254 1345 sub
285 1290 398 1345 Deo
426 1289 743 1359 agebantur,
776 1289 1117 1357 prtesentium
1160 1286 1438 1341 effectibus
1471 1300 1602 1340 con-

19 1383 338 1455 sequentium
375 1380 602 1436 formam
639 1381 940 1451 przetulisse
988 1397 1002 1435 :
1059 1387 1219 1450 atque
1265 1379 1336 1432 ita
1382 1392 1601 1448 semper

19 1481 61 1530 in
114 1474 406 1546 Scripturis
435 1472 749 1529 caelestibus
797 1487 1100 1528 sermonem
1129 1487 1343 1526 omnem
1399 1481 1602 1540 tempe-

19 1579 182 1625 ratum
241 1569 424 1634 fuisse,
481 1577 538 1621 ut
581 1582 686 1622 non
742 1568 920 1622 minus
960 1568 1042 1621 his
1080 1582 1202 1637 qua:
1250 1565 1596 1636 gerebantur,

19 1677 170 1731 quam
207 1677 387 1717 eorum
428 1676 548 1730 qua:
588 1661 822 1730 gerenda
871 1669 1054 1715 essent
1097 1659 1434 1714 similitudini
1469 1673 1602 1712 con-

19 1755 234 1808 veniret.
263 1751 479 1808 Juvenis
524 1751 610 1806 hic
664 1752 845 1822 itaque
877 1750 1103 1806 formam
1132 1750 1341 1806 Judaici
1409 1749 1593 1820 populi

1702 548 1866 595 restet
1895 541 1914 609 (
1938 540 2104 607 Ibid.,
2135 540 2251 609 ΩΟ).
2278 539 2405 604 Sed,
2431 551 2489 596 ut
2526 541 2782 606 diximus,
2811 556 2988 612 neque
3016 539 3300 611 superiora

1700 630 1786 685 illa
1819 643 2004 704 egerat
2024 633 2088 686 ad
2113 649 2233 704 qum
2259 633 2570 711 remittitur,
2589 645 2638 690 et
2665 634 2716 688 in
2741 633 2871 704 ipsis
2897 633 3131 704 glorians
3161 619 3298 688 tam?

1700 739 1859 794 quam
1909 734 2316 782 consummatus
2371 726 2487 782 hinc
2539 726 2794 797 loquitur.
2877 726 2975 782 Cui
3042 726 3297 782 Dominus

1701 817 2012 886 respondet,
2040 818 2320 874 vendenda
2351 820 2529 875 omnia
2554 819 2693 875 bona
2723 834 2822 876 sua
2868 834 3012 885 esse,
3035 829 3089 875 et
3117 818 3295 874 danda

1704 908 2031 976 pauperibus
2061 927 2072 962 :
2105 919 2161 966 et
2191 920 2316 965 tunc
2337 925 2460 966 eum
2511 909 2749 966 futurum
2803 926 2927 967 esse
2972 910 3296 982 perfectum,

1704 999 2122 1074 habiturnmqne
2151 1005 2464 1060 thesaurum
2500 1005 2555 1060 in
2603 1007 2757 1062 caelis
2781 1004 2983 1078 (Ibid.,
3010 1005 3071 1060 2|
3112 1005 3152 1078 ).
3188 1005 3301 1061 Re-

1707 1096 2007 1166 spondetur
2032 1097 2156 1154 huic
2183 1099 2399 1169 quidem
2425 1099 2636 1169 juveni,
2667 1098 3035 1170 pulcherrimo
3078 1099 3172 1152 illo
3238 1113 3304 1154 ac

1703 1191 1943 1246 maxime
1972 1191 2088 1245 utili
2118 1191 2456 1262 relinquendi
2486 1193 2668 1247 saeculi
2702 1200 2994 1264 praecepto,
3041 1206 3148 1262 quo
3186 1190 3302 1261 jac-

1705 1290 1821 1338 tura
1851 1292 2079 1339 terrenze
2101 1284 2416 1340 substantia:
2436 1285 2694 1341 caelorum
2717 1299 2849 1354 opes
2869 1283 3112 1341 emenda:
3141 1291 3300 1339 sunt:

1703 1377 1798 1432 sed
1831 1377 1883 1432 in
1913 1393 1982 1434 eo
2009 1377 2150 1448 quod
2175 1377 2311 1432 bona
2343 1392 2438 1432 sua
2472 1378 2704 1434 vendere
2735 1387 2788 1433 et
2818 1377 2948 1433 dare
2979 1377 3304 1447 pauperibus

1700 1470 1944 1541 jubetur,
1972 1471 2351 1527 confidentiam
2378 1473 2510 1543 legis
2536 1473 2847 1544 relinquere
2874 1472 3214 1553 admonetur,
3248 1479 3304 1528 et

1704 1581 1822 1622 eam
1852 1566 1990 1622 felici
2013 1567 2340 1622 commercio
2389 1574 2599 1623 mutare
2632 1586 2644 1620 :
2674 1577 2728 1622 et
2755 1578 2811 1621 ut
2836 1567 3140 1622 meminerit
3168 1581 3293 1620 utn-

1706 1657 1856 1711 bram
1901 1657 1953 1711 in
2005 1673 2067 1712 ea
2106 1657 2348 1713 veritatis
2396 1673 2538 1722 esse,
2583 1675 2704 1730 qute
2751 1658 3008 1730 deinceps
3047 1658 3299 1729 pauperi-

1706 1747 1826 1815 bu<,
1854 1749 1906 1803 id
1936 1760 2037 1813 est,
2069 1749 2316 1820 gentibus
2345 1750 2413 1805 sit
2443 1749 2542 1805 sub
2583 1751 2750 1822 ipsius
2796 1750 3041 1806 veritatis
3069 1765 3300 1821 corpore

18 1848 186 1914 habet,
240 1848 292 1901 in
319 1847 437 1918 lege
466 1847 771 1914 insolentis,
824 1855 879 1901 et
924 1846 1058 1900 nihil
1107 1855 1304 1916 praeter
1332 1851 1599 1914 praecepta
1629 1838 2034 1905 Bdividenda;
2101 1843 2215 1896 haec
2267 1850 2445 1896 autem
2511 1841 2780 1898 neminem
2830 1857 2990 1914 posse
3045 1841 3300 1908 efficere,

17 1939 170 2011 Moysi
197 1940 310 2008 spei
343 1937 708 2008 exspectantis
731 1954 759 1990 a
804 1935 1042 1992 Christo.
1095 1937 1194 1992 Cui
1227 1937 1504 2001 Dominus,
1539 1936 1594 1990 in

15 2031 358 2101 responsione
418 2033 555 2100 ipsa,
604 2030 947 2086 severitatem
995 2029 1180 2100 iudicii
1231 2045 1294 2085 ex
1351 2045 1410 2085 se
1437 2028 1601 2085 futuri

15 2131 326 2190 protestatus
349 2131 453 2186 est,
489 2119 906 2194 dicens(lbid.,
934 2124 998 2177 l7
1030 2129 1091 2193 ):
1134 2123 1270 2189 Quid
1324 2139 1404 2177 me
1452 2137 1601 2177 vocas

15 2215 232 2270 bonum?
268 2214 379 2288 (V.
421 2215 512 2270 lib.
565 2231 616 2270 ιχ
648 2216 711 2269 de
744 2213 913 2280 Trin.,
965 2232 1018 2268 η.
1070 2214 1157 2269 16.
1196 2212 1212 2285 )
1241 2214 1289 2268 Is
1315 2213 1481 2277 enim,
1515 2214 1602 2270 cui

15 2324 224 2364 necesse
255 2309 327 2362 sit
354 2307 516 2378 impia
549 2316 604 2363 et
631 2307 809 2376 iniqua
839 2307 1049 2378 punire,
1101 2307 1321 2361 nomine
1348 2306 1603 2362 bonitatis

13 2401 277 2467 abstinuit,
306 2401 406 2456 soli
440 2401 541 2455 hoc
570 2415 765 2456 nomen
805 2401 914 2456 Deo
953 2399 1091 2471 patri
1145 2415 1452 2463 reservans,
1512 2399 1601 2470 qui

13 2512 81 2562 se,
100 2497 340 2567 judicem
397 2495 597 2560 dando,
643 2495 820 2550 officio
864 2495 1167 2550 severitatis
1212 2495 1452 2549 exuerit:
1495 2509 1602 2549 non

14 2591 136 2661 quod
168 2591 350 2647 bonus
376 2599 432 2646 et
472 2591 586 2660 ipse
629 2604 735 2644 non
772 2596 936 2652 esset,
963 2587 1056 2643 sed
1087 2587 1226 2656 quod
1271 2601 1508 2658 congrua
1546 2585 1602 2642 in

13 2697 120 2739 eum
147 2683 445 2740 severitate
476 2683 638 2752 judex
673 2681 749 2754 (ιι)
799 2691 942 2737 esset
973 2696 1186 2736 usurus.

69 2777 121 2830 5.
163 2775 348 2830 Iudaei
390 2775 444 2829 in
493 2775 604 2847 lege
655 2776 931 2846 gloriantes
989 2773 1097 2846 lege
1133 2774 1506 2829 convincuntur
1531 2773 1606 2828 nil

11 2867 118 2922 recti
140 2869 331 2941 egisse.
357 2897 429 2909 --
453 2866 604 2922 Hunc
632 2867 792 2938 igitur
819 2884 886 2922 ex
917 2867 1034 2938 lege
1074 2866 1418 2934 insolentem,
1456 2867 1607 2922 solli-

11 2961 156 3016 citum
183 2960 258 3016 de
292 2959 466 3015 salute
495 2959 721 3014 remittit
766 2960 832 3015 ad
860 2960 1034 3031 legem
1067 2978 1080 3013 :
1117 2968 1174 3014 ut
1203 2961 1254 3014 in
1285 2975 1346 3014 ea
1379 2961 1515 3030 ipsa,
1550 2961 1601 3014 in

12 3068 98 3122 qua
149 3053 507 3122 gloriaretur,
559 3051 884 3122 intelligeret
939 3052 1069 3107 nihil
1117 3067 1176 3107 se
1231 3052 1426 3108 exinde
1471 3049 1604 3107 recti

9 3145 172 3215 aperis
200 3143 431 3200 fecisse.
458 3143 652 3200 Verbis
679 3145 823 3200 enim
855 3145 987 3216 legis
1012 3143 1061 3199 ei
1091 3144 1346 3199 Dominus
1377 3159 1602 3214 repon-

1707 1934 1806 1988 nisi
1855 1935 1942 2005 qui
1971 1935 2119 2006 sequi
2148 1936 2374 2006 coeperit
2409 1936 2701 1990 Christum.

1777 2029 1828 2082 7.
1876 2029 2016 2096 Quid
2047 2029 2113 2083 sit
2138 2029 2273 2099 quod
2301 2028 2599 2084 adolescens
2625 2047 2656 2082 a
2673 2029 2941 2099 juventute
2974 2029 3074 2101 legi
3119 2046 3173 2084 se
3198 2045 3306 2082 ser-

1703 2120 1835 2174 visse
1882 2129 2110 2174 testetur.
2139 2150 2210 2160 —
2234 2120 2338 2177 Sed
2363 2120 2699 2185 adolescens,
2731 2119 2928 2176 auditis
2977 2121 3078 2187 his,
3136 2120 3306 2175 tristis

1704 2211 1927 2266 recessit
1957 2210 1975 2278 (
2000 2210 2165 2278 Ibid.,
2195 2211 2290 2283 22)
2326 2230 2338 2266 :
2373 2214 2595 2268 multam
2625 2213 2768 2268 enirn
2826 2213 3116 2283 opulentia:
3164 2211 3304 2266 fidu-

1705 2305 1841 2359 ciam
1899 2304 2130 2361 habebat
2181 2320 2245 2360 ex
2302 2307 2439 2376 lege.
2480 2307 2659 2376 Atque
2717 2306 2768 2360 in
2817 2320 2884 2361 eo
2915 2305 3077 2360 etiam
3111 2305 3306 2377 typica:

1705 2395 2010 2453 efﬁcientia:
2043 2399 2180 2453 ratio
2211 2408 2420 2453 servata
2451 2409 2555 2464 est,
2611 2406 2668 2452 ut
2720 2413 2842 2453 cum
2898 2397 3303 2454 adolescentem

1707 2493 1852 2548 hunc
1880 2507 2002 2549 esse
2045 2494 2332 2564 significet,
2379 2495 2494 2565 ipse
2523 2495 2769 2565 superius
2815 2494 3034 2560 dixerit,
3061 2495 3129 2550 ab
3156 2495 3306 2550 omni

1706 2601 1765 2642 se
1805 2586 2089 2658 iuventute
2119 2603 2213 2642 sua
2243 2590 2526 2659 przeceptis
2557 2588 2639 2656 his
2661 2604 2778 2660 qute
2812 2587 3078 2645 habentur
3109 2588 3160 2644 in
3185 2588 3307 2661 lege

1705 2685 2181 2740 servivissezcum
2229 2681 2594 2737 adolescentia
2644 2680 2722 2754 (ιι)
2779 2682 2913 2736 intra
2959 2681 3307 2752 juventutem

1705 2779 1796 2846 sit,
1827 2787 1881 2832 et
1911 2777 2174 2848 posterior
2199 2777 2372 2831 aetatis
2398 2776 2596 2846 gradus
2623 2792 2729 2831 non
2774 2776 2942 2846 possit
2976 2776 3111 2830 intra
3154 2775 3303 2845 prio-

1706 2870 1782 2925 ris
1811 2870 1883 2941 (ε)
1930 2869 2188 2925 terminos
2214 2868 2504 2925 contineri.
2532 2867 2636 2926 Sed
2661 2869 2764 2924 hoc
2792 2869 2934 2934 ideo,
2968 2879 3026 2923 ut
3055 2883 3084 2921 a
3104 2867 3302 2938 juven-

1709 2971 1821 3018 tute
1848 2961 1914 3034 (f)
1944 2961 2045 3018 hoc
2069 2962 2357 3027 serviente,
2379 2961 2597 3032 longum
2633 2960 2741 3031 jam
2768 2961 2819 3016 in
2847 2976 3012 3033 opere
3041 2961 3176 3031 legis
3206 2976 3305 3032 po-

1707 3054 1814 3124 puli
1850 3063 2061 3124 tempus
2087 3052 2416 3108 ostenderet.

1777 3146 1829 3202 8.
1874 3145 2062 3201 lsraeli
2108 3146 2328 3215 superbo
2365 3146 2598 3216 difﬁcilis
2627 3147 2740 3202 caeli
2765 3147 2957 3202 aditus.
3007 3177 3078 3189 —-
3102 3146 3312 3206 Dehinc

9 3238 98 3293 dit.
127 3237 232 3293 Sed
291 3236 630 3304 adolescens,
687 3246 956 3306 tamquam
1001 3235 1228 3306 populus
1275 3236 1512 3289 insolens
1554 3243 1608 3288 ct
1632 3230 1677 3290 C
1714 3239 1970 3295 Dominus
1995 3241 2207 3311 cognita
2231 3240 2590 3296 adolescentis
2610 3241 2975 3297 nuestitudine
3007 3241 3310 3312 respondit,

9 3332 262 3402 glorians,
296 3333 349 3385 in
383 3330 500 3402 lege
547 3330 793 3395 confidit,
847 3331 931 3385 cui
975 3338 1150 3386 tamen
1203 3330 1494 3385 obsecutus
1538 3344 1605 3384 ex

9 3428 141 3482 nullo
189 3433 304 3482 est.
353 3424 544 3480 .Iussus
583 3426 727 3480 enim
758 3424 929 3479 fuerat
975 3441 1081 3480 non
1129 3425 1376 3480 occidere
1421 3442 1433 3476 :
1485 3439 1609 3494 pro-

9 3521 187 3589 phetas
215 3517 593 3573 interfecerat.
624 3516 740 3571 Non
785 3516 1040 3571 mtechari
1075 3534 1087 3569 :
1127 3516 1214 3571 hic
1243 3516 1607 3587 corruptelam

9 3609 144 3675 lidei,
173 3621 228 3665 et
263 3610 368 3679 legi
408 3607 730 3663 adulterium
756 3608 1031 3674 intulerat,
1062 3616 1116 3662 et
1137 3607 1217 3678 (b)
1246 3607 1379 3663 deos
1405 3607 1610 3663 alienos

9 3702 354 3757 adoraverat.
384 3699 501 3754 Non
545 3698 711 3754 furari
750 3719 763 3752 :
814 3700 899 3754 hic
931 3709 1055 3754 ante
1095 3715 1254 3770 quam
1309 3699 1610 3754 libertatem

10 3795 267 3850 credendi
304 3795 359 3848 iu
399 3793 501 3848 ﬁde
539 3792 782 3848 Christus
815 3793 1087 3859 redderet,
1119 3792 1260 3848 furto
1304 3794 1438 3866 legis
1474 3810 1613 3866 prae-

9 3899 158 3958 cepta
182 3886 458 3943 dissolvit.
485 3885 601 3940 Non
647 3886 840 3940 falsum
874 3894 1066 3942 testem
1119 3887 1234 3941 fieri
1267 3904 1280 3940 :
1312 3887 1398 3942 hic
1428 3887 1614 3944 Chris-

9 3991 114 4036 tum
149 3979 374 4053 negavit
399 3994 462 4034 ex
507 3979 754 4034 tnortuis.
818 3978 1030 4034 Patrem
1069 3988 1121 4033 et
1171 3987 1397 4034 matrem
1451 3980 1614 4052 763

9 4073 182 4140 iussus
227 4080 319 4128 est
347 4070 612 4126 honorare
639 4089 650 4123 :
687 4069 772 4125 hic
802 4071 918 4140 ipse
939 4085 999 4126 se
1028 4085 1055 4124 a
1091 4071 1182 4126 Dei
1239 4073 1421 4141 patris.
1453 4083 1617 4141 atque

9 4169 71 4223 ab
122 4167 396 4223 Ecclesia:
460 4166 654 4221 matris
701 4163 900 4220 familia
964 4164 1251 4220 abdicavit.
1308 4166 1616 4220 Proximum

9 4270 287 4331 tamquam
343 4247 403 4312 se
442 4272 625 4313 amare
678 4265 978 4328 pricceptus
1009 4266 1134 4312 est:
1189 4257 1275 4312 hic
1321 4257 1617 4326 Christum,

9 4353 96 4422 qui
142 4350 396 4406 omnium
463 4359 708 4404 nostrum
777 4363 973 4418 corpus
1025 4349 1336 4418 assumpsit,
1393 4357 1447 4404 et
1501 4350 1620 4404 uni-

9 4445 204 4514 cuique
260 4449 508 4498 nostrum
561 4441 818 4510 assumpti
873 4439 1115 4510 corporis
1174 4439 1486 4496 conditione
1546 4441 1623 4493 fa-

9 4546 126 4592 ctus
175 4543 264 4593 est
306 4534 580 4605 proximus
611 4532 705 4605 (c),
738 4548 904 4604 usque
935 4533 986 4587 in
1031 4547 1244 4604 pinnam
1294 4534 1473 4590 crucis
1503 4549 1623 4603 per-

1708 3331 1931 3387 difficile
1993 3332 2214 3388 divitem
2290 3343 2575 3389 venturum
2644 3334 2699 3388 in
2754 3349 2976 3406 regnum
3044 3334 3308 3391 caelorum

1710 3424 1919 3496 (lbid.,
1950 3425 2067 3498 25).
2117 3425 2345 3482 Divitem
2389 3442 2447 3482 se
2493 3427 2653 3496 igitur
2704 3427 2889 3491 Israel,
2948 3435 3005 3482 ut
3049 3426 3308 3497 diximus,

1710 3516 1846 3588 legis
1884 3518 2078 3574 ﬁducia
2123 3519 2471 3589 gloriabatur.
2509 3519 2643 3574 lluic
2673 3519 2909 3575 difﬁcilis
2933 3529 3015 3576 est
3047 3519 3227 3576 aditus
3254 3521 3310 3576 in

1709 3609 1930 3677 coelum,
1957 3619 2167 3666 veteres
2196 3626 2330 3680 opes
2359 3611 2458 3665 sub
2479 3611 2708 3667 Abraha:
2738 3611 2957 3670 nomine
2981 3613 3157 3678 inanis
3182 3628 3312 3684 pro-

1711 3704 1876 3773 sapias
1915 3704 2209 3760 ambitione
2245 3705 2522 3760 retinenti.

1785 3798 1839 3855 9.
1871 3797 2074 3853 Crimen
2105 3816 2206 3854 non
2235 3808 2308 3853 est
2330 3800 2381 3853 in
2415 3798 2668 3866 habendo,
2691 3800 2780 3854 sed
2805 3801 2858 3855 in
2885 3801 3104 3856 habendi
3138 3801 3312 3858 modo.

1719 3891 1888 3963 Opum
1912 3909 2034 3947 cura
2057 3891 2592 3963 periculosa—Quin
2617 3893 2778 3947 etiam
2801 3893 3019 3963 adiecit,
3046 3895 3314 3950 camelum

1717 3984 1924 4038 facilius
1972 4000 2066 4052 per
2095 3983 2340 4039 foramen
2380 3999 2510 4038 acus
2537 3998 2696 4052 posse
2741 3985 2992 4051 transire,
3019 4001 3176 4056 quam
3204 4002 3319 4042 ca:-

1717 4073 1888 4128 lorutn
1916 4089 2138 4141 regnum
2187 4075 2411 4128 divitem
2444 4074 2668 4128 introire
2716 4073 2904 4144 (Ibid.,
2932 4076 3001 4128 9.5
3025 4074 3064 4146 ).
3095 4074 3170 4144 (g)
3201 4075 3314 4130 Ha-

1719 4166 2119 4222 bereocriminis
2145 4183 2250 4220 non
2282 4175 2387 4231 est,
2416 4165 2512 4221 sed
2561 4166 2752 4221 modus
2798 4167 2852 4222 in
2885 4166 3134 4223 habendo
3187 4169 3320 4224 reti-

1722 4258 1928 4315 nendus
1953 4256 2114 4331 764
2137 4268 2238 4314 est.
2275 4257 2406 4313 Nam
2451 4258 2724 4330 quomodo
2764 4258 3179 4328 impertiendum
3209 4269 3319 4330 est,

1721 4351 1992 4424 quomodo
2036 4350 2566 4420 communicandum,
2609 4353 2653 4407 si
2699 4353 3042 4423 impertieudi
3087 4363 3142 4411 et
3170 4371 3323 4412 com-

1721 4442 2026 4500 munieandi
2057 4445 2284 4500 materia
2317 4459 2422 4499 non
2456 4445 2834 4516 relinquatur?
2889 4447 3031 4518 Ergo
3059 4458 3322 4507 nocenter

1725 4538 1893 4609 magis
1919 4537 2139 4604 habere,
2173 4555 2331 4610 quam
2381 4539 2511 4594 illud
2543 4541 2717 4610 ipsum
2746 4539 2946 4598 habere
2989 4542 3049 4598 fit
3091 4545 3320 4604 crimen.

9 4639 231 4686 secutus
274 4638 382 4683 est.
418 4627 487 4682 Ut
516 4628 677 4697 igitur
730 4625 814 4681 his
850 4625 1133 4697 depositis,
1188 4643 1251 4682 ac
1278 4629 1466 4684 recisis
1505 4644 1618 4682 om-
1645 4617 1700 4678 D
1727 4631 1832 4688 Sed
1881 4631 2177 4702 periculosa
2205 4647 2332 4688 cura
2362 4645 2466 4700 est,
2496 4633 2636 4690 velle
2683 4634 2952 4692 ditescere
2987 4654 3002 4692 :
3050 4647 3103 4694 et
3153 4653 3325 4711 grave

9 4723 170 4776 nibus
193 4719 347 4776 vitiis
376 4719 429 4774 in
471 4721 641 4791 legem
675 4729 1057 4784 reverteretur,
1092 4730 1174 4776 est
1196 4720 1399 4791 jussus.

79 4818 134 4870 6.
169 4814 250 4868 Ab
282 4813 464 4867 umbra
508 4814 634 4886 legis
688 4814 757 4868 ad
813 4815 1155 4888 evangelicum
1206 4815 1467 4869 veritatem
1520 4816 1620 4870 mi-

9 4923 162 4981 grare
212 4907 520 4962 suadentur.
571 4936 643 4948 —
683 4907 787 4964 Sed
815 4908 1125 4979 respondet,
1165 4907 1279 4962 hmc
1309 4907 1490 4964 omnia
1539 4909 1619 4965 f'e-

82 5071 164 5141 (a)
214 5069 364 5126 Editi
396 5078 623 5141 excepto
648 5068 772 5124 Par.
803 5084 926 5124 cum
965 5069 1168 5140 aliquot
1197 5083 1330 5124 mss.
1383 5078 1508 5124 esset
1534 5068 1619 5140 fu.

9 5152 188 5196 turus.

82 5214 184 5286 (ὁ)
221 5213 360 5270 Bad.
409 5222 462 5268 et
510 5212 602 5286 Er.
631 5212 730 5286 diis
751 5212 933 5266 alienis
953 5213 1274 5286 adoraverat.
1313 5209 1449 5286 Tum
1497 5211 1624 5286 Lip-

9 5282 125 5339 sius
144 5282 229 5340 'de
259 5301 358 5339 suo
400 5284 578 5354 posuit
610 5283 916 5338 adoleverat.
942 5283 1113 5352 Supra
1155 5299 1293 5354 cap.
1324 5282 1412 5345 12,
1442 5300 1494 5336 ιι.
1526 5283 1620 5349 22,

9 5357 372 5411 observatum
402 5353 487 5410 est
539 5355 591 5409 in
641 5355 911 5424 plerisque
944 5369 1071 5407 mss.
1119 5353 1300 5408 haberi
1350 5353 1624 5407 adoratum

9 5436 200 5495 postea
230 5428 511 5495 pecudibus
537 5435 583 5479 et
622 5426 779 5479 saxis.
825 5425 906 5480 Ad
959 5424 1140 5479 Hilarii
1194 5425 1511 5478 sententiam
1555 5424 1624 5478 de

9 5503 162 5553 furto
191 5509 253 5554 et
279 5499 542 5553 adulterio
571 5497 777 5551 accedit
805 5495 930 5548 illud
954 5496 1158 5548 Turihii
1192 5497 1330 5548 inter
1363 5495 1622 5561 epistolas

9 5569 225 5625 Leonis
256 5569 390 5624 edit.
413 5567 693 5638 Quesuel,
715 5581 834 5637 pag.
862 5568 966 5621 459
1009 5584 1020 5618 :
1050 5566 1226 5638 Neque
1255 5566 1344 5618 illa
1364 5565 1623 5638 solagsunt

9 5645 184 5712 furta,
219 5656 336 5708 qua:
355 5635 948 5712 alienorumdireptione
967 5635 1388 5712 con_uuittun_tur;_
1413 5635 1490 5689 vel
1512 5635 1625 5689 sola

9 5706 307 5774 adulteria,
337 5726 450 5781 qua;
478 5707 680 5781 violatis
720 5706 974 5781 maritalis
1020 5708 1154 5761 tltori
1198 5707 1464 5773 a/fectibus
1508 5722 1625 5776 per-

11 5778 452 5853 petrantusised
474 5790 521 5832 et
551 5778 819 5853 subtractis
845 5793 1100 5853 quw‘vera
1128 5789 1278 5853 suntg
1323 5781 1523 5853 [artant
1540 5793 1626 5830 ca-

33 5855 238 5908 ltolt'ca:
271 5853 400 5922 ﬁdei
418 5848 642 5924 perversi
669 5849 922 5922 dogmatis
953 5850 1074 5919 facit
1099 5850 1347 5918 assertio;
1374 5859 1421 5904 et
1453 5847 1629 5903 adver-

1729 4740 1864 4781 onus
1911 4724 2217 4780 innocentia
2262 4724 2427 4788 subit,
2458 4725 2804 4782 incrementis
2835 4743 2998 4799 opum
3040 4739 3322 4801 occupata.

1727 4817 1860 4875 Rem
1907 4816 2051 4872 enim
2104 4816 2311 4883 saeculi,
2361 4817 2647 4874 famulatus
2701 4818 2794 4875 Dei
2844 4837 2951 4878 non
2995 4823 3112 4878 sine
3141 4824 3326 4881 saeculi

1727 4911 1894 4981 ipsius
1954 4909 2099 4965 vitiis
2166 4910 2488 4980 assequitur.
2538 4910 2673 4968 Hinc
2708 4911 2931 4971 difﬁcile
2979 4923 3060 4969 est
3105 4915 3328 4972 divitem

1728 5084 1815 5122 sus
1866 5068 2128 5122 veritatem
2179 5065 2332 5122 Verbi
2361 5065 2478 5132 Dei,
2507 5069 2762 5124 malarum
2800 5070 3150 5126 doctrinarum
3175 5071 3330 5128 adul-

1729 5141 1860 5210 terio,
1883 5182 1898 5204 ,
1922 5139 2158 5210 izizaniaz
2186 5139 2382 5192 semina
2402 5140 2688 5210 jaciuntur.

1800 5209 1873 5281 (c)
1920 5209 1976 5281 l_n
2009 5225 2139 5265 mss.
2188 5211 2247 5281 ﬁt
2285 5209 2570 5280 proximus.

1801 5279 1882 5352 (ιι)
1927 5279 2092 5344 Editi,
2143 5279 2292 5346 infra
2321 5286 2628 5349 iuventutem
2681 5299 2700 5337 :
2751 5282 3148 5353 refragantibus
3191 5301 3326 5344 mss.

1729 5353 1834 5408 Sed
1860 5361 1914 5407 et
1941 5368 2065 5430 mox
2095 5356 2494 5430 tet-assuperior
2519 5355 2827 5412 inferiorem
2855 5356 3012 5422 intra,
3057 5373 3163 5414 non
3188 5362 3328 5430 infra

1729 5439 1788 5478 se
1813 5425 2092 5478 Continere
2140 5424 2358 5483 dicitur.

1799 5495 1949 5570 (εὶ-1η
1976 5497 2204 5570 vulgatis
2232 5498 2448 5570 priores.
2493 5497 2821 5554 Concinuius
2867 5498 2918 5554 in
2961 5514 3092 5555 mss.
3140 5501 3332 5570 prioris

1731 5566 1985 5620 videlicet
2009 5567 2203 5622 aetatis.

1801 5635 1872 5708 (ι’)
1905 5638 2206 5694 Pronomen
2235 5642 2349 5708 Itoc,
2369 5656 2474 5714 quo
2500 5640 2816 5714 adolescens
2835 5639 3123 5714 indicatur,
3143 5657 3172 5696 a
3204 5641 3334 5714 Lip«

1731 5709 1811 5764 sio
1831 5716 2157 5778 expunctum
2178 5711 2505 5768 restituimus
2517 5711 2836 5766 auctoritate
2861 5711 2993 5766 Bad.
3011 5709 3173 5768 Er.et
3191 5709 3325 5770 mss.

1805 5776 2039 5862 (g)'Po_st
2062 5781 2283 5837 verbum
2329 5782 2532 5847 habere,
2565 5783 2753 5858 excusi
2796 5782 3058 5852 adjiciunt
3095 5784 3324 5862 divitias,

1734 5851 2094 5908 renitentibus
2125 5868 2258 5910 mss.
