3882 6332
552 270 683 329 1051

548 490 729 540 mone,
763 489 856 544 per
886 473 1042 528 ﬁdem
1074 475 1247 527 crucis
1275 472 1596 527 novissimos
1648 474 1848 542 primos
1903 473 2137 539 futuros;

549 565 801 621 divitibus
830 573 1007 620 autem
1031 605 1046 630 ,
1078 563 1127 618 id
1152 565 1316 637 768
1341 574 1442 630 est,
1476 565 1874 621 conlidentibus
1905 566 1980 637 (a)
2015 568 2144 638 legis

553 660 606 714 in
629 659 870 714 eamdem
912 674 1129 714 erucem
1157 658 1643 715 scandalizantibus
1661 701 1676 728 ,
1703 660 1902 714 invium
1933 661 2035 716 iter
2060 676 2145 716 rc—

547 749 636 820 gni
677 749 933 805 caelorum
959 749 1217 805 futurum.

619 843 672 898 9.
701 842 929 897 Zebedtei
957 845 1187 914 ﬁliorum
1213 854 1397 910 mater,
1419 845 1536 909 leas;
1558 845 1656 914 filii
1685 848 1818 919 ejus,
1837 845 2015 901 Judwi
2038 862 2148 901 cre-

550 934 825 990 dentes.—
849 935 990 990 Tunc
1018 937 1230 992 accessit
1253 939 1321 990 ad
1350 954 1463 991 eum
1481 947 1638 991 mater
1659 938 1887 1006 ﬁliorum
1916 938 2149 993 Zcbedwi

550 1043 664 1080 cum
692 1027 816 1096 ﬁliis
834 1028 968 1094 suis,
995 1039 1050 1085 et
1081 1030 1285 1099 reliqua
1326 1027 1500 1102 (Ibid.
1529 1029 1653 1099 20).
1688 1027 1803 1083 Non
1830 1031 1946 1086 siue
1967 1030 2149 1100 aliquo

553 1129 833 1176 momento
860 1137 1040 1176 rerum
1096 1123 1165 1176 ita
1220 1121 1472 1177 effectum
1525 1123 1690 1177 luisse
1732 1122 2150 1177 existimandum

552 1224 632 1268 est
656 1254 669 1279 ,
697 1223 759 1269 ut
786 1223 957 1270 mater
985 1214 1219 1270 ﬁliorum
1252 1215 1499 1271 Zebedrei
1553 1216 1836 1271 Dominum
1890 1217 2150 1285 depreca-

556 1314 726 1362 retur.
757 1307 1025 1378 Numquid
1049 1319 1100 1364 et
1129 1307 1254 1361 ﬁliis
1285 1307 1500 1378 petendi
1519 1308 1852 1363 familiaritas
1875 1322 1979 1362 non
1998 1306 2152 1362 erat?

557 1395 820 1455 Sederat
862 1412 1137 1470 gestorum
1180 1400 1462 1458 cﬁ'ectibus
1503 1403 1951 1474 pr0phetaudum.
2006 1403 2153 1472 Apo-

556 1491 683 1547 stoli
710 1492 926 1562 quidem
950 1495 1063 1564 jam
1087 1509 1154 1548 ex
1183 1496 1297 1565 lege
1326 1495 1700 1558 crediderant.
1734 1511 1854 1564 quae
1882 1509 1977 1550 eos
2008 1495 2061 1549 in
2093 1494 2154 1548 ﬁ-

558 1584 680 1642 dem
704 1587 1070 1658 evangelicam
1098 1588 1419 1642 nutriverat.
1452 1588 1636 1658 Itaque
1694 1589 1745 1642 in
1785 1597 1958 1642 matre
2013 1587 2151 1641 lilio-

559 1695 678 1735 rum
701 1679 948 1737 Zebedasi
978 1682 1062 1736 lex
1092 1682 1404 1753 intelligitur
1458 1698 1578 1752 qu:e
1600 1682 1928 1738 conﬁdentia
1985 1681 2155 1752 privio

1741 264 1984 324 SANCTI
2024 267 2278 325 l‘llLARll
2320 267 2626 327 EPISCOPI

549 383 664 438 titia
691 379 1088 452 consequitur):
1120 377 1454 435 conﬁrmatis
1485 376 1689 435 scilicet
1717 381 1996 450 superiore
2023 396 2138 437 ser—
2166 398 2220 457 Α

3706 273 3794 330 liii

2318 383 2403 438 10.
2431 383 2532 451 Qui
2556 383 2792 438 destinati
2810 384 2939 452 sint,
2971 393 3026 438 ut
3049 382 3258 440 Christo
3302 381 3358 437 in
3399 400 3562 455 regno
3599 391 3792 445 assidam

2251 476 2313 529 Et
2335 475 2550 545 quidem
2574 517 2588 542 ,
2621 485 2878 547 quantum
2903 478 3254 540 arbitramur.
3285 477 3361 531 ita
3393 476 3575 531 honor
3606 477 3698 534 iste
3715 485 3791 536 2L...

2246 580 2330 624 est
2353 580 2686 637 reservatus,
2713 571 2854 641 quod
2876 580 3057 627 tamen
3081 586 3184 626 nec
3212 571 3459 641 apostoli
3492 571 3565 626 ab
3594 587 3654 627 eo
3687 591 3797 631 eruet

2247 663 2409 716 alieni
2437 681 2450 717 :
2480 665 2554 734 (c)
2577 665 2666 734 qui
2696 665 2748 718 iu
2776 664 3062 720 duodecim
3094 663 3539 735 patriarcharum
3569 665 3686 722 sede
3705 683 3796 724 esu.

2248 753 2490 811 sidentes
2516 799 2528 820 ,
2554 756 2808 812 lsraelem
2850 755 3196 826 judicabunt.‘
3233 754 3305 810 Et
3333 765 3606 826 quantum
3651 762 3797 816 sentit:

2248 863 2318 903 ex
2345 848 2478 918 ipsis
2501 849 2806 918 Evangeliis
2831 847 2989 915 licet,
3044 849 3096 902 in
3128 863 3304 918 regno
3334 848 3604 903 calorum
3647 849 3797 920 Moyses

2249 949 2304 994 et
2337 941 2481 995 Elias
2506 941 2843 996 assidebunt.
2868 941 3000 996 Nam
3018 956 3140 996 cum
3164 939 3567 1011 spopondisset
3585 943 3797 1000 Dominus.

2255 1036 2468 1088 visurus
2515 1035 2778 1105 quosdam
2820 1035 2887 1090 de
2953 1033 3250 1106 apostolis,
3298 1042 3596 1104 antequam
3635 1047 3798 1090 mortes

2251 1134 2562 1198 gustarem,
2595 1126 2762 1181 ﬁlium
2798 1126 3029 1181 hominis
3057 1127 3381 1182 venientem
3435 1126 3489 1178 in
3536 1139 3688 1194 regno
3713 1142 3794 1188 suo;

2253 1219 2548 1290 assumptis
2570 1218 2731 1274 Petro
2750 1229 2804 1274 et
2825 1217 3027 1273 Jacobo
3049 1225 3105 1272 et
3133 1216 3422 1282 Jobanne,
3451 1219 3682 1286 apparuit
3694 1219 3799 1289 73

2253 1329 2376 1369 cum
2407 1313 2596 1384 gloriae
2645 1329 2757 1368 sine
2793 1313 3008 1378 habitu,
3061 1312 3252 1382 Moyse
3295 1321 3355 1366 et
3406 1309 3526 1364 Elia
3581 1312 3630 1366 in
3675 1331 3795 1368 insae

2255 1405 2638 1460 comitantibus
2669 1403 3174 1476 (Matth.xvt,28).
3232 1403 3308 1457 Et
3357 1404 3467 1457 hos
3519 1404 3705 1473 quidem
3724 1424 3794 1461 es-

2256 1500 2379 1554 dem
2438 1501 2729 1568 pr0pbetas
2781 1498 2917 1552 duos
2965 1495 3381 1566 praeveuientes
3425 1496 3792 1567 adventum

2257 1604 2378 1645 esse
2421 1589 2792 1660 intelligimus,
2822 1605 2957 1660 quos
2986 1590 3358 1662 Apocalypsis
3384 1588 3640 1645 Johannis
3674 1595 3739 1654 tu.
3758 1595 3788 1656 τ)

2258 1682 2327 1737 ab
2379 1683 2698 1739 autichristo
2746 1684 3091 1754 perimendos
3141 1700 3272 1739 esse
3318 1684 3468 1738 dicit
3503 1703 3517 1738 :
3551 1686 3652 1738 licet
3687 1692 3785 1740 uti:

561 1772 687 1845 legii
709 1774 787 1828 sui
813 1788 910 1844 pro
935 1775 1286 1829 credentibus
1335 1791 1401 1830 ex
1445 1789 1507 1830 se
1549 1775 1760 1845 pOpulis
1811 1775 2152 1846 deprecatur.
2185 1779 2342 1860 Bvel
2369 1778 2436 1833 de
2461 1778 2678 1843 Enoch,
2724 1779 2809 1833 vel
2860 1778 2928 1834 de
2956 1778 3230 1848 -,Jeremia,
3297 1779 3644 1848 plurimorum
3672 1783 3777 1833 exsa-

561 1866 692 1934 Qute
722 1869 846 1939 quia
879 1869 1128 1937 superius
1160 1866 1406 1924 audierat
1434 1870 1643 1939 primos
1689 1870 2049 1937 novissimos,
2102 1878 2160 1924 et

564 1961 892 2018 novissimos
921 1963 1122 2032 primos
1147 1962 1392 2028 futuros;
1441 1962 1642 2019 deferri
1673 1963 1798 2018 [iliis
1843 1964 1956 2019 suis
2009 1971 2159 2031 orat,

567 2056 701 2111 utin
729 2057 940 2112 Domini
965 2072 1130 2128 regno
1153 2073 1290 2111 unus
1317 2057 1384 2112 ad
1431 2057 1705 2114 dexteram
1755 2058 1872 2127 ejus
1925 2057 2113 2113 sedeat
2143 2099 2160 2126 ,

565 2154 705 2208 alius
734 2152 801 2208 ad
832 2152 1110 2207 sinistram
1142 2151 1335 2224 (Ibid,
1366 2152 1483 2224 ‘21).
1516 2153 1613 2208 Cui
1647 2153 1906 2208 Dominus
1936 2168 2164 2224 respon-

565 2245 680 2312 dit,
700 2246 910 2302 nescire
939 2260 1060 2302 eam
1084 2245 1209 2317 quid
1232 2254 1352 2301 oret
1379 2245 1566 2318 (Ibid.,
1596 2245 1710 2317 22).
1755 2245 1898 2301 Nihil
1945 2246 2162 2317 quidem

567 2338 638 2395 de
665 2339 835 2410 gloria
863 2339 1232 2409 apostolorum
1281 2338 1675 2410 ambigebatur,
1731 2348 1785 2394 ct
1828 2339 2165 2410 judicaturos

567 2449 664 2489 cos
701 2447 884 2489 sermo
909 2430 1158 2502 superior
1180 2434 1451 2503 exposuit.
1481 2433 1723 2503 Denique
1766 2433 1817 2487 in
1845 2433 2026 2488 medio
2050 2448 2166 2488 ser-

569 2540 730 2582 mone
757 2541 823 2580 an
851 2524 1073 2581 calicem
1129 2538 1286 2579 suum
1336 2533 1557 2594 possent
1604 2524 1794 2580 bibere
1845 2524 2163 2596 interrogat.

567 2617 686 2675 Non
715 2621 899 2691 utique
923 2620 994 2677 de
1016 2617 1322 2676 communis
1353 2617 1532 2688 poculi
1583 2632 1782 2689 genere
1810 2619 2162 2688 loquebatur;

572 2731 745 2785 neque
774 2714 918 2772 enim
940 2716 1092 2770 labor
1113 2723 1196 2770 est
1220 2713 1406 2770 bibere
1452 2711 1520 2768 de
1548 2711 1718 2768 calice
1755 2729 1767 2764 :
1800 2710 1894 2767 sed
1953 2710 2046 2766 ille
2098 2710 2168 2767 de

570 2808 743 2864 calice
764 2808 1087 2864 sacramenti
1111 2805 1380 2878 passionis
1429 2807 1745 2876 interrogat.
1803 2803 1875 2860 At
1927 2803 2038 2870 illi,
2076 2801 2169 2875 qui

562 2900 675 2971 jam
707 2901 948 2974 martyrii
975 2901 1281 2956 libertatem
1302 2899 1775 2968 constantiamque
1821 2897 2164 2967 retinebant,

570 2998 837 3054 bibituros
863 3014 922 3054 se
945 2999 1290 3069 pollicentur.
1315 2999 1576 3053 Dominus
1619 2998 1939 3054 collaudatis
1979 3011 2167 3051 eorum

574 3088 735 3145 lidem
767 3091 872 3159 ait,
895 3092 1156 3162 martyrio
1182 3091 1398 3161 quidem
1425 3106 1520 3147 eos
1547 3104 1730 3146 secum
1751 3092 1987 3160 compati
2039 3103 2167 3158 pos-

2267 1872 2428 1926 terint
2454 1871 2738 1942 opiniones
2758 1911 2773 1937 ,
2805 1871 2948 1942 quod
2977 1873 3212 1927 alterum
3251 1886 3465 1926 eorum
3527 1871 3627 1925 sitat
3656 1871 3765 1926 £5sz

2263 1965 2405 2021 mori
2430 1976 2696 2037 oporteat.
2723 1965 2827 2022 Sed
2859 1982 2968 2020 non
3024 1980 3330 2037 possumus
3395 1965 3624 2020 veritatis
3652 1966 3769 2031 Elea,

2265 2075 2423 2128 quam
2454 2060 2712 2114 Dominus
2740 2058 2911 2114 tribus
2932 2058 3319 2128 superioribus
3349 2059 3583 2113 testibus
3601 2061 3773 2120 term-Iit,

2266 2168 2459 2208 sensus
2488 2154 2657 2208 nostri
2709 2153 2967 2224 opinione
3019 2167 3400 2222 corrumpere
3452 2168 3466 2205 :
3527 2168 3670 2223 neque
3701 2155 3767 2206 aias

2270 2255 2527 2304 venturos
2549 2246 2901 2312 existimare,
2935 2262 3096 2317 quam
3127 2247 3221 2317 qui
3255 2245 3330 2300 ad
3366 2247 3685 2315 sponsionem
3713 2249 3766 2298 te

2268 2340 2480 2396 venisse
2511 2340 2785 2409 conspecti
2817 2349 2963 2393 sunt.
2989 2337 3060 2392 Et
3084 2352 3437 2408 quamquam
3491 2339 3624 2392 ultra
3657 2355 3750 2404 Eii;-

2267 2433 2424 2488 licam
2448 2433 2728 2490 veritatem
2757 2448 2863 2486 non
2909 2446 3138 2488 necesse
3168 2432 3248 2486 sit
3277 2431 3507 2501 opinari
3559 2448 3572 2482 :
3618 2443 3749 2485 laesi

2266 2530 2386 2598 quis
2413 2527 2784 2583 conditionem
2813 2536 2868 2582 et
2892 2527 3086 2582 mortis
3113 2525 3197 2596 (ά)
3230 2534 3295 2580 et
3320 2526 3615 2596 sepultura:
3634 2538 3764 2592 alii}:

2267 2618 2347 2672 cri
2375 2618 2542 2690 Moysi
2571 2618 2863 2690 diligenter
2886 2617 3188 2673 adverterit
3212 2659 3228 2685 ,
3261 2627 3322 2671 et
3350 2627 3661 2673 secretarum
3677 2618 3771 2684 ius

2271 2719 2508 2766 turarum
2531 2753 2548 2779 ,
2571 2712 2868 2768 secundum
2919 2711 3171 2782 Apostoli
3217 2713 3629 2777 auctoritatem,
3667 2713 3776 2778 cissi-

2270 2806 2471 2861 tionem
2503 2806 2732 2876 adeptus
2758 2806 2827 2862 sit
2854 2822 2869 2870 ;
2899 2804 3176 2875 intelliget
3205 2805 3412 2859 omnia
3442 2804 3512 2858 ita
3537 2819 3631 2859 esse
3652 2815 3777 2856 traria-

2272 2905 2323 2950 ta
2351 2939 2366 2964 ,
2392 2909 2449 2952 ut
2471 2898 2682 2970 Moyses
2711 2899 2946 2968 potuerit
2989 2898 3102 2967 jam
3145 2894 3367 2953 videri.
3427 2897 3495 2952 Et
3523 2900 3606 2949 hac
3629 2896 3776 2964 quidem

2274 2992 2575 3047 instruendi
2597 3007 2757 3046 causa
2784 2991 3078 3048 sintdicta.

2348 3087 2435 3140 Η.
2471 3085 2771 3141 Vocationes
2798 3087 2914 3140 dua:
2937 3103 3000 3141 ex
3023 3085 3238 3141 Judtvis
3262 3103 3284 3154 ;
3323 3086 3418 3142 his
3466 3086 3623 3157 apsstoli
3650 3087 3776 3148 animi

571 3194 670 3247 se;
703 3180 798 3236 sed
828 3180 904 3255 (ὁ)
936 3182 1089 3238 lmvae
1117 3182 1235 3252 ejus
1262 3197 1329 3250 ac
1359 3181 1597 3238 dextera:
1640 3181 1881 3238 assidere
1905 3221 1920 3250 ,
1963 3179 2085 3236 aliis
2139 3193 2168 3231 a
2195 3193 2240 3257 ρ
2273 3179 2453 3250 gloriw
2472 3195 2579 3233 sua:
2604 3180 2936 3234 consortium.
2961 3209 3032 3219 —
3055 3177 3348 3234 Caeterum
3381 3187 3444 3234 ut
3472 3177 3587 3234 ratio
3605 3173 3778 3244 spinuBs

574 3274 686 3330 Deo
715 3284 868 3346 patre
900 3275 1065 3331 fuisse
1086 3275 1406 3346 dispositum
1432 3273 1621 3348 (Ibid,
1653 3275 1768 3346 25).

645 3413 723 3487 (α)
751 3413 876 3487 S_ola
919 3413 1086 3487 editio
1136 3413 1260 3469 Par.
1317 3414 1436 3485 legi.
1481 3414 1702 3484 Aliquot
1747 3429 1881 3487 mss.
1933 3414 1987 3467 in
2031 3415 2160 3485 lege.

573 3485 709 3540 Tum
755 3485 908 3541 Colb.
939 3497 993 3540 et
1022 3486 1180 3541 Carn.
1237 3503 1346 3540 esse
1395 3486 1882 3540 scandalizantibus.
1925 3487 2003 3540 Ex
2059 3501 2167 3541 esse

574 3557 694 3627 quis
715 3556 1110 3612 conﬁciendum
1139 3566 1354 3625 putaret
1378 3574 1486 3611 sese
1510 3600 1524 3623 ,
1551 3559 1650 3612 nisi
1673 3559 1896 3612 verbum
1945 3557 2168 3627 scanda-

574 3625 846 3682 lizantibus
865 3669 879 3689 .
913 3638 967 3681 et
994 3629 1039 3681 si
1069 3629 1240 3682 active
1268 3643 1466 3683 sonans
1489 3671 1504 3694 ,
1535 3630 1746 3698 passive
1778 3637 1955 3682 tamen
1983 3629 2052 3682 ab
2076 3625 2169 3682 lli-

576 3699 711 3753 lario
738 3698 1069 3753 intellectum
1095 3709 1369 3754 constaret
1414 3700 1502 3753 vel
1544 3715 1608 3754 ex
1665 3701 1765 3754 hoc
1814 3699 2004 3766 capitis
2057 3699 2166 3763 50,

577 3785 634 3823 n.
665 3769 700 3823 3
728 3785 742 3820 :
769 3769 958 3840 Petrus
988 3785 1080 3838 pro
1111 3770 1233 3840 ﬁdei
1280 3785 1389 3824 suae
1427 3771 1596 3824 calore
1631 3769 1928 3840 respondit,
1974 3769 2171 3824 ueteris

580 3841 696 3894 licet
722 3839 1225 3908 scandalizantibus,
1257 3857 1538 3910 numquam
1585 3859 1639 3894 se
1679 3843 2167 3895 scandalizaturum.

578 3911 847 3969 Solemnis
866 3923 1043 3967 autem
1073 3912 1124 3968 ei
1145 3922 1227 3968 est
1253 3912 1392 3968 idem
1420 3913 1577 3983 hujus
1603 3914 1751 3968 verbi
1784 3927 1930 3968 usus.

762 4010 885 4066 Par.
910 4023 1032 4065 cum
1067 4009 1236 4065 tribus
1262 4024 1416 4076 mss.,
1448 4018 1500 4062 ut
1540 4010 1679 4064 (tera:
1705 4009 1820 4080 ejus
1845 4025 1906 4063 ac
1950 4008 2175 4063 dextera:

649 4098 687 4135 si
728 4091 887 4135 erant.

584 4091 887 4136 assiderent.

649 4173 807 4247 (c)}n
831 4191 963 4231 mss.
987 4175 1171 4242 Rom.,
1201 4173 1355 4231 Colb.
1386 4183 1440 4230 et
1467 4175 1591 4229 Car.
1623 4174 1747 4243 quin
1771 4171 2037 4228 duodecim
2067 4187 2085 4225 :
2111 4185 2174 4227 ac

578 4245 776 4301 deinde
802 4247 1068 4302 consident
1089 4256 1135 4300 et
1161 4288 1176 4312 ,
1207 4263 1304 4316 pro
1327 4247 1664 4300 considentes.

655 4317 734 4388 (d)
767 4317 1094 4375 Vocabulum
1119 4321 1400 4388 sepultum
1422 4317 1508 4372 hic
1528 4319 1824 4385 adjecimus
1849 4315 2168 4388 auctoritate

581 4399 809 4458 quatuor
832 4407 961 4445 mss.
995 4387 1248 4445 Dubitant
1277 4389 1518 4446 nonnulli
1543 4397 1760 4459 propter
1801 4388 1944 4443 hunc
1989 4387 2166 4459 locum

580 4457 648 4513 an
701 4460 929 4516 llilarius
957 4461 1174 4533 Moysen
1207 4476 1331 4515 vere
1363 4457 2167 4533 mortuum‘crediderit._lndu-

586 4533 814 4586 bitauter
838 4529 1107 4588 Scultetus
1125 4532 1266 4588 inter
1292 4534 1434 4587 illius
1481 4547 1662 4586 naevos
1713 4531 1868 4601 ponit
1903 4550 1914 4584 :
1948 4529 2166 4600 Moysen

579 4612 839 4675 mortuum
868 4613 1014 4675 negat
1043 4616 1221 4658 contra
1246 4605 1506 4675 ipsissima
1535 4603 1820 4675 Scriptum
1873 4601 2040 4675 verba.
2065 4601 2168 4655 Le-

581 4673 854 4744 gislatoris
877 4673 1116 4744 ejusdem
1158 4673 1386 4731 mortem
1421 4673 1797 4731 disei'tioribiis
1842 4673 2041 4744 verbis
2072 4686 2168 4726 ne-

581 4742 737 4816 gasse
767 4742 976 4800 videtur
1008 4745 1343 4813 Ambrosius,
1387 4747 1481 4801 lib.
1532 4763 1547 4801 ι
1579 4745 1645 4800 de
1674 4745 1806 4799 Cain
1827 4752 1882 4798 et
1912 4742 2068 4806 Abel,
2113 4758 2164 4816 c.

581 4814 636 4883 2,
670 4832 706 4871 n
731 4857 744 4870 .
773 4817 832 4872 S.
862 4817 952 4870 ubi
981 4817 1054 4871 ait
1083 4834 1096 4870 :
1126 4815 1245 4870 Non
1270 4819 1484 4889 legimus
1513 4819 1575 4871 de
1601 4833 1678 4882 eo,
1728 4817 1856 4889 sicut
1878 4816 1939 4889 d_e
1972 4814 2169 4889 caeteris

582 4889 701 4957 quia
726 4889 968 4957 deﬁciens
985 4894 1220 4958 mortuus
1250 4886 1355 4952 est,
1379 4893 1465 4943 sed
1483 4931 1498 4955 ,
1523 4906 1613 4958 per
1638 4886 1846 4942 verbum
1885 4886 1982 4940 Dei
2031 4901 2168 4958 mor-

582 4969 702 5013 tuus
732 4967 895 5014 est...
948 4957 1098 5014 Unde
1123 4969 1169 5012 et
1197 4960 1394 5031 addidit
1423 4957 1713 5031 Scriptura,
1759 4959 1880 5028 quia
1903 4972 2046 5031 nemo
2075 4957 2170 5031 scit

581 5032 898 5101 sepulturam
913 5032 1024 5103 ejus
1043 5045 1199 5099 usque
1218 5032 1280 5103 in
1298 5027 1596 5085 hodiernum
1615 5031 1747 5084 diem
1757 5027 1844 5096 ,ut
1871 5027 2167 5103 translatio-

585 5098 698 5156 nem
727 5105 887 5174 magis
905 5098 1390 5174 {quantinteritum
1411 5103 1522 5172 ejus
1547 5103 1896 5174 intelligas....
1928 5098 2164 5153 Mortuus

585 5174 741 5245 igitur
767 5172 950 5245 est—per
969 5175 1174 5228 verbum
1199 5172 1321 5245 Dei,
1355 5183 1407 5226 ut
1429 5176 1496 5226 ait
1518 5172 1789 5242 Scriptura
1807 5217 1821 5240 ,
1854 5190 1955 5227 non
1985 5187 2164 5224 secun-

624 5261 708 5298 um
729 5244 1027 5300 verbum...
1055 5245 1182 5312 Quis
1207 5244 1341 5298 enim
1361 5245 1414 5296 in
1435 5247 1650 5317 terrenis,
1671 5246 2041 5317 reliquiasejus
2073 5256 2162 5311 po-

585 5318 682 5370 tuit
700 5318 1104 5386 deprehendere,
1128 5333 1275 5385 quem
1297 5331 1464 5369 secum
1495 5332 1600 5370 esse
1627 5316 1720 5371 Dei
1741 5312 1879 5386 ﬁlius
1909 5312 1961 5368 iii
1987 5312 2163 5386 Evan-

586 5388 720 5459 gelio
741 5384 1100 5443 demonstravit
1119 5384 1147 5440 ἵ)
1165 5387 1263 5442 Ubi
1292 5387 1344 5440 in
1369 5387 1655 5440 novissima
1685 5384 1948 5459 Ambrosii
1971 5384 2162 5439 editio-

589 5458 658 5514 ne
687 5460 1119 5515 animadversum
1143 5470 1254 5522 est,
1279 5459 1427 5512 illum
1455 5459 1693 5513 Philonis
1721 5458 2038 5513 sententiam
2069 5472 2164 5510 ex-

592 5531 830 5601 primere
856 5531 1090 5586 voluisse
1115 5572 1131 5596 ,
1153 5545 1311 5601 quem
1333 5529 1402 5585 de
1421 5528 1600 5601 Moysi
1644 5539 1818 5585 morte
1869 5542 2036 5601 sensu
2061 5528 2170 5595 spi-

590 5600 732 5656 ritali
749 5601 1067 5659 disseruisse
1083 5599 1314 5665 constat,
1332 5599 1632 5670 dejlitterali
1654 5601 1831 5654 minus
1853 5599 2166 5670 sollicitum.

592 5671 1008 5752 Longe_facilius
1035 5689 1083 5752 a_
1097 5672 1346 5752 praedicta
1380 5669 1632 5752 opinione
1655 5679 1910 5752 purgatur
1938 5669 2168 5724 l-lilarius

581 5756 643 5799 ex
667 5741 825 5798 dictis
849 5744 1040 5813 capitis
1064 5745 1153 5811 l7,
1175 5759 1230 5799 n.
1259 5745 1317 5812 2,
1341 5741 1434 5801 ubi
1460 5758 1583 5800 cum
1609 5741 1928 5815 quaesisset,
1954 5755 2050 5798 cur
2097 5755 2165 5796 ex

2281 3273 2651 3344 intelligentiae
2679 3274 2834 3344 plena
2866 3284 3047 3340 esset,
3081 3287 3181 3343 pro
3207 3271 3444 3328 duobus
3469 3271 3698 3327 Dominum
3716 3279 3784 3318 rs:-

2266 3414 2520 3468 omnibus
2551 3415 2750 3471 sanctis
2780 3413 2885 3471 soli
2918 3413 3128 3485 Moyses
3176 3424 3232 3468 et
3278 3411 3441 3467 Elias
3491 3426 3604 3466 cum
3649 3408 3784 3485 Chr-:72:-

2269 3487 2650 3555 trausﬁgurato
2675 3481 3027 3553 adstiterunt,
3085 3487 3400 3552 respondet
3449 3485 3611 3555 primo
3649 3481 3720 3533 hoc
3748 3482 3786 3531 tu

2271 3554 2547 3612 l'actumbt
2571 3558 2792 3614 doceret
2815 3557 3063 3614 Christus
3095 3557 3268 3628 legis,
3302 3560 3464 3626 cujus
3519 3554 3695 3624 Moyses

2272 3628 2430 3700 lator,
2458 3645 2557 3684 nec
2580 3645 2688 3685 non
2714 3629 3096 3700 prophetarum
3123 3623 3407 3698 ,quOrutit
3441 3623 3619 3700 typuiu
3652 3623 3788 3700 geff’aﬁ

2273 3693 2446 3764 Elias,
2487 3693 3084 3756 testimoniis'lsraelem
3125 3693 3264 3754 esse
3315 3693 3683 3768 judiea'ndutn.
3712 3693 3786 3746 Tan

2275 3773 2498 3826 alteram
2528 3773 2651 3827 lacti
2674 3773 2914 3842 ejusdem
2946 3771 3210 3826 rationem
3246 3770 3458 3833 reddit,
3479 3771 3702 3824 nimirum
3721 3772 3787 3842 sit:

2279 3843 2518 3916 humanis
2545 3838 2842 3916 corporibus
2883 3845 3084 3916 (terreto
3127 3859 3237 3896 esse
3279 3842 3664 3916 resurrectionis
3699 3838 3789 3906 gis's

2276 3914 2563 3988 doceretur,
2593 3912 2708 3969 cum
2723 3915 2929 3988 quando
2960 3916 3164 3985 Moyses
3185 3915 3563 3988 conspicabilis
3605 3912 3789 3988 additae":
3834 3949 3835 3988 1

2277 3985 2444 4061 Quid.
2473 4002 2691 4061 quiti-‘0.
2737 3979 2964 4061 Moyses
3011 3979 3341 4061 conspectus
3367 3987 3437 4061 ad
3458 3982 3790 4061 restiti-abeas
3834 3979 3835 4012 ι

2275 4059 2554 4112 veritatem
2574 4057 3050 4113 demonstrandam
3076 4058 3326 4126 prodest,
3363 4057 3472 4112 nisi
3514 4057 3787 4128 mersisti

2279 4137 2550 4201 tamquam
2577 4146 2665 4184 res
2695 4138 2816 4185 nota
2844 4140 2900 4185 et
2921 4140 3195 4198 c0mperta
3223 4139 3466 4201 potiatur
3491 4129 3516 4181 ἲ
3559 4142 3648 4181 cur

2277 4195 2445 4255 altera
2491 4203 2700 4256 ratione
2751 4202 2922 4255 solum
2957 4195 3190 4255 Hilarius
3226 4195 3482 4270 Moysen
3504 4241 3522 4265 ,
3548 4214 3647 4270 non
3691 4195 3788 4248 Est:

2276 4281 2573 4340 memorat,
2602 4288 2724 4327 cum
2746 4282 2973 4342 utroque
3000 4271 3200 4341 pariter
3223 4269 3594 4342 quaestionem
3622 4269 3788 4321 instlls:

2276 4352 2358 4398 set
2381 4385 2394 4408 .
2425 4345 2526 4398 nisi
2553 4346 2673 4415 quia
2724 4343 2864 4398 hunc
2901 4345 3282 4415 translatum,
3311 4342 3470 4415 illum
3529 4351 3694 4394 autem
3726 4347 3790 4384 is!

2275 4425 2544 4470 mortuum
2567 4414 2850 4470 crederet?
2877 4415 3062 4484 Neque
3086 4429 3212 4469 vero
3233 4414 3322 4468 hic
3347 4414 3498 4468 illius
3530 4427 3620 4465 aut
3647 4419 3792 4486 tumea

2275 4495 2366 4540 aut
2389 4487 2716 4556 sepulturam
2746 4495 2904 4555 negat
2925 4529 2938 4550 ,
2969 4486 3062 4541 sed
3090 4487 3272 4538 mortis
3293 4495 3343 4538 et
3376 4485 3660 4553 sepulturae

2198 4582 2245 4641 Ι)
2274 4557 2464 4641 tionem
2479 4556 3189 4641 “singulariconsideratione
3212 4557 3435 4638 dignam
3459 4557 3700 4609 observat
3723 4563 3795 4601 261'

2271 4645 2374 4695 que
2390 4631 2461 4684 ita
2478 4630 2532 4683 in
2555 4629 2848 4698 Scripturis
2861 4637 3111 4693 tractata,
3135 4629 3288 4698 quasi
3319 4643 3422 4681 nos
3446 4640 3730 4696 praapararc
3749 4634 3800 4698 ις*

2272 4690 2528 4763 inissent,
2559 4690 2755 4772 uteum
2775 4699 2886 4772 jam
2918 4701 3084 4754 videri
3098 4690 3351 4772 potuisse
3383 4690 3733 4772 crederemus.
3750 4690 3801 4772 it

2272 4787 2337 4827 eo
2369 4782 2546 4826 autem
2573 4771 2714 4840 quod
2762 4771 2997 4842 Moysen
3040 4785 3204 4824 unum
3252 4769 3525 4842 opinatur,
3560 4786 3624 4823 ex
3666 4768 3805 4840 dies;

2272 4843 2500 4898 testibus
2524 4858 2674 4909 esse,
2735 4840 2871 4913 quos
2915 4840 3192 4897 Iohannes
3232 4841 3680 4913 abigantichristo

2273 4915 2500 4970 tuendos
2527 4914 2656 4968 dicit
2684 4931 2697 4978 ;
2727 4912 2833 4967 non
2863 4915 3103 4984 sequitur
3125 4914 3273 4967 illum
3300 4912 3469 4981 Moysi
3497 4923 3714 4966 mortem
3743 4920 3808 4984 ot-

2273 5000 2458 5055 gasse,
2491 4985 2585 5040 sed
2606 4995 2809 5040 tantum
2829 4980 2955 5040 eam
2992 4985 3066 5038 illi
3118 4980 3587 5039 resurrectionem
3634 4980 3806 5035 umidas

2275 5057 2570 5130 indultam,
2621 5073 2747 5130 qute
2780 5055 2939 5130 morti
2982 5055 3214 5124 amplius
3275 5057 3519 5110 obnoxia
3564 5070 3667 5108 non
3699 5059 3806 5130 esset

2271 5127 2421 5195 Quod
2443 5129 2604 5183 etiam
2633 5128 2700 5182 de
2721 5127 2952 5199 Jeremia
2993 5129 3265 5182 senserint
3285 5142 3516 5182 necesse
3541 5137 3623 5199 le
3647 5167 3660 5186 .
3688 5127 3755 5192 qui
3772 5127 3810 5199 A13“

2272 5199 2380 5254 lum
2408 5214 2472 5254 ex
2499 5199 2604 5253 illis
2627 5197 2852 5254 testibus
2881 5200 3108 5253 alterum
3140 5212 3264 5253 esse
3289 5199 3501 5253 volunt.
3535 5197 3695 5252 Nemo
3717 5197 3806 5246 eniti

2271 5279 2385 5335 est,
2437 5271 2528 5341 qui
2626 5271 2692 5325 de
2767 5271 2930 5341 illius
3010 5278 3186 5324 morte
3260 5285 3526 5341 umquam
3587 5265 3805 5341 dubitari!-

2272 5336 2512 5410 Denique
2543 5341 2628 5395 his
2670 5340 2846 5396 verbis
2892 5381 2905 5405 ,
2973 5341 3090 5395 licet
3134 5341 3295 5394 varia:
3350 5336 3431 5394 uel
3481 5340 3546 5394 de
3588 5336 3808 5410 Erret-ltro

2269 5411 2334 5466 de
2377 5403 2602 5467 Jéremia
2648 5403 2986 5484 plurimorum
3039 5413 3328 5466 exstiterint
3384 5412 3680 5484 Opinionrs,
3725 5403 3809 5484 exe-4

2273 5484 2490 5538 alterum
2515 5481 2843 5555 eorumsicut
2870 5483 3037 5537 Etiam
3060 5485 3191 5538 mori
3215 5481 3494 5555 Oporteut;
3515 5485 3646 5537 satis
3673 5481 3810 5555 indigi

2272 5569 2332 5610 se
2358 5556 2505 5611 solos
2538 5554 2726 5610 Enoch
2747 5563 2800 5610 et
2832 5555 3001 5610 Eliam
3025 5569 3055 5609 a
3077 5549 3389 5611 nobis'sine
3421 5561 3600 5611 morte
3644 5549 3809 5608 transl?

2275 5637 2357 5682 tos
2385 5627 2748 5684 existimasse.
