3882 6332
46 321 167 382 loss
769 301 784 311 ’
878 320 1423 382 COMMENTARIUS
1463 325 1525 380 IN
1568 329 1628 383 λι.

1770 327 2000 386 ΗκΕυΜ.
2043 327 2193 386 CAP.
2238 329 2380 386 XXI.
3173 334 3310 392 1051

47 444 118 491 ter
139 435 309 490 oravit.
349 435 480 492 Duze
501 436 643 493 enim
669 446 794 493 sunt
818 439 1126 494 vocationes
1149 456 1213 495 ex
1257 439 1422 495 lsrael
1455 458 1468 494 :
1501 455 1600 495 una
1631 441 1681 502 A
1713 443 1850 498 viam
1887 444 1955 516 (Ῑ)
1985 445 2236 500 adsident
2266 462 2280 500 :
2311 446 2491 516 populi
2522 445 2772 501 videlicet
2809 446 3051 516 gentium
3093 445 3202 502 duo
3242 463 3311 504 ex

47 531 396 600 discipulorum
447 531 701 600 Joannis,
748 532 828 604 (a)
853 533 1020 588 altera
1055 549 1150 604 per
1176 535 1450 604 apostolos
1471 533 1605 605 pha-
1707 535 1874 592 Cham
1907 547 1963 594 et
1987 538 2185 608 Japhet
2216 539 2486 609 procreati
2513 555 2767 610 egressus
2820 549 2876 594 ct
2921 539 3024 595 iter
3066 539 3182 610 ejus
3210 540 3310 596 ob-

51 621 320 679 risatorum.
351 622 594 695 Namque
614 625 1060 695 postpassionem
1109 624 1334 680 Joannis
1356 624 1605 695 superius
1706 625 2219 702 servant,'sibiquc
2277 632 2436 688 cmcis
2479 632 2657 687 visum
2721 631 2875 688 reddi
2930 632 3312 702 deprecantur.

47 715 250 786 legimus
273 715 575 786 discipulos
603 717 723 788 ejus
751 716 818 772 ad
847 716 1133 772 Dominum
1164 717 1443 773 transisse.
1478 716 1606 772 Ideo
1710 721 1955 796 Denique
1985 740 2079 780 eos
2102 725 2256 780 turba
2289 725 2538 798 objurgat
2560 741 2656 782 cur
2684 727 2946 792 clament,
2970 736 3024 782 et
3048 725 3317 782 utsileant

41 808 180 881 igitur
201 825 290 880 pro
321 810 535 867 duobus
557 820 768 877 oratur,
791 811 916 882 quia
946 810 1243 882 Evangelia
1275 811 1477 867 ChriSti
1524 811 1607 866 hae
1710 814 1955 887 increpat
1993 835 2006 871 ε
2044 833 2151 874 non
2181 818 2325 889 quod
2353 819 2627 875 silentium
2659 835 2826 876 causa
2854 818 3076 876 honoris
3129 819 3316 890 exige-

41 902 326 958 vocationes
369 905 603 974 geminae
640 903 1006 960 crediderunt.
1032 904 1162 960 Post
1185 903 1299 959 haec
1330 905 1490 975 igitur
1509 902 1606 959 de-
1710 919 1865 977 rent,
1898 911 1994 967 sed
2026 912 2221 968 acerbe
2244 928 2273 966 a
2299 913 2459 968 (necis
2512 913 2740 970 audiunt
2794 914 2940 984 quod
2996 914 3308 986 negabant,

39 995 402 1066 cemdiSCipu“
429 997 733 1052 οοηιτίδιὶιῑί
759 1003 887 1051 sum
932 995 1000 1052 de
1053 995 1304 1052 fratribus
1346 994 1556 1050 dUODUS
1591 1011 1604 1047 ε
1713 1001 1998 1060 Dominum
2025 1021 2149 1064 esse
2174 1008 2341 1064 David
2375 1009 2568 1065 lilium.
2603 1009 2928 1066 llluminatis
2945 1011 3088 1067 enim
3137 1026 3316 1068 caeco-

40 1105 200 1147 verum
223 1089 465 1162 ipsorum
495 1089 728 1145 duorum
755 1089 1144 1160 discipulorum
1173 1089 1320 1144 nulla
1352 1087 1608 1144 mtestitia
1711 1113 1830 1154 mm
1858 1101 2133 1156 mentibus
2168 1103 2307 1158 Deus
2336 1105 2388 1158 ίη
2419 1103 2637 1160 homine
2666 1105 3063 1174 pmdicabmur
3085 1146 3099 1172 ,
3136 1115 3192 1160 υι
3219 1121 3313 1161 νε-

39 1194 126 1239 est.
155 1182 258 1238 Hoc
290 1182 428 1238 ratio
457 1197 563 1238 non
591 1182 808 1252 patitur,
836 1191 893 1237 ut
921 1180 1147 1236 alterius
1180 1179 1259 1254 (b)
1284 1179 1607 1236 contumelia
1713 1208 1830 1248 mm
1859 1203 2004 1250 esse;
2028 1195 2170 1266 quod
2199 1212 2227 1249 η
2258 1198 2487 1254 Domino
2541 1198 2745 1254 dictum
2797 1209 2880 1255 ρει
2938 1217 2951 1253 ε
3011 1199 3080 1254 ιη
3110 1201 3315 1270 judicio

39 1278 157 1334 alius
185 1278 272 1332 ﬁat
302 1287 546 1333 maestas.
578 1276 737 1332 Certe
767 1277 928 1332 etiam
959 1293 1055 1348 pro
1109 1292 1169 1332 sc
1215 1277 1401 1332 decem
1433 1275 1609 1332 moesti

1770 1288 1892 1342 undi
1920 1289 2076 1360 hujus
2105 1291 2217 1344 veni
2239 1332 2254 1357 ,
2288 1301 2342 1345 ut
2369 1293 2456 1363 qui
2483 1291 2652 1347 vident
2675 1310 2776 1348 non
2807 1293 3012 1348 videant
3033 1335 3049 1359 ,
3074 1295 3196 1348 cwci
3223 1310 3304 1349 ve-

39 1388 142 1429 6550
169 1372 498 1443 ροῑυὶδεθηις
523 1371 623 1426 50b
653 1369 882 1425 duorum
913 1371 1056 1425 θηίιη
1086 1369 1397 1425 "Ominibus
1448 1384 1614 1438 "883'
1712 1397 1771 1435 ro
1797 1382 2074 1453 respiciant
2105 1381 2286 1455 (Joan.
2319 1401 2392 1450 Ix,
2427 1385 2542 1456 39).
2574 1385 2639 1440 At
2670 1386 2749 1440 illi
2770 1387 2933 1456 magis
2961 1389 3187 1441 clamant
3217 1403 3230 1440 :
3255 1396 3312 1442 et

41 1477 138 1522 tum
164 1469 258 1522 hoc
287 1465 542 1522 omnibus
564 1465 875 1530 videbatur;
904 1465 1000 1520 sed
1034 1464 1245 1536 typicus
1268 1462 1402 1518 01·ἀο
1430 1477 1615 1518 scrva-
1714 1470 2033 1530 demorante
2079 1473 2212 1544 legis
2241 1476 2438 1546 populo
2457 1518 2472 1544 ,
2515 1477 2984 1534 vehementiorem
3026 1477 3153 1533 ﬁdei
3206 1495 3320 1535 sum

41 1570 115 1617 tus
132 1570 224 1617 est.
257 1558 497 1630 Apostoli
523 1557 669 1614 dese
691 1559 827 1620 certi
850 1566 1006 1613 erant
1033 1573 1047 1610 ε
1073 1557 1201 1613 ideo
1227 1556 1402 1612 εοιυιη
1445 1569 1610 1610 “1095-
1717 1576 2086 1637 protestantur
2123 1568 2382 1625 calorem.
2440 1571 2548 1626 Sed
2603 1573 2866 1628 Dominus
2917 1571 3226 1641 miseretur,
3258 1582 3317 1630 et

44 1655 79 1708 ti
97 1662 208 1710 sunt
231 1653 294 1709 de
320 1651 551 1716 duobus,
568 1651 690 1722 quia
705 1651 864 1707 etiam
887 1649 968 1706 his
996 1649 1201 1704 duabus
1219 1647 1607 1714 vocationibus,

1770 1658 1844 1714 tid
1898 1659 2085 1714 volunt
2113 1660 2362 1730 requirit.
2407 1660 2487 1716 llli
2535 1678 2664 1719 vero
2717 1664 2917 1735 aperiri
2962 1665 3151 1720 oculos
3193 1680 3322 1721 suos

53 1761 152 1816 quae
190 1760 251 1800 ex
290 1745 406 1816 lege
456 1754 610 1812 sunt,
666 1746 1001 1802 consortium
1050 1742 1238 1815 gloria:
1281 1741 1440 1812 hujus
1461 1748 1614 1810 Opta—

1770 1763 2030 1809 recantur.
2077 1753 2284 1822 Quibus
2315 1755 2571 1812 misertus
2601 1758 2787 1813 oculos
2818 1758 3084 1829 contigit,
3137 1767 3210 1814 et'
3247 1759 3324 1814 vi-

44 1835 170 1892 bam-
218 1836 288 1891 Ila
319 1835 463 1892 enim
487 1837 749 1891 rationem
778 1846 831 1892 el
855 1836 1019 1891 futuri
1043 1848 1093 1890 οι
1122 1833 1404 1906 ρτιεδεηιίε
1433 1847 1614 1888 sermo
1642 1847 1691 1908 B
1719 1861 1837 1902 sum
1869 1848 2236 1919 cognoscendi
2261 1849 2356 1905 Dei
2373 1849 2609 1906 reddidit
2637 1850 2850 1924 (Matth.
2878 1868 2971 1920 xx,
2996 1851 3114 1924 54).
3145 1852 3325 1924 Atque

40 1929 350 1997 moderatur,
382 1938 442 1986 ut
486 1930 680 1986 nonde
714 1944 774 1986 se
804 1946 976 2001 neque
998 1930 1184 1984 decem
1209 1971 1224 1995 ,
1249 1927 1412 2002 77o
1438 1941 1612 1997 neque

1770 1951 1951 2014 .typus
1985 1945 2385 2000 crediturarum
2417 1945 2655 2015 gentium
2697 1947 3030 2016 expleretur,
3083 1947 3325 2003 cmlestis

37 2023 129 2080 duo
150 2024 371 2081 solliciti
390 2024 775 2091 scriberentur,
803 2034 858 2080 ct
879 2025 931 2080 in
962 2025 1146 2081 decem
1165 2023 1525 2080 sollicitudine
1546 2021 1614 2077 de
1717 2035 1904 2106 gratim
1926 2037 2235 2108 cognitione
2261 2046 2516 2109 percepta
2543 2078 2558 2101 ,
2590 2037 2680 2108 qui
2707 2039 2837 2094 εωρί
2862 2039 3072 2093 fueram
3091 2078 3107 2106 ,
3136 2037 3324 2094 viden-

38 2115 253 2183 duobus,
271 2118 549 2186 prmsentis
567 2115 769 2188 negotii
793 2116 1096 2173 efﬁcientize
1123 2116 1608 2186 obtemperaretur.
1719 2135 1802 2184 ιθδ
1827 2129 2113 2186 Dominum
2142 2146 2298 2186 suum
2333 2139 2460 2186 sum
2484 2130 2675 2187 seculi,

76 2209 154 2264 i2.
188 2209 271 2264 Ad
291 2210 510 2281 gloriam
531 2210 820 2264 humilitate
839 2208 1424 2280 pervenitur.—Volens
1453 2207 1615 2278 igitur

37 2302 280 2358 Dominus
305 2302 703 2374 proprietatem
750 2303 908 2358 nobis
953 2301 1108 2358 istius
1162 2301 1616 2374 praeﬁgurationis

35 2394 338 2464 ostendere,
385 2405 547 2466 atque
581 2395 653 2468 (c)
689 2396 829 2451 hanc
859 2395 1335 2465 praesumptionem
1367 2410 1494 2462 eos,
1524 2394 1615 2466 qui

35 2498 177 2544 erant
203 2504 268 2543 ex
290 2488 408 2560 lege
429 2487 675 2554 venturi,
701 2487 769 2544 de
791 2488 1142 2559 praerogativa
1195 2487 1473 2544 israelitici
1519 2503 1615 2542 no-

35 2582 186 2636 minis
213 2581 354 2637 velle
392 2595 760 2651 praesumere;
811 2569 971 2636 docet
999 2579 1360 2652 principatum
1410 2581 1479 2636 ab
1534 2581 1617 2637 his

35 2690 128 2731 non
161 2673 327 2730 modo
351 2675 591 2746 gentium
623 2674 1045 2746 capessendum,
1101 2675 1198 2732 sed
1255 2675 1535 2732 ministros
1565 2684 1620 2733 et

34 2771 362 2836 servientes,
390 2777 446 2826 et
476 2786 582 2825 non
613 2769 808 2842 quibus
840 2769 1201 2826 ministratum
1232 2753 1332 2834 sit,
1386 2770 1453 2826 ad
1497 2770 1618 2842 glo-

35 2861 158 2916 riam
191 2861 415 2917 honoris
443 2862 662 2916 maximi
688 2861 1034 2918 advocandos
1064 2861 1225 2938 (Ibid.
1257 2861 1352 2935 25)
1386 2881 1397 2916 :
1429 2878 1616 2919 exem-

36 2953 117 3024 plo
141 2953 352 3010 scilicet
384 2955 810 3026 patriarcharum
848 2965 902 3011 et
933 2955 1315 3027 pr0phetarum
1371 2956 1462 3028 qui
1506 2972 1623 3012 ser-

2216 2257 2378 2332 771
2419 2255 2648 2314 CAPUT
2690 2257 2836 2312 XXI.

1724 2369 1802 2427 De
1854 2372 2000 2427 asina
2043 2383 2094 2426 et
2146 2372 2288 2443 pullo
2315 2374 2426 2442 ejus
2450 2415 2465 2440 ,
2499 2373 2562 2428 de
2589 2373 2764 2443 ejectis
2790 2389 2823 2427 a
2853 2373 3040 2444 templo
3086 2389 3329 2427 nummu-

1795 2463 1941 2519 lariis
1963 2507 1977 2532 ,
2006 2464 2070 2519 de
2091 2465 2194 2535 ﬁcu
2221 2466 2496 2521 maledicta
2515 2509 2529 2534 ,
2556 2465 2620 2520 de
2649 2466 2847 2520 duobus
2874 2464 2998 2536 ﬁliis
3028 2465 3097 2520 ad
3123 2466 3324 2520 vineam

1796 2557 1995 2622 missis,
2019 2556 2082 2611 de
2108 2557 2394 2630 publicanis
2425 2568 2473 2611 et
2501 2558 2870 2612 meretricibus.

1798 2674 1852 2729 1.
1881 2672 2154 2743 Superiori
2183 2689 2298 2746 cap.
2333 2673 2449 2728 dua:
2493 2674 2783 2729 vocationes
2823 2691 2887 2730 ex
2937 2673 3142 2742 Israel,
3193 2692 3330 2730 nunc

1725 2767 1936 2823 totidem
1962 2784 2026 2823 ea:
2051 2766 2286 2840 gentibus
2307 2769 2709 2840 prwsigrtantur.
2728 2799 2800 2809 —
2831 2768 2974 2824 Tunc
3001 2775 3156 2826 Iesus
3195 2771 3334 2825 misit

1727 2863 1857 2918 duos
1885 2879 1948 2918 ea:
1971 2862 2245 2933 discipulis
2278 2863 2384 2917 suis
2409 2862 2583 2917 dicens
2624 2879 2643 2917 :
2670 2860 2754 2916 Ite
2798 2864 2851 2917 in
2881 2863 3149 2918 castellum
3196 2865 3335 2934 quod

1728 2965 1907 3010 contra
1923 2971 2012 3010 vos
2027 2965 2122 3023 est,
2141 2963 2247 3011 etc.
2275 2953 2490 3028 (Matth.
2519 2971 2630 3022 xxi,
2649 2956 2674 3010 1
2698 2965 2744 3010 et
2765 2953 2846 3028 3).
2872 2956 2984 3010 Duo
2998 2955 3248 3027 discipuli
3263 2957 3334 3012 ad

36 3045 221 3102 vierint
243 3088 260 3114 ,
289 3046 556 3118 exemplo
580 3047 741 3102 etiam
772 3048 1144 3118 apostolorum
1195 3048 1287 3120 qui
1345 3047 1623 3104 ministra-
1728 3047 1906 3104 vicum
1934 3048 2247 3114 mittuntur,
2277 3056 2336 3103 ut
2357 3046 2564 3104 asinam
2595 3048 2812 3118 ligatam
2842 3064 2965 3104 cum
3009 3049 3162 3120 pullo
3211 3048 3330 3120 ejus

33 3141 208 3196 verint
229 3182 244 3207 ,
277 3141 526 3212 exemplo
559 3141 722 3198 etiam
780 3142 992 3198 Domini
1041 3145 1132 3215 qui
1174 3145 1410 3200 animam
1470 3158 1622 3200 suam
1732 3139 2040 3205 absolvant,
2065 3150 2226 3212 atque
2255 3139 2323 3195 ad
2349 3155 2472 3194 eum
2494 3139 2795 3212 perducant
2823 3157 2836 3192 :
2869 3149 2923 3195 et
2943 3140 2986 3195 si
3005 3141 3126 3210 quis
3160 3140 3332 3196 inter-

34 3247 122 3301 pro
153 3231 532 3302 redemptione
561 3244 764 3289 nostra:
795 3235 985 3290 salutis
1020 3235 1367 3306 impenderit.
1394 3235 1476 3292 Ad
1503 3236 1621 3308 glo-
1652 3249 1697 3312 ρ
1732 3243 1885 3306 roget
1912 3251 2008 3290 cur
2036 3234 2108 3289 ita
2142 3233 2233 3288 ﬁat
2259 3276 2272 3300 ,
2307 3233 2674 3305 respondeant
2697 3234 2927 3289 Domino
2954 3235 3294 3290 necessarios
3324 3276 3341 3303 ,

30 3326 162 3380 riam
189 3333 374 3382 autem
399 3325 720 3382 humilitatis
766 3327 949 3395 istius,
980 3344 1150 3385 ctenae
1187 3345 1281 3386 eos
1311 3329 1391 3404 (ά)
1419 3340 1474 3386 et
1497 3346 1630 3386 con-
1731 3341 1796 3382 ac
1847 3328 2029 3382 statim
2061 3326 2135 3399 (g)
2166 3327 2542 3383 remittendos.
2571 3326 2703 3382 Post
2731 3327 3070 3395 superiorem
3122 3341 3332 3382 sermo-

34 3418 164 3474 vivii
193 3417 358 3474 modo
384 3418 602 3474 instruit
628 3417 784 3492 (Luc.
814 3436 934 3489 xiv,
966 3420 1023 3493 8)
1054 3440 1066 3476 :
1095 3438 1324 3479 monens
1376 3423 1429 3478 in
1492 3424 1630 3481 locis
1732 3436 1857 3477 nem
1878 3462 1893 3488 ,
1925 3437 2032 3491 quo
2061 3421 2113 3476 in
2147 3420 2357 3477 duobus
2381 3420 2510 3476 ﬁliis
2551 3419 2800 3476 Zebedzei
2831 3417 3100 3488 duplicem
3147 3434 3213 3474 ex
3260 3418 3341 3474 ls-

30 3510 484 3566 eminentioribus
504 3511 753 3567 accubari
785 3527 890 3567 non
918 3523 1208 3586 oportere,
1264 3531 1333 3572 ne
1379 3515 1520 3573 forte
1563 3533 1630 3574 eo
1732 3512 1846 3568 rael
1893 3511 2232 3569 vocationem
2276 3511 2634 3584 signiﬁcatam
2686 3511 3052 3577 meminimus:
3109 3524 3333 3581 οοιιιρο-

31 3601 356 3659 adveniente
381 3603 474 3674 qui
503 3605 701 3660 clarior
727 3613 850 3673 est,
884 3605 980 3677 per
1005 3607 1283 3664 dominum
1334 3625 1508 3668 cana;
1539 3627 1631 3668 oc.
1734 3612 1912 3662 tenter
1932 3621 2076 3662 nunc
2105 3604 2212 3661 duo
2240 3605 2490 3676 discipuli
2537 3604 2605 3659 ad
2653 3603 2970 3660 solvendam
3017 3601 3226 3660 asinam
3280 3612 3337 3658 et

32 3705 235 3767 cupato
263 3695 384 3752 loco
412 3694 484 3770 (c)
528 3713 656 3754 cum
687 3699 899 3755 decenti
946 3703 1277 3759 contumelia
1323 3705 1633 3764 admonitus
1735 3699 1940 3770 pullum
1962 3697 2306 3754 destinantur
2337 3715 2351 3756 :
2383 3697 2508 3768 quia
2551 3697 2750 3768 duplex
2802 3705 2922 3753 erat
2967 3711 3033 3752 ex
3088 3695 3344 3768 gentibus

29 3785 287 3844 decedat.
319 3787 491 3845 Porro
539 3800 719 3847 autem
769 3793 814 3848 si
847 3793 900 3848 in
934 3793 1228 3853 humilibus
1279 3800 1632 3869 accubuerit;
1736 3794 1908 3865 plebis
1934 3794 2149 3850 vocatio
2175 3803 2555 3850 consecutura.
2605 3791 2777 3848 Erant
2806 3793 2955 3848 enim
3009 3804 3172 3863 atque
3215 3799 3344 3847 sunt

29 3881 459 3938 advenientibus
483 3882 892 3954 humilioribus,
923 3887 989 3942 ad
1037 3889 1263 3960 gloriam
1296 3891 1398 3947 loci
1433 3893 1634 3949 celsio-
1739 3889 2057 3958 Samaritae,
2093 3889 2326 3962 profecti
2353 3889 2627 3961 quondam
2659 3905 2755 3960 per
2781 3888 3150 3946 secessionem
3179 3903 3246 3942 ex
3265 3887 3340 3944 le-

27 3976 98 4032 ris
125 3975 383 4032 accedet.
410 3976 586 4048 Atque
613 3978 684 4033 ita
717 3994 824 4034 non
858 3994 1189 4050 prmsumere
1232 3984 1435 4055 aliquid
1465 3985 1635 4042 hono-
1738 3996 1840 4052 ge,
1869 3992 1924 4038 et
1953 3984 2054 4039 sub
2081 3982 2314 4054 quadam
2365 3979 2726 4037 observantiae
2775 3995 2889 4035 suae
2944 3977 3342 4034 consuetudine

27 4069 97 4124 ris
132 4068 343 4136 decet,
368 4068 466 4124 sed
494 4069 816 4127 humilitatis
844 4072 1098 4143 operibus
1134 4076 1450 4143 promereri.
1739 4076 2038 4132 servientes
2071 4086 2263 4132 :erant
2284 4075 2448 4131 etiam
2468 4055 2658 4144 gentes
2679 4071 2958 4128 indomitae
3003 4081 3057 4125 et
3108 4069 3341 4125 feroces.

93 4165 197 4222 15.
232 4163 371 4219 Cteci
390 4162 514 4232 duo,
534 4175 705 4238 gentes
727 4182 790 4221 ea:
809 4165 972 4222 Cham
997 4177 1043 4225 et
1071 4165 1280 4241 Japhet.
1312 4168 1479 4225 Deum
1508 4188 1639 4242 prw-
1743 4169 1910 4240 Igitur
1935 4169 2044 4226 duo
2074 4169 2381 4234 mittuntur,
2411 4175 2470 4222 ut
2499 4165 2710 4222 solvant
2737 4165 2934 4236 ligatos
2964 4173 3018 4219 et
3049 4163 3344 4219 obstrictos

27 4258 213 4314 dicant
244 4257 524 4315 Christum.
549 4288 620 4302 -—
641 4260 707 4315 Et
731 4263 1104 4335 egredientibus
1136 4264 1243 4320 illis
1286 4265 1348 4320 ab
1378 4264 1592 4321 Jericho
1621 4309 1637 4334 ,

29 4363 212 4409 secuta
243 4363 318 4408 est
345 4369 460 4409 eum
481 4356 630 4410 turba
656 4357 818 4412 multa
851 4368 937 4413 :et
957 4375 1071 4414 ecce
1091 4359 1196 4414 duo
1240 4359 1362 4416 claci
1411 4361 1641 4416 sedentes

29 4467 192 4522 super
215 4449 353 4504 viam
381 4451 656 4507 audierunt
677 4453 815 4525 quod
835 4451 991 4510 Iesus
1019 4455 1222 4522 transit,
1255 4463 1361 4513 etc.
1401 4454 1421 4528 (
1445 4454 1638 4510 Matth.

29 4559 95 4597 xx
129 4583 148 4609 ,
185 4541 306 4612 30).
338 4542 597 4614 Superius
629 4560 724 4616 per
740 4547 965 4616 ﬁguram
998 4547 1226 4602 duorum
1258 4547 1493 4604 ﬁliorum
1537 4548 1641 4605 Ze-

1744 4271 1800 4318 et
1824 4263 2027 4320 erroris
2052 4272 2210 4334 atque
2237 4259 2558 4334 ignorantiae
2579 4256 2813 4314 vinculis
2842 4255 3176 4330 praepeditos
3232 4271 3245 4310 :
3290 4261 3348 4310 et

1746 4360 2034 4415 mittuntur
2058 4366 2208 4412 extra
2239 4353 2542 4411 Jerusalem
2567 4368 2582 4418 ;
2612 4361 2767 4407 extra
2790 4364 2910 4406 eam
2937 4350 3082 4405 enim
3109 4347 3195 4404 hze
3220 4345 3345 4402 dum

1748 4454 2061 4508 vocationes
2092 4450 2448 4506 habebantur.
2479 4447 2750 4504 Caeterum
2781 4454 2956 4501 mater
2981 4443 3216 4501 ﬁliorum
3243 4443 3345 4500 Ze-

1750 4548 1922 4605 bedzei
1963 4548 2106 4602 intra
2147 4545 2446 4602 Jerusalem
2496 4542 2781 4599 Dominum
2839 4541 3015 4596 oravit
3064 4555 3080 4594 ε
3138 4537 3352 4594 duabus

29 4633 215 4691 bedaei
241 4674 255 4699 ,
307 4634 374 4690 de
401 4635 699 4692 Israelitico
731 4639 930 4709 populo
961 4648 1247 4696 tractatum
1295 4649 1412 4708 est,
1444 4642 1536 4712 qui
1575 4657 1642 4698 ex
1669 4655 1724 4717 Ῑ)
1751 4641 1897 4698 enim
1925 4636 2489 4695 vocationibuslsrael
2515 4635 2604 4692 vel
2659 4651 2756 4706 per
2797 4633 3077 4706 apostolos
3127 4631 3211 4686 vel
3252 4645 3351 4701 per

31 4729 254 4785 semine
279 4727 410 4784 Sem
435 4739 553 4785 erat
578 4740 750 4786 ortus.
781 4731 1168 4802 Competenter
1197 4733 1360 4804 igitur
1388 4735 1519 4790 caeci
1543 4734 1650 4791 duo

97 4843 190 4921 (a)
211 4842 296 4921 Ita
327 4861 516 4901 omnes
537 4862 673 4921 mss.
701 4847 843 4903 Editi
874 4864 1002 4904 vero
1021 4891 1035 4915 ,
1067 4850 1232 4905 altera
1275 4852 1630 4921 apostolorum

31 4927 66 4973 at
98 4915 533 4998 pharisaoruni:
555 4918 641 4974 cui
662 4919 878 4998 lectioni
908 4931 1170 4998 repugnat
1191 4915 1476 4998 qnodpost
1503 4940 1632 4998 pau-

33 5006 85 5045 :a
124 4989 447 5057 subjicitur,
473 4991 703 5061 Apostoli
732 4993 795 5046 de
814 5010 868 5047 se
891 4989 1012 5047 certi
1047 4989 1240 5060 'erant‘;
1291 4989 1408 5051 ideo
1465 4989 1635 5050 solum

34 5061 210 5116 nevin
246 5070 366 5114 sunt
393 5063 454 5115 de
485 5063 714 5128 duobus;
739 5066 860 5134 quia
891 5065 1041 5118 etiam
1061 5064 1142 5119 his
1172 5066 1373 5120 duabus
1413 5067 1640 5122 vocatio-

33 5134 196 5210 nibus
218 5147 342 5199 qua:
366 5149 430 5186 ea:
457 5134 566 5210 lege
593 5145 740 5201 sunt,
771 5137 1083 5210 consortium
1108 5138 1288 5210 gloria:
1315 5137 1473 5210 hujus
1494 5149 1642 5207 apta-

34 5205 202 5267 ‘mnt;
237 5217 454 5277 necnon
486 5205 590 5260 hoc
617 5222 737 5277 cap.
791 5207 855 5260 21
881 5249 896 5272 ,
931 5224 986 5262 n.
1017 5223 1033 5261 ι
1065 5225 1078 5258 :
1109 5205 1322 5262 Duabus
1345 5205 1478 5264 enim
1495 5205 1644 5264 vocu-

34 5277 275 5349 ‘ionibus
302 5272 566 5330 lsraelvel
595 5272 964 5349 per'apostolos
1012 5279 1090 5334 vel
1145 5296 1238 5349 per
1288 5279 1543 5335 Joannem
1593 5297 1656 5337 ea:

33 5350 156 5419 'egei
170 5346 436 5419 salvetur.

104 5416 194 5490 (b)
229 5418 532 5492 Beccensis
554 5417 756 5483 codex,
787 5422 1026 5475 maestitia
1059 5439 1077 5476 :
1103 5437 1285 5492 prave.
1342 5422 1458 5478 Non
1513 5423 1656 5479 enim

35 5489 155 5556 hic,
193 5490 350 5560 quod
383 5489 674 5560 diligenter
697 5489 1117 5558 advertendum,
1168 5504 1394 5550 maestos
1420 5495 1536 5548 vult
1566 5495 1660 5548 lli-

35 5563 226 5634 larius
261 5561 583 5634 apostolos,
611 5562 752 5634 quod
781 5561 1025 5634 quzedam
1058 5563 1338 5634 privilegia
1369 5565 1473 5620 sibi
1503 5581 1658 5621 arro-

35 5633 307 5706 gaverint
333 5630 586 5706 lebedzei
613 5630 740 5706 ﬁlii,
764 5631 865 5706 sed
886 5631 1029 5700 quod
1060 5630 1337 5702 postulata
1369 5651 1475 5690 non
1503 5637 1660 5704 impe-

35 5701 770 5776 traverint._Mtestos_dicit
817 5701 886 5755 ob
932 5701 1349 5772 contumeliam,
1399 5721 1502 5776 qua
1553 5701 1662 5764 duo

50 5784 305 5846 psor_um
340 5769 538 5824 fratres
554 5770 736 5846 allecti
769 5779 893 5825 sunt
916 5786 1010 5839 per
1038 5776 1312 5844 repulsam
1338 5769 1356 5830 ἐ
1389 5769 1564 5846 neque
1590 5779 1664 5835 ob

37 5841 340 5912 repulsam
366 5854 528 5911 quam
553 5841 627 5894 illi
651 5841 702 5894 in
727 5857 787 5896 se
810 5849 864 5896 et
916 5857 1014 5898 suo
1051 5841 1307 5917 nomine,
1357 5847 1452 5905 sed
1478 5841 1664 5920 'qua'm

503 5968 506 5970 η
555 5934 828 5997 ΡΑΤιιοι.
874 5933 988 5996 ΙΧ.

1758 4735 2020 4792 Joannem
2067 4749 2134 4789 ex
2185 4731 2301 4803 lege
2369 4729 2631 4786 salvatur.
2694 4728 2892 4784 Verum
2923 4725 3006 4801 (h)
3052 4739 3204 4796 reque
3255 4737 3354 4793 per

1741 4852 1962 4908 nomine
2011 4848 2239 4905 duarum
2306 4847 2654 4902 vacationum
2700 4844 2878 4914 gentis
2935 4857 3048 4900 suae
3100 4852 3355 4928 perpess:

1739 4933 1892 5064 εωίἑδ
1917 4995 2015 5050 llic
2045 4989 2406 5066 supplendum
2427 5029 2442 5055 ,
2491 4987 2664 5042 volens
2696 4987 2982 5066 ostendere.
3043 4983 3202 5048 Mox,
3250 4924 3358 5038 nor:

1747 5059 1901 5139 modo
1933 5059 2192 5136 gentium,
2229 5065 2280 5120 id
2309 5071 2425 5139 est,
2457 5076 2562 5139 non
2585 5075 2736 5139 more
2762 5059 3050 5139 gentiuma
3089 5127 3121 5139 η

1823 5138 1901 5209 (d)
1921 5127 2413 5205 Bad.,etcommuni
2436 5132 2614 5209 modo;
2646 5127 2798 5209 Parf,
2826 5140 2872 5186 et
2903 5127 3121 5182 convicii
3154 5127 3308 5209 modo
3336 5140 3356 5181 :

1760 5199 2038 5267 mendose.
2074 5199 2428 5282 llancautem
2458 5205 2773 5282 parabolam
2799 5244 2816 5270 ,
2843 5214 3005 5282 quam
3060 5201 3203 5282 apud
3247 5199 3360 5254 Lu-

1762 5297 1881 5338 cam
1913 5283 2204 5338 dumtaxat
2233 5281 2417 5348 legere
2455 5269 2569 5342 est,
2605 5275 2692 5348 hic
2722 5269 2874 5329 forte
2908 5269 3149 5326 Hilarius
3176 5272 3232 5324 in
3258 5285 3360 5326 suo

1762 5354 2058 5423 exemplari
2082 5347 2380 5407 subnexam
2405 5347 2674 5423 habuerit.

1837 5410 2094 5499 (c)-Apud
2119 5423 2242 5478 Par.
2276 5418 2590 5499 concedenti.
2615 5415 2840 5499 ΔΙηξείιίἰε
2862 5413 2993 5499 edit.
3028 5410 3360 5499 comedendi.

1762 5497 1820 5553 In
1842 5484 1947 5551 ‘séx
1978 5484 2111 5552 mss.
2139 5495 2394 5549 caenandi.
2429 5491 2510 5546 Ex
2528 5485 2741 5544 caeteris
2766 5484 3102 5542 reStituimus
3133 5499 3250 5536 cum
3272 5486 3366 5538 de-

1765 5578 1917 5711 wl‘f').
1946 5637 2088 5711 Editi
2125 5681 2139 5704 ,
2170 5637 2402 5711 obsident
2420 5649 2452 5711 _:
2481 5627 2846 5711 renitentibus
2872 5640 3020 5711 mss;
3066 5695 3077 5706 _
3133 5710 3136 5711 ν
3315 5697 3327 5710 .

1946 5709 2036 5766 Sic
2065 5695 2196 5766 mss.
2228 5710 2316 5764 hic
2343 5702 2579 5782 etinlra:
2633 5701 2724 5782 _At‘
2753 5698 2889 5754 editi
2920 5695 3148 5753 inferius
3171 5737 3186 5762 ,
3226 5697 3376 5752 emit-

1769 5768 1946 5852 tendus
1964 5824 1980 5845 ,
2009 5782 2152 5852 quod
2182 5775 2464 5852 etiam‘hic
2490 5768 2814 5852 habetPar.

1842 5851 1925 5925 (h)
1955 5836 2012 5907 ln
2027 5836 2288 5924 'vulgatis,
2303 5848 2534 5916 adaque.
2554 5840 2877 5898 Rctinemus
2899 5854 3022 5898 cum
3035 5852 3168 5895 mss.
3191 5836 3382 5912 Rom.,

2790 5936 2870 5999 33
