4046 6340
495 265 519 319 1
530 261 636 320 059

1713 253 1960 314 δλΝΟΤΙ
2003 254 2255 313 lllLARll
2297 253 2600 314 EPISCOPI

3671 247 3826 307 £050

497 378 731 443 ditates,
782 383 837 431 et
893 373 1279 448 turpitudinum
1320 373 1692 430 confusionem
1743 373 2091 428 infructuosis
2120 375 2168 436 Α
2199 373 2312 445 ip<a
2344 372 2740 428 Pharisaeorum
2783 370 3067 441 reSponsio
3097 369 3224 441 quid
3265 367 3524 425 momenti
3559 366 3769 422 habent
3803 406 3818 431 ,

501 479 647 526 esset
672 468 958 524 verborum
983 467 1297 523 velamentis
1327 476 1595 538 tamquam
1631 468 1764 522 ficus
1802 467 1942 522 foliis
1965 482 2096 522 con-

504 571 731 618 tectura.
760 561 936 631 Atque
975 561 1093 616 hare
1129 559 1348 630 quidem
1377 561 1443 616 de
1468 571 1656 614 natura
1686 559 1896 614 arboris
1941 559 2100 627 hujus

505 655 787 726 interjecta
819 667 981 720 sunt,
1012 664 1069 708 nt
1094 654 1512 724 comparationis
1553 655 1850 725 proprietas
1875 651 2099 722 intelligi

507 756 716 820 posset.
747 747 1008 820 Reliquus
1047 748 1227 821 itaque
1252 758 1526 820 gestorum
1559 748 1693 804 ordo
1730 755 1814 804 est
1840 758 2104 803 contuen-

501 844 623 901 dus.

576 938 666 994 10.
703 936 1090 992 Pharismorum
1144 937 1207 992 de
1246 936 1468 992 Joannis
1498 936 1751 1007 baptismo
1799 949 2105 1007 responsum

500 1032 589 1102 qui
611 1048 804 1087 verum.
833 1059 907 1072 —
927 1029 1185 1087 Pharisaei
1215 1031 1378 1086 multa
1421 1029 1620 1086 exinde
1649 1029 1900 1086 viderant
1922 1025 1998 1102 (a)
2027 1029 2108 1084 in-

502 1125 752 1198 gentibus
801 1125 972 1196 magis
1015 1123 1176 1196 digna
1216 1122 1525 1180 miraculis:
1561 1123 1655 1181 sed
1695 1138 1838 1180 nunc
1873 1121 2109 1179 maxime

502 1219 721 1276 solliciti
749 1227 896 1287 sunt,
929 1228 986 1276 et
1031 1221 1395 1290 interrogant,
1452 1219 1506 1274 in
1534 1235 1637 1290 qua
1665 1217 1784 1274 hmc
1813 1217 1971 1274 faciat
2006 1231 2107 1287 po-

504 1319 698 1369 testate
731 1310 969 1385 (Matth.,
1003 1327 1112 1380 xu,
1142 1309 1263 1384 25).
1289 1311 1396 1367 Res
1424 1312 1590 1378 enim,
1633 1312 1734 1367 sub
1762 1310 2106 1382 praesentium

501 1413 780 1477 gestorum
834 1403 1150 1472 effectibus,
1193 1404 1384 1475 ingens
1436 1403 1737 1460 futurorum
1786 1403 2112 1475 complecte-

501 1501 663 1557 batur
691 1514 970 1556 arcanum.
1002 1499 1177 1571 Atque
1225 1499 1426 1554 idcirco
1475 1515 1540 1555 ex
1582 1513 1647 1554 co
1686 1497 1997 1571 specialiter
2025 1497 2109 1552 in-

503 1591 817 1665 terrogandi
849 1592 1120 1664 reperitur
1151 1590 1457 1657 instinctus,
1493 1592 1594 1646 sub
1628 1607 1733 1662 quo
1775 1592 1938 1647 totius
1965 1591 2110 1662 peri-

507 1685 620 1741 culi
671 1682 1040 1756 praaformatio
1082 1683 1475 1754 proferebatur.
1521 1683 1780 1740 Dominus
1818 1683 2113 1755 respondet

2203 466 2553 536 qumrendum
2587 474 2688 520 est.
2725 465 2916 520 Dicunt
2947 464 3209 520 voluntati
3240 466 3404 539 776
3429 463 3504 535 (ε)
3525 462 3818 534 iuniorem

2209 561 2480 616 obcdisse.
2515 559 2626 616 lloc
2657 577 2835 616 rerum
2861 560 3000 616 ratio
3029 575 3134 616 non
3167 561 3370 631 patitur
3390 601 3404 623 ,
3455 566 3528 636 ut.
3553 556 3821 612 simulata

2211 651 2475 723 professio
2501 652 2750 708 meritum
2769 651 3015 724 perfectae
3038 651 3279 707 veritatis
3304 650 3581 714 obtineat;
3612 657 3672 704 ut
3695 647 3821 718 plus

2205 747 2548 804 sitfefellisse
2578 747 2955 818 Spondentem,
2983 763 3140 818 quam
3173 745 3467 817 perfecisse
3491 745 3680 800 omnia
3710 758 3820 797 non

2209 839 2575 910 pollicentem.
2628 840 2761 909 Quis
2817 848 2996 895 autem
3048 854 3156 894 non
3207 838 3359 894 malit
3405 836 3594 909 negari
3628 836 3737 892 sibi
3768 833 3823 891 id

2206 931 2347 1001 quod
2381 943 2586 1004 poscat,
2610 931 2904 988 dummodo
2933 933 2984 988 id
3009 931 3152 1003 quod
3177 931 3486 1002 p0poscerit
3509 930 3824 999 fiat,'quam

2207 1041 2313 1081 non
2349 1025 2462 1081 fieri
2491 1024 2633 1097 quod
2661 1025 2993 1097 spondeatur
3035 1036 3091 1080 ut
3114 1025 3238 1091 fiat;
3267 1041 3388 1081 cum
3430 1023 3559 1078 faeti
3587 1021 3825 1078 effectus

2208 1137 2275 1177 ex
2310 1120 2689 1191 desperatione
2731 1121 2800 1176 sit
2853 1119 3092 1192 gratior,
3149 1133 3276 1190 spes
3328 1127 3510 1174 autem
3556 1116 3826 1172 destituta

2211 1215 2335 1284 plus
2371 1214 2550 1270 doleat
2571 1215 2594 1268 ?
2619 1213 2734 1270 Nisi
2763 1213 2897 1270 forte
2919 1215 3253 1285 poscentium
3276 1213 3527 1268 voluntas
3559 1211 3682 1267 sola
3717 1208 3826 1265 sibi

2210 1307 2517 1362 adulatione
2545 1306 2922 1377 spondentium
2960 1305 3288 1362 blandiatur.

2285 1400 2372 1456 15.
2405 1399 2454 1455 F
2457 1401 2575 1456 ilius
2603 1401 2767 1474 prior,
2807 1401 2893 1470 qui
2938 1417 3000 1456 ea:
3035 1399 3318 1456 Phariswis
3357 1399 3716 1455 crediderunt.
3745 1428 3820 1440 —-

2212 1493 2627 1550 ltecordandum
2660 1493 2822 1567 igitur
2849 1505 2954 1563 εει,
2991 1495 3412 1568 propositionem
3441 1495 3825 1567 comparatio-

2214 1587 2298 1643 nis
2328 1588 2484 1643 istius
2519 1604 2586 1644 ex
2629 1603 2694 1644 eo
2726 1602 2975 1645 sermone
3015 1588 3381 1656 descendere,
3413 1591 3504 1659 qui
3553 1589 3729 1644 initus
3759 1591 3831 1644 sit

2213 1680 2282 1736 de
2311 1680 2534 1749 Joanne,
2565 1692 2622 1737 ut
2654 1681 2987 1738 infidelitatis
3013 1682 3434 1748 cunctationem,
3464 1682 3546 1752 (ά)
3580 1691 3636 1738 et
3663 1698 3738 1738 ex
3766 1697 3830 1738 ea

507 1777 777 1834 dicturum
819 1791 943 1833 esse
968 1792 1028 1832 se
1077 1776 1130 1832 in
1179 1792 1282 1847 qua
1323 1776 1440 1832 haec
1488 1777 1688 1832 faceret
1747 1786 2032 1847 potestate,
2062 1775 2109 1832 si
2141 1772 2189 1834 B
2217 1771 2421 1829 silentii
2463 1775 2841 1830 necessitatem
2889 1773 3192 1830 istiusmodi
3213 1755 3463 1844 'positum
3506 1774 3832 1846 objurgaret

506 1869 667 1924 modo
707 1868 784 1924 illi
838 1867 1194 1939 interroganti
1243 1855 1366 1924 sibi"
1396 1863 1800 1939 respondissent
1827 1910 1841 1933 ,
1887 1867 2114 1923 Joannis

506 1962 779 2034 baptisma
808 1972 988 2018 utrum
1021 1961 1090 2016 de
1117 1961 1282 2028 coelo,
1311 1971 1402 2016 aut
1431 1977 1499 2017 ex
1528 1962 1838 2017 hominibus
1861 1971 2116 2033 putarent

513 2071 636 2113 esse
687 2042 852 2128 (Ibid.
884 2053 1002 2127 24).
1053 2054 1123 2110 At
1177 2053 1253 2110 illi
1299 2055 1668 2126 responsionis
1715 2071 1828 2111 sure
1875 2055 2116 2126 periculo

509 2156 851 2215 cunctantur,
895 2146 1192 2218 cogitantes
1218 2189 1234 2214 ,
1267 2148 1312 2202 si
1335 2147 1403 2203 de
1429 2131 1588 2204 ‘ctelo
1615 2148 1840 2218 professi
1889 2157 2110 2216 essent,

509 2239 855 2297 confessione
881 2255 978 2296 sua
1003 2253 1062 2294 se
1095 2254 1217 2295 reos
1246 2239 1750 2310 deprehendendos,
1782 2255 1878 2296 cur
1907 2241 2108 2297 caeles-

517 2330 599 2388 tis'
629 2331 918 2388 testimonii
946 2332 1261 2388 'auctoritati
1293 2348 1399 2388 non
1427 2332 1784 2388 credidissent
1817 2351 1829 2388 :
1859 2334 1902 2389 si
1925 2349 1991 2388 ex
2022 2334 2119 2388 lio-

517 2424 756 2480 minibus
800 2425 1103 2490 dixissent,
1151 2425 1334 2480 turbas
1367 2425 1710 2485 verebantur.
1746 2425 1926 2494 plures
1973 2424 2116 2480 enim

515 2516 838 2588 prophetam
865 2515 1128 2572 Joannem
1164 2517 1432 2573 habebant
1461 2516 1624 2589 (Ibid.
1654 2516 1770 2589 26).
1805 2517 2121 2588 ReSponde-

511 2619 640 2665 runt
685 2609 906 2680 itaque,
950 2611 1160 2665 nescire
1190 2624 1250 2664 se
1295 2607 1464 2680 (Ibid.
1503 2609 1618 2680 27).
1669 2609 1786 2664 Non
1825 2609 2009 2680 utique
2052 2609 2121 2666 de

517 2704 659 2760 coelo
687 2703 1048 2769 nesciebant,
1081 2718 1203 2759 cum
1232 2703 1475 2759 convinci
1509 2703 1733 2759 veritate
1770 2703 2121 2774 professionis

515 2814 629 2855 sua:
656 2807 924 2854 metuunt.
973 2797 1080 2854 Sed
1130 2813 1316 2853 verum
1366 2796 1433 2853 de
1455 2813 1512 2852 se
1539 2798 1700 2852 etiam
1747 2813 1868 2853 cum
1896 2796 2120 2852 fallendi

517 2895 798 2950 voluntate
837 2893 1112 2947 dixerunt.
1143 2891 1250 2948 Per
1281 2892 1650 2948 infidelitatem
1684 2891 1830 2948 enim
1858 2907 2007 2947 suam
2046 2896 2115 2947 de

517 2988 656 3044 cmlo
694 3002 816 3043 esse
840 2985 1065 3042 Joannis
1088 2985 1354 3059 baptisma
1388 2986 1715 3042 nescierunt.
1749 2987 1904 3055 Quod
1937 2995 2118 3043 autem

516 3093 588 3133 ex
612 3078 921 3135 hominibus
943 3088 1112 3147 esset,
1141 3079 1340 3135 idcirco
1364 3094 1469 3136 non
1498 3089 1788 3150 potuerunt
1808 3085 1972 3150 scire,
1994 3082 2120 3154 quia

521 3185 631 3226 non
661 3180 798 3227 erat.
1883 3243 1892 3254 .

594 3265 682 3321 Η.
715 3263 1016 3337 Difﬁcultas
1043 3265 1212 3335 prima
1240 3307 1255 3332 ,
1310 3265 1424 3336 quis
1454 3266 1592 3336 ﬁlius
1635 3266 1828 3334 senior,
1875 3269 1988 3338 quis
2029 3271 2125 3342 ju-

520 3361 656 3415 nior.
687 3389 758 3402 —
783 3358 952 3414 Homo
981 3359 1192 3432 quidam
1219 3360 1434 3415 habebat
1483 3360 1614 3415 duos
1644 3360 1801 3430 ﬁlios,
1835 3370 1890 3416 et
1916 3360 2123 3434 reliqua

522 3453 688 3526 (Ibid.
719 3453 832 3525 28).
867 3453 1033 3510 Multa
1068 3463 1122 3510 et
1141 3455 1324 3525 gravia
1354 3463 1511 3518 sunt,
1535 3468 1656 3524 qua:
1683 3453 2016 3510 confundere
2045 3455 2126 3510 in-

523 3545 875 3618 telligentiam
915 3556 1164 3616 possunt,
1213 3545 1316 3600 nisi
1345 3544 1540 3614 prioris
1571 3555 1627 3602 et
1657 3546 1971 3616 posterioris
2002 3561 2127 3602 sen-

529 3653 624 3693 sus
649 3636 893 3692 ordinem
926 3636 1281 3692 tenuerimus.
1331 3636 1460 3704 Quis
1503 3639 1647 3692 enim
1695 3638 1782 3692 hic
1831 3639 2127 3694 existimari

527 3728 729 3798 poterit
750 3725 892 3780 filius
921 3727 1127 3792 senior,
1159 3725 1251 3796 qui
1289 3728 1489 3781 iturum
1521 3743 1579 3782 se
1612 3727 1676 3781 ad
1724 3743 1858 3798 opus
1890 3744 2124 3800 negave-

527 3822 622 3887 rit,
656 3829 711 3876 et
761 3835 856 3891 per
889 3819 1259 3889 paenitentiam
1290 3821 1606 3876 emendatus
1635 3835 1702 3876 co
1735 3837 1948 3876 rursum
2004 3838 2130 3894 pro-

529 3912 704 3968 fectus
725 3911 834 3968 sit?
864 3911 1063 3983 Atquin
1095 3912 1259 3967 Israel
1309 3929 1413 3967 non
1446 3913 1733 3983 paenituit,
1766 3913 1861 3968 sed
1912 3915 1964 3970 in
2019 3915 2126 3970 Do-

526 4007 734 4062 minum
761 4021 953 4062 manus
981 4005 1181 4073 intulit,
1211 4012 1267 4060 et
1292 4005 1610 4060 universitas
1631 4006 1748 4076 ejus
1775 4006 1943 4062 Deum
1971 4021 2127 4062 suum

527 4100 695 4172 impio
725 4115 818 4155 ore
865 4097 1152 4155 crucifixit.
1203 4098 1479 4154 Juniorem
1511 4108 1689 4154 autem
1739 4115 1900 4170 quem
1931 4101 2130 4156 sentie-

528 4211 673 4263 mus,
703 4194 792 4266 qui
825 4195 1024 4249 iturum
1056 4209 1114 4249 se
1144 4193 1516 4265 spoponderit,
1544 4203 1599 4250 et
1625 4210 1734 4250 non
1761 4195 1989 4251 abierit?
2019 4196 2129 4253 Sed

532 4287 776 4357 gentium
805 4295 1260 4358 peccatorumque
1304 4286 1454 4357 plebs
1486 4286 1539 4342 id
1566 4286 1709 4356 quod
1737 4289 2024 4360 Spopondit
2053 4289 2132 4346 ef-

535 4379 682 4434 fecit.
741 4377 888 4434 Abiit
940 4379 1084 4435 enim
1111 4418 1128 4446 ,
1177 4388 1232 4434 et
1271 4378 1336 4432 ad
1376 4393 1514 4450 opus
1553 4378 1621 4435 ad
1648 4379 1790 4450 quod
1845 4381 2134 4440 vocabatur

533 4485 753 4543 egressa
781 4479 895 4526 est:
914 4470 1186 4542 quomodo
1217 4486 1346 4543 ergo
1365 4471 1521 4543 (biea
1553 4487 1674 4529 esse
1707 4488 1828 4544 qua:
1853 4487 1956 4529 non
1979 4473 2129 4543 abiit,

533 4563 842 4622 sentietur?

605 4659 689 4714 12.
716 4657 1012 4728 Difﬁcultas
1035 4660 1217 4728 altera,
1243 4660 1332 4732 qui
1343 4659 1525 4732 juuior
1551 4659 1810 4716 obediens.
1835 4691 1905 4703 -ο-
1929 4662 2130 4720 Deinde

605 4776 683 4851 (a)
713 4775 946 4851 Verbum
976 4775 1171 4851 hocab
1216 4776 1442 4832 Erasmo
1479 4777 1530 4851 in
1562 4775 1670 4832 duo
1714 4775 1968 4845 divisum,
2001 4789 2124 4851 puta

533 4848 860 4921 ingentibus,
903 4850 981 4921 sic
1007 4848 1264 4921 deinceps
1291 4849 1522 4904 obtinuit
1543 4891 1555 4911 ,
1605 4863 1668 4903 ac
1696 4857 1954 4918 prmterea
1987 4849 2127 4920 apud

535 4919 661 4977 Par.
707 4919 954 4975 miraculo
983 4933 1080 4988 pro
1110 4920 1370 4974 miraculis
1407 4921 1756 4975 substitutum
1798 4929 1899 4975 est.
1926 4921 2128 4977 Obser—

536 5007 663 5048 vare
705 5003 787 5048 est
838 4989 1146 5045 miraculum
1177 4991 1380 5047 Hilario
1423 4991 1674 5046 usitatum
1701 4989 1827 5046 'csse
1865 5009 1962 5061 pro
2007 5003 2131 5049 actu

533 5063 836 5119 admirandi
865 5104 880 5128 ,
911 5072 965 5116 et
985 5071 1168 5116 contra
1194 5062 1583 5117 admirationem
1615 5079 1710 5133 pro
1751 5077 1810 5118 re
1835 5064 2086 5120 mirabili.

613 5135 688 5206 (b)
727 5134 946 5201 Aliquot
977 5147 1104 5187 mss.
1149 5149 1206 5206 ea
1229 5133 1346 5206 isse,
1373 5150 1486 5206 qua:
1516 5151 1616 5188 non
1641 5135 1764 5188 abiit
1795 5151 1813 5188 :
1837 5150 1909 5190 ex
1939 5136 2134 5206 quibus

537 5202 688 5276 Ρπρ,
721 5223 778 5260 eo
800 5206 920 5270 isse,
950 5221 1050 5276 quo
1077 5202 1178 5257 non
1203 5204 1346 5257 abiit.
1371 5203 1712 5276 Castigantur
1734 5221 1798 5260 ex
1825 5202 1982 5276 Badf,
2011 5207 2128 5275 Er.,

538 5274 688 5346 Lips.
720 5285 775 5332 et
807 5274 1105 5346 potioribus
1129 5291 1260 5330 mss.

609 5349 682 5418 (ε)
713 5347 1016 5418 Pharisazos
1045 5347 1148 5402 hoc
1184 5347 1253 5402 de
1276 5346 1507 5418 seniore
1546 5363 1866 5416 responsum
1909 5348 2132 5406 dedisse

532 5416 680 5474 nunc
719 5416 966 5488 legimus.
1000 5420 1072 5473 At
1114 5433 1221 5473 non
1271 5417 1456 5472 llilarii
1488 5418 1672 5484 modo,
1706 5420 1802 5475 sed
1844 5430 1899 5474 et
1939 5421 2131 5477 Iliero-

535 5490 682 5559 nymi
730 5490 1058 5560 temporibus
1084 5492 1296 5560 vulgata
1323 5497 1439 5544 erat
1474 5490 1653 5556 lectio,
1688 5491 2001 5560 eosjuniori
2033 5509 2131 5550 seu

530 5561 825 5618 novissimo
853 5561 1172 5616 obedientiae
1201 5562 1433 5630 palmam
1473 5560 1704 5615 dedisse.
1749 5563 1897 5618 Illam
1936 5573 2117 5620 tamen

530 5633 604 5688 ita
649 5634 838 5714 recipit
866 5631 1442 5714 Hieronymus,_eique
1482 5632 1981 5714 interpretationem
2021 5651 2115 5692 ac-

529 5703 922 5760 commodatam
949 5703 1184 5773 subjicit,
1215 5712 1273 5760 ut
1295 5715 1350 5760 et
1377 5704 1684 5765 admoneat,
1715 5704 1768 5757 in
1793 5706 1926 5760 veris
1946 5723 2119 5764 excin-

534 5775 762 5845 plaribus
791 5793 890 5831 non
911 5773 1086 5829 haberi
1112 5775 1458 5846 nouissimum,
1479 5775 1570 5832 sed
1597 5775 1838 5846 primum.

2215 1866 2548 1936 exemplum.
2590 1865 2698 1922 Sed
2737 1866 2876 1922 sicut
2913 1867 2965 1922 in
3011 1868 3226 1923 caeteris
3272 1866 3688 1934 admonuimus,
3736 1867 3826 1924 hic

2215 1975 2431 2031 quoque
2462 1959 2772 2017 meminisse
2814 1975 2911 2015 nos
2939 1970 3176 2031 oportet,
3221 1961 3414 2016 rationi
3459 1977 3653 2017 rerum
3687 1976 3830 2030 pra:-

2217 2053 2454 2109 sentium
2499 2040 2701 2124 aliquid
2747 2053 3015 2110 interdum
3055 2068 3117 2109 ea
3150 2053 3458 2109 conditione
3498 2054 3726 2119 deesse,
3765 2063 3823 2108 ut

2218 2145 2518 2200 futurorum
2565 2147 2776 2217 species
2817 2150 2935 2202 sine
2962 2145 3160 2200 damno
3189 2146 3369 2216 aliquo
3400 2145 3475 2218 (e)
3504 2146 3829 2218 praefigunt-

2217 2247 2286 2294 tte
2324 2237 2626 2294 elficientiae
2666 2239 2970 2310 expleatur.
3007 2239 3221 2294 Primus
3251 2246 3335 2294 est
3367 2238 3534 2305 filius,
3588 2241 3824 2310 populus

2219 2345 2284 2386 ex
2314 2330 2601 2386 Pharisceis
2631 2330 2680 2385 in
2713 2347 2952 2401 praesens
2987 2347 3017 2387 a
3048 2331 3157 2388 Deo
3195 2347 3290 2402 per
3325 2331 3550 2386 Joannis
3585 2332 3826 2404 prephe—

2221 2422 2348 2478 tiam
2378 2432 2434 2476 ut
2465 2424 2752 2494 przcceptis
2780 2425 2892 2478 suis
2930 2424 3333 2496 obtemperaret
3357 2422 3698 2480 admonitus.
3727 2423 3821 2481 Hic

2222 2517 2462 2574 insolens
2503 2529 2555 2574 et
2585 2517 2903 2573 inobediens
2944 2528 2998 2574 et
3027 2519 3182 2574 dictis
3223 2518 3594 2589 praesentibus
3636 2528 3824 2574 contu-

2224 2628 2344 2667 inax
2388 2613 2506 2679 fuit,
2548 2612 2751 2668 habens
2795 2613 2847 2666 in
2892 2611 3010 2683 lege
3053 2611 3327 2679 fiduciam,
3357 2621 3413 2667 et
3439 2612 3820 2683 ptenitenliam

2221 2715 2568 2774 peccatorum
2593 2704 2763 2776 gloria
2806 2705 3174 2776 prmrogativa:
3200 2720 3266 2760 ex
3305 2705 3588 2760 Abraham
3633 2704 3820 2760 nobili-

2226 2796 2349 2852 tatis
2390 2795 2724 2865 adspernans
2768 2813 2782 2851 :
2820 2797 2910 2868 qui
2958 2797 3216 2868 deinceps
3262 2813 3492 2868 operum
3550 2797 3822 2854 miraculis

2228 2901 2349 2962 post
2389 2890 2598 2945 Domini
2629 2890 3087 2946 resurrecﬁonem
3119 2891 3388 2962 paenitens
3421 2891 3528 2946 sub
3569 2891 3820 2962 apostolis

2225 2982 2475 3050 credidit,
2503 2982 2635 3038 facti
2666 2983 2770 3038 fide
2799 2983 2866 3038 ad
2906 2984 3234 3040 voluntatem
3265 2984 3613 3050 evangelica:
3643 2998 3807 3056 open-

2227 3076 2389 3130 tionis
2419 3089 2719 3146 regressus,
2751 3076 3040 3132 anterioris
3079 3076 3380 3133 insolentiae
3406 3076 3640 3148 culpam
3673 3073 3814 3148 pasi-

2148 3174 2193 3238 C
2228 3169 2391 3226 tendo
2419 3167 2702 3225 confessus
2730 3178 2832 3225 est.

2301 3263 2388 3318 M.
2422 3261 2593 3319 Filius
2615 3264 2819 3336 junior,
2854 3263 3114 3334 publicani
3141 3272 3188 3319 et
3214 3272 3528 3336 peccatores.
3557 3293 3637 3304 —
3663 3263 3710 3319 F
3709 3263 3826 3318 ilius

2227 3365 2407 3414 autem
2433 3359 2630 3425 minor,
2658 3359 2811 3428 plebs
2831 3367 2916 3414 est
2943 3359 3351 3429 publicanorum
3379 3367 3434 3414 et
3457 3370 3830 3428 peccatorum,

2228 3449 2342 3520 ipsa
2403 3448 2604 3519 peccati
2657 3449 2710 3503 in
2759 3465 2866 3520 qua
2915 3459 3026 3504 tum
3079 3448 3467 3505 demorabatur
3521 3450 3835 3504 conditione

2229 3543 2514 3614 posterior,
2533 3541 2620 3596 cui
2645 3553 2974 3613 praeceptum
2997 3542 3067 3597 sit
3088 3557 3182 3613 per
3201 3541 3463 3597 Joannem
3488 3551 3580 3595 uta
3605 3540 3835 3595 Christo

2228 3641 2568 3705 exspectaret
2597 3634 2826 3690 salutem
2849 3677 2864 3702 ,
2897 3633 2971 3709 (Γ)
3000 3643 3052 3690 et
3086 3634 3154 3689 ab
3179 3648 3244 3689 eo
3278 3633 3536 3704 baptizata
3562 3628 3830 3686 credide-

2229 3730 2319 3784 rit.
2351 3729 2456 3784 Sed
2483 3727 2627 3799 quod
2657 3727 2748 3795 ait,
2783 3727 3141 3798 spopondisse
3169 3743 3289 3784 eam
3316 3729 3509 3783 ituram
3531 3741 3611 3794 se,
3638 3725 3838 3782 et‘non

2231 3821 2379 3887 isse;
2429 3819 2666 3876 ostendit
2707 3819 3004 3876 credidisse
3052 3836 3170 3876 eam
3216 3819 3702 3890 quidem'Joanni,
3742 3819 3841 3874 sed

2230 3915 2354 3986 quia
2395 3915 2764 3986 evangelicam
2806 3913 3054 3984 accipere
3088 3912 3391 3969 doctrinam
3424 3928 3532 3968 non
3574 3913 3682 3968 nisi
3713 3922 3842 3984 post

2231 3987 2539 4078 passionem
2584 4007 2795 4062 Domini
2839 4021 2937 4078 per
2977 4005 3254 4077 apostolos
3301 4006 3474 4075 potuit
3518 4007 3661 4079 (tum
3700 4005 3846 4061 enim

2231 4109 2390 4156 erant
2429 4099 2680 4156 humana:
2733 4099 2929 4155 salutis
2959 4108 3298 4154 sacramenta
3331 4097 3706 4170 peragenda);
3738 4113 3845 4154 non

2221 4195 2345 4251 .isse
2385 4211 2504 4250 eam
2549 4193 2833 4265 signiﬁcat.
2884 4191 3127 4264 Denique
3167 4207 3272 4248 non
3316 4192 3392 4246 ait
3437 4192 3714 4261 noluisse,
3747 4191 3840 4249 sed

2235 4304 2341 4345 non
2368 4289 2566 4345 abisse.
2608 4288 2718 4344 Res
2759 4297 2910 4344 extra
2943 4287 3156 4358 culpam
3190 4286 3528 4342 infidelitatis
3556 4297 3648 4342 est
3669 4330 3686 4352 ,
3713 4286 3837 4359 quia

2241 4386 2293 4442 in
2326 4384 2454 4442 facti
2481 4393 2596 4441 erat
2624 4383 2938 4440 difficultate
2966 4399 3032 4437 ne
3075 4383 3247 4438 fieret.
3278 4380 3393 4437 Non
3430 4381 3596 4452 igitur
3627 4381 3711 4437 ire
3735 4391 3842 4436 sta-

2239 4479 2332 4534 tim
2369 4477 2436 4532 ad
2476 4493 2612 4547 opus
2642 4475 2785 4547 quod
2827 4484 3154 4547 praeceptum
3192 4482 3277 4531 est
3315 4474 3532 4541 noluit;
3574 4473 3678 4532 sed
3717 4474 3836 4544 quia

2158 4574 2214 4638 D
2240 4573 2399 4649 777
2431 4572 2509 4628 ire
2539 4569 2616 4645 (g)
2641 4586 2748 4626 non
2782 4578 3010 4641 poterat,
3042 4585 3150 4624 non
3181 4570 3258 4624 iit.
3287 4569 3344 4623 lu
3369 4583 3437 4624 eo
3465 4567 3618 4622 enim
3653 4583 3842 4624 neces-

2238 4668 2412 4722 sitatis
2441 4681 2592 4720 mora
2618 4667 2735 4720 sine
2764 4663 2990 4720 crimine
3022 4663 3309 4718 voluntatis
3332 4660 3670 4718 ostenditur.

2305 4781 2385 4856 (ά)
2410 4782 2532 4837 Par.
2564 4789 2845 4856 expuncta
2856 4779 3115 4856 particula
3137 4789 3208 4846 et,
3237 4794 3357 4856 cum
3381 4776 3505 4856 aliis
3527 4775 3694 4831 editis
3713 4776 3843 4832 sub-

2229 4848 2467 4925 jici'ebat,
2503 4869 2566 4908 ea:
2585 4848 2656 4908 ea
2672 4851 2866 4925 silentii
2885 4852 3208 4925 necessitate.
3247 4850 3462 4925 Rectius
3489 4848 3708 4925 in_mss_.
3741 4864 3837 4902 ne-

2235 4920 2538 4989 cessitatem,
2572 4933 2699 4996 puta
2726 4923 2922 4978 silendi
2955 4924 3094 4996 unde
3120 4922 3340 4978 Joannis
3369 4927 3516 4976 esset
3542 4920 3838 4996 baptisma.

2311 4998 2383 5067 (e)
2422 4991 2643 5052 Carnut.
2675 5010 2776 5049 ms.
2822 5010 2945 5067 cum
2980 4995 3132 5050 Colb.
3169 4996 3500 5066 pra'ﬁgurata
3543 4991 3839 5062 επίεἱιτιεὶα.

2238 5069 2518 5124 Mallemus
2548 5066 2931 5140 prce/igurantis
2961 5068 3260 5140 efficientia.

2314 5141 2382 5212 (Γ)
2411 5132 2890 5212 Ροεῐρειὲιῖειειίιφ
2923 5150 2969 5212 et
2987 5132 3247 5196 reticetur
3273 5153 3388 5208 qua:
3407 5134 3666 5212 :dtum‘ab
3693 5151 3752 5189 eo
3775 5132 3843 5189 ad

2237 5207 2520 5274 Joannem.
2563 5207 2668 5266 non
2714 5209 2781 5263 ad
2822 5209 3096 5266 Christum
3137 5207 3390 5266 refertur.
3415 5207 3686 5274 Quocirca
3733 5220 3844 5262 non

2239 5285 2609 5352 recipiendum
2645 5280 2786 5351 quod
2826 5283 2877 5335 in
2909 5296 3010 5337 ms.
3046 5282 3326 5352 Vindocin.
3374 5288 3433 5334 ut
3471 5281 3526 5334 in
3560 5277 3774 5334 Turon.
3808 5292 3842 5332 ι

2239 5351 2410 5428 prima
2443 5371 2624 5428 manu,
2649 5363 2693 5408 et
2722 5352 2784 5406 ab
2807 5369 2864 5407 eo
2891 5351 3439 5428 baptizata,_credere_t.

2311 5427 2384 5500 (g)
2417 5426 2699 5503 [iamcum
2730 5438 2858 5478 mss.
2889 5425 3044 5503 Cplb.
3081 5435 3136 5481 et
3153 5424 3350 5503 ραι-πη
3378 5424 3448 5503 iri
3481 5438 3586 5503 non
3617 5429 3839 5503 poterat:

2236 5491 2406 5553 To‘lvtis
2434 5499 2528 5553 ille
2558 5499 2732 5562 locus,
2767 5512 2834 5550 ne
2863 5497 2948 5552 cui
2971 5497 3186 5553 errandi
3216 5495 3434 5551 occasio
3464 5494 3557 5555 sit,
3588 5491 3842 5548 nonnihil

2247 5579 2332 5625 est
2370 5567 2777 5639 expendeiidus.
2806 5567 2924 5623 Non
2954 5570 3096 5625 enim
3139 5569 3225 5622 hic
3265 5576 3425 5638 negat.
3465 5565 3704 5639 Hilarius
3746 5577 3844 5639 po-

2227 5634 2477 5696 testatem
2510 5641 2830 5703 absolutam,
2859 5642 2954 5696 sed
2985 5657 3053 5697 ex
3078 5634 3413 5700 conditione,
3439 5650 3547 5707 qua
3573 5635 3724 5690 Deus
3747 5634 3844 5689 de-

2226 5723 2494 5779 creverat,
2522 5721 2579 5768 ut
2611 5711 2744 5767 fides
2772 5713 3020 5782 gentibus
3043 5728 3148 5769 non
3179 5709 3570 5782 praedicaretur
3585 5707 3698 5782 nisi
3721 5713 3842 5782 post

2227 5775 2535 5856 passionem
2565 5775 2800 5842 Domini:
2830 5782 2950 5852 Quo
2977 5775 3192 5854 spectat
3213 5781 3346 5840 illud
3367 5780 3545 5849 Pauli,
3569 5775 3842 5849 Quomodo
