3882 6332
99 343 232 400 1041

1002 345 1545 409 COMMENTARIUS
1578 353 1642 408 IN
1680 353 2113 418 ΜΑΤἸΊΙᾸΞΗΜ.
2155 359 2310 418 CAP.
2354 362 2519 419 XXII.

3267 375 3410 431 1042

167 460 254 515 15.
308 460 382 514 Hi
412 463 672 529 quomodo
702 463 1008 519 obedientes.
1038 495 1108 506 -—
1137 467 1202 520 Et
1245 467 1296 520 itt
1343 470 1694 539 responsione
1721 472 2000 534 AChristi
2035 479 2301 549 speculari
2343 491 2526 550 posset
2566 481 2852 540 adventus.
2894 486 2952 542 in
2990 487 3198 544 colonis
3235 506 3402 559 vero,

91 551 308 622 quidem
337 553 742 609 Pharisaeorum
771 556 1014 626 quatdam
1041 568 1122 612 est
1149 559 1446 613 necessitas
1469 561 1702 630 prophe-

91 646 200 698 tiae.
230 643 364 700 Nam
401 645 561 700 inviti
593 647 746 712 licet,
783 647 1113 702 conﬁtentur
1142 650 1264 718 quis
1295 651 1588 706 obsecutus
1630 653 1700 707 sit

89 737 381 803 voluntati,
406 739 594 808 junior
621 741 828 794 scilicet
859 741 1020 805 filius,
1049 742 1309 797 obediens
1341 747 1694 814 professione,

90 833 221 887 licet
249 848 357 887 non
385 831 634 889 efficiens
664 835 714 888 itt
747 844 1026 904 tempore;
1058 837 1182 906 quia
1227 838 1361 893 lides
1385 841 1502 896 sola
1539 841 1698 911 justi-

87 927 236 982 ﬁcat.
271 926 451 997 Atque
499 927 620 983 ideo
666 929 932 999 publicani
974 940 1028 982 et
1071 931 1386 986 meretrices
1434 934 1484 987 itt
1532 950 1698 1004 regno

85 1031 245 1076 erunt
277 1021 486 1090 priores
513 1019 679 1092 (Ibid.
709 1021 789 1093 5),
815 1023 936 1092 quia
959 1021 1150 1077 Joanni
1182 1023 1531 1092 crediderint,
1560 1039 1612 1083 et
1643 1029 1693 1084 in

82 1113 468 1169 remissionem
512 1122 854 1184 peccatorum
902 1115 1152 1186 baptizati
1199 1115 1277 1190 (a)
1321 1119 1371 1173 in
1401 1119 1692 1176 adventum

41 1215 45 1224 '
88 1207 300 1262 Christi
343 1206 580 1262 confessi
611 1207 741 1272 sint,
775 1212 1114 1264 curationum
1143 1225 1306 1280 opera
1337 1212 1692 1278 laudaverint,

82 1311 492 1358 sacramentum
545 1303 812 1372 passionis
850 1305 1179 1374 acceperint,
1211 1305 1460 1361 virtutem
1510 1322 1694 1362 resur-

78 1393 345 1450 rectionis
376 1395 715 1465 agnoverint.
746 1395 1026 1467 Principes
1053 1408 1231 1452 autem
1263 1399 1608 1456 sacerdotum
1639 1411 1695 1456 et

85 1490 346 1546 Pharisaei
375 1490 620 1546 videntes
646 1489 760 1546 hazc
790 1491 886 1564 (ὁ),
919 1502 973 1548 et
996 1501 1429 1563 contemnentes,
1459 1497 1548 1566 qui
1573 1499 1692 1566 jus-

82 1583 275 1639 tificati
304 1598 396 1654 per
420 1581 584 1638 fidem
611 1599 716 1638 non
738 1594 914 1651 erant,
947 1602 1046 1641 nec
1077 1602 1170 1656 per
1196 1589 1568 1658 pmnitentiam
1603 1605 1692 1646 re-

84 1679 262 1750 gressi
307 1687 432 1733 sunt
472 1677 540 1733 ad
583 1679 854 1734 salutem:
888 1690 1048 1752 atque
1093 1681 1214 1737 ideo
1259 1683 1310 1736 in
1358 1695 1676 1754 perpetuum

84 1771 295 1826 fructus
327 1787 512 1828 eorum
546 1773 648 1828 sub
682 1772 1064 1830 maledictione
1092 1789 1189 1844 ea,
1222 1792 1340 1847 quae
1383 1777 1436 1832 in
1476 1779 1691 1835 arbore

78 1865 186 1921 ﬁcu
220 1865 686 1937 prteformabatur,
717 1868 936 1924 arescit.

663 2002 892 2060 CAPUT
929 2003 1098 2061 XXII.

69 2115 155 2170 De
194 2115 502 2170 vinitoribus
527 2115 614 2186 qui
655 2116 836 2170 missos
863 2116 932 2168 ad
965 2133 1020 2170 se
1053 2116 1114 2170 ob
1155 2118 1455 2188 repetendos
1481 2119 1680 2188 fructus

145 2209 502 2278 interﬁciunt,
554 2208 616 2262 de
656 2209 882 2262 invitatis
924 2211 1226 2278 promiscuis
1269 2222 1317 2265 et
1366 2221 1498 2266 veste
1540 2229 1676 2282 nup-

142 2302 284 2357 tiali.

143 2419 196 2471 1.
231 2415 620 2489 Paterfamilias
680 2417 840 2472 Deus.
880 2417 1072 2485 Vinea,
1108 2417 1384 2475 lsraelitar.
1425 2419 1677 2475 Torcula.

68 2512 178 2580 ria,
209 2513 492 2582 pmpltette.
525 2542 594 2553 —
623 2513 794 2566 Aliam
823 2513 1121 2582 parabolam
1143 2511 1336 2569 audite.
1368 2514 1417 2568 11
1425 2533 1538 2570 omo
1567 2527 1674 2571 erat

62 2605 451 2678 paterfamilias
481 2647 498 2670 ,
532 2617 578 2660 et
606 2607 853 2679 plantavit
883 2608 1112 2672 vineam,
1148 2617 1196 2662 et
1237 2625 1407 2677 sepem
1443 2610 1668 2664 circum-

58 2698 209 2752 dedit
237 2699 304 2762 ei,
333 2707 378 2752 et
405 2699 538 2762 fodit
567 2700 620 2754 in
646 2716 705 2753 ea
728 2699 975 2765 torcular,
999 2708 1046 2753 et
1074 2708 1262 2754 turrem
1285 2702 1581 2771 mdiﬁcarit,
1615 2713 1668 2759 et

57 2792 278 2862 reliqua
310 2791 475 2864 (Ibid.
517 2791 632 2865 55).
675 2793 915 2862 Qnrestio
951 2794 1130 2848 omnis
1173 2794 1224 2848 itt
1273 2795 1524 2850 absoluto
1565 2805 1667 2851 est.

56 2886 198 2942 Nam
231 2887 396 2942 etiam
429 2886 531 2958 ipsi
561 2887 833 2956 principes
862 2887 1206 2944 sacerdotum
1237 2899 1290 2943 et
1323 2888 1578 2944 Pharis:ei
1603 2889 1670 2945 de

57 2994 122 3036 se
151 2979 260 3036 dici
305 2979 421 3035 hare
457 2980 842 3052 intelligentes,
889 2981 940 3035 in
968 2980 1102 3036 iram
1144 2981 1357 3037 accensi
1385 2991 1529 3038 sunt.
1561 2983 1668 3040 Sed

56 3090 426 3147 personarum
458 3075 777 3148 proprietas,
809 3087 862 3131 et
892 3091 1072 3131 rerum
1097 3077 1524 3146 comparationes
1544 3088 1670 3134 sunt

53 3168 432 3242 proferendus.
491 3169 938 3225 Patremfamilias
970 3171 1056 3226 hic
1086 3179 1288 3242 patrem
1315 3172 1480 3227 Deunt
1509 3172 1666 3228 intel-

1803 567 2105 640 principum
2133 571 2477 628 sacerdotum
2516 583 2572 630 et
2607 576 3001 634 Pharisaeorum
3037 591 3122 636 est
3162 580 3400 651 species,

1802 662 1996 730 quibus
2029 663 2079 718 in
2109 664 2320 734 plebem
2346 675 2584 735 potestas
2611 675 2695 724 est
2720 670 2798 743 (ά)
2825 672 3083 742 permissa
3109 672 3395 730 doctrinae.

1871 753 1926 807 2.
1962 755 2110 812 Servi
2131 759 2293 814 missi.
2328 758 2499 815 Filius
2535 766 2751 817 occisus.
2782 764 3002 820 Sceleris
3029 783 3163 837 spes.
3198 767 3402 822 Patris-

1801 846 2028 916 [amilias
2067 851 2280 907 reditus.
2321 850 2480 918 Lapis
2520 856 2806 928 angularis.
2841 887 2912 898 —
2936 857 2994 912 In
3039 861 3214 916 servis
3242 876 3394 927 vero,

1801 939 1890 1007 qui
1927 939 2074 994 missi
2105 952 2228 997 sunt
2254 953 2313 998 ut
2350 946 2551 1000 fructus
2593 947 2933 1018 perciperent
2967 949 3184 1024 (754),
3217 954 3400 1009 varius

1800 1039 1854 1082 et
1879 1044 2022 1100 sa-pe
2053 1035 2314 1102 repetitus
2339 1050 2659 1107 progressus
2697 1048 2782 1095 est
2807 1041 3215 1111 prophetarum.
3248 1045 3396 1101 Missi

1798 1129 1978 1177 autem
2007 1141 2218 1182 rursum
2253 1128 2432 1197 plures
2473 1131 2740 1201 prioribus
2769 1134 2842 1204 (ᾗ
2865 1133 2982 1207 56),
3016 1143 3227 1208 tempus
3259 1137 3393 1194 illud

1798 1223 1902 1279 est,
1944 1230 2052 1284 quo
2097 1229 2216 1286 post
2248 1219 2582 1290 singulorum
2628 1223 3090 1294 praedicationem,
3131 1228 3397 1300 plurimus

1798 1303 1851 1358 in
1901 1321 2063 1360 unttm
2113 1307 2545 1379 prophetantium
2590 1329 2844 1371 numerus
2877 1318 3110 1374 emissus
3153 1329 3271 1386 est;
3305 1322 3394 1391 qui

1797 1400 1961 1455 variis
1992 1404 2324 1472 temporibus
2348 1406 2616 1462 verberati
2647 1418 2700 1464 et
2728 1409 2945 1481 lapidali
2975 1421 3030 1466 et
3051 1412 3217 1468 occisi
3238 1423 3389 1481 sunt,

1794 1491 2001 1549 fructus
2033 1495 2292 1550 institutm
2317 1497 2486 1567 plebis
2516 1500 2830 1574 edoctteque
2851 1515 3177 1575 repetentes.
3203 1507 3260 1562 In
3281 1508 3394 1566 filio

1796 1600 1925 1640 vero
1965 1586 2031 1640 ad
2076 1588 2320 1643 ultimum
2369 1592 2535 1647 misso
2563 1592 2634 1665 (ᾗ
2665 1593 2808 1667 57),
2856 1597 3067 1654 Domini
3114 1603 3282 1656 nostri
3334 1611 3390 1658 et

1793 1681 2057 1737 adventus
2101 1692 2156 1738 et
2198 1683 2378 1754 passio
2415 1695 2498 1740 est
2531 1705 2543 1740 :
2582 1689 2672 1759 qui
2714 1701 2862 1746 extra
2899 1692 3222 1763 Jerusalem,
3258 1707 3392 1752 tam-

1793 1790 1952 1845 quam
1995 1784 2145 1830 extra
2178 1777 2422 1844 vineam,
2457 1779 2508 1834 in
2544 1783 2865 1839 sententiam
2903 1785 3265 1844 damnationis
3291 1791 3391 1846 ab-

1713 1865 1762 1926 B
1783 1865 1961 1937 jeCIus
1991 1876 2092 1922 est.
2124 1866 2422 1924 Consilium
2466 1887 2596 1927 vero
2624 1875 2936 1931 colonorum
2972 1888 3026 1933 ct
3054 1878 3392 1938 hmrcditatis

1783 1962 1966 2015 occiso
2014 1960 2231 2018 hmrede
2268 1965 2618 2036 praesumptio
2656 1965 2727 2039 (ᾖ
2761 1969 2874 2041 58),
2919 1987 3044 2042 spes
3083 1974 3259 2031 inanis
3301 1986 3384 2032 est

1783 2054 2010 2125 gloriam
2072 2055 2228 2128 legis,
2285 2067 2564 2128 perempto
2614 2058 2862 2128 Christo,
2921 2079 3081 2134 posse
3133 2067 3381 2123 retineri.

1781 2146 1838 2202 In
1867 2148 1936 2221 (ε)
1981 2149 2382 2218 patrisfamilias
2432 2151 2607 2208 reditu
2636 2153 2823 2227 (μθ)
2849 2197 2864 2223 ,
2911 2167 3154 2229 tempore
3190 2160 3379 2230 judicii

1782 2244 1962 2316 gloria
1989 2255 2074 2300 est
2118 2247 2169 2300 in
2215 2245 2354 2302 Filio
2395 2255 2632 2317 paterna:
2673 2254 2968 2320 majestatis
3007 2253 3291 2311 assistens.
3325 2256 3384 2312 Iit

1780 2338 2144 2408 responsione
2181 2348 2358 2394 autem
2393 2339 2630 2409 ipsorum
2660 2342 2962 2412 principum
2994 2354 3048 2400 et
3089 2346 3386 2416 pharismo-

1781 2447 1924 2498 rum,
1959 2431 2200 2488 redditur
2226 2432 2441 2503 dignius
2475 2435 2737 2504 apostolis
2766 2435 2897 2507 legis
2931 2435 3239 2494 litereditas.
3273 2439 3383 2498 Sed

1780 2521 1870 2578 hic
1901 2524 2042 2578 filius
2074 2523 2212 2594 lapis
2237 2533 2319 2579 est
2346 2525 2414 2579 ab
2439 2526 2830 2582 tedificantibus
2862 2528 3218 2597 improbatus,
3249 2542 3302 2588 et
3329 2534 3382 2588 in

1776 2617 2048 2688 fastigium
2081 2616 2356 2688 angularis
2382 2625 2617 2683 erectus,
2642 2627 2697 2674 et
2725 2619 2776 2673 in
2806 2619 2977 2675 oculis
3004 2623 3247 2678 omnium
3280 2627 3385 2678 mi—

1778 2709 1983 2774 rabilis,
2020 2720 2074 2765 et
2115 2713 2257 2766 inter
2284 2712 2454 2781 legem
2487 2720 2650 2781 atque
2680 2718 2870 2782 gentes
2897 2712 3083 2768 lateris
3110 2723 3165 2769 et
3210 2715 3384 2772 {edifi-

1777 2803 1849 2860 cii
1879 2806 2161 2876 utriusque
2189 2804 2518 2874 conjunctio.
3119 2792 3122 2794 ⁷

1853 2883 1906 2952 3.
1944 2896 2162 2967 Nuptias
2185 2897 2311 2966 quid
2346 2913 2365 2952 :
2394 2914 2485 2951 cur
2513 2914 2546 2950 a
2580 2896 2741 2952 Patre
2769 2902 2942 2969 facta.
2977 2929 3047 2939 —
3081 2899 3267 2956 Simile
3306 2912 3381 2957 est

1782 3006 1999 3061 regnum
2028 2992 2276 3044 ctelorunt
2316 2989 2511 3044 homini
2551 2990 2691 3062 regi,
2732 2995 2820 3060 qui
2861 2989 2981 3059 fecit
3022 2993 3227 3063 nuptias
3266 2993 3379 3063 [ilio

1770 3099 1902 3149 suo,
1958 3091 2003 3136 et
2051 3083 2186 3136 misit
2236 3097 2404 3136 servos
2449 3099 2567 3137 suos
2620 3099 2800 3138 vocare
2845 3083 3086 3139 invitatos
3129 3086 3198 3138 ad
3245 3104 3381 3156 nup-

1770 3175 1892 3239 tias,
1929 3183 2034 3228 etc.
2070 3173 2287 3246 (Matth.
2321 3189 2454 3240 xxu,
2482 3174 2564 3242 2).
2599 3173 2666 3228 Et
2709 3173 2827 3230 hazc
2861 3174 3076 3246 quidem
3109 3177 3374 3247 parabola

49 3266 284 3336 ligitnus
309 3307 325 3332 ,
351 3266 437 3336 qui
468 3265 723 3336 pepulum
753 3264 918 3320 lsrael
943 3266 993 3320 itt
1022 3275 1314 3335 proventus
1335 3267 1660 3336 optimorum
1689 3254 1734 3317 C
1769 3266 2141 3337 distinguenda
2165 3267 2612 3335 temporibttsest,
2630 3276 2683 3322 et
2711 3268 3075 3338 dignoscenda
3101 3271 3373 3340 personis.

49 3359 340 3415 fructuum
373 3358 720 3428 plantaverit,
750 3360 948 3429 quique
985 3374 1078 3414 eos
1120 3360 1545 3416 sanctificatione
1572 3376 1665 3432 pa-

54 3453 213 3510 terni
242 3453 495 3519 nominis,
538 3453 593 3509 id
636 3462 750 3520 est,
783 3454 1066 3512 nobilitate
1089 3455 1320 3511 Abraha:
1354 3466 1407 3510 et
1434 3455 1582 3511 lsaac
1611 3464 1666 3512 et

58 3545 245 3603 Jacob
277 3546 414 3601 intra
445 3546 581 3602 lines
602 3562 752 3613 suos,
781 3557 1048 3619 tamquam
1076 3557 1232 3620 septo
1261 3549 1447 3619 aliquo
1476 3559 1662 3604 custo-

52 3641 170 3696 (lite
194 3639 505 3710 peculiaris,
531 3640 838 3707 incluserit;
866 3643 1159 3710 prepltetas
1184 3657 1398 3713 quoque
1419 3641 1664 3712 quaedam

58 3735 227 3806 quasi
249 3732 533 3789 toreularia
548 3735 831 3804 aptaverit,
850 3733 904 3790 in
921 3749 1055 3806 quos
1073 3733 1146 3806 (c)
1167 3736 1323 3789 musti
1343 3735 1502 3791 modo
1519 3753 1668 3807 quae-

53 3826 192 3882 dam
223 3825 443 3881 ubertas
463 3828 634 3881 sancti
659 3825 890 3895 Spiritus
915 3826 1168 3882 ferventis
1190 3827 1354 3900 778
1377 3827 1623 3882 influeret
1647 3847 1659 3883 :

53 3918 116 3975 in
153 3917 290 3973 turri
321 3927 501 3974 autem
533 3918 879 3974 eminentiam
917 3918 1049 3989 legis
1076 3920 1435 3986 exstruxcrit,
1469 3937 1588 3989 qua:
1613 3931 1668 3975 et

49 4011 114 4068 in
172 4009 374 4066 coelum
421 4025 490 4067 ex
535 4011 653 4068 solo
692 4026 909 4083 egressa
952 4010 1306 4082 proveheret,
1352 4021 1407 4066 et
1449 4027 1513 4067 ex
1560 4028 1664 4083 qua

46 4169 269 4227 credent
299 4171 344 4226 ei
372 4186 518 4238 quem
562 4167 666 4224 non
695 4169 1008 4223 audierunt?
1047 4167 1312 4235 Quomodo
1354 4178 1524 4222 autem
1561 4186 1658 4222 au-

47 4245 204 4314 dieut
236 4243 346 4296 sine
383 4242 732 4314 praedicante?
773 4255 879 4296 etc.
927 4242 1002 4294 lix
1047 4243 1144 4294 hac
1195 4241 1283 4294 Dei
1323 4241 1660 4295 ordinatione

47 4313 424 4387 proﬁciscitur
441 4314 529 4368 illa
544 4331 663 4382 qua:
678 4328 797 4366 mox
816 4322 1144 4387 memoratur
1160 4314 1470 4387 necessitatis
1493 4329 1660 4377 mora,

44 4383 159 4442 Seu
191 4385 484 4440 necessitas
517 4401 681 4440 morte
708 4388 771 4438 :td
805 4383 1153 4439 credendum.
1193 4384 1262 4436 Ea
1296 4384 1436 4437 enim
1468 4398 1659 4439 vocum

45 4456 305 4513 inversio
339 4457 537 4510 llilarin
567 4455 720 4510 valde
745 4464 827 4509 est
850 4455 1146 4509 familiaris.
1175 4454 1278 4508 Sed
1309 4464 1362 4508 et
1390 4472 1510 4509 cum
1539 4455 1615 4508 ait
1646 4472 1659 4508 :

46 4529 128 4582 In
163 4529 289 4599 facti
305 4538 422 4599 erat
463 4529 757 4599 difﬁcultate
784 4544 846 4580 ne
883 4529 1062 4591 lieret;
1090 4534 1294 4599 tantum
1325 4527 1525 4582 indicat
1555 4528 1665 4580 fac-

1775 3359 1842 3414 Et
1870 3358 1938 3414 de
1969 3372 2197 3428 persona
2230 3357 2374 3427 regis
2403 3367 2454 3412 et
2477 3356 2572 3411 lilii
2602 3358 2847 3413 absoluta
2875 3358 3229 3430 intelligentia
3261 3370 3370 3416 est.

1775 3450 1996 3506 Fecisse
2025 3460 2202 3505 autem
2234 3457 2442 3520 patrem
2485 3449 2700 3520 nuptias
2732 3449 2865 3519 filio,
2898 3461 2952 3506 et
2978 3453 3058 3507 sic
3086 3452 3368 3523 invitasse,

1773 3560 1909 3602 nova
1943 3546 2081 3600 ratio
2113 3553 2213 3600 est.
2249 3543 2380 3600 Nam
2425 3543 2640 3613 nuptias
2688 3543 2902 3609 facere,
2941 3555 2996 3600 et
3037 3547 3276 3603 auctoris
3318 3558 3376 3603 et

1774 3638 2037 3710 temporis
2087 3647 2168 3694 est
2219 3639 2546 3708 nopliarum.
2579 3636 2780 3693 Verum
2830 3636 2918 3694 hic
2962 3641 3194 3711 nuptiae,
3243 3642 3373 3697 vita:

1769 3733 2008 3788 caelestis
2060 3738 2110 3785 et
2169 3729 2220 3783 in
2276 3729 2677 3786 resurreminne
2728 3730 3089 3802 suscipienda:
3143 3745 3366 3791 acterna:

1769 3825 1962 3896 gloria:
1997 3832 2392 3880 sacramentum
2424 3831 2526 3878 est.
2563 3823 2754 3880 Merito
2791 3825 2954 3896 igitur
2995 3840 3022 3880 a
3056 3825 3215 3883 Patre
3243 3839 3372 3884 sunt

1771 3920 1962 3984 factae;
1998 3919 2120 3988 quia
2161 3919 2477 3973 mlernitatis
2510 3918 2666 3988 hujus
2695 3919 2962 3986 societas,
2992 3930 3048 3976 et
3094 3923 3218 3979 novi
3247 3938 3371 3979 cor-

1772 4012 1918 4082 poris
1951 4010 2022 4083 (f)
2053 4011 2324 4081 desponsa
2354 4011 2687 4080 conjunctio,
2715 4014 2826 4080 jam
2860 4012 3096 4083 perfecta
3128 4013 3367 4072 habeba-

1764 4179 1860 4231 est,
1885 4168 2028 4241 ineis
2054 4175 2220 4222 autem
2245 4167 2334 4239 qui
2363 4183 2471 4241 non
2495 4176 2789 4239 potuerunt,
2831 4185 2980 4238 paena
3007 4172 3220 4241 peccati.
3252 4172 3362 4228 Aut

1764 4251 1910 4312 certe
1940 4239 2174 4312 Hilarius
2195 4253 2420 4312 eatenus
2460 4239 2548 4293 hic
2581 4249 2772 4312 gentes
2800 4239 3025 4312 excusat
3045 4283 3061 4307 ,
3092 4253 3361 4312 quatenus

1764 4310 1962 4366 Joanni
2006 4311 2116 4381 jam
2158 4310 2503 4376 crediderint,
2555 4325 2609 4365 et
2654 4311 2721 4366 ad
2769 4310 3364 4371 credendumChristo

1767 4384 2104 4453 professione
2131 4392 2184 4440 et
2209 4382 2371 4437 animi
2402 4383 2762 4452 propensinnc
2793 4394 2989 4452 parata:
3016 4386 3145 4440 sint.

1838 4452 1916 4528 (a)
1950 4457 2052 4509 Sex
2095 4471 2223 4509 mss.
2258 4455 2311 4507 in
2337 4455 2574 4528 adventu.
2610 4453 2777 4522 Magis
2807 4454 3043 4523 placeret
3085 4457 3356 4516 adventum

1767 4523 2302 4598 sin'e'praapositione
2341 4527 2412 4577 in.
2458 4523 2920 4598 Commendantur
2961 4539 3173 4596 gentes,
3216 4531 3360 4598 quod

48 4595 178 4678 tum
236 4598 475 4678 difficile,
517 4595 632 4653 'iton
688 4600 829 4678 quod
881 4601 1101 4678 omnino
1152 4598 1273 4678 fieri
1315 4613 1420 4652 non
1473 4599 1660 4678 possit.
1689 4617 1744 4678 ι)
1771 4608 1891 4678 post
1922 4595 2230 4678 passionem
2258 4596 2463 4678 Christi
2498 4595 2800 4678 prtedicatis
2839 4595 3035 4653 divinis
3061 4595 3356 4678 mysteriis,

43 4671 248 4738 Neque
279 4671 443 4724 etiam
473 4687 690 4725 movere
717 4670 876 4725 debet
907 4669 1057 4733 illttd,
1088 4671 1229 4737 quod
1262 4672 1377 4724 haec
1418 4670 1660 4740 proxime

45 4740 324 4814 praecedit
352 4759 365 4796 :
406 4741 503 4796 lies
533 4752 677 4796 e.rtra
701 4743 903 4814 culpam
945 4741 1282 4814 inﬁdelitatis.
1320 4741 1430 4796 Hac
1463 4746 1662 4812 quippe

44 4812 331 4868 sententia
354 4822 561 4883 gentes,
588 4830 708 4881 quin
732 4812 927 4868 Christi
960 4813 1116 4868 fidem
1143 4813 1378 4868 nondum
1404 4815 1660 4883 proiessae

45 4893 242 4950 erant,
275 4901 380 4939 non
412 4894 633 4940 excusat
661 4886 730 4940 ab
759 4888 903 4940 omni
929 4886 1106 4954 culpa,
1136 4885 1230 4940 sed
1257 4901 1285 4938 a
1313 4884 1468 4952 culpa
1501 4885 1654 4938 dnm~

48 4967 209 5010 taxat
255 4956 597 5026 inﬁdelitatis,
637 4972 699 5011 ea
740 4959 1024 5022 nimirum,
1054 4957 1140 5011 cui
1182 4957 1432 5012 Christus
1462 4957 1654 5010 asserit

49 5029 288 5082 minime
319 5029 580 5082 obnoxios
608 5027 812 5082 futuros
855 5027 1020 5082 fuiSse
1049 5027 1286 5091 Judzeos,
1314 5031 1358 5082 si
1397 5027 1513 5096 ipse
1543 5041 1648 5081 non

53 5102 329 5154 νειιίεευι.
363 5099 488 5153 Illas
526 5100 636 5153 vult
681 5100 790 5152 sine
818 5100 1029 5152 crimine
1065 5100 1360 5165 voluntatis,
1402 5100 1504 5154 hoc
1543 5108 1648 5165 est,

48 5171 176 5241 ejus
211 5171 522 5232 voluntatis,
553 5184 673 5238 qua:
697 5170 998 5241 prtedicata!
1029 5171 1129 5225 sibi
1160 5171 1280 5224 fidei
1310 5171 1656 5238 pertinaciter

47 5239 293 5298 resistit.
331 5241 442 5296 lloc
467 5241 609 5294 enim
637 5239 773 5309 apud
799 5239 1057 5294 Hilarium
1085 5251 1241 5296 sonat
1261 5256 1451 5294 crimen
1471 5242 1656 5296 volun-

49 5318 204 5380 tatis,
245 5315 576 5366 voluntatem
617 5311 668 5364 itt
708 5311 851 5363 malo
881 5311 1227 5377 obstinatam,
1265 5321 1316 5365 et
1353 5327 1471 5380 qute
1502 5327 1654 5367 com-

49 5394 234 5456 pertze
259 5383 474 5456 veritati
506 5395 838 5451 nequaquam
865 5382 1028 5456 cedit.
1055 5382 1266 5456 Juverit
1296 5383 1411 5436 haec
1449 5382 1658 5456 Augus-

52 5451 158 5510 iini
194 5455 374 5511 verbis
408 5455 681 5506 illustrare
709 5461 764 5504 et
788 5451 1126 5506 confirmare.
1155 5454 1244 5508 Sic
1273 5463 1454 5507 autem
1500 5451 1659 5510 habet

47 5529 222 5596 epist.
257 5539 578 5596 cxcxrv,_gn.
618 5522 689 5596 g7
716 5537 734 5596 ξ
771 5520 1062 5596 Secundum
1103 5525 1235 5576 hanc
1279 5525 1656 5578 excusationem

48 5591 441 5652 inexcusabiles
463 5594 584 5647 dicit
608 5591 880 5658 Scriptura
902 5593 1073 5644 divina
1087 5609 1426 5661 quoscumque
1446 5598 1658 5650 scientes

50 5686 280 5737 peccare
307 5665 580 5721 convincit.
612 5661 703 5737 Dei
737 5673 899 5737 tameﬁn
921 5663 1120 5737 justum
1147 5663 1408 5737 judicium
1433 5681 1523 5718 nec
1553 5668 1658 5721 illis

51 5731 233 5811 parcit
261 5739 348 5807 qui
386 5751 489 5811 non
521 5733 815 5811 audierunt.
849 5731 1164 5811 Quicumque
1194 5735 1300 5811 sine
1331 5736 1440 5804 lege
1477 5753 1654 5811 pecca-

49 5803 406 5871 verunt,'sine
435 5805 543 5872 lege
568 5803 869 5875 peribunt...
900 5803 1018 5869 quia
1045 5814 1092 5856 et
1125 5805 1237 5874 ipsa
1275 5803 1566 5875 ignorantia
1604 5809 1659 5863 in

51 5885 155 5944 eis,
192 5881 282 5951 qui
309 5872 592 5938 intelligere
615 5872 905 5932 uoluerunt,
933 5875 1040 5925 sine
1064 5872 1378 5928 dubitatione
1399 5887 1658 5942 peccatum

1778 4668 2042 4738 Unigeniti
2073 4669 2162 4741 Dei
2207 4667 2495 4741 adventum
2538 4667 2866 4723 crediderint
2904 4680 3066 4741 atque
3099 4667 3363 4727 confessa:

1770 4743 1898 4805 sint,
1935 4739 2189 4794 miracula
2225 4739 2581 4804 laudaverint,
2611 4749 2716 4794 etc.

1845 4811 1918 4882 (lt)
1983 4811 2152 4877 Puta,
2213 4813 2466 4882 virtutem
2518 4811 2966 4879 resurrectionis,
3017 4814 3358 4869 curationum

1765 4881 1948 4949 opera.
1982 4882 2118 4936 Tum
2162 4883 2212 4936 in
2246 4899 2376 4936 mss.
2410 4881 2593 4948 Rom.,
2625 4882 2778 4938 Colb.
2821 4895 2876 4939 et
2918 4883 3108 4951 Carn.,
3135 4895 3183 4938 et
3224 4901 3351 4938 con-
3373 4907 3390 4914 -

1764 4954 2081 5028 demnantes,
2110 4955 2197 5024 qui
2217 4955 2494 5028 justiﬁcati
2524 4971 2626 5008 non
2654 4965 2818 5012 erant.
2845 4957 3062 5012 omissis
3081 4955 3358 5010 Vocabulis

1760 5043 1850 5096 per
1875 5027 2048 5095 ﬁdem.

1831 5096 1902 5170 (c)
1945 5098 2148 5170 Inms.
2191 5097 2375 5165 Rom.,
2413 5095 2736 5154 multimoda.
2783 5098 2838 5154 in
2891 5095 3046 5153 Colb.
3079 5107 3135 5154 et
3163 5097 3352 5168 Carn.,

1756 5169 2074 5224 multimode.

1859 5311 1907 5381 e)
1939 5312 2066 5366 Mss.
2103 5312 2188 5364 hic
2217 5325 2412 5380 magno
2437 5328 2730 5378 consensu,
2761 5311 3160 5381 patrisfamilite.

1862 5388 1906 5453 f)
1938 5382 2112 5436 Editio
2141 5381 2264 5436 Par.
2293 5399 2414 5438 cum
2442 5385 2646 5450 aliquot
2673 5395 2828 5446 mss.,
2854 5383 3178 5454 desponsata.
3204 5382 3355 5438 Prte-

1766 5454 1989 5510 I'erintus
2015 5454 2268 5521 desponsa
2293 5467 2415 5508 cum
2444 5455 2563 5508 aliis
2598 5454 2726 5508 edit.
2769 5460 2823 5505 et
2853 5468 2984 5506 is.
3015 5454 3089 5509 Ita
3121 5457 3175 5509 in
3207 5454 3349 5510 Psal.

1765 5539 2004 5588 cxxxvn,
2039 5524 2176 5586 n.8,
2211 5524 2484 5578 Christum
2529 5525 2651 5579 ideo
2687 5537 2942 5593 sponsum
2982 5527 3349 5594 cognominari

1762 5604 2065 5659 enarratur,
2094 5595 2216 5664 quia
2249 5594 2486 5650 Ecclesia
2514 5597 2561 5648 ei
2585 5611 2679 5662 per
2708 5595 3130 5661 assumptionem
3161 5611 3353 5664 corpo-

1763 5669 1839 5723 ris
1866 5667 2034 5720 nostri
2071 5667 2322 5733 desponsa
2360 5669 2443 5718 sit.
2477 5664 2614 5718 Tum
2647 5665 2697 5718 itt
2739 5679 2870 5717 mss.
2901 5667 3052 5720 Colb.
3083 5676 3137 5721 et
3164 5667 3353 5734 Carm,

1762 5738 2124 5805 coniunctione
2144 5777 2158 5801 ,
2190 5752 2294 5789 non
2325 5735 2639 5806 conjunctio.
2673 5734 2878 5788 Exinde
2907 5737 3161 5805 prtedicta
3187 5737 3355 5791 editio

1764 5809 1904 5871 sola,
1923 5809 2037 5876 jam
2075 5810 2299 5877 perfecta
2329 5805 2562 5877 habetur.
2593 5805 2708 5859 Non
2735 5806 3049 5874 diSpliceret
3083 5808 3352 5877 habeatur,

1764 5879 1810 5933 sl
1850 5875 1971 5933 eum
2019 5875 2337 5933 auctoritate
2383 5875 2587 5932 liceret.
2633 5878 2964 5945 Quamquam
2999 5879 3164 5934 etiam
3214 5875 3352 5935 infra

1858 5239 1914 5381 et)
1944 5241 2075 5295 Male
2103 5239 2244 5309 apud
2274 5239 2398 5295 Par.
2433 5241 2708 5310 promissa.

1859 5328 1885 5364 e
1939 5312 2066 5366 Mss.
2103 5312 2188 5364 hic
2217 5325 2412 5380 magno
2437 5328 2704 5367 consensu

1834 5241 1906 5454 in
1938 5382 2112 5436 Editio
2141 5381 2264 5436 Par.
2293 5399 2414 5438 cum
2442 5385 2646 5450 aliquot
2673 5399 2708 5436 η
