3882 6332
473 255 610 310 1047

1680 242 1922 300 8ΛΝΟΤΙ
1965 238 2219 298 IIILARII
2263 238 2563 296 EPISCOPI

3657 235 3780 295 1043

470 367 610 437 legis
641 366 701 422 in
721 366 942 423 Christo
970 363 1134 419 fuisse
1178 360 1495 432 perlectam.
1552 359 1618 414 Et
1659 357 1878 429 quidem
1926 357 2072 412 inso—
2099 359 2152 420 Α
2177 355 2345 411 sartio
2378 356 2609 411 nominis
2639 355 2948 410 suhatantim
2979 356 3245 410 unitatem
3270 397 3286 419 ,
3311 363 3367 410 et
3391 353 3680 409 assidendi
3709 355 3780 409 in-

475 457 707 513 lentium
762 457 1078 528 ignorantiae
1110 455 1241 524 legis
1297 453 1464 524 ipsius
1519 451 1698 506 verbis
1745 464 2069 519 responsum

479 561 596 607 est:
639 565 762 621 qua:
789 548 1070 620 responsio
1099 560 1314 602 onmem
1361 545 1414 600 in
1443 560 1502 599 se
1533 544 1772 598 veritatis
1817 551 1901 597 est
1927 557 2077 597 eom—

485 645 644 715 plexa
665 643 990 698 doctrinam.
1023 639 1304 709 Proprium
1333 639 1478 692 enim
1513 636 1720 690 Domini
1747 635 1916 689 nostri
1947 633 2076 689 Jesu

481 739 679 794 Christi
709 736 946 791 oflicium
974 741 1058 790 est
1080 773 1096 799 ,
1144 732 1503 803 cognitionem
1538 730 1629 785 Dei
1658 727 1881 794 afferre,
1915 735 1972 782 ct
1998 733 2094 781 In-r

483 832 838 904 telligentiam
891 829 1126 885 nominis
1187 829 1306 898 ejus
1368 829 1756 896 potestatisque
1821 829 2081 893 pratstare

484 926 580 1000 (V.
607 926 696 982 lib.
729 941 768 980 ιι
809 925 872 980 de
909 924 1057 979 Trin.
1089 941 1144 978 n.
1177 921 1297 994 22).
1331 921 1526 976 Missus
1555 920 1697 974 enim
1731 923 1998 982 venerat,
2028 923 2084 970 et

486 1037 553 1076 ex
585 1020 890 1075 :eternitate
933 1017 1199 1073 deductus
1220 1057 1234 1082 ,
1289 1015 1371 1070 his
1401 1029 1522 1085 quae
1552 1024 1703 1068 erant
1738 1012 1847 1066 Deo
1887 1009 2084 1080 placita

487 1111 926 1184 perfungebatur.
963 1108 1264 1180 ReSjiondit
1301 1106 1482 1178 itaque
1524 1106 1754 1176 primum
1784 1117 1906 1158 esse
1935 1116 2088 1156 man-

487 1205 701 1260 datum:
735 1203 926 1276 Diliges
975 1201 1260 1256 Dominum
1293 1201 1456 1256 Deum
1503 1213 1649 1254 tuum
1694 1200 1746 1252 iu
1778 1205 1884 1252 toto
1935 1197 2090 1252 corde

496 1307 608 1362 tuo,
642 1305 688 1350 et
715 1296 766 1349 in
797 1304 903 1348 tota
931 1295 1105 1348 anima
1137 1303 1226 1348 tua
1246 1336 1261 1360 ,
1286 1303 1334 1348 et
1365 1294 1416 1346 in
1445 1303 1550 1347 tota
1571 1301 1744 1346 mente
1768 1302 1854 1344 tua
1877 1288 1895 1361 (
1915 1290 1949 1359 γ
1973 1291 2084 1359 57).

497 1391 617 1446 Non
645 1390 790 1446 enim
823 1388 966 1444 aliud
1015 1389 1105 1442 ille
1151 1388 1453 1454 efﬁciebat,
1483 1401 1644 1456 quam
1673 1384 1816 1455 quod
1847 1384 1932 1437 lex
1963 1397 2092 1437 con-

494 1485 732 1548 tinebat;
766 1485 887 1555 quia
939 1488 1206 1552 prmcvptzt
1254 1482 1386 1552 legis
1413 1522 1427 1546 ,
1475 1495 1664 1535 eorum
1693 1494 1814 1550 qua:
1839 1484 2092 1547 gesturus

492 1579 609 1648 ipse
636 1583 754 1630 erat
776 1617 792 1641 ,
824 1575 1048 1629 formam
1079 1573 1598 1644 complectebantur.
1633 1571 1904 1626 Admonet
1931 1568 2094 1638 igitur

498 1667 826 1738 cognitionis
848 1667 966 1736 ejus
998 1709 1014 1734 ,
1065 1681 1226 1736 quam
1280 1664 1480 1719 habere
1529 1678 1588 1718 se
1639 1661 2008 1732 gloriabantur
2039 1659 2094 1714 in

2180 449 2439 504 vitatione
2483 448 2742 519 judicium
2765 492 2777 510 .
2807 459 2884 503 .ct
2922 449 2990 504 de
3027 451 3413 504 universorum
3454 449 3783 518 subjectioee

2180 543 2461 606 virtutem;
2493 552 2551 596 ut
2578 544 2670 614 (ul.
2707 541 2782 615 et)
2807 543 3189 598 meminissent
3217 543 3270 596 in
3303 557 3370 598 eo
3391 584 3408 607 ,
3442 541 3536 613 qui
3573 557 3646 597 ex
3693 544 3783 598 D2-

2182 637 2266 691 vid
2293 638 2586 701 oriebatur,
2615 647 2831 692 :etern:e
2863 638 3074 692 virtutis
3101 647 3158 691 et
3207 636 3501 706 potestatis
3530 645 3588 690 et
3631 641 3782 708 ori-gi-

2185 732 2268 785 nis
2292 731 2644 786 substantiam
2677 731 2939 788 contineri
2965 773 2979 798 ,
3003 741 3059 786 et
3093 731 3263 786 Deum
3296 731 3350 785 in
3378 729 3608 786 homine
3638 747 3778 787 man-

2185 839 2393 879 surum.

2757 940 2982 998 CAPUT
3010 940 3205 998 XXIV.

2190 1080 2269 1135 De
2296 1081 2542 1136 cathedra
2599 1080 2770 1152 Moysi
2812 1098 2967 1151 super
3009 1098 3165 1151 quam
3213 1088 3465 1134 sederunt
3513 1081 3707 1136 Scribe
3741 1097 3777 1139 et

2263 1175 2509 1244 pharisrei
2533 1219 2546 1240 ,
2577 1175 2641 1228 de
2665 1175 2844 1228 clauso
2870 1175 2932 1227 ab
2964 1174 3147 1228 iisdem
3178 1191 3339 1245 regno
3359 1175 3634 1239 rationm,
3661 1189 3701 1230 et
3725 1180 3772 1231 ei

2265 1271 2446 1325 iisdem
2470 1268 2666 1322 comedi
2691 1268 2870 1320 domos
2888 1267 3185 1329 viduarum,
3209 1268 3650 1323 circumeuntibus
3667 1289 3773 1325 ειεξιτ

2268 1375 2314 1419 et
2335 1361 2533 1416 aridam
2559 1403 2575 1427 ,
2616 1370 2663 1413 et
2708 1361 2993 1414 dicentibus
3036 1375 3055 1414 :
3080 1359 3432 1429 Quicumque
3448 1360 3700 1428 junven't
3733 1366 3767 1417 is

2272 1453 2514 1522 templo,
2562 1450 2691 1505 nihil
2742 1460 2865 1514 est,
2919 1459 2966 1504 et
3012 1450 3396 1504 decimantibns
3459 1450 3698 1504 mentita
3737 1466 3766 1507 et

2270 1547 2533 1612 anethum,
2569 1555 2612 1598 et
2640 1543 3017 1613 a’dificantibus
3044 1543 3291 1614 sepulcra
3324 1543 3710 1614 prophetarum,
3733 1563 3766 1599 (ς

2272 1640 2336 1693 de
2362 1638 2650 1694 Jerusalem
2677 1650 2792 1703 qua:
2813 1635 3055 1704 interﬁcit
3079 1634 3374 1705 praphetas
3391 1677 3408 1701 ,
3437 1645 3485 1688 et
3515 1635 3686 1705 lapids:
3704 1656 3761 1691 ea!

499 1765 642 1834 lege,
678 1763 843 1816 Deum
869 1760 1298 1830 omnipotentem
1332 1757 1475 1810 omni
1505 1756 1699 1811 affectu
1723 1753 1938 1820 mentis,
1973 1769 2097 1808 cor-

2273 1735 2361 1805 qui
2391 1737 2460 1789 ad
2480 1751 2533 1789 se
2559 1735 2700 1790 missi
2729 1744 2866 1788 sunt.

496 1856 601 1920 dis,
625 1856 820 1909 anima:
842 1852 1206 1924 diligendum,
1242 1858 1300 1905 ut
1327 1848 1753 1905 admonitionem
1777 1863 1930 1902 suam
1962 1862 2100 1918 prte-

496 1947 658 2003 missa
679 1946 814 2017 legis
847 1946 1099 2000 mandata
1131 1943 1431 1997 ﬁrmarent.

571 2042 625 2094 7.
659 2039 897 2093 Proximi
944 2038 1148 2092 nomine
1189 2036 1422 2090 Christus
1452 2035 1746 2108 diligendus
1769 2036 2001 2110 jubetur.
2032 2065 2103 2076 —

506 2133 714 2188 Deinde
738 2131 974 2202 adjecit:
1014 2129 1129 2184 Hoc
1165 2141 1237 2184 est
1265 2146 1506 2200 magnum
1550 2137 1597 2183 et
1636 2130 1856 2199 printqu
1884 2128 2102 2182 hianda-

509 2234 640 2279 tum.
675 2223 972 2279 Secundum
1000 2238 1116 2277 vero
1145 2222 1314 2276 simile
1361 2221 1478 2275 huic
1513 2237 1531 2274 :
1572 2219 1770 2292 Diliges
1813 2221 2106 2293 proximum

509 2329 656 2372 tuum
681 2321 812 2372 sicut
863 2328 910 2371 te
935 2319 1099 2388 ipsum
1131 2315 1292 2386 (Ibid.
1319 2315 1388 2370 58
1415 2323 1471 2368 et
1497 2312 1610 2386 59).
1635 2314 1742 2369 Sed
1795 2313 2106 2368 mandatum

505 2426 740 2481 sequens
761 2417 818 2466 et
846 2410 1021 2465 simile
1043 2408 1310 2480 signiﬁcat
1338 2409 1478 2464 idem
1500 2423 1623 2464 esse
1650 2418 1702 2463 et
1732 2406 1894 2463 ofﬁcii
1921 2417 1976 2462 et
1997 2423 2110 2463 me-

509 2504 599 2558 riti
629 2504 682 2558 in
705 2512 935 2574 utroque
965 2501 1082 2576 (Sic
1103 2517 1220 2570 cap.
1249 2501 1301 2565 4,
1338 2517 1392 2554 n.
1421 2502 1474 2561 7.
1501 2500 1642 2555 idem
1673 2500 1890 2570 pmnai).
1926 2499 2110 2570 Neque

508 2598 653 2653 enim
686 2607 778 2653 aut
810 2597 908 2652 Dei
941 2599 1060 2652 sine
1087 2595 1330 2661 Christo,
1362 2603 1455 2649 aut
1481 2593 1682 2648 Christi
1715 2594 1833 2649 sine
1861 2593 1972 2648 Deo
2012 2608 2109 2662 po-

508 2699 617 2746 test
658 2691 802 2746 utilis
832 2704 954 2745 esse
993 2688 1234 2743 dilectio.
1275 2686 1520 2742 Alterum
1571 2688 1732 2757 igitur
1775 2686 1894 2741 sine
1937 2686 2111 2740 altero

511 2783 716 2838 nullum
739 2781 806 2837 ad
831 2782 1058 2837 salutem
1082 2789 1324 2836 nostram
1355 2780 1510 2835 allert
1551 2779 1874 2850 profectum.
1899 2779 1964 2834 Et
1992 2779 2113 2834 ideo

521 2878 576 2930 in
606 2877 687 2930 his
728 2877 926 2930 duobus
970 2874 1224 2930 mandatis
1262 2883 1366 2928 tota
1406 2875 1490 2927 lex
1535 2873 1717 2941 pendet
1766 2882 1813 2927 et
1852 2871 2116 2945 propheta:

519 2968 594 3040 (ᾖ
637 2966 770 3039 40);
826 2966 950 3038 quia
985 2968 1067 3021 lex
1097 2978 1151 3022 et
1182 2967 1461 3036 prophetia
1501 2968 1678 3022 omnis
1703 2966 1903 3022 Christi
1948 2967 2115 3036 depu-

515 3061 733 3114 labatur
781 3059 1072 3125 adventui,
1117 3069 1171 3112 et
1192 3059 1457 3114 adventus
1485 3059 1602 3129 ejus
1650 3074 1744 3128 per
1771 3061 2118 3129 supplemen-

2276 1855 2328 1908 ‘l.
2361 1852 2511 1924 Legis
2553 1853 2787 1906 doctrina
2826 1851 3234 1906 commendatur.
3289 1848 3653 1904 Plias-ismara
3675 1853 3740 1902 isi-

2204 1950 2396 2019 quitas,
2424 1947 2737 2016 ignorantia,
2770 1963 2828 1999 ac
2857 1946 3119 2014 superbia.
3154 1974 3231 1985 ——
3280 1943 3444 1997 Tunc
3495 1943 3634 1996 Iesus
3662 1949 3750 1997 ian»

2216 2050 2296 2094 tus
2321 2051 2393 2094 est
2419 2039 2579 2092 turbis
2606 2046 2651 2093 et
2692 2037 2960 2109 discipulis
2986 2038 3095 2092 suis
3119 2080 3133 2102 ,
3169 2038 3362 2090 dicens
3402 2052 3425 2089 :
3461 2035 3620 2106 Super

2207 2132 2357 2185 dram
2387 2129 2556 2201 Moysi
2594 2131 2830 2184 sederunt
2880 2129 3078 2183 Scriba:
3106 2139 3154 2183 et
3195 2128 3479 2182 Pharisaei
3504 2170 3521 2193 ,
3543 2140 3594 2182 et
3619 2130 3745 2196 reiigsa

2212 2222 2426 2294 (Matth.
2461 2238 2595 2278 χχιιι
2617 2263 2631 2286 ,
2663 2223 2685 2276 l
2724 2230 2778 2276 et
2804 2221 2886 2292 2).
2920 2222 3076 2291 Legis
3103 2221 3174 2275 de
3216 2236 3280 2275 se
3328 2223 3588 2277 testantis
3607 2223 3745 2291 gis-rea

2210 2318 2483 2388 praetulit,
2526 2331 2648 2386 qua:
2698 2315 2984 2386 imaginem
3038 2314 3091 2368 in
3120 2329 3182 2369 se
3226 2313 3441 2368 futurae
3464 2315 3734 2368 veritatis:-

2214 2420 2504 2483 presserat.
2535 2411 2592 2465 In
2624 2411 2873 2465 omnibus
2920 2410 3062 2465 enim
3096 2407 3319 2464 Christi
3347 2407 3429 2482 (a)
3482 2410 3730 2464 meditata:-

2212 2504 2522 2558 adventum.
2553 2501 2823 2572 Quidquid
2849 2503 2990 2557 enim
3019 2502 3074 2556 in
3095 2516 3158 2556 ea
3184 2501 3604 2567 continebatur,
3624 2503 3663 2556 ia
3679 2517 3744 2570 pn-

2214 2596 2410 2652 l‘ectum
2441 2595 2849 2651 manilestandie
2865 2595 2980 2665 ejus
3004 2594 3356 2665 cognitionis
3379 2606 3748 2666 assumptmnet

2214 2689 2372 2745 lubet
2418 2690 2582 2759 igitur
2626 2688 2913 2759 prmceptis
2961 2688 3388 2744 Pharisaeorum
3442 2688 3749 2756 obtemperari,

2215 2783 2339 2854 quia
2372 2782 2423 2836 in
2453 2781 2622 2853 Moysi
2648 2779 2904 2835 cathedra
2938 2780 3222 2834 sederint:
3251 2780 3428 2850 jubet
3459 2781 3575 2850 legis
3596 2780 3747 2833 nania-

2220 2879 2288 2932 tis
2316 2876 2566 2930 omnibus
2593 2875 2801 2931 obediri
2821 2917 2836 2940 ,
2865 2874 2958 2930 sed
2988 2890 3016 2928 a
3047 2873 3207 2928 factis
3238 2889 3455 2930 eorum
3479 2875 3742 2944 atem-open;

2221 2969 2318 3023 bus
2349 2968 2640 3032 abstineri;
2683 2977 2738 3020 ut
2767 2982 2945 3022 mores
2976 2966 3268 3021 hominum
3310 2977 3478 3038 atque
3499 2967 3725 3027 inﬁdelitas.

2222 3078 2328 3116 non
2361 3061 2494 3131 legis
2525 3060 2768 3114 doctrina
2798 3061 3015 3114 vitetur.
3050 3059 3156 3128 ipsi
3193 3060 3357 3114 enim
3385 3059 3655 3113 subducam
3670 3071 3741 3125 ava-

513 3163 626 3209 tum
665 3168 853 3208 eorum
900 3153 1260 3223 cognoscendi
1306 3153 1401 3208 Dei
1435 3152 1844 3222 intelligentiam
1889 3162 2113 3221 prtesta-
2143 3163 2188 3226 ρ
2221 3154 2347 3225 pulo
2368 3152 2683 3223 gravissima
2734 3153 2867 3220 legis
2898 3166 3061 3206 onera
3105 3152 3460 3220 imponunt,
3508 3167 3567 3205 ne
3597 3151 3750 3220 digitm

520 3247 634 3303 bat.
664 3245 796 3301 Nam
837 3245 904 3302 de
934 3247 1180 3316 proximo
1209 3246 1520 3316 frequenter
1556 3247 1962 3310 admonuimus.
2007 3263 2117 3302 non

519 3343 683 3398 alium
711 3343 1122 3414 intelligendum
1153 3358 1273 3398 esse
1303 3358 1464 3414 quam
1487 3341 1780 3398 Christum.
1815 3344 1948 3398 Cum
1971 3342 2115 3397 enim

520 3447 753 3506 patrem,
782 3446 1034 3502 matrem,
1066 3435 1205 3490 ﬁlios
1231 3435 1478 3490 charitati
1505 3435 1597 3489 Dei
1630 3449 1944 3505 praeponere
1977 3435 2121 3489 inhi-

524 3531 781 3598 beamur,
808 3529 1084 3601 quomodo
1125 3529 1340 3584 dilectio
1374 3528 1602 3598 proximi
1648 3528 1903 3599 diligendi
1952 3529 2120 3583 Deum

525 3624 705 3679 simile
730 3624 1043 3678 mandatum
1073 3623 1191 3677 est?
1231 3625 1336 3675 Aut
1367 3622 1702 3690 relinquetur
1732 3621 1956 3692 aliquid,
1981 3621 2124 3691 quod

524 3716 698 3771 amori
731 3716 822 3770 Dei
859 3715 1034 3785 possit
1074 3713 1445 3784 aequari?nisi
1481 3714 1603 3784 quia
1634 3713 1928 3767 similitudo
1981 3730 2123 3783 pra:-

526 3809 671 3879 cepti
713 3823 901 3879 parem
935 3806 1252 3862 charitatem
1275 3805 1532 3876 diligendi
1560 3806 1774 3861 Patrem
1833 3815 1886 3861 et
1930 3805 2125 3861 Filium

531 3901 801 3972 exigebat.

600 3993 655 4047 8.
692 3991 927 4048 Christus
950 3990 1039 4061 qui
1055 3991 1195 4061 ﬁlius
1217 3990 1385 4046 David
1403 3992 1682 4045 secundant
1701 4008 1926 4060 carnem,
1952 3992 2132 4047 Domi-

536 4103 632 4140 nus
654 4095 726 4142 est
761 4084 954 4140 David.
985 4115 1057 4125 —
1086 4084 1263 4156 Atque
1289 4094 1348 4140 ut
1371 4086 1504 4155 legis
1539 4086 1705 4155 ipsius
1751 4087 1932 4141 verbis
1979 4087 2130 4156 argui

531 4188 778 4250 possent,
810 4187 865 4234 et
890 4177 1054 4253 783
1080 4177 1147 4232 de
1173 4177 1421 4248 proximo
1467 4177 1802 4231 manifestior
1826 4177 2132 4248 intelligen-

528 4275 600 4329 tia
620 4273 988 4343 panderetur;
1018 4271 1242 4343 requirit
1265 4271 1392 4342 quid
1417 4271 1522 4325 illis
1547 4271 1826 4326 videretur
1851 4271 2124 4338 Christus,

536 4366 819 4434 cujusnam
868 4363 1013 4419 ﬁlius
1059 4363 1273 4418 futurus
1321 4373 1487 4418 esset.
1528 4362 1630 4431 Qui
1689 4363 2129 4433 responderunt,

536 4458 726 4514 David.
759 4458 965 4526 Quibus
996 4459 1114 4526 ait,
1160 4457 1436 4528 quomodo
1487 4457 1538 4511 in
1567 4456 1756 4526 spiritu
1792 4457 2053 4512 Dominus
2102 4473 2132 4511 a

2223 3244 2440 3316 quidem
2464 3259 2618 3299 suum
2640 3225 3013 3313 contingendis
3036 3243 3171 3311 ipsis
3189 3242 3556 3298 admoventes
3574 3241 3691 3312 (ibid.
3709 3242 3754 3308 5‘}.

2221 3339 2360 3407 Quin
2393 3338 2553 3392 etiam
2601 3335 2922 3406 prmcipiunt
2966 3336 3262 3390 Dominum
3295 3351 3371 3392 ex
3421 3345 3536 3390 toto
3572 3334 3759 3390 cordae}-

2224 3431 2337 3501 ligi,
2367 3440 2419 3485 et
2449 3431 2748 3498 proximum
2775 3438 3042 3499 tamquam
3073 3443 3134 3483 se
3175 3431 3397 3495 amari,
3428 3430 3531 3500 ipsi
3555 3430 3762 3483 adversus

2225 3530 2358 3600 legis
2380 3530 2480 3585 sibi
2514 3530 2634 3584 lake
2666 3530 3051 3594 testimonium,
3079 3528 3156 3599 (b)
3191 3530 3366 3600 Deum
3400 3530 3457 3583 in
3484 3527 3766 3591 Christo

2226 3622 2470 3678 sionibus
2522 3629 2929 3694 persequentes.
2982 3619 3285 3674 Verborum
3345 3633 3570 3690 quoque
3608 3629 3760 3668 sacrae

2225 3717 2452 3789 gloriam
2478 3726 2747 3786 tamquam
2773 3713 3085 3784 philacteria
3104 3711 3590 3785 78&.dilatantes
3642 3709 3658 3779 (
3674 3709 3696 3774 ᾖ
3723 3707 3764 3759 ἷξε

2230 3811 2432 3880 quibus
2461 3810 2586 3864 vitae
2627 3817 2843 3863 :cternm
2889 3816 3077 3862 auctor
3103 3808 3247 3862 Deus
3295 3822 3409 3862 non
3444 3808 3516 3860 sit
3543 3804 3767 3861 iuteileﬁas

2229 3902 2285 3956 in
2315 3901 2562 3964 Christo,
2591 3915 2818 3968 seseque
2853 3914 2917 3954 ex
2969 3901 3174 3953 honore
3234 3899 3374 3969 legis
3423 3898 3651 3954 emissos
3685 3906 3770 3947 tam.

2233 4011 2394 4067 quam
2430 3995 2671 4050 ﬁmbrias
2699 4010 2762 4048 ex
2790 4002 2942 4049 veste
2975 3993 3361 4063 magniﬁcent,
3388 3993 3489 4062 qui
3521 3991 3668 4044 totius

2235 4093 2434 4163 ignari,
2461 4095 2637 4160 neque
2666 4104 2828 4158 opera
2871 4103 3045 4158 neque
3069 4088 3329 4142 virtutem
3359 4088 3486 4155 ejus
3518 4084 3671 4155 ipsius
3693 4082 3771 4148 legi?

2235 4183 2554 4253 agnoverint
2580 4199 2593 4236 :
2627 4189 2873 4235 amantes
2895 4180 3102 4247 primos
3133 4177 3425 4232 accubitus
3453 4177 3508 4230 in
3538 4176 3771 4231 convivis.

2237 4275 2325 4345 qui
2357 4273 2468 4344 igni
2496 4282 2698 4327 :eterno
2721 4271 3154 4342 (convivantibus
3182 4269 3370 4339 potius
3405 4284 3536 4324 cum
3574 4269 3768 4324 Abrahae

2237 4363 2514 4438 gentibus)
2546 4364 2906 4434 deputantur:
2955 4371 3007 4416 et
3050 4363 3248 4432 primas
3273 4360 3571 4415 cathedras
3603 4362 3648 4413 in
3671 4373 3773 4429 sym-

2239 4461 2412 4532 gogis,
2445 4460 2546 4531 ipsi
2569 4459 2846 4515 doctorem
2870 4474 3027 4513 suum
3051 4458 3352 4513 secundum
3379 4458 3516 4528 legis
3543 4467 3597 4512 et
3621 4457 3778 4526 propis

545 4551 714 4607 David
740 4559 1171 4620 nuncuparetur,
1199 4549 1290 4620 qui
1319 4549 1438 4620 ejus
1461 4549 1598 4603 ﬁlius
1628 4549 1837 4602 futurus
1865 4559 2049 4613 esset;
2081 4558 2135 4603 et
2163 4561 2215 4621 Ι)
2242 4566 2414 4609 tarum
2447 4553 2749 4608 testimonia
2798 4553 3112 4608 nescientes
3162 4551 3182 4623 (
3200 4552 3236 4621 ᾖ
3298 4550 3356 4619 6)
3381 4569 3393 4604 :
3449 4551 3546 4605 sed
3574 4561 3626 4605 et
3651 4550 3780 4602 saluti

537 4641 812 4715 quomodo
833 4642 900 4696 ab
939 4656 1003 4695 eo
1024 4641 1224 4696 dictum
1254 4649 1434 4695 esset:
1463 4638 1608 4694 Dixit
1630 4637 1885 4693 Dominus
1915 4639 2134 4693 Domino

538 4752 651 4790 meo
674 4751 693 4789 :
728 4732 867 4790 Sede
887 4749 920 4785 a
949 4733 1141 4786 dextris
1167 4734 1292 4787 meis
1309 4775 1324 4800 ,
1353 4733 1516 4786 donec
1536 4749 1725 4805 ponam
1751 4733 1986 4786 inimicos
2021 4741 2135 4787 tuos

539 4826 823 4883 scabellum
849 4825 1256 4900 pedumtuorum
1306 4825 1465 4897 (Ibid.
1500 4825 1722 4896 4244).
1744 4825 1875 4880 Erat
1917 4827 2134 4897 quidem

536 4935 764 4986 verum,
798 4919 1073 4974 Christum
1119 4934 1182 4972 ex
1234 4918 1407 4974 David
1451 4917 1658 4975 semine
1707 4921 2134 4989 procreandum:

539 5015 634 5071 sed
658 5014 958 5070 similitudo
1001 5013 1234 5068 nominis
1254 5055 1269 5080 ,
1315 5029 1418 5083 qua
1454 5015 1710 5070 Dominus
1739 5017 1970 5071 Domino
1991 5016 2138 5072 diee-

538 5108 670 5176 bat,
702 5118 758 5164 et
785 5125 888 5179 qua
921 5124 949 5162 a
981 5107 1188 5164 dextris
1215 5107 1556 5176 collocabat,
1597 5109 1770 5165 donec
1799 5124 1989 5164 omnes
2032 5111 2140 5165 ini-

540 5202 709 5258 micos
732 5202 988 5258 subderet
1010 5199 1238 5272 pedibus
1261 5199 1450 5269 ipsius,
1478 5202 1818 5272 significabat
1837 5210 1893 5259 et
1913 5201 1982 5257 de
2006 5217 2136 5259 con-

538 5415 858 5486 praesignata
891 5455 906 5480 ,
943 5413 1095 5486 cujus
1121 5409 1530 5486 intelligentiam
1552 5426 1658 5466 non
1680 5413 2019 5486 assequimur
2040 5410 2144 5466 nisi

536 5484 905 5541 meditatione.
952 5485 1013 5539 V.
1049 5486 1127 5539 lit.
1152 5484 1208 5551 2,
1239 5484 1328 5538 Ps.
1361 5498 1550 5547 cxvm,
1582 5499 1637 5539 n.
1670 5484 1756 5538 ll.

606 5557 686 5631 (a)
716 5557 773 5612 In
801 5572 896 5612 sex
919 5555 1431 5631 mss._‘meditabatur
1459 5555 1946 5631 adventus:_minus
1977 5569 2140 5631 vere,

536 5626 675 5685 cuin'
699 5631 926 5684 verbum
958 5627 1299 5681 meditabatur
1346 5626 1686 5682 referendum
1720 5626 1789 5681 sit
1819 5627 1884 5681 ad
1917 5628 2141 5682 tacitum

547 5715 744 5754 nomen
778 5701 935 5769 legis,
965 5699 1121 5766 cujus
1156 5706 1343 5752 auctor
1373 5698 1605 5767 Spiritus
1631 5709 1852 5752 sanctus
1885 5699 1937 5752 in
1963 5699 2141 5753 omni-

542 5770 641 5824 bus
673 5770 814 5825 illius
840 5770 1004 5848 gestis
1032 5769 1308 5825 Christum
1336 5785 1498 5825 unum
1545 5769 1909 5841 prospiciebat
1932 5783 1996 5824 ac
2019 5783 2133 5824 me-

2247 4650 2421 4704 tiones
2468 4649 2518 4702 in
2552 4649 2669 4703 foro
2692 4690 2705 4712 ,
2734 4646 2933 4717 quibus
2974 4645 3250 4701 humilitas
3277 4646 3465 4701 cordis
3517 4656 3571 4700 et
3607 4644 3783 4700 "liniait

2245 4742 2386 4796 rium
2409 4743 2462 4795 in
2491 4756 2683 4796 omnes
2711 4751 2796 4796 est
2829 4742 3177 4811 imperatum.
3209 4740 3409 4795 Vocari
3438 4741 3602 4795 etiam
3641 4741 3697 4794 ab
3722 4739 3784 4789 lm-

2246 4834 2482 4890 minibus
2502 4834 2741 4905 magistri
2769 4834 2992 4905 volunt(
3013 4835 3049 4899 Ῡ
3096 4834 3176 4904 7),
3217 4831 3785 4904 doctrintelegisignari.

2246 4935 2302 4982 et
2328 4927 2640 4998 magistrum
2674 4927 2864 4981 salutis
2896 4935 3169 4996 perpetuae
3194 4935 3538 4996 respuentes.
3570 4926 3686 4992 Quze
3706 4924 3786 4992 ipsi:

2250 5023 2431 5078 omnia
2459 5020 2679 5091 profana
2709 5030 2870 5091 atque
2900 5035 3156 5090 perversa
3181 5028 3372 5086 essent
3393 5061 3409 5085 ,
3441 5018 3688 5074 factorum
3711 5017 3791 5071 imi-

2251 5115 2454 5170 tatione
2480 5114 2827 5168 damnantur.
2860 5113 3017 5183 Legis
3038 5121 3224 5168 autem
3251 5113 3564 5181 andientia,
3596 5125 3644 5168 et
3665 5113 3789 5166 dicte-

2250 5221 2368 5261 rum
2390 5205 2855 5275 obedientia,quia
2885 5202 3162 5259 Christum
3192 5205 3580 5275 loquebantur,
3597 5205 3789 5276 exigitur.

2247 5410 2550 5467 dilabatur:
2583 5419 2640 5465 ut
2681 5426 2744 5465 ea:
2787 5423 3108 5480 quacumque
3151 5406 3272 5462 licet
3306 5424 3532 5478 persona
3571 5406 3789 5479 prophetia

2247 5483 2475 5554 Spiritus
2498 5483 2562 5537 sit
2581 5481 2816 5554 locutus,
2849 5481 2915 5554 sit
2941 5489 3111 5554 tamen
3148 5490 3310 5534 totum
3337 5481 3473 5554 illud
3500 5481 3564 5534 ad
3597 5481 3789 5552 cognitis-

2244 5551 2629 5637 nemndgentus
2661 5552 2870 5637 Domini
2891 5551 3075 5617 nostri,
3110 5561 3246 5618 etc.,
3281 5561 3342 5606 ut
3371 5551 3600 5607 habetur
3622 5557 3787 5622 proiogo

2245 5625 2814 5769 ω
2856 5693 3178 5769 potioribus'
3215 5710 3356 5754 mss.
3385 5695 3498 5753 Alii
3520 5712 3637 5753 vero
3675 5695 3786 5748 libri.

2245 5765 2412 5825 Deum
2432 5770 2484 5822 in
2509 5767 2702 5824 Christi
2729 5765 3072 5838 passiouibtts‘.
