3882 6332
35 285 65 342 1
78 283 192 341 049

901 277 1451 336 COMMENTARIUS
1493 275 1559 333 IN
1598 240 2033 332 MA'r'rlmuu.
2075 273 2226 331 CAP.
2274 272 2461 331 xxw.

3216 268 3363 328 1050

114 398 178 454 2.
213 398 503 454 Choritatis
542 407 589 451 et
617 395 928 452 humilitatis
969 404 1248 465 prazcepta.
1273 423 1347 434 —-
1371 392 1567 447 Verum
1600 390 1653 446 in
1682 398 1736 458 Α
1759 387 2101 466 efﬁcientiam
2177 387 2510 455 continebat,
2561 385 2657 443 sed
2709 385 3071 443 meditabatur
3111 383 3356 441 ell'eetus.

34 492 391 546 contrarium
414 490 693 561 discipulis
709 492 821 560 jam
843 502 903 544 se
926 487 1221 543 scientibus
1252 490 1417 542 totius
1439 485 1658 540 humili-

41 583 181 636 tatis
225 591 509 652 przecepta
562 589 925 646 consummat,
979 588 1037 634 ut
1072 578 1420 635 meminerint
1467 591 1659 632 omnes

43 673 267 731 fratres
311 690 434 732 esse
478 689 560 740 se,
588 674 640 729 id
682 682 787 740 est,
827 674 964 726 lilios
995 672 1232 739 parentis
1270 672 1448 735 unius,
1480 678 1533 723 ct
1563 683 1659 739 per

36 781 209 821 nova:
253 768 554 822 nativitatis
599 766 1001 836 generationem
1047 764 1245 821 terreni
1287 772 1437 818 ortus
1466 776 1656 817 exces-

35 859 187 915 sisse
216 860 534 931 primordia,
562 869 619 915 et
653 875 815 914 unum
845 858 946 914 sibi
980 872 1101 914 esse
1132 859 1383 913 omnibus
1419 856 1657 913 caelestis

37 950 318 1009 doctrinae
353 952 664 1023 magistrum
686 994 702 1019 ,
744 961 799 1008 et
827 950 1049 1022 gloriam
1077 949 1297 1005 honoris
1335 950 1522 1005 :eterni
1552 948 1652 1004 hu-

39 1044 306 1102 militatis
341 1046 675 1101 conscientia
712 1042 1135 1116 capessendam;
1160 1044 1282 1113 quia
1306 1042 1654 1099 insolentiam

45 1137 196 1192 Deus
220 1137 477 1193 humilem
505 1136 796 1194 eﬁ‘ecturus
819 1137 909 1203 sit,
949 1145 1003 1192 et
1030 1135 1388 1193 humilitatem
1416 1136 1656 1192 elatnrus
1689 1159 1693 1163 ν

45 1232 104 1287 in
131 1230 371 1300 gloriam
407 1228 566 1302 (Ibid.
604 1231 777 1303 8-12).

119 1323 451 1380 5.Phariswi
482 1321 744 1378 Christum
768 1323 1052 1396 respuendo
1078 1323 1324 1378 claudunt
1354 1323 1555 1378 coelum.
1585 1353 1658 1364 -—

52 1417 155 1472 Va:
185 1416 333 1472 vobis
363 1415 560 1473 Scriba:
587 1426 635 1471 et
664 1415 922 1472 Pharistei
959 1418 1258 1491 hypocritaa,
1293 1417 1381 1486 qui
1405 1415 1479 1489 (a)
1511 1414 1657 1470 clau-

46 1510 175 1563 ditis
216 1526 430 1583 regnum
466 1509 707 1563 cmlorum
736 1508 809 1582 (ᾗ
856 1508 969 1583 13).
1014 1510 1425 1566 Simulationem
1467 1525 1654 1564 eorum

52 1617 241 1672 ptume
270 1600 661 1670 signiﬁCatiouc
685 1600 1026 1657 condemnat.
1065 1599 1152 1657 Va:
1174 1602 1315 1657 enim
1340 1616 1442 1655 vox
1470 1599 1659 1656 dolen-

56 1695 131 1752 tis
177 1706 282 1751 est.
314 1694 574 1751 Claudere
614 1704 792 1750 autem
832 1710 926 1751 cos
957 1711 1182 1766 regnum
1225 1696 1485 1751 caelorum
1535 1694 1656 1751 ideo

1761 481 1895 537 Nam
1934 492 2156 538 ornatus
2193 482 2366 537 altarii
2394 489 2557 551 atque
2587 481 2770 550 templi
2804 497 2908 536 non
2940 478 3257 550 dignitatem
3281 477 3351 535 de

1761 574 1906 629 cultu
1929 574 2274 642 conciliabat,
2318 573 2411 630 sed
2451 571 2751 628 futurorum
2784 573 3021 643 speciem
3055 570 3122 626 de
3150 569 3350 625 decore

1764 664 2015 738 ﬁngebat.
2050 668 2182 723 Nam
2227 681 2438 733 aurum,
2470 674 2775 736 argentum,
2818 680 2914 734 :es,
2959 663 3350 733 aurichalcum,

1762 746 2087 829 m‘argaritaz,
2139 759 2429 833 crystallus
2470 758 2745 829 propriam
2791 758 3205 830 signiﬁcantium
3255 770 3356 828 pro

1762 861 1952 907 natura
1988 852 2410 925 uniuscuiusque
2443 852 2656 908 'mctalli
2703 852 3156 922 complectuntur.
3195 850 3361 922 Igitur

1761 945 2054 1029 redarguit,
2085 946 2227 1017 quod
2254 961 2446 1002 aurum
2480 943 2666 1016 templi
2688 953 2744 1001 et
2763 944 2903 1000 dona
2926 945 3114 1000 altaris
3141 959 3240 1017 pro
3268 958 3359 998 sa-

1764 1049 2163 1095 cramentorum
2227 1040 2487 1111 religione
2530 1046 2958 1104 venerarentur;
3009 1052 3133 1093 cum
3182 1036 3361 1093 honor

1763 1135 1944 1207 potior
1981 1145 2123 1191 esset
2154 1145 2209 1190 et
2237 1135 2423 1191 altaris
2467 1143 2522 1191 et
2551 1134 2759 1204 templi,
2803 1133 2925 1203 quia
2956 1133 3022 1189 ad
3052 1132 3356 1188 futurorum

1761 1229 1998 1301 speciem
2031 1236 2086 1283 et
2117 1243 2304 1283 aurum
2337 1228 2543 1299 templo
2591 1236 2647 1283 et
2674 1226 2874 1282 donum
2902 1225 3248 1282 dedicaretur
3278 1219 3360 1280 a'l-

1762 1324 1883 1378 tari.
1932 1323 1999 1378 Et
2024 1322 2146 1378 ideo
2181 1323 2503 1378 adveniente
2533 1321 2753 1377 Christo
2780 1320 3027 1376 inutilem
3074 1333 3194 1376 esse
3223 1318 3359 1375 ﬁdno

1761 1420 1900 1475 ciam
1931 1418 2104 1489 legis:
2137 1417 2259 1488 quia
2304 1433 2408 1472 non
2440 1418 2493 1471 in
2521 1417 2640 1488 lege
2660 1415 2931 1482 Christus,
2964 1414 3059 1471 sed
3085 1415 3169 1471 lex
3196 1429 3357 1469 sanc-

1763 1511 2058 1567 tiﬁcaretnr
2086 1510 2141 1565 in
2168 1508 2401 1573 Christo.
2431 1509 2485 1565 in
2516 1525 2617 1579 qua
2645 1509 2808 1565 veluti
2839 1508 2997 1565 sedes
3022 1507 3358 1576 thronusque

1762 1604 1833 1679 (ο)
1859 1606 1961 1662 sibi
1988 1606 2195 1676 positus
2220 1605 2310 1659 sit.
2337 1603 2436 1671 Qui
2468 1603 2592 1674 quia
2624 1603 2907 1675 religiosus
2928 1600 3213 1667 habeatur,
3232 1601 3360 1655 reli-

1759 1702 1974 1772 gionem
2001 1700 2068 1753 ah
2088 1714 2154 1754 eo
2178 1707 2400 1754 necesse
2429 1697 2618 1766 estqui
2644 1697 2697 1752 in
2726 1697 2819 1752 illo
2858 1694 3104 1752 considat
3125 1708 3357 1765 accepe-

56 1788 155 1852 ait,
200 1788 329 1859 quia
365 1789 417 1843 in
444 1787 561 1859 lege
601 1787 1005 1844 meditationem
1035 1789 1152 1860 ejus
1180 1804 1300 1860 quae
1339 1787 1393 1843 in
1438 1787 1655 1843 Christo
1686 1796 1733 1856 Β
1762 1793 1830 1846 rit
1860 1809 1873 1845 :
1898 1799 2058 1862 atque
2097 1790 2167 1845 ita
2204 1789 2355 1844 stulti
2385 1788 2625 1856 caecique
2657 1791 2786 1853 sint,
2818 1787 3195 1844 sanctiﬁcante
3222 1801 3361 1859 prte-

54 1886 146 1934 est
197 1881 445 1936 veritatis
483 1881 776 1948 occultent,
826 1891 881 1936 et
918 1896 1242 1951 corporeum
1293 1881 1582 1938 adventum
1623 1898 1652 1936 a

44 1972 343 2042 prophetis
368 1973 712 2044 przedicatum
753 1973 1013 2030 doctrina:
1039 1976 1387 2031 simulatione
1426 1975 1655 2031 abscon-

43 2064 227 2133 dant;
281 2067 491 2139 ipsique
553 2082 656 2123 non
710 2067 969 2124 adeuntes
1021 2068 1161 2124 viam
1216 2069 1536 2125 aeternitatis
1599 2070 1652 2125 in

42 2157 301 2226 Christo,
331 2159 484 2215 adire
511 2175 725 2232 quoque
755 2171 986 2217 caeteros
1014 2177 1121 2216 non
1161 2162 1358 2218 sinaut.

122 2251 183 2306 4.
216 2251 322 2319 Qui
347 2252 611 2323 imponant
632 2254 771 2309 aliis.
799 2282 871 2294 —-
912 2252 998 2308 Vtc
1028 2254 1167 2308 vobis
1208 2253 1405 2310 Scriba:
1430 2264 1477 2309 et
1516 2252 1658 2309 Pha-

47 2345 197 2399 ristei
217 2344 526 2417 hypocritte,
552 2346 640 2417 qui
659 2347 923 2401 comeditis
944 2350 1122 2403 dontos
1147 2348 1419 2403 viduarum
1444 2350 1460 2419 (
1481 2349 1517 2419 ᾖ
1542 2347 1652 2419 14).

49 2439 194 2496 llinc
225 2443 330 2496 ilhc
360 2451 485 2497 sunt
510 2442 754 2498 veritatis
782 2442 998 2511 inlicite,
1044 2442 1171 2499 hinc
1197 2443 1460 2500 adeundae
1494 2450 1657 2498 caete-

49 2534 131 2589 ris
160 2534 355 2589 salutis
375 2534 645 2600 inhihitio,
671 2544 728 2590 et
755 2534 904 2605 regni
935 2536 1175 2591 caelestis
1196 2536 1490 2602 obseratio,
1523 2546 1579 2591 ut
1603 2539 1655 2591 in

50 2625 327 2682 obeundis
368 2626 649 2681 viduarum
693 2627 942 2683 domibus
974 2628 1271 2683 retineatur
1313 2628 1557 2691 ambitio.
1599 2636 1658 2684 ut

49 2718 230 2790 longa:
256 2720 519 2775 orationis
547 2719 856 2790 dignatione
894 2723 1216 2793 spolientur,
1248 2733 1304 2778 ut
1333 2722 1510 2779 abhis
1546 2738 1657 2779 ete-

4 2856 5 2863 .
50 2809 212 2867 lestis
251 2812 491 2882 cognitio
544 2819 815 2881 tamquam
858 2827 888 2866 a
932 2812 1187 2869 thesauro
1227 2815 1478 2885 repositae
1516 2829 1657 2884 epu-

52 2904 242 2961 lentia:
280 2913 597 2975 expetatur,
651 2912 707 2959 ut
752 2904 889 2975 legis
927 2904 1159 2977 dignitas
1200 2907 1390 2976 gratiae
1438 2905 1658 2961 silentio

50 3002 393 3067 perseveret.
419 2995 486 3050 Et
511 2994 634 3050 ideo
661 2994 930 3066 accipient
952 2997 1187 3068 amplius
1214 2996 1501 3067 judicium,
1532 2999 1657 3069 quia

49 3097 105 3143 et
129 3102 349 3158 pcenam
382 3087 583 3159 proprii
616 3087 843 3157 peccati,
871 3090 925 3143 et
948 3100 1156 3144 reatum
1184 3089 1374 3147 aliene
1407 3092 1659 3163 ignoran-

50 3182 145 3250 tiae
178 3180 475 3237 debebunt.

125 3275 185 3331 5.
236 3273 436 3329 Eorum
466 3275 640 3330 odium
687 3276 741 3331 in
791 3274 1155 3348 Evangelium.
1203 3278 1305 3346 Qui
1357 3295 1505 3349 paena
1560 3279 1661 3333 du-

57 3369 188 3439 plici
214 3368 486 3441 plecteudi.
514 3400 587 3411 -—
615 3369 708 3425 Va:
728 3370 867 3425 vobis
897 3371 1095 3426 Scriba:
1135 3382 1183 3428 et
1208 3372 1460 3430 Pharisz
1499 3375 1662 3447 hypo-

53 3462 230 3529 crita},
261 3461 349 3531 qui
380 3464 607 3518 circuitis
643 3480 784 3517 mare
823 3456 871 3518 ἐι
912 3465 1113 3520 aridam
1139 3465 1213 3541 (ᾗ
1265 3466 1378 3537 15).
1405 3469 1569 3525 Maris
1607 3477 1663 3523 ct

54 3565 226 3611 terrae
255 3559 629 3627 peragratione
674 3557 962 3628 signiﬁcat,
1000 3558 1050 3614 in
1095 3561 1222 3615 totis
1268 3560 1419 3616 orbis
1464 3561 1662 3617 ﬁnibus

59 3664 164 3706 eos
217 3664 341 3725 esse
390 3649 587 3705 Christi
640 3649 937 3722 Evangelio
982 3654 1401 3721 obtrectaturos,
1444 3666 1498 3712 et
1523 3657 1660 3728 legis

47 3742 190 3814 jugo
224 3753 411 3797 contra
433 3743 871 3813 justiﬁcationem
896 3745 1033 3817 “fidei
1064 3747 1272 3819 aliquos
1306 3749 1659 3806 subdituros:

52 3834 325 3907 prosclyti
353 3836 504 3891 enim
551 3845 677 3890 sunt
719 3851 785 3892 ex
826 3838 1079 3908 gentibus
1108 3840 1160 3893 in
1187 3839 1529 3913 Syuagogam
1573 3858 1662 3900 re-

50 3928 228 4000 cepti.
276 3930 519 3995 Quorum
562 3929 862 3985 futurorum
903 3933 1098 3987 raritas
1124 3933 1175 3988 in
1216 3949 1324 3989 uno
1355 3934 1432 4008 (b)
1462 3936 1666 3992 iudica-

55 4032 152 4079 tur
189 4040 202 4075 :
236 4037 416 4091 neque
464 4022 608 4078 enim
656 4033 778 4093 post
813 4022 1016 4079 Christi
1060 4025 1494 4095 praedicationem
1539 4028 1667 4083 doc-

55 4116 229 4171 trina:
254 4130 440 4169 eorum
468 4114 599 4170 ﬁdes
623 4115 810 4172 relicta
836 4126 938 4172 est.
972 4118 1079 4173 Sed
1111 4119 1355 4190 quisquis
1384 4118 1549 4176 fuerit
1576 4136 1668 4176 ac-

54 4212 303 4283 quisitus
332 4210 401 4267 ad
449 4212 684 4282 plebem,
719 4211 859 4268 ﬁlius
890 4212 950 4267 ﬁt
975 4213 1259 4283 gehennae,
1292 4230 1467 4285 ptume
1496 4216 1664 4272 sobo-

53 4306 170 4368 les,
212 4313 268 4358 et
296 4305 480 4359 aeterni
499 4304 683 4375 judicii
715 4306 877 4379 785
921 4305 1210 4362 hzereditas
1240 4325 1252 4360 :
1297 4308 1421 4377 quia
1451 4307 1668 4378 adoptio

56 4415 135 4455 ex
166 4397 422 4468 gentibus
451 4399 682 4454 Abrahm
710 4399 966 4454 familiam
997 4393 1198 4455 factura
1220 4401 1308 4455 sit.
1342 4400 1466 4456 Ideo
1488 4412 1666 4456 autem

56 4504 254 4564 pmnte
274 4489 559 4562 duplicatae
578 4492 684 4548 erit
710 4491 872 4559 ﬁlius,
908 4491 1029 4561 quia
1074 4508 1253 4563 neque
1292 4494 1667 4549 remissionem

1762 1884 1944 1954 terito,
1969 1883 2305 1940 sanctiﬁcata
2336 1891 2660 1939 venerantes
2690 1881 2765 1956 (ᾗ
2809 1880 2922 1946 17).

1830 1981 1884 2034 7.
1916 1979 2087 2049 Opera
2109 1988 2341 2043 externa,
2370 1978 2468 2032 etsi
2495 1994 2599 2032 non
2626 1976 2925 2043 omittenda,
2944 1976 3164 2031 internis
3191 1983 3363 2030 tamen

1757 2071 2025 2128 uirtutibus
2055 2069 2426 2141 posthabeuda.
2450 2099 2524 2111 —
2560 2066 2651 2125 Va:
2698 2058 2835 2124 vobis
2867 2067 3063 2125 Scriba:
3091 2077 3137 2123 et
3169 2064 3362 2120 Phari-

1757 2166 2169 2239 swihypocritw,
2198 2166 2285 2237 qui
2321 2164 2586 2218 decimatis
2624 2161 2885 2217 mentitam
2926 2173 2974 2216 et
3017 2159 3283 2226 anethum,
3315 2168 3363 2215 et

1759 2277 1907 2315 omne
1940 2259 2076 2325 olus,
2121 2267 2179 2314 et
2217 2258 2423 2329 reliqua
2449 2255 2613 2331 (Ibid.
2652 2256 2769 2329 25).
2818 2255 3013 2311 Mentis
3055 2256 3263 2310 occulta
3307 2263 3364 2310 et

1759 2353 2045 2408 obscuram
2082 2352 2418 2408 voluntatum
2467 2348 2804 2420 iniquitatem
2850 2348 3127 2419 redarguit
3168 2363 3182 2401 :
3215 2345 3362 2416 quod

1760 2458 1823 2499 ea
1854 2443 2056 2513 quasin
2103 2440 2327 2496 decimis
2376 2440 2613 2495 menthac
2658 2447 2821 2510 atque
2868 2438 3051 2495 anethi
3086 2439 3171 2493 lex
3217 2453 3358 2509 prat-
3446 2440 3457 2444 “

1759 2536 1950 2591 scribit
1974 2534 2235 2601 efﬁciant,
2267 2543 2321 2589 ut
2348 2535 2575 2604 implere
2604 2532 2860 2604 legemah
2887 2518 3192 2588 hominibus
3219 2532 3365 2588 exis-

1763 2630 2060 2693 timentur;
2091 2626 2518 2683 miscricordiam
2548 2642 2679 2682 vero
2707 2635 2872 2696 atque
2901 2624 3168 2696 justitiam
3211 2635 3265 2681 et
3298 2623 3363 2679 fi-

1759 2721 1882 2777 dem
1928 2730 1984 2777 et
2010 2735 2229 2777 omnem
2275 2720 2671 2776 benevolentiae
2716 2716 2967 2774 allectum
3016 2716 3359 2788 reliquerint,

1760 2815 1902 2887 quod
1938 2813 2214 2886 proprium
2264 2812 2501 2868 hominis
2547 2810 2785 2867 ofﬁcium
2827 2818 2928 2866 est.
2961 2809 3095 2878 Quia
3125 2809 3367 2865 decima-

1760 2909 1837 2964 tio
1877 2908 1964 2962 illa
2004 2908 2212 2975 oleris,
2257 2921 2379 2978 quae
2422 2906 2474 2961 in
2525 2902 3016 2975 praeformationem
3059 2904 3363 2958 futurorum

1761 3010 1881 3057 erat
1925 3000 2094 3067 utilis,
2145 3015 2253 3055 non
2304 2998 2535 3071 debebat
2579 2998 2755 3053 omitti
2791 2995 2979 3052 :efﬁei
3024 3005 3205 3052 autem
3263 2995 3367 3051 hoc

1761 3095 2067 3166 Oportebat,
2099 3100 2159 3149 ut
2185 3091 2308 3148 ﬁdei
2350 3101 2403 3147 et
2426 3091 2653 3163 juslilizn
2680 3099 2736 3145 et
2778 3088 3168 3144 misericordiae
3194 3087 3362 3158 parti-

1684 3190 1731 3255 C
1761 3188 1864 3245 bus
1906 3185 2098 3253 functi,
2154 3201 2260 3241 non
2314 3186 2618 3240 imitatione
2666 3184 2955 3255 tingendtu,
2997 3183 3092 3239 sed
3131 3182 3363 3239 veritate

1764 3280 2068 3336 retinenda:
2116 3279 2406 3333 voluntatis
2446 3278 2699 3349 operibus
2729 3280 3088 3348 placeremus.
3130 3275 3198 3331 Et
3239 3276 3363 3346 quia

1764 3376 1947 3431 minus
2004 3373 2200 3444 piaculi
2260 3382 2436 3441 esset,
2492 3372 2908 3429 declinationem
2962 3372 3129 3427 oleris
3183 3371 3365 3442 potius

1764 3485 1925 3541 quam
1960 3467 2355 3525 benevolentiae
2402 3465 2637 3522 ofﬁcium
2680 3482 2775 3538 pra
2797 3467 2999 3530 terire;
3033 3463 3223 3519 irridet
3265 3478 3365 3518 eo-

1765 3576 1885 3617 rum
1910 3562 1962 3615 in
1990 3560 2234 3616 colandis
2255 3559 2518 3616 culicibus
2539 3560 2895 3630 diligentiam,
2916 3571 3145 3629 quorum
3172 3557 3223 3611 in
3247 3557 3367 3626 glu-

1768 3653 1962 3710 tiendis
1990 3654 2216 3710 camelis
2245 3661 2390 3709 esset
2431 3655 2659 3721 incuria,
2693 3663 2910 3725 peccata
2948 3652 3200 3708 videlicet
3229 3651 3366 3707 levia

1766 3746 2092 3813 vitantium,
2145 3756 2199 3802 et
2250 3746 2618 3819 gravia(mss.
2671 3744 2932 3817 gra’ndia)
2986 3744 3365 3799 devorantiqu

1771 3840 1843 3912 (ᾗ
1887 3836 2003 3912 ‘24).
2039 3838 2143 3893 Par
2171 3853 2387 3909 quoque
2429 3837 2481 3892 in
2521 3850 2616 3892 eos
2647 3851 2822 3907 ptenm
2850 3836 3208 3902 _denuntiatio
3256 3843 3361 3901 est,

1767 3935 1857 4004 qui
1880 3934 2079 3988 calices
2110 3939 2168 3987 et
2187 3931 2505 4002 paropsides
2524 3922 2863 3985 extrinsecus
2885 3930 3152 3994 eluentes,
3175 3944 3363 3984 eorum

1769 4027 2026 4082 interiora
2055 4039 2162 4079 non
2203 4024 2465 4079 mundent
2494 4023 2567 4094 (ᾗ
2610 4022 2702 4091 25)
2740 4041 2751 4075 :
2781 4021 3165 4090 etjactantiam
3199 4021 3362 4076 inuti-

1771 4120 1837 4177 lis
1867 4118 2030 4175 studii
2065 4126 2372 4190 sequentes,
2405 4116 2651 4171 utilitatis
2697 4114 2951 4186 perfecta:
2994 4114 3353 4174 ministerium

1773 4212 2169 4282 derelinquant.
2201 4208 2400 4266 Calicis
2431 4224 2663 4280 namque
2709 4222 2838 4263 usus
2883 4208 3109 4263 interior
3134 4218 3217 4264 est
3240 4225 3254 4261 :
3279 4208 3371 4278 qui

1772 4309 1815 4361 si
1846 4304 2209 4370 obsorduerit,
2249 4304 2376 4376 quid
2419 4298 2658 4374 proﬁciet
2703 4303 2843 4358 lotus
2874 4303 3156 4358 exterius?
3193 4305 3368 4375 Atque

1771 4399 1892 4454 ideo
1922 4397 2191 4453 interioris
2228 4398 2576 4454 conscientim
2620 4398 2762 4451 nitor
2810 4404 2895 4451 est
2934 4396 3281 4465 obtinendas,
3313 4408 3373 4454 ut

1772 4508 1834 4546 ea
1881 4506 2004 4562 qute
2045 4491 2292 4561 corporis
2334 4498 2459 4545 sunt
2503 4488 2808 4574 forinsecus
2846 4491 3097 4545 cluantur
3128 4489 3202 4564 (ᾗ
3246 4490 3367 4562 26).

52 4592 415 4659 peccatorum
446 4584 517 4639 sit
549 4584 834 4656 gentilium
862 4592 1206 4647 consecutus,
1248 4593 1302 4640 et
1349 4588 1663 4641 societatem
1693 4583 1748 4643 D
1771 4585 2045 4656 Sepulcris
2065 4599 2278 4656 quoque
2298 4599 2391 4639 eos
2414 4583 2767 4653 comparavit,
2796 4598 2916 4654 qum
2941 4581 3179 4638 humano
3205 4598 3372 4654 opere
3414 4632 3423 4640 .

56 4690 262 4733 eorum
286 4675 664 4746 qniChristum
697 4675 965 4744 persecuti
996 4685 1124 4730 sunt
1152 4676 1224 4731 sit
1245 4688 1483 4732 secutus.

140 4770 195 4825 6.
223 4767 333 4823 Lex
354 4773 648 4839 futurorum
671 4769 861 4839 forma,
885 4768 1031 4823 sedes
1056 4778 1130 4824 est
1151 4780 1199 4823 et
1215 4769 1433 4825 thronus
1454 4769 1664 4827 Christi.

59 4863 278 4919 Christo
298 4861 595 4915 adveniente
623 4875 717 4913 cur
733 4859 953 4914 inutilis.
978 4890 1051 4902 —
1072 4860 1167 4916 Va:
1186 4861 1325 4916 vobis
1349 4863 1501 4917 duces
1525 4862 1666 4932 arci,

58 4956 158 5029 qui
184 4954 359 5009 dicitis
382 4968 401 5006 :
420 4951 740 5019 Quicumque
769 4952 1021 5022 juraverit
1051 4953 1105 5006 in
1134 4955 1399 5025 templum,
1436 4956 1567 5010 nihil
1598 4967 1671 5011 est

62 5046 239 5119 (Ibid.
272 5043 385 5117 16).
414 5041 794 5098 Bevercntiam
825 5040 1182 5097 humanarum
1206 5045 1667 5113 Observationum,

62 5149 127 5198 et
172 5135 563 5194 contumeliam
621 5132 956 5203 propheticus
1005 5134 1308 5190 traditionis
1355 5141 1669 5207 exprobrat.

62 5231 217 5306 quod
248 5229 502 5286 inanibus
543 5227 806 5282 honorem
836 5224 1047 5293 darent,
1094 5235 1148 5281 et
1179 5227 1529 5285 detraherent
1573 5232 1672 5289 ho-

65 5324 357 5385 norandis.
386 5323 589 5394 Legem
631 5332 864 5388 namque
903 5318 1020 5389 ipse
1058 5318 1304 5390 dederat,
1352 5333 1407 5379 et
1446 5326 1534 5381 lex
1562 5342 1670 5384 non

171 5529 226 5584 al
257 5526 386 5584 Mss.
415 5520 756 5580 Cluditis.....
783 5517 1011 5575 cludere.

171 5547 202 5584 a
257 5529 386 5584 Mss.
415 5529 756 5580 Clodius"...
783 5529 1011 5575 cludere.

71 5608 77 5615 ’
150 5529 230 5676 ibi
276 5600 333 5655 In
373 5593 606 5666 vulgatis
638 5589 933 5663 judicatur.
982 5592 1204 5651 Rectius
1253 5595 1308 5651 in
1358 5609 1490 5653 mss.
1538 5597 1675 5654 indi.

77 5684 243 5730 catur.

152 5744 223 5828 (ο)
257 5740 314 5797 Id
344 5746 453 5828 est,
484 5732 1026 5828 ςξιὶξῖιρηξοῖῑῖηξξὶιὶ
1054 5735 1153 5828 Qui
1179 5734 1428 5828 Christus
1456 5741 1576 5828 quiq
1598 5757 1678 5797 re-

84 5806 317 5887 ligiosus,
358 5822 454 5865 seu
495 5806 761 5874 religione
802 5818 865 5859 ac
894 5808 1241 5863 veneratione
1267 5806 1676 5878 digtuts'hnbca-

1770 4680 2025 4749 cultuque
2058 4676 2223 4750 786
2273 4676 2632 4746 splendentia,
2680 4686 3013 4729 mortuorum
3062 4675 3274 4730 ossibus
3315 4684 3371 4730 et

1768 4773 2092 4829 cadaverum
2117 4771 2470 4826 inunuuditiis
2498 4770 2723 4825 interius
2758 4769 3077 4825 sordeseant
3103 4770 3122 4839 (
3144 4769 3178 4838 ᾗ
3226 4767 3319 4838 27)
3349 4783 3364 4822 :

1772 4863 2067 4937 praeferant
2093 4863 2302 4918 scilicet
2332 4862 2581 4917 inanibus
2600 4861 2777 4917 verbis
2798 4861 3022 4933 iustitia:
3052 4860 3371 4931 speciosita-

1775 4968 1905 5022 tem,
1936 4955 2171 5010 habeant
2189 4970 2319 5010 vero
2362 4955 2502 5009 intra
2533 4968 2594 5010 se
2625 4955 2972 5011 conscientia:
2993 4967 3109 5009 sua:
3136 4951 3363 5008 mentis-

1776 5066 1881 5122 que
1909 5049 2177 5106 faetorem.

1850 5146 1903 5201 8.
1933 5142 2105 5198 Judaei
2142 5143 2414 5213 prophetas
2455 5143 2511 5198 in
2542 5143 2716 5198 odium
2759 5141 2982 5197 veritatis
3021 5139 3215 5194 occisos
3257 5155 3362 5194 non

1776 5239 2029 5293 nesciunt.
2058 5264 2129 5276 —
2166 5234 2258 5289 Vae
2289 5236 2431 5290 vobis
2461 5236 2657 5292 Scribtv
2697 5244 2744 5289 et
2779 5233 3031 5289 Pharisa'i
3066 5229 3371 5302 hypocrittv,

1778 5333 1866 5405 qui
1888 5331 2161 5401 tediﬁcatis
2191 5330 2426 5402 sepulcra
2452 5328 2844 5403 prophetarum,
2865 5337 2919 5382 et
2943 5326 3148 5396 reliqua
3165 5323 3187 5396 (
3202 5325 3237 5394 ᾗ
3257 5323 3374 5396 29).

1783 5543 1868 5588 tur
1899 5531 2102 5602 (minus
2154 5531 2290 5587 bene
2322 5529 2461 5601 apud
2487 5528 2653 5602 Lips.
2677 5537 2731 5584 et
2761 5527 2884 5602 Par.
2922 5528 3201 5602 habebatur
3226 5527 3270 5601 ),
3299 5544 3381 5602 re-

1785 5599 2030 5697 ligionem
2051 5619 2251 5697 necesse
2270 5599 2728 5697 est'acceperitdlex
2749 5601 2812 5654 ab
2837 5617 2920 5666 eo,
2942 5602 3026 5670 qui
3049 5601 3107 5656 in
3129 5599 3382 5697 illo‘le‘gis

1787 5670 1985 5730 throno
2033 5675 2286 5728 considat.
2337 5672 2410 5727 lta
2455 5670 2806 5727 emendantus
2844 5688 2909 5726 ex
2954 5687 3047 5727 sex
3088 5685 3220 5725 mss.
3271 5670 3384 5727 Nec

1784 5763 1948 5801 sensu
1974 5745 2240 5801 dissident
2278 5741 2480 5808 caeteri,
2519 5742 2794 5809 inquibus
2835 5750 3014 5798 exstat
3052 5742 3381 5799 consederat.

1788 5816 1855 5872 At
1884 5817 2022 5873 male
2050 5818 2100 5871 in
2135 5817 2282 5886 prius
2303 5812 2553 5883 vulgatis,
2579 5811 2825 5877 conﬁdat.
2872 5874 2879 5883 ,
