4046 6340
574 233 722 292 ιοδες
1379 211 1382 214 ’
1788 236 2031 294 SANCTI
2077 237 2332 296 lilLARll
2361 238 2668 297 Et’ISCOPl
3697 254 3792 313 1056

587 364 798 406 moram
822 348 960 421 fugae
982 349 1151 422 accipi
1182 357 1354 421 potest
1380 367 1394 407 :
1419 351 1542 424 quia
1568 352 1776 408 ventris
1801 367 1968 410 onere
2001 354 2173 425 impe—
2198 362 2244 422 Α
2275 359 2388 429 git,
2446 368 2500 414 et
2554 358 2927 431 undecumque
2979 360 3195 416 micans
3260 361 3566 433 ubicumque
3620 370 3792 429 cernitur

579 444 764 512 ditas,
817 446 1186 501 imminentem
1230 454 1532 517 temporum
1581 447 1788 502 ruinam
1838 434 2073 519 eﬂ‘ugere
2110 450 2184 506 sit

582 537 892 594 molestum.
923 537 1032 594 Sed
1054 539 1181 608 quid
1207 540 1444 595 conditio
1465 583 1479 607 ,
1523 555 1684 596 sexus
1719 550 1773 596 et
1815 544 2181 613 generationis

581 633 717 689 ordo
738 635 1100 690 commeruit?
1127 634 1402 709 NisiLforte
1425 645 1559 692 actas
1587 636 1677 692 illa
1709 638 2022 706 mulierum,
2057 655 2180 710 quae

587 732 642 788 in
684 733 775 788 illa
803 743 1046 806 tempora
1077 735 1394 802 inciderint,
1439 737 1657 807 proprie
1701 736 1769 792 sit
1813 736 1988 792 futura
2018 736 2186 792 male-

585 824 752 883 dicta.
784 826 894 882 Sed
916 827 1059 882 absit
1088 827 1262 897 istud,’
1291 838 1348 883 ut
1374 829 1664 900 quidquam
1697 830 1787 897 sit,
1816 830 1958 901 quod
1984 829 2185 885 homini

587 917 694 974 nisi
742 933 838 973 sua
891 920 1050 990 culpa,
1097 921 1297 976 malum
1330 922 1440 978 fiat.
1492 923 1608 978 Non
1640 923 1801 993 igitur
1841 922 1908 979 de
1955 922 2184 978 fetarum

589 1025 756 1066 onere
803 1011 1084 1067 Dominum
1128 1013 1476 1070 admonuisse
1534 1015 1863 1070 credendum
1904 1025 2019 1083 est,
2063 1031 2185 1071 cum

593 1102 726 1158 dicit
759 1120 772 1156 :
813 1103 903 1159 Vae
921 1108 1304 1178 pra'gnanlt'bus
1333 1124 1351 1161 :
1379 1107 1475 1163 sed
1497 1107 1801 1163 animarum
1829 1109 2068 1180 peccatis
2095 1125 2182 1166 re-

589 1195 854 1268 pleturum
883 1199 1189 1255 ostendisse
1215 1201 1557 1270 gravitatem,
1588 1217 1707 1272 quas
1734 1217 1909 1273 neque
1935 1202 1990 1258 in
2035 1209 2177 1258 tecto

591 1292 784 1363 posita:
808 1335 822 1357 ,
857 1307 1030 1364 neque
1059 1295 1112 1350 in
1140 1311 1271 1367 agro
1316 1307 1600 1352 manentes
1639 1299 1892 1366 reposita:
1924 1298 2017 1352 irae
2050 1309 2188 1353 tem-

595 1395 861 1454 pestatem
901 1387 1074 1442 vitare
1114 1389 1345 1458 possint.
1389 1390 1554 1445 Dolor
1583 1391 1726 1446 enim
1756 1401 2095 1462 praegnantes
2123 1407 2190 1446 ex

599 1486 791 1532 natura
832 1480 1188 1556 consequitur
1219 1499 1232 1534 :
1262 1492 1316 1536 et
1345 1489 1530 1552 partus
1573 1483 1693 1539 sine
1735 1485 1899 1540 totius
1947 1485 2191 1556 corporis

591 1571 878 1625 vexatione
927 1587 1032 1626 non
1067 1571 1328 1650 funditur.
1371 1573 1503 1643 Quae
1547 1590 1678 1646 ergo
1715 1575 1852 1630 tales
1884 1577 2078 1632 anima:
2106 1593 2192 1632 re-

592 1663 872 1734 perientur
894 1705 910 1731 ,
942 1665 993 1720 in
1025 1680 1124 1720 suo
1148 1675 1202 1722 et
1228 1682 1397 1724 onere
1425 1677 1481 1724 et
1519 1669 1708 1726 dolore
1733 1670 2174 1727 continebuntur.

594 1757 894 1832 790lllis
923 1775 1134 1832 quoque
1170 1776 1252 1816 vas
1291 1747 1397 1818 crit
1446 1778 1566 1834 qua:
1615 1766 1939 1820 nutrientur.
1975 1765 2070 1820 Est
2113 1767 2196 1820 in-
2225 1767 2273 1829 B

595 1848 766 1906 lautia
808 1851 949 1908 lacte
989 1851 1214 1924 depulsa
1261 1871 1368 1910 non
1421 1857 1600 1911 minus
1628 1857 1694 1911 ad
1738 1857 1913 1929 fugam
1947 1859 2191 1928 inutilis,

596 1957 758 2008 quam
802 1958 864 1998 ea
905 1960 1024 2014 qua:
1055 1945 1352 2002 etiamnum
1390 1947 1529 2004 laete
1572 1949 1766 2004 alatur.
1819 1949 1888 2006 Et
1925 1951 2196 2022 quomodo

595 2051 680 2090 vae
703 2036 780 2091 illi
815 2052 937 2108 quze
965 2041 1275 2107 nutriatur;
1325 2057 1447 2097 eum
1497 2043 1630 2099 nihil
1675 2044 1890 2100 intersit
1917 2047 2092 2102 artatis
2133 2062 2198 2104 ac

598 2131 888 2199 temporis,
920 2132 1110 2187 nutriri
1142 2133 1302 2200 lacte,
1345 2145 1398 2190 et
1437 2134 1737 2193 decessisse
1765 2137 1834 2193 de
1866 2137 2047 2195 lacte?
2078 2140 2188 2196 Sed

598 2222 824 2292 perinde
855 2221 943 2280 hic
988 2225 1151 2280 etiam
1183 2226 1552 2284 inﬁrmitatem
1595 2230 1898 2286 animarum
1921 2276 1936 2301 ,
1972 2249 2092 2302 qua:
2130 2231 2196 2288 ad

604 2317 970 2387 cognitionem
1022 2319 1114 2374 Dei
1165 2330 1434 2393 tamquam
1468 2323 1606 2379 lacte
1651 2323 1828 2380 adhuc
1873 2324 2085 2380 alantur
2111 2341 2199 2380 os-

606 2409 781 2464 tendit
815 2427 976 2482 :qua:
1007 2411 1230 2481 perfecti
1283 2415 1388 2469 cibi
1430 2415 1628 2471 virtute
1677 2416 1979 2488 indigentes
2006 2460 2021 2484 ,
2053 2419 2198 2474 tenui

602 2505 800 2561 divina:
839 2507 1164 2578 cognitionis
1213 2509 1540 2582 inlirmoque
1595 2521 1813 2582 gustatu
1865 2513 2194 2571 imbuantur.

601 2595 672 2652 Et
700 2597 903 2653 idcirco
934 2614 1013 2654 va:
1044 2599 1174 2670 ipsis
1208 2601 1315 2656 erit
1347 2620 1360 2656 :
1394 2603 1517 2670 quia
1545 2611 1599 2658 et
1620 2601 1685 2657 ad
1710 2601 2074 2674 elfugiendnm
2104 2620 2201 2660 an-

602 2691 909 2746 ticliristum
941 2707 1159 2762 graves,
1187 2702 1241 2749 et
1263 2693 1330 2749 ad
1362 2695 1736 2750 sustinendum
1775 2696 2072 2767 imperitm,
2099 2713 2201 2754 nec

601 2795 821 2856 peccata
873 2783 1191 2858 ell'ugerint,
1236 2803 1336 2843 nec
1377 2788 1557 2844 cibum
1617 2789 1726 2844 veri
1776 2790 1928 2860 panis
1975 2804 2198 2862 accepe-

604 2877 732 2931 rint.

677 2969 732 3024 7.
769 2967 918 3040 Fuga
957 2970 1012 3025 in
1035 2971 1213 3042 hyeme
1240 2981 1329 3025 aut
1357 2971 1565 3026 sabbato
1593 3014 1608 3039 ,
1639 2973 1785 3042 quid.
1813 3002 1886 3013 —
1919 2974 2092 3044 Atque
2123 2972 2204 3028 id-

605 3061 753 3116 circo
780 3076 938 3116 orare
967 3063 1322 3119 admonemur
1344 3105 1359 3131 ,
1391 3080 1459 3120 ne
1511 3066 1593 3120 vel
1635 3064 1830 3137 hyeme
1861 3065 1978 3136 fuga
2021 3076 2200 3121 nostra

2285 451 2450 524 (Ibid.
2477 452 2701 525 εει-ετ).
2732 454 2812 510 Ac
2852 469 2919 510 ne
2958 454 3044 509 vel
3077 455 3184 509 loci
3217 453 3432 525 quidem
3473 457 3607 528 ejus,
3645 462 3686 515 in
3724 480 3799 535 quo

2286 543 2495 600 futurus
2525 555 2702 611 esset,
2737 560 2978 602 essemus
3004 547 3183 617 ignari
3209 588 3223 612 ,
3259 548 3334 600 ait
3361 565 3372 600 :
3402 547 3674 623 Ubicumque
3693 559 3798 626 [ttert't

2285 653 2470 708 corpus
2491 679 2504 702 ,
2538 639 2609 692 ibi
2633 641 3082 711 congregabantur
3106 640 3302 709 aquila:
3325 637 3480 709 (Ibid.
3503 641 3603 714 28).
3633 647 3799 705 Sancto;

2289 730 2357 786 de
2387 730 2569 786 volatu
2620 733 2878 802 spiritalis
2929 735 3191 804 corporis
3240 733 3448 805 aquilas
3493 741 3798 806 nuncupavit:

2288 811 2539 893 quorum,
2562 827 3013 896 congregantibus
3039 826 3276 896 angelis,
3302 837 3603 884 conventum
3627 829 3801 888 futurum

2293 916 2346 970 in
2377 916 2501 971 loco
2531 913 2606 987 (b)
2640 917 2904 986 passionis
2935 917 3203 972 ostendit.
3261 917 3328 970 Et
3371 918 3520 987 digne
3564 919 3656 974 illic
3692 923 3802 977 clari-

2297 1009 2420 1064 tatis
2443 1009 2707 1064 adventus
2731 1009 3171 1080 exspectabitur,
3197 1009 3285 1064 nbi
3315 1010 3462 1065 nobis
3485 1011 3678 1081 gloriam
3694 1024 3802 1070 mter-

2293 1103 2474 1158 nitatis
2502 1103 2751 1174 passione
2772 1119 3053 1175 corporea:
3083 1103 3411 1160 humilitatis
3430 1115 3655 1175 operatus
3679 1118 3754 1164 est.

2759 1251 2920 1324 791
2959 1248 3199 1307 CAPUT
3238 1249 3432 1306 XXVI.

2296 1366 2377 1422 De
2403 1366 2510 1421 sole
2539 1367 2836 1431 obscurato,
2871 1365 2994 1419 luna
3029 1374 3079 1419 et
3110 1363 3300 1419 stellis.
3337 1363 3444 1435 (De
3471 1365 3603 1437 signa
3621 1367 3742 1434 ﬁcus,
3763 1369 3801 1424 de

2367 1459 2468 1514 diei
2495 1459 2743 1512 adventus
2786 1456 2996 1512 Domini
3039 1455 3444 1522 inccrtitudine,
3475 1456 3534 1511 de
3563 1462 3801 1514 essementis

2367 1564 2411 1610 et
2441 1551 2808 1623 relinquendis,
2841 1562 2890 1606 et
2912 1553 2974 1606 de
3001 1551 3278 1623 vigilantia
3305 1552 3561 1605 servanda.
3606 1550 3704 1606 Ha-c
3738 1554 3799 1608 ab-

2368 1656 2494 1704 sunt
2515 1663 2542 1700 a
2563 1648 2721 1720 mss.)

2372 1763 2422 1818 Ι.
2453 1760 2724 1817 Gloriosus
2765 1760 2955 1818 Christi
2992 1762 3250 1816 adventus
3285 1760 3482 1832 quando
3518 1769 3560 1814 et
3593 1761 3800 1830 qualis.—

2301 1857 2494 1912 Statim
2541 1866 2712 1911 autem
2761 1867 2877 1928 post
2926 1857 3316 1911 tribulationem
3363 1855 3549 1908 dierum
3570 1855 3732 1908 illorum
3750 1856 3799 1909 sal

2301 1951 2678 2018 obscurabitur,
2709 1960 2762 2005 et
2799 1949 3000 2021 reliqua
3037 1949 3258 2022 (Matth.
3304 1963 3461 2013 xxrv,
3489 1949 3591 2018 29).
3625 1947 3795 2003 Gloriam

2299 2044 2562 2099 adventus
2583 2045 2664 2098 sui
2694 2053 2748 2099 et
2772 2043 3037 2100 claritatis
3067 2044 3308 2099 reditum
3339 2041 3531 2097 indicat
3551 2041 3791 2096 obscuritate

2300 2137 2431 2192 solis
2453 2179 2466 2202 ,
2488 2135 2790 2193 deiectione
2822 2138 2988 2202 luute,
3019 2153 3155 2192 casu
3181 2135 3478 2198 stellarum,
3501 2135 3704 2188 virtutum
3721 2148 3793 2187 cm-

2300 2229 2515 2285 lestium
2544 2238 2690 2284 motu
2718 2271 2732 2295 ,
2767 2231 3083 2286 ostensione
3115 2229 3261 2300 signi
3311 2226 3551 2283 salutaris
3571 2268 3584 2292 ,
3618 2227 3794 2278 lamenta-

2301 2324 2448 2378 tione
2478 2324 2719 2394 gentium
2755 2323 3202 2394 cognoscentium
3233 2320 3399 2375 filium
3442 2317 3644 2373 hominis
3675 2317 3710 2370 iu
3732 2315 3790 2370 Dei

2300 2417 2468 2488 gloria
2500 2457 2515 2482 ,
2545 2425 2600 2472 et
2622 2417 2687 2472 ad
2735 2417 3116 2473 collectionem
3175 2424 3483 2470 sanctorum
3530 2409 3792 2465 destinatione

2300 2509 2614 2580 angelorum
2644 2525 2764 2565 cum
2794 2511 2957 2576 tubm,
2985 2510 3037 2565 id
3069 2520 3159 2565 est
3180 2551 3194 2574 ,
3234 2507 3347 2578 jam
3384 2504 3588 2576 publicae
3612 2498 3788 2556 libertatis

2307 2603 2523 2660 hortatu
2555 2603 2626 2677 (ᾖ
2678 2607 2746 2662 ΞΟ
2790 2614 2844 2660 et
2871 2603 2987 2676 51).
3020 2604 3118 2660 Sic
3147 2603 3255 2658 erit
3279 2600 3347 2656 de
3373 2613 3528 2671 grano
3564 2595 3718 2664 sinapis
3738 2608 3788 2646 ar-

2301 2699 2401 2755 bor
2429 2699 2617 2770 ingens
2666 2697 2891 2771 (Matth.
2925 2714 3020 2754 xm
3041 2739 3056 2764 ,
3084 2698 3187 2766 51)
3214 2715 3228 2753 :
3259 2696 3338 2752 sic
3381 2693 3446 2748 de
3486 2688 3632 2762 lapide
3659 2687 3785 2743 montis

2301 2794 2533 2849 contrita
2559 2792 2790 2863 imagine
2817 2791 3005 2846 orbem
3039 2799 3207 2846 terrm
3248 2802 3404 2844 mons
3429 2775 3783 2851 occupans(Das.

2303 2896 2376 2955 ιι,
2409 2888 2505 2959 54)
2537 2905 2551 2940 :
2580 2887 2658 2940 sic
2683 2884 2873 2941 civitas
2911 2884 3168 2958 omnibus
3208 2877 3606 2951 contemplabilis
3637 2869 3778 2943 (Metti.

2303 2995 2355 3046 v,
2393 2981 2458 3036 M
2485 2987 2540 3034 et
2563 2977 2650 3050 ll5)
2683 2998 2696 3034 :
2731 2978 2811 3034 sic
2835 2978 3017 3034 lucens
3041 2975 3323 3034 universis
3344 2974 3511 3028 lumen
3539 2967 3597 3038 (c)
3614 2967 3652 3020 in
3671 2963 3781 3034 ligno:

2303 3072 2382 3127 sic
2403 3088 2469 3128 cx
2498 3072 2802 3127 humilitate
2830 3071 3022 3126 mortis
3053 3068 3138 3140 (ά)
3169 3069 3263 3124 Dei
3293 3064 3473 3138 gloria.
3508 3061 3689 3130 Quarum
3710 3068 3780 3107 om-

607 3155 693 3209 vel
721 3153 946 3210 sabbato
975 3155 1077 3222 sit,
1108 3155 1158 3210 id
1188 3165 1304 3221 est,
1331 3172 1400 3214 ne
1430 3166 1522 3212 aut
1564 3157 1616 3212 in
1650 3167 1926 3228 peccatum
1958 3157 2159 3228 frigore
2183 3200 2198 3227 ,
2227 3156 2273 3220 C
2305 3163 2454 3218 nium
2482 3178 2662 3218 rerum
2693 3162 2927 3229 indicio,
2961 3162 3100 3217 scire
3131 3175 3235 3216 nos
3268 3157 3432 3214 voluit
3463 3164 3637 3220 tempus
3657 3153 3780 3199 nostra

609 3255 701 3303 aut
729 3249 784 3303 in
811 3250 923 3304 otio
952 3250 1219 3305 bonorum
1249 3265 1472 3320 operum
1505 3253 1842 3320 reperiamur
1871 3268 1884 3304 :
1917 3252 2040 3322 quia
2078 3266 2204 3322 gra-

609 3341 692 3396 vis
724 3342 939 3397 vexatio
979 3343 1254 3398 incumbet
1298 3353 1352 3398 et
1393 3343 1750 3399 intolerabilis
1802 3343 2054 3410 cunctis,
2105 3343 2208 3397 nisi

571 3481 574 3484 .
609 3436 754 3507 quod
798 3451 963 3492 causa
1006 3438 1304 3494 electorum
1336 3439 1431 3494 Dei
1473 3439 1663 3494 dia-bus
1693 3438 1800 3494 illis
1846 3439 1915 3494 sit
1966 3439 2204 3494 brevitas

609 3530 904 3598 alferenda,
921 3541 979 3587 ut
1000 3533 1106 3587 vim
1131 3533 1550 3588 incumbentium
1575 3534 1836 3588 malorum
1869 3542 2202 3588 coarctatum

611 3623 946 3694 digrassandi
982 3634 1192 3693 tempus
1217 3633 1507 3694 exsuperet
1532 3623 1697 3698 (Ibid.
1725 3625 1798 3679 20
1837 3633 1893 3679 et
1921 3623 2042 3693 21,).

687 3715 740 3770 8.
779 3715 1354 3786 Pseudoprophetarum
1381 3725 1610 3770 conatus.
1643 3716 1872 3787 Aquilus,
1896 3715 2078 3770 sancti.
2106 3714 2213 3769 Ad-

619 3818 801 3864 ventus
829 3809 1022 3864 Christi
1060 3808 1205 3863 locus
1247 3809 1349 3876 ibi,
1395 3809 1482 3864 ubi
1511 3809 1788 3882 passionis.
1812 3839 1885 3850 —
1912 3810 1980 3865 Et
2009 3811 2130 3881 quia
2161 3811 2209 3863 in

612 3917 802 3974 magna
825 3904 1112 3958 vexatione
1165 3903 1350 3973 positis
1397 3902 1908 3974 pseudoliropliette,
1941 3914 2211 3975 tamquam

613 4008 941 4066 praesentem
994 3997 1046 4050 in
1073 3995 1292 4053 Christo
1320 4012 1478 4066 opem
1516 3997 1626 4052 sint
1671 3998 1957 4053 iudicaturi
1984 4039 1998 4064 ,
2031 3999 2214 4054 multis

613 4089 667 4145 in
700 4089 833 4144 locis
862 4088 1136 4145 Christum
1179 4105 1300 4146 esse
1331 4099 1493 4162 atque
1532 4090 1718 4147 haberi
1759 4095 2087 4148 mentiemur
2109 4135 2124 4160 ,
2158 4103 2217 4150 ut

614 4181 666 4238 in
695 4182 1000 4239 antichristi
1034 4184 1347 4239 famulatum
1375 4185 1667 4254 depressos
1698 4197 2023 4258 vexatosque
2049 4187 2218 4244 dedu-

612 4286 777 4342 cant;
811 4294 956 4335 nunc
990 4280 1039 4333 in
1070 4278 1303 4334 desertis
1329 4295 1450 4335 esse
1477 4279 1724 4335 dicentes
1748 4321 1762 4344 ,
1793 4289 1853 4336 ut
1889 4296 2076 4337 errore
2121 4282 2218 4337 dc-

617 4379 880 4438 pravent;
915 4370 1136 4426 nuncin
1166 4372 1533 4442 penetralibus
1562 4382 1901 4440 asserentes,
1941 4383 1998 4428 ut
2022 4374 2097 4448 (α)
2119 4376 2218 4430 do-

620 4462 874 4516 minantis
901 4473 1168 4532 potestate
1189 4464 1516 4520 concludant
1548 4483 1561 4519 :
1591 4465 1687 4521 sed
1717 4481 1778 4521 se
1812 4467 2070 4522 DOmintts
2106 4483 2212 4523 non

620 4553 741 4608 loco
765 4555 1117 4609 occulcndum
1145 4599 1158 4621 ,
1185 4573 1282 4613 nec
1329 4573 1357 4612 a
1411 4558 1640 4629 singulis
1684 4560 2046 4614 contuendum
2093 4576 2215 4616 esse
2242 4555 2296 4618 D
2320 4563 2666 4616 conscientiae
2705 4560 2943 4624 texisse,
2979 4559 3170 4624 idest,
3204 4566 3464 4625 tamquam
3509 4545 3670 4614 percit“

621 4647 936 4718 proﬁtetur;
971 4649 1065 4702 sed
1099 4649 1419 4721 ubicumque
1455 4661 1512 4707 et
1549 4651 1602 4705 in
1634 4661 1927 4723 conspectu
1969 4655 2210 4710 omnium

621 4749 944 4811 pnes-sulem
974 4741 1210 4797 futurum
1234 4744 1394 4799 modo
1427 4744 1680 4815 fulguris,
1719 4745 1863 4816 quod
1909 4746 1978 4801 ab
2007 4749 2214 4804 oriente

622 4839 818 4892 elatum
833 4877 848 4906 ,
875 4835 1056 4892 lumen
1080 4853 1234 4892 suum
1263 4854 1433 4910 usque
1451 4840 1517 4894 ad
1539 4840 1837 4896 occidentis
1859 4841 2043 4914 plagas
2065 4857 2218 4914 spar-

694 5054 768 5126 (τι)
790 5051 950 5126 Editi,
981 5048 1717 5126 dominantemﬁecliusmss.
1743 5050 2076 5118 dominantis,
2096 5060 2221 5126 puta

626 5121 950 5182 antichristi.
983 5123 1101 5178 Mox
1124 5137 1212 5174 nec
1239 5137 1270 5172 a
1297 5121 1538 5190 singulis,
1572 5123 1620 5176 id
1647 5131 1732 5177 est
1754 5166 1767 5186 ,
1799 5138 1897 5177 nec
1935 5138 1964 5176 a
1994 5123 2217 5191 privatis

626 5210 681 5257 et
710 5197 934 5254 seorsim
970 5193 1160 5266 positis
1183 5233 1199 5260 ,
1229 5193 1421 5263 quibus
1465 5192 1660 5249 deinde
1686 5205 1974 5264 opponitur
2001 5195 2053 5248 in
2095 5210 2218 5248 con-

625 5268 1068 5343 ερεειιιρηιηίξψςο

700 5339 940 5414 (ὺλΗ-ιιιο
966 5336 1150 5414 Hilarii
1186 5335 1629 5414 interpretationi
1662 5336 1831 5392 lucem
1856 5337 2103 5414 mutuari
2137 5346 2220 5392 est

628 5395 812 5472 ex‘h't's
843 5409 1152 5482 Hieronymi
1186 5409 1237 5464 in
1259 5395 1514 5482 eumdem
1545 5406 1718 5461 locum
1759 5409 1936 5482 verbis
1976 5427 1988 5462 :
2019 5408 2219 5462 Possu-

629 5503 742 5542 mus
773 5494 940 5538 autem
970 5479 1177 5550 corpus,
1213 5479 1268 5533 id
1293 5489 1368 5536 est
1387 5521 1400 5544 ,
1429 5487 1620 5550 πτῶμα
1642 5517 1654 5542 ,
1678 5481 1814 5548 quod
1848 5481 2222 5550 signiﬁcantius

631 5560 789 5615 latine
808 5555 997 5608 dicitur
1027 5549 1274 5617 cadaver,
1305 5554 1367 5605 ab
1398 5568 1454 5605 eo
1486 5549 1622 5621 quod
1665 5567 1755 5622 per
1783 5549 1993 5605 mortem
2032 5552 2220 5619 cadat,

633 5630 922 5703 passionem
950 5622 1142 5703 Christi
1180 5624 1480 5703 intelligere.

709 5699 780 5773 (c)
811 5696 958 5773 [iam
983 5705 1038 5752 et
1080 5695 1169 5773 Er.
1203 5698 1254 5749 in
1279 5692 1404 5749 lino.
1435 5695 1559 5752 Par.
1603 5695 1664 5773 in
1692 5692 1879 5766 lychno
1903 5735 1917 5760 ,
1947 5694 2088 5764 quod
2119 5693 2230 5773 pri-

639 5767 784 5826 mum
817 5767 1030 5839 Lipsius
1073 5767 1139 5822 de
1161 5782 1260 5821 suo
1297 5778 1572 5836 posuerat.
1603 5767 1734 5824 Nam
1765 5779 1954 5821 omnes
1981 5779 2109 5821 mss.
2137 5767 2230 5821 bad

2311 3257 2732 3327 redemptionis,
2765 3271 2872 3327 quo
2894 3269 2966 3311 ex
2998 3254 3356 3325 corruptione
3384 3257 3625 3318 corporum
3657 3239 3693 3292 in
3721 3233 3778 3287 h0-

2311 3363 2498 3404 norem
2530 3347 2790 3418 spiritalis
2820 3346 3138 3401 substantiae
3164 3343 3554 3401 transferentur.

2379 3440 2434 3494 ‘2.
2467 3417 2661 3495 Rantus
2691 3440 2820 3509 ﬁcus
2849 3438 3207 3493 antichristus.
3240 3437 3344 3506 Qui
3371 3431 3630 3507 frondescet.
3651 3417 3776 3509 —-C0'

2309 3532 2604 3604 gnoscendi
2628 3543 2806 3586 autem
2840 3532 3097 3598 temporis
3121 3531 3338 3602 signum
3367 3529 3418 3583 in
3456 3515 3706 3579 similitudine
3724 3507 3763 3561 ﬁ-

2311 3639 2408 3680 cus
2428 3624 2637 3692 arboris
2668 3624 2844 3694 posuit
2875 3621 3088 3704 (Mytth.
3123 3639 3290 3689 xxiv,
3322 3620 3412 3691 52)
3436 3638 3447 3674 :
3473 3614 3590 3686 cujus
3609 3619 3690 3662 cum
3711 3613 3771 3654 ra-

2313 3733 2434 3774 mus
2485 3727 2636 3774 tener
2666 3717 2824 3772 fuerit
2864 3728 3026 3788 atque
3055 3706 3528 3784 fronduerit,'tnm
3569 3713 3682 3776 Ρτοβθ
3699 3705 3777 3796 “Si

2314 3819 2474 3864 restas
2505 3810 2834 3881 intelligitur.
2882 3809 2988 3866 Sed
3035 3810 3197 3882 longe
3241 3810 3342 3864 alia
3379 3815 3545 3862 natura
3586 3807 3624 3893 el

2315 3912 2370 3958 et
2390 3904 2599 3960 arboris
2627 3912 2728 3958 est.
2760 3902 2814 3959 In
2857 3903 2999 3958 veris
3029 3903 3204 3976 (verni
3240 3893 3513 3970 temporis)
3546 3889 3653 3979 enim
3673 3889 3778 3979 lltlllli

2316 3995 2628 4052 intumescit
2657 4014 2670 4051 :
2699 4005 2752 4050 et
2777 4012 2882 4050 non
2911 3996 3162 4064 exiguum
3196 4005 3405 4065 tempus
3429 3997 3504 4046 est
3527 3978 3716 4039 medium,
3736 3978 3782 4020 ππ·

2318 4103 2401 4149 ter
2431 4092 2480 4148 id
2512 4091 2656 4163 quod
2698 4101 2858 4148 :estas
2905 4092 3133 4162 ingruit,
3184 4099 3240 4146 et
3279 4086 3475 4144 arboris
3516 4075 3780 4167 ramus-leni:

2318 4184 2480 4240 reseit
2513 4157 2562 4238 in
2593 4183 2830 4238 frondes.
2865 4182 2942 4236 Ex
2970 4198 3096 4252 quo,
3128 4198 3237 4236 non
3266 4180 3334 4236 de
3366 4176 3539 4231 arbore
3559 4167 3639 4221 hoc
3660 4157 3780 4252 dictum

2319 4292 2439 4334 esse
2461 4277 2788 4333 noscendum
2834 4287 2935 4331 est.
2971 4249 3039 4331 Et
3061 4275 3276 4346 quidem
3317 4272 3420 4343 jam
3451 4249 3782 4346 superiusdejt'

2319 4372 2466 4430 boris
2494 4373 2646 4429 istius
2671 4371 3000 4443 proprietate
3030 4371 3375 4426 tractavimus
3402 4364 3466 4436 (c.
3483 4358 3561 4420 2i,
3585 4369 3627 4406 ιι-
3651 4345 3704 4443 3l-
3721 4335 3782 4443 ﬂ":

2317 4465 2405 4538 jus
2431 4467 2592 4522 etiam
2626 4464 2766 4520 foliis
2795 4464 2963 4518 Adam
2994 4463 3222 4534 legimus
3254 4460 3482 4518 indutum
3508 4491 3520 4516 ,
3546 4454 3592 4502 et
3614 4435 3785 4578 pedi:

2329 4575 2376 4578 ”
2432 4563 2659 4578 “"“"“
2706 4560 2902 4578 ’π’-υ
2979 4559 2990 4578 ε
3016 4559 3028 4578 ι
3064 4568 3134 4578 η·
3204 4566 3463 4578 .-.η-...ιω
3511 4545 3670 4578 ..οι-ρειιι

2321 4654 2423 4708 sub
2445 4653 2562 4723 lege
2602 4651 3012 4707 circumdatum.
3056 4650 3260 4706 Ramus
3283 4649 3431 4718 igitur
3456 4640 3580 4694 licus
3598 4620 3786 4723 anhelitu—

2321 4756 2407 4801 tus
2444 4718 2567 4802 esse
2613 4745 2962 4814 intelligitur,
3011 4744 3208 4798 diaboli
3258 4742 3427 4801 lilius,
3455 4718 3788 4824 peccalifl'fﬂj

2322 4841 2456 4914 legis
2505 4848 2762 4895 assertor.
2795 4838 2896 4907 Qui
2946 4853 3067 4894 cum
3115 4843 3444 4892 tenerescere
3483 4812 3788 4890 corperttilitluc

3461 5033 3473 5046 ο
3514 5037 3524 5046 .
3545 5018 3709 5046 ,ηδ-τηεν
3728 5018 3788 5046 Ita-

2485 5101 2682 5186 crucis.
2805 5101 2916 5188 lquo
2941 5101 3206 5212 tamquam
3237 5117 3288 5171 in
3316 5101 3785 5212 οαιιςςιιῧιιςῗὶξξξὶξιᾝ

2487 5165 2682 5186 ”’“’“⁷⁷
2725 5165 2776 5200 ῖ”
2813 5165 2912 5216 Ἵ“”
2942 5165 3206 5219 ’“””³ῖ“’”ῑ“
3485 5174 3496 5186 ·
3562 5165 3785 5221 ΙλΙὶιιοειηιτπ

2329 5194 2418 5248 lux
2443 5206 2569 5247 vera
2595 5191 2844 5277 omnibus
2867 5204 2925 5243 se
2939 5190 3293 5277 .spcctalnvlnem
3314 5181 3614 5277 pulit-.1152“;
3631 5220 3788 5277 "dum",

2575 5280 2628 5316 ιι.
2655 5262 2724 5316 i5
2751 5280 2762 5315 :
2787 5259 2909 5314 Jam
2933 5244 3140 5315 lu'cerna
3159 5244 3432 5314 (Νη-Μὰ...
3454 5244 3614 5329 ἱιςίίθηί
3631 5244 3786 5340 Fam-:2;

2667 5333 2680 5348 ι
2919 5344 2930 5348 -
3203 5346 3210 5348 ,
3245 5334 3256 5346 ο
3328 5304 3729 5348 ιπ--ι...,.ι,η1ηιιιιιιι

2330 5307 2580 5405 sugpent’ta
2599 5375 2614 5400 ,
2661 5333 2830 5387 lumen
2865 5344 3111 5388 (sternunt
3141 5346 3210 5386 est
3239 5334 3289 5386 in
3319 5318 3524 5381 Ecclesia
3547 5307 3677 5364 habita

2326 5408 2624 5478 praebitura.

2401 5458 2654 5549 (diEditi
2690 5491 2823 5552 cum
2871 5475 3114 5552 pluribus
3144 5489 3283 5552 mss.
3309 5458 3577 5552 Πριηβέοὲ

2331 5525 2654 5605 estsatis
2681 5525 2835 5604 cas.
2874 5525 3283 5602 arcanas“...-
3310 5525 3496 5614 ίριονίά.
3532 5525 3565 5614 ιι

2330 5621 2473 5676 enim
2505 5619 2760 5676 alluditur
2788 5619 2854 5674 ad
2894 5619 3060 5674 verba
3087 5619 3240 5674 Pauli
3265 5615 3393 5673 Plnl.
3413 5624 3473 5674 tl,

2329 5703 2414 5748 tus
2443 5693 2494 5746 in
2521 5692 2691 5763 gloria
2740 5692 2830 5746 Dei
2881 5691 3200 5763 praedicatur
3229 5706 3293 5747 eo
3315 5678 3444 5758 quod
3477 5687 3528 5730 se

2331 5779 2501 5835 usque
2526 5762 2591 5819 ad
2619 5773 2847 5819 mortem
2878 5762 3074 5819 crucis.

3558 5451 3628 5504 'itB.
3660 5447 3787 5505 ΡΠΝΫ

3558 5513 3648 5578 laud
3682 5500 3783 5578 dull“?

3558 5596 3647 5648 ibus
3661 5577 3782 5646 Ch"?

3571 5642 3779 5720 humilium
