3882 6332
19 320 162 377 1057

917 319 1455 379 COMMENTARIUS
1485 322 1551 378 IN
1583 324 2022 386 MAT'I‘ll/EUM.
2062 331 2217 388 CAP.
2259 332 2474 390 Χλνιι.

3189 337 3330 396 1058

23 435 374 490 frondescere
396 477 410 501 ,
443 442 569 491 tunc
594 434 833 508 proxima
865 449 987 490 esse
1013 447 1172 492 aestas
1193 480 1206 503 ,
1252 437 1302 491 id
1347 445 1429 492 est
1449 476 1464 503 ,
1512 437 1627 492 dies
1654 437 1709 500 Α
1732 439 1836 496 alio
1865 452 2162 514 assumpto.
2219 445 2299 502 De
2329 447 2654 505 molentibus
2684 463 2900 520 quoque
2931 463 3025 520 par
3058 448 3194 504 ratio
3223 461 3327 506 est.

16 527 208 599 judicii
241 530 530 584 sentietur.
555 528 922 584 Frondescere
961 537 1139 583 autem
1183 529 1412 600 quadam
1443 543 1629 600 pecca-

21 628 221 676 torum'
258 622 643 677 exsultantium
687 621 954 676 viriditate
1005 631 1261 677 noscetur
1294 643 1306 678 :
1335 623 1437 677 erit
1485 621 1628 677 enim

25 723 137 767 tum
167 712 271 768 ﬁos
298 714 713 770 criminosorum
733 755 749 782 ,
783 723 837 769 et
866 712 1038 769 honor
1068 714 1489 770 facinorosorum
1515 756 1529 778 ,
1576 722 1632 768 et

23 806 197 878 gratia
228 808 573 876 profanorum
609 831 620 861 -.
655 808 847 878 quibus
880 816 1057 863 tamen
1084 816 1265 875 testas,
1291 807 1342 863 id
1363 806 1634 877 est,calor

25 901 219 958 :cterni
251 901 389 972 ignis
414 903 465 956 in
495 902 742 973 proximo
769 911 872 957 est.

98 996 153 1050 5.
200 995 380 1066 Atque
411 1003 470 1050 ut
496 996 628 1052 ﬁdes
659 1006 803 1052 certa
827 1006 974 1052 esset
1002 995 1306 1053 futurorum
1331 1040 1344 1063 ,
1375 1013 1524 1052 amen
1553 995 1633 1052 di-

29 1085 205 1142 cendo
258 1085 594 1156 professione
648 1088 924 1156 veritatis,
983 1089 1182 1157 adjecit
1229 1089 1633 1160 generationem

31 1191 274 1237 nostram
303 1183 583 1252 prteterire
604 1197 710 1236 non
733 1196 914 1253 posse,
931 1181 1033 1236 nisi
1057 1183 1304 1239 universa
1331 1183 1430 1239 ista
1461 1193 1636 1238 trans-

33 1283 353 1340 currerent,
397 1288 567 1343 eaque
601 1289 720 1344 qua:
785 1274 936 1329 ﬁrma
981 1275 1386 1340 existimantur,
1439 1276 1636 1331 caelum

36 1367 293 1424 videlicet
316 1377 369 1423 et
402 1377 621 1431 terram,
645 1383 750 1422 non
778 1367 985 1434 futura;
1019 1368 1182 1424 verba
1206 1379 1383 1425 autem
1406 1384 1500 1424 sua
1529 1385 1634 1424 non

40 1475 202 1531 posse
231 1476 337 1516 non
363 1475 483 1516 esse
517 1478 531 1514 :
562 1459 724 1534 792
755 1462 877 1531 quia
907 1463 998 1516 illa
1039 1477 1104 1518 ex
1134 1463 1441 1519 conditione
1481 1478 1636 1518 crea-

43 1555 202 1610 tionis
224 1570 357 1620 suae,
386 1553 436 1608 id
465 1563 568 1620 est,
596 1557 833 1624 profecta
867 1554 1013 1627 (mss.
1046 1556 1302 1626 perfecta)
1329 1557 1395 1612 de
1429 1551 1598 1612 nihilo
1619 1597 1634 1624 ,

45 1648 275 1702 habeant
304 1647 352 1701 id
378 1646 431 1701 in
459 1662 518 1702 se
553 1649 894 1703 necessitatis
917 1657 974 1702 ut
1002 1664 1106 1702 non
1135 1649 1236 1702 sint
1261 1665 1274 1715 ;
1315 1649 1430 1704 brec
1456 1660 1636 1705 autem

49 1758 115 1797 ex
137 1742 434 1797 aeternitate
461 1740 712 1803 dedueta,
747 1741 797 1796 id
821 1741 874 1796 in
907 1755 966 1798 se
997 1741 1307 1798 contineant
1337 1743 1550 1800 virtutis
1581 1752 1637 1799 ut

49 1843 296 1890 luaneaut
325 1833 486 1904 (Ibid.
517 1833 582 1888 54
609 1845 660 1888 et
683 1830 797 1904 55).

114 1924 169 1979 4.
218 1924 367 1980 Finis
409 1935 695 1996 temporum
738 1941 829 1978 cur
855 1942 959 1980 non
985 1927 1249 1996 deﬁnitus.
1291 1954 1362 1968 —-
1406 1927 1483 1983 De
1533 1926 1638 1982 ﬁne

47 2029 228 2074 autem
253 2027 557 2088 temporum
579 2033 762 2074 curam
784 2019 1166 2074 sollicitudinis
1190 2030 1389 2074 nostra:
1415 2018 1640 2087 ademit,

51 2110 196 2167 diem
230 2110 382 2165 illum
412 2109 594 2165 dicens
619 2125 741 2165 esse
770 2109 972 2165 nemini
1003 2111 1302 2182 cognitum,
1337 2119 1392 2165 et
1418 2125 1526 2166 non
1550 2126 1642 2165 so-

47 2203 157 2258 lum
185 2203 411 2274 angelis,
439 2203 532 2258 sed
558 2204 720 2258 etiam
753 2203 852 2259 sibi
885 2204 1190 2274 ignoratum
1238 2202 1402 2276 (Ibid.
1432 2203 1547 2278 56).
1599 2205 1644 2260 Ο

47 2298 241 2353 divina:
258 2297 961 2354 bonitatisinmstimabilem
990 2298 1447 2354 misericordiam!
1474 2299 1644 2354 Num-

51 2391 180 2471 quid
220 2391 365 2447 Deus
415 2399 568 2460 pater
611 2389 972 2462 cognitionem
1013 2389 1119 2446 diei
1144 2433 1157 2457 ,
1207 2389 1418 2446 celandi
1447 2390 1644 2446 Filium

54 2484 352 2556 pr0posito,
384 2484 702 2556 abnegavit;
736 2499 858 2539 cum
887 2483 1092 2539 dictum
1118 2484 1187 2539 ab
1214 2500 1279 2541 eo
1309 2487 1378 2540 sit
1413 2504 1427 2540 :
1462 2483 1650 2541 Omnia

53 2577 176 2633 mihi
203 2597 236 2634 a
275 2588 418 2650 patre
447 2594 558 2634 meo
599 2579 787 2634 tradita
809 2587 928 2632 sunt
955 2576 974 2649 (
999 2575 1186 2631 Matth.
1211 2594 1285 2646 XI,
1318 2579 1390 2633 27
1412 2582 1432 2650 )
1456 2581 1476 2634 ἲ
1507 2580 1648 2651 Ergo

54 2691 158 2731 non
201 2675 385 2730 omnia
427 2683 592 2745 sunt,
644 2673 690 2728 si
717 2682 801 2729 est
829 2671 1029 2744 aliquid
1065 2672 1208 2742 quod
1240 2685 1487 2745 negatur.
1541 2673 1649 2731 Sed

54 2769 173 2842 quia
195 2768 268 2822 ad
290 2783 389 2823 nos
419 2766 598 2824 omnia
628 2784 656 2823 a
680 2768 840 2823 Patre
862 2776 1080 2838 accepta
1103 2767 1416 2834 deveheret,
1446 2766 1652 2838 Deique

56 2864 292 2920 Verbum
324 2879 431 2920 non
460 2871 568 2919 tam
598 2861 759 2918 futuri
793 2863 846 2918 in
877 2877 937 2918 se
965 2862 1124 2918 ﬁdem
1150 2864 1459 2927 contineat,
1490 2876 1651 2933 quam

60 2956 218 3022 facti;
252 2956 376 3013 ideo
402 2965 553 3012 extra
581 2955 951 3012 deﬁnitionem
979 2956 1097 3012 dies
1128 2956 1300 3027 posita
1331 2963 1434 3018 est,
1471 2964 1528 3010 ut
1550 2956 1655 3010 lar-

58 3063 178 3120 gum
210 3049 340 3105 licet
371 3049 512 3104 Deus
538 3047 871 3120 paenitentiae
903 3049 1059 3105 nobis
1086 3059 1297 3118 tempus
1325 3047 1610 3118 indulgens
1637 3089 1652 3113 ,

61 3143 253 3199 incerti
283 3151 462 3197 tamen
491 3152 639 3197 metu
667 3157 883 3212 semper
909 3156 1008 3196 nos
1038 3140 1302 3198 sollicitos
1346 3140 1648 3207 detineret;

62 3249 115 3295 et
143 3239 262 3310 ipse
286 3282 300 3307 ,
338 3238 473 3292 nulli
517 3237 788 3309 loquendo
818 3237 1150 3292 voluntatem
1183 3236 1257 3307 (a)
1291 3236 1454 3291 dandi
1492 3235 1652 3304 lmjus
1683 3223 1730 3287 C

61 3329 164 3386 diei
186 3372 201 3396 ,
251 3329 396 3384 nulla
424 3327 555 3384 dicti
584 3328 666 3384 sui
696 3328 1009 3384 deﬁnitione
1039 3327 1317 3384 cohiberet
1349 3369 1364 3393 ,
1415 3327 1539 3398 quia
1570 3342 1651 3382 sc-

62 3425 298 3481 cundum
329 3423 514 3478 diluvii
556 3432 767 3492 tempus
793 3462 808 3486 ,
845 3422 895 3476 in
930 3421 1048 3490 ipso
1078 3420 1203 3477 vita:
1246 3428 1448 3477 nostra:
1497 3435 1658 3475 cursu

65 3516 250 3572 omnia
281 3514 560 3587 agentibus
590 3514 664 3587 (b)
691 3530 754 3571 ac
784 3515 1135 3585 patientibus,
1165 3529 1393 3585 magnus
1425 3514 1516 3570 ille
1543 3513 1660 3570 dies

64 3609 239 3665 aderit
264 3607 479 3681 (Matth.
514 3622 663 3672 xxtv,
692 3608 807 3677 '58).

135 3702 188 3757 5.
221 3701 477 3757 Discretio
509 3702 738 3772 ﬁdelium
763 3711 810 3757 et
834 3702 1137 3772 inﬁdelium.
1162 3699 1467 3756 Judazorum
1491 3699 1630 3753 credi
1641 3726 1660 3740 -

69 3805 304 3850 turorum
333 3803 379 3849 et
399 3812 500 3850 non
527 3795 921 3861 crediturorum,
947 3794 1306 3850 haereticorum
1329 3804 1374 3850 et
1394 3794 1666 3848 catholico-

68 3908 204 3945 rum.
229 3921 302 3931 ——
327 3891 466 3958 Quin
498 3891 659 3947 etiam
687 3891 740 3945 in
765 3891 1107 3963 assumendis
1143 3890 1396 3947 ﬁdelibus
1424 3890 1664 3946 futurum

67 4000 187 4041 esse
213 3985 510 4041 discrimen
540 3981 816 4050 ostendit,
867 3998 988 4037 cum
1021 3983 1228 4040 duobus
1263 3984 1314 4037 in
1357 3999 1487 4053 agro
1519 3983 1665 4052 posi-

71 4079 160 4144 tis.
189 4088 501 4134 assumatur
525 4092 665 4133 unus
689 4117 703 4143 ,
728 4084 785 4131 et
805 4074 943 4131 alius
974 4075 1344 4146 relinquatur;
1379 4085 1432 4128 et
1459 4074 1669 4129 duabus

69 4171 424 4238 molentibus,
459 4170 794 4241 improbetur
819 4169 1012 4234 altera,
1041 4176 1094 4222 et
1118 4168 1286 4222 altera
1309 4167 1568 4237 eligatur;
1616 4173 1672 4220 et

69 4281 138 4320 ex
168 4265 384 4320 duobus
412 4264 504 4334 qui
537 4264 588 4318 in
619 4264 757 4318 lecto
783 4271 940 4318 erunt
967 4301 983 4328 ,
1019 4259 1297 4316 adhaereat
1325 4273 1462 4313 unus
1487 4300 1502 4326 ,
1532 4257 1672 4313 alter
1697 4311 1702 4321 ,

72 4359 378 4414 deseratur.
423 4355 718 4412 luﬁdelium
747 4356 890 4410 enim
916 4363 972 4409 et
1011 4351 1250 4409 ﬁdelium
1291 4350 1584 4407 discrimen
1616 4350 1670 4405 in

74 4449 448 4520 relinquendis
511 4450 632 4506 aliis
693 4459 746 4506 et
795 4449 916 4505 aliis
954 4447 1293 4504 assumendis
1339 4445 1520 4503 docet.
1574 4445 1672 4502 Dei

74 4544 226 4600 enim
259 4543 336 4598 ira
367 4542 773 4614 ingravescente
803 4541 974 4597 sancti
1022 4540 1118 4615 (ut
1162 4538 1424 4611 propheta
1466 4537 1582 4609 ait)
1618 4537 1671 4594 in

1728 533 1887 601 Mela,
1917 552 2052 607 Opus
2084 539 2215 610 legis
2243 549 2345 595 est.
2373 539 2480 598 Sed
2511 541 2633 612 quia
2657 558 2782 612 pars
2804 543 3114 599 Iudaeorum
3140 555 3198 599 ut
3226 559 3324 614 per

1731 630 2005 700 apostolos
2034 631 2301 698 credidit,
2351 634 2421 687 ita
2457 649 2552 704 per
2590 634 2762 690 Eliam
2794 644 2880 693 est
2919 635 3190 692 creditura
3213 677 3227 701 ,
3277 644 3332 692 et

1725 717 2069 787 justificanda
2097 739 2194 793 per
2225 722 2422 779 ﬁdem:
2476 723 2599 780 ideo
2633 741 2737 780 una
2769 741 2866 796 per
2891 726 3136 782 eamdem
3167 726 3330 781 ﬁdem

1733 809 1859 866 boni
1883 815 2062 883 operis
2075 816 2531 886 apprehendetur,
2553 816 2658 872 alia
2677 834 2804 874 vero
2822 818 2894 892 (c)
2919 820 2970 874 in
2997 819 3335 875 infructuose

1735 902 1870 974 legis
1897 919 2062 976 Opere
2090 909 2425 980 relinquetur
2450 953 2464 978 ,
2512 911 2724 968 molens
2757 913 2810 967 in
2837 929 3054 969 cassum
3081 954 3097 980 ,
3146 923 3199 970 et
3228 928 3338 971 non

1735 994 1938 1052 factura
1966 1000 2204 1057 cmlestis
2229 1004 2337 1059 cibi
2364 1019 2579 1074 panem.
2608 1005 2723 1061 Duo
2743 1018 2920 1063 autem
2941 1019 3066 1063 sunt
3091 1007 3144 1062 in
3173 1009 3336 1077 lecto,

1736 1093 1982 1149 eamdem
2017 1097 2284 1163 passionis
2321 1098 2609 1155 dominica:
2645 1102 2884 1170 requiem
2929 1102 3329 1172 praedicantes:

1738 1185 1881 1241 circa
1908 1203 2067 1256 quam
2096 1198 2150 1244 et
2191 1189 2567 1246 ha-reticorum
2618 1199 2673 1246 et
2711 1192 3098 1248 catholicorum
3145 1194 3335 1251 eadem

1739 1285 1902 1350 atque
1932 1294 2036 1335 una
2063 1281 2332 1338 confessio
2360 1293 2462 1340 est.
2497 1282 2603 1339 Sed
2634 1285 2758 1354 quia
2789 1287 3048 1342 unitatem
3087 1285 3263 1343 Patris
3286 1295 3343 1344 et

1740 1371 1883 1437 Filii,
1919 1373 1996 1446 (d)
2025 1383 2078 1429 et
2101 1389 2444 1432 communem
2470 1392 2660 1432 eorum
2687 1378 3006 1445 tbeotelam,
3042 1395 3200 1450 quam
3226 1379 3343 1436 dei-

1743 1474 1909 1520 tatem
1939 1481 2333 1538 nuncupamus,
2362 1468 2755 1524 catholicorum
2780 1471 2978 1526 veritas
3001 1471 3338 1541 prtedicabit,

1741 1565 1796 1611 et
1816 1556 2063 1614 eamdem
2087 1574 2298 1615 rursum
2319 1560 2563 1629 plurimis
2597 1562 2940 1618 contumeliis
2961 1563 3341 1620 haereticorum

1745 1648 1948 1706 falsitas
1975 1652 2309 1722 impugnabit
2334 1669 2348 1719 ;
2381 1651 2584 1708 idcirco
2609 1669 2675 1709 ex
2704 1655 2915 1711 duobus
2947 1656 3000 1711 in
3032 1656 3176 1712 lecto
3200 1657 3340 1714 alius

1745 1743 2100 1813 relinquetur,
2134 1756 2188 1799 et
2213 1745 2349 1800 alius
2376 1758 2724 1802 assumetnr:
2759 1749 2880 1819 quia
2923 1749 3083 1806 ﬁdem
3125 1750 3343 1806 confes-

1668 1829 1716 1889 B
1745 1835 1914 1891 sionis
1957 1837 2240 1908 utriusque
2284 1836 2338 1893 in
2391 1853 2498 1894 uno
2540 1841 2910 1911 assumenda,
2956 1844 3144 1899 etalio
3173 1844 3344 1900 relin-

1745 1931 1982 1998 quendo,
2011 1927 2180 1984 divini
2221 1929 2432 1985 arbitrii
2453 1930 2714 2001 judicium
2743 1935 3138 2004 comprobabit.

1816 2020 1978 2095 793
2029 2021 2081 2076 6.
2124 2021 2425 2094 Vigilantiaa
2464 2023 2753 2078 necessitas.
2785 2055 2856 2066 —
2881 2025 3058 2098 Atqtte
3100 2035 3158 2082 ut
3195 2026 3348 2098 igno-

1746 2116 1978 2170 rantiam
2029 2116 2177 2173 illam
2225 2115 2334 2170 diei
2377 2116 2629 2172 omnibus
2673 2117 2861 2183 taciti,
2914 2133 3019 2173 non
3051 2118 3170 2174 sine
3200 2119 3349 2192 utilis

1749 2205 1954 2260 silentii
1986 2206 2197 2263 ratione
2222 2222 2343 2263 esse
2383 2208 2679 2275 sciremus;
2733 2210 2954 2281 vigilare
2983 2224 3082 2268 nos
3125 2223 3348 2283 propter

1747 2297 2035 2353 adventum
2072 2296 2206 2352 furis
2236 2299 2556 2367 admonuit,
2602 2309 2656 2354 et
2694 2300 2999 2356 orationum
3030 2301 3349 2358 assiduitate

1749 2389 2001 2447 detentos
2023 2392 2271 2448 omnibus
2301 2403 2696 2462 praceptorum
2725 2408 2942 2448 suorum
2972 2394 3231 2464 operibus
3263 2395 3350 2450 in-

1752 2484 1959 2540 haerere
1987 2482 2218 2558 (Matth.
2251 2501 2402 2551 XXIV,
2433 2484 2562 2556 45).
2603 2473 2808 2541 Furem
2840 2487 2986 2541 enim
3012 2501 3133 2542 esse
3163 2496 3351 2542 osten-

1755 2576 1832 2633 dit
1859 2577 2130 2634 diabolum
2152 2620 2167 2646 ,
2219 2579 2287 2634 ad
2317 2579 2649 2635 detrahenda
2678 2596 2742 2635 es
2771 2580 2928 2636 nobis
2957 2581 3131 2651 spolia
3174 2581 3356 2651 pervi-

1752 2669 1940 2741 gilem,
1971 2679 2024 2726 et
2052 2684 2342 2742 corporum
2375 2682 2679 2728 nostrorum
2707 2673 2960 2730 domibus
3005 2674 3352 2731 insidiantem

1753 2771 1814 2818 ut
1839 2779 1924 2829 ea,
1955 2765 2244 2821 incuriosis
2277 2766 2432 2822 nobis
2455 2776 2510 2822 et
2532 2781 2724 2822 somno
2749 2767 2966 2833 deditis,
2995 2769 3347 2824 consiliorum

1756 2876 1978 2918 suorum
2011 2874 2172 2934 atque
2205 2863 2583 2920 illecebrarum
2625 2864 2815 2935 jaculis
2847 2864 3135 2934 perfodiat.
3188 2865 3357 2921 Para-

1759 2964 1844 3011 tos
1869 2957 2034 3028 igitur
2067 2974 2190 3014 esse
2215 2973 2314 3013 nos
2341 2957 2631 3014 convenit:
2677 2960 2802 3030 quia
2832 2958 2940 3014 diei
2973 2960 3238 3030 ignoratio
3271 2961 3356 3016 in-

1761 3058 1964 3105 tentam
1996 3049 2415 3108 sollicitudinem
2452 3066 2730 3122 suspenszc
2761 3052 3181 3123 exspectationis
3225 3066 3358 3108 exa-

1758 3142 1911 3214 gitet.

2307 3267 2536 3325 CAPUT
2576 3266 2789 3326 XXVII.

1761 3404 1840 3460 De
1867 3422 2008 3462 servo
2037 3407 2179 3478 ﬁdeli
2205 3425 2352 3477 quem
2378 3409 2642 3463 constituit
2663 3408 2903 3464 dominus
2925 3423 3077 3478 super
3106 3406 3363 3478 familiam

1833 3514 1981 3552 suam
2001 3541 2016 3566 ,
2065 3499 2128 3554 de
2162 3499 2336 3555 decem
2376 3499 2657 3573 virginibus
2679 3543 2691 3565 ,
2721 3500 2784 3554 de
2818 3499 3023 3554 homine
3052 3499 3108 3553 in
3149 3514 3362 3572 peregre

1837 3595 2062 3662 profecto
2083 3635 2098 3661 ,
2138 3593 2226 3663 qui
2257 3592 2469 3646 tradidit
2500 3591 2838 3646 substantiam
2865 3608 3009 3647 suam
3045 3591 3204 3646 servis
3229 3590 3360 3646 suis.

1841 3708 1891 3761 1.
1927 3705 2230 3780 Prwpositis
2259 3708 2543 3780 prazsertim
2576 3707 2906 3780 vigilandum.
2948 3705 3222 3779 Prtepositi
3244 3706 3366 3761 dili-

1766 3799 1932 3872 gentis
1963 3816 2091 3871 Opus
2129 3817 2188 3854 ac
2217 3817 2425 3854 merces.
2455 3829 2526 3840 --
2559 3800 2686 3868 Quis
2719 3817 2931 3871 namque
2953 3810 3028 3854 est
3058 3799 3228 3870 ﬁdelis
3260 3815 3369 3854 ser-

1767 3909 1858 3947 vus
1884 3902 1930 3947 et
1963 3893 2186 3963 prudens
2215 3934 2230 3960 ,
2272 3893 2420 3962 quem
2446 3893 2706 3947 constituit
2735 3891 2988 3946 Dominus
3029 3908 3180 3963 super
3215 3890 3371 3962 fami-

1770 3983 1895 4037 liam
1931 3985 2113 4037 suam?
2137 3993 2243 4038 etc.
2289 3982 2522 4054 (Matth.
2559 3999 2713 4047 xxrv,
2745 3981 2874 4053 45).
2931 3981 3264 4052 Quamquam
3314 3981 3370 4037 in

1771 4090 2058 4130 commune
2110 4090 2208 4129 nos
2253 4075 2320 4129 ad
2371 4073 2696 4131 indefessam
2744 4074 3034 4144 vigilantiae.
3063 4089 3245 4128 curam
3276 4073 3372 4129 ad-

1773 4169 2048 4234 horletur;
2101 4167 2390 4239 specialem
2433 4180 2609 4222 tamen
2661 4167 2842 4237 populi
2896 4166 3267 4237 principibus,
3317 4165 3372 4223 id

1774 4273 1895 4331 est,
1943 4263 2250 4334 episcoliis,
2309 4263 2360 4317 in
2408 4263 2810 4334 exslvectatione
2871 4261 3212 4332 adventuque
3270 4276 3371 4317 suo

1775 4357 2198 4413 sollicitudinem
2242 4356 2480 4411 mandat.
2534 4355 2686 4410 Ilune
2733 4355 2876 4411 enim
2907 4370 3125 4411 servum
3157 4353 3374 4409 ﬁdelem

1777 4457 1938 4520 atque
1984 4449 2301 4520 prudentem
2329 4491 2345 4516 ,
2409 4449 2752 4518 praepositum
2796 4446 3017 4502 familia:
3067 4447 3374 4518 signiﬁcat,

1778 4541 2061 4598 commoda
2083 4550 2243 4612 atque
2263 4541 2523 4596 utilitates
2545 4539 2823 4596 commissi
2847 4539 2946 4595 sibi
2971 4539 3156 4610 populi
3181 4555 3376 4596 curan-

77 4637 467 4709 promptuariis
507 4637 900 4701 recondentur;
950 4633 1138 4704 perﬁdi
1167 4648 1296 4689 vero
1321 4632 1387 4686 ad
1435 4629 1678 4688 etelestis
1701 4624 1756 4686 D
1783 4646 1912 4692 tem.
1943 4635 2042 4704 Qui
2072 4637 2117 4692 si
2143 4635 2291 4691 dicto
2321 4634 2548 4690 audiens
2573 4644 2625 4688 et
2649 4633 2936 4705 praeceptis
2967 4633 3226 4690 obediens
3253 4635 3382 4700 erit,

76 4735 222 4804 ignis
250 4735 527 4789 materiem
571 4732 944 4802 relinquentur
985 4728 1204 4803 (Matth.
1237 4727 1478 4800 111,12).
1531 4729 1678 4783 Duos

78 4829 246 4899 igitur
275 4827 328 4881 in
357 4843 504 4898 agro,
537 4825 671 4881 duos
698 4823 926 4896 populos
945 4864 960 4890 ,
1003 4820 1242 4878 lidelium
1273 4831 1327 4878 et
1353 4820 1676 4886 inﬁdelium.

78 4923 132 4976 in
168 4919 374 4975 sazculo
402 4927 671 4988 tamquam
700 4919 753 4972 in
790 4918 910 4972 vita:
942 4916 1100 4987 hujus
1125 4931 1290 4987 opere
1316 4915 1435 4972 dies
1467 4915 1680 4972 Domini

80 5012 492 5086 deprehendet;
535 5011 931 5082 separabuntur
961 5019 1140 5066 tamen
1169 5052 1183 5076 ,
1219 5009 1411 5065 relicto
1440 5007 1548 5062 alio
1576 5049 1591 5075 ,
1629 5016 1684 5064 et

162 5177 502 5254 (a)_\ferbum
558 5171 718 5227 dandi
770 5167 1109 5254 desideratur
1143 5171 1197 5226 in
1250 5184 1354 5254 ms.
1386 5168 1666 5254 Beccensi.

87 5241 480 5310 Vult'Hilarius
510 5255 756 5315 tempus,
784 5256 896 5315 _quo
931 5242 1070 5297 Deus
1096 5241 1406 5315 hunc__diem
1431 5241 1674 5315 decrevit

87 5326 216 5382 ideo
240 5339 268 5378 a
299 5321 517 5379 Christo
547 5311 652 5372 non
682 5313 1040 5378 declaratum,
1071 5323 1128 5367 ut
1160 5311 1360 5366 nullius
1399 5311 1673 5381 pmniten-

89 5401 221 5454 tiam
277 5393 576 5450 cohiberet.
601 5383 862 5455 Quocirca
912 5382 1395 5455 interpunctiouem
1453 5382 1679 5455 mutavi;

93 5451 217 5530 inus
238 5509 253 5533 ,
285 5479 388 5533 qua
416 5462 468 5517 in
490 5451 645 5533 prius
661 5453 890 5533 vulgatis
936 5453 1100 5533 verba
1128 5452 1490 5533 ,yolzttttatem
1519 5451 1679 5533 dandi

96 5523 255 5612 hunc
279 5523 413 5612 ἀδελ,
443 5523 548 5612 ιιὸη
571 5529 638 5585 ad
663 5524 915 5612 ιοαμεξιαξι
933 5565 961 5612 ς,
979 5525 1090 5612 est,
1106 5525 1170 5578 ad
1203 5523 1682 5612 είξῖξξβενεετεξὶφνβυ

98 5595 317 5666 haittur.
352 5595 506 5661 Hunc
536 5605 709 5659 locum
737 5595 903 5666 fusius
941 5605 1103 5664 atque
1149 5597 1391 5666 apertius
1442 5595 1682 5664 explica-

101 5665 213 5736 tum
237 5678 434 5733 videsis
455 5675 544 5731 lib.
573 5689 624 5727 rx
656 5670 721 5723 de
746 5665 936 5720 'l‘rinit.
964 5683 1015 5718 n.
1047 5667 1140 5728 57.
1173 5665 1280 5722 etc.

200 5751 252 5821 b)
281 5750 421 5804 Etliti
442 5758 491 5803 et
524 5746 728 5821 aliquot
757 5751 884 5790 mss.
916 5753 977 5821 ac
1005 5737 1385 5821 paenitentibus:
1404 5736 1677 5821 A.t'Rom.,

200 5754 252 5821 b)
281 5754 421 5804 Etliti
442 5758 491 5803 et
524 5754 728 5812 aliquot
757 5754 884 5790 mss.
916 5754 977 5817 ac
1005 5754 1385 5820 paenitentiam.
1404 5754 1677 5819 nouom”

100 5754 283 5891 Coiﬁ,
306 5821 468 5877 Carn.
498 5827 548 5875 ct
581 5815 725 5879 Vat.,
756 5823 815 5862 ac
841 5809 1173 5878 patientibus.
1226 5808 1382 5882 Apud
1431 5808 1680 5866 Ilmcma-

1786 4729 1840 4786 id
1880 4737 1964 4787 est
1986 4771 2002 4797 ,
2035 4731 2082 4785 si
2111 4728 2370 4784 doctrina:
2396 4725 2800 4798 opportunitate
2825 4725 3143 4798 et}veritate
3170 4727 3381 4782 inﬁrma

1787 4824 2090 4891 conﬁrmet,
2123 4822 2364 4893 disrupta
2397 4819 2723 4886 consolidet,
2753 4819 3044 4891 depravata
3074 4829 3378 4888 convertat,

1789 4923 1843 4971 et
1872 4915 2096 4972 verbum
2125 4917 2247 4970 vita).
2275 4915 2328 4970 in
2357 4914 2678 4970 mternitatis
2703 4914 2885 4970 cibum
2920 4913 3128 4970 alendae
3162 4913 3383 4969 familias

1790 5007 2101 5079 dispendat,
2135 5023 2298 5080 atque
2328 5007 2447 5062 haec
2473 5022 2636 5078 agens
2654 5005 2846 5079 hisque
2875 5007 3169 5062 immoraus
3188 5005 3386 5077 depre-

1776 5187 1895 5227 rum
1913 5172 2005 5228 lib.
2029 5172 2098 5228 de
2124 5171 2385 5244 Praedest.
2410 5186 2461 5227 c.
2494 5170 2580 5239 19,
2611 5170 2702 5228 ubi
2731 5171 2846 5229 haec
2865 5179 2920 5228 et
2939 5173 3221 5244 sequentia
3239 5173 3386 5232 inse-

1781 5253 1993 5310 runtur,
2022 5260 2083 5298 ac
2113 5243 2440 5314 facientibus.

1860 5356 1934 5430 (c)
1958 5356 2306 5412 Carnutensis
2332 5355 2502 5412 codex
2537 5371 2661 5411 eum
2699 5355 2852 5413 Coll).
2898 5355 3006 5410 alia
3049 5372 3165 5411 vero
3192 5358 3391 5432 infruc-

1789 5439 1958 5484 ιιιοδα.

1864 5521 1944 5593 (d)
1974 5521 2099 5578 Par.
2129 5537 2247 5578 eum
2282 5523 2489 5592 aliquot
2519 5536 2652 5578 mss.
2704 5531 2750 5575 et
2799 5523 3211 5593 conttnunionem
3256 5539 3275 5579 :
3326 5539 3392 5582 ac

1793 5590 1988 5650 deinde
2010 5594 2214 5663 absque
2231 5590 2551 5650 auctoritate
2570 5635 2582 5658 ,
2607 5609 2786 5647 eorum
2815 5590 3085 5663 theotetem
3116 5610 3136 5647 :
3162 5595 3250 5650 ubi
3279 5596 3393 5650 Sir-

1792 5665 2024 5721 mondus
2047 5661 2184 5735 apud
2209 5665 2553 5720 Hiuemarum
2582 5663 2648 5716 de
2699 5661 2956 5718 Praedest.
2986 5679 3036 5718 ο.
3078 5665 3166 5728 19,
3215 5665 3396 5735 posuit

1792 5734 2092 5803 theoteiam,
2120 5753 2240 5806 qua:
2269 5751 2371 5792 vox
2396 5749 2570 5806 neque
2598 5748 2798 5802 graeca,
2828 5749 3004 5804 neque
3038 5734 3228 5792 latina.
3259 5736 3395 5800 Vide

1789 5825 1910 5882 qua:
1940 5807 2008 5864 ad
2035 5805 2154 5879 cap.
2186 5809 2275 5876 16,
2303 5824 2358 5863 n.
2383 5807 2436 5872 4,
2463 5805 2748 5862 observata
2777 5816 2922 5863 sunt.
