3882 6332
593 322 731 379 1059

1800 300 2054 362 sinon
2088 296 2346 372 insanit
2385 296 2692 356 EPiSCOPl

3750 295 3827 350 liii

589 438 890 502 hendatur;
935 431 1159 505 gloriam
1207 441 1235 484 a
1271 425 1498 482 Domino
1527 432 1794 493 tamquam
1837 421 2180 490 dlSpCltSnlOI‘
2209 419 2259 493 Α
2283 415 2803 472 carnisexrcsscrat.
2835 413 3028 470 Primo
3053 420 3254 470 autem
3277 421 3592 480 progressu,
3615 406 3716 462 vita
3735 409 3790 477 Ιιιες
3809 441 3824 460 ,ς

592 531 766 588 lidelis
795 537 851 583 ct
878 527 1087 582 villicus
1112 522 1254 593 utilis
1281 529 1642 586 consequetur
1667 558 1682 583 ,
1728 525 1784 572 et
1812 530 1974 585 super
1999 512 2181 566 omnia

592 623 730 680 bona
756 620 1129 680 constituetur,
1168 613 1218 667 id
1249 622 1354 676 est,
1386 611 1436 665 in
1465 610 1559 664 Dei
1590 606 1760 679 gloria
1792 604 2179 671 collocabitur,

598 716 672 785 (a)
699 713 820 782 quia
851 709 983 766 nihil
1012 710 1083 766 sit
1109 707 1246 770 ultra
1275 703 1421 776 quod
1448 703 1644 758 melius
1666 700 1738 756 sit
1757 701 1776 773 (
1797 700 1829 771 ᾗ
1853 696 1967 770 47).

660 808 715 864 ‘2.
772 802 1097 876 Negligenlis
1140 799 1266 854 uitia
1304 815 1365 851 ac
1415 795 1653 854 uindicta.
1696 823 1768 836 ——
1795 791 1948 862 Quod
1978 789 2027 846 si
2053 803 2183 844 cun-

591 910 748 958 tuens
800 899 1016 966 longam
1065 894 1157 952 Dei
1209 892 1566 963 patientiam,
1613 905 1732 960 qua:
1777 887 1828 942 in
1879 882 2182 955 proiectum

590 995 838 1050 humana:
870 991 1063 1046 salutis
1088 986 1426 1052 extenditur;
1461 983 1746 1040 adversum
1777 993 2075 1038 conservos
2100 975 2184 1032 in-

588 1087 843 1152 solcscet,
873 1094 929 1138 et
944 1081 1126 1137 saeculi
1161 1079 1317 1134 malis
1346 1078 1596 1148 vitiisque
1627 1091 1684 1132 se
1710 1074 1905 1140 tradet,
1939 1085 2180 1144 prtesett-

595 1181 731 1236 tinm
773 1189 978 1234 tantum
1006 1191 1189 1231 curam
1237 1174 1290 1228 in
1331 1173 1478 1230 cultu
1508 1171 1712 1228 ventris
1735 1184 1996 1232 exercens
2021 1185 2033 1220 :
2058 1165 2185 1222 des—

600 1283 783 1344 perata
814 1271 890 1343 (b)
925 1270 1012 1326 die
1052 1269 1308 1330 Dominus
1350 1266 1640 1333 adveniet,
1681 1278 1913 1334 eumque
1960 1277 1990 1318 a
2032 1259 2184 1320 bonis

590 1382 709 1436 qute
737 1365 1102 1434 spoponderat
1150 1361 1353 1416 dividet
1379 1400 1394 1423 ,
1451 1361 1860 1430 portionemque
1905 1356 2022 1426 ejus
2060 1368 2182 1414 cum

591 1459 888 1531 bypocritis
917 1459 966 1513 in
999 1473 1170 1526 pretia:
1193 1457 1495 1512 aeternitate
1533 1453 1867 1518 constituet,
1917 1450 2042 1520 quia
2085 1447 2184 1504 ad-

595 1563 816 1618 ventum
849 1552 1238 1621 desperaverit,
1264 1551 1388 1619 quia
1420 1546 1686 1604 mandatis
1716 1544 2184 1611 nouobtemperao

596 1645 757 1707 verit,
789 1645 914 1714 quia
948 1641 1302 1710 przcsentibus
1328 1640 1633 1696 studuerit.
1663 1637 1786 1708 quia
1819 1637 1923 1692 vita
1943 1634 2183 1705 gentium

599 1736 835 1800 vixerit,
883 1733 1007 1802 quia
1053 1734 1435 1804 desperatione
1481 1730 1664 1802 iudicii
1710 1731 2051 1796 commissam
2081 1726 2183 1782 sibi

2286 509 2500 573 ofﬁciis,
2531 523 2822 564 occurrere
2848 509 2903 566 in
2935 508 3428 564 resurrectionem
3458 520 3574 573 quin
3603 513 3677 559 est
3699 521 3719 556 a
3745 524 3828 558 me.

2289 601 2395 658 tuis
2423 617 2811 672 praeparantur.
2841 600 3167 669 Lampades
3197 599 3402 669 igitur,
3424 600 3700 651 animarum
3722 599 3828 665 stite»

2286 694 2528 752 dentium
2555 695 2737 754 lumen
2762 705 2864 761 est,
2899 713 3024 768 qua:
3057 702 3438 751 sacramento
3471 692 3700 761 baptismi
3722 694 3827 759 ψὴν

2287 787 2541 846 duerunt.
2589 788 2802 856 Oleum,
2838 790 2964 850 boni
2996 790 3195 856 aperis
3229 797 3323 844 eet
3359 785 3588 842 fructus.
3617 783 3753 851 Vasa,
3775 805 3825 836 με..

2289 899 2445 938 tnana
2476 893 2600 937 sunt
2630 898 2884 955 corpora,
2921 885 3069 938 intra
3099 897 3358 953 quorum
3389 881 3600 936 viscera
3638 879 3826 934 llteswn

2289 979 2446 1036 bomn
2469 980 2820 1036 conscientiae
2848 977 3252 1036 recondendus
3297 985 3408 1032 est.
3459 973 3734 1030 Vendentes
3758 989 3824 1030 sc:

2291 1073 2369 1139 hi,
2399 1073 2488 1144 qui
2516 1072 2888 1132 miSericordia
2922 1071 3178 1132 (idolium
3212 1070 3546 1139 indigentes
3567 1108 3583 1133 ,
3611 1068 3825 1124 reddente

2287 1183 2351 1225 se
2379 1170 2543 1239 petita
2573 1168 2897 1224 commercia
2918 1211 2934 1235 ,
2991 1166 3335 1234 indigentiae
3378 1179 3500 1217 sua
3542 1161 3720 1218 scilirct
3738 1178 3828 1216 nu:-

2291 1269 2400 1318 tate
2426 1302 2442 1327 ,
2469 1260 2597 1317 boni
2625 1261 2808 1333 operis
2838 1260 3015 1318 nostri
3047 1257 3486 1314 conscientiam
3519 1252 3594 1326 (d)
3620 1266 3826 1310 κωωδ

2291 1355 2419 1412 lla2c
2461 1356 2607 1412 enim
2652 1355 2910 1412 indefessi
2960 1354 3200 1412 luminis
3248 1353 3496 1421 cepiosa
3544 1351 3823 1404 niateriesei.

2290 1464 2410 1519 qua:
2443 1449 2830 1504 misericordiae
2868 1448 3147 1506 fructibus
3189 1456 3250 1502 et
3279 1443 3535 1502 emenda
3557 1453 3631 1497 εει
3656 1451 3822 1496 urere-

2290 1539 2486 1596 denda.
2512 1539 2740 1609 Nuptiae,
2769 1539 3216 1598 immortalitatis
3237 1536 3571 1604 assumptio
3593 1545 3681 1600 cst,
3698 1549 3734 1589 ct

2291 1635 2693 1702 corruptionem
2738 1647 2899 1700 atque
2947 1631 3464 1702 incorruptionem
3497 1644 3567 1683 ex
3595 1643 3710 1682 nova
3728 1630 3820 1680 serie-

2293 1736 2400 1784 tate
2428 1728 2759 1796 conjunctio.
2795 1727 2939 1784 liora
2970 1725 3193 1795 sponsi,
3222 1723 3591 1794 paenitentiae
3613 1734 3817 1790 timessi.

587 1827 844 1901 familiam
876 1827 1034 1886 fame.
1066 1828 1175 1889 siti,
1203 1825 1353 1880 cmde
1379 1822 1650 1879 vexaverit
1692 1821 1854 1895 (Ibid.
1887 1818 2148 1891 48—51).
2219 1826 2265 1888 Β
2297 1823 2731 1891 Exspectantium
2761 1835 3016 1883 Somnus,
3051 1817 3435 1874 credentium
3469 1815 3622 1883 quies
3647 1827 3814 1872 est.“

664 1921 831 1994 794
857 1923 910 1976 5.
942 1919 1048 1976 Cur
1071 1920 1275 1991 Moyses
1299 1919 1605 1990 Decntognm
1623 1915 2021 1972 duabustabniis
2035 1930 2182 1968 acce-

588 2017 682 2087 pit.
714 2045 782 2058 ——
815 2015 956 2070 Tunc
977 2013 1283 2069 similabitur
1316 2029 1528 2085 regnum
1558 2011 1801 2066 scelerum
1832 2008 2002 2064 decem
2025 2007 2182 2078 virgi-

589 2113 758 2178 nibus,
785 2121 837 2166 et
871 2111 1074 2179 reliqua
1109 2106 1322 2176 (Matth.
1360 2122 1489 2171 xxv,
1521 2104 1598 2175 l).
1632 2103 1711 2160 Ex
1748 2103 1906 2160 dictis
1936 2103 2182 2171 superio-

588 2203 738 2262 ribus
790 2203 928 2256 ratio
981 2217 1196 2272 quoque
1248 2199 1404 2270 hujus
1434 2197 1700 2254 sermonis
1730 2195 1951 2264 intelligi
1984 2200 2179 2264 potest.

590 2296 667 2352 De
697 2295 783 2350 die
810 2295 954 2349 enim
990 2307 1182 2363 magno
1215 2291 1423 2348 Domini
1449 2290 1626 2345 oinnis
1675 2297 1758 2344 est
1802 2303 1986 2343 sermo
2011 2326 2025 2347 ,
2074 2299 2184 2351 quo

581 2388 798 2444 occulta
833 2391 1187 2442 humanarum
1230 2385 1616 2454 cogitationum
1645 2380 1808 2437 divini
1833 2378 2027 2449 judicii
2056 2394 2184 2448 cog-

587 2483 792 2537 nitione
823 2481 1116 2550 prodentur
1139 2521 1155 2546 ,
1209 2489 1263 2536 et
1304 2495 1430 2538 vera
1458 2477 1756 2547 exspectati
1789 2476 1881 2531 Del
1913 2473 2046 2530 fides
2075 2486 2181 2530 non

583 2576 849 2646 ambigure
876 2575 990 2643 spei
1024 2573 1273 2628 nteritum
1303 2583 1684 2642 consequetur.
1744 2568 2008 2628 Absolute
2036 2568 2180 2624 enim

583 2669 638 2725 iit
667 2672 903 2740 quinque
934 2665 1286 2736 prudentibus
1306 2677 1360 2721 et
1388 2667 1439 2720 in
1463 2665 1698 2736 quinque
1724 2662 1906 2728 fatuis,
1941 2660 2181 2724 fidelium

582 2772 743 2833 atque
767 2761 1061 2818 infidelium
1092 2769 1174 2814 est
1206 2760 1500 2816 constituta
1527 2757 1755 2814 divisio:
1788 2773 1893 2826 quo
1924 2753 2181 2824 exemplo

581 2854 792 2926 Moysies
820 2854 1011 2910 decem
1043 2855 1203 2908 verba
1231 2851 1440 2910 duabus
1466 2851 1664 2906 tabulis
1691 2847 1996 2916 conscripta
2023 2861 2181 2904 acce-

585 2957 755 3018 perat.
790 2947 1024 3006 Necesse
1050 2948 1193 3000 enim
1226 2954 1365 3011 erat,
1399 2945 1577 3002 omnia
1608 2958 1671 3000 ea
1699 2943 1752 2997 in
1785 2950 2011 3011 utraque
2050 2953 2180 2998 cott-

582 3040 745 3096 scrihi
771 3056 784 3094 :
810 3050 863 3094 et
886 3039 1082 3109 duplex
1114 3039 1326 3108 pagina,
1363 3038 1500 3092 inter
1528 3038 1914 3106 proprietatem
1941 3033 2179 3090 dextera:

580 3146 645 3186 ac
673 3131 928 3194 sinistrae,
961 3130 1285 3186 divisionem
1317 3130 1417 3185 sub
1445 3146 1550 3183 uno
1578 3130 1703 3184 licet
1736 3135 2058 3184 testamento
2085 3127 2178 3182 hov

579 3239 766 3279 norum
799 3223 1171 3293 malorumque
1199 3223 1468 3294 signabat.

647 3320 700 3374 4.
739 3318 1012 3372 Parabolw
1037 3317 1290 3391 virginum
1325 3316 1487 3370 brevis
1516 3324 1562 3370 et
1595 3324 1744 3369 acuta
1782 3315 2050 3385 expositio.
2103 3343 2176 3354 —

573 3409 817 3480 Sponsus
840 3418 1001 3480 atque
1022 3424 1241 3479 sponsa,
1277 3407 1539 3463 Dominus
1558 3417 1741 3462 noster
1760 3417 1844 3462 est
1867 3409 1918 3462 in
1942 3422 2176 3477 corpore

573 3502 737 3558 Deus.
799 3501 932 3557 Nam
963 3512 1022 3556 ut
1051 3501 1286 3572 Spiritus
1309 3502 1458 3557 carni
1487 3501 1695 3573 (supple
1718 3541 1733 3564 ,
1765 3515 1998 3565 Sponsus
2017 3501 2056 3567 ).
2098 3499 2170 3554 ita

567 3593 792 3665 Spiritui
821 3610 950 3650 caro
989 3610 1186 3664 sponsa
1230 3604 1333 3649 est.
1393 3593 1633 3662 Denique
1680 3595 1804 3646 tuba
1855 3591 2129 3646 excitante
2156 3633 2170 3658 ,

568 3704 774 3759 sponso
817 3699 1020 3750 tantum
1047 3687 1263 3744 obviam
1297 3685 1366 3756 (c)
1407 3686 1678 3756 proditur;
1707 3695 1863 3746 erant
1891 3685 2034 3740 enim
2062 3686 2173 3755 jam

571 3782 736 3840 ambo
781 3796 983 3846 unum;
1035 3780 1160 3852 quia
1202 3780 1255 3835 in
1306 3779 1534 3850 gloriam
1566 3777 1859 3850 spiritalem
1895 3778 2173 3835 humilitas

636 3918 712 4045 Sa)
741 3919 933 3974 Plures
957 3933 1084 3973 mss.
1114 3935 1214 3990 qua
1235 3961 1249 3980 .
1273 3933 1380 3974 non
1430 3918 1548 3990 quia
1568 3961 1583 3987 ,
1653 3917 1793 3973 haud
1850 3919 2008 3974 male.
2061 3918 2158 3975 Hic

636 3994 811 4045 iditur
836 3991 976 4045 ratio
1001 4007 1100 4045 cur
1131 3992 1180 4044 in
1209 3992 1380 4045 nloria
1409 3992 1709 4045 collocatus
1759 4005 1922 4045 super
1975 3994 2158 4045 omnia

566 3991 811 4047 redditur
836 3991 976 4046 ratio
1001 4007 1100 4046 cur
1131 3992 1180 4044 iii
1209 3992 1380 4062 gloria
1409 3992 1709 4046 collocatus
1759 4005 1922 4060 super
1975 3994 2159 4046 omnia

566 4064 707 4120 bona
731 4069 1059 4120 c0nstitulns
1088 4062 1317 4124 dicatur,
1349 4064 1470 4130 quia
1493 4063 1746 4118 nimirum
1780 4080 1840 4118 ea
1867 4064 2042 4134 gloria
2067 4066 2163 4122 bo-

557 4151 694 4206 num,
715 4151 874 4192 omne
897 4144 1137 4206 superet,
1156 4150 1326 4205 eaque
1345 4134 1472 4188 nihil
1496 4137 1684 4190 melius
1711 4136 1798 4186 sit.

629 4205 705 4280 (b)
749 4209 806 4280 lo
842 4205 1048 4277 aliquot
1079 4222 1210 4261 mss.
1241 4207 1513 4280 desperata
1544 4206 1665 4280 dies
1714 4206 1950 4270 Domini,
1989 4207 2164 4280 minus

556 4278 716 4333 bene.
747 4279 917 4333 Porro
942 4281 1215 4347 desperata
1241 4321 1254 4342 ,
1289 4278 1341 4331 id
1367 4287 1449 4332 est
1469 4318 1484 4341 ,
1543 4278 1814 4346 insperata
1838 4319 1852 4344 ,
1873 4293 1970 4332 seu
2006 4279 2155 4333 inex-

554 4361 797 4420 spectata
831 4360 991 4420 atqtte
1025 4349 1334 4411 improvisa.

627 4427 702 4492 lc)
732 4421 788 4476 In
820 4419 1024 4490 aliquot
1050 4437 1180 4476 mss.
1218 4421 1510 4491 proceditur
1543 4436 1560 4474 :
1589 4419 1779 4480 eodem
1803 4437 1987 4478 St'llSll.
2018 4421 2156 4476 Tum

556 4491 608 4547 in
641 4491 855 4547 CthllSlS
877 4535 889 4551 .
921 4504 1067 4547 erunt
1093 4493 1272 4546 enim:
1308 4502 1504 4562 printer
1535 4492 1690 4545 tidem
1735 4495 1973 4548 omnium
2020 4509 2152 4546 mss.

554 4574 715 4632 atque
749 4564 930 4617 llilarii
979 4563 1332 4629 sententiam,
1363 4580 1464 4634 qua
1514 4563 1628 4616 vult
1657 4579 1855 4630 Sponso
1900 4573 2107 4618 tantum
2139 4605 2152 4626 ,

2293 1915 2623 1984 [manentia
2657 1924 2903 1982 tempore
2933 1926 3086 1968 mors
3125 1909 3502 1978 temporaria
3547 1909 3807 1964 unitatem.

2289 2009 2460 2068 Nocte
2502 2008 2673 2066 media
2706 2009 2912 2066 clamor
2936 2048 2949 2069 ,
2981 2007 3203 2061 cunctis
3230 2004 3637 2074 ignorantibus
3659 2007 3742 2056 tali:
3757 2019 3804 2055 ta

2287 2113 2370 2158 est
2395 2144 2410 2164 .
2444 2103 2651 2158 Domini
2684 2100 3046 2172 prtccedentis
3073 2099 3404 2154 adventum
3435 2139 3452 2162 ,
3496 2107 3556 2153 ct
3581 2098 3804 2151 universam

2286 2198 2500 2254 obviam
2526 2197 2688 2272 τοι
2713 2211 2916 2267 sponso
2943 2203 3147 2254 exeant
3201 2194 3551 2250 excitantis.
3604 2191 3796 2258 Lamiam

2286 2291 2610 2360 aSsumptio,
2634 2291 2936 2344 animarum
2955 2297 3040 2344 est
3071 2287 3306 2346 reditus
3331 2287 3391 2342 in
3425 2298 3791 2355 cmprimere-

2286 2398 2392 2452 que
2419 2384 2506 2439 lux
2534 2423 2550 2447 ,
2582 2381 2915 2442 conscientia
2955 2380 3085 2436 boni
3115 2381 3326 2450 operis
3349 2380 3617 2443 elucens,
3651 2394 3772 2448 quis

2287 2479 2424 2535 culis
2449 2493 2741 2548 corporum
2766 2477 3100 2534 continetur.

2359 2569 2414 2626 5.
2460 2567 2526 2623 In
2551 2570 2768 2629 adventu
2791 2567 2984 2626 Christi
3013 2567 3289 2624 neminem
3320 2565 3592 2638 juubunt
3613 2565 3776 2618 αᾶτιει-

2285 2666 2406 2722 rita.
2455 2664 2578 2719 Jum
2617 2665 2927 2736 pertimuit:
2955 2662 3172 2717 nullum
3215 2672 3469 2730 tempus.
3512 2690 3578 2702 —
3617 2659 3786 2715 Prien:

2287 2759 2522 2828 virgines
2571 2758 2653 2813 han
2690 2768 2849 2820 sunt,
2896 2773 3017 2827 qua!
3063 2765 3473 2826 opportunum
3516 2755 3563 2809 in

2290 2851 2548 2921 operandi
2596 2860 2806 2920 tempus
2831 2849 3098 2918 amplexa:
3120 2890 3135 2912 ,
3175 2847 3236 2904 in
3275 2848 3524 2918 primum
3549 2863 3598 2903 se
3615 2860 3788 2900 caser

2285 2944 2550 2998 adventus
2578 2943 2834 2998 dominici
2863 2944 3334 3012 praeparaverunt.
3371 2941 3696 3004 Faunum,
3715 2953 3786 3002 «ini

2285 3034 2566 3092 dissolutis
2602 3051 2666 3090 ac
2693 3035 3024 3106 negligentes
3047 3074 3064 3100 ,
3115 3035 3490 3103 pra-sentin.
3507 3043 3652 3088 una.
3670 3025 3775 3082 and.

2284 3132 2581 3188 citudinem
2635 3132 2952 3197 habuerint;
2999 3141 3056 3190 et
3104 3132 3479 3194 immemor,

2206 3224 2252 3287 Β
2288 3223 2403 3288 Dei,
2441 3225 2492 3278 in
2528 3223 2732 3282 nullam
2774 3239 2836 3280 se
2867 3238 3024 3294 spem
3062 3227 3508 3282 resurrectionis
3539 3221 3788 3278 exenterat

2281 3319 2346 3374 Et
2375 3320 2498 3389 quia
2530 3320 2746 3388 prodire
2795 3319 3008 3388 obviam
3043 3319 3216 3375 fatuae
3248 3321 3544 3380 exstinctis
3567 3315 3788 3385 ὶιιμῶδ

2281 3427 2389 3466 non
2423 3411 2684 3480 possunt?
2711 3411 3070 3483 deprecantur
3095 3428 3196 3468 eas
3232 3430 3367 3483 quae
3403 3413 3785 3484 prodeantnisi.

2280 3515 2336 3560 ut
2365 3505 2542 3560 oleum
2569 3495 2888 3562 mutuemur:
2917 3504 2936 3576 (
2965 3503 3000 3574 ᾗ
3046 3504 3146 3577 8).
3199 3507 3427 3572 Quibus
3471 3503 3774 3575 respondisti:l

2284 3613 2398 3654 non
2422 3613 2580 3668 posse
2607 3614 2665 3653 se
2694 3598 2824 3654 dare
2849 3641 2863 3661 ,
2897 3599 3022 3668 quia
3056 3615 3165 3653 non
3198 3601 3274 3656 sit
3306 3600 3455 3656 forte
3487 3600 3618 3669 quod
3643 3597 3790 3652 omne

2279 3692 2412 3747 satis
2435 3692 2504 3747 sit
2526 3693 2543 3760 (
2566 3692 2596 3761 ᾗ
2648 3688 2734 3762 9)ὲ
2762 3692 2955 3748 alienis
2975 3693 3187 3748 scilicet
3209 3694 3481 3763 operibus
3507 3708 3572 3749 ac
3592 3691 3787 3754 ina-iiiis:

2279 3784 2556 3844 nemiuem
2585 3783 2986 3853 adjuvandutn,
3034 3785 3161 3855 quia
3192 3785 3503 3856 unicuique
3528 3782 3786 3852 lampadis:
3848 3817 3849 3852 ξ

2267 3938 2414 3978 consi
2435 3922 2678 3977 ientiam.
2711 3922 2842 3977 Nam
2874 3939 3028 3978 ueneo
3051 3925 3228 3978 active
3251 3925 3371 3990 jam
3395 3923 3629 3977 vidimus
3645 3919 3778 3990 Capi

2270 4012 2326 4048 η.
2362 3998 2425 4060 ὥς
2460 4003 2588 4050 etc.
2622 3995 2704 4058 10,
2736 4012 2790 4049 η.
2830 3995 2916 4050 18.
2945 3995 3017 4049 Ita
3050 3997 3328 4064 quoddam
3385 3998 3444 4050 fit
3501 3993 3791 4049 commutat

2269 4029 2393 4122 ἓιὶηῖ
2413 4029 2516 4121 ’ἀξῖ
2539 4029 2704 4122 ἷίίγὲζ
2718 4029 3455 4138 ιίὲξὲιῖἔείἕι“,“ἓῖἒ“ὶέἓίἱὶ›εἴὲ
3482 4029 3790 4136 Jcl'iiiii'w
3847 4029 3849 4136 φ

2272 4137 2400 4194 boni
2431 4138 2840 4194 conscientiam.
3322 4137 3325 4138 ⁷
3848 4139 3849 4144 “

2346 4207 2418 4280 (ε)
2451 4208 2805 4280 Hunclocunt
2853 4208 2942 4278 qui
2974 4208 3385 4265 inconsiderate
3431 4209 3645 4278 legent,
3690 4211 3790 4280 6th.:-

2276 4277 2496 4334 mab'nnt
2527 4279 2747 4334 forsitan
2784 4277 2967 4336 favere
2992 4279 3349 4336 heterodovis
3405 4277 3702 4337 sanctorum
3735 4277 3783 4327 et!

2267 4352 2436 4417 fragia
2467 4367 2516 4406 et
2542 4350 2981 4407 intercessionem
3037 4353 3488 4408 exsitftlantibus.
3524 4353 3656 4408 Eunt
3697 4363 3794 4408 η-ἓὲ

2265 4423 2548 4480 catholicis
2577 4423 2765 4488 objicit
2797 4425 2993 4478 Bodius
3047 4422 3101 4478 in
3155 4424 3538 4480 Collectaneis
3590 4425 3706 4482 suis.
3741 4420 3794 4473 S.

2263 4495 2390 4564 quid
2416 4493 2538 4548 illos
2563 4497 2742 4561 juvet,
2771 4512 2878 4548 non
2909 4495 3089 4548 vident
3116 4495 3440 4563 prudentes.
3481 4496 3600 4550 Non
3632 4495 3782 4548 etii-rat:

2262 4581 2445 4621 sermo
2496 4573 2580 4620 est
2638 4577 2815 4620 utrum
2899 4569 3066 4620 sancti
3122 4568 3279 4620 nobis
3346 4569 3720 4636 prospiciam.
3753 4573 3794 4611 νε

552 4652 660 4690 non
691 4637 848 4688 etiam
874 4651 1117 4704 sponsic,
1147 4635 1356 4690 obviam
1382 4635 1585 4708 prodiri
1606 4677 1620 4698 ,
1656 4637 1780 4702 quia
1839 4636 1892 4689 in
1932 4635 2152 4691 Christo
2182 4645 2236 4708 ῃ
2266 4649 2446 4691 utrum
2479 4638 2662 4693 Siucti
2688 4639 2896 4704 possint
2924 4638 2995 4691 ita
3029 4639 3222 4692 merita
3250 4635 3353 4692 sua
3385 4642 3622 4707 partiri.
3668 4649 3718 4694 ut
3753 4653 3794 4686 2--

550 4722 710 4770 caro,
739 4723 858 4776 quae
886 4722 1080 4772 sponsa
1111 4717 1233 4770 est,
1267 4717 1388 4777 post
1417 4706 1864 4775 gliiriticatiunem
1913 4708 1984 4762 ita
2018 4723 2142 4762 cum

552 4778 754 4849 Spiritu
777 4794 840 4832 ac
865 4777 1064 4831 deitate
1093 4777 1240 4832 unita
1271 4789 1353 4836 est
1377 4821 1392 4844 ,
1426 4789 1480 4832 ut
1533 4778 1673 4831 illitis
1711 4777 1985 4849 distinctio
2031 4783 2141 4844 iam

554 4848 658 4904 non
681 4855 956 4920 appareat.
991 4849 1099 4902 Hoc
1127 4860 1304 4903 tamen
1327 4849 1470 4903 Salva
1490 4850 1666 4903 carnis
1692 4852 1917 4903 veritate
1937 4848 2140 4904 dictum

549 4938 700 4988 esse,
725 4937 831 4975 non
849 4921 1016 4974 semel
1043 4920 1472 4974 demonstratum
1536 4937 1549 4972 :
1599 4930 1654 4976 et
1684 4921 2029 4974 manifestum
2059 4933 2145 4975 est

547 4997 630 5047 vel
659 5010 725 5048 ex
750 4996 850 5050 hoc
881 5000 1036 5046 tract.
1071 4994 1202 5060 p~al.
1231 5007 1361 5062 μιν,
1393 5009 1450 5046 n.
1485 4991 1553 5050 l2
1584 5009 1598 5047 :
1634 4991 1699 5046 lit
1727 5003 1973 5048 retentam
2028 4994 2143 5062 glo-

546 5065 677 5118 riam
699 5068 812 5137 ejus
835 5075 1108 5134 assumpta:
1131 5079 1194 5117 ex
1222 5061 1431 5137 Virgine
1455 5063 1624 5137 carnis
1674 5073 1859 5117 natura
1889 5061 2141 5137 transfgr-
2177 5131 2182 5135 _

547 5147 648 5191 tur.
677 5134 856 5206 Neque
883 5138 1187 5205 ambiguum
1231 5135 1370 5204 qnod
1396 5137 1445 5188 in
1477 5135 1586 5205 psal
1627 5151 1894 5202 cxxxvttt,
1945 5153 2001 5206 υ.
2044 5134 2138 5204 27,

546 5207 619 5261 ait
648 5205 917 5262 ChriStum
949 5207 1002 5260 in
1031 5206 1210 5261 eodem
1237 5220 1450 5273 corpore
1510 5216 1629 5276 post
1683 5205 2136 5263 resurrectionem

546 5281 781 5346 CtttlSplCI
813 5279 865 5333 in
895 5295 1001 5348 quo
1031 5289 1276 5332 mortuus
1299 5287 1410 5330 erat
1439 5294 1451 5329 :
1477 5288 1531 5331 et
1557 5289 1677 5346 post
1706 5293 1870 5344 pauca
1924 5294 1936 5330 :
1981 5278 2035 5330 in
2081 5293 2139 5332 eo

541 5366 643 5418 quo
669 5354 891 5406 elevatus
914 5347 991 5405 est
1015 5365 1227 5422 corpore
1255 5365 1287 5404 α
1312 5347 1505 5406 dextris
1532 5348 1624 5404 Dei
1643 5350 1836 5408 sedere.
1869 5348 1929 5404 V.
1975 5357 2136 5404 tract.

545 5437 628 5492 ps.
659 5437 818 5476 cxxxt
843 5464 857 5486 ,
884 5437 939 5476 n.
976 5421 1063 5487 16,
1095 5421 1207 5492 not.

615 5495 692 5566 (d)
720 5493 872 5566 Bad,
910 5495 999 5548 Er.
1024 5504 1076 5548 et
1099 5491 1248 5566 Lips.
1275 5500 1494 5566 ementes
1525 5506 1544 5546 :
1577 5491 1937 5566 renitentibus
1963 5493 2142 5566 omni-

543 5562 643 5620 bus
673 5562 804 5618 tms.
832 5565 942 5620 Hoc
973 5562 1177 5617 tamen
1211 5564 1262 5617 in
1325 5562 1495 5631 prima
1538 5563 1773 5620 editione
1820 5565 1941 5620 Par.
1995 5563 2135 5620 bene

541 5649 841 5708 mutatum,
917 5649 1201 5708 perperam
1255 5636 1564 5708 restitutum
1614 5643 1696 5690 est.
1739 5636 1789 5690 in
1835 5643 2130 5708 90-Stretna.

541 5705 852 5780 Yendentes
909 5704 1063 5780 i’ocat
1123 5705 1696 5780 llilariuspauperes,
1753 5704 1846 5778 qui
1891 5704 2133 5780 fidelium

541 5777 883 5856 eleemosyna
911 5777 1184 5856 indigent,
1218 5786 1272 5836 et
1294 5777 1514 5856 qui'pro
1552 5779 1726 5856 stipe,
1754 5777 1857 5847 qua
1887 5779 2131 5856 ipsorum

542 5847 836 5918 indigentia
866 5850 1136 5919 expletur,
1168 5847 1526 5906 vendunt'seu
1545 5847 1780 5906 reddunt
1801 5847 1983 5920 operis
2006 5849 2133 5905 boni

2266 4710 2498 4778 propriis
2522 4709 2732 4764 utet-itis
2757 4711 3000 4766 destituti
3030 4726 3096 4764 ex
3121 4711 3221 4763 hac
3251 4711 3359 4763 vita
3393 4712 3719 4780 migrantes.

2253 4781 2480 4834 rit‘irum
2506 4780 2806 4852 alienorum
2848 4781 3088 4835 subsidio
3146 4781 3366 4852 valeant
3411 4797 3543 4852 cuin
3571 4794 3748 4852 sponso

2250 4861 2510 4926 teternam
2559 4850 2789 4926 gloriam
2839 4852 3142 4926 ingressum
3175 4851 3457 4926 obtinere.
3517 4850 3654 4920 Quis
3694 4861 3808 4924 ante:

2247 4920 2741 4991 catltoticus'neget
2774 4920 3127 4978 lia-emerita
3171 4925 3476 4993 unicuique
3527 4927 3603 4978 ita

2250 5009 2376 5049 esse
2393 5036 2406 5055 ,
2433 5004 2490 5048 ut
2517 4995 2572 5048 in
2595 4997 2756 5048 alium
2786 4994 2997 5048 rel'uttdi
3024 4995 3339 5063 nequeant?
3371 4996 3476 5050 hac
3509 4999 3720 5050 ratione
3745 5011 3818 5044 Cdi-
3846 5025 3847 5028 η

2250 5066 2449 5134 cuique
2471 5066 2650 5118 oleum
2674 5065 2901 5133 lampadi
2931 5082 3037 5119 Sll‘l'
3067 5079 3251 5119 emere
3281 5081 3522 5121 necesse
3544 5076 3633 5122 est
3661 5085 3675 5120 :
3706 5063 3819 5120 emi

2255 5137 2446 5202 deest,
2481 5151 2590 5192 non
2626 5144 2802 5206 potest
2820 5136 2962 5190 ullus
2987 5136 3128 5190 alius
3155 5136 3437 5192 sufﬁcere.
3492 5138 3629 5192 Nam
3680 5150 3806 5192 secum

2249 5207 2380 5282 dum
2409 5223 2470 5263 ea
2491 5250 2504 5273 ,
2532 5223 2649 5282 qum
2677 5207 2902 5276 quisque
2945 5206 3112 5282 gessit
3133 5249 3148 5273 ,
3183 5210 3448 5282 autsalus
3477 5211 3740 5282 obtinget,
3761 5214 3818 5258 ad

2249 5279 2546 5333 damnatio.
2580 5278 2774 5334 Verum
2794 5281 3002 5334 etiamsi
3029 5288 3231 5333 sanctis
3251 5296 3356 5333 non
3381 5281 3546 5336 detur
3572 5278 3820 5338 utine-rit?

2251 5365 2370 5404 rum
2402 5351 2588 5419 inopes
2612 5366 2677 5413 ex
2707 5350 2818 5405 suis
2848 5350 3039 5412 ditent;
3063 5349 3222 5404 datur
3245 5361 3428 5408 tamen
3467 5362 3526 5407 ut
3558 5365 3816 5419 ttOsqttsst-

2251 5420 2348 5494 (lin
2377 5423 2462 5478 hic
2495 5422 2720 5475 vivimus
2752 5421 3038 5489 adjuvcnt,
3070 5421 3214 5494 unde
3240 5431 3389 5477 recte
3417 5424 3648 5494 operari
3677 5437 3724 5477 et
3748 5435 3820 5494 nfe-

2255 5492 2358 5546 rita
2411 5508 2724 5561 comparare
2779 5494 3071 5545 valeamus.
3127 5491 3239 5546 lino
3272 5491 3574 5550 etiam'hic
3633 5493 3821 5548 ΙΙίιεπὲξέ

2249 5568 2472 5620 nomine
2509 5566 2773 5634 virginum
2806 5563 3126 5632 prudentum
3153 5606 3166 5626 ,
3201 5580 3321 5632 qum
3353 5564 3535 5621 fatuas
3559 5567 3708 5621 bene
3732 5579 3821 5617 (εει

2242 5636 2470 5689 sulendo
2494 5646 2547 5688 et
2571 5637 2636 5688 ad
2662 5637 3030 5704 pwtiitentiant
3051 5635 3322 5689 hortando
3345 5637 3816 5706 adiuv-aithaocma‘

2241 5707 2668 5764 demonstratde
2700 5718 2879 5768 nostra
2909 5707 3086 5769 salute
3109 5706 3401 5762 sollicitos.
3451 5709 3722 5764 Disertius
3750 5710 3816 5758 lli"?

2243 5778 2420 5846 ipsum
2451 5777 2610 5834 docet
2636 5779 2686 5832 in
2720 5776 2853 5847 psal.
2883 5791 3068 5844 cxluv,
3100 5793 3155 5831 n.
3186 5775 3245 5843 5,
3278 5779 3369 5833 ubi
3397 5780 3477 5834 ait
3504 5797 3519 5834 :
3544 5780 3660 5836 Sed
3703 5792 3818 5834 uin!

2241 5847 2426 5904 desunt
2450 5861 2584 5906 stare
2607 5848 2879 5906 volentibus
2897 5847 3212 5903 Sanctorum
3243 5850 3532 5921 custodiet,
3565 5868 3731 5922 neque
3755 5855 3816 5898 ιε-
