3882 6332
609 260 755 318 1065

1817 259 2064 318 SANCTI
2105 256 2362 316 HILARII
2394 260 2696 321 EPISCOPI
3757 272 3831 330 ltiti.

606 379 762 434 homo
791 381 952 436 durus
980 397 1050 447 es,
1084 380 1227 436 metis
1254 379 1341 435 ubi
1368 396 1469 436 non
1501 381 1789 446 seminasti,
1822 391 1868 436 et
1897 382 2096 453 colligis
2126 381 2207 434 ιιὺί
2236 378 2289 441 Α
2315 381 2553 438 lidelium
2594 385 2914 455 corporibus
2955 385 3342 457 mentibusque
3384 384 3775 450 transfunditur,
3809 411 3830 444 i;

606 489 709 527 non
741 475 978 546 sparsisti
1002 474 1022 546 (
1042 475 1074 544 ᾖ
1096 474 1210 545 24).
1242 473 1444 530 Rerum
1484 477 1832 546 praesentium
1872 489 2060 532 natura
2094 492 2199 530 not

605 565 709 621 fert
739 582 970 622 messem
999 582 1122 622 esse
1151 567 1271 622 siue
1299 568 1528 633 semine,
1568 576 1624 622 et
1651 569 1833 640 colligi
1863 587 1983 641 qua:
2013 586 2202 641 sparsa

604 673 712 714 non
738 657 972 713 fuerint:
1009 658 1104 714 sed
1136 669 1277 714 totus
1303 658 1572 730 spiritalis
1600 659 1684 715 hic
1717 675 1898 716 sermo
1925 672 2024 717 est.
2063 662 2203 716 Dixi.

603 765 726 804 mus
761 750 906 804 enim
948 750 1089 804 hunc
1118 750 1371 820 populum
1400 765 1522 806 esse
1549 749 1615 806 de
1647 751 1783 822 lege,
1817 769 1921 807 non
1953 753 2204 823 ignoran-

603 851 708 898 tem
745 842 956 898 Domini
987 843 1279 899 adventum
1301 855 1356 900 et
1383 846 1624 917 gentium
1649 848 1914 912 salutem;
1947 848 2040 903 sed
2075 849 2200 903 inli-

601 935 776 992 delem
822 954 835 991 :
887 939 1086 1009 quippe
1130 953 1252 993 cum
1302 939 1439 994 sciat
1489 941 1773 996 mctcndos
1826 943 1934 998 illic
1975 943 2201 1013 justitiac

600 1029 830 1098 fructus,
865 1029 953 1084 ubi
984 1030 1068 1086 lex
1098 1041 1214 1086 sata
1248 1049 1357 1087 non
1389 1033 1480 1100 sit,
1519 1043 1573 1090 et
1615 1031 1948 1105 colligendos
1975 1052 2039 1090 ex
2065 1052 2199 1105 gcn~

599 1123 766 1191 tibus,
790 1125 880 1194 qui
904 1141 1011 1180 non
1039 1141 1106 1182 ex
1133 1126 1368 1183 Abrahae
1398 1128 1508 1182 sint
1530 1130 1697 1200 stirpe
1727 1129 1960 1199 dispersi
1991 1147 2004 1182 :
2030 1140 2081 1184 ct
2115 1129 2198 1184 id-

596 1216 744 1273 circo
765 1217 931 1274 durus
960 1217 1047 1274 hic
1076 1218 1238 1274 homo
1267 1219 1368 1285 sit,
1395 1221 1601 1276 scilicet
1631 1222 1749 1276 sine
1781 1222 1898 1292 lege
1920 1221 2184 1291 justiﬁca—

597 1319 771 1379 turus,
813 1312 931 1369 sine
974 1313 1309 1385 dispersione
1338 1316 1689 1383 collecturus,
1735 1326 1790 1372 et
1835 1317 1953 1392 sine
1987 1316 2198 1372 satione

597 1421 898 1463 messurus.

670 1498 758 1553 11.
808 1499 1015 1567 Quanta
1052 1500 1224 1573 culpa.
1273 1501 1401 1568 Qua:
1448 1503 1606 1574 hujus
1646 1504 1813 1574 culpa:
1853 1503 2097 1557 vindicta.
2131 1533 2199 1542 —

597 1593 773 1664 Atque
802 1593 924 1649 ideo
966 1593 1070 1650 hoc
1109 1595 1279 1665 magis
1309 1597 1428 1650 sine
1450 1596 1608 1650 venia
1651 1597 1776 1661 erit,
1808 1613 1904 1653 cur
1936 1596 2197 1666 praedica-

598 1684 796 1740 tionem
826 1685 1150 1753 occuluerit,
1175 1695 1231 1742 et
1265 1686 1613 1742 commissum
1643 1688 1747 1744 sibi
1793 1689 2053 1744 talentum
2085 1689 2198 1745 suf-

2308 473 2423 528 lucc
2470 475 2542 546 (b)
2574 476 2920 532 humanitatis
2949 476 3154 545 ol'ﬁcia,
3200 486 3296 532 aut
3336 477 3568 548 gratiam
3617 493 3747 531 suam

2308 583 2473 638 pensa
2501 579 2830 635 mereantur,
2861 581 2952 624 aut
2983 569 3251 625 oﬂensam
3281 579 3480 640 negata
3512 584 3828 626 commoveas.

2378 659 2432 712 2.
2461 659 2590 714 Post
2618 678 2776 732 quem
2816 679 3155 729 sermonem,
3183 678 3295 734 quo
3331 677 3393 718 se
3426 673 3700 718 venturum
3723 667 3760 718 in
3781 683 3828 719 is»

2307 751 2418 806 ditu
2469 753 2729 809 claritatis
2777 755 3113 822 ostenderat,
3162 771 3312 810 nunc
3357 771 3642 825 passurum

2305 846 2561 903 admonet
2598 848 2812 919 (Matth.
2851 866 3007 915 xxvr,
3057 849 3112 920 t)
3142 868 3155 903 :
3191 860 3252 906 ut
3292 863 3688 905 sacramentum

2305 939 2600 996 admixtum
2639 959 2758 998 esse
2789 943 2975 1014 gloria:
3015 944 3349 999 aeternitatis
3393 947 3826 1014 agnoscerent.

2306 1032 2468 1087 mitur
2499 1035 2637 1088 inter
2667 1035 2780 1090 hmc
2810 1036 3113 1106 perimendi
3138 1036 3258 1106 ejus
3287 1052 3319 1091 a
3348 1034 3559 1091 Judmis
3583 1037 3824 1092 consitus;

2304 1136 2359 1180 et
2387 1128 2725 1198 congregatis
2752 1129 3088 1200 principibus
3115 1131 3501 1196 sacerdotum,
3537 1135 3730 1186 occasio
3752 1145 3823 1186 ne;

2303 1215 2561 1274 facinoris
2582 1230 2921 1291 exspectatur
2955 1221 3029 1292 (Ῡ
3054 1220 3134 1294 4).

2869 1361 3101 1420 CAPUT
3141 1363 3347 1419 XXIX.

2303 1475 2383 1532 De
2402 1477 2633 1544 muliere,
2655 1494 2768 1549 quae
2787 1480 3001 1533 accessit
3031 1478 3101 1532 ad
3135 1479 3332 1532 Jesum
3367 1480 3429 1532 in
3463 1481 3658 1534 donum
3676 1482 3816 1537 Sim;

2445 1570 2636 1640 leprosi
2675 1569 2865 1626 habens
2901 1571 3224 1625 alabastrum
3259 1574 3525 1643 unguenti
3555 1577 3737 1643 pretiosi.

2375 1684 2428 1739 1.
2463 1683 2593 1738 Cum
2615 1695 2786 1739 autem
2821 1696 2949 1740 esset
2985 1684 3141 1741 Iesus
3171 1687 3227 1740 in
3260 1685 3531 1741 Bethania
3569 1689 3617 1741 in
3639 1692 3744 1742 deme

595 1778 786 1836 foderit
810 1821 826 1848 ,
869 1794 990 1836 cum
1023 1783 1162 1836 scire
1195 1795 1497 1836 messorum
1541 1797 1662 1837 esse
1705 1783 1824 1838 sine
1863 1784 2111 1849 semine,
2142 1792 2191 1839 et
2225 1779 2274 1840 B
2301 1779 2466 1832 monis
2509 1779 2723 1850 terrosi.
2762 1781 2976 1833 ιιεοεεδίι
3005 1780 3075 1832 ad
3115 1797 3236 1834 cum
3269 1781 3473 1834 "mlier
3512 1781 3679 1836 haben

595 1871 951 1928 collecturum
987 1887 1113 1928 esse
1160 1889 1282 1943 quae
1329 1890 1436 1928 non
1478 1874 1770 1944 sparsisset
1817 1892 1828 1926 :
1880 1875 1975 1930 sed
2017 1875 2194 1942 potius

594 1966 902 2037 oportuisse
932 1981 1056 2020 eum
1089 1965 1470 2021 nummulariis
1508 1965 1663 2031 dare,
1708 1965 1759 2021 id
1801 1977 1907 2033 est,
1942 1968 2196 2024 universo

596 2057 782 2127 generi
834 2055 1140 2123 hominum,
1183 2056 1325 2125 quod
1374 2057 1558 2112 saeculi
1605 2058 1837 2128 negotiis
1879 2071 2193 2130 occupetur,

597 2164 753 2204 usum
781 2149 974 2204 crediti
1016 2148 1119 2204 sibi
1167 2149 1353 2205 talenti
1393 2150 1819 2217 communicare,
1852 2149 2080 2206 Domino
2109 2167 2195 2208 re-

597 2240 743 2296 ditus
774 2241 892 2311 ejus
928 2257 958 2296 a
991 2241 1218 2312 singulis
1252 2242 1618 2312 postulaturo.
1652 2241 1734 2298 0b
1770 2259 1930 2314 quam
1975 2244 2192 2314 culpam

597 2332 861 2388 talentum
893 2333 962 2388 ab
991 2348 1059 2389 eo
1082 2348 1190 2389 non
1219 2343 1324 2388 tam
1355 2333 1671 2405 Evangelii,
1705 2335 1847 2406 quod
1875 2334 2192 2404 suﬁ‘oderat,

594 2443 754 2498 quam
789 2427 921 2499 legis
952 2427 1220 2494 aufertur,
1255 2431 1414 2500 eique
1442 2430 1533 2500 qui
1562 2430 1802 2501 quinque
1829 2430 2194 2501 duplicaverit

593 2519 774 2587 datur,
803 2519 1038 2577 Domino
1077 2521 1296 2577 dicente
1327 2538 1341 2576 :
1374 2522 1528 2576 Omni
1559 2524 1694 2577 enim
1726 2524 1931 2578 habenti
1959 2525 2191 2594 dabitur,

595 2622 643 2668 et
673 2613 953 2668 abundabit
987 2631 1006 2668 :
1033 2613 1122 2686 qui
1147 2624 1317 2669 autent
1346 2631 1450 2669 non
1478 2615 1663 2681 habet,
1697 2616 1849 2670 etiam
1879 2617 2018 2685 quod
2047 2617 2197 2672 habet

591 2709 854 2778 auferetur
874 2706 936 2760 ab
965 2723 1024 2760 eo
1053 2706 1124 2778 (ᾗ
1147 2705 1263 2778 29).
1300 2707 1485 2764 Potest
1513 2707 1735 2779 quidem
1767 2709 1976 2764 habens
2013 2710 2190 2765 abun-

591 2797 760 2866 dare;
803 2799 928 2870 quia
960 2799 1114 2855 facile
1144 2808 1249 2866 est,
1286 2814 1383 2869 per
1412 2800 1811 2855 incrementum
1841 2801 1925 2857 vel
1969 2801 2191 2856 muniﬁ-

592 2897 785 2952 centia:
817 2896 895 2951 vel
939 2896 1171 2964 laboris,
1205 2897 1524 2967 opulentum
1566 2914 1727 2969 posse
1756 2899 2068 2956 ditescere:
2095 2901 2193 2958 sed

595 3006 702 3060 quo
741 2990 904 3046 modo
947 3006 1052 3046 non
1106 2991 1311 3046 habens
1354 2991 1575 3047 habebit
1621 2993 1690 3046 ad
1739 2992 2038 3048 damnum?
2079 2994 2194 3051 Hoc

593 3081 748 3148 ideo,
799 3083 921 3152 quia
974 3082 1296 3139 habentibus
1341 3100 1498 3140 usum
1544 3085 1978 3155 evangeliorum,
2027 3087 2189 3142 etiam

593 3175 731 3247 legis
786 3175 962 3232 honor
1011 3175 1257 3233 redditur
1310 3193 1324 3231 :

591 3270 815 3339 Christi,
857 3271 1024 3329 etiam
1067 3271 1210 3342 quod
1256 3287 1322 3328 ex
1371 3271 1492 3343 lege
1530 3270 1735 3328 habere
1773 3271 1875 3328 sibi
1908 3272 2195 3329 videbatur

594 3363 841 3431 honoris,
867 3361 1130 3420 aufertur.

1123 3500 1366 3576 ,CAPUT
1403 3501 1646 3559 xxvut.

647 3627 726 3678 De
744 3625 965 3677 adventu
993 3621 1090 3691 ﬁlii
1120 3621 1343 3675 hominis
1370 3622 1614 3676 uenientis
1636 3623 1690 3676 in
1723 3623 1987 3692 majestate
2011 3640 2126 3678 sua.

667 3736 718 3788 1.
752 3734 1014 3789 Malorum
1043 3745 1090 3788 et
1119 3733 1366 3788 bonorum
1393 3733 1634 3788 discretio
1664 3733 1717 3788 in
1735 3735 2036 3807 judicio.—-—
2063 3734 2189 3792 Cum

591 3823 978 3881 autempenerit
1009 3826 1152 3894 ﬁlius
1178 3825 1401 3880 hominis
1426 3826 1480 3878 in
1510 3827 1781 3898 majestate
1801 3843 1916 3894 sua,
1944 3838 1990 3895 et
2017 3845 2191 3884 omnes

587 3919 896 3992 angelicum
926 3935 1017 3984 eo,
1049 3927 1105 3974 et
1143 3918 1349 3988 reliqua
1383 3915 1599 3991 (Matth.
1638 3933 1772 3983 xxv,
1804 3919 1919 3988 51).
1954 3918 2187 3976 Omnem

589 4014 707 4086 ipse
755 4014 1024 4071 sermonis
1064 4013 1224 4084 hujus
1271 4013 1537 4069 rationem
1583 4013 1840 4068 absolvit.
1885 4014 1962 4070 De
1999 4015 2189 4086 judicii

587 4109 734 4165 enim
765 4119 1011 4177 tempore
1040 4107 1384 4178 adventuque
1411 4114 1826 4172 commemorat,
1860 4121 1966 4177 quo
2003 4107 2190 4164 ﬁdeles

587 4202 656 4258 ab
684 4200 991 4256 inﬁdelibus
1023 4198 1324 4271 separabit,
1355 4209 1518 4269 atque
1557 4198 1625 4252 ab
1666 4197 2018 4254 infructuosis
2047 4198 2191 4256 fruc-

589 4305 741 4351 tuosa
768 4294 1063 4359 discernet,
1094 4292 1282 4350 haedos
1308 4292 1562 4348 videlicet
1589 4291 1658 4346 ab
1683 4291 1865 4362 agnis,
1893 4300 1947 4346 et
1979 4291 2030 4345 iu
2060 4291 2189 4348 dex-

590 4400 703 4446 tera
745 4404 808 4444 ac
835 4389 1054 4444 sinistra
1092 4388 1369 4444 collocans
1397 4400 1872 4456 unumquemque,
1904 4383 2067 4455 digna
2095 4393 2190 4441 aut

589 4483 849 4540 bonitatis
888 4491 978 4538 aut
1016 4482 1237 4538 malitia:
1264 4495 1378 4536 suae
1415 4479 1545 4535 sede
1572 4477 1868 4533 constituet
1896 4491 1910 4527 :
1943 4476 2022 4545 (a)
2047 4477 2189 4534 indi-

2297 1884 2433 1929 trum
2467 1876 2712 1944 unguenti
2744 1875 2975 1944 pretiosi,
3017 1885 3074 1930 et
3113 1875 3337 1947 reliqua
3371 1874 3599 1948 (Matth.
3623 1879 3799 1938 umis

2299 1967 2377 2037 7).
2403 1967 2515 2023 Sub
2546 1967 2664 2037 ipso
2695 1976 2936 2038 tempore
2965 1968 3242 2038 passionis
3284 1983 3402 2022 non
3445 1985 3517 2023 ex
3547 1969 3794 2032 nihiiostn

2298 2059 2492 2114 mulier
2543 2069 2877 2129 unguentum
2926 2060 3230 2130 pretiosum
3283 2063 3655 2116 recumbentis
3689 2066 3793 2117 [ss-:1

2297 2151 2462 2221 capiti
2496 2150 2749 2207 infuderit
2777 2169 2789 2205 :
2815 2152 3011 2208 dehinc
3051 2161 3110 2208 ut
3135 2153 3410 2223 discipuli
3462 2154 3754 2217 irascente,

2296 2241 2541 2298 dicerent
2585 2244 2741 2299 vendi
2775 2244 2916 2300 istud
2956 2246 3138 2316 potius
3188 2246 3244 2300 in
3289 2261 3461 2301 usum
3507 2252 3782 2317 paupertas

2299 2337 2480 2393 buisse
2507 2338 2635 2408 (i8
2659 2349 2704 2393 et
2729 2338 2786 2412 9)
2814 2359 2826 2394 :
2855 2350 2963 2394 tum
2989 2350 3046 2394 ut
3071 2341 3348 2396 Dominus
3380 2353 3439 2396 et
3462 2344 3762 2398 mulierislza.

2295 2430 2702 2501 comprobaret,
2745 2443 2800 2487 et
2838 2442 3100 2487 aeternam
3134 2449 3264 2488 cum
3312 2434 3681 2504 praedicatione
3701 2438 3746 2490 ἕξ

2297 2523 2421 2594 gelii
2463 2525 2645 2594 Operis
2689 2524 2849 2595 hujus
2890 2540 3014 2581 esse
3045 2526 3388 2581 memoriam
3431 2530 3769 2600 spondentr

2297 2626 2471 2672 tremo
2511 2627 2568 2672 ut
2599 2627 2720 2688 post
2759 2618 2811 2672 id
2847 2617 3013 2674 Judas
3043 2618 3112 2674 ad
3146 2620 3515 2676 vendendam
3541 2625 3778 2689 salutent...-

2296 2720 2626 2782 erumperet.

2365 2806 2420 2860 ‘2.
2456 2804 2647 2859 Mulier
2685 2821 2877 2876 ungens
2933 2802 3198 2860 Christum
3235 2849 3251 2872 ,
3303 2807 3456 2878 plebs
3483 2810 3670 2879 gentis;
3686 2805 3784 2858 ne.

2295 2901 2540 2970 pulorum
2562 2916 2653 2970 pro
2671 2898 2838 2953 Israel
2860 2898 3023 2968 favor.
3043 2897 3352 2971 Pauperes,
3387 2900 3422 2954 J
3430 2903 3550 2955 uda-1'
3563 2901 3656 2967 μέέά
3662 2899 3780 2966 nega

2295 3021 2366 3033 —
2396 2992 2586 3047 Mulier
2616 2991 2731 3046 inec
2760 2991 2812 3045 in
2854 2990 3310 3061 praeﬁguratione
3345 2994 3550 3064 gentium
3575 2997 3628 3060 (ri
3653 2991 3769 3054 pletis

2296 3096 2394 3153 est,
2433 3102 2552 3157 quae
2594 3087 2646 3140 in
2678 3085 2933 3156 passione
2971 3083 3180 3140 Christi
3229 3085 3566 3156 gloriantur:
3592 3081 3771 3137 reuisit.

1378 3193 1484 3232 non
1535 3177 1753 3233 babenti
1799 3187 1980 3234 autem
2031 3178 2192 3235 ﬁdem
2221 3172 2268 3237 C
2298 3178 2471 3251 Caput
2502 3179 2646 3234 enim
2675 3178 2792 3249 ejus
2820 3179 3073 3249 perunxit
3100 3196 3113 3231 :
3145 3190 3323 3250 caput
3348 3175 3782 3236 autemfhnsitiess

2297 3283 2398 3330 est.
2425 3273 2556 3328 Nam
2598 3270 2678 3344 (ά)
2712 3281 3040 3343 unguentum
3071 3270 3200 3326 boni
3235 3274 3435 3343 operis
3471 3283 3546 3328 est
3575 3271 3729 3325 fractus.
3749 3267 3783 3320 Et

2296 3375 2516 3437 propter
2541 3365 2786 3434 corporis
2813 3378 2996 3418 curam
3020 3363 3322 3418 mulierum
3356 3365 3513 3420 sexui
3535 3363 3707 3431 maxim
3718 3375 3783 3427 gn-

2296 3470 2407 3516 tum
2438 3469 2540 3514 est.
2573 3458 2736 3529 Igitur
2765 3471 2983 3511 omnem
3011 3471 3202 3510 curam
3229 3450 3499 3526 corporis
3526 3458 3618 3520 sui,
3638 3464 3782 3510 eum

2295 3553 2549 3624 pretiosae
2574 3550 2772 3606 mentis
2801 3548 3058 3604 aﬁ'ectum
3091 3549 3143 3603 in
3167 3548 3448 3606 honorem
3476 3551 3567 3605 Dei
3588 3549 3785 3613 tandem;

2295 3643 2604 3700 transfudit.
2638 3641 2743 3698 Sed
2779 3641 3030 3712 discipuli
3066 3642 3256 3698 favore
3300 3643 3555 3698 salvandi

2293 3751 2438 3807 saepe
2484 3749 2731 3799 numero,
2777 3744 3196 3789 commoventur
3244 3754 3258 3788 :
3304 3735 3471 3790 vendi
3522 3737 3615 3789 hoc
3646 3737 3782 3787 inissa
3838 3741 3839 3764 ξ

2295 3842 2592 3899 pauperum
2624 3826 2696 3895 (e)
2737 3824 3011 3880 debuisse.
3056 3825 3166 3881 Sed
3198 3841 3384 3896 neque
3428 3827 3616 3882 mulier
3648 3825 3785 3879 ll:th

2294 3923 2415 3977 nale
2443 3929 2773 3991 unguentum
2801 3919 3239 3975 circumferebat.
3268 3921 3334 3975 Et
3359 3937 3642 3993 pauperes,
3663 3919 3741 3974 ﬁds
3763 3935 3789 3968 ξ

2291 4015 2444 4085 digos
2487 4013 2748 4068 instinctu
2778 4012 3097 4083 prepltetico
3120 4013 3188 4085 (ι’)
3219 4026 3680 4085 nuncupaverunt.
3699 4016 3789 4079 Διςξεέ
3838 3999 3839 4082 l

2293 4109 2430 4163 hanc
2453 4107 2693 4179 gentium
2723 4107 2880 4162 ﬁdem
2909 4107 3012 4162 emi
3047 4107 3226 4176 potius
3258 4108 3324 4161 ad
3352 4109 3591 4164 salutem
3612 4109 3728 4180 egeni
3747 4110 3788 4156 te

2287 4201 2376 4271 jus
2406 4199 2588 4271 populi
2619 4199 2891 4256 debuisse.
2918 4198 3126 4266 Quibus
3171 4200 3440 4257 Dominus
3476 4203 3583 4269 ait,

2289 4311 2412 4352 esse
2437 4296 2714 4366 temporis,
2743 4310 2851 4365 quo
2875 4293 3079 4349 habere
3105 4309 3291 4349 curam
3321 4311 3625 4366 pauperum
3650 4311 3790 4366 Fossa...

2289 4396 2544 4444 czcterutn
2577 4386 2810 4442 nonnisi
2847 4401 2916 4440 ex
2949 4397 3221 4456 praecepto
3252 4401 3356 4442 suo
3385 4389 3616 4445 salutem
3650 4387 3791 4458 get}:

2293 4496 2452 4551 posse
2483 4479 2748 4551 praestari,
2779 4494 2902 4549 qua:
2929 4494 3110 4533 secum
3141 4478 3319 4534 infuso
3354 4483 3602 4537 mulieris
3626 4481 3793 4549 bnjsss'r

588 4591 720 4633 cans
738 4591 797 4632 se
818 4577 872 4631 in
903 4576 1142 4632 minimis
1162 4575 1296 4642 suis,
1322 4574 1376 4629 id
1406 4581 1510 4640 est,
1541 4571 1608 4627 iis
1637 4571 1729 4642 qui
1752 4570 1855 4626 sibi
1877 4570 2042 4643 798
2058 4585 2185 4628 cum
2207 4562 2262 4622 D
2287 4581 2488 4646 gueuto
2517 4573 2624 4628 sint
2651 4570 2983 4641 consepultus
3011 4570 3032 4642 (
3054 4571 3087 4641 ᾖ
3112 4571 3171 4625 tl
3209 4581 3262 4626 et
3289 4572 3382 4643 19.)
3419 4591 3432 4626 :
3465 4575 3590 4644 quia
3612 4585 3794 4643 regessi-

585 4667 904 4726 humilitatis
945 4683 1058 4725 suae
1097 4668 1504 4738 exspectatione
1551 4664 1904 4731 famulentur,
1936 4672 2012 4734 ,et
2056 4680 2182 4720 esu-

584 4763 852 4822 rientibus
873 4763 966 4830 ali,
991 4769 1047 4816 et
1075 4761 1379 4818 sitientibus
1404 4759 1601 4831 putari,
1625 4767 1679 4813 et
1708 4757 2181 4828 peregrinantibus

581 4857 882 4922 confoveri,
915 4866 968 4911 et
1013 4855 1168 4909 nudis
1214 4853 1448 4925 contegi,
1491 4861 1546 4908 et
1585 4851 1814 4906 inﬁrmis
1853 4852 2082 4920 visitari,
2125 4862 2182 4909 et

579 4951 828 5009 sollicitis
857 4948 1130 5008 consolari
1159 4949 1365 5022 (μθ).
1413 4949 1491 5005 Ita
1530 4948 1677 5005 enim
1709 4946 1762 5002 in
1802 4947 2180 5005 universorum

651 5138 733 5211 (a)
758 5138 926 5205 Editi,
961 5135 1259 5211 judicans:
1286 5135 1624 5204 corriguntur
1662 5149 1727 5211 ex
1773 5147 1905 5211 mss.
1941 5134 2167 5211 Deinde,

651 5158 733 5211 (a)
761 5158 926 5205 nam,
999 5158 1212 5190 uawans
1242 5158 1259 5187 .'
1286 5158 1624 5204 corriguntur
1662 5158 1727 5190 ex
1774 5158 1905 5188 ιιιδδ.
1941 5158 2167 5203 uetnue,

577 5215 665 5281 qui
684 5212 778 5266 sibi
806 5158 1250 5281 camillumilitatis
1278 5222 1394 5281 sua:
1433 5207 1806 5281 exspectatione
1833 5206 2168 5281 (statuuntur,

575 5276 631 5340 id
666 5291 770 5343 est.
795 5283 882 5349 qui
912 5279 1237 5334 famulentur
1278 5277 1389 5331 Deo
1419 5277 1666 5349 omnibus
1697 5276 2025 5349 humilitatis
2048 5277 2170 5332 olﬁ-

576 5356 696 5417 ciis,
726 5347 954 5423 quorum
997 5349 1408 5423 retributionem
1447 5347 1515 5402 ab
1543 5363 1609 5402 eo
1637 5354 1974 5423 exspectent.
2007 5348 2083 5423 ita
2113 5349 2167 5423 in

575 5425 719 5482 Psal.
745 5418 1008 5486 oxxxvm,
1038 5439 1092 5477 n.
1123 5422 1187 5476 51
1211 5465 1226 5488 ,
1262 5418 1600 5488 explicantur
1638 5419 1799 5474 verba
1823 5419 2019 5485 psalmi
2058 5438 2070 5474 :
2105 5419 2170 5473 Et

575 5497 857 5552 substantia
899 5511 1011 5549 mea
1058 5495 1112 5548 in
1155 5489 1482 5559 inferioribus
1531 5498 1700 5553 terrm,
1751 5489 1870 5546 scil.
1905 5488 2168 5544 Christum

575 5585 683 5624 esse
707 5569 762 5622 in
801 5564 1106 5637 pauperibus
1135 5564 1338 5637 spiritu,
1365 5562 1418 5616 in
1442 5560 1891 5637 tribul_atis__co_rde,
1919 5562 1973 5637 in
2001 5563 2169 5637 humi-

575 5639 708 5694 libus
724 5631 967 5705 terraz,in
985 5635 1331 5708 purgamentis
1343 5633 1549 5708 mundi,
1583 5633 1636 5685 in
1662 5631 1908 5708 Ecclesiae
1928 5633 2168 5702 inﬁrmis.

578 5709 858 5779 lnﬁrmum
880 5703 1027 5764 enim
1059 5705 1303 5762 Ecclesia:
1335 5705 1388 5760 id
1420 5715 1495 5761 est
1531 5703 1673 5759 omni
1703 5703 1990 5760 humilitate
2021 5721 2168 5759 sum-

582 5797 810 5836 missum.

2292 4666 2366 4721 tio
2398 4683 2503 4720 non
2533 4665 2632 4719 nisi
2665 4662 3017 4719 commortuis
3046 4662 3099 4717 in
3123 4663 3382 4735 baptismi
3406 4668 3721 4737 proiessittne

2284 4757 2516 4813 hibetur.
2542 4753 2706 4830 799
2733 4755 2801 4810 Et
2827 4755 3028 4810 idcirco
3055 4756 3144 4812 ubi
3175 4758 3567 4828 praedicabitur
3595 4761 3688 4814 hoc
3705 4760 3804 4811 Era:-

2282 4851 2506 4921 geliutn,
2540 4848 2846 4904 narrabitur
2889 4865 3023 4919 opus
3053 4849 3171 4919 ejus
3199 4850 3392 4924 ($15)
3435 4870 3448 4905 :
3484 4854 3608 4924 quia
3647 4861 3809 4908 cessat:

2282 4943 2468 5013 Israel,
2499 4941 2776 5013 Evangelii
2807 4941 2977 5011 gloria
3003 4941 3107 4998 ﬁde
3128 4944 3378 5014 gentium
3404 4943 3811 5016 prtedicatur.i3=:-4
3838 4943 3839 4968 ῖ

2351 5130 2427 5201 (b)
2453 5127 2602 5201 Sola
2626 5125 2794 5201 editio
2831 5127 3318 5201 Par._humititatis.
3359 5131 3648 5190 Bcccensis
3681 5130 3812 5186 calet.

2276 5199 2648 5259 unanimitatis.
2685 5199 2867 5254 Melius
2889 5199 3002 5263 alii,
3037 5200 3400 5256 humanitatis.

2349 5273 2421 5399 (τὲ-1)
2455 5272 2617 5337 Editi,
2639 5270 2808 5357 plebes
2835 5282 2906 5326 est
2933 5286 2952 5324 :
2981 5273 3348 5354 emendantur
3371 5291 3439 5330 ex
3469 5290 3598 5362 mss.

2355 5347 2375 5399 l
2419 5344 2437 5399 l
2471 5343 2598 5398 Mss.
2639 5345 2802 5397 Larn.
2846 5351 2901 5396 et
2926 5341 3083 5397 Colb.
3116 5361 3172 5398 ιη
3210 5359 3552 5399 unauentum.
3596 5374 3598 5399 :

2355 5341 2437 5417 (ά)
2471 5343 2598 5398 Mss.
2639 5341 2802 5397 Carn.
2846 5351 2901 5396 et
2926 5341 3083 5397 Colb.
3116 5345 3172 5398 in
3210 5359 3552 5416 unguentum.
3595 5347 3754 5413 Forte,
3786 5361 3814 5395 με

2275 5426 2552 5484 unguento.
2735 5442 2752 5456 ο

2344 5489 2416 5560 (e)
2443 5487 2500 5540 In
2532 5484 2771 5560 pluribus
2806 5499 2936 5560 mss.
2969 5485 3057 5540 hic
3081 5486 3335 5560 adjicitur
3360 5489 3561 5546 dicunt.
3590 5488 3817 5546 Potiusis-

2283 5557 2539 5627 telligitur
2569 5558 2786 5611 tacitum
2818 5557 3036 5612 verbum
3068 5557 3310 5614 dicentes.

2354 5629 2425 5712 (γ’)
2457 5630 2513 5712 In
2538 5643 2671 5712 mss.
2693 5639 3010 5712 nuncupant,
3034 5629 3571 5712 velnuncupaverint.
3595 5635 3718 5690 Tum
3739 5640 3815 5696 ras

2279 5700 2594 5828 particulam
2617 5710 2785 5770 atque,
2808 5700 2997 5771 supple
3021 5701 3251 5758 verbum
3280 5705 3615 5773 obtestantur,
3635 5713 3813 5773 aut

2279 5788 2398 5828 snmt
2421 5788 2472 5828 e.

2275 5788 2472 5830 Simile.
