3882 6332
42 330 183 393 i065
1024 304 1580 379 COMMENTARIUS
1616 311 1685 375 ΙΝ

1806 308 1985 370 tTTII.
2024 309 2176 370 CAP.
2220 302 2414 368 XXXI.
3205 305 3347 369 1068

43 421 386 483 ωιιιιιιειιίοηθ
407 420 458 478 ἰη
479 419 631 479 ludia
654 429 883 494 persona
908 417 1069 474 Israel
1091 416 1344 489 profanus
1364 429 1645 479 accensus,
1680 417 1723 478 A
1756 433 1866 499 ille,
1897 447 2063 504 quam
2087 432 2271 489 caeteri
2293 446 2365 487 ne
2388 431 2579 487 mortis
2604 426 2823 499 quidem
2847 432 2999 484 metu
3017 426 3341 487 decessimus

45 520 190 575 omni
213 519 339 574 odio
360 517 427 572 ad
444 514 888 588 exstinguendum
911 529 1107 569 nomen
1132 511 1339 569 Domini
1369 510 1642 565 incitatur.
1751 541 1813 584 se
1840 527 1908 583 de
1932 524 2279 583 confessione
2314 522 2551 580 nominis
2574 521 2669 577 ἐιη
2713 519 3038 593 pollicemur
3077 538 3090 575 ε
3120 520 3191 577 ,ά
3230 535 3349 576 01η,

625 603 853 663 CAPUT
890 601 1061 659 XXX.
1132 642 1141 650 .

53 700 131 757 De
153 701 237 755 die
266 700 436 772 prima
464 715 787 773 azymorum,
813 699 865 753 in
903 678 1004 769 qua
1041 704 1364 753 accesserunt
1407 690 1650 764 discipuli

120 793 193 849 ad
226 789 430 859 Iesum,
458 791 722 848 dicentes:
749 788 849 848 Ubi
894 790 976 847 vis
1008 803 1259 863 paremus
1314 785 1409 844 tibi
1463 797 1650 841 come-

122 887 253 944 dere
278 885 475 958 pascha
492 884 519 940 ἵ

131 980 182 1036 1.
215 976 569 1035 Christianum
604 996 785 1036 nomen
829 979 1033 1051 quando
1070 976 1343 1035 indultum.
1366 1004 1439 1017 —
1468 970 1653 1028 Prima

59 1084 225 1129 autem
257 1071 333 1146 (a)
372 1072 455 1128 die
493 1089 792 1145 azymorum
827 1083 1151 1129 accesserunt
1190 1069 1433 1142 discipuli
1468 1067 1537 1124 ad
1565 1065 1656 1122 Ie—

59 1183 190 1233 sum,
210 1165 434 1220 dicentes
456 1183 475 1219 :
505 1163 605 1220 Ubi
625 1165 698 1219 vis
719 1182 956 1236 paremus
982 1165 1072 1220 tibi
1097 1166 1289 1238 pascha
1307 1162 1619 1219 manducare
1633 1163 1660 1218 ?

61 1266 117 1314 et
146 1258 350 1329 reliqua
382 1255 596 1328 (Matth.
630 1272 775 1325 xsvr,
808 1256 919 1331 17).
960 1253 1215 1329 Discipuli
1256 1257 1336 1312 ire
1374 1254 1441 1310 ad
1469 1270 1661 1327 quem-

65 1352 185 1409 dam
226 1350 501 1407 hominem
543 1350 823 1422 jubentur,
855 1358 911 1407 et
947 1351 995 1407 ei
1029 1351 1207 1407 dicere
1246 1349 1387 1422 quod
1428 1365 1550 1404 cum
1593 1364 1661 1405 eo

70 1444 328 1500 Dominus
377 1444 574 1514 pascha
616 1456 738 1498 cum
787 1442 1063 1513 discipulis
1109 1440 1287 1499 facere
1333 1440 1517 1498 vellet.
1561 1440 1664 1511 Qui

70 1539 353 1608 praeceptis
397 1535 952 1607 obtemperaverunt,
995 1546 1050 1593 et
1094 1535 1293 1608 pascha
1340 1544 1666 1607 paraverunt

75 1628 145 1699 (9
171 1626 280 1702 I9).
315 1625 423 1683 Sed
458 1636 768 1699 oportuerat
804 1641 900 1683 eos
939 1627 1080 1684 scire
1119 1643 1225 1697 quo
1262 1635 1580 1698 pergerent,
1612 1636 1667 1683 et

78 1720 143 1776 de
169 1719 401 1777 hominis
424 1720 644 1777 nomine
663 1718 899 1776 edoceri.
925 1719 1177 1792 Alioquin
1202 1718 1394 1776 incerti
1414 1716 1484 1775 ad
1506 1735 1665 1790 quem

1753 633 1878 675 nem
1909 618 2055 673 enim
2094 630 2157 674 se
2186 614 2473 672 ministerii
2503 613 2886 680 constantiam,
2919 611 3184 683 intrepida
3216 610 3345 669 ﬁdei

1754 709 2032 767 voluntate
2050 708 2425 765 ﬁrmaverant.

2325 784 2552 841 CAPUT
2590 782 2785 840 XXXI.

1757 864 1885 923 Cum
1905 867 2035 923 venit
2060 864 2212 925 Iesus
2235 865 2289 921 in
2309 881 2490 938 agrum
2510 863 2597 936 qui
2617 863 2805 919 dicitur
2826 859 3175 927 Gethsemani,
3205 869 3251 917 et
3272 860 3355 916 di-

1832 961 1900 1015 cit
1929 960 2197 1032 discipulis
2233 959 2340 1014 suis
2361 1000 2377 1028 ,
2408 956 2609 1031 Sedete
2634 954 2808 1013 donec
2845 971 2964 1013 eam
2997 954 3123 1013 illuc
3150 966 3308 1011 orare
3330 996 3349 1024 ,

1832 1063 1880 1109 et
1908 1053 1971 1108 de
1998 1053 2135 1108 tristi
2166 1052 2340 1107 anima
2366 1067 2463 1105 sua
2491 1066 2650 1122 usque
2674 1049 2743 1104 ad
2768 1038 3002 1116 mortem,
3030 1050 3093 1104 de
3121 1048 3281 1104 calice
3310 1046 3360 1103 si

1833 1143 2074 1217 possibile
2120 1155 2193 1211 est
2236 1144 2457 1201 transire
2503 1160 2536 1198 a
2562 1160 2645 1210 se,
2704 1143 2768 1199 de
2797 1143 2983 1218 spiritu
3032 1154 3268 1215 prompto
3309 1149 3359 1198 et

1835 1254 1990 1295 carne
2021 1240 2271 1312 inﬁrma;
2322 1249 2371 1295 et
2418 1255 2656 1305 rursum,
2689 1236 2869 1304 Pater,
2901 1253 3008 1294 non
3052 1246 3231 1308 potest
3271 1236 3362 1293 hic

1836 1332 1973 1390 calix
2005 1334 2234 1388 transire
2274 1332 2377 1388 nisi
2407 1330 2557 1388 illum
2584 1330 2807 1387 bibam?
2842 1329 2933 1386 ﬁat
2962 1331 3211 1386 voluntas
3248 1339 3360 1384 tua.

1839 1447 1897 1502 1.
1931 1444 2078 1502 Tunc
2111 1446 2244 1501 venit
2269 1462 2386 1501 cum
2414 1446 2518 1500 illis
2559 1442 2717 1499 Iesus
2743 1446 2797 1498 in
2819 1460 3034 1514 agrum,
3060 1442 3147 1513 qui
3175 1442 3365 1497 dicitur

1768 1538 2127 1603 Gethsemani,
2167 1549 2215 1595 et
2243 1538 2365 1593 dicit
2408 1537 2676 1607 discipulis
2716 1538 2823 1592 suis
2847 1577 2863 1602 ,
2912 1535 3101 1593 Sedete
3143 1534 3233 1590 hic
3268 1535 3363 1590 do-

1768 1648 1860 1688 nec
1884 1649 1999 1688 eum
2026 1631 2148 1687 illuc
2169 1646 2336 1698 orare,
2366 1639 2423 1685 et
2444 1625 2651 1699 reliqua
2681 1627 2895 1699 (blattis.
2932 1644 3060 1683 xxvs
3081 1666 3101 1694 ,
3130 1627 3244 1699 56).
3278 1624 3366 1682 Fi-

1771 1724 1897 1782 dem
1941 1724 2328 1796 discipulorum
2351 1762 2371 1791 ,
2399 1729 2457 1779 et
2494 1720 2855 1777 constantiam
2891 1720 3100 1777 devotae
3128 1720 3233 1776 sibi
3273 1735 3367 1774 vo-

80 1810 442 1879 mitterentur,
487 1811 758 1882 quornodo
800 1811 950 1866 missi
981 1826 1101 1883 quae
1133 1819 1401 1882 praecepta
1432 1810 1664 1882 fuerant,
1697 1809 1747 1871 B
1775 1815 1994 1872 luntatis
2044 1822 2359 1886 acceperat:
2405 1812 2500 1869 sed
2553 1822 2611 1869 et
2656 1811 2953 1868 turbandus
2995 1820 3053 1868 et
3091 1811 3368 1868 dilﬁsuros

80 1903 551 1975 exsequerentur?
594 1902 798 1960 Verum
857 1918 1040 1959 sermo
1092 1903 1427 1975 prophetiae,
1487 1921 1668 1961 rerum

78 1997 429 2066 prmsentium
473 1994 753 2052 eﬂeelibus
794 1994 1141 2051 admiscetur.
1178 1995 1463 2051 Hominem
1503 1997 1670 2064 enim,

79 2102 203 2142 cum
227 2103 334 2159 quo
382 2087 581 2159 pascha
620 2087 990 2145 celebratums
1036 2093 1217 2154 esset,
1259 2102 1366 2144 non
1408 2089 1669 2145 nominat.

80 2179 328 2235 Nondum
360 2181 503 2237 enim
533 2178 820 2236 Christiani
853 2180 1090 2236 nominis
1120 2180 1295 2236 honor
1332 2180 1674 2237 credentibus

78 2280 199 2328 erat
230 2275 524 2345 pnestitns,
560 2274 653 2345 qui
694 2289 821 2331 vere
856 2281 983 2330 sunt
1011 2274 1179 2331 Deum
1220 2274 1420 2330 mentis
1458 2289 1520 2330 ac
1546 2272 1674 2330 ﬁdei

79 2365 251 2421 oculis
278 2376 603 2422 eminentes
636 2382 649 2418 :
679 2375 736 2422 nt
773 2378 895 2421 cum
924 2382 990 2422 eo
1031 2366 1228 2437 pascha
1264 2363 1479 2422 Domini
1527 2367 1675 2438 Apo-

85 2461 253 2518 stolos
280 2474 593 2532 praeparare
638 2461 923 2529 sciremus,
954 2462 1037 2517 cui
1079 2462 1134 2516 in
1182 2470 1423 2531 tempore
1464 2459 1677 2516 Domini

87 2567 283 2609 novam
311 2567 515 2609 nomn
542 2562 685 2610 esset
710 2552 1038 2609 addendum.

148 2648 202 2703 2.
232 2649 403 2705 Iudas
436 2665 626 2723 corpus
666 2647 859 2704 Christi
895 2665 995 2705 non
1038 2648 1273 2721 sumpsit.
1305 2677 1378 2690 -—-
1407 2645 1536 2703 Post
1558 2661 1680 2719 qua:

83 2740 242 2797 ludas
270 2740 515 2812 proditor
547 2740 832 2806 indicatur,
870 2738 945 2813 (b)
968 2739 1087 2797 sine
1106 2754 1214 2811 quo
1239 2738 1434 2812 pascha
1458 2749 1681 2812 accepto

85 2833 253 2890 calice
273 2845 326 2890 et
349 2832 525 2889 fracto
550 2846 688 2905 pane
714 2831 998 2889 conﬁcitur
1022 2849 1036 2886 :
1064 2831 1255 2910 dignus
1279 2830 1422 2888 enim
1452 2842 1683 2888 aeterno-

87 2941 203 2982 rum
236 2937 700 2984 sacramentorum
741 2927 1121 2983 communione
1162 2943 1267 2982 non
1312 2925 1505 2983 fuerat.
1546 2926 1680 2982 Nam

84 3020 399 3078 discessisse
429 3020 611 3078 statim
654 3019 778 3077 hinc
808 3020 1145 3093 intelligitur,
1175 3019 1319 3091 quod
1351 3036 1478 3076 cum
1508 3019 1683 3095 turbis

87 3129 337 3172 reversus
360 3113 691 3170 ostenditur.
720 3113 906 3186 Neque
935 3128 1065 3170 sane
1090 3114 1275 3172 bibere
1307 3129 1428 3170 cum
1456 3114 1684 3169 Domino

1772 1908 1999 1965 sciebat.
2027 1906 2174 1976 Quos
2204 1904 2490 1963 considere
2518 1904 2571 1959 in
2601 1905 2720 1959 loco
2759 1903 2949 1974 jubet,
2988 1904 3119 1959 dum
3146 1918 3367 1975 progre-

1773 2000 1992 2057 deretur
2030 2014 2208 2055 orare.
2261 1997 2328 2054 Et
2372 1997 2670 2070 assumpsit
2710 1995 2958 2065 Petrum,
3006 1995 3267 2053 Iacobum
3316 2004 3374 2052 et

1773 2092 2038 2149 Joannem
2080 2089 2329 2147 Zebedaei
2375 2088 2542 2147 ﬁlios.
2580 2088 2788 2157 Quibus
2830 2092 3152 2160 assumptis,
3203 2088 3372 2147 tristis

1777 2200 1898 2242 esse
1924 2191 2258 2255 maestusque
2286 2185 2452 2255 empit
2480 2199 2497 2236 :
2524 2190 2581 2238 et
2618 2181 2696 2236 ait
2722 2180 2935 2237 tristem
2958 2184 3192 2236 animum
3223 2196 3378 2237 suam

1778 2293 1949 2350 usque
1983 2277 2051 2333 ad
2077 2286 2307 2333 mortem
2333 2289 2456 2332 esse
2480 2278 2499 2345 (
2520 2275 2556 2345 ᾗ
2602 2274 2696 2340 57,
2723 2273 2851 2346 58).

1848 2370 1909 2426 2.
1928 2369 2207 2425 ὐίυὶηἱιαιί
2227 2366 2420 2423 Christi
2437 2366 2723 2433 tristitiam,
2751 2375 2968 2433 metum,
2988 2374 3121 2432 etc.,
3148 2365 3377 2422 tribuen-

1780 2465 1907 2522 tium
1944 2465 2122 2535 opinio
2150 2464 2467 2535 confutatur.
2513 2492 2586 2504 —
2609 2460 2935 2533 Aliqnorum
2975 2459 3048 2533 (c)
3090 2474 3155 2516 ea
3192 2460 3379 2531 opinio

1780 2570 1885 2626 est,
1908 2558 2052 2631 quod
2082 2556 2277 2614 cadere
2306 2565 2526 2629 propter
2560 2571 2623 2612 se
2644 2553 2956 2611 mmstitudo
2996 2554 3053 2609 in
3080 2554 3248 2611 Deum
3279 2569 3379 2626 po-

1782 2652 1964 2717 tuerit,
1985 2664 2217 2721 eumqne
2246 2649 2434 2706 futura:
2463 2647 2728 2719 passionis
2756 2655 2932 2703 metus
2957 2646 3178 2719 fregerit
3212 2664 3226 2703 :
3254 2646 3382 2720 quia

1782 2744 1998 2810 dixerit,
2021 2741 2207 2798 Tristis
2236 2751 2310 2798 est
2339 2742 2515 2798 anima
2534 2758 2645 2798 mea
2664 2758 2823 2815 usque
2841 2741 2911 2797 ad
2928 2741 3174 2815 mortcm(
3193 2743 3228 2813 i
3247 2743 3340 2814 58)
3360 2761 3378 2809 ;

1782 2843 1839 2892 et
1882 2834 2012 2890 illud
2036 2875 2052 2901 ,
2102 2833 2259 2889 Pater
2282 2876 2303 2903 ,
2331 2834 2376 2889 si
2415 2834 2655 2904 possibile
2681 2843 2775 2900 est,
2799 2841 3024 2895 transeat
3067 2852 3100 2891 a
3127 2852 3210 2890 me
3238 2836 3378 2890 calin:

1785 2928 1881 2983 iste
1913 2927 1989 3001 (ᾗ
2042 2927 2136 3002 59)
2166 2944 2185 2993 ;
2214 2936 2269 2983 et
2298 2942 2537 2992 rursum,
2591 2927 2820 2996 Spiritus
2870 2929 3077 2999 quidem
3105 2937 3378 3001 promptus

1785 3029 1881 3085 est,
1907 3036 2029 3076 curo
2048 3027 2217 3075 autem
2238 3019 2446 3089 inﬁrma
2467 3017 2540 3090 (ᾖ
2586 3017 2679 3090 41)
2706 3034 2723 3085 ;
2747 3027 2803 3074 et
2835 3018 2916 3092 (ά)
2957 3020 3025 3075 ad
3052 3029 3385 3091 postremum

1787 3112 1871 3167 bis
1899 3111 2132 3182 idipsum
2155 3153 2171 3178 ,
2221 3109 2404 3176 Pater,
2434 3112 2478 3166 si
2508 3127 2610 3165 non
2635 3119 2798 3182 potest
2824 3109 2911 3166 hic
2947 3112 3088 3167 calix
3133 3115 3384 3179 transire,

88 3215 315 3277 poterat,
348 3207 443 3278 qui
472 3221 578 3261 non
608 3213 725 3261 erat
771 3206 1036 3261 bibiturus
1066 3204 1119 3262 in
1167 3221 1337 3278 regno
1369 3226 1381 3261 :
1410 3223 1532 3262 cum
1564 3207 1684 3262 uni-
1711 3199 1756 3262 C
1788 3206 1890 3260 nisi
1917 3205 2066 3261 illum
2082 3205 2269 3273 bibam,
2295 3204 2773 3276 ﬁatuoluntastua(
2792 3204 2827 3275 Ῡ
2872 3204 2987 3278 42).
3023 3206 3221 3263 Volunt
3238 3208 3387 3265 enim

88 3313 297 3366 versos,
326 3308 456 3354 tunc
479 3298 724 3355 bibentes
753 3314 817 3354 es
847 3299 969 3354 vitis
998 3298 1154 3355 istius
1185 3298 1364 3354 fructu
1384 3341 1398 3367 ,
1424 3299 1688 3355 bibituros

89 3404 279 3448 secum
298 3396 483 3461 postea
508 3390 881 3464 polliceretur(
900 3390 933 3461 ᾖ
955 3391 1074 3463 29).
1119 3389 1425 3464 Hymnoque
1450 3392 1607 3459 dicto,
1636 3392 1689 3446 in

92 3493 312 3538 merrtem
339 3483 531 3538 reversi
554 3484 707 3557 sunt(
726 3483 761 3554 ᾗ
782 3482 895 3556 50).
917 3484 1316 3539 Consummatis
1332 3484 1542 3539 scilicet
1569 3483 1691 3539 uni-

95 3577 263 3631 versis
275 3575 578 3631 divinorum
600 3578 978 3650 mysteriorum
1002 3577 1306 3642 virtutibus,
1324 3576 1520 3649 gaudio
1531 3586 1692 3633 etes-

92 3667 383 3725 suitatione
403 3670 675 3724 communi
711 3669 763 3724 in
792 3668 1067 3725 cmlestem
1098 3670 1323 3739 gloriam
1370 3668 1687 3727 efferuntur.

164 3761 216 3815 5.
254 3758 401 3817 Petri
448 3760 510 3815 in
548 3760 806 3815 Christum
848 3759 1082 3830 directus.
1119 3792 1193 3803 —
1215 3761 1433 3818 Futurae
1475 3778 1692 3834 quoque

96 3865 189 3907 eos
238 3851 571 3909 inﬁrmitatis
617 3852 915 3917 admonuit,
967 3862 1022 3909 et
1070 3861 1227 3910 nocte
1276 3855 1462 3910 eadem
1503 3869 1693 3911 omnes

95 3955 245 4001 metu
277 3955 442 4017 atqtre
471 3943 784 3999 inﬁdelitate
821 3944 1121 3999 turbandus
1150 3944 1362 4016 (Ῡ51).
1409 3944 1577 4013 Cujus
1614 3945 1694 3999 rei

95 4039 229 4097 ﬁdes
262 4042 439 4104 etiam
461 4036 789 4093 auctoritate
816 4036 1113 4109 prophetia:
1144 4040 1344 4093 veteris
1374 4038 1691 4093 contineba-

95 4140 201 4197 tur,
249 4145 519 4204 percusso
550 4138 769 4202 pastore
812 4144 942 4186 oves
980 4142 1102 4185 esse
1139 4128 1470 4201 spargendus
1508 4127 1692 4202 (Zach.

100 4238 220 4293 sua,
249 4225 319 4297 7)
346 4241 362 4279 :
390 4238 451 4280 se
479 4232 657 4279 tamen
688 4231 1057 4294 resurgentem
1082 4223 1135 4277 in
1160 4220 1435 4278 Galilaeam
1458 4237 1693 4293 praeces-

99 4329 289 4372 surum
316 4331 461 4381 esse,
496 4325 556 4370 ut
588 4314 959 4371 inﬁrmitatem
1002 4328 1187 4370 eorum
1233 4314 1526 4385 sponsione
1556 4310 1699 4368 redi-

102 4415 191 4460 tus
229 4407 317 4461 sui
346 4408 719 4464 consolaretur
756 4405 972 4479 (Matth.
1011 4419 1164 4473 xxvi,
1195 4404 1312 4479 δὲ).
1355 4406 1462 4462 Sed
1506 4406 1698 4463 Petrus

104 4510 213 4567 pro
234 4497 360 4553 ﬁdei
388 4513 498 4553 sum
526 4500 708 4556 calore
730 4497 1039 4571 respondit,
1063 4496 1288 4554 exteris
1312 4498 1437 4554 licet
1472 4500 1699 4554 scamm-

1790 3311 1858 3354 ex
1890 3296 2201 3353 inﬁrmitate
2228 3296 2470 3367 corporis
2496 3311 2791 3351 aerumnam
2822 3296 3040 3367 Spiritui
3067 3298 3384 3356 adhaerere:

1791 3404 1855 3445 ac
1884 3390 1929 3445 si
1957 3390 2209 3446 virtutem
2259 3389 2403 3444 illam
2432 3388 2756 3459 incorruptae
2777 3389 3123 3459 substantias,
3145 3393 3383 3453 imbecil.

1793 3482 1959 3540 litatis
1989 3499 2100 3540 suae
2128 3490 2273 3538 sorte
2298 3482 2595 3553 assumptio
2616 3484 2803 3539 carnis
2830 3482 3077 3541 infecerit
3096 3528 3111 3551 ,
3143 3495 3200 3543 et
3227 3497 3384 3545 aeter-

1794 3576 1934 3632 nitas
1963 3584 2209 3631 naturam
2237 3573 2536 3646 fragilitatis
2563 3575 2857 3646 acceperit.
2872 3574 3003 3643 Quae
3021 3578 3075 3633 si
3091 3578 3161 3635 ad
3184 3590 3389 3636 metum

1795 3667 1964 3724 tristis
1984 3675 2099 3732 est,
2130 3665 2177 3722 si
2206 3666 2271 3721 ad
2302 3665 2541 3723 dolorem
2576 3666 2823 3732 inﬁrma,
2854 3666 2899 3722 si
2934 3667 3003 3725 ad
3033 3678 3263 3727 mortem
3286 3682 3396 3729 tre-

1795 3760 1956 3831 pida;
2001 3758 2111 3832 jam
2138 3768 2193 3814 et
2218 3755 2551 3829 corruptioni
2592 3757 2806 3814 subdita
2846 3759 2981 3827 erit,
3009 3769 3064 3817 et
3094 3761 3294 3819 incidet
3335 3764 3421 3821 in‘

1798 3871 1919 3912 eam
1949 3854 2115 3911 totius
2145 3853 2475 3910 inﬁrmitatis
2512 3851 2747 3909 affectio.
2796 3854 2915 3910 Erit
2941 3870 3073 3927 ergo
3111 3857 3255 3927 quod
3283 3873 3394 3915 non

1796 3956 1937 4013 erat,
1964 3945 2032 4000 de
2051 3960 2252 4015 angore
2283 3955 2497 4009 intesta,
2525 3943 2594 3999 de
2624 3945 2817 4000 timore
2838 3945 3088 4012 sollicita,
3115 3946 3183 4002 de
3209 3947 3398 4007 dolore

1801 4038 2084 4109 perterrita
2118 4052 2219 4093 :ac
2251 4037 2331 4092 sic
2356 4035 2633 4093 aeternitas
2676 4035 2954 4094 denmtata
2984 4042 3036 4095 in
3070 4050 3309 4112 metum,
3342 4043 3392 4101 si

1804 4138 1983 4202 potest
2008 4144 2129 4186 esse
2169 4128 2309 4199 quod
2342 4144 2447 4184 non
2495 4137 2610 4184 erat
2636 4168 2653 4194 ,
2684 4128 2864 4199 potuit
2887 4128 2958 4201 (e)
3010 4132 3235 4201 perinde
3286 4134 3394 4193 hoc

1797 4224 1962 4298 θοι
2004 4219 2148 4294 quod
2184 4220 2237 4277 in
2269 4236 2331 4278 ea
2362 4229 2445 4276 est
2470 4219 2763 4291 aliquando
2792 4236 2899 4277 non
2944 4237 3082 4281 esse.
3116 4225 3260 4282 Deus
3298 4241 3387 4284 au~

1802 4324 1908 4372 tem
1944 4315 2063 4370 sine
2104 4328 2352 4368 mensura
2384 4320 2689 4383 temporum
2720 4326 2938 4384 semper
2977 4324 3061 4374 est
3096 4334 3109 4370 :
3138 4328 3195 4375 et
3218 4321 3394 4392 qualis

1800 4413 1908 4474 est,
1933 4395 2070 4461 'talis
2094 4414 2331 4460 asternus
2360 4412 2463 4460 est.
2510 4401 2810 4461 Eternitas
2852 4414 3034 4463 autem
3084 4410 3136 4466 in
3182 4412 3396 4472 inﬁnito

1804 4512 2048 4566 manens,
2074 4504 2135 4552 ut
2160 4496 2211 4550 in
2243 4494 2326 4551 his
2354 4512 2471 4567 qua:
2497 4495 2729 4565 fuerant,
2761 4498 2831 4553 ita
2849 4497 2904 4554 in
2928 4498 3031 4557 illis
3056 4519 3175 4574 qua
3195 4520 3392 4565 causa.

102 4590 395 4648 titionibus
436 4590 719 4665 (passive),
752 4607 1043 4665 numquam
1083 4607 1144 4651 se
1186 4593 1695 4650 scandalizaturum.
1727 4616 1782 4678 Β
1808 4604 2041 4666 queatur
2087 4589 2441 4647 extenditur:
2486 4604 2702 4660 semper
2747 4591 2989 4664 integra,
3047 4596 3393 4672 ἰίιεοινιιιιίιιειι,⁸

100 4682 161 4741 l‘n
197 4694 401 4741 tantum
432 4687 577 4743 enim
599 4696 653 4745 et
678 4685 873 4745 aﬂ‘ectu
899 4697 955 4743 et
983 4687 1248 4745 charitate
1271 4684 1475 4744 Christi
1501 4685 1697 4744 eﬁ‘ere-
1809 4685 2081 4759 perfecta,
2112 4694 2309 4756 praeter
2345 4698 2503 4754 qttam
2537 4682 2702 4750 nihil,
2746 4687 2888 4757 quod
2924 4703 3044 4749 esse
3071 4696 3270 4765 possit,
3303 4712 3400 4754 ex.

100 4777 262 4834 batur
291 4779 365 4850 (ᾗ
386 4781 498 4851 55),
530 4790 590 4837 ut
615 4789 672 4839 et
695 4781 1308 4855 imbecillitateme
1330 4782 1516 4838 carnis
1558 4795 1694 4848 stite,
1811 4781 2076 4837 trinsecus
2105 4778 2177 4834 sit
2202 4776 2470 4834 r‘elictnm.
2501 4775 2617 4834 Non
2661 4779 2777 4851 ipsa
2802 4780 2855 4836 in
2884 4782 3064 4857 aliquo
3083 4829 3103 4853 ,
3130 4791 3226 4847 sed
3255 4793 3395 4855 intra

101 4877 160 4926 et
188 4868 360 4925 fidem
387 4873 683 4928 verborum
720 4875 929 4932 Domini
971 4892 1083 4933 non
1121 4884 1472 4934 contueretur
1503 4893 1516 4930 :
1546 4874 1700 4948 quasi
1810 4891 1929 4933 eam
1956 4881 2146 4930 cuncta
2178 4888 2194 4927 :
2220 4879 2411 4943 potens
2434 4870 2507 4928 ita
2530 4871 2716 4944 largiri
2744 4876 2907 4933 nobis
2933 4878 3047 4949 ipsa
3068 4884 3209 4952 quod
3238 4902 3396 4947 mum

103 4976 237 5019 vero
264 4960 411 5017 dicta
430 4962 545 5033 eius
566 4963 841 5022 efﬁcienda
870 4984 976 5024 non
1007 4976 1210 5025 essent.
1242 4966 1340 5024 Cui
1366 4969 1443 5024 ait
1473 4984 1487 5022 :
1518 4965 1704 5023 Prius-

105 5071 261 5128 quam
301 5053 474 5128 gallus
512 5065 697 5123 cantet,
730 5066 807 5111 ter
834 5075 914 5113 me
944 5061 1153 5132 negabis
1185 5060 1258 5132 (Ῡ
1280 5059 1397 5132 54).
1441 5057 1550 5117 Sed
1592 5067 1700 5114 tam

183 5170 261 5244 (a)
291 5167 464 5244 Abest
493 5168 819 5244 _die_a_mss.
847 5170 1000 5228 Colh.
1042 5184 1095 5230 et
1132 5173 1295 5229 Carn.
1335 5176 1709 5233 consentiente

109 5240 309 5313 gnsco.
343 5240 469 5295 Mox
492 5240 545 5294 in
579 5240 767 5294 iisdem
798 5256 927 5313 mss.
963 5247 1228 5300 omittitur
1267 5244 1497 5300 verbum
1532 5246 1710 5301 dicen-

114 5312 193 5367 tes
210 5330 235 5370 :
251 5322 307 5368 et
296 5321 457 5438 llquat
487 5325 660 5381 pauca
681 5324 785 5364 non
814 5312 1059 5384 habetur,
1081 5326 1132 5374 et
1157 5316 1355 5381 pascha
1380 5326 1710 5386 parauerunt.

185 5384 269 5438 ibi“
347 5384 483 5436 tiam
501 5380 929 5438 ora-senteluda
952 5401 1137 5438 verum
1169 5384 1373 5438 Pascha
1404 5387 1710 5438 confectum

185 5384 269 5456 (li)
296 5380 771 5456 Etiam’prresente
789 5380 929 5438 Iuda
952 5380 1137 5443 verum
1169 5380 1711 5442 Pascha'confectunt

115 5452 251 5512 esse
267 5454 547 5526 colligitur
565 5468 633 5526 es
659 5452 824 5526 Lacte
846 5466 977 5526 sm,
1004 5460 1093 5522 19,
1111 5466 1249 5526 etc.,
1270 5466 1327 5513 ut
1349 5459 1543 5512 merito
1564 5457 1714 5514 dixe-

117 5527 190 5582 rit
227 5524 561 5601 Augustinus
600 5524 778 5581 Serm.
808 5524 897 5601 71,
931 5545 985 5584 n.
1018 5529 1083 5585 17
1118 5524 1431 5601 :Numquid
1463 5537 1511 5583 et
1548 5525 1716 5601 Iudas

118 5598 353 5675 magistri
377 5598 689 5675 uenditaret
728 5596 960 5675 proditor
987 5602 1201 5675 impius,
1231 5596 1459 5668 quamvis
1487 5600 1712 5675 primum

120 5667 561 5754 manibus
589 5671 701 5744 ejus
729 5671 1033 5756 confectum.
1052 5667 1428 5756 incrementum
1462 5667 1716 5752 curitis-et

121 5742 391 5812 sanguinis
424 5742 539 5813 ejus
732 5742 932 5796 caneris
960 5742 1269 5829 discipulis,
1311 5742 1445 5798 sicut
1485 5742 1715 5824 apertius

123 5808 295 5882 Lucas
341 5809 668 5882 Euangehstu
719 5808 988 5882 declarat,
1027 5814 1365 5870 manducaret
1399 5820 1448 5869 et
1493 5812 1712 5882 luberet,

127 5880 314 5937 mansit
335 5881 392 5936 in
418 5877 643 5951 Christo,
662 5887 750 5935 aut
774 5877 1012 5942 Christus
1044 5886 1099 5941 in
1125 5901 1186 5941 eo
1203 5886 1228 5938 .’

637 5976 915 6040 PATROL.
931 6061 936 6064 _
951 5979 1036 6044 IX
1048 6023 1063 6041 .

1808 4976 1915 5035 est,
1942 4976 2001 5024 ut
2028 4965 2132 5022 sibi
2169 4964 2304 5020 nihil
2330 4964 2399 5022 de
2419 4979 2490 5029 eo
2520 4964 2674 5035 quod-
2694 4967 2767 5021 sit
2792 4968 2980 5040 largita
3010 4971 3255 5033 decedat.

1884 5062 1937 5117 5.
1993 5059 2216 5128 Quinam
2245 5058 2500 5131 Opinionis
2521 5055 2678 5133 hujus
2702 5070 2952 5117 auctores.
2985 5093 3056 5127 —.-
3080 5066 3187 5125 Sed
3214 5087 3402 5137 eorum

1886 5170 1997 5264 (1⁵)..
2008 5170 2513 5264 Βυιὲι,ΑξίΞ⁴¹¹Ῡτ¹ὲ¹Ξ¹
2530 5212 2545 5238 ’
2573 5173 3175 5264 ,ίῐῖ¹ἓ-τ,.ι3ξεὲθξβε..εηηιί
3193 5184 3403 5264 Grego-

1813 5242 2085 5323 tju's'bias.
2118 5242 2212 5299 Or.
2235 5243 2326 5323 51.
2358 5243 2527 5323 ῃᾼζη
2560 5242 2890 5323 Augustinus
2914 5246 2981 5303 de
3003 5242 3400 5323 Hmresféfivgg

1815 5315 2329 5395 Iiteodoretus_su_l3_
2364 5310 2885 5395 initiumADialoginu
2902 5330 2930 5395 ,'_
2947 5335 3012 5376 ac
3037 5336 3225 5384 noster
3236 5310 3409 5395 'iuiil

1815 5388 1966 5465 rius,
2002 5386 2106 5465 liba
2125 5400 2158 5439 ι
2183 5384 2257 5439 de
2285 5383 2437 5465 'I‘rin.
2461 5400 2518 5439 ιι.
2548 5385 2649 5465 59,
2680 5383 3047 5465 prmdieabant
3083 5383 3409 5465 Verbum-Tn

1816 5457 2041 5535 Christo
2059 5456 2205 5535 vices
2227 5456 2421 5535 animus
2450 5456 2785 5535 supplevisse
2810 5460 3099 5535 {adeoque
3139 5456 3408 5534 maestius:

1818 5524 2353 5605 dinetnLtristitiam,
2380 5524 3026 5605 anxietatem,_d_olorem,'
3058 5524 3411 5605 quibdé'iiﬁ-

1820 5596 2202 5677 mam_Christi
2230 5596 2475 5677 allectum
2521 5610 2643 5677 esse
2673 5595 2861 5677 ﬁdeles
2889 5595 3115 5663 credunt
3136 5650 3150 5677 ,
3181 5595 3244 5668 in
3278 5595 3412 5675 ἦξίι.

1820 5671 1964 5740 baut
1978 5668 2151 5740 ipsum
2176 5668 2438 5740 cecidisse
2460 5665 2879 5740 contendebant.

1895 5737 1989 5880 liii
2009 5737 2872 5879 autem
2892 5752 3419 5880 unum;

1952 5810 2100 5890 pste
2131 5826 2273 5869 mm,
2292 5809 2437 5867 Edisi
2464 5820 2617 5874 veno,
2645 5809 2868 5879 patrimis
2892 5809 2996 5872 hoc
3018 5809 3416 5890 quod’errrtriil'i-I

1825 5882 2032 5957 quando
2058 5898 2161 5939 non
2185 5898 2313 5939 esse.

2877 5977 2957 6041 3h
