4046 6340
478 295 618 362 1067

1635 290 1880 352 SANCTI
1916 289 2178 349 HlLARll
2237 289 2548 351 EPISCOPI

3641 289 3796 348 1068

483 418 662 477 omnis
690 415 779 473 hic
803 428 995 473 sensus
1029 421 1134 481 est,
1167 420 1226 469 ut
1267 412 1560 484 opinentur
1587 421 1790 469 metum
1817 411 2004 468 mortis
2026 411 2079 467 in
2107 419 2157 482 Α
2187 412 2350 483 nique
2405 412 2518 478 ait,
2547 409 2736 466 Tristis
2766 416 2840 466 est
2878 409 3051 465 anima
3077 425 3188 466 mea
3237 425 3394 483 usque
3421 410 3493 464 ad
3541 405 3793 464 mortem.

487 513 586 570 Dei
628 511 793 568 ﬁlium
839 509 1092 567 incidisse
1119 509 1208 580 qui
1255 515 1504 566 asserunt
1542 507 1746 564 nonde
1775 507 2077 563 mternitate

483 622 606 664 esse
624 605 890 676 prolatum
920 619 1094 674 neque
1117 603 1187 659 de
1213 601 1478 658 inﬁnitate
1503 610 1738 673 paterna:
1765 600 2078 657 substantite

491 699 786 764 exstitisse,
821 696 900 769 (a)
930 696 1026 753 sed
1057 712 1124 752 ex
1154 695 1302 751 nullo
1328 710 1424 766 per
1452 710 1574 750 eum
1603 694 1692 764 qui
1721 694 1899 750 omnia
1928 706 2078 748 crea-

482 790 560 846 vit
586 789 836 846 eﬁectum
871 805 886 842 :
929 799 989 844 ut
1016 795 1326 858 assumptus
1355 803 1420 842 ex
1449 785 1618 841 nihilo
1657 787 1760 851 sit,
1789 793 1845 841 ct
1871 793 2081 856 emptus

483 900 552 942 ex
585 899 752 955 opere
772 928 788 953 ,
821 892 876 940 et
897 883 1249 938 conﬁrmatus
1278 897 1341 938 es
1387 891 1647 953 tempore.
1686 879 1759 935 Et
1783 879 1904 934 ideo
1935 877 1986 932 in
2014 891 2082 933 eo

485 976 692 1034 doloris
713 975 976 1043 anxietas,
1022 974 1144 1032 ideo
1171 974 1248 1047 (ιι)
1272 974 1504 1044 Spiritus
1530 972 1708 1043 passio
1736 987 1857 1028 cum
1883 983 2080 1040 corpo-

480 1070 560 1126 ris
585 1069 834 1141 passione
856 1110 872 1135 ,
905 1067 1027 1124 ideo
1054 1075 1228 1122 metus
1258 1065 1481 1121 mortis:
1515 1073 1574 1119 ut
1611 1063 1701 1132 qui
1739 1069 1970 1118 mortem
2014 1060 2082 1116 ti-

482 1177 634 1218 mere
680 1161 869 1232 potuit,
903 1170 959 1216 et
1003 1159 1140 1214 mori
1174 1159 1377 1229 possit;
1407 1155 1499 1227 qui
1522 1172 1651 1212 vero
1692 1155 1827 1211 mori
1861 1146 2078 1226 potuit,

481 1255 614 1311 licet
639 1254 692 1309 in
734 1253 971 1308 futurum
1001 1252 1104 1308 erit
1141 1251 1384 1322 (subaud.
1429 1246 1688 1319 internus)
1712 1291 1726 1315 ,
1759 1264 1866 1305 non
1901 1258 2080 1303 tamen

485 1365 586 1422 per
613 1365 735 1406 eum
759 1349 852 1419 qui
875 1363 934 1405 se
960 1347 1144 1420 genuit
1164 1363 1229 1403 ex
1276 1347 1547 1417 praeterito
1577 1345 1647 1400 sit
1669 1354 1924 1400 aeternus.
1979 1341 2082 1410 Qui

492 1441 567 1516 (ο)
609 1443 655 1498 si
693 1457 790 1513 per
820 1439 979 1497 ﬁdem
1036 1441 1268 1512 vitasque
1296 1439 1619 1512 probitatem
1648 1453 1876 1508 capaces
1911 1437 2086 1492 Evan-

482 1536 748 1606 geliorum
788 1548 912 1590 esse
938 1532 1260 1603 potuissent.
1304 1532 1506 1588 scirent
1533 1529 1769 1587 Verbum
1797 1530 1852 1585 in
1882 1529 2084 1600 princi-

484 1628 579 1700 pio
601 1627 792 1694 Deum,
818 1635 874 1681 et
914 1626 1017 1680 hoc
1042 1640 1072 1679 a
1099 1624 1363 1696 principio
1401 1622 1543 1694 apud
1572 1623 1739 1678 Deum
1757 1663 1773 1689 ,
1817 1629 1872 1678 et
1899 1627 2083 1676 natum

485 1737 607 1779 esse
631 1737 699 1777 ex
730 1735 796 1776 eo
823 1719 916 1791 qui
937 1727 1073 1786 erat,
1107 1724 1163 1774 et
1203 1717 1305 1773 hoc
1343 1717 1396 1771 in
1425 1731 1490 1772 eo
1515 1731 1634 1772 esse
1666 1715 1754 1786 qui
1777 1723 1935 1770 natus
1961 1721 2081 1781 est,

2180 505 2451 577 Numquid
2480 505 2591 573 ait,
2623 503 2818 562 Tristis
2838 513 2921 561 est
2946 504 3121 560 anima
3152 518 3269 560 mea
3302 511 3524 574 propter
3546 512 3793 558 mortem

2182 599 2290 670 (V.
2321 599 2410 655 lib.
2437 615 2470 654 x
2516 598 2580 654 de
2626 597 2808 654 Trinit.
2839 615 2982 654 num.
3024 598 3116 671 56)
3137 599 3161 652 ?
3182 598 3342 654 Certe
3380 613 3491 654 non
3522 599 3622 653 ita.
3647 596 3793 652 Nam

2180 691 2326 748 side
2369 701 2543 748 morte
2587 701 2702 747 erat
2743 702 2940 759 metus,
2978 690 3045 746 ad
3076 706 3195 746 eam
3233 691 3415 762 utique
3443 688 3648 747 referri
3693 705 3798 759 per

2182 802 2341 859 quam
2373 797 2486 843 erat
2517 785 2723 843 debuit.
2759 785 2864 842 Sed
2890 785 3034 840 aliud
3056 793 3138 841 est
3165 799 3334 855 usque
3353 783 3406 839 in
3435 783 3511 849 id,
3541 781 3700 839 aliud
3723 781 3801 837 ob

2183 880 2235 937 id
2267 890 2530 937 metuere.
2564 882 2628 936 Et
2653 895 2868 936 causam
2895 895 3001 935 non
3024 877 3428 950 facitquidquid
3458 877 3513 933 in
3547 878 3660 933 ﬁne
3681 887 3802 945 est,

2183 977 2308 1048 quia
2329 992 2498 1048 usque
2522 975 2575 1032 in
2603 975 2655 1032 id
2680 975 2822 1048 quod
2845 975 2912 1030 ab
2939 975 3108 1031 altero
3121 983 3356 1045 coeptum
3378 973 3450 1028 sit
3469 971 3803 1028 differatur.

2186 1067 2445 1140 Superius
2490 1068 2651 1140 igitur
2677 1066 2921 1133 dixerat,
2963 1065 3282 1121 Scandalttm
3311 1063 3581 1134 patiemini
3624 1063 3684 1116 in
3717 1078 3805 1117 me

2185 1161 2237 1215 in
2257 1161 2356 1216 ista
2393 1171 2538 1216 nocte
2557 1159 2771 1233 (Matth.
2802 1175 2926 1214 xxvr
2951 1200 2968 1225 ,
2999 1157 3111 1229 51).
3139 1156 3358 1213 Sciebat
3383 1155 3803 1224 exterrendos,

2189 1251 2453 1323 fugandos
2474 1294 2488 1319 ,
2518 1261 2811 1324 negaturos
2845 1269 2858 1307 :
2891 1250 2986 1308 sed
3027 1250 3152 1322 quia
3181 1248 3413 1320 Spiritus
3446 1247 3808 1319 blasphemia

2191 1364 2291 1404 nec
2320 1347 2409 1404 hic
2452 1362 2552 1404 nec
2580 1346 2632 1402 in
2677 1356 2940 1403 aeternum
2981 1343 3295 1410 remittitur,
3323 1342 3612 1400 metuebat
3637 1358 3714 1398 ne
3744 1357 3809 1397 se

2188 1441 2358 1497 Deum
2417 1439 2764 1511 abnegarent,
2811 1453 2971 1510 quem
3012 1451 3212 1493 caesum
3264 1443 3320 1493 et
3359 1444 3704 1508 consputum
3753 1443 3809 1490 et

2188 1537 2504 1592 cruciﬁxum
2527 1544 2710 1592 essent
2737 1532 3172 1606 contemplaturi.
3216 1532 3348 1601 Quae
3393 1531 3536 1588 ratio
3579 1539 3808 1588 servata

2191 1629 2245 1683 in
2277 1629 2441 1684 Petro
2468 1638 2572 1693 est,
2605 1629 2695 1700 qui
2733 1643 2855 1684 cum
2884 1636 3173 1699 negaturus
3199 1634 3384 1692 esset,
3431 1627 3506 1681 ita
3537 1625 3806 1695 negavit:

2193 1720 2318 1776 Non
2336 1723 2451 1776 noui
2472 1721 2728 1778 hominem
2750 1721 2940 1794 (lbid.,
2969 1720 3062 1792 72)
3096 1737 3109 1774 :
3135 1720 3259 1792 quia
3275 1718 3483 1775 dictum
3509 1718 3730 1789 aliquid
3754 1718 3808 1772 in

485 1813 630 1886 (Ιιιοά
653 1812 699 1868 ίε
729 1813 845 1883 ipse
875 1819 959 1867 εει
981 1825 1147 1881 Penes
1167 1825 1329 1880 (ιυθω
1356 1819 1474 1864 erat
1501 1807 1580 1881 (ά)
1606 1816 1730 1864 ante
1768 1819 1927 1878 quam
1960 1821 2084 1860 nas-
2115 1820 2162 1881 Β
2193 1815 2360 1870 ﬁlium
2391 1815 2627 1872 hominis
2667 1815 2990 1872 remittetur.
3029 1812 3222 1868 Tristis
3259 1827 3388 1885 ergo
3425 1820 3513 1868 est
3537 1827 3714 1882 usque
3741 1810 3810 1864 ad

486 1915 741 1966 ceretur:
772 1904 1018 1962 eamdem
1067 1902 1274 1959 scilicet
1333 1902 1692 1957 aeternitatem
1736 1914 1859 1956 esse
1899 1906 1954 1955 et
1998 1899 2083 1970 gi-

485 2002 702 2074 gnentis
723 2007 780 2057 et
805 1999 992 2071 geniti.
1015 1996 1147 2052 Mori
1171 1995 1331 2067 igitur
1359 1995 1494 2050 nihil
1526 1995 1580 2050 in
1609 1995 1718 2051 Deo
1747 1994 1952 2064 potuit,
1985 2009 2084 2049 ne-

484 2111 591 2167 que
613 2111 682 2152 ex
713 2109 774 2149 se
801 2102 978 2150 metus
1001 2091 1114 2146 Deo
1139 2089 1282 2145 ullus
1307 2098 1410 2145 est.
1442 2086 1501 2144 In
1531 2087 1748 2144 Christo
1769 2085 1913 2144 enim
1941 2085 2087 2142 Deus

485 2196 605 2244 erat
627 2185 890 2243 mundum
919 2182 1276 2242 reconcilians
1302 2181 1404 2237 sibi
1427 2180 1498 2252 (ll
1520 2179 1640 2236 Cor.
1673 2196 1726 2246 v,
1756 2179 1868 2251 19).

555 2283 610 2337 4.
660 2279 894 2336 Tristitia
919 2276 1114 2333 Christi
1143 2290 1245 2330 non
1277 2273 1342 2330 de
1366 2289 1443 2338 se,
1467 2273 1557 2328 sed
1581 2272 1644 2327 de
1665 2272 1932 2345 discipulis
1973 2281 2088 2327 orta

488 2383 582 2430 est.
615 2402 686 2413 -—
731 2369 838 2428 Sed
870 2366 1320 2438 introspiciendus
1347 2365 1525 2422 omnis
1556 2365 1644 2420 hic
1672 2380 1850 2422 sermo
1878 2372 1998 2432 est,
2031 2371 2090 2420 ut

485 2469 610 2540 quia
634 2474 886 2524 mmstum
911 2463 1078 2519 fuisse
1099 2461 1384 2518 Dominum
1415 2459 1646 2530 legimus
1664 2499 1680 2527 ,
1713 2472 1903 2514 causas
1925 2471 2088 2514 mres-

486 2561 732 2620 titudinis
779 2558 1134 2630 reperiamus.
1167 2554 1538 2611 Admonuerat
1584 2551 1865 2622 superius,
1899 2564 2089 2607 omnes

486 2654 966 2714 scandalizaturos.
998 2649 1190 2706 Petrus
1222 2647 1293 2703 de
1318 2661 1377 2702 se
1400 2643 1677 2702 conﬁdens
1700 2644 2086 2714 responderat,

493 2745 912 2806 etiamsicaateri
960 2741 1437 2814 perturbarentur,
1474 2752 1533 2793 se
1579 2752 1688 2791 non
1735 2748 2087 2791 commoven-

489 2843 618 2900 dum
653 2859 666 2896 :
697 2854 854 2912 quem
885 2837 1144 2892 Dominus
1167 2831 1328 2890 etiam
1363 2841 1445 2887 ter
1474 2837 1794 2900 negaturum
1839 2842 1960 2884 esse
2003 2841 2092 2882 re-

489 2933 728 3006 spondit.
759 2929 866 2986 Sed
894 2937 947 2985 et
974 2928 1066 2984 ille
1088 2938 1142 2983 et
1165 2924 1346 2981 caeteri
1369 2938 1556 2978 omnes
1576 2920 1846 2992 discipuli,
1877 2933 1944 2974 ne
1967 2917 2014 2974 si
2035 2921 2090 2972 in

486 3031 608 3100 ipsa
640 3026 856 3099 quidem
887 3033 1059 3080 morte
1104 3022 1267 3092 positi
1312 3020 1442 3084 sint,
1471 3019 1793 3088 pollicentur
1838 3031 1962 3072 sese
1990 3031 2089 3072 ne—

435 3137 452 3150 ’
484 3128 724 3193 gaturos.
759 3117 824 3172 Et
863 3115 1161 3186 procedens
1184 3155 1199 3180 ,
1229 3111 1390 3182 jussit
1417 3109 1714 3179 discipulos
1741 3123 1868 3164 suos
1888 3123 2087 3165 conse-

2192 1917 2427 1961 mortem.
2457 1905 2575 1962 Non
2604 1907 2784 1978 itaque
2812 1922 2978 1973 mors,
3010 1904 3107 1962 sed
3133 1913 3348 1976 tempus
3366 1903 3565 1960 mortis
3595 1904 3652 1958 in
3685 1919 3803 1959 me-

2191 2009 2247 2056 tu
2275 2011 2358 2056 est
2388 2019 2402 2056 :
2435 1999 2556 2071 quia
2587 2009 2706 2071 post
2731 2017 2848 2058 eam
2875 1999 3285 2058 resurrectionis
3311 1999 3512 2056 virtute
3539 1998 3688 2055 ﬁdes
3714 2014 3804 2056 es-

2193 2104 2274 2151 set
2315 2092 2580 2150 ﬁrmanda
2608 2093 2964 2150 credentium.

2259 2187 2314 2242 6.
2355 2187 2610 2258 Sequitur
2654 2187 2785 2242 illud
2814 2204 2826 2241 :
2859 2186 3124 2242 Sustinete
3162 2197 3209 2240 et
3238 2185 3447 2260 vigilate
3475 2201 3706 2240 mecum.
3743 2181 3810 2237 Et

2188 2297 2485 2354 progressus
2538 2280 2756 2353 procidit
2798 2281 2852 2336 in
2889 2283 3079 2353 faciem
3125 2297 3271 2338 suam
3303 2280 3673 2352 orans(lbid.,
3713 2279 3807 2347 58,

2191 2372 2306 2438 39).
2340 2372 2554 2429 Manere
2581 2388 2763 2430 secum
2793 2374 3077 2446 pervigiles
3101 2374 3374 2433 admonet.
3400 2373 3630 2430 Sciebat
3659 2373 3810 2430 enim

2198 2467 2515 2540 ingravante
2554 2468 2770 2525 diabolo
2797 2468 2955 2525 [idem
3006 2484 3194 2526 eorum
3234 2467 3664 2540 consopiendam
3698 2485 3714 2521 :
3757 2475 3808 2523 et

2190 2577 2373 2632 parem
2419 2577 2604 2618 secum
2651 2562 2982 2634 vigilantiam
3026 2563 3305 2634 imperat,
3363 2561 3565 2634 quibus
3610 2559 3806 2618 eadem

2191 2655 2375 2726 passio
2404 2655 2705 2711 immineat.

2267 2746 2324 2801 7.
2375 2745 2671 2802 Transitum
2712 2748 2886 2804 salicis
2927 2764 3030 2805 non
3056 2748 3190 2816 sibi,
3221 2748 3310 2804 sed
3336 2748 3444 2804 suis
3470 2747 3805 2819 deprecatur.

2200 2869 2271 2879 —
2303 2839 2503 2895 Deinde
2530 2849 2649 2895 orat
2673 2857 2687 2894 :
2725 2839 2881 2897 Pater
2903 2858 3076 2906 meus,
3105 2843 3149 2898 si
3173 2841 3414 2912 possibile
3439 2850 3535 2908 est,
3571 2849 3806 2895 transeat

2196 2948 2228 2985 a
2252 2948 2330 2987 me
2354 2931 2492 2987 calix
2520 2932 2613 2988 iste
2635 2949 2654 2988 :
2676 2934 2765 2988 sed
2795 2945 2963 2990 tamen
2985 2952 3087 2990 non
3107 2935 3238 2990 sicut
3269 2951 3362 3006 ego
3383 2934 3512 3001 solo,
3539 2934 3641 2988 sed
3663 2935 3809 2989 sicut

2199 3032 2254 3077 tu
2294 3024 2388 3078 vis.
2452 3025 2704 3081 Transire
2743 3041 2772 3080 a
2802 3043 2860 3082 sc
2891 3027 3113 3084 calicem
3159 3035 3334 3098 rogat.
3367 3023 3628 3095 Numquid
3673 3025 3803 3092 ait,

2207 3115 2469 3172 Transeat
2499 3134 2586 3173 me
2613 3119 2751 3174 calix
2779 3120 2920 3176 iste?
2949 3120 3063 3176 haec
3090 3120 3234 3176 enim
3266 3120 3445 3176 futura
3467 3128 3582 3176 erat
3609 3134 3719 3190 pro
3747 3134 3808 3174 se

489 3213 622 3269 dere
650 3210 776 3267 dum
805 3216 1006 3265 oraret.
1055 3204 1470 3276 Assumptisque
1522 3202 1682 3258 Petro
1711 3211 1766 3258 et
1814 3201 2015 3258 Jacobo
2041 3212 2093 3258 et
2122 3213 2168 3276 (ζ
2211 3209 2452 3265 timentis
2477 3211 2667 3268 oratio.
2695 3212 2801 3268 Sed
2827 3213 2969 3269 aliud
2987 3222 3092 3281 est,
3118 3223 3178 3269 ut
3203 3229 3263 3270 se
3283 3220 3544 3281 transeat,
3574 3212 3726 3268 aliud
3748 3221 3806 3268 ut

483 3305 694 3362 Joanne
741 3302 906 3373 carpit
960 3298 1126 3355 tristis
1172 3311 1315 3353 esse.
1349 3295 1490 3366 Ergo
1520 3309 1625 3350 non
1657 3304 1782 3350 ante
1820 3293 1991 3350 tristis
2015 3303 2100 3350 est
2200 3320 2231 3359 ει
2259 3319 2316 3360 se
2345 3313 2584 3360 transeat
2617 3306 2917 3378 deprecari,
2953 3308 3010 3364 ιη
3042 3323 3108 3364 ρο
3134 3307 3278 3364 enim
3315 3309 3461 3380 quod
3488 3324 3552 3365 se
3574 3309 3799 3370 ιηιιεῖι,

487 3415 648 3470 quam
684 3395 949 3460 assum“.
975 3402 1029 3450 εἴ
1058 3391 1234 3448 omnis
1281 3389 1355 3462 (ε)
1396 3397 1572 3444 melus
1635 3387 1751 3444 illis
1792 3403 1912 3445 953°
1937 3387 2102 3458 εωβίι
2205 3402 2321 3473 ipse
2351 3403 2441 3458 ille
2469 3416 2498 3455 a
2545 3399 2792 3455 molestia
2836 3399 2916 3472 (f)
2972 3400 3301 3457 transeuntis
3346 3400 3624 3473 excipitur
3671 3399 3800 3471 :qui

459 3512 462 3516 '
497 3492 792 3564 assumptis
821 3507 834 3544 :
864 3498 1026 3560 atque
1067 3487 1140 3542 ita
1169 3501 1276 3541 non
1306 3483 1375 3539 de
1401 3499 1460 3539 se
1489 3491 1608 3538 orta
1628 3490 1712 3539 est
1733 3523 1748 3547 ,
1794 3481 1889 3538 sed
1917 3481 1984 3537 de
2015 3480 2089 3537 his

2202 3505 2381 3554 autem
2411 3505 2466 3553 ut
2494 3511 2524 3551 a
2551 3511 2609 3552 se
2632 3504 2872 3551 transeat
2901 3481 3073 3566 rogat.
3097 3510 3203 3552 non
3226 3505 3282 3551 ut
3306 3495 3421 3566 ipse
3446 3504 3802 3566 praetereatur

499 3603 637 3658 quos
667 3588 1069 3652 assumpserat,
1101 3576 1436 3634 mmstitudo.
1470 3577 1535 3632 Et
1562 3575 1777 3646 quidem
1810 3575 2100 3632 recordan-

497 3679 626 3734 dum
653 3685 759 3742 est,
791 3689 896 3729 non
927 3671 1062 3726 alios
1088 3670 1176 3725 hic
1203 3676 1513 3738 assumptus
1539 3666 1700 3723 fuisse
1717 3709 1732 3734 ,
1759 3682 1918 3736 quam
1945 3666 2095 3736 ipsos

494 3768 654 3833 illos,
693 3764 901 3838 quibus
931 3768 1188 3816 venturus
1237 3759 1288 3814 in
1345 3772 1512 3828 regno
1561 3772 1662 3812 suo
1688 3757 1832 3812 ﬁlius
1862 3755 2096 3812 hominis

495 3868 748 3917 ostensus
773 3863 857 3912 est
879 3895 894 3923 ,
924 3862 1036 3908 tum
1063 3867 1186 3910 cum
1213 3848 1589 3906 assistentibus
1619 3847 1671 3904 in
1699 3858 1880 3905 monte
1909 3849 2097 3921 Moyse

498 3962 557 4011 et
579 3953 716 4018 Elia,
743 3959 856 4006 toto
885 3956 1106 4004 interna:
1133 3944 1319 4018 gloria:
1349 3960 1462 4000 sum
1493 3945 1700 4001 honore
1724 3943 2094 4001 circumdatus

499 4057 584 4104 est
611 4043 830 4114 (Matth.
876 4042 1020 4109 xvrl,
1046 4040 1070 4094 l
1100 4048 1149 4094 et
1179 4036 1362 4110 seqq.).
1388 4036 1494 4095 Sed
1519 4038 1684 4111 802
1705 4054 1826 4110 quae
1853 4048 1980 4096 tunc
2007 4054 2093 4094 as-

490 4137 877 4198 sumendorum
902 4148 1114 4198 eorum,
1139 4131 1328 4187 eadem
1353 4139 1406 4186 et
1428 4145 1569 4186 nunc
1595 4131 1695 4185 fuit
1723 4145 1908 4188 causa.

572 4233 627 4288 5:
668 4227 905 4284 Tristitia
948 4223 1137 4280 Christi
1183 4238 1373 4293 usque,
1401 4239 1503 4276 non
1547 4221 1609 4276 ob
1660 4232 1889 4281 mortem.
1944 4225 2100 4284 Blas-

499 4317 760 4398 phemiam
832 4321 887 4374 in
940 4316 1192 4389 Spiritum
1236 4313 1467 4370 Christus
1515 4315 1654 4369 tiutet
1699 4317 1824 4371 suis.
1874 4349 1946 4359 -
1986 4320 2089 4378 De.

2203 3598 2341 3655 orat,
2371 3589 2466 3646 sed
2495 3597 2553 3644 ut
2577 3589 2628 3644 in
2671 3589 2900 3644 alterum
2950 3587 3003 3644 id
3042 3587 3184 3659 quod
3233 3603 3266 3643 a
3301 3603 3362 3644 se
3407 3588 3615 3643 transit
3653 3602 3802 3642 exce-

2202 3679 2312 3736 dat.
2345 3680 2420 3752 (g)
2450 3679 2720 3752 Numquid
2766 3679 3023 3750 possibile
3053 3687 3172 3736 erat
3197 3693 3302 3735 non
3343 3680 3454 3750 pati
3483 3677 3802 3736 Christum?

2199 3770 2398 3844 Atquin
2425 3771 2535 3841 jam
2567 3786 2597 3826 a
2623 3771 3008 3827 constitutione
3047 3769 3231 3826 mundi
3262 3780 3674 3827 sacramentum
3714 3769 3806 3824 hoc

2200 3862 2257 3920 in
2283 3878 2349 3920 eo
2376 3873 2494 3920 erat
2541 3873 2742 3920 nostrze
2790 3863 2984 3920 salutis
3025 3857 3324 3921 ostensum.
3378 3862 3662 3934 Numquid
3706 3861 3808 3933 pati

2199 3953 2318 4027 ipse
2348 3956 2610 4012 nolebat?
2637 3956 2838 4028 Atquin
2865 3956 3114 4029 superius
3145 3955 3477 4012 fundendum
3509 3955 3567 4011 in
3615 3957 3809 4013 remis-

2199 4051 2409 4108 sionem
2441 4060 2782 4122 peccatorum
2827 4050 3073 4122 corporis
3119 4051 3201 4106 sui
3245 4051 3570 4123 sanguinem
3619 4067 3808 4108 conse-

2200 4155 2445 4201 craverat
2469 4143 2659 4217 (lbid.,
2679 4141 2796 4216 28).
2827 4143 3108 4213 Quomodo
3131 4158 3262 4214 ergo
3283 4143 3382 4211 ait,
3405 4142 3595 4212 Pater,
3619 4145 3668 4201 si
3696 4162 3813 4216 pos-

2201 4233 2346 4290 sibile
2375 4237 2492 4292 est?
2536 4245 2592 4292 et
2617 4235 2911 4308 quomodo,
2949 4234 3074 4291 Non
3105 4237 3234 4291 sicut
3255 4253 3347 4308 ego
3373 4237 3514 4304 volo,
3544 4239 3647 4293 sed
3683 4241 3808 4294 sicut

2202 4337 2258 4383 tu
2281 4331 2356 4386 vis
2374 4333 2400 4386 ?
2423 4331 2592 4390 Totus
2617 4331 2779 4404 igitur
2807 4346 2973 4403 super
2993 4330 3080 4387 his
3105 4330 3197 4402 qui
3227 4333 3432 4403 passuri
3453 4342 3621 4389 erant
3640 4341 3805 4389 metus

577 4439 654 4511 (α)
705 4438 833 4519 5,915!
865 4435 1031 4519 θάίῑῖε)
1070 4433 1192 4488 Ρπο
1223 4432 1312 4487 πά
1341 4447 1404 4486 επ
1429 4432 1591 4515 "Mil,"
1619 4451 1637 4486 -'
1670 4441 1780 4489 ῐυῐη
1803 4448 1924 4519 cur!)
1965 4451 2097 4494 πιδε-
2130 4444 2184 4506 D
2207 4457 2432 4519 conatur
2455 4489 2471 4514 ,
2517 4463 2636 4519 quae
2667 4445 2940 4519 hominem
2985 4447 3154 4519 Deum
3185 4461 3290 4503 non
3319 4446 3607 4504 dedeceat.
3658 4449 3804 4506 Hune

505 4504 692 4576 Rom,
721 4507 873 4563 Colb.
899 4520 953 4563 et
980 4507 1140 4560 Carn.
1163 4545 1178 4571 ,
1209 4521 1296 4576 per
1325 4520 1442 4557 eum
1471 4504 1703 4576 quicum
1729 4507 1934 4560 creavit.

580 4580 654 4653 (ὁ)
679 4574 743 4634 ⁷Ιὰ
783 4585 894 4642 est,
938 4576 1138 4653 Christi
1190 4575 1351 4631 etiam
1385 4574 1678 4630 secundum
1707 4591 1825 4631 eam
1853 4586 2098 4637 naturam

511 4647 848 4728 quae'_corpus
861 4647 1186 4728 assumpsit.

589 4721 758 4794 lci"!
788 4719 1048 4794 νωεθῑίει
1095 4717 1230 4787 (Ιαοά
1275 4717 1340 4771 εἰ.
1379 4717 1686 4794 Elegantius
1717 4719 1770 4774 in
1816 4735 1946 4776 mss.
1973 4725 2092 4793 qui,

515 4791 880 4856 scilsAriani,
905 4802 1131 4859 quorum
1159 4799 1242 4844 est
1268 4791 1531 4844 sententia
1561 4791 1708 4859 prius
1741 4791 2056 4848 memorata.

583 4867 664 4937 (d)
727 4860 1137 4937 Vindocinensis
1162 4860 1354 4937 codett,
1379 4870 1495 4914 ante
1521 4877 1674 4937 quam
1698 4864 1943 4937 nascitur.
1977 4865 2092 4920 Non

511 4928 822 4995 satis'caute
857 4933 970 4986 hare
1004 4928 1249 4984 videntur
1286 4931 1452 5006 dicta,
1490 4932 1651 5006 quasi
1669 4933 1888 5006 cogitari
1912 4945 2096 5006 posset

512 5007 728 5081 aliquod
760 5017 970 5072 tempus
990 5016 1134 5081 ,quo
1161 5001 1392 5081 nondum
1417 5001 1572 5058 natus
1611 5001 1774 5058 Filius
1801 5001 1963 5074 penes
1992 5008 2092 5062 Pn-

513 5072 650 5136 trein
681 5087 883 5133 tantum
907 5072 1220 5143 exstitisset.
1250 5075 1318 5126 At
1344 5073 1484 5130 hunc
1515 5091 1733 5143 pravum
1765 5072 1980 5132 sénsum
2015 5093 2100 5135 re-

511 5153 703 5208 fellunt
729 5149 967 5221 subnesa
987 5141 1216 5221 eamdem
1234 5143 1429 5221 scilicet
1459 5141 1790 5221 wternitatent
1819 5163 1926 5221 esse
1945 5161 1993 5203 et
2017 5151 2098 5221 gi-

514 5223 714 5295 gnentis
736 5230 781 5274 et
811 5218 986 5295 geniti.
1023 5214 1205 5295 Neque
1234 5213 1319 5267 hic
1343 5217 1726 5295 repetendum"
1733 5219 1874 5290 quod
1908 5219 1961 5274 in
1988 5213 2098 5295 A'd-

513 5283 907 5350 inonitione'de
950 5290 1051 5342 hoc
1080 5287 1198 5340 loco
1226 5283 1430 5354 praefati
1457 5303 1658 5342 sumus.
1687 5283 1797 5344 Cur
1832 5299 2008 5345 autem
2035 5291 2103 5348 de

517 5365 677 5419 Verbi
699 5359 1047 5433 generatione
1069 5357 1459 5433 disserentibus
1479 5373 1584 5433 non
1598 5361 1668 5414 sit
1690 5361 2100 5433 admittendum,

513 5435 646 5492 illud
668 5427 942 5500 antequam
971 5429 1222 5502 nascitur,
1261 5427 1504 5502 pluribus
1536 5428 1708 5502 docet
1736 5431 1964 5487 llilarius
1992 5427 2108 5502 ipse

512 5506 612 5562 lib.
646 5522 722 5562 ιιι
750 5498 818 5560 de
848 5502 996 5558 Trin.
1026 5499 1340 5555 instructior
1377 5499 1489 5567 jam
1529 5498 1700 5556 lactus
1721 5543 1736 5569 ,
1759 5513 1815 5558 et
1845 5503 1897 5557 in
1926 5498 2105 5560 verbis

509 5579 737 5635 cautior.

589 5650 662 5722 (e)
706 5648 982 5722 Romanus
1025 5641 1194 5700 codex
1225 5656 1349 5722 cum
1372 5641 1528 5722 Colb.
1568 5641 1846 5722 et_Carn.,
1893 5657 2103 5705 mwstus

509 5714 740 5777 illi'e'sse.
764 5719 821 5774 ln
844 5718 930 5773 his
955 5731 1062 5772 non
1081 5723 1243 5785 negat
1265 5714 1520 5782 Hilarius,
1547 5714 1640 5770 sed
1660 5715 1894 5772 afﬁrmat
1917 5733 2097 5776 veram

513 5791 568 5845 in
589 5790 822 5858 Christo,
855 5786 1122 5846 tristitiam
1148 5784 1172 5853 ,’
1195 5784 1284 5842 ubi
1313 5785 1458 5844 illam
1489 5801 1552 5844 ea
1581 5787 1789 5844 ratione
1825 5789 2098 5860 explicare

2205 4517 2397 4590 imitati
2425 4517 2552 4574 sunt
2581 4517 2908 4590 Ambrosius
2937 4527 2993 4574 et
3017 4517 3376 4590 Hieronymus
3409 4537 3422 4572 :
3469 4521 3561 4576 ille
3593 4521 3797 4590 quidem

2203 4589 2296 4645 lib.
2328 4607 2361 4644 ι
2384 4591 2433 4663 in
2466 4590 2597 4645 Luc.
2629 4607 2683 4663 n_.
2708 4589 2797 4652 57,
2825 4589 2914 4645 ubi
2941 4589 3017 4645 ait
3041 4607 3054 4642 :
3083 4588 3235 4645 Doles
3259 4607 3397 4663 ergo,
3427 4588 3673 4659 Domine,
3697 4607 3796 4644 non

2203 4670 2311 4723 tua.
2341 4661 2430 4716 sed
2450 4677 2561 4716 mea
2586 4660 2843 4726 uulnera;
2869 4677 2970 4715 non
2993 4671 3136 4716 tuam
3175 4660 3385 4717 mortem
3411 4703 3427 4727 ,
3463 4666 3558 4718 sed
3581 4673 3804 4718 nostrast

2201 4731 2574 4801 inﬁrmitatem,
2591 4742 2699 4790 etc.
2723 4731 2823 4787 Hic
2836 4734 3029 4787 veroin
3050 4731 3237 4788 Matth.
3260 4749 3308 4788 c.
3324 4749 3480 4798 xxvr,
3500 4734 3594 4789 ubi
3627 4734 3805 4797 habet,

2202 4802 2612 4876 Contristabatur
2635 4819 2825 4865 autem.
2845 4819 2944 4876 non
2974 4804 3157 4859 timore
3180 4804 3448 4873 patiendi;
3471 4806 3602 4876 quia
3627 4805 3698 4859 ad
3713 4810 3814 4858 hoc

2200 4885 2421 4942 uenerat,
2444 4885 2488 4929 et
2516 4873 2727 4946 Petrum
2755 4874 3040 4931 timiditatis
3060 4885 3301 4946 arguerat
3331 4893 3349 4931 :
3377 4876 3467 4930 sed
3484 4873 3701 4946 propter
3729 4878 3818 4930 its-

2204 4947 2553 5018 felicissimum
2565 4944 2611 5018 _J
2617 4947 2791 5013 udam,
2821 4957 2870 5001 et
2892 4944 3260 5018 dispersionem
3289 4944 3662 5016 apostolorum,
3697 4961 3816 5004 etc.

2277 5018 2342 5088 (ί)
2384 5016 2610 5090 Excusi,
2680 5015 2988 5072 transeunte.
3045 5015 3211 5089 Magis
3253 5015 3428 5090 placet
3481 5034 3610 5075 cum
3650 5015 3816 5076 'tnss.

2205 5089 2514 5143 transeuntis
2536 5129 2552 5154 ,
2584 5101 2912 5160 puta-poenae
2937 5097 3030 5144 aut
3053 5089 3344 5159 cujuslibet
3369 5092 3467 5146 rei.

2279 5162 2357 5231 (g)
2413 5159 2695 5216 Beccensis
2731 5159 2934 5225 eodex,
2976 5160 3225 5232 numquid
3251 5179 3355 5217 non
3402 5161 3647 5233 possibile
3693 5163 3819 5286 rati

2279 5233 2511 5286 'ristum:
2555 5231 2956 5286 interpolatoris
2997 5246 3161 5286 onera
3213 5232 3432 5286 nraal'ert
3482 5234 3690 5286 uarticu
3719 5248 3817 5286 am

2208 5229 2511 5286 Chiistum:
2548 5231 2956 5302 interpolatoris
2997 5229 3161 5298 opera
3213 5229 3432 5302 praefert
3482 5229 3817 5301 particulam

2207 5312 2514 5373 negantem.
2541 5301 2656 5358 Non
2684 5305 2828 5358 enim
2848 5302 3076 5373 obscure
3099 5303 3187 5358 hic
3216 5301 3382 5360 docet
3419 5303 3658 5360 Hilarius
3685 5302 3818 5360 ﬁeri

2217 5370 2436 5446 minimc
2475 5375 2710 5446 potuisse
2737 5384 2794 5446 ut
2827 5389 2932 5446 non
2958 5370 3206 5430 Christus
3239 5384 3527 5446 pateretur.
3568 5373 3820 5446 Sediva-

2213 5443 2286 5500 let
2316 5445 2406 5528 hic_
2416 5443 2712 5528 explicatio
2737 5444 3148 5528 S..Tho_m_;n,_p:
3180 5443 3258 5528 tu,
3281 5461 3336 5528 q.
3367 5446 3462 5528 46,
3485 5444 3717 5528 a..2,ad
3749 5444 3815 5515 2,

2209 5516 2458 5588 praesulis
2498 5515 2664 5588 nostri
2688 5516 2871 5588 verba
2911 5517 3009 5572 sibi
3040 5515 3376 5588 objicientis,
3403 5526 3457 5574 et
3485 5515 3555 5572 ad
3595 5531 3664 5588 ea
3715 5532 3816 5572 re-

2207 5585 2520 5661 spondentis
2545 5585 2647 5661 hoc
2671 5587 2910 5661 ﬁerinon
2932 5585 3170 5661 potuisse
3186 5589 3452 5661 supposita
3481 5587 3818 5661 prtescientia

2207 5608 2520 5658 SpOlluellllS
2546 5608 2647 5643 HOC
2671 5608 2784 5644 llerl
2804 5608 2910 5642 non
2932 5608 3170 5659 ροιυιδδθ
3186 5608 3282 5661 ευρ
3321 5608 3452 5644 οδιια
3481 5608 3818 5658 priuatum!

2206 5669 2254 5714 et
2301 5659 2728 5732 prwordinatione
2755 5657 3222 5732 D‘eidedpassione
3251 5608 3460 5717 (ﬁnisti.
3497 5660 3570 5716 Ea
3603 5657 3818 5732 quippe

2205 5744 2310 5789 una
2342 5729 2627 5802 hypothesi
2657 5739 2770 5787 tota
2793 5729 2982 5787 Hilarii
3011 5732 3237 5789 assertio
3266 5732 3470 5789 nititur.
