3882 6332
63 343 188 400 I069

989 333 1530 396 COMMENTARIUS
1566 333 1632 391 IN
1669 332 1926 390 MATTH.
1957 333 2110 392 CAP.
2145 335 2363 392 XXXII.

3164 338 3308 396 1070

58 471 134 517 est
166 471 333 533 :atque
353 460 473 517 ideo
493 503 507 529 ,
536 459 662 532 quia
704 473 810 514 non
841 466 924 512 est
955 455 1208 528 possibile
1238 467 1297 508 se
1326 466 1436 528 non
1470 450 1580 522 pati
1623 451 1680 516 Α
1701 449 1826 507 bat:
1866 449 1946 524 (f)
1973 450 2097 523 quia
2140 452 2248 524 pati
2298 451 2398 508 nisi
2424 465 2490 508 ex
2539 451 2653 523 ejus
2697 450 2948 524 passione
2977 465 3084 508 non
3117 466 3307 525 possu-

60 570 148 624 pro
189 553 260 610 his
297 563 438 625 rogat
486 552 577 623 qui
624 550 835 623 passuri
895 557 1100 620 postsc
1149 553 1322 610 erant,
1374 542 1600 608 dicens,

57 645 273 701 Transeal
298 646 425 701 calix
451 661 483 698 a
517 661 615 709 me,
661 641 713 698 id
744 651 850 710 est,
884 638 1156 713 quomodo
1195 653 1226 693 a
1253 651 1341 692 me
1371 633 1594 698 bibitur,

54 741 120 797 ita
145 741 204 797 ab
227 741 297 795 his
321 740 550 806 bibatur,
580 738 699 794 sine
724 737 843 810 spei
893 735 1189 792 diffidentia
1211 774 1228 802 ,
1271 732 1394 796 sine
1439 742 1604 786 sensu

51 835 248 902 doloris,
270 835 372 890 sine
403 841 545 890 metu
579 832 790 888 mortis.
1099 832 1103 837 ’

116 932 164 986 8.
202 928 416 984 Patieadi
442 926 678 981 virtutem
706 926 780 980 eis
818 923 1042 995 ﬂagitat.
1086 953 1158 964 —-—
1205 918 1328 975 Ideo
1354 927 1533 973 autem
1561 915 1606 970 si

49 1021 263 1094 possibile
284 1029 386 1086 est;
417 1019 540 1090 quia
561 1024 618 1072 et
645 1015 792 1072 carni
827 1025 882 1071 et
909 1013 1157 1077 sanguini
1200 1013 1393 1066 horum
1420 1007 1603 1081 gravis

50 1126 210 1172 terror
233 1124 305 1170 est
333 1156 346 1181 ,
373 1123 428 1168 et
457 1111 678 1167 dilﬁeile
707 1118 792 1166 est
818 1124 1006 1164 eorum
1041 1106 1333 1163 acerbitate
1373 1118 1602 1170 corpora

47 1210 255 1264 humana
282 1222 376 1262 non
405 1203 565 1260 vinci.
601 1204 766 1277 803
796 1202 950 1271 Quod
979 1210 1156 1258 autem
1182 1200 1257 1254 ait
1283 1240 1299 1263 ,
1329 1197 1451 1252 Non
1477 1198 1606 1251 sicut

44 1319 129 1374 ego
148 1302 268 1369 volo,
289 1300 368 1356 sed
389 1300 520 1355 sicut
550 1308 607 1353 tu
635 1300 708 1353 vis
739 1315 757 1356 :
780 1298 944 1353 vellet
968 1295 1185 1366 quidem
1217 1308 1312 1348 eos
1335 1309 1443 1347 non
1471 1291 1604 1362 pati,

44 1409 107 1451 ne
130 1394 251 1449 forte
276 1392 322 1448 in
354 1391 606 1464 passione
632 1390 920 1457 difﬁdant,
952 1388 1046 1444 sed
1073 1385 1469 1444 cohaereditatis
1496 1399 1607 1440 sua:

46 1487 250 1559 gloriam
292 1485 401 1540 sine
446 1482 714 1556 passionis
755 1482 1076 1538 difficultate
1111 1486 1441 1536 mereantur.
1487 1476 1606 1532 Non

41 1597 160 1651 ergo
187 1579 256 1652 (a)
284 1588 335 1635 ut
361 1592 465 1634 non
491 1579 760 1648 patiantur
782 1584 970 1647 rogat,
1013 1575 1198 1630 dicens
1223 1615 1238 1639 ,
1275 1569 1398 1626 Non
1423 1580 1477 1625 ut
1517 1587 1607 1643 ego

42 1672 286 1728 volo:sed
326 1679 400 1738 ut,
432 1669 526 1735 ait,
556 1669 697 1738 quod
724 1668 882 1724 Pater
905 1667 1047 1732 vult,
1094 1663 1310 1720 bibendi
1336 1662 1523 1718 calicis
1552 1661 1608 1716 in

43 1781 130 1822 eos
155 1781 213 1822 ex
239 1779 291 1820 se
319 1772 552 1819 transeat
588 1760 861 1816 ﬁrmitudo
890 1777 905 1816 :
931 1759 1054 1830 quia
1099 1775 1165 1814 ex
1192 1757 1466 1813 voluntate
1489 1754 1607 1825 ejus

1778 639 1867 694 Η.
1925 638 2320 710 Discipulorum
2355 655 2566 694 somnus
2607 647 2656 694 et
2687 639 2843 695 varice
2869 637 3061 695 Christi
3108 639 3310 696 allocu-

1710 731 1876 786 tiones
1903 732 2028 804 quid
2048 732 2362 803 signiﬁcent.
2395 760 2468 773 --
2491 731 2688 787 Verum
2728 733 2871 802 quod
2901 731 3092 788 iterum
3123 749 3309 788 rever—

1708 838 1800 880 sus
1838 828 2037 898 reperit
2077 825 2441 892 dormientes;
2473 828 2706 882 ostendit
2736 827 2991 883 absentia!
3021 843 3134 882 suae
3174 837 3310 884 tem-

1711 932 1843 988 pore
1892 920 2072 987 plures
2120 919 2352 991 quodam
2401 919 2522 976 ﬁdei
2569 935 2760 976 somno
2803 921 3142 977 detinendos.
3199 922 3308 979 Sed

1712 1025 1922 1066 rursum
1952 1014 2162 1079 oravit',
2197 1012 2338 1068 idem
2365 1023 2617 1082 repetens
2647 1031 2660 1067 :
2692 1028 3076 1084 reversusque,
3111 1014 3202 1085 qui
3224 1016 3307 1070 vi-

1710 1102 1878 1172 gilare
1918 1101 2177 1172 jusserat,
2232 1105 2324 1176 qui
2373 1105 2687 1176 consopitos
2718 1107 3134 1177 objurgaverat,
3184 1109 3306 1178 ait,

1712 1193 1943 1248 Dormite
1982 1200 2098 1266 jam
2124 1206 2172 1252 et
2207 1198 2606 1272 requiesciteﬁ
2666 1198 2783 1270 45).
2835 1201 2961 1256 Post
3006 1202 3310 1257 orationem

1711 1288 2068 1360 frequentem,
2100 1299 2222 1360 post
2249 1292 2523 1348 discursus
2555 1309 2916 1366 recursusque
2957 1295 3305 1366 multiplices,

1710 1392 1912 1438 metum
1940 1382 2130 1450 demit,
2163 1386 2507 1442 securitatem
2533 1387 2731 1455 reddit,
2760 1388 2812 1443 in
2840 1390 3082 1460 requiem
3110 1389 3310 1446 adher-

1713 1486 1878 1544 tatur,
1909 1476 2238 1532 voluntatem
2287 1479 2461 1535 Patris
2508 1481 2619 1550 jam
2665 1481 2731 1536 de
2762 1481 2915 1536 nobis
2955 1497 3178 1539 securus
3217 1500 3311 1539 ex-

1709 1577 1934 1639 spectat,
1969 1569 2157 1625 dicens
2177 1613 2190 1636 ,
2229 1569 2350 1625 Fiat
2373 1574 2605 1628 voluntas
2637 1583 2725 1629 tua
2757 1591 2776 1629 :
2803 1576 2925 1647 quia
2955 1577 3309 1633 transiturum

1713 1662 1765 1717 in
1797 1677 1895 1719 nos
1922 1663 2143 1719 calicem
2186 1665 2397 1731 bibens,
2431 1667 2799 1723 infirmitatem
2828 1672 3073 1740 corporis
3099 1672 3308 1739 nostri,

1712 1763 1767 1810 et
1787 1755 1996 1811 timoris
2025 1755 2469 1824 sollicitudinem,
2519 1770 2570 1815 et
2604 1760 2778 1831 ipsum
2825 1762 3070 1818 dolorem
3119 1766 3310 1820 mortis

41 1875 137 1915 non
159 1867 252 1914 tam
273 1873 360 1929 per
381 1855 650 1912 Christum
673 1853 747 1927 (b)
769 1851 910 1909 vinci
937 1851 1232 1917 diabolum,
1259 1844 1419 1920 Quam
1442 1847 1605 1903 etiam
1635 1855 1684 1915 Β
1710 1848 2043 1904 absorberet.
2060 1849 2213 1916 Quod
2235 1860 2416 1905 autem
2435 1851 2502 1906 ad
2517 1867 2612 1906 eos
2627 1862 2924 1922 revertens,
2947 1856 3312 1912 dormientes-

39 1969 127 2024 per
145 1953 251 2023 ejus
270 1949 556 2020 discipulos
577 1947 881 2018 Oportebat.

101 2048 151 2101 9.
193 2044 350 2100 Metus
389 2042 577 2097 Christi
611 2057 792 2107 causa,
835 2037 1110 2108 inﬁrmitas
1134 2046 1328 2093 nostra.
1361 2066 1433 2077 —
1473 2035 1604 2090 Post

39 2153 146 2211 quae
169 2137 230 2193 ad
255 2135 538 2208 discipulos
567 2134 725 2200 redit,
755 2143 809 2189 et
838 2131 1171 2188 dormientes
1198 2127 1555 2200 deprehendit
1586 2146 1600 2185 :

40 2242 80 2286 3t
106 2232 314 2287 Petrum
338 2228 577 2298 coarguit
619 2242 717 2282 cur
760 2241 944 2282 secum
977 2241 1082 2280 una
1115 2224 1304 2279 saltem
1336 2222 1467 2278 hora
1499 2235 1605 2277 non

39 2327 101 2395 ξε)
153 2323 327 2396 vigilet
363 2324 435 2393 (ᾖ
456 2324 573 2396 ll).
613 2321 831 2377 Petrum
875 2320 997 2376 ideo
1020 2335 1086 2376 ex
1117 2319 1304 2386 tribus,
1338 2319 1461 2390 quia
1492 2331 1604 2389 prce

40 2418 226 2472 ueteris
253 2431 354 2472 non
377 2431 436 2471 se
465 2413 953 2470 scandalizaturum
990 2413 1164 2469 fuerat
1193 2412 1473 2484 gloriatus.
1499 2409 1604 2467 Su-

39 2510 242 2566 )erioris
289 2518 462 2565 autem
511 2518 688 2566 melus
732 2509 815 2563 sui
865 2507 1064 2564 indicat
1105 2522 1328 2574 causas,
1375 2504 1602 2572 dicens,

39 2607 177 2660 'Irate
205 2621 265 2658 ne
290 2604 485 2658 intretis
526 2604 580 2658 in
619 2603 947 2657 tentationem
973 2601 1045 2676 (ᾗ
1093 2600 1207 2673 41).
1235 2599 1348 2654 Hoc
1366 2607 1483 2654 erat
1511 2597 1608 2669 igi-

44 2713 104 2752 nr
147 2695 283 2765 quod
322 2695 568 2761 volebat;
604 2702 668 2770 et
723 2693 844 2748 ideo
892 2693 947 2748 in
993 2691 1239 2748 oratione
1273 2688 1603 2756 tradiderat,

39 2790 133 2845 ion
164 2788 379 2845 inducas
407 2804 507 2844 nos
537 2789 589 2844 in
636 2788 1008 2854 tentationem,
1053 2802 1121 2842 ne
1146 2785 1272 2858 quid
1303 2786 1356 2841 in
1386 2799 1486 2840 nos
1515 2785 1603 2840 in-

39 2884 250 2940 irmitati
270 2883 447 2939 carnis
467 2883 658 2938 liceret
680 2881 895 2956 (Matth.
928 2897 978 2936 vr
1001 2922 1016 2946 ,
1059 2882 1169 2951 15).
1202 2879 1312 2936 Cur
1329 2888 1508 2935 autem
1538 2893 1607 2935 ne

39 2993 64 3030 ιι
97 2976 440 3032 tentationem
469 2977 714 3032 venirent
743 2991 900 3032 orare
931 2991 1025 3032 eos
1072 2974 1465 3042 admonuisset,
1512 2989 1603 3029 os-

39 3069 177 3123 endit
204 3068 389 3125 dicens
413 3111 429 3136 ,
459 3069 690 3141 Spiritus
726 3069 931 3142 quidem
957 3079 1248 3142 promptus,
1283 3085 1405 3124 caro
1434 3078 1605 3124 autem

41 3163 232 3229 tﬁrma,
263 3178 368 3218 non
417 3163 602 3235 utique
629 3163 696 3220 de
734 3178 794 3219 se
827 3182 840 3219 :
871 3163 938 3218 ad
983 3178 1078 3219 eos
1120 3165 1265 3219 enim
1313 3163 1400 3219 hic
1426 3177 1606 3218 sermo

1707 1955 1814 2012 que
1839 1938 2005 2012 804
2032 1942 2332 2011 reperiens,
2363 1944 2593 2012 primum
2636 1960 2888 2001 reversus
2915 1947 3160 2018 objurgat
3179 1991 3194 2016 ,
3225 1963 3314 2005 se-

1707 2033 1886 2088 cundo
1907 2033 2051 2101 silet,
2076 2034 2237 2090 tertio
2253 2034 2535 2106 quiescere
2554 2036 2706 2107 jubet
2731 2058 2744 2091 :
2776 2038 2914 2094 ratio
2931 2040 3031 2095 ista
3045 2050 3144 2108 est,
3166 2041 3312 2111 quod

1712 2126 1944 2195 primum
1995 2134 2118 2196 post
2143 2128 2596 2184 resurrectionem
2629 2130 2907 2201 dispersos
2949 2146 3044 2187 eos
3073 2141 3128 2186 et
3166 2131 3311 2188 difﬁ-

1705 2219 1896 2275 dentes
1923 2234 1986 2274 ac
2028 2219 2268 2291 trepidos
2297 2220 2374 2292 (g)
2426 2221 2786 2292 reprehendet
2819 2244 2832 2279 :
2875 2223 3114 2280 secundo
3141 2226 3310 2281 misso

1709 2314 1911 2386 Spiritu
1941 2315 2234 2385 paracleto,
2269 2318 2506 2386 gravatis
2532 2317 2598 2372 ad
2641 2319 3006 2374 contuendam
3035 2319 3314 2391 Evangelii

1709 2412 2012 2468 libertatem
2063 2414 2274 2481 oculis,
2328 2415 2587 2471 visitabit.
2637 2415 2768 2471 Nam
2822 2417 3133 2487 aliquandiu
3178 2419 3313 2488 legis

1705 2519 1892 2561 amore
1917 2505 2155 2574 detenti,
2204 2507 2436 2578 quodam
2468 2507 2592 2564 ﬁdei
2648 2521 2838 2564 somno
2868 2508 3117 2579 occupati
3161 2519 3307 2564 sunt.

1708 2599 1894 2655 Tertio
1924 2616 2052 2656 vero
2077 2643 2092 2668 ,
2126 2601 2178 2656 id
2208 2611 2290 2658 est
2319 2601 2582 2657 claritatis
2628 2618 2741 2658 sua:
2773 2602 2947 2659 reditu
2971 2645 2986 2670 ,
3032 2604 3312 2660 securitati

1707 2709 1802 2751 eos
1830 2696 2103 2768 quietique
2131 2697 2394 2754 resﬁtuet.

2257 2789 2486 2848 CAPUT
2516 2791 2734 2848 XXXII.

1708 2879 1788 2937 De
1806 2880 1971 2950 Inda,
2001 2884 2090 2953 qui
2111 2893 2216 2937 erat
2248 2900 2380 2937 unus
2401 2885 2465 2938 de
2484 2884 2753 2940 duodecim
2777 2885 3066 2957 discipulis,
3083 2888 3314 2943 veniente

1778 2977 1845 3030 ad
1874 2975 2054 3031 Iesum
2076 2995 2188 3031 cum
2212 2978 2435 3047 plurima
2456 2979 2605 3033 turba
2626 2989 2680 3032 ut
2702 2996 2816 3034 eum
2837 2982 3059 3036 traderet
3077 2981 3174 3044 ;de
3193 2982 3280 3055 gla
3294 3010 3314 3023 -

1781 3070 1868 3124 dio
1886 3087 2036 3140 quem
2085 3070 2233 3138 iussit
2263 3069 2417 3125 Petro
2438 3080 2726 3127 convertere
2751 3073 2803 3126 in
2833 3072 3002 3127 locum
3028 3090 3198 3128 suum.

1780 3163 1831 3218 I.
1867 3161 1935 3216 In
1962 3162 2222 3218 Christum
2268 3163 2420 3217 nulla
2469 3173 2692 3236 potestas
2715 3164 2816 3218 nisi
2837 3182 2989 3235 quam
3017 3167 3313 3221 dederit.—

39 3269 306 3310 onversus
333 3265 436 3311 est.
489 3257 595 3310 Aut
649 3255 919 3326 quomodo
969 3272 1111 3312 nunc
1165 3257 1234 3315 de
1276 3270 1337 3311 se
1385 3255 1606 3325 spiritus
1633 3249 1677 3313 C
1713 3255 1779 3311 Et
1805 3256 1977 3311 adhuc
2028 3273 2086 3312 eo
2125 3257 2358 3327 loquente
2378 3254 2459 3328 (h)
2485 3273 2598 3312 ecce
2623 3256 2792 3310 ludas
2837 3274 2971 3312 unus
3006 3258 3069 3312 de
3110 3259 3309 3313 duode-

44 3359 319 3419 romptus,
367 3349 415 3404 si
465 3351 710 3421 superius
760 3351 930 3407 tristis
959 3359 1044 3406 est
1088 3350 1268 3406 anima
1325 3363 1494 3420 usque
1539 3347 1608 3403 ad

40 3441 288 3497 mrtem?
328 3440 435 3498 Sed
465 3442 670 3513 vigilari
703 3446 946 3515 prmcipit
969 3453 1025 3499 et
1055 3442 1223 3509 orari,
1254 3457 1322 3496 ne
1352 3441 1406 3496 in
1436 3450 1609 3497 tenta-

43 3549 207 3590 onem
234 3534 490 3601 incidant,
519 3551 585 3593 ne
615 3537 908 3594 inﬁrmitati
939 3537 1182 3606 corporis
1211 3534 1560 3591 succumbant
1592 3553 1607 3590 :

39 3635 49 3680 ι
83 3626 294 3682 idcirco
325 3627 370 3682 si
400 3629 656 3698 possibile
678 3639 760 3685 est
784 3639 844 3685 ut
872 3646 902 3685 a
931 3644 990 3686 se
1014 3638 1256 3684 transeat
1286 3628 1424 3684 calix
1452 3636 1605 3695 orat,

39 3721 120 3774 nia
152 3719 376 3776 bibendi
408 3722 524 3792 ejus
554 3738 682 3778 caro
703 3723 878 3778 omnis
901 3721 1112 3778 inﬁrma
1143 3722 1232 3777 sit.

67 3814 161 3869 10.
222 3813 413 3869 Passio
443 3814 633 3869 Christi
663 3817 898 3869 virtutem
927 3816 1072 3870 nobis
1113 3814 1326 3870 contulit
1356 3812 1604 3886 patiendi.

39 3936 58 3946 -
90 3905 336 3961 Rursum
369 3919 498 3961 vero
536 3905 823 3960 discedens
849 3906 1055 3971 oravit,
1083 3906 1292 3970 dicens,
1318 3903 1494 3971 Pater,
1527 3902 1607 3974 (d)

40 4016 93 4052 in
119 4010 292 4069 potest
315 3998 540 4052 transire
576 3996 715 4051 calix
733 3997 826 4050 iste
854 3997 952 4050 nisi
978 3995 1124 4050 illum
1155 3997 1318 4049 bibam
1346 3996 1370 4048 ?
1398 3996 1490 4064 ﬁat
1512 4009 1604 4046 vo-

44 4103 166 4147 ntas
195 4103 291 4149 tua
319 4091 511 4166 (Ibid.,
535 4091 652 4164 ΔΞ).
684 4089 927 4145 Passuris
954 4087 1230 4158 discipulis
1252 4101 1348 4158 per
1362 4085 1480 4141 lidei
1494 4085 1609 4156 jus-

40 4191 377 4258 icationem,
409 4205 623 4245 omnem
666 4189 718 4243 in
763 4202 821 4242 se
843 4187 1085 4257 corporis
1113 4186 1282 4240 nostri
1325 4183 1607 4239 infirmita-

39 4298 95 4336 m
128 4280 437 4353 assumpsit
479 4300 492 4336 :
541 4282 794 4352 crocique
848 4295 1030 4335 secum
1084 4280 1330 4334 universa
1377 4293 1439 4335 ea
1487 4278 1610 4349 qui-

39 4390 87 4429 IS
137 4375 217 4446 (e)
268 4374 680 4432 inﬁrmabamur
726 4372 920 4428 afﬁxit.
975 4371 1100 4428 Ideo
1142 4381 1362 4444 peccata
1419 4380 1608 4427 nostra

39 4476 198 4532 irtat,
227 4479 285 4521 et
320 4485 422 4538 pro
448 4470 600 4526 nobis
627 4469 809 4524 dolet:
843 4468 966 4538 quia
997 4467 1119 4523 ﬁdei
1152 4467 1205 4522 in
1247 4465 1402 4522 nobis
1423 4467 1608 4522 calore

39 4569 269 4628 rvente,
307 4576 434 4618 cum
462 4563 745 4620 adversum
769 4563 1040 4618 diabolum
1081 4562 1347 4633 passionis
1374 4562 1516 4618 bello
1539 4563 1608 4618 sit

39 4655 401 4710 :certandum
427 4698 442 4724 ,
475 4673 666 4714 omnes
702 4655 1128 4712 imbecillitatum
1161 4662 1467 4709 nostrarum
1497 4653 1598 4710 do-

40 4763 125 4802 ~es
152 4764 288 4804 cum
319 4765 553 4822 corpore
584 4751 699 4822 ejus
756 4761 810 4806 et
861 4748 1109 4819 passione
1154 4747 1476 4804 moriuntur.
1537 4748 1606 4804 Et

40 4855 104 4896 πο
131 4844 392 4898 transire
441 4844 508 4899 ab
546 4859 611 4900 eo
645 4845 782 4900 calix
824 4858 928 4898 non
958 4849 1155 4913 potest,
1206 4839 1310 4896 nisi
1353 4839 1503 4897 illum
1527 4841 1608 4896 bi-

39 4958 133 5032 (a)
201 4959 348 5014 Mss.
402 4959 559 5014 Rom.
585 5000 599 5024 ,
644 4961 797 5015 Colb.
828 4971 882 5016 et
908 4959 1071 5015 Carn.
1106 4974 1210 5032 non
1249 4967 1306 5011 ut
1359 4957 1604 5032 patiatur.

44 5029 117 5085 r.’
139 5040 202 5085 ut
231 5047 348 5085 non
381 5032 625 5101 patiatur.
665 5032 1063 5086 Prmferendum
1094 5029 1303 5101 videtur
1329 5045 1450 5101 cum
1487 5030 1608 5085 aliis

43 5103 131 5158 ris
151 5145 167 5167 ,
209 5114 271 5156 ut
298 5100 407 5157 non
429 5106 688 5173 patiantur
719 5119 737 5156 :
762 5117 880 5157 cum
914 5118 1017 5157 non
1046 5100 1278 5171 amplius
1303 5102 1370 5156 de
1390 5100 1608 5173 Christo

40 5190 166 5227 'mo
193 5175 276 5230 sit
297 5217 314 5236 .
353 5171 450 5230 sed
475 5172 542 5226 de
573 5173 880 5240 discipulis,
909 5188 1045 5241 quos
1074 5188 1195 5226 eum
1225 5173 1356 5226 nolit
1388 5171 1548 5227 Pater
1574 5188 1604 5225 a

39 5245 251 5300 ssione
283 5248 492 5301 liberos
511 5287 524 5311 ,
550 5245 628 5298 eis
654 5244 840 5298 saltem
870 5245 1027 5299 tribui
1056 5243 1302 5298 Christus
1330 5251 1503 5314 rogat,
1548 5251 1607 5299 ut

47 5319 341 5386 passione
374 5317 540 5372 fortes
561 5313 666 5370 sint
689 5323 847 5383 atque
871 5325 1199 5386 constantes.

64 5390 126 5455 b)
168 5390 232 5443 In
269 5404 378 5444 sex
407 5401 538 5444 mss.
571 5388 620 5440 vi
648 5387 817 5441 vinci:
847 5385 1082 5441 abundat
1103 5385 1293 5441 vocula
1313 5387 1384 5442 vi.

59 5458 122 5532 ε)
165 5461 387 5515 Plures
414 5473 544 5532 mss.
583 5474 684 5512 non
700 5457 939 5532 Avigilent.

39 5529 122 5603 ζα)
139 5532 266 5586 Hic
279 5547 354 5587 ex
367 5529 709 5603 punximussi
727 5529 1042 5603 auctoritate
1059 5530 1220 5585 trium
1240 5543 1506 5603 mss._cum
1521 5544 1610 5583 ea-

40 5599 418 5673 iiparticula
432 5601 727 5673 etiam,lib.
751 5616 787 5654 ι
807 5599 874 5654 de
893 5599 1044 5673 Trin.
1071 5618 1126 5655 n.
1153 5603 1242 5668 57,
1272 5600 1412 5673 absit
1430 5613 1606 5656 amss.

39 5671 129 5743 (cf
193 5675 314 5729 Ms.
365 5673 522 5728 Rom.
553 5671 940 5743 inﬁrmabatnr.
965 5672 1069 5727 Alii
1098 5687 1193 5728 sex
1214 5713 1226 5736 ,
1271 5672 1609 5740 inﬁrmamur.

39 5739 130 5819 ff)
159 5747 230 5803 S.
273 5747 526 5802 Thomas
567 5739 626 5828 ιιι
662 5760 716 5815 p.
743 5758 843 5827 χιι.
877 5739 968 5808 ιθ,
995 5743 1298 5828 adgnita-0
1328 5739 1494 5828 verba
1540 5744 1620 5801 sic

50 5830 149 5872 ter
199 5825 616 5875 commemorat
649 5833 663 5871 :
695 5824 816 5885 quia
863 5824 1096 5885 reparari
1127 5824 1224 5871 nisi
1250 5831 1313 5870 ea:
1356 5824 1468 5886 ejus
1499 5831 1618 5886 pus-

1713 3351 1811 3406 cim
1836 3350 1990 3418 venit,
2014 3359 2059 3404 et
2097 3365 2211 3403 cum
2253 3366 2312 3404 eo
2353 3351 2579 3421 plurima
2601 3351 2747 3405 turba
2775 3349 3018 3422 (Matth.,
3041 3368 3188 3419 xxvr,
3213 3355 3313 3409 47-

1712 3443 1825 3515 49).
1855 3442 1912 3497 In
1943 3441 2026 3497 his
2053 3441 2303 3498 omnibus
2334 3443 2601 3514 passionis
2618 3452 2701 3498 est
2731 3444 2885 3498 ordo.
2917 3445 3022 3499 Sed
3045 3446 3096 3500 in
3119 3447 3311 3502 osculo

1710 3535 1864 3591 .ludte
1907 3534 2023 3590 haec
2076 3533 2176 3588 fuit
2216 3534 2277 3607 (ἱ)
2335 3537 2473 3590 ratio
2524 3553 2536 3588 :
2581 3545 2638 3590 ut
2685 3537 3007 3592 doceremur
3062 3538 3312 3594 inimicos

1711 3647 1922 3700 omnes,
1967 3647 2170 3702 eosque
2217 3647 2354 3702 quos
2397 3632 2661 3687 sciremus
2698 3631 3054 3688 deszevituros
3108 3633 3160 3688 in
3207 3649 3309 3689 nos

1709 3740 1852 3793 esse,
1881 3723 2126 3795 diligere.
2156 3723 2411 3780 Osculum
2442 3724 2585 3778 enim
2625 3724 2742 3794 ejus
2772 3724 3030 3780 Dominus
3075 3741 3182 3781 non
3217 3741 3311 3781 re-

1710 3820 1872 3892 spuit.
1907 3818 2060 3887 Quod
2087 3828 2266 3873 autem
2298 3819 2370 3872 ait
2393 3817 2566 3887 .Iudze,
2593 3823 2678 3891 fac
2702 3819 2841 3890 quod
2868 3821 2995 3890 facis
3035 3819 3108 3894 (j)
3145 3821 3311 3876 tradi-

1712 3915 1874 3968 tionis
1922 3929 2034 3967 sua:
2082 3915 2411 3983 potestatem
2459 3914 2558 3966 sub
2606 3913 2754 3968 verbi
2808 3911 2966 3982 hujus
2991 3913 3308 3971 conditione

1713 4003 1995 4074 permittit.
2027 4001 2158 4056 Nam
2187 4004 2277 4072 qui
2325 4003 2463 4072 juris
2494 4003 2575 4056 sui
2606 4002 2838 4057 habebat
2871 4003 3160 4059 adversum
3195 4015 3305 4061 tra-

1710 4097 1911 4152 ditores
1955 4097 2219 4152 advocare
2265 4095 2342 4167 (k)
2384 4095 2664 4150 duodecim
2703 4096 2866 4150 millia
2897 4096 3168 4167 legionum
3208 4115 3304 4153 au-

1710 4191 1978 4263 gelorum,
2006 4189 2164 4260 longe
2206 4189 2416 4244 facilius
2449 4189 2606 4244 unius
2641 4187 2873 4243 hominis
2898 4197 2952 4244 et
2980 4188 3225 4244 consiliis
3250 4202 3308 4246 et

1710 4284 1916 4340 artibus
1939 4281 2198 4354 potuisset
2229 4282 2544 4354 occurrere(
2565 4281 2600 4351 ᾗ
2631 4279 2746 4354 55).
2768 4280 3008 4353 Denique
3022 4281 3197 4337 Pilato
3213 4282 3309 4336 ait:

1713 4375 1836 4431 Non
1865 4375 2073 4431 haberes
2100 4376 2152 4429 in
2183 4391 2262 4428 me
2287 4383 2604 4445 potestatem,
2626 4373 2726 4427 nisi
2746 4372 2866 4428 data
2897 4375 2984 4428 tibi
3009 4385 3135 4428 esset
3167 4372 3311 4447 (Job.

1713 4487 1832 4537 χιι,
1865 4469 1977 4542 ll).
2008 4469 2109 4525 Dat
2136 4470 2296 4541 igitur
2327 4470 2380 4524 in
2435 4484 2494 4524 se
2546 4478 2867 4537 potestatem
2907 4470 3166 4526 dicendo:
3191 4471 3304 4529 Fac

1708 4563 1846 4634 quod
1877 4564 2003 4634 facis
2049 4561 2230 4637 (Joan.
2283 4579 2403 4629 xm,
2444 4561 2536 4633 Ἦ)
2571 4562 2823 4618 :scilicet
2871 4564 2992 4633 quia
3020 4565 3313 4621 voluntatis
3365 4642 3367 4645 τ

1715 4657 1922 4711 crimen
1955 4671 2050 4727 pro
2078 4655 2201 4710 facti
2233 4665 2490 4729 pensatur
2519 4654 2744 4723 invidia,
2772 4671 2832 4711 re
2858 4668 3140 4728 perageret
3163 4658 3310 4729 quod

1710 4747 1981 4805 voluntate
2001 4747 2063 4821 (l)
2093 4750 2202 4818 jam
2231 4748 2448 4804 faceret.

1785 4843 1841 4898 2.
1871 4841 1970 4909 Qui
1990 4842 2163 4915 gladio
2202 4854 2348 4899 utens
2393 4844 2568 4914 gladio
2606 4843 2804 4915 peribit.
2833 4871 2906 4884 -—
2938 4840 3084 4898 Unus
3134 4852 3303 4899 autem

1713 4959 1857 5031 sione
1882 4975 1982 5031 non
2005 4975 2277 5031 possumus
2304 4959 2517 5031 :minus
2544 4958 2608 5031 ad
2638 4973 2775 5031 rem.

1784 5030 1858 5100 (g)
1881 5029 1954 5084 Ita
1995 5027 2096 5085 ius.
2119 5030 2282 5085 Carn.
2311 5046 2432 5085 cum
2473 5029 2628 5086 Colb.
2654 5030 2761 5085 Alii
2794 5043 2924 5085 vero
2953 5027 3099 5094 libri,
3131 5027 3313 5100 depre.

1714 5101 1909 5165 hendit,
1933 5110 1987 5156 et
2008 5116 2155 5156 mox.
2178 5103 2416 5156 visitavit.

1811 5171 1867 5246 h)
1898 5172 2207 5244 Adjecimus
2221 5190 2332 5228 ecce
2363 5175 2682 5246 auctoritate
2711 5188 2840 5246 mss.

1811 5176 1867 5246 h)
1898 5176 2207 5244 Adjecimus
2221 5190 2332 5228 ecce
2363 5176 2682 5229 auctoritate
2711 5188 2840 5228 mss.

1716 5304 1728 5328 ,4
1784 5176 1996 5328 iijl’ar.
2038 5260 2159 5299 cum
2194 5260 2326 5300 mss.
2355 5244 2507 5301 Colb.
2538 5245 2700 5300 Carn.
2749 5252 2805 5299 et
2830 5244 3014 5308 Rom.,
3058 5243 3166 5297 hwc
3204 5244 3308 5315 fuit

1711 5317 2145 5461 ιἀἅῗῖξιιιιιιιιρ
2168 5385 2456 5461 subjiciunt
2486 5388 2588 5461 cita
2609 5403 2628 5461 ς
2651 5384 3040 5461 refragantibus
3071 5400 3202 5461 mss.

1791 5457 1869 5531 (lt)
1917 5458 2058 5531 Editi
2077 5458 2193 5530 plus
2221 5475 2373 5531 quam
2411 5459 2679 5513 duodecim
2718 5459 2941 5531 legiones
2987 5457 3305 5531 angelorum.

1720 5527 1888 5586 Abest
1909 5529 2024 5600 plus
2044 5527 2192 5599 quam
2210 5527 2277 5583 ab
2295 5532 2542 5585 omnibus
2565 5543 2694 5582 mss.
2717 5527 2783 5583 ιη’
2795 5527 2964 5583 tribus
2979 5527 3312 5600 exstat,duo-

1723 5601 1886 5657 decim
1923 5599 2086 5654 millia
2106 5601 2345 5672 legiones.
2376 5601 2505 5655 Vide
2531 5607 2685 5655 tract.
2721 5617 2803 5667 ps.
2829 5614 2934 5660 LIV,
2967 5616 3027 5672 n.
3049 5599 3103 5654 6.

1797 5675 1861 5746 (l)
1909 5673 1963 5728 In
1997 5670 2239 5746 pluribus
2264 5688 2391 5746 mss.
2403 5673 2514 5744 jam
2544 5675 2729 5746 fecerat
2757 5688 2775 5725 :
2799 5672 2992 5746 rectius
3019 5671 3080 5746 in_
3100 5670 3220 5746 aliis
3247 5670 3313 5726 li-

1725 5741 1858 5812 bris,
1889 5743 2026 5816 quod
2050 5742 2260 5816 faceret,
2293 5741 2507 5816 ltoc'est
2529 5741 2670 5813 quod
2692 5742 2804 5812 jam
2835 5741 3011 5798 facere
3039 5742 3312 5812 significa-

1727 5815 1925 5873 turbis
1963 5815 2161 5883 verbis,
2195 5815 2329 5882 quod
2365 5815 2512 5882 facis.
