4046 6340
479 260 619 318 1οἷ5

1089 257 1336 316 SANCTI
1382 256 1638 315 HILARII
1677 255 1888 316 EPISC.
1933 255 2285 314 COMMENT.
2331 256 2394 312 IN
2433 255 2689 314 MATTII.
2727 257 2877 316 CAP.
2911 255 3155 314 XXXIII.

3641 251 3803 312 1076

477 374 1094 470 Σξξξέδίοηῖῗῗῖίῖῗηίῖἰ.³
1119 391 1194 470 .39.
1203 374 1519 470 X99113“.
1527 374 2050 470 ,ξίῗῗὲἓὲδίῖεθξὲῗίῖ
2083 409 2133 470 Α
2159 376 2310 470 ἳῖἒὲἓ·
2344 375 2791 470 ,ίῖίὶῗέξὲξέείξῗέ
2804 392 3017 470 Ξίῗὶνίέἱ
3047 387 3313 470 ί²ῗ¹ἕ¹ἷ¹ἓ³ἒᾷ¹¹
3345 377 3805 470 ιῖῗτεένῖῗίὲῗζ

478 447 646 502 dium.
684 446 939 518 _Denique
981 463 1076 503 cur
1119 447 1465 518 relinquatur
1492 446 2133 518 exclamat,idicens:7“
2169 447 2636 518 rumidoctrinam
2688 446 2922 504 infertur
2967 449 3020 503 in
3081 464 3300 506 vacuam
3347 446 3408 506 et
3453 447 3509 502 in
3535 446 3802 504 'noram

478 518 640 586 Deus,
673 516 813 572 Deus
839 516 1000 586 meus,
1028 535 1186 590 quare
1213 516 1292 590 me
1311 517 1624 586 dereliquisti
1657 518 1727 589 (Ῡ
1755 517 1906 590 ,46η
1959 516 2065 573 Sed

479 589 832 660 relinquitur;
883 590 1006 660 quia
1044 589 1163 645 erat
1208 589 1370 644 homo
1418 590 1577 644 etiam
1609 599 1782 644 morte
1811 603 2068 658 peragen-

479 662 600 718 dus.
631 659 768 728 Quin
801 659 960 716 etiam
999 660 1127 727 hoc,
1156 661 1300 732 quod
1341 675 1438 730 per
1473 661 1734 716 calamum
1785 660 1968 721 datum
2015 660 2068 716 in

488 733 712 802 spongia
741 740 953 803 acetum
981 747 1103 788 cum
1136 731 1394 803 putasset,
1443 732 1781 803 proclamans
1818 731 2066 803 Spiritum

497 801 750 869 reddidit,
773 802 1059 875 diligenter
1095 801 1174 875 est
1205 801 1568 875 contuendum
1612 801 1799 875 (Ibid,
1853 801 2068 875 48—50).

482 874 679 930 Vinum
723 884 778 931 et
825 873 998 929 honor
1041 883 1124 930 est
1162 874 1579 929 immortalitatis
1606 873 1660 928 et
1687 873 1879 939 virtus,
1925 873 2067 944 quod

520 961 579 1000 er
635 947 822 1000 vitium
875 957 966 1000 aut
1013 945 1234 1002 incurize
1289 945 1575 1002 autﬁm
1606 946 1746 1000 vasis
1794 946 2067 1000 inacescit.

479 961 579 1074 per
624 961 822 1027 vinum
875 961 978 1028 aut.
1013 962 1234 1002 incuriae
1289 961 1382 1000 aut
1408 961 1575 1028 δυε
1606 961 1746 1028 v_asrs
1794 961 2067 1026 inacescn.

509 1017 598 1073 loc
625 1027 783 1088 igitur
812 1033 935 1074 cum
968 1033 1021 1072 In
1051 1017 1221 1072 Adam
1254 1028 1556 1072 coacmsset
1580 1059 1594 1082 ,
1626 1032 1741 1088 ipse
1786 1027 1993 1087 accepit
2017 1025 2076 1072 et

485 1087 689 1158 potavit
716 1104 795 1160 ex
830 1088 1098 1160 gentibus.
1139 1088 1195 1144 In
1239 1089 1449 1144 calamo
1490 1088 1639 1160 enim
1665 1103 1733 1142 ex
1764 1087 2076 1160 spongiaut

482 1168 693 1231 potaret
722 1158 966 1226 offertur,
998 1161 1050 1214 id
1077 1168 1181 1228 est,
1215 1176 1280 1215 ex
1323 1159 1638 1229 corporibus
1672 1158 1922 1230 gentium
1947 1158 2075 1213 vitia

487 1239 755 1302 corrupta:
786 1232 1102 1286 mternilatis
1133 1232 1373 1302 accepit;
1403 1232 1531 1287 etin
1563 1245 1623 1286 se
1646 1239 1804 1302 atque
1845 1231 2070 1285 immor-

486 1303 706 1358 talitatis
734 1301 812 1375 (a)
858 1301 1291 1375 communionem
1328 1318 1403 1375 _ea
1452 1317 1572 1372 qua:
1616 1302 1668 1357 in
1724 1302 1878 1357 nobis
1922 1309 2077 1358 erant

484 1375 615 1429 vitia
640 1372 946 1430 transfudit.
973 1374 1212 1445 Denique
1239 1375 1291 1429 in
1318 1372 1548 1439 Joanne,
1579 1382 1698 1445 post
1745 1389 1902 1444 quam
1958 1387 2078 1445 per-

486 1455 790 1517 potaverat,
815 1445 986 1501 dixit:
1021 1444 1439 1501 Consummatum
1473 1455 1544 1499 est
1566 1444 1747 1517 (Joan.
1785 1460 1902 1517 nx,
1937 1444 2028 1517 '50)
2059 1458 2074 1496 ε

485 1515 609 1589 quia
636 1516 711 1644 ἓ)
740 1533 900 1573 omne
930 1518 1116 1572 vitium
1169 1518 1420 1572 humanae
1462 1516 1824 1585 corruptionis
1865 1515 2079 1571 hausis-

492 1599 594 1644 set.
689 1600 709 1643 t
754 1588 876 1644 uuia
929 1589 1062 1644 nihil
1107 1588 1372 1644 attendunt
1419 1596 1566 1643 esset
1608 1587 1940 1642 extrinsecus
1967 1585 2068 1644 (cl.

492 1585 594 1644 set.
641 1585 709 1644 Et
754 1588 876 1658 quia
929 1589 1062 1644 nihil
1107 1588 1372 1659 agendum
1419 1596 1566 1643 esset
1608 1587 1946 1659 extrinsecus
1967 1585 2068 1659 (ε),

489 1656 888 1731 spiritumfcum
918 1656 1165 1717 clamore
1182 1668 1237 1716 et
1268 1673 1396 1714 voce
1432 1672 1626 1731 magna
1653 1659 1833 1731 emisit
1862 1656 2076 1727 (Matth.

492 1730 662 1800 Xxvn,
686 1730 796 1794 50):
812 1730 1002 1801 dolens
1017 1747 1123 1788 non
1141 1731 1379 1786 omnium
1400 1745 1459 1786 se
1500 1730 1713 1800 peccata
1739 1730 1816 1801 (ιι)
1845 1738 2077 1796 portare.

2171 517 2410 591 requiem
2468 519 2658 591 lapidis
2693 519 2922 591 excisi:
2957 520 3163 575 scilicet
3212 522 3263 574 in
3318 530 3510 591 pectus
3563 518 3806 591 duritia:

2170 589 2388 658 geritilis
2415 589 2645 660 quodam
2669 590 2932 646 doctrina:
2951 607 3114 659 opere
3143 589 3380 648 excisum
3407 591 3675 647 Christus
3699 590 3808 644 in-

2173 661 2365 728 fertur,
2417 662 2548 716 rude
2577 661 2780 717 scilicet
2825 676 2888 716 ae
2935 679 3153 722 novum.
3203 677 3256 720 et
3304 665 3458 720 nullo
3499 673 3669 718 antea
3705 662 3810 715 in—

2171 745 2357 803 gressu
2400 732 2614 807 timoris
2646 732 2737 787 Dei
2791 733 3055 802 pervium.
3109 734 3178 790 Et
3222 737 3345 807 quia
3393 735 3530 789 nihil
3583 741 3812 807 prater

2173 819 2296 876 eum
2315 812 2569 876 oporteat
2602 803 2654 858 in
2677 813 2898 876 pectora
2921 814 3104 860 nostra
3129 803 3440 876 penetrare.
3469 807 3616 876 lapis
3642 803 3813 876 ostio

2173 874 2720 946 advolvitnrzutquia
2757 877 2932 931 nullus
2960 889 3118 932 antea
3133 874 3202 933 Vin
3223 894 3320 934 nos
3350 874 3549 933 divinze
3579 875 3806 946 cogni-

2177 947 2337 1019 tionis
2389 957 2576 1019 anctor
2627 945 2802 1019 fuerat
2845 947 3044 1019 illatus,
3069 950 3249 1006 nullus
3276 953 3480 1019 absque
3499 965 3572 1006 eo
3597 957 3814 1019 posita

2181 1016 2460 1092 inferatur.
2488 1016 2668 1072 Metus
2691 1018 3132 1092 Adeindeifnrandi
3164 1016 3411 1092 corporis
3452 1031 3510 1076 et
3541 1016 3812 1092 sepulcri

2183 1088 2425 1162 custodia
2458 1098 2618 1162 atque
2652 1088 2974 1160 obsignatio,
2996 1088 3445 1162 istultitize'atque
3491 1090 3811 1146 inﬁdelita-

2181 1161 2263 1232 tis,
2301 1159 2665 1232 testimonium
2712 1159 2794 1215 est
2824 1179 2835 1213 :
2868 1161 3013 1231 quod
3056 1163 3274 1232 signare
3317 1159 3640 1229 sepulcrum
3676 1162 3812 1230 ejus

2183 1231 2478 1313 voluerint,
2507 1231 2660 1313 cujus
2692 1243 2960 1303 praecepto
2989 1231 3404 1309 conspexissent
3431 1235 3500 1290 de
3533 1233 3811 1306 sepulcro

2187 1312 2458 1356 mortuum
2486 1312 2821 1358 suscitatum.

2253 1373 2306 1452 _9.
2351 1373 2670 1452 Resurrectio
2718 1375 2799 1452 die
2845 1375 3133 1434 Dominica.
3191 1380 3414 1451 Angelus
3459 1381 3581 1452 ejus
3610 1377 3806 1452 inde:

2182 1446 2376 1520 primus
2405 1462 2515 1498 cur.
2547 1443 2649 1500 Cur
2673 1445 2898 1515 primum
2946 1443 3408 1520 muliercuhe'ejus
3437 1443 3698 1504 consciit.
3725 1476 3806 1488 ——

2181 1517 2360 1595 hiatus
2383 1531 2509 1595 vero
2541 1525 2973 1595 terrmtemporc
3017 1525 3285 1595 matutino
3315 1517 3558 1595 '(Matth.
3589 1535 3804 1582 xxvm,

2181 1588 2260 1656 2),
2311 1587 2418 1642 diei
2471 1586 2725 1642 dominici
2777 1586 3191 1649 resurrectionis
3238 1586 3546 1649 est'virtus
3601 1609 3615 1643 :
3668 1605 3808 1646 cum

2183 1667 2410 1713 contuso
2443 1660 2633 1713 mortis
2663 1659 2870 1724 aculeo,
2905 1673 2958 1716 et
2998 1664 3308 1720 illuminatis
3337 1665 3485 1720 illius
3518 1661 3805 1725 tenebris.

2187 1737 2501 1798 resurgentc
2526 1730 2789 1785 Virtutum
2820 1732 3120 1789 caelestium
3162 1736 3412 1800 Domino,
3441 1734 3805 1790 infernarum

559 1805 613 1858 7.
649 1798 779 1877 Quae
805 1800 994 1857 Christi
1021 1798 1694 1877 mortemconsecuturum.
1919 1800 2077 1877 dein-
2109 1798 2155 1860 B
2185 1801 2469 1877 trepidatio
2509 1812 2896 1877 commovetur.
2944 1804 3180 1877 Angelus
3231 1798 3409 1862 autem
3445 1806 3676 1863 Domini
3733 1804 3808 1859 de

488 1889 614 1945 ceps
658 1874 834 1930 velum
883 1875 1068 1945 templi
1112 1872 1413 1930 scinditur:
1455 1873 1578 1944 quia
1609 1873 1803 1928 exinde
1850 1872 2076 1945 populus

490 1942 574 2002 est
624 1946 829 2002 divisus
878 1947 929 2000 in
974 1942 1175 2017 partes,
1225 1953 1280 2000 et
1326 1942 1653 2017 VCIIHIIOIIOI'
1677 1959 1800 1998 cum
1831 1942 2076 1998 custodia

489 2018 683 2088 Angeli
730 2015 1061 2087 protegentis
1108 2018 1366 2073 aufertur.
1417 2015 1648 2070 Movetur
1675 2025 1812 2088 terra
1851 2031 1870 2069 :
1907 2029 2077 2088 capax

499 2091 645 2145 enim
676 2087 837 2158 hujus
863 2091 1058 2144 mortui
1103 2104 1225 2146 esse
1273 2103 1379 2143 non
1423 2096 1650 2158 poterat.
1697 2087 1864 2142 Petrte
1907 2087 2078 2141 scisste

493 2169 660 2219 sunt:
711 2159 892 2214 omnia
921 2161 1062 2216 enim
1112 2171 1223 2216 tum
1274 2159 1449 2214 valida
1477 2168 1533 2214 et
1583 2159 1740 2214 fortia
1789 2168 2078 2227 penetrans

494 2233 590 2290 Dei
632 2231 854 2286 verbum
883 2240 937 2287 et
986 2240 1223 2303 potestas
1266 2241 1482 2286 interna:
1528 2234 1737 2289 virtutis
1784 2230 2070 2303 irruperat.

494 2307 564 2361 Et
584 2311 906 2359 monumenta
934 2302 1112 2374 aperta
1138 2315 1295 2361 sunt:
1323 2312 1478 2359 erant
1505 2306 1650 2361 enim
1682 2302 1871 2360 mortis
1895 2304 2074 2358 claus-

497 2389 574 2434 tra
605 2377 683 2449 (ε)
713 2385 972 2432 reserata.
1028 2376 1097 2432 Et
1148 2377 1312 2431 multa
1344 2390 1578 2449 _corpora
1620 2385 1914 2449 sanctorum
1960 2374 2080 2427 dor-

493 2445 756 2506 mientium
797 2459 1124 2503 surrexerunt
1148 2463 1167 2503 :
1190 2445 1502 2504 illuminans
1527 2449 1669 2503 enim
1708 2446 1896 2501 mortis
1927 2455 2078 2500 tene~

491 2523 640 2588 bras,
659 2529 713 2574 et
729 2516 1062 2576 infernarum
1085 2521 1313 2576 obscura
1334 2518 1679 2585 collustrans,
1698 2517 1752 2572 in
1773 2526 2079 2573 sanctorum

493 2595 562 2649 ad
605 2605 843 2662 praesens
871 2595 1308 2662 conspicatorum
1345 2593 1746 2647 resurrectione
1775 2590 1963 2647 mortis
1994 2590 2073 2660 ip-

492 2667 604 2720 sius
632 2663 800 2732 spolia
831 2663 1170 2723 detrahebat.
1203 2663 1272 2720 Ut
1296 2671 1475 2716 autem
1522 2664 1848 2720 infidelitatis
1878 2663 2082 2718 facinus

494 2735 677 2792 Israeli
735 2736 1199 2804 accumularetur;
1247 2735 1492 2792 centurio
1539 2745 1594 2792 et
1649 2733 1900 2791 custodes
1944 2734 2082 2787 hanc

497 2809 662 2864 totius
693 2816 900 2864 natura;
926 2810 1384 2879 perturbationem
1421 2819 1764 2875 contuentes,
1797 2806 1890 2862 Dei
1915 2804 2080 2862 filium

495 2879 822 2954 conﬁtentur
848 2879 1023 2954 (Ibid.
1046 2880 1258 2954 51-54).

566 2951 621 3006 8.
656 2949 936 3018 Sepultum
961 2951 1171 3008 Christi.
1199 2949 1268 2996 J—
1298 2953 1449 3020 Quod
1493 2960 1671 3006 autem
1699 2966 1728 3004 a
1773 2949 1971 3016 .Ioscph
2002 2963 2084 3003 ro-

493 3031 617 3094 gato
641 3021 812 3076 Pilato
826 3031 1090 3094 utcorpus
1112 3023 1381 3086 redderet,
1410 3035 1466 3080 et
1502 3023 1728 3077 sindone
1775 3021 2081 3094 involvitur,

494 3093 552 3148 ct
578 3094 630 3146 in
654 3093 1008 3149 monumento
1035 3109 1174 3149 novo
1205 3096 1259 3148 in
1309 3104 1458 3164 petra
1500 3096 1678 3164 excisa
1723 3093 2002 3164 reponitur
2030 3102 2085 3147 et

493 3179 682 3219 saxum
715 3165 1048 3238 monumenti
1096 3166 1234 3222 ostio
1263 3163 1564 3220 advolvitur
1614 3163 1774 3238 (Ibid.
1790 3163 1810 3231 ί,
1843 3163 2036 3234 58-60)
2066 3183 2080 3218 :

2179 1872 2328 1946 ωειοῄ
2343 1871 2696 1937 descendens,
2730 1885 2784 1928 et
2816 1871 3058 1946 lapidem'
3079 1879 3385 1946 revolvens,
3416 1891 3472 1934 et
3529 1877 3804 1945 sepulcro

2177 1944 3029 2021 adsidens,”-tnisericordi:c__l)ei
3063 1952 3228 2020 patris
3258 1944 3478 2021 insigne
3525 1944 3678 2021 est,
3706 1963 3802 2002 re-

2177 2014 2418 2086 snrgenli
2446 2016 2555 2072 lilio
2586 2015 2653 2069 ah
2685 2017 2868 2073 inferis
2900 2014 3166 2077 Virtutum
3179 2014 3500 2078 caelestium
3533 2019 3804 2074 ministe-

2178 2088 2255 2142 iia
2288 2088 2568 2163 mittentis.
2617 2088 2796 2163 Atque
2839 2087 2961 2163 ideo
3001 2094 3150 2162 prior
3190 2094 3307 2163 ipse
3353 2090 3800 2163 resurrectionis

2187 2170 2269 2215 est
2295 2159 2473 2235 index,
2509 2169 2567 2214 ut
2613 2162 2842 2235 quodam
2896 2159 3155 2220 famulatu
3200 2159 3442 2235 paterna:
3481 2161 3802 2218 voluntatis

2181 2233 2502 2286 resurrectio
2529 2230 2886 2287 nuntiaretur.
2919 2235 3024 2290 Sed
3054 2230 3336 2292 confestim
3367 2236 3649 2291 Dominus
3679 2247 3802 2287 mu—

2180 2303 2414 2358 lierculis
2468 2317 2563 2370 per
2615 2303 2862 2372 angelum
2903 2305 3202 2362 adhortatis
3229 2310 3517 2370 occurrit,
3549 2313 3610 2360 et
3661 2319 3802 2360 con-

2179 2377 2375 2447 salutat
2399 2373 2588 2447 (lbid.,
2620 2371 2676 2443 9)
2705 2393 2723 2447 4:
2755 2384 2810 2429 ut
2835 2377 3157 2433 nuntiaturus
3180 2377 3639 2444 exspectantibus
3688 2375 3804 2430 dis-

2179 2445 2382 2521 c‘ipulis
2411 2445 2914 2521 resurrectionem,
2971 2464 3077 2504 non
3139 2450 3318 2521 angeli
3370 2449 3561 2520 potius
3635 2461 3802 2521 quam

2185 2517 2384 2573 Christi
2426 2531 2525 2574 ore
2555 2520 2924 2588 loquerentur.
2961 2521 3115 2586 Quod
3145 2517 3273 2578 vero
3299 2517 3536 2589 primum
3571 2519 3803 2574 mulier-

2181 2590 2319 2645 culae
2368 2590 2652 2645 Dominum
2687 2589 2887 2656 vident,
2944 2593 3268 2656 salutantur,
3317 2593 3552 2663 genibus
3605 2589 3800 2644 advol-

2183 2673 2404 2728 vuntur,
2442 2663 2691 2734 nuntiare
2718 2663 2978 2734 apostolis
3002 2663 3291 2734 jnbentur;
3324 2664 3462 2719 ordo
3483 2663 3542 2734 in
3575 2669 3803 2716 contra-

2185 2734 2326 2790 rium
2356 2749 2534 2790 causa:
2565 2733 2871 2803 principalis
2897 2744 2981 2791 est
3007 2733 3288 2790 redditus:
3333 2746 3393 2789 ut
3421 2733 3546 2803 quia
3584 2747 3616 2786 a
3662 2747 3798 2788 sexu

2184 2809 2291 2862 isto
2319 2816 2491 2875 empta
2533 2821 2679 2859 mors
2725 2817 2889 2870 esset,
2942 2807 3044 2876 ipsi
3091 2806 3322 2876 primum
3368 2803 3797 2876 resurret'tionis

2183 2879 2351 2949 gloria
2381 2874 2434 2933 et
2460 2877 2607 2932 visus
2633 2886 2696 2949 et
2715 2877 2918 2933 fructus
2942 2874 2994 2933 et
3022 2874 3240 2949 nuntius
3262 2877 3607 2949 redderetur.
3637 2874 3796 2949 Emi-
3863 2902 3874 2910 η

2185 2947 2272 3004 tur
2304 2964 2434 3004 vero
2460 2965 2490 3004 a
2513 2948 2846 3014 custodibus,
2879 2949 2966 3013 qui
2998 2950 3177 3004 omnia
3198 2948 3315 3003 hac
3345 2947 3592 3003 viderant
3613 2947 3790 3018 811

2185 3029 2406 3090 argento
2436 3019 2845 3076 resurrectionis
2871 3022 2950 3090 (θ’)
2982 3020 3178 3076 Christi
3208 3021 3474 3075 silentium
3494 3059 3508 3078 .
3535 3027 3800 3090 etuleri—

2185 3088 2396 3148 dacium
2451 3091 2575 3146 furti
2627 3091 2830 3147 honore
2868 3088 3070 3147 scilicet
3120 3091 3301 3146 saeculi
3342 3100 3396 3146 et
3443 3088 3748 3159 cupiditate
3781 3129 3800 3153 ,

2189 3166 2266 3238 (g)
2291 3164 2414 3233 quia
2443 3163 2750 3238 inpecunia
2782 3162 2956 3238 hpnor
2979 3163 3099 3234 ejus
3125 3171 3230 3232 est,
3261 3160 3464 3218 Christi
3501 3158 3679 3232 gloria
3699 3158 3798 3214 de-

495 3213 1080 3306 ἱιῖίὲιῖίιῖιιὶᾶιὶἶὲἶὶᾝὲὲὶο
1100 3213 1418 3308 “galeam;
1434 3213 1911 3308 sissesisse;
1939 3213 2084 3290 esset.
2109 3213 2154 3275 C
2189 3213 2414 3307 lagae;
2431 3213 2752 3307 (Ῑῡξᾱῖξὶἐζ
2782 3213 2894 3304 is);

495 3321 738 3372 necesse,
769 3309 860 3378 qui
885 3307 1286 3365 resurrecturus
1317 3317 1461 3364 esset
1503 3323 1568 3364 ex
1609 3307 1865 3372 mortuis;
1899 3316 2078 3362 tamen

495 3393 602 3434 non
627 3379 744 3451 sine
769 3394 971 3451 _rerum
1001 3382 1300 3451 aliquarum
1350 3389 1622 3451 momento
1665 3393 1920 3446 expressa
1953 3386 2082 3451 sunt

497 3450 728 3533 singula.
760 3449 962 3521 Joseph
991 3449 1360 3533 apostolorum
1387 3450 1549 3506 habet
1581 3452 1830 3533 speciem
1856 3468 1868 3503 :
1898 3457 1953 3506 ct
1995 3449 2079 3503 id-

2255 3377 2309 3432 Ι.
2357 3375 2436 3446 (Ιι)
2488 3375 2752 3447 Principes
2801 3390 2919 3430 vero
2969 3374 3316 3447 sacerdotum,
3370 3371 3462 3440 qui
3522 3369 3804 3423 debuerant

2185 3444 2422 3504 converti
2451 3446 2519 3502 ad
2549 3444 2919 3516 paenitentiam,
2963 3455 3014 3500 et
3041 3444 3073 3500 J
3082 3462 3218 3500 esum
3245 3459 3478 3513 qutzrere
3523 3456 3804 3516 resurgen-

495 3511 642 3578 cirEo
671 3511 995 3593 quamquam
1022 3511 1078 3578 in
1107 3523 1392 3580 duodecim
1441 3511 1807 3593 apostolorum
1827 3591 1832 3593 _
1853 3535 2100 3585 numero.
2186 3531 2306 3586 tem,
2334 3511 2656 3593 perseverant
2683 3519 2738 3572 in
2764 3517 2964 3574 malitia
2986 3526 3082 3593 :_et
3106 3511 3393 3593 pecuniam,
3442 3528 3568 3586 qua:
3588 3511 3659 3565 ad
3689 3525 3804 3593 usus

498 3608 605 3665 non
623 3591 818 3665 fuerit,
851 3591 1147 3665 discipulus
1177 3594 1389 3648 Domini
1411 3591 1777 3665 nuncupatur.
1803 3591 1898 3646 Hie
1929 3608 2084 3665 mun-

497 3664 564 3718 da
591 3664 816 3718 sindone
843 3661 1042 3732 corpus
1073 3666 1315 3720 involvit.
1345 3665 1413 3718 Et
1436 3661 1654 3734 quidem
1686 3665 1737 3717 in
1767 3662 1868 3717 hoc
1893 3661 2083 3718 eodem

497 3735 662 3788 linteo
694 3736 992 3802 reperimus
1029 3735 1098 3790 de
1144 3735 1286 3790 caelo
1329 3735 1394 3788 ad
1440 3735 1657 3789 Petrum
1705 3735 2084 3790 universorum

495 3803 1036 3878 810animantium
1079 3821 1283 3876 genera
1330 3806 1615 3878 summissa
1668 3806 1804 3877 (Act.
1847 3804 2081 3878 xtlﬁ).

497 3876 578 3948 Ex
609 3891 716 3944 quo
765 3876 903 3932 forte
933 3893 1040 3932 non
1069 3878 1342 3948 superflue
1382 3876 1729 3948 intelligitur,
1779 3878 1879 3931 sub
1935 3876 2081 3930 lintei

502 3947 662 4016 hujus
714 3948 932 4004 nomine
972 3947 1290 4018 consepeliri
1337 3947 1551 4004 Christo
1594 3947 1883 4003 ecclesiam
1915 3966 1928 4000 :
1959 3949 2085 4016 quia

497 4027 608 4074 tum
656 4019 709 4075 in
753 4032 838 4083 eo,
891 4030 948 4077 ut
991 4021 1043 4077 in
1073 4020 1390 4077 confusione
1435 4020 1724 4084 ecclesiae;
1760 4019 2078 4074 mundorum

496 4100 659 4165 atque
685 4091 1083 4150 immundorum
1109 4092 1418 4148 animalium
1441 4091 1598 4148 fuerit
1625 4100 1877 4161 congesta
1903 4089 2078 4146 diver-

497 4208 590 4276 let,
625 4209 781 4265 adeat
824 4209 1111 4280 specialem
1143 4223 1208 4265 ea
1253 4208 1321 4265 de
1351 4223 1410 4265 re
1437 4207 1868 4265 dissertationem
1904 4210 1956 4263 in
1987 4223 2078 4279 ge-

499 4281 670 4353 nerali
699 4280 1031 4353 prmfatione.
1065 4281 1093 4353 §
1125 4280 1181 4353 Δρ

577 4351 652 4421 (a)
686 4349 758 4406 Ita
786 4367 917 4407 mss.
953 4349 1109 4407 Boni.
1141 4351 1294 4406 Colb.
1326 4360 1380 4404 et
1407 4349 1570 4405 Carn.
1619 4350 1827 4406 Clarius
1874 4360 2084 4420 repete-

503 4431 653 4476 retur
675 4423 988 4492 praepositio
1016 4423 1069 4476 in
1099 4430 1222 4478 ante
1249 4421 1667 4476 immortalitatis.
1717 4422 1820 4477 Alii
1865 4437 1993 4477 vero
2021 4422 2086 4476 li-

504 4492 607 4566 bri,
647 4494 997 4566 communione
1043 4511 1102 4566 ea
1145 4509 1260 4566 qua:
1301 4494 1356 4566 in
1405 4493 1548 4566 nobis
1586 4502 1739 4566 erant
1784 4493 1980 4566 vitiata.
2006 4493 2085 4566 _ln

504 4563 692 4618 eadem
740 4565 900 4618 verba
948 4563 1267 4621 AmbroSius
1317 4564 1439 4618 loco
1477 4564 1711 4632 laudato,
1745 4580 1800 4619 ιι.
1839 4565 1941 4619 124
1974 4563 2094 4618 :Vi-

505 4635 636 4688 tium
679 4644 932 4701 corrupta:
975 4653 1062 4704 per
1109 4637 1275 4690 Adam
1323 4636 1724 4689 immortalitatis
1776 4636 2005 4689 aboletur
2036 4636 2089 4689 in

505 4707 726 4778 calamo,
756 4715 808 4758 ut
839 4705 902 4759 de
927 4723 1139 4778 corpore
1164 4707 1516 4762 absorberetur
1541 4705 1788 4760 humano.
1828 4705 1943 4760 Nos
1968 4722 2096 4774 quo-

509 4793 605 4846 que
651 4777 774 4830 vitia
803 4784 979 4848 nostra
1007 4795 1098 4844 per
1124 4779 1374 4833 incuriam
1401 4778 1582 4832 mentis
1610 4778 1934 4848 corporisque
1961 4792 2086 4831 con-

507 4855 642 4900 creta
673 4847 1095 4917 transfundamus
1119 4850 1173 4903 in
1212 4849 1490 4904 Christum.

581 4917 655 4990 (b)
696 4917 1029 4975 Vocabulum
1073 4935 1220 4974 omne
1249 4935 1356 4975 non
1395 4926 1570 4974 exstat
1597 4918 1650 4972 in
1677 4919 1911 4990 quinque
1959 4933 2094 4974 mss.

511 4988 824 5045 Retinemus
873 4997 1053 5044 tamen
1085 5003 1204 5044 cum
1232 4990 1634 5056 sincerioribns,
1663 4988 1765 5044 hoc
1796 4988 2096 5059 postulante

509 5061 676 5116 verbo
698 5070 1103 5115 consummatum
1132 5071 1226 5126 est,
1275 5071 1327 5116 et
1371 5061 1656 5116 Ambrosio
1700 5062 2091 5127 consentiente,

510 5147 659 5186 nttm.
705 5131 829 5198 125,
881 5131 971 5187 ubi
1003 5130 1593 5188 habetzflonsununata
1633 5142 1748 5186 sunt
1797 5135 1988 5198 omnia,
2037 5149 2096 5187 eo

511 5202 647 5271 quod
667 5202 1296 5274 assumpttemortalitatis
1320 5203 1588 5274 impletum
1615 5214 1741 5258 esset
1785 5220 1931 5257 onme
1960 5221 2097 5274 mys-

511 5274 717 5340 terium,
781 5272 852 5328 et'
882 5273 1140 5329 exhaustis
1189 5272 1421 5329 omnibus
1473 5275 1638 5344 vitiis,
1700 5272 2098 5330 immortalitatis

511 5345 623 5398 sola
649 5345 828 5400 ltetitia
843 5347 1188 5400 remansisset.

585 5414 662 5486 (c)
690 5415 809 5484 Quo
838 5417 1090 5488 nimirum
1113 5419 1310 5473 invitus
1337 5415 1611 5472 amitteret
1635 5418 1902 5488 Spiritum,
1936 5431 2097 5488 quem

554 5488 636 5560 uia
662 5489 810 5560 nulla
838 5487 892 5542 vi
921 5499 1142 5544 externa
1175 5488 1344 5560 potuit
1371 5488 1639 5553 amittere,
1672 5490 1855 5544 volens
1883 5489 2081 5543 emisit.

554 5503 636 5540 uta
667 5503 810 5543 nutta
838 5504 892 5542 v1
921 5503 1142 5544 externa
1175 5503 1344 5560 potntt
1371 5503 1639 5553 amittere,
1672 5503 1855 5544 vmens
1883 5503 2081 5543 emtsnt.

514 5503 671 5624 δηθά
710 5560 842 5613 enim
861 5560 1128 5627 emittitur,
1158 5562 1499 5616 voluntarium
1530 5568 1636 5625 est;
1661 5560 1795 5629 quod
1823 5560 2098 5626 amittitur,

516 5631 880 5702 necessarium,
910 5631 1083 5702 inquit
1128 5630 1579 5702 Ambrosius,rlib.
1627 5645 1684 5702 Χῖ.
1732 5632 1783 5684 in
1836 5630 1992 5698 Luc.,
2042 5647 2096 5685 n.

522 5700 646 5753 127.
679 5701 916 5757 Subinde
943 5700 1082 5773 apud
1112 5703 1268 5769 Bad.,
1295 5705 1409 5771 En,
1429 5701 1712 5773 I.ips.etin
1732 5702 1966 5772 quinque
1995 5718 2098 5760 ms.

523 5787 634 5822 rum
663 5774 882 5828 clamore
905 5776 1037 5830 vocis
1058 5790 1270 5840 tltttqtta’.

2117 4523 2172 4583 D

2189 3583 2361 3664 templi
2397 3591 2517 3645 data
2544 3593 2732 3664 fuerat,
2775 3599 2975 3644 uertunt
3005 3589 3060 3642 in
3106 3583 3516 3664 redemptionem
3585 3583 3804 3664 tuenda:

2188 3652 2438 3727 cii,'sicut
2466 3652 2582 3715 ante
2603 3652 3293 3734 trigintaargenteos_.ludtei
3322 3656 3583 3734 (liieron.
3620 3652 3800 3734 ωδε)

2190 3734 2433 3788 dederant
2485 3728 2756 3800 proditori.
2807 3728 2996 3786 Omnes
3038 3730 3225 3801 igitur,
3272 3731 3360 3798 qui
3375 3728 3561 3801 stipe
3601 3728 3796 3790 ternph,

2187 3816 2234 3858 et
2275 3807 2353 3859 his
2401 3798 2514 3877 quia
2557 3806 2891 3877 conferuntur
2927 3803 2997 3856 ad
3025 3798 3452 3877 uiusb‘cclesite,
3502 3798 3794 3877 abutantur

2201 3877 2254 3930 in
2277 3877 2398 3949 aliis
2415 3870 2595 3949 rebus,
2627 3870 2808 3949 quibus
2852 3891 3000 3930 suam
3047 3874 3283 3949 expleant
3329 3870 3796 3949 voluntatemasio

2190 3948 2333 4002 miles
2382 3956 2501 4001 sunt
2552 3940 2857 4001 Scribarum
2913 3955 2961 4000 et
3007 3940 3352 4008 sacerdotum,
3422 3940 3795 3996 redimendum

2187 4019 2509 4092 mendacium
2531 4028 2576 4092 et
2604 4019 2904 4092 sanguinem
2933 4015 3241 4092 Saluatoris.
3301 4085 3313 4092 _
3340 4087 3352 4092 _
3563 4083 3578 4092 ἢ
3662 4081 3700 4092 Α
3745 4080 3776 4092 __

2257 4091 2312 4146 2.
2342 4089 2602 4146 Undecim
2631 4081 2816 4144 auium
2843 4087 3089 4158 discipuli
3119 4088 3238 4158 ejus
3266 4085 3533 4142 abierunt
3563 4083 3622 4139 in
3657 4081 3802 4138 Gali-

2252 4208 2333 4277 (d)
2367 4206 2529 4270 Editi,
2555 4216 2731 4278 potare
2753 4220 2772 4258 :
2800 4204 3151 4278 renitentibus
3177 4217 3312 4258 mss.

2255 4271 2326 4351 (ε)
2354 4278 2476 4333 Par.
2501 4271 2623 4353 cum
2657 4290 2786 4332 mss.
2810 4274 3295 4353 Colb.,Carn_ul.et
3317 4271 3482 4353 δοίη.
3505 4271 3814 4353 (exquirite.

2188 4342 2681 4408 De‘r'esurrectione
2703 4358 3034 4407 sanctorum.
3062 4346 3156 4417 qui
3185 4355 3296 4401 tum
3325 4342 3694 4417 Jerosolymis
3722 4343 3815 4417 visi

2187 4429 2332 4488 sunt,
2362 4419 2484 4475 vide
2512 4421 2792 4474 observata
2823 4419 2929 4474 col.
2955 4419 3063 4474 2·Ιὸ
3081 4414 3251 4488 hujus
3303 4415 3560 4488 editiom,
3593 4423 3723 4488 not.
3763 4414 3813 4468 Δ.

2269 4483 2338 4566 (f)
2369 4491 2426 4546 In
2459 4491 2572 4546 sola
2602 4488 2736 4566 edit.
2785 4489 2908 4566 Par.
2938 4483 3321 4566 resurrectionis
3340 4486 3582 4566 _Cl_t_r_isti.
3637 4483 3798 4566 Prie-

2206 4557 2342 4638 cipias
2375 4578 2515 4630 vero,
2546 4561 2761 4616 omissis
2785 4559 3140 4638 integmediis.
3175 4559 3268 4614 His
3309 4557 3506 4638 similia
3551 4567 3691 4612 sunt
3728 4557 3816 4610 illa

2203 4627 2383 4692 Tract.
2433 4627 2514 4704 ps.
2549 4648 2735 4699 vam,
2774 4649 2828 4686 η.
2861 4633 2932 4689 25
2963 4648 2977 4687 :
3007 4631 3274 4704 Quatenus
3318 4627 3588 4704 silentium
3627 4643 3812 4682 resur-

2203 4700 2450 4762 rectionis
2471 4705 2684 4772 pecunia
2704 4704 2980 4758 emerint...
3013 4703 3280 4775 cognitum
3305 4709 3500 4775 est__:_et
3529 4700 3588 4754 in
3622 4714 3716 4769 ps.
3747 4714 3806 4775 tu,

2202 4796 2255 4834 n.
2290 4777 2356 4832 12
2383 4795 2396 4830 :
2428 4771 2528 4844 Qui
2553 4775 2936 4830 resurrectionis
2975 4771 3297 4828 silentiumr:
3322 4771 3598 4839 militibus,
3637 4779 3691 4825 et
3738 4773 3820 4842 {a-

2201 4865 2338 4905 mem
2364 4849 2524 4918 furati
2553 4848 2782 4914 corporis
2810 4853 3058 4914 emerant,
3087 4854 3191 4918 etc.

2277 4914 2441 4992 (g)'ln
2470 4933 2599 4974 mss.
2627 4919 2782 4992 Colb.
2812 4926 2868 4974 et
2903 4918 3066 4974 Cara.
3099 4915 3479 4972 desiderantur
3517 4914 3822 4986 sequentia

2204 4987 2361 5059 hujus
2390 5005 2536 5045 num.
2581 4987 2739 5044 verba
2751 5029 2764 5042 .

2273 5056 2352 5135 (Ii)
2379 5061 2540 5135 Quod
2565 5061 2836 5135 sequitur,
2861 5059 3110 5135 primum
3161 5058 3430 5135 vulgatum
3482 5057 3647 5135 estin
3698 5056 3825 5112 edi-

2201 5127 2347 5189 tione
2378 5127 2664 5187 Parisiensi
2695 5147 2785 5187 an.
2812 5127 2980 5194 ⁷1605,
3009 5139 3064 5186 et
3087 5139 3146 5184 ut
3167 5130 3382 5200 quidem
3404 5127 3823 5199 coniectamus,

2199 5220 2266 5260 ex
2315 5219 2415 5259 ms.
2465 5218 2606 5258 nunc
2651 5200 2803 5259 Colb.
2861 5217 3021 5271 quem
3069 5217 3238 5256 unum
3289 5211 3414 5254 tunc
3466 5201 3817 5254 recensitum

2201 5275 2386 5337 fuisse,
2422 5274 2576 5330 facile
2614 5273 2914 5345 intelligere
2939 5282 3044 5328 est.
3079 5273 3268 5328 Exstat
3299 5272 3472 5345 etiam
3496 5276 3570 5345 ad
3599 5271 3824 5325 calcent

2201 5363 2307 5406 ms.
2353 5346 2601 5411 Carnut.,
2653 5344 2748 5400 sed
2793 5342 2972 5400 altero
3013 5353 3069 5399 et
3107 5342 3412 5399 recentiore
3460 5343 3821 5396 charactere.

2209 5419 2308 5474 llic
2333 5417 2582 5473 adsulum
2621 5426 2703 5471 est
2732 5431 2796 5471 ex
2829 5416 3224 5471 commentario
3248 5414 3586 5484 Hieronymi,
3619 5413 3826 5484 primis

2207 5489 2483 5546 dumtaxat
2507 5487 2686 5543 verbis
2713 5488 2959 5553 mutatis;
2988 5486 3124 5542 adeo
3159 5495 3219 5541 ut
3240 5483 3471 5555 positum
3501 5484 3575 5537 sit
3600 5501 3616 5538 :
3651 5483 3827 5538 Prin-

2207 5562 2343 5629 cipes
2390 5576 2506 5614 vero
2543 5560 2888 5622 sacerdotum,
2941 5558 3029 5612 ubi
3073 5557 3214 5629 apud
3266 5557 3822 5629 llieronymumhest,

2210 5625 2301 5688 Illi
2328 5647 2462 5686 vero.
2493 5631 2604 5686 Nec
2627 5631 2756 5688 latet
2787 5629 3022 5686 voluisse
3072 5625 3400 5700 quempiam
3427 5627 3588 5700 hunc
3621 5625 3824 5700 Hilarii

2210 5703 2654 5827 comlmentarium
2701 5702 2767 5759 ad
2818 5697 3107 5773 postrema'
3135 5697 3305 5772 usque
3354 5697 3592 5755 Mattltzei
3638 5698 3820 5754 verba

2211 5791 2322 5827 ΒΕΓ(
2343 5790 2520 5827 uccre.

2211 5790 2520 5844 perducere.
