4128 6406
316 513 3773 545 Μ

319 543 3776 572 MM

1325 678 2782 854 ΚΑΗΜΕΝΤΟΣ

713 939 3384 1122 ΤΟΥ,ΑΛΕΞΑΝΔΡΕΩΣ

1449 1218 2645 1351 ΣΤΡΩΜΑΤΕΩΝ
2794 1399 2797 1401 ἓ

957 1445 1217 1543 ΤΩΝ
1302 1450 1501 1545 ΕΙΣ
1588 1449 1932 1547 ΟΚΤΩ
2012 1452 2419 1551 ΛΟΓΟΣ
2503 1454 3151 1552 ΠΕΜΠΤΟΣ.

537 1775 1837 1950 CLEMENTIS
1966 1661 3551 1953 dLEXANDRINI

1527 2046 2585 2174 STROMATUM

1346 2256 1847 2354 LIBER
1977 2257 2740 2373 QUINTUS.

1635 2589 1791 2647 288
1828 2589 2070 2647 CAPUT
2111 2591 2397 2649 PRIMUM
2410 2631 2424 2651 .

1917 2708 1991 2765 De
2044 2706 2151 2779 ﬁde

356 2833 494 2907 Περὶ
533 2836 631 2908 μὲν
664 2837 769 2889 τοῦ
802 2836 1121 2909 γνωστικοῦ
1148 2836 1384 2889 τοσαῦτα
1432 2833 1507 2896 ὡς
1554 2832 1606 2888 ἐν
1666 2830 1967 2908 ἐπιδρομῇ·
1998 2835 2054 2901 Α

292 2927 575 2999 χωρῶμεν
608 2920 669 2978 δὲ
697 2919 817 2993 ἤδη
850 2921 944 2978 ἐπὶ
976 2922 1043 2978 τὰ
1073 2922 1220 2993 ἑξῆς,
1252 2923 1343 2977 καὶ
1390 2920 1456 2992 δὴ
1487 2924 1587 2991 τὴν
1648 2923 1828 2978 πίστιν
1886 2919 1978 2976 αὗ-

292 3015 381 3074 Θις
415 3011 762 3088 διαθρητέον.
801 3011 928 3069 Εἰσὶ
956 3013 1058 3086 γὰρ
1091 3013 1143 3066 οἱ
1172 3012 1271 3081 τήν
1303 3013 1397 3085 μὲν
1450 3015 1523 3085 (1)
1570 3012 1749 3067 πίστιν
1811 3014 1973 3084 ἡμῶν

298 3101 429 3174 περέ
461 3107 558 3156 τοῦ
606 3103 757 3169 ι’ἱοῦ,
812 3102 917 3171 τὴν
972 3098 1028 3156 δὲ
1067 3094 1267 3177 γνῶσιν
1326 3101 1451 3177 περὶ
1501 3106 1599 3156 τοῦ
1657 3101 1974 3174 Πνεύματος

297 3192 436 3245 εἶναι
476 3188 919 3253 διαστέλλοντες.
952 3189 1165 3259 Λέληθε
1196 3189 1254 3245 δὲ
1280 3189 1497 3257 αὐτοὺς,
1554 3192 1637 3245 ὅτι
1694 3191 1974 3245 πιστεῦσαι

307 3280 409 3353 μὲν
438 3279 659 3347 ἀληθῶς
706 3284 789 3352 τῷ
836 3281 950 3353 Υἱῷ
983 3278 1085 3345 δεῖ,
1121 3281 1203 3335 ὅτι
1232 3301 1291 3335 τε
1324 3281 1457 3348 Υἱὸς,
1522 3280 1612 3335 καὶ
1644 3278 1729 3334 ὅτι
1785 3278 1974 3349 ἦλθεν,

303 3371 397 3425 καὶ
430 3375 569 3439 πῶς,
597 3369 690 3424 καὶ
724 3366 816 3424 διὰ
841 3368 916 3437 τί,
947 3370 1038 3424 καὶ
1070 3371 1191 3444 περὶ
1234 3374 1331 3424 τοῦ
1379 3371 1610 3435 πάθους*
1653 3374 1857 3444 γνῶναι
1919 3365 1978 3423 δὲ

300 3459 543 3533 ἀνάγκη,
590 3460 681 3521 τίς
730 3459 872 3513 ἐστιν
925 3460 954 3513 ὁ
985 3460 1110 3520 Υἱὸς
1158 3462 1256 3514 τοῦ
1303 3464 1459 3516 Θεοῦ.
1490 3456 1633 3528 Ἤδη
1668 3456 1727 3513 δὲ
1759 3455 1883 3513 οὔτε
1939 3459 1974 3527 ἡ

299 3552 507 3623 γνῶσις
536 3545 661 3602 ἄνευ
721 3548 982 3616 πίστεως,
1039 3545 1154 3602 οὔθ’
1191 3550 1226 3617 ἡ
1276 3546 1461 3612 πίστις
1514 3544 1639 3602 ἄνευ
1696 3548 1975 3623 γνώσεως.

302 3636 383 3695 Οὐ
415 3638 525 3711 μήν
561 3635 688 3692 οὐδὲ
721 3637 750 3692 6
781 3637 972 3708 Πατὴρ
1003 3635 1128 3692 ἄνευ
1154 3639 1304 3692 Υἱοῦ·
1367 3639 1481 3710 ἅμα
1508 3637 1610 3713 γὰρ
1651 3640 1730 3706 τῷ
1781 3638 1975 3711 Πατὴρ

300 3727 431 3782 Υἱοῦ
482 3728 698 3800 Πατήρ.
747 3726 874 3788 Υἱὸς
920 3722 979 3781 δὲ
1023 3725 1149 3800 περὶ
1197 3725 1409 3801 Πατρὸς
1455 3724 1672 3795 ἀληθὴς
1718 3722 1979 3780 διδάσκα-

302 3815 422 3877 λοςο
456 3815 547 3870 καὶ
599 3813 697 3870 ἵνα
751 3835 837 3877 τις
895 3813 1158 3888 πιστεύσῃ
1215 3818 1297 3886 τῷ
1346 3815 1481 3887 Υὶῷ,
1512 3818 1712 3888 γνῶναι
1743 3811 1825 3869 δεῖ
1880 3813 1974 3868 τὸν

304 3906 542 3980 Ηατὲρα,
592 3904 736 3980 πρὸς
792 3904 851 3959 ὃν
879 3905 968 3959 καὶ
1022 3903 1050 3957 ὁ
1080 3901 1226 3964 Υἱός.
1281 3901 1446 3965 Αὖθίς
1491 3923 1570 3965 τε,
1597 3900 1691 3957 ’ίνα
1719 3903 1812 3958 τὸν
1866 3904 1976 3959 Πα-

304 4002 435 4065 τέρα
463 3999 823 4069 προγνῶμεν,
873 3998 1156 4049 πιστεῦσαι
1198 3991 1285 4048 δεῖ
1336 3997 1415 4064 τῷ
1472 3995 1603 4063 Υἱῷ,
1665 3991 1748 4048 ὅτι
1810 3994 1838 4047 6
1881 3996 1980 4047 τοῦ

306 4089 444 4140 Θεοῦ
506 4084 631 4146 Υἱὸς
663 4081 928 4139 διδάσκει·
959 4081 1021 4139 ἐκ
1072 4081 1311 4146 πίστεως
1356 4083 1456 4157 γὰρ
1520 4082 1597 4146 εἷς
1652 4088 1854 4157 γνῶσιν
1891 4079 1982 4137 διὰ

306 4175 435 4228 ι’ἱοῦ
463 4176 681 4249 Πατήρ.
716 4176 922 4236 Γνῶσις
971 4169 1030 4227 δὲ
1071 4171 1202 4226 Υὶοῦ
1240 4170 1329 4226 καὶ
1360 4170 1575 4243 Πατρὸς
1622 4172 1658 4240 ἡ
1719 4172 1856 4225 κατά
1884 4171 1976 4225 τὸν

2014 4218 2061 4282 Β

2236 2833 2316 2889 De
2330 2833 2605 2891 Gnostico
2629 2834 2888 2907 quidem,
2908 2835 3030 2891 hac
3061 2835 3499 2909 quodammodo
3530 2832 3751 2891 cursim

2088 2940 2299 2980 sumus
2330 2923 2653 2995 persecuti;
2689 2926 2809 2996 jam
2841 2929 3038 2981 autem
3069 2941 3390 2998 pergamus
3421 2925 3496 2981 ad
3525 2941 3593 2980 ea
3623 2940 3756 2996 qum

2086 3012 2366 3084 deinceps
2397 3019 3064 3085 consequuntur.Atque
3094 3015 3243 3070 ﬁdes
3273 3014 3514 3085 quidem
3545 3030 3754 3070 rursus

2088 3106 2177 3157 est
2203 3102 2674 3169 consideranda;
2720 3109 2862 3158 sunt
2909 3103 3066 3159 enim
3101 3104 3201 3176 qui
3243 3107 3327 3159 ita
3356 3104 3751 3173 distinguant,

2089 3196 2155 3246 ut
2186 3191 2361 3246 ﬁdem
2384 3192 2625 3263 quidem
2642 3195 2905 3248 nostram
2921 3210 3051 3248 esse
3072 3193 3140 3248 de
3160 3192 3327 3256 Filio,
3352 3191 3750 3263 cognitionem

2088 3284 2287 3336 autem
2318 3297 2445 3336 esse
2474 3282 2546 3335 de
2580 3280 2799 3353 Spiritu
2835 3282 3187 3337 dicant.Non
3207 3281 3753 3337 animadverterunt

2088 3372 2308 3434 autem,
2339 3370 2494 3441 quod
2528 3386 2661 3425 vere
2693 3372 2932 3440 quidem
2965 3371 3201 3427 credere
3231 3374 3465 3441 oportet
3500 3370 3668 3437 Filio,
3695 3374 3753 3425 et

2089 3459 2244 3529 quod
2271 3458 2472 3527 Filius,
2495 3463 2551 3513 et
2572 3461 2730 3529 quod
2762 3459 3005 3528 venerit,
3041 3465 3098 3515 et
3146 3477 3264 3531 quo
3302 3459 3497 3530 modo,
3530 3464 3588 3515 et
3619 3476 3751 3530 pro-

2088 3556 2215 3618 pter
2243 3548 2408 3618 quid,
2442 3554 2500 3602 et
2550 3549 2622 3603 de
2662 3549 2939 3620 passione
2970 3565 2984 3604 :
3020 3565 3194 3605 nosse
3251 3554 3450 3605 autem
3508 3564 3753 3605 necesse

2089 3643 2180 3693 est
2207 3638 2341 3709 quis
2376 3638 2453 3692 sit
2485 3637 2668 3694 Filius
2692 3637 2815 3694 Dei.
2835 3638 2866 3694 J
2875 3655 2970 3693 am
2996 3655 3129 3694 vero
3152 3654 3342 3710 neque
3362 3642 3453 3694 est
3481 3636 3746 3711 cognitio

2091 3725 2222 3782 sine
2254 3726 2389 3794 ﬁde,
2422 3743 2614 3798 neque
2645 3726 2793 3783 ﬁdes
2824 3727 2952 3784 sine
3001 3727 3355 3799 cognitione.
3405 3726 3517 3783 Sed
3561 3742 3753 3799 neque

2090 3819 2261 3871 Pater
2289 3822 2378 3871 est
2409 3817 2537 3871 sine
2573 3815 2712 3871 Filio
2741 3834 2756 3884 ;
2789 3817 2972 3872 simul
3005 3818 3160 3872 enim
3194 3833 3329 3872 cum
3360 3833 3449 3883 eo,
3474 3817 3630 3887 quod
3664 3818 3755 3872 est

2098 3907 2283 3973 Pater,
2316 3908 2407 3959 est
2435 3904 2562 3959 Filii
2614 3905 2803 3960 Pater.
2855 3905 3040 3962 Filius
3086 3912 3284 3962 autem
3336 3922 3515 3962 verus
3563 3909 3654 3961 est
3682 3906 3754 3961 de

2090 3994 2261 4049 Patre
2294 3993 2618 4065 magister:
2653 3999 2711 4049 et
2745 4001 2808 4050 ut
2860 3995 3062 4051 credat
3116 3994 3249 4067 quis
3306 3994 3476 4060 Filio,
3523 3997 3756 4065 oportet

2091 4098 2267 4139 nosse
2295 4085 2554 4149 Patrem,
2586 4082 2657 4137 ad
2692 4100 2867 4154 quem
2919 4086 3169 4139 refertur
3218 4084 3394 4140 etiam
3447 4081 3652 4139 Filius.
3686 4082 3755 4138 Et

2094 4187 2325 4238 rursus,
2360 4175 2426 4226 ut
2468 4171 2702 4226 Patrem
2745 4187 3317 4244 prmeognoscamus.
3352 4176 3584 4243 oportet
3621 4187 3749 4227 cre-

306 4263 505 4318 κανόνα
531 4263 626 4317 τὸν
658 4262 984 4338 γνωστικὸν,
1014 4261 1106 4316 τὸν
1137 4264 1219 4332 τῷ
1250 4256 1367 4315 ὄντι
1391 4261 1709 4334 γνωστικὸν,
1743 4254 1980 4329 ἐπιϐολὴ

2093 4260 2229 4315 dere
2258 4258 2425 4328 Filio,
2456 4259 2741 4330 quoniam
2787 4275 2921 4313 eum
2969 4259 3141 4314 docet
3175 4258 3277 4315 Dei
3300 4258 3505 4316 Filius.
3526 4260 3609 4315 Ex
3638 4260 3754 4316 ﬁde

306 4355 397 4407 καί
458 4350 725 4425 διάληψίς
776 4348 918 4406 ἐστιν
972 4348 1231 4420 ἀληθείας
1276 4347 1365 4404 διὰ
1413 4356 1515 4420 τῆς
1551 4348 1812 4420 ἀληθείας
1866 4355 1973 4418 (‘2).

308 4442 504 4515 Ἡμεῖς
554 4439 661 4517 ἄρα
686 4440 848 4512 ἐσμὲν
888 4440 943 4494 οἱ
974 4437 1027 4494 ἐν
1056 4442 1136 4510 τῷ
1185 4439 1572 4511 ἀπιστουμένῳ
1621 4440 1827 4508 πιστοὶ,
1888 4437 1978 4493 καὶ

312 4531 366 4585 οἱ
395 4530 449 4585 ἰν
478 4531 560 4603 τῷ
612 4530 878 4606 ἀγνώστῳ
923 4526 1249 4603 γνωστικοί·
1290 4529 1568 4583 τουτέστιν
1612 4526 1663 4582 ἐν
1695 4532 1776 4600 τῷ
1817 4531 1978 4583 πᾶσιν

312 4619 665 4694 ἀγνοουμὲνῳ
721 4619 815 4674 καὶ
871 4618 1283 4691 ἀπιστουμένῳ,
1347 4615 1559 4692 ὀλίγοις
1612 4614 1670 4671 δὲ
1726 4637 1981 4672 πιστευο-

311 4709 454 4781 μένῳ
481 4729 543 4764 τε
570 4709 665 4764 καὶ
696 4707 1125 4783 γινωσκομὲνῳ,
1182 4706 1495 4781 γνωστικοί’
1547 4706 1843 4780 γνωστικοί
1902 4703 1980 4775 δὲ,

306 4798 370 4853 οὐ
393 4798 548 4874 λόγῳ
596 4792 730 4873 ἔργα
759 4797 1235 4872 ἀπογραφόμενοι,
1267 4794 1396 4851 ἀλλ’
1426 4795 1564 4869 αὐτῇ
1622 4799 1693 4870 τῇ
1757 4794 1979 4870 θεωρίᾳ.

310 4890 596 4963 Μακάριος
646 4887 675 4941 6
738 4885 915 4960 λέγων
968 4883 1047 4947 εἷς
1100 4886 1215 4940 ὦτα
1271 4883 1579 4940 ἂκουόντων
1614 4903 1627 4917 ⁸
1686 4884 1867 4946 πίστις
1927 4881 1985 4939 δὲ

315 4979 429 5031 ὦτα
455 4980 670 5052 ψυχῆς.
704 4975 802 5029 Καὶ
863 4972 1069 5045 ταύτην
1122 4974 1414 5028 αἰνίσσεται
1444 4974 1545 5043 τήν
1585 4973 1767 5027 πίστιν
1801 4974 1829 5028 6
1883 4973 1986 5029 Κύ-

319 5086 458 5140 ριος,
521 5064 722 5141 λέγων·
781 5068 844 5121 Ὁ
902 5057 1049 5138 ἔχων
1114 5063 1227 5117 ὦτα
1282 5061 1531 5130 ἀκούειν,
1579 5061 1840 5117 ἀκουέτω·
1898 5061 1988 5117 ’ἶνα

323 5152 390 5223 δὴ
448 5154 742 5216 πιστεύσας
804 5156 940 5218 συνῆ
974 5152 1007 5207 ἂ
1066 5149 1210 5227 λέγει
1268 5152 1342 5215 ὡς
1398 5150 1570 5227 λέγει.
1611 5150 1786 5209 ἈλΛά
1814 5172 1868 5206 τι
1895 5151 1988 5206 καὶ

324 5246 578 5319 ’Όμηρος
607 5245 637 5299 6
686 5246 944 5313 ποιητῶν
1006 5236 1405 5316 πρεσϐύτατος,
1460 5240 1549 5296 ἐπὶ
1595 5245 1693 5296 τοῦ
1741 5240 1989 5295 αἰσθάνε-

318 5346 439 5399 σθαι
470 5338 550 5407 τῷ
602 5330 851 5400 ἀκούειν,
903 5327 1098 5393 ἴδικῶς
1143 5331 1225 5404 (3)
1270 5329 1388 5384 ἀντὶ
1438 5333 1655 5404 γενικοῦ
1703 5328 1993 5405 χρησάμε-

2089 4366 2251 4405 enim
2287 4349 2357 4403 ad
2392 4347 2791 4420 cognitionem
2815 4347 2879 4410 -ι‹
2902 4364 3004 4419 per
3030 4348 3243 4404 Filium
3275 4349 3466 4405 Pater.
3486 4349 3753 4422 Cognitio

2090 4436 2449 4493 autemFilii
2480 4441 2539 4492 et
2568 4437 2778 4507 Patris,
2813 4453 2941 4508 quas
2990 4443 3080 4493 est
3129 4454 3197 4493 ex
3228 4440 3496 4510 guostica
3528 4439 3751 4511 regula,

2090 4545 2158 4584 ea
2207 4527 2471 4597 quidem,
2532 4542 2661 4597 qua}
2718 4543 2850 4582 vere
2909 4526 2987 4582 sit
3017 4529 3223 4600 regula
3254 4527 3632 4602 cognitionis,
3666 4533 3755 4585 est

2090 4617 2393 4688 conceptio
2423 4623 2483 4672 et
2508 4618 2959 4689 comprehensio
2989 4620 3254 4674 veritatis
3287 4635 3391 4690 per
3428 4618 3752 4675 veritatem.

2092 4705 2211 4762 Nos
2241 4722 2380 4778 ergo
2411 4723 2622 4761 sumus
2654 4705 2859 4763 ﬁdeles
2894 4706 2956 4762 in
2988 4722 3055 4763 eo
3087 4709 3244 4779 quod
3306 4723 3422 4763 non
3472 4706 3755 4772 creditur,

2094 4802 2151 4850 et
2170 4795 2433 4851 Gnostici
2467 4795 2526 4849 in
2560 4811 2647 4861 co,
2678 4796 2834 4867 quod
2882 4813 2998 4851 non
3045 4796 3422 4868 cognoscitur
3452 4810 3466 4850 :
3501 4796 3613 4852 hoc
3643 4799 3757 4863 est,

2095 4884 2355 4941 Gnostici
2389 4885 2444 4938 in
2481 4901 2568 4947 eo,
2604 4886 2759 4955 quod
2794 4886 3102 4956 ignoratur
3131 4886 3202 4940 ab
3238 4885 3518 4941 omnibus
3550 4891 3608 4940 et
3640 4901 3755 4942 non

2094 4974 2383 5043 creditur,
2419 4978 2617 5027 tamen
2651 4989 2686 5026 a
2729 4974 2938 5044 paucis
2965 4973 3224 5028 creditur
3253 4978 3309 5029 et
3359 4974 3755 5045 cognoscitur.

2098 5063 2357 5119 Gnostici
2382 5078 2515 5117 vero
2541 5079 2653 5118 non
2680 5063 2944 5118 oratione
2971 5078 3147 5133 opera
3185 5063 3610 5129 describentes,
3655 5063 3757 5118 sed

2100 5153 2230 5223 ipsa
2287 5149 2828 5222 comtemplatione.
2876 5151 3092 5206 Beatus
3140 5150 3241 5222 qui
3287 5151 3430 5206 dicit
3477 5151 3536 5205 in
3589 5167 3761 5208 aures

2102 5240 2493 5296 audientium.
2527 5240 2696 5296 Fides
2729 5245 2925 5295 autem
2959 5246 3102 5296 sunt
3131 5257 3304 5296 aures
3336 5241 3567 5297 animae.
3600 5243 3759 5298 Hanc

2104 5334 2298 5387 autem
2357 5330 2531 5385 ﬁdem
2597 5329 2770 5385 tacite
2809 5328 3006 5384 innuit
3027 5328 3337 5401 Dominus,
3370 5330 3573 5386 dicens
3606 5332 3762 5402 :Quz’

387 5469 452 5532 .1.
490 5461 553 5515 P.
584 5461 714 5529 e43,
746 5461 856 5515 e44
884 5460 1000 5516 ΕΙ).
1032 5457 1339 5525 POTTER,
1374 5459 1503 5527 544,
1528 5458 1637 5512 545
1666 5455 1779 5512 ΕΙ).
1814 5456 2035 5513 PARIS.

379 5585 458 5654 (1)
492 5582 629 5639 Μὲν.
666 5586 830 5657 Hanc
868 5581 1227 5657 particulam
1259 5581 1318 5637 in
1354 5581 1509 5637 Flor.
1545 5580 1832 5636 omissam
1867 5579 1983 5652 i153:

2115 5576 2230 5657 εἶμι
2279 5577 2314 5644 ἡ
2368 5572 2517 5657 ὁδὸς,
2575 5575 2663 5657 καὶ
2723 5576 2758 5643 ἡ
2819 5571 3070 5657 ἀλήθεια,
3127 5572 3338 5657 καὶὴ,
3374 5577 3455 5657 Cu:

302 5641 626 5728 structurae
660 5656 810 5712 ratio
848 5641 1137 5728 ppstulat.
1173 5652 1464 5728 Syenae.
1544 5723 1577 5728 __
1707 5722 1718 5728 _
1894 5641 1910 5652 ’
1952 5722 1964 5728 _

2116 5641 2335 5728 ἔρχεται
2394 5641 2530 5728 προς
2573 5648 2701 5728 ’τὸᾈ
2742 5641 2957 5728 Πατέρα
2979 5645 3056 5728 εἰ.
3087 5646 3170 5728 μὴ.
3197 5641 3268 5699 δι’
3304 5641 3484 5728 ἕξις-οἰ
3510 5645 3581 5704 Ei’
3601 5646 3767 5721 ἐγνώ-

378 5728 458 5799 (2)
525 5726 827 5798 Ἀληθείας
849 5715 862 5728 ’
890 5723 983 5780 διὰ
1038 5728 1166 5799 τῆς.
1200 5722 1504 5799 ἀληθείας.-
1544 5722 1871 5799 [pepigere
1906 5722 2001 5799 vi?
2114 5715 2260 5799 κέἱῖςε
2295 5741 2381 5799 με,
2413 5715 2505 5799 καὶ
2536 5719 2633 5799 τὸν.
2658 5717 2868 5793 Πατέρα
2892 5715 3007 5799 ’μου
3038 5715 3329 5799 ἔγνὲὓκξιτε
3353 5715 3442 5773 ἄν.

303 5786 484 5857 detur
512 5786 698 5858 Joan':
721 5786 839 5871 τιν’,
869 5801 931 5872 6,
963 5800 1040 5853 7:
1095 5786 1262 5871 ’Λέγει
1295 5786 1442 5870 αὐτῴ
1486 5795 1514 5849 ὁ
1558 5786 1792 5864 Ἰησοῦς·
1859 5793 1983 5870 Ἐγιὲ

2189 5796 2267 5866 (3)
2295 5786 2537 5855 Ἶόικῶς.
2594 5794 2760 5848 Forte
2804 5786 3026 5847 "melius
3075 5786 3285 5862 ἐῖδικῷ,
3315 5790 3567 5861 speciali.
3598 5788 3764 5846 εγω.

647 5933 916 5991 ΡΑτιιοι.
968 5929 1083 5989 Gn.
1129 5925 1232 5987 IX.

3406 5922 3430 5977 l

3374 5575 3509 5645 ζῳή.
3569 5570 3765 5637 Οὐδεὶς
