4128 6440
317 469 389 524 13
1686 468 2136 525 STROMATUM
2175 469 2310 525 LIB.
2354 471 2425 524 V.
3704 473 3774 531 ﬂ

316 592 603 662 στοῦ,καὶ
660 590 926 647 ἐκλεκτοῦ
985 588 1170 661 ὄντος,
1215 593 1290 654 ὡς
1347 589 1679 663 Βασιλείδης
1729 591 1942 665 νομίζει
1976 609 1990 624 ⁸

325 685 393 753 ἦν
426 681 475 737 δ’
508 681 570 736 ’ἀν
603 681 695 736 καὶ
727 679 860 755 δίχα
890 688 991 751 τῆς
1023 686 1122 736 τοῦ
1155 688 1420 758 Σωτῆρος
1461 682 1761 757 παρουσίας
1811 680 2001 757 χρόνῳ

324 774 469 827 ποτε
500 770 822 845 ἀναλάμψαι
856 767 1114 834 δύνασθαι
1143 772 1244 840 τὴν
1278 770 1457 847 φύσιν.
1489 770 1549 829 Ei
1601 768 1659 826 δὲ
1708 771 2000 846 ἀναγκαίαν

326 865 433 931 τὴν
476 858 781 934 ἐπιδημίαν
830 864 930 915 τοῦ
989 860 1189 936 Κυρίου
1244 862 1488 937 φήσαιεν,
1549 859 1759 936 οἷ’χεται
1818 859 2002 923 αὐτοῖς

326 952 398 1005 τὰ
456 958 559 1021 τῆς
624 948 840 1028 φύσεως
892 945 1190 1022 ἰδιώματα,
1259 950 1512 1020 μαθήσει,
1568 948 1657 1003 καὶ
1723 946 2002 1024 καθάρσει,

326 1042 419 1095 καὶ
452 1044 526 1114 τῇ
557 1044 666 1094 τῶν
700 1035 874 1115 ἔργων
938 1037 1176 1109 εὐποιία,
1212 1036 1337 1093 ἀλλ’
1367 1039 1432 1092 οὐ
1481 1038 1632 1112 φύσει
1686 1038 2005 1111 σωζομένης

324 1139 430 1200 τῆς
495 1128 759 1204 ἐκλογῆς.
789 1129 858 1183 "0
914 1129 961 1204 γ’
1020 1125 1115 1182 οῦν
1146 1121 1418 1203 Ἀϐραὰμ,
1453 1124 1523 1182 δι’
1556 1128 1727 1196 ἀκοῆς
1784 1125 2005 1182 πιστεύ-

328 1241 428 1281 σας
456 1223 531 1294 τῇ
568 1222 723 1297 φωνῇ
755 1219 893 1292 (11),
920 1221 992 1291 τῇ
1029 1216 1133 1271 ὑπὸ
1170 1217 1269 1286 τήν
1323 1213 1449 1292 δρῦν
1500 1218 1599 1286 τήν
1652 1215 1704 1271 ἐν
1755 1210 2003 1291 Μαμϐρῆ

329 1305 783 1384 ἐπαγγειλαμένη
819 1326 833 1337 ·
900 1306 999 1360 Σοὶ
1060 1303 1263 1378 δίδωμι
1320 1306 1422 1375 τὴν
1481 1312 1582 1381 γῆν
1666 1305 1867 1375 ταύτην
1913 1303 2004 1358 καὶ

327 1403 415 1469 τῷ
480 1395 755 1471 σπέρματί
817 1416 916 1450 σου
950 1415 961 1428 ·
1021 1392 1148 1465 ἤτοι
1199 1394 1453 1457 ἐκλεκτὸς
1514 1395 1598 1464 ἧν,
1716 1392 1799 1451 οὕ.
1845 1391 2002 1449 Ἀλλ’

333 1487 385 1543 εἷ
448 1488 549 1557 μὲν
611 1487 714 1541 οῦκ
771 1487 864 1556 ἧν,
897 1489 1013 1547 πῶς
1070 1484 1269 1547 εὐθέως
1326 1483 1633 1540 ἐπίστευσεν
1678 1487 1792 1539 οἷον
1844 1504 2001 1559 φυσιο

324 1583 445 1640 κῶς
473 1605 488 1645 ;
517 1577 563 1630 εἰ
608 1573 667 1631 δὲ
709 1576 775 1646 ἦν
825 1572 1102 1643 ἐκλεκτὸς,
1137 1574 1359 1630 λέλυται
1409 1573 1592 1636 αὐτοῖς
1640 1577 1674 1643 ἡ
1731 1575 2002 1640 ὑπόθεσις,

332 1664 744 1741 εὖρισκομένης
803 1662 896 1720 καί
960 1666 1067 1739 πρὸ
1126 1671 1224 1734 τῆς
1278 1668 1377 1718 τοῦ
1435 1662 1645 1739 Κυρίου
1705 1662 2004 1737 παρουσίας

326 1756 609 1831 ἐκλογῆς,
672 1755 764 1809 καὶ
835 1751 903 1822 δη
959 1754 1050 1809 καὶ
1120 1751 1487 1826 σωζομένης*
1552 1751 1845 1828 Ἐλογίσθη
1901 1753 2005 1827 γὰρ

332 1847 498 1917 αὖτῷ
528 1843 608 1907 εἷς
642 1839 1014 1913 δικαιοσύνην.
1050 1842 1174 1899 Ἐὰν
1208 1843 1311 1918 γάρ
1370 1862 1453 1903 τις
1510 1840 1798 1916 τολμήσας
1853 1840 2005 1917 λέγῃ,

336 1934 633 2009 Μαρκίωνι
667 1928 960 2006 ἑπόμενος,
1008 1932 1102 1987 τὸν
1155 1931 1507 2007 Δημιουργὸν
1543 1931 1734 2000 σώζειν
1786 1930 1877 1986 τὸν
1933 1929 2009 1993 εἷς

333 2026 511 2081 αὐτὸν
568 2022 951 2090 πιστεύσαντα,
984 2023 1077 2078 καὶ
1130 2023 1237 2098 πρὸ
1292 2025 1393 2096 τῇς
1434 2027 1530 2077 τοῦ
1573 2022 1770 2096 Κυρίου
1799 2042 2005 2097 παρου-

328 2114 476 2183 σίας,
513 2115 759 2189 ἐκλογῆς
791 2113 881 2168 καὶ
914 2110 982 2183 δὴ
1015 2111 1107 2167 καὶ
1137 2108 1455 2184 σωζομένης
1500 2112 1598 2180 τήν
1644 2109 1783 2166 ἷδίαν
1843 2110 2008 2167 αὐτοῦ

328 2203 621 2277 σωτηρίαν
674 2205 788 2277 (12)
834 2197 1452 2277 παρευδοκιμηθήσεται
1494 2202 1608 2275 (13)
1660 2199 1806 2273 αὐτῷ
1846 2203 1881 2271 ἡ
1911 2204 2008 2256 τοῦ

328 2297 582 2367 Ἀγαθοῦ
616 2290 985 2366 δύναμις,ὀψὶ
1006 2291 1097 2345 καὶ
1135 2290 1267 2365 μετά
1296 2291 1386 2345 τὸν
1420 2291 1509 2345 ὑπ’
1529 2289 1703 2344 αὐτῶν
1733 2292 1869 2368 εὔφη
1882 2288 2012 2364 μού-

337 2404 508 2458 μενον
544 2381 902 2457 Δημιουργὸν
936 2374 1350 2452 ἐπιϐαλλομένη
1376 2380 1695 2449 σώζειν,καὶ
1716 2379 1852 2450 αὖτή
1883 2376 2011 2449 ἤτοι

345 2473 595 2545 μαθήσει
653 2472 690 2542 ἢ
749 2469 842 2524 καὶ
900 2471 1135 2543 μιμήσει
1192 2469 1411 2526 τούτου.
1463 2467 1642 2524 Ἀλλά
1697 2466 1792 2524 κᾶν
1842 2466 2016 2532 οὕτως

337 2556 495 2637 ἔχων
532 2560 686 2633 σώζῃ
742 2560 861 2613 κατ’
891 2557 1089 2622 αὐτοὺς
1115 2558 1143 2612 6
1175 2558 1425 2634 Ἀγαθὸς,
1460 2555 1585 2612 οὔτε
1630 2556 1759 2621 τοὺς
1817 2554 2012 2630 ἰδίους,

340 2648 471 2705 οὔτε
509 2650 652 2724 μετά
678 2655 781 2717 τῆς
835 2649 1069 2725 γνώμης
1123 2651 1221 2703 τοῦ
1272 2647 1642 2717 πεποιηκότος
1689 2647 1788 2714 τήν
1840 2645 2012 2701 κτίσιν

336 2740 624 2816 ἐπιχειρεῖ
676 2740 776 2808 τήν
836 2737 1135 2808 σωτηρίαν,
1201 2735 1293 2812 βίᾳ
1345 2733 1404 2791 δὲ
1447 2735 1482 2805 ἢ
1535 2733 1703 2809 δόλῳ.
1738 2736 1841 2793 Καὶ
1899 2739 2018 2800 πῶς

335 2829 418 2885 ἔτι
452 2828 664 2905 ἀγαθὸς
696 2829 724 2882 ὁ
756 2826 950 2900 οὕτως,
984 2825 1075 2881 καὶ
1101 2824 1358 2901 ὕστερος
1392 2824 1455 2880 Εἰ
1498 2823 1555 2880 δὲ
1602 2827 1629 2880 ὁ
1682 2825 1849 2890 τόπος
1898 2823 2013 2880 δια·
2059 2870 2065 2876 .

336 2919 515 2997 φέρει,
548 2922 647 2972 καὶ
677 2919 715 2986 ἡ
764 2917 911 2990 μονή
965 2919 1065 2970 τοῦ
1118 2917 1561 2991 παντοκράτορος
1608 2912 1855 2969 λείπεται
1909 2913 2015 2968 ἀπὸ

334 3016 441 3077 τῆς
468 3011 575 3062 τοῦ
608 3007 818 3081 ἀγαθοῦ
863 3010 1001 3060 Θεοῦ
1063 3009 1236 3077 μονῆς
1271 3023 1283 3035 ·
1320 3001 1445 3057 ἀλλ’
1503 3004 1537 3072 ἡ
1587 3008 1686 3058 τοῦ
1748 3004 2018 3071 σώζοντος

340 3096 627 3173 βούλησις
677 3094 778 3149 οὐκ
833 3092 1192 3149 ἀπολείπεται
1228 3096 1328 3146 τοῦ
1365 3091 1590 3167 ἀγαθοῦ,
1623 3091 1656 3161 ἥ
1692 3112 1755 3166 γε
1789 3112 2019 3167 προκατ-

338 3186 576 3260 cipias-1.
622 3183 876 3253 Ἀνόητοι
923 3184 1026 3257 ἄρα
1084 3183 1137 3249 οἱ
1195 3177 1413 3235 ἄπιστοι
1459 3179 1520 3235 ἐκ
1565 3185 1671 3236 τῶν
1720 3178 2020 3255 προδιηνυ-

339 3275 570 3346 σμένων
605 3276 747 3347 ἡμῖν
795 3270 1097 3328 δείκνυνται
1133 3291 1144 3302 ·
1183 3271 1243 3327 A't
1300 3269 1402 3346 γὰρ
1461 3273 1575 3343 (14)
1602 3264 1781 3344 τρίϐοι
1839 3270 2018 3324 αὐτῶν

2026 593 2077 659 Α
2109 592 2321 649 animae
2355 593 2539 651 libero
2554 588 2815 656 ‘arbitrio
2849 603 3069 659 utentis
3098 603 3444 661 rationalem
3474 607 3773 665 assensio-

2117 699 2246 737 nem
2275 683 2419 738 dicit
2451 684 2647 743 fidem.
2676 688 2825 745 Sunt
2846 708 2983 764 ergo
3015 710 3453 766 supervacanea
3487 703 3775 769 praecepta

2113 775 2233 827 tam
2252 772 2506 829 inVeteri
2534 792 2709 846 quam
2729 778 2784 833 in
2805 779 2961 835 Novo
2980 783 3381 848 Testamento,
3406 801 3539 839 cum
3564 792 3780 844 natura

2115 860 2316 916 salvus
2368 863 2469 919 fiat
2519 864 2755 939 aliquis,
2793 875 2857 923 ut
2918 870 3039 925 vult
3102 872 3465 943 Valentinus,
3498 878 3556 930 et
3586 876 3633 931 si
3668 892 3778 932 na-

2114 954 2250 1004 tura
2301 951 2492 1008 ﬁdelis
2536 958 2594 1009 et
2639 954 2883 1023 electus,
2944 964 3009 1014 ut
3057 966 3226 1032 putat
3282 961 3600 1032 Basilides;
3658 963 3782 1023 ﬁeri

2116 1039 2291 1094 etiam
2328 1046 2556 1111 poterat
2589 1045 2896 1118 utabsque
2926 1050 3171 1105 adventu
3198 1050 3550 1118 Servatoris,
3582 1052 3782 1127 aliquo

2118 1129 2355 1185 tandem
2391 1135 2658 1202 tempore
2686 1140 2885 1205 posset
2908 1142 3121 1194 natura
3144 1139 3645 1212 resplendescere.
3677 1141 3781 1198 Sin

2118 1221 2315 1273 autem
2350 1220 2747 1278 necessarium
2772 1224 3026 1282 dixerint
3048 1228 3366 1284 adventum
3384 1229 3780 1299 Domini,eva-

2117 1307 2307 1363 nescit
2364 1307 2450 1364 eis
2497 1314 2718 1367 natura:
2762 1316 3192 1388 praerogativa:
3230 1334 3361 1373 cum
3404 1318 3675 1375 doctrina
3725 1324 3783 1376 et

2119 1396 2464 1467 purgatione
2496 1403 2552 1454 et
2585 1398 2867 1459 bonorum
2896 1421 3135 1476 operum
3169 1406 3494 1477 eii‘ectione,
3532 1424 3648 1464 non
3673 1425 3782 1465 au-

2113 1488 2233 1540 tem
2270 1490 2504 1553 natura,
2537 1495 2803 1546 servetur
2833 1490 3058 1549 electio.
3091 1494 3390 1550 Abraham
3425 1495 3648 1569 itaque,
3681 1497 3785 1569 qui

2117 1588 2221 1645 per
2269 1574 2543 1630 auditum
2596 1579 2848 1634 credidit
2877 1581 3027 1648 voci,
3064 1598 3192 1653 quae
3227 1584 3336 1637 sub
3365 1600 3606 1655 quercu,
3641 1602 3775 1657 quae

2117 1662 2324 1722 eratin
2360 1662 2645 1730 Mambre,
2687 1671 2778 1723 est
2809 1668 3111 1739 pollicita:
3138 1673 3212 1727 Do
3243 1672 3348 1727 tibi
3389 1677 3600 1729 terram
3639 1675 3786 1730 hanc

2116 1754 2166 1805 et
2196 1753 2400 1808 semini
2441 1761 2576 1819 tum,
2622 1754 2923 1814 electusne
2943 1763 3085 1826 erat,
3117 1777 3190 1815 an
3214 1761 3382 1816 non?
3422 1762 3532 1818 Sed
3583 1763 3631 1820 si
3666 1780 3782 1819 non

2118 1847 2243 1895 erat
2274 1840 2511 1912 quidem
2572 1847 2868 1914 quomodo
2928 1849 3128 1905 statim
3182 1849 3434 1906 credidit
3490 1855 3778 1923 tanquam

2120 1930 2511 1986 naturaliter?
2543 1932 2635 1988 sin
2685 1939 2882 1991 autem
2915 1942 3042 1992 erat
3072 1938 3318 2004 electus,
3369 1937 3635 1999 solutum
3687 1945 3781 1997 est

2118 2035 2319 2074 eorum
2356 2021 2831 2091 fundamentum,
2866 2042 2999 2080 cum
3026 2026 3361 2082 inveniatur
3388 2033 3565 2100 atque
3596 2031 3772 2086 etiam

2119 2107 2282 2163 salva
2306 2109 2405 2165 fiat
2449 2109 2655 2167 electio
2687 2117 2825 2169 ante
2874 2115 3188 2171 adventum
3220 2116 3447 2172 Domini
3486 2133 3498 2172 :
3533 2120 3772 2191 Reputa-

2121 2201 2238 2253 tum
2269 2206 2348 2253 est
2377 2201 2527 2254 enim
2556 2200 2610 2255 ei
2640 2200 2709 2255 ad
2723 2202 3025 2273 justitiam
3043 2205 3081 2261 ⁸.
3119 2204 3180 2260 Si
3240 2205 3373 2276 quis
3430 2206 3585 2262 enim
3618 2209 3776 2264 ausit

2122 2287 2316 2343 dicere
2364 2304 2620 2360 sequens
2680 2290 3060 2360 Marcionem,
3132 2296 3462 2351 Creatorem
3544 2312 3776 2353 servare

2123 2392 2282 2443 eum,
2316 2376 2417 2448 qui
2450 2377 2508 2433 in
2542 2377 2738 2450 ipsum
2772 2381 3043 2449 credidit,
3076 2381 3252 2439 etiam
3286 2389 3422 2439 ante
3461 2384 3779 2442 adventum

2125 2464 2383 2534 Domini,
2415 2483 2547 2522 cum
2590 2468 2830 2540 propria
2879 2471 3008 2541 ejus
3052 2470 3242 2527 salute
3291 2477 3555 2529 servetur
3602 2474 3782 2531 etiam

2125 2556 2362 2627 electio;
2394 2557 2529 2631 plus
2566 2576 2745 2632 quam
2781 2579 2886 2633 par
2915 2561 2993 2618 sit
3030 2563 3105 2619 ab
3156 2580 3225 2620 eo
3275 2565 3789 2622 commendabitur

2126 2645 2271 2702 Boni
2304 2652 2587 2720 potestas,
2612 2653 2676 2704 ut
2721 2666 2849 2721 quae
2874 2667 3003 2706 sero
3026 2656 3084 2707 et
3115 2655 3250 2724 post
3297 2669 3455 2723 eum,
3481 2654 3582 2726 qui
3614 2655 3686 2710 ab
3704 2654 3788 2711 eis

2119 2735 2404 2807 jactatur,
2429 2735 2785 2810 Creatorem,
2826 2738 2955 2812 ipsa
2974 2757 3209 2814 quoque
3246 2741 3494 2798 salutem
3515 2743 3653 2799 dare
3684 2759 3785 2815 ag-

2128 2824 2450 2896 grediatur,
2471 2829 2558 2880 vel
2603 2827 2675 2883 ab
2711 2844 2776 2884 eo
2799 2830 3026 2898 edocta,
3058 2829 3146 2886 vel
3167 2831 3586 2887 eumimitans.
3621 2833 3786 2896 Quod

2131 2912 2179 2969 si
2211 2913 2294 2968 ita
2323 2931 2386 2970 se
2430 2914 2678 2986 habens,
2730 2918 2831 2973 det
2879 2919 3131 2974 salutem
3190 2924 3407 2987 Bonus,
3458 2937 3527 2976 ex
3581 2937 3784 2977 eorum

2130 3002 2440 3073 sententia,
2474 3020 2664 3076 neque
2694 3022 2855 3074 suos,
2893 3020 3080 3079 neque
3137 3024 3271 3064 cum
3305 3009 3433 3080 eius
3487 3009 3786 3066 voluntate

2132 3091 2234 3164 qui
2268 3092 2403 3148 fecit
2432 3098 2784 3162 creaturam,
2818 3099 2940 3151 tum
2978 3097 3323 3170 aggreditur
3345 3098 3484 3153 dare
3508 3096 3784 3169 salutem,

2131 3182 2233 3237 sed
2265 3181 2340 3251 vi,
2391 3180 2484 3237 vel
2533 3181 2688 3239 dolo.
2752 3184 2821 3238 Et
2879 3186 3172 3256 quomodo
3226 3187 3336 3242 erit
3365 3186 3569 3259 utique
3600 3189 3789 3245 bonus

2134 3270 2230 3341 qui
2267 3270 2351 3326 sic
2381 3269 2541 3337 facit,
2565 3277 2623 3327 et
2655 3276 2745 3328 est
2776 3274 3110 3345 posterior?
3137 3275 3194 3331 Si
3229 3280 3423 3330 autem
3467 3274 3663 3332 differt
3703 3276 3792 3332 lo-

336 3361 815 3438 διεστραμμὲναι,
892 3359 982 3415 καὶ
1071 3360 1174 3415 οὐκ
1254 3357 1427 3414 ἴσασιν
1517 3357 1766 3433 εἷρῆνην,
1856 3355 2018 3435 φησὶν

2136 3376 2242 3415 cus
2290 3364 2348 3414 et
2391 3359 2620 3415 mansio
2663 3361 3117 3433 Omnipotentis,
3180 3368 3407 3419 remota
3437 3367 3527 3420 est
3556 3382 3590 3421 a
3624 3381 3794 3421 man-

337 3457 368 3509 ὁ
432 3455 764 3530 προφήτης.
798 3451 910 3513 Τὰς
944 3446 1001 3505 δὲ
1050 3449 1239 3523 μωρὰς
1292 3449 1379 3502 καὶ
1443 3445 1802 3510 ἀπαιδεύτους
1846 3448 2020 3518 ζητή-

336 3565 457 3604 σεις
488 3547 883 3617 παραιτεῖσθαι
915 3540 942 3594 ὁ
971 3539 1255 3603 θεσπέσιος
1314 3537 1587 3612 παρῄνεσε
1644 3537 1887 3602 Παῦλος,
1934 3537 2020 3592 ὅτι

335 3638 585 3708 γεννῶσι
621 3629 809 3705 μάχας
847 3650 860 3661 ·
894 3627 926 3683 6'
952 3649 1010 3683 τε
1043 3625 1316 3703 Αἰσχύλος
1345 3628 1457 3700 (15)
1486 3627 1745 3700 κέκραγε·

2131 3449 2295 3504 sione
2324 3447 2638 3521 bonilDei;
2671 3454 2730 3505 at
2759 3451 2912 3522 ejus,
2945 3452 3047 3523 qui
3078 3452 3179 3507 dat
3208 3452 3484 3518 salutem,
3522 3452 3793 3510 voluntas

2124 3534 2370 3604 "nonfest
2399 3541 2455 3592 et
2486 3543 2711 3595 remota
2742 3557 2775 3595 a
2808 3539 3062 3605 bono,ut
3094 3558 3221 3611 quze
3251 3541 3409 3612 prior
3429 3543 3690 3615 coeperit.
3718 3543 3798 3599 Ex

2130 3627 2203 3681 iis
2237 3642 2394 3698 ergo,
2430 3643 2558 3699 quae
2592 3627 2875 3700 diximus,
2929 3630 3086 3686 234
3124 3629 3394 3686 inﬁdeles
3430 3647 3559 3688 esse
3592 3648 3796 3689 amen-

336 3732 433 3780 tes
466 3722 834 3779 ostenditur.
865 3719 1097 3775 Semitae
1127 3720 1277 3774 enim
1303 3733 1491 3773 eorum
1522 3725 1652 3773 sunt
1675 3731 1976 3788 perversa},
2009 3724 2061 3771 et
2090 3714 2345 3771 nesciunt
2383 3732 2593 3787 pacem,
2637 3716 2834 3789 inquit
2860 3720 2924 3785 ›ι‹
2955 3718 3239 3791 propheta
3256 3720 3295 3775 9.
3370 3718 3578 3775 Stulta:
3619 3729 3801 3779 autem

337 3821 393 3871 et
426 3812 759 3871 inerudilas
788 3811 1123 3883 quaestiones
1150 3809 1355 3879 vitare,
1390 3806 1671 3861 divinitus
1705 3806 1893 3861 suasit
1924 3805 2225 3873 Paulus”,
2258 3804 2522 3876 quoniam
2550 3810 2817 3877 generant
2845 3822 3095 3877 pugnas;
3124 3816 3180 3864 et
3210 3807 3427 3864 clamat
3457 3809 3797 3884 IEschylus:

491 3901 580 3958 Τὰ
614 3896 790 3973 μηδὲν
827 3894 1149 3976 ὠφελοῦντα
1183 3897 1259 3970 μὴ
1293 3895 1446 3950 πόνει
1484 3896 1683 3968 μάτην.

338 3992 462 4059 Τῆν
531 3990 633 4063 μὲν
673 3989 778 4064 γὰρ
841 3985 977 4061 μετὰ
1006 3984 1241 4046 πίστεως
1270 3985 1555 4039 συνιοῦσαν
1591 3985 1838 4055 ζήτησιν,
1870 3981 2027 4037 ἐποι-

339 4078 709 4152 κοδομοῦσαν
760 4074 840 4149 τῷ
901 4074 1149 4149 θεμελίῳ
1179 4080 1278 4144 τῆς
1327 4077 1564 4137 πίστεως
1619 4074 1719 4142 τήν
1785 4070 2024 4148 μεγαλο-

340 4170 541 4239 πρεπῆ
597 4173 703 4237 τῆς
762 4164 1025 4236 ἀληθείας
1079 4168 1302 4239 γνῶσιν,
1348 4163 1572 4238 ἀρίστην
1632 4160 1805 4235 ἴσμεν.
1840 4167 2023 4235 Ἴσμεν

345 4256 407 4313 δὲ
468 4259 547 4320 ὡς
602 4256 707 4332 ἄρα
752 4255 876 4310 οὐτε
917 4255 984 4309 τᾶ
1033 4253 1236 4329 φανερὰ
1268 4257 1534 4323 ζητεῖται,
1567 4254 1709 4320 οἷον,
1743 4250 1788 4306 εἰ
1844 4247 2027 4326 ἡμέρα

347 4348 525 4416 ἐστὶν,
571 4345 789 4420 ἡμέρας
848 4340 1019 4415 οὔσης
1054 4361 1066 4373 ·
1104 4341 1225 4398 οὔτε
1280 4343 1347 4396 τὰ
1404 4338 1586 4412 ἄδηλα
1615 4343 1707 4395 καὶ
1766 4337 2028 4394 οὐδεποτε

2295 3895 2370 3951 Ne
2400 3895 2462 3950 in
2492 3894 2564 3950 iis
2595 3896 2808 3954 labores
2840 3901 3068 3965 temere,
3094 3913 3214 3970 qum
3242 3898 3387 3954 nihil
3403 3899 3631 3972 juvant.

2134 3987 2279 4038 Nam
2314 3999 2438 4039 eam
2486 3984 2750 4055 quidem,
2784 4002 2912 4057 quae
2974 4003 3092 4042 una
3147 4002 3279 4043 cum
3345 3987 3456 4044 fide
3504 3989 3795 4061 convenit,

2135 4073 2545 4144 quaestionem,
2580 4090 2708 4145 quae
2751 4076 3138 4132 fundamento
3191 4076 3325 4132 fidei
3359 4078 3796 4149 superaedificat

2135 4164 2512 4236 splendidam
2552 4183 2620 4222 ac
2654 4167 3034 4238 magnificam
3066 4167 3330 4222 veritatis
3364 4168 3795 4239 cognitionem,

2136 4255 2423 4326 optimam
2455 4272 2587 4311 esse
2611 4256 2857 4311 scimus.
2889 4256 3121 4311 Scimus
3154 4261 3372 4324 autem,
3407 4259 3562 4327 quod
3616 4273 3801 4331 neque

2136 4359 2204 4397 ea
2264 4342 2463 4413 utique
2522 4348 2891 4415 quaeruntur,
2951 4362 3077 4416 quae
3138 4348 3278 4401 sunt
3329 4345 3680 4416 manifesta;
3716 4352 3800 4415 ut,

344 4435 709 4513 γενησόμενα
740 4433 966 4512 φανερὰ,
1000 4432 1075 4494 ὡς
1105 4433 1188 4501 τὸ,
1213 4430 1259 4486 εί
1291 4428 1471 4507 ἄρτιοὶ
1516 4430 1647 4484 εἰσιν
1699 4430 1752 4485 οἱ
1807 4428 2018 4502 ἀστὲρες

2133 4431 2382 4503 exempli
2415 4449 2616 4501 causa,
2644 4450 2716 4487 an
2751 4433 2830 4488 sit
2861 4433 3008 4498 dies,
3062 4450 3197 4489 cum
3257 4438 3345 4489 est
3388 4434 3556 4503 dies;
3611 4453 3803 4508 neque

347 4527 383 4596 ἢ
441 4523 701 4599 περιττοί
736 4544 749 4555 ⁸
783 4518 912 4578 ἀλλ’
975 4517 1102 4576 οὐδὶ
1147 4520 1216 4575 τὰ
1270 4519 1691 4597 ἀντιστρέφοντα
1740 4520 1853 4593 (16)
1883 4538 1894 4549 ·
1930 4519 2020 4573 ἀν-

420 4635 441 4668 “¹
477 4632 631 4689 Gen.
666 4647 809 4695 xvn,
839 4629 896 4685 8.

350 4708 399 4743 ιο
421 4707 475 4763 11
503 4705 662 4760 Tim.
691 4719 754 4772 ιι,
774 4700 868 4755 23.

428 4813 553 4897 (ιιι
580 4811 669 4897 γῆ
702 4804 883 4885 φωνῇ·
916 4804 1155 4897 Diceam
1184 4803 1583 4897 emtam?-
1617 4807 1757 4897 GFP'
1792 4820 1929 4897 κῐην
1951 4804 2033 4897 Ξῖ

356 4873 459 4939 Καῖ
524 4873 844 4936 δώσ’ω’σοι’
883 4876 975 4931 καὶ
1031 4879 1113 4947 τῷ
1172 4874 1442 4950 σπέρματί
1492 4896 1589 4929 σου
1650 4879 1749 4942 την
1803 4881 1934 4950 γῆν,
1967 4873 2033 4950 ἣν

350 4957 679 5031 παροικεῖς.
711 4951 935 5006 Verum
964 4967 1078 5005 non
1110 4964 1177 5004 eo
1208 4948 1369 5031 loco).
1392 4950 1496 5031 sed
1528 4965 1651 5020 cap.
1682 4947 1844 5013 xvm,
1874 4949 1923 5015 1,
1948 4947 2038 5001 di-

356 5020 524 5085 citur
546 5028 713 5083 Deus
736 5025 913 5094 juxta
941 5036 1202 5093 quercum
1234 5021 1292 5075 in
1322 5020 1565 5076 Mambre
1607 5037 1740 5076 cum
1791 5036 1858 5075 eo
1907 5035 2035 5075 ver-

353 5107 536 5158 satus
569 5097 816 5171 fuisses
952 5162 965 5171 _
1044 5166 1071 5171 _
1200 5163 1245 5171 __
1440 5168 1449 5171 _
1652 5170 1659 5171 γ
1805 5162 1833 5171 η
1943 5170 1949 5171 ί
2030 5160 2041 5171 ,

430 5172 557 5243 (£2)
588 5169 704 5236 Τὴν
740 5162 1074 5243 ἰδίαν-αῦτοῦ
1117 5163 1319 5243 a_._H_oc
1366 5168 1480 5229 est,
1512 5170 1746 5219 satutem
1794 5162 2039 5219 Creatori

353 5235 683 5320 propriam,
716 5256 840 5320 seu“
854 5238 928 5293 ab
949 5237 1052 5320 illo
1081 5235 1377 5320 collatam“.
1728 5305 1738 5316 ο

431 5307 553 5386 (13)
622 5307 1271 5386 Ηαρευδοκιμηθήσεται.
1334 5307 1647 5386 P_erperam
1725 5307 2039 5386 interpres,

350 5376 1054 5446 eorumendabitur.verti
1078 5380 1299 5447 debuit,
1321 5376 1720 5434 obscurabilur.
1736 5381 1882 5431 Nam
1908 5393 2041 5450 παρ-

350 5459 688 5531 aesomnes
739 5460 854 5536 est
880 5454 1125 5536 gloria!!!
1175 5451 1430 5536 alicujus
1459 5464 1740 5536 superare,
1774 5450 2040 5536 adaeque

350 5519 722 5603 obscurare.“
750 5519 1644 5603 Suid'asL_Uupeu§o_nipnaciam,
1716 5519 2039 5603 vix-quoiam,

348 5603 483 5675 ἤτοι
518 5603 601 5664 εἰς
639 5598 801 5671 δόξαν
835 5591 1175 5676 ὓπερϐἀσης.
1208 5591 1595 5676 Vu.|t.auct.o_r,
1622 5593 1776 5676 quod
1811 5594 1858 5649 si
1892 5608 2039 5676 quos

348 5664 563 5735 mundi
597 5664 854 5738 Greater,
891 5664 1070 5743 quem
1102 5664 1546 5743 haereti_ci__mali
1599 5666 1792 5719 omnis
1840 5670 2037 5719 aucto-

349 5769 477 5809 rem
505 5765 650 5807 esse
685 5736 1739 5821 putabant,ante_Christi.adventuiu
1774 5752 2038 5821 servave-

350 5808 452 5893 rit,
487 5808 815 5892 consequi,
848 5823 915 5873 ut
946 5815 1016 5873 ab
1055 5828 1119 5870 eo
1159 5809 1289 5867 boni
1321 5810 1436 5877 Dei,
1468 5824 1640 5882 quem
1675 5808 1888 5865 Christi
1934 5824 2040 5881 pa-

973 4628 994 4662 ⁸
1025 4626 1174 4684 Ibid.
1205 4644 1297 4696 xv,
1329 4629 1393 4697 6;
1428 4627 1598 4683 Rom.
1653 4642 1730 4696 1v,
1779 4625 1833 4680 3.
1910 4623 2018 4699 ›χ‹1

2133 4625 2220 4680 546
2261 4625 2373 4681 ΕΙ).
2425 4626 2733 4692 PO'l‘TER,
2782 4627 2889 4683 547
2937 4629 3048 4683 ED.
3104 4627 3332 4684 PARIS.

2132 4537 2202 4576 ea
2233 4537 2359 4593 qua":
2392 4526 2531 4576 sunt
2563 4521 2803 4586 incerta,
2833 4527 2890 4578 et
2923 4539 3222 4593 nunquam
3244 4523 3368 4579 fieri
3397 4529 3657 4595 possunt
3681 4541 3800 4582 ma-

3411 4628 3432 4664 ο
3457 4630 3569 4685 Isa.
3604 4647 3712 4699 ux,
3742 4631 3799 4687 8.

2149 4807 2294 4876 trem
2328 4802 2725 4875 appellabant,
2757 4811 2995 4876 potestas
3031 4806 3088 4857 et
3131 4802 3318 4874 gloria
3361 4805 3702 4873 obscuretur,
3736 4812 3802 4864 ut

2148 4873 2250 4945 qui
2282 4873 2499 4930 non‘ex
2527 4892 2613 4941 se,
2644 4873 2766 4930 sed
2793 4892 2896 4947 per
2938 4873 3307 4931 imitationem
3355 4877 3646 4933 Creatoris
3690 4878 3766 4935 ho

2150 4947 2340 5001 mines
2374 4948 2549 5019 salvos
2576 4951 2812 5019 praastet.

2220 5018 2333 5089 (14)
2361 5017 2421 5092 Αἱ
2477 5039 2530 5091 γ.
2576 5009 2695 5092 :lsa.
2731 5034 2852 5092 _Ll.‘_{
2894 5034 2910 5092 ς
2965 5014 3026 5071 At
3079 5016 3197 5092 γὰρ-
3228 5009 3409 5092 τρίβοι
3468 5015 3644 5092 «altrim
3696 5016 3800 5092 διε-

2148 5085 2511 5231 στΊραμμὲνσι,
2576 5087 2636 5151 ἃς
2728 5085 3054 5155 διοδεύουσι,
3093 5085 3202 5143 ’καὶ
3262 5085 3381 5143 ὀὐκ
3465 5085 3672 5145 οἷ’δασιν
3733 5091 3802 5147 εἷ’-

2151 5180 2178 5231 Ρ
2224 5182 2346 5228 νην·
2422 5230 2425 5231 ,
2532 5229 2559 5231 _,
3132 5230 3137 5231 ,

2151 5180 2322 5306 Miis":

2247 5234 2337 5308 45)
2367 5229 2667 5308 Αἴσχύλος.
2692 5231 3096 5287 Theodoretus
3128 5230 3224 5286 lib.
3263 5248 3337 5288 ιν.
3366 5232 3565 5289 Contra
3594 5232 3805 5294 Gra’cos

2150 5306 2292 5361 citat
2321 5305 2478 5359 hunc
2500 5305 2745 5359 versum
2782 5320 2796 5358 :

2258 5377 2338 5433 Τὰ
2375 5374 2543 5449 μηδὲν
2572 5372 2889 5448 ὠφελοῦντα
2919 5373 2995 5446 μή
3027 5373 3174 5449 (IS-ret
3211 5373 3385 5449 μάτην
3421 5391 3436 5405 ·

2258 5449 2334 5504 Ne
2366 5444 2552 5522 quare
2578 5444 2814 5522 frustra,
2847 5444 2972 5517 quae
2999 5444 3146 5522 nihil
3164 5447 3283 5522 tibi
3303 5451 3592 5522 con/erunt
3622 5468 3642 5505 :

2152 5537 2266 5575 non
2318 5514 2385 5575 ut
2428 5514 2606 5575 habet
2653 5514 2942 5585 Clemens,
2981 5516 3056 5588 μή
3106 5514 3259 5570 πόνει
3307 5514 3481 5589 μάτην
3529 5522 3798 5580 COLLECT.

2152 5592 2369 5647 Versus
2402 5592 2501 5648 ille
2532 5592 2589 5663 in
2621 5589 2876 5663 [Eschyli
2911 5590 3229 5663 Prometbeo
3261 5593 3436 5647 vincto
3467 5598 3676 5650 exstat.

2221 5663 2450 5736 (16)
2527 5660 2966 5736 ἀντιστρέφοντα.
3021 5660 3166 5736 Quid
3244 5677 3312 5719 ea
3369 5663 3515 5736 _sint,
3571 5665 3801 5722 docebit

2148 5731 2237 5790 Α(
2278 5734 2500 5791 Gellius
2559 5735 2660 5792 lib.
2719 5731 2798 5802 ix,
2862 5749 2989 5807 cap.
3050 5731 3266 5802 ult.,et
3326 5731 3558 5807 plenius
3616 5737 3717 5793 lib.
3741 5752 3799 5804 v,

2150 5807 2397 5880 cap.10.
