4128 6440
359 508 428 564 15
1597 499 2007 556 CLEMENTIS
2042 498 2554 552 ALEXANDRINI
3728 495 3800 553 16

357 630 593 702 nifesta,
626 632 692 684 ut
721 627 892 696 illud,
926 625 1124 683 sintne
1175 623 1360 681 stellis
1390 639 1561 696 pares
1605 639 1678 679 an
1725 621 2017 693 impares;

2146 617 2406 696 κισ-τρέφει
2465 615 2521 672 δὲ
2576 615 2610 672 ’ὰ
2665 617 2756 673 καὶ
2807 623 2926 682 τοῖς
2963 621 3055 675 τὸν
3088 619 3332 676 ἐναντίον
3352 617 3659 696 χειρίζουσι
3700 616 3798 676 λό-

355 720 458 776 sed
492 735 686 792 neque
717 735 785 775 ea
815 734 942 790 quae
992 718 1454 782 convertuntur;
1500 730 1568 768 ea
1614 728 1750 768 vero
1785 725 2024 766 conver-

359 813 594 876 tuntur,
627 823 757 880 quae
788 807 862 862 ab
889 806 984 876 iis,
1020 803 1118 876 qui
1143 804 1540 860 adversantur
1565 801 1622 855 in
1658 800 2028 870 disserendo,

361 915 432 955 ex
452 914 621 970 aequo
653 896 768 953 dici
790 899 1062 968 possunt;
1101 897 1165 948 ut
1195 892 1364 963 illud,
1397 909 1472 947 an
1497 891 1574 947 sit
1600 888 1846 958 animal,
1871 887 2028 960 quod

363 992 456 1045 est
485 989 548 1043 in
579 991 770 1055 utero,
805 1002 878 1040 an
910 1001 1028 1041 non
1072 981 1316 1039 animal.
1367 983 1623 1048 Quartus
1677 979 1888 1035 modus
1918 982 2028 1045 est,

366 1075 608 1150 quando
631 1091 700 1131 ex
725 1074 1012 1130 alterutra
1039 1073 1253 1128 horum
1288 1075 1452 1144 parte
1483 1070 1830 1142 producitur
1861 1083 2032 1140 argu-

369 1170 660 1233 mentum,
683 1167 891 1220 contra
920 1161 1077 1234 quod
1111 1160 1247 1230 dici,
1281 1164 1338 1216 et
1370 1159 1528 1232 quod
1577 1157 1723 1214 solvi
1763 1173 1880 1213 non
1923 1171 2030 1228 po-

365 1255 570 1312 test.Si
595 1269 736 1326 ergo
759 1251 1060 1326 quaerendi
1081 1267 1263 1307 causa
1283 1249 1560 1305 omnibus
1585 1246 1776 1304 modis
1808 1247 1878 1300 de
1908 1260 2034 1302 me-

371 1344 474 1400 dio
502 1341 734 1399 tollitur
763 1342 910 1399 ﬁdes
941 1341 1215 1396 ﬁrmatur
1261 1355 1327 1394 ac
1369 1336 1695 1394 stabilitur.
1748 1335 1843 1392 Eis
1895 1349 2033 1408 ergo

370 1433 520 1490 illud
545 1431 952 1506 producimus,
973 1434 1178 1486 contra
1198 1429 1354 1502 quod
1378 1427 1494 1483 dici
1515 1443 1632 1482 non
1659 1425 2034 1499 potest,quod

371 1525 524 1579 Deus
556 1525 669 1592 est,
701 1521 801 1593 qui
845 1520 1011 1590 dicit,
1063 1522 1120 1574 et
1167 1518 1239 1574 de
1286 1532 1644 1589 unoquoque
1687 1531 1914 1582 eorum,
1964 1513 2036 1568 de

370 1611 591 1684 quibus
622 1627 840 1684 quaero,
866 1607 1119 1666 traditin
1145 1605 1404 1680 scriptis.
1431 1605 1574 1672 Quis
1601 1609 1691 1660 est
1713 1619 1851 1676 ergo
1891 1603 2036 1658 adeo

369 1699 596 1773 impius
623 1703 681 1756 et
709 1716 744 1755 a
773 1699 890 1755 Deo
923 1697 1176 1764 alienus,
1203 1700 1268 1752 ut
1284 1696 1403 1752 Deo
1427 1712 1541 1751 non
1577 1695 1794 1766 credat,
1825 1697 1882 1748 et
1904 1707 2036 1765 pro-

375 1789 647 1846 bationes
677 1807 712 1844 a
744 1793 856 1844 Deo
896 1786 1174 1860 postulet,
1223 1791 1508 1858 tanquam
1541 1785 1614 1840 ab
1647 1781 2040 1839 hominibus?

374 1880 605 1936 Rursus
635 1895 704 1934 ex
735 1876 1186 1950 quaestionibus,
1221 1874 1348 1930 aliae
1379 1875 1619 1947 quidem
1665 1891 1842 1929 sensu
1886 1872 2038 1928 indi-

2135 728 2256 783 γον,
2290 705 2374 762 ἐπ’
2406 705 2533 778 ἴσης
2588 706 2730 762 ἐστὶν
2790 705 2982 783 εἰπεῖν,
3025 709 3101 773 ὡς
3129 710 3213 780 τὸ,
3249 709 3294 763 εἶ
3357 712 3494 779 ζῶον
3545 707 3608 764 τὸ
3665 707 3804 764 κατά

2134 797 2389 872 γαστρὸς,
2419 795 2455 865 ἢ
2518 796 2582 851 οὐ
2637 799 2801 866 ζῶον.
2841 797 3112 875 Τέταρτός
3169 797 3280 853 ἐστι
3339 795 3681 874 τρόπος,ὅτ’
3736 795 3798 852 ἂν

2138 884 2198 942 ἐκ
2245 885 2472 961 θατέρου
2507 885 2716 942 τούτων
2771 886 2970 965 μέρους
3001 887 3394 966 ἀναντίρρητον
3441 887 3534 944 καὶ
3591 884 3796 944 ἄλυτον

2141 973 2432 1048 ἐνθύμημα
2459 975 2840 1051 προτείνηται.
2872 977 2938 1034 Εἰ
2966 979 3152 1033 τοίνυν
3184 980 3220 1048 ἡ
3261 980 3358 1033 τοῦ
3409 981 3590 1049 ζητεῖν
3650 977 3800 1034 αἰτία

2137 1065 2276 1119 κατά
2333 1065 2540 1129 πάντας
2591 1065 2720 1128 τοὺς
2774 1065 3016 1142 τρόπους
3059 1067 3383 1144 ἀναιρεῖται,
3414 1064 3596 1130 πίστις
3625 1065 3797 1142 ἐμπε-

2142 1151 2328 1209 δοῦται
2361 1173 2374 1185 ·
2433 1153 2794 1230 προτείνομεν
2852 1156 2955 1233 γὰρ
3012 1155 3204 1221 αὐτοῖς
3275 1156 3338 1210 τὸ
3408 1154 3802 1234 ἀναντίῤῥητον

2143 1246 2335 1320 έκεῖνο,
2367 1247 2396 1302 ὃ
2429 1248 2456 1302 6
2489 1247 2618 1311 Θεός
2651 1247 2794 1304 ἔστιν
2827 1249 2854 1304 6
2883 1247 3084 1325 λέγων,
3115 1248 3205 1305 καὶ
3236 1249 3362 1325 περὶ
3393 1248 3512 1312 ἑνὸς
3572 1249 3803 1304 ἑκάστου

2143 1337 2217 1390 ὧν
2266 1335 2534 1408 ἐπιζητῶ,
2564 1338 2832 1412 παριστὰς
2879 1336 3187 1416 ἐγγράφως.
3229 1337 3322 1402 Τίς
3366 1335 3463 1392 οὖν
3514 1332 3592 1394 ἔτι
3646 1335 3804 1402 ἄθεος

2143 1425 2388 1481 ἀπιστεῖν
2422 1431 2558 1500 Θεῷ,
2592 1429 2682 1482 καί
2711 1427 2808 1490 τὰς
2839 1425 3142 1500 ἀποδείξεις
3178 1429 3254 1493 ὡς
3309 1427 3455 1503 παρὰ
3496 1427 3802 1504 ἀνθρώπων

2144 1515 2390 1570 ἀπαιτεῖν
2434 1519 2531 1570 τοῦ
2591 1520 2766 1584 Θεοῦς
2827 1514 2998 1573 Πάλιν
3055 1521 3166 1572 τῶν
3228 1517 3561 1591 ζητημάτων
3611 1515 3646 1571 ἃ
3706 1517 3801 1592 μὲν

2145 1603 2452 1675 αἲσθήσεως
2484 1601 2678 1676 δεῖται,
2713 1607 2853 1678 οἷον,
2886 1605 2976 1662 έὰν
3009 1609 3148 1680 ζητῇ
3179 1626 3266 1668 τις
3297 1605 3343 1660 εἰ
3400 1605 3464 1660 τὸ
3521 1609 3630 1682 πῦρ
3677 1607 3804 1682 θερ-

2150 1694 2249 1768 μὸν
2349 1697 2384 1765 ἡ
2419 1693 2559 1770 χιὼν
2593 1695 2759 1767 λευκή
2787 1714 2801 1727 '
2830 1696 2954 1750 τινὰ
2998 1693 3057 1750 δὲ
3093 1695 3374 1758 νουθεσίας
3414 1693 3507 1750 καὶ
3561 1693 3807 1767 ἐπιπλή-

2147 1783 2301 1854 ξεως,
2344 1783 2419 1846 ὥς
2471 1805 2637 1862 φησιν
2695 1783 3086 1860 Ἀριστοτέλης
3133 1785 3270 1859 (17),
3306 1783 3381 1848 ὡς
3431 1785 3496 1839 τὸ
3542 1783 3809 1861 ἐρώτημα

2148 1871 2344 1942 έκεῖνο,
2373 1872 2419 1928 εἰ
2451 1873 2564 1950 χρὴ
2597 1879 2776 1950 γονεῖς
2809 1878 2974 1948 τιμᾷν
3007 1893 3020 1906 ο
3054 1869 3167 1929 ἔστι
3201 1870 3260 1928 δὲ
3299 1872 3332 1928 ἃ
3383 1873 3474 1929 καὶ
3523 1872 3807 1938 κολάσεως

377 1973 556 2041 gent;
610 1971 676 2024 ut
709 1967 758 2024 si
809 1966 943 2040 quis
975 1969 1221 2038 quaerat,
1255 1982 1329 2021 an
1359 1964 1516 2037 ignis
1549 1964 1629 2020 sit
1654 1963 1904 2031 calidus,
1937 1965 2027 2018 aut

2149 1959 2268 2032 ἄξια
2300 1981 2314 1995 ⁸
2349 1963 2544 2018 ὁποῖόν
2607 1962 2719 2018 ἐστι
2773 1964 2835 2019 τὸ
2894 1963 3062 2018 αἰτεῖν
3123 1960 3422 2034 ἀποδείξεις
3480 1961 3533 2018 εἷ’
3569 1962 3806 2040 Πρόνοια

2151 2050 2174 2072 θ’
2317 2058 2361 2072 π
2507 2051 2518 2072 1
2699 2052 2710 2072 1
2891 2049 2917 2072 ν
3137 2054 3152 2072 \
3323 2051 3338 2071 ἱ
3396 2058 3436 2072 τι
3494 2052 3506 2072 Ι

379 2059 478 2114 nix
509 2058 680 2114 alba:
707 2057 916 2129 aliquae
933 2071 1068 2112 vero
1100 2054 1504 2111 admonitione
1533 2059 1588 2109 et
1613 2052 2032 2124 increpatione,

379 2153 445 2204 ut
469 2148 552 2203 ait
577 2146 927 2202 Aristoteles
955 2164 967 2201 :
993 2150 1058 2200 ut
1088 2145 1190 2200 illa
1222 2143 1627 2215 interrogatio,
1661 2161 1736 2200 an
1773 2145 2038 2214 oporteat

379 2237 977 2308 honorareparentes.
1005 2235 1158 2289 Sunt
1179 2233 1356 2289 etiam
1391 2235 1661 2305 quaedam
1693 2233 1882 2304 dignae
1905 2247 2035 2303 quae

377 2326 739 2399 puniantur;
801 2323 1138 2396 cujusmodi
1198 2329 1308 2392 est,
1347 2339 1607 2394 quaerere
1639 2321 2033 2394 probationes,

377 2433 453 2472 an
484 2415 562 2472 sit
591 2414 981 2470 Providentia.
1027 2415 1170 2469 Cum
1219 2412 1296 2468 sit
1324 2428 1460 2485 ergo
1497 2411 1885 2482 Providentia,
1918 2426 2034 2466 non

381 2521 452 2562 ex
501 2505 878 2562 Providentia
936 2504 1150 2560 factam
1205 2503 1388 2559 fuisse
1431 2508 1488 2558 et
1533 2501 1926 2576 prophetiam,
1979 2504 2038 2556 et

371 2611 530 2666 eam,
554 2613 686 2668 qua;
707 2595 765 2650 in
783 2597 1149 2650 Servatorem
1175 2593 1326 2648 facta
1345 2597 1454 2662 est,
1488 2591 1898 2659 oeconomiam,
1925 2607 2034 2663 pu-

370 2690 517 2757 tare,
551 2687 643 2741 est
673 2682 987 2739 nefarium.
1021 2683 1090 2736 Et
1119 2682 1372 2738 fortasse
1425 2699 1496 2737 ne
1541 2680 1741 2738 conari
1793 2681 2034 2753 quidem

375 2777 607 2846 oportet
636 2773 760 2828 haec
789 2773 1216 2843 demonstrare,
1240 2787 1376 2827 cum
1401 2770 1479 2827 sit
1505 2771 1818 2827 manifesta
1838 2770 2036 2826 divina

378 2860 770 2928 Providentia,
791 2877 860 2916 ex
887 2864 1127 2932 aspectu
1153 2860 1442 2932 omnium,
1477 2877 1605 2933 quae
1623 2861 1918 2930 videntur,
1949 2859 2032 2914 ef-

379 2951 688 3018 fectorum,
723 2967 852 3022 quae
883 2954 1006 3006 arte
1037 2953 1312 3005 constant
1341 2957 1393 3004 el
1439 2948 1752 3021 sapientia,
1779 2964 2033 3021 quorum

381 3039 500 3097 alia
528 3039 769 3112 quidem
801 3039 1006 3095 ordine
1035 3039 1206 3108 ﬁunt,
1240 3039 1353 3094 alia
1383 3054 1517 3094 vero
1549 3038 1753 3094 ordine
1787 3037 2034 3094 manife-

380 3132 634 3185 stantur.
667 3127 773 3192 Qui
806 3144 914 3183 nos
945 3132 1142 3182 autem
1183 3127 1442 3183 essentia
1473 3131 1530 3182 et
1559 3129 1700 3183 vitat
1728 3125 2033 3198 impertiit,

379 3218 558 3275 etiam
589 3216 908 3291 participes
941 3217 1076 3273 fecit
1123 3217 1392 3284 rationis,
1434 3233 1542 3272 nos
1599 3215 1778 3272 simul
1825 3231 2035 3272 conve-

2149 2050 2280 2108 ἔστι.
2317 2051 2583 2126 Προνοίας
2625 2052 2809 2106 τοίνυν
2850 2049 3049 2124 οὔσης,
3086 2054 3160 2126 μὴ
3210 2051 3347 2108 κατᾶ
3396 2052 3664 2129 Πρόνοιαν
3713 2073 3801 2130 γε-

2145 2141 2358 2216 γονέναι
2416 2146 2589 2196 πᾶσαν
2647 2142 2747 2212 τήν
2788 2162 2846 2196 τε
2876 2141 3211 2220 προφητεία]
3254 2141 3345 2196 καὶ
3373 2141 3475 2211 τήν
3534 2141 3658 2218 περὶ
3707 2143 3802 2196 τὸν

2149 2237 2382 2307 Σωτῆρα
2406 2229 2745 2305 οἰκονομίαν,
2779 2234 3029 2308 ἡγεῖσθαι
3073 2231 3310 2288 ἀνόσιον.
3346 2229 3444 2287 Καί
3489 2229 3622 2294 ἴσως
3673 2227 3804 2287 οὐδὲ

2145 2321 2258 2396 χρή
2289 2320 2356 2375 τὰ
2385 2323 2610 2376 τοιαῦτα
2655 2327 2941 2398 πειρᾶσθαι
2991 2318 3398 2393 ἀποδεικνύναι,
3430 2326 3662 2398 φανερᾶς
3712 2317 3804 2376 οὗ·

2147 2432 2247 2480 σης
2273 2412 2374 2475 τῆς
2403 2409 2546 2473 θείας
2573 2410 2842 2487 Προνοίας
2871 2405 2932 2466 ἔκ
2959 2432 3017 2466 τε
3054 2417 3158 2482 τῆς
3205 2406 3385 2487 ὅψεως
3427 2415 3535 2466 τῶν
3581 2409 3800 2486 ὁρωμέ-

2143 2522 2252 2554 νων
2310 2499 2524 2564 πάντων
2578 2505 2848 2577 τεχνικῶν
2917 2500 3006 2556 καὶ
3065 2503 3247 2579 σοφῶν
3297 2499 3627 2575 ποιημάτων
3655 2519 3670 2532 ·
3709 2499 3800 2556 καὶ

2143 2593 2250 2644 τῶν
2309 2590 2402 2662 μὶν
2453 2589 2597 2660 τάξει
2663 2589 2990 2668 γινομένων,
3039 2594 3148 2646 τῶν
3209 2586 3268 2646 δὲ
3315 2590 3462 2662 τάξει
3537 2610 3802 2668 φανερου-

2149 2679 2322 2752 μένων
2357 2698 2370 2711 ’
2407 2677 2521 2734 ὁδὶ
2575 2675 2846 2753 μεταδοὺς
2893 2681 3031 2752 ἡμῖν
3087 2683 3186 2734 τοῦ
3237 2677 3374 2734 εἷναί
3426 2699 3484 2734 τε
3539 2677 3628 2734 καὶ
3683 2681 3801 2754 ζῇν,

2150 2765 2488 2843 μεταδέδωκε
2563 2767 2654 2824 καὶ
2712 2773 2810 2824 τοῦ
2881 2765 3073 2844 λόγου,
3125 2767 3372 2845 λογικῶς
3426 2789 3486 2824 τε
3543 2770 3656 2842 ἅμα
3711 2767 3802 2824 καὶ

2145 2855 2201 2912 εὗ
2235 2862 2329 2932 ζῇν
2364 2857 2566 2922 ἐθέλων
2597 2860 2770 2931 ἡμᾶς.
2798 2859 2860 2916 Ὁ
2909 2858 3014 2935 γὰρ
3063 2862 3160 2914 τοῦ
3209 2858 3423 2935 Πατρὸς
3483 2862 3592 2914 τῶν
3653 2856 3800 2914 ὅλων

2144 2946 2321 3025 Λόγος
2396 2947 2509 3024 οὐχ
2587 2947 2744 3010 οὗτός
2829 2945 2970 3003 ἐστιν
3030 2949 3060 3002 ὁ
3117 2947 3477 3026 προφορικὸς,
3529 2946 3689 3026 σοφία
3743 2943 3802 3002 δὶ

2143 3037 2234 3090 καὶ
2296 3037 2613 3113 χρηστότης
2669 3036 3020 3114 φανερωτάτη
3086 3038 3194 3111 (18)
3251 3040 3349 3092 τοῦ
3407 3039 3573 3108 θεοῦ,
3637 3033 3797 3092 δύνα-

2148 3124 2239 3199 μίς
2262 3146 2321 3180 τε
2352 3123 2416 3180 αὖ
2450 3126 2764 3202 παγκρατὴς
2791 3125 2883 3181 καὶ
2911 3131 2992 3200 τῷ
3023 3123 3140 3181 ὄντι
3169 3125 3284 3182 Θεία
3320 3145 3332 3158 ·
3367 3123 3493 3182 οὐδὲ
3538 3130 3656 3188 τοῖς
3718 3126 3796 3200 μὴ

2145 3213 2517 3290 ὁμολογοῦσιν
2593 3213 2984 3288 ἀκατανόητος,
3033 3215 3277 3289 ’θέλημα
3364 3234 3801 3290 παντοκρατορι-

379 3308 608 3364 nienter
647 3306 862 3363 rationi
886 3307 1111 3376 volens,
1138 3309 1196 3362 et
1233 3306 1381 3362 bene
1418 3304 1628 3361 vivere.
1661 3309 1810 3360 Nam
1846 3305 2027 3377 Logos

2146 3304 2238 3359 κόν
2272 3307 2407 3376 (19).
2441 3303 2594 3362 Ἐπεὶ
2627 3301 2686 3359 δὲ
2714 3306 2767 3359 οἱ
2810 3305 2904 3378 μὶν
2931 3305 3170 3377 ἄπιστοι,
3205 3305 3258 3360 οἱ
3306 3301 3364 3360 δὲ
3414 3303 3700 3381 έριστικοὶ,
3729 3303 3798 3360 οὐ

377 3398 568 3452 Patris
591 3395 1000 3452 universorum
1028 3411 1146 3451 non
1177 3398 1268 3451 est
1311 3394 1581 3466 verbum,
1617 3395 1775 3466 quod
1807 3376 2027 3466 profer-

2146 3394 2340 3458 πάντες
2390 3394 2727 3470 τυγχάνουσι
2772 3397 2870 3464 τῆς
2901 3392 3250 3465 τελειότητος
3299 3397 3398 3450 τοῦ
3429 3394 3650 3468 ἀγαθοῦ.
3683 3389 3798 3451 Οὕ-

371 3489 492 3556 tur,
525 3486 629 3542 sed
678 3485 969 3558 sapientia
1007 3489 1064 3540 et
1092 3484 1192 3540 Dei
1223 3483 1457 3539 bonitas
1487 3482 1976 3539 manifestissima
2007 3497 2022 3538 :

371 3579 432 3631 et
447 3582 512 3647 ›χ‹
532 3577 711 3632 etiam
733 3573 1108 3646 omnipotens
1133 3577 1393 3646 potestas
1415 3575 1474 3627 et
1493 3587 1622 3628 vere
1645 3572 1867 3644 divina,
1896 3589 2027 3646 qua:

372 3681 490 3720 non
521 3669 612 3720 est
641 3663 934 3736 ejusmodi
985 3667 1048 3718 ut
1078 3661 1318 3734 intelligi
1353 3671 1470 3717 nun
1504 3661 1692 3733 possit
1717 3661 1804 3718 vel
1849 3662 1922 3717 ab
1957 3662 2030 3718 iis

375 3753 476 3825 qui
503 3751 696 3826 ipsam
729 3769 847 3808 non
887 3752 1262 3817 confitentur,
1297 3749 1570 3806 voluntas
1621 3751 1819 3806 omnia
1849 3751 2031 3807 conti-

375 3857 524 3898 nens
567 3858 678 3898 sua
725 3841 1178 3913 omnipotentis.
1233 3839 1522 3904 Quoniam
1572 3843 1768 3895 autem
1813 3839 2028 3911 partim

373 3931 612 4002 quidam
643 3928 1090 3998 suntinfldeles,
1113 3927 1327 4000 partim
1356 3943 1491 3983 vero
1507 3929 1877 4001 contentiosi,
1912 3947 2028 3986 non

373 4035 581 4076 omnes
615 4024 1018 4091 assequuntur
1043 4016 1180 4072 boni
1211 4016 1646 4089 perfectionem.
1674 4017 1820 4074 Nam
1839 4035 2028 4090 neque

371 4107 498 4164 ﬁeri
519 4115 713 4180 potest
744 4116 810 4164 ut
838 4108 966 4164 sine
999 4113 1200 4162 nostro
1234 4105 1417 4162 animi
1465 4109 1768 4179 proposito
1821 4126 2027 4166 conse-

373 4213 648 4270 quamur,
683 4213 876 4268 neque
909 4197 1248 4251 universum
1277 4200 1367 4250 est
1414 4197 1672 4268 positum
1706 4199 1766 4253 in
1824 4202 2028 4254 nostra

369 4288 695 4357 voluntate;
745 4285 920 4359 quale
949 4289 1058 4355 est,
1093 4284 1250 4356 quod
1290 4290 1379 4340 est
1410 4291 1762 4342 eventurum
1795 4303 1808 4342 :
1843 4290 2026 4358 gratia

366 4377 524 4434 enim
551 4393 842 4434 servamur
866 4377 935 4444 ¹¹,
968 4375 1071 4430 sed
1104 4391 1220 4430 non
1251 4375 1474 4447 absque
1503 4375 1676 4432 bonis
1709 4377 2020 4450 operibus;

2135 3503 2191 3538 τε
2228 3483 2333 3558 γὰρ
2393 3481 2516 3538 ἄνευ
2575 3481 2942 3560 προαιρέσεως
2999 3488 3187 3560 τυχεῖν
3235 3483 3353 3539 οἷόν
3412 3503 3472 3537 τε
3507 3503 3518 3516 ·
3557 3482 3622 3538 οὐ
3685 3481 3798 3555 μὴν

2141 3570 2269 3628 οὐδὲ
2313 3573 2376 3628 τὸ
2423 3579 2525 3628 πᾶν
2570 3573 2659 3628 έπῖ
2699 3576 2768 3648 τῇ
2805 3573 3004 3649 γνώμῃ
3036 3575 3107 3647 τῇ
3136 3571 3380 3648 ἡμετέρᾳ
3420 3576 3594 3628 κεῖται
3631 3590 3642 3603 ·
3677 3573 3797 3628 οἷον

2137 3663 2200 3717 τὸ
2250 3657 2666 3737 ἀποϐησόμενον
2701 3682 2714 3696 ο
2748 3663 2940 3738 χάριτι
2995 3664 3096 3739 γὰρ
3155 3662 3444 3736 σωζόμεθα
3502 3663 3615 3736 (20)
3650 3680 3663 3694 ⁸
3697 3659 3803 3718 οὐκ

2139 3752 2264 3806 ἄνευ
2311 3753 2498 3826 μέντοι
2545 3757 2652 3808 τῶν
2701 3751 2890 3808 καλῶν
2923 3749 3092 3829 ἔργων
3125 3747 3273 3808 ἀλλὰ
3329 3748 3410 3807 δεῖ
3473 3750 3568 3825 μὶν
3625 3771 3800 3829 πεφυ-

2137 3842 2297 3904 κότας
2352 3841 2488 3918 πρὸς
2541 3843 2604 3896 τὸ
2661 3841 2884 3919 ἀγαθὸν,
2945 3838 3188 3912 σπουδήν
3250 3861 3376 3896 τινα
3429 3841 3799 3918 περιποιήσα-

2137 3933 2258 3986 σθαι
2293 3931 2428 4006 πρὸς
2457 3930 2591 3986 αὐτό
2622 3949 2636 3964 σ
2671 3927 2755 3986 δεῖ
2783 3927 2843 3986 δὲ
2871 3928 2960 3985 καὶ
3003 3931 3104 4001 τήν
3137 3930 3372 4006 γνώμην
3425 3931 3550 4005 ὑγιῆ
3596 3931 3795 3996 κεκτῆ-

2137 4023 2278 4090 σθαι,
2309 4023 2408 4092 τὴν
2437 4019 2805 4094 ἀμετανόητον
2838 4020 2977 4097 πρὸς
3027 4021 3128 4090 τὴν
3191 4021 3360 4094 θήραν
3421 4024 3519 4074 τοῦ
3575 4017 3748 4075 καλοῦ
3783 4039 3799 4054 ·

2135 4111 2272 4184 πρὸς
2325 4109 2458 4186 ὅπερ
2511 4108 2750 4184 μάλιστα
2778 4115 2880 4179 τῆς
2908 4109 3053 4172 θείας
3083 4108 3372 4186 χρῄζομεν
3421 4107 3676 4186 χάριτος,
3711 4105 3798 4163 δι-

2137 4197 2432 4262 δασκαλίας
2483 4220 2542 4255 τε
2599 4199 2788 4274 ὀρθῆς,
2817 4200 2908 4254 καὶ
2950 4197 3236 4263 εὐπαθείας
3285 4200 3398 4272 (21)
3461 4199 3656 4273 ἁγνῆς,
3701 4197 3798 4252 καὶ

2131 4295 2231 4359 τῆς
2279 4293 2374 4344 τοῦ
2422 4288 2634 4366 Πατρὸς
2674 4288 2813 4364 πρὸς
2845 4288 3006 4344 αὐτὸν
3040 4289 3153 4362 (22)
3185 4286 3384 4358 ὁλκῆς.
3419 4283 3796 4360 Ἐνδεδεμένοι

2132 4381 2236 4456 γὰρ
2267 4383 2345 4452 τῷ
2373 4375 2568 4454 γεώδει
2601 4378 2839 4451 σώματι,
2869 4381 2977 4432 τῶν
3015 4379 3109 4450 μὲν
3142 4375 3422 4449 αἲσθητῶν
3485 4373 3574 4432 διὰ
3605 4377 3800 4450 σώμα-

433 4503 499 4569 >X<
526 4503 584 4558 P.
619 4502 726 4558 647
757 4501 868 4557 ED.
903 4499 1215 4570 POTTER,
1243 4502 1350 4557 548
1379 4501 1493 4557 ED.
1529 4501 1749 4558 PARIS.
1831 4503 1873 4540 ¹¹
1905 4505 2027 4578 Eph

2156 4525 2220 4580 ιι,
2251 4509 2307 4565 5.

437 4631 552 4702 (17)
585 4624 998 4702 Ἀριστοτέλης.
1043 4629 1321 4702 _Respici_t
1399 4635 1604 4686 auctor
1636 4631 2022 4702 (Aristotelis

369 4696 550 4771 Topie'.
725 4719 770 4776 ι,
799 4717 850 4755 c.
886 4696 946 4754 11
984 4699 1109 4776 2,οὐ
1262 4696 1331 4776 ’δέ
1377 4705 1480 4776 πᾶν
1538 4697 1862 4776 πρόῦλημα,
1897 4700 2024 4758 οὐδὲ

364 4769 538 4846 πᾶσαν
573 4773 717 4846 θέσιν
754 4771 1070 4846 ἐπισκοπεῖν
1102 4789 1114 4802 ⁸
1147 4769 1274 4846 ἀλλ’
1301 4769 1638 4846 ἀπορήσειέν
1663 4769 1856 4846 ἄνννὲιςῖ
1909 4779 2018 4830 τῶν

365 4841 546 4920 λόγων
608 4842 904 4920 δεομένων,
947 4843 1055 4920 ῌκαὶ
1121 4841 1550 4920 μήικολάσεως,
1695 4845 2024 4920 αἰσθήσεως.

365 4913 564 4992 Οἱίμὲν
602 4913 718 4992 Δγᾶιρ
741 4913 1130 4992 ἀποροῦντες,
1159 4914 1390 4992 πότερον
1428 4915 1510 4992 δεῖ
1537 4913 1682 4992 ’τοῦς
1728 4913 1891 4992 θεοίἱς-
1915 4939 2022 4992 ’τι-

372 4985 498 5060 μᾷν,
528 4985 807 5061 καὶξτοὺς
855 4985 1038 5061 γονεῖς
1092 4985 1326 5061 ἀγαπᾷν,
1359 4990 1396 5059 ἢ
1430 4989 1512 5054 οὓ,
1549 4988 1828 5053 κολάσεως
1872 4989 2024 5046 δέον-

364 5055 502 5134 τάιλξ
536 5059 595 5134 οῖ
737 5055 967 5134 πότερον
1088 5055 1231 5134 χὶᾁιν
1255 5055 1525 5134 λευκὴ,ᾲῆ
1577 5061 1660 5134 οὔ,
1694 5061 2020 5134 αἰσθήσεως.

364 5079 454 5114 ται
490 5078 502 5092 ο
536 5077 588 5112 οι
634 5077 693 5114 οε
737 5077 967 5134 ποτερον
1016 5077 1051 5126 η
1077 5077 1231 5185 gmw
1267 5077 1458 5129 Λευκη,
1490 5077 1525 5132 η
1577 5077 1660 5130 ου,
1694 5077 2018 5134 αἰσθήσεως.

363 5128 511 5211 Οῦδὲ
532 5129 607 5211 ,δὴ
642 5131 715 5211 ῶν
745 5127 1053 5211 σύνεγγῦςὴ
1112 5128 1618 5211 πόδειξιςρῦδξλῶν
1650 5133 1771 5211 λίαν
1805 5133 2018 5211 πόῤῥως

361 5202 432 5256 τὰ
491 5203 588 5276 μὲν
631 5203 733 5278 γάρ
784 5200 1048 5278 σῦκ’ἔχει
1101 5200 1458 5278 ἀπορίαν,’τὰ
1503 5205 1561 5260 δὲ
1607 5205 1788 5262 πλείω
1817 5208 1853 5278 ἢ
1882 5200 2023 5261 κατὰ

359 5275 903 5350 γυμναστικήν.ᾐΝρο
961 5275 1086 5330 vero
1132 5275 1335 5346 oportet
1381 5297 1544 5337 omne
1592 5275 1890 5350 problema,
1921 5285 2022 5336 aut

360 5345 579 5423 omnem
638 5348 821 5423 thesin
875 5345 934 5402 in
993 5345 1346 5423 quzuione’m
1396 5345 1686 5415 revocare;
1719 5353 1820 5408 sed
1845 5345 2016 5423 eum,

357 5419 428 5474 de
471 5436 585 5492 qua
636 5417 916 5491 quispiam
967 5417 1458 5496 posset_dubitare
1505 5440 1664 5496 egens
1711 5417 2014 5480 rationum;

357 5506 471 5546 non
528 5507 724 5567 paena,
754 5499 851 5544 aut
899 5503 1114 5567 sensus.
1161 5492 1296 5547 ham
1343 5497 1438 5565 qui
1483 5492 1793 5567 ainbz'gunt,
1825 5499 2018 5550 utrum

357 5567 612 5632 Oporteat
665 5564 791 5638 deos
843 5563 1045 5638 colere,
1105 5567 1157 5618 et
1202 5563 1457 5638 parentes
1512 5563 1787 5638 diligere,
1826 5583 2014 5638 necne,

358 5649 519 5704 poena
543 5637 682 5716 igni
709 5648 834 5716 vero
859 5632 1139 5716 dubifant,
1173 5640 1371 5716 atrurn
1395 5637 1502 5716 nix
1545 5632 1794 5704 sit'aiba,
1825 5632 2014 5708 necne,

361 5721 523 5760 sensu
553 5705 822 5782 indigent.
855 5706 962 5782 Nec
988 5705 1163 5782 igitur
1201 5708 1272 5764 de
1311 5711 1396 5764 his
1425 5711 1740 5782 disceptare
1781 5705 2013 5780 oportet,

361 5792 598 5857 quorum
627 5777 689 5833 in
715 5781 975 5857 promptu
999 5786 1082 5857 est
1110 5778 1519 5857 demonstratio,
1539 5777 1644 5857 nec
1672 5777 1910 5857 quorum
1934 5777 2014 5857 est

359 5851 533 5905 nimis
562 5855 808 5911 remota;
839 5851 1103 5920 quoniam
1150 5851 1257 5907 illa
1299 5869 1408 5910 non
1457 5851 2010 5912 habent'dubitatio-

2131 4651 2281 4702 nem,
2313 4636 2426 4690 hac
2458 4648 2586 4691 vero
2632 4634 2898 4705 majorem
2926 4631 3149 4702 habent,
3180 4647 3342 4705 quam
3391 4631 3805 4687 exercitationi

2131 4708 2431 4763 dialectice
2459 4707 2770 4761 conveniat.

2206 4779 2326 4905 (38%
2368 4777 2756 4853 Φανερωτάτη.
2835 4775 2998 4832 Conf.
3074 4773 3412 4845 Protreptici
3487 4789 3618 4846 pag.
3704 4773 3799 4846 86,

2136 4854 2258 4905 not.
2292 4853 2346 4906 3.
3607 4891 3612 4896 .

2207 4921 2321 4993 (19)
2349 4917 2582 4993 Θέὶημα
2653 4938 2985 4993 παντοκρατ.
3011 4989 3026 4993 Δ
3063 4917 3228 4993 CRM.
3303 4914 3606 4993 Paedagogi
3665 4913 3800 4993 ﬁt).

2135 4985 2223 5058 In,
2255 4985 2312 5048 οξ
2358 4985 2518 5060 υιι.;“
2550 5009 2609 5060 ρ.
2661 4991 2789 5059 309,
2845 4985 2967 5047 not.
2999 4989 3053 5044 6.
3088 4989 3362 5060 Clemens
3392 4985 3797 5060 intra’p._573.

2135 5009 2221 5058 ιιι,
2255 5009 2306 5048 c.
2358 5003 2492 5060 ult.,
2599 5034 2609 5046 .
2661 5003 2789 5059 3w,
2845 5003 2967 5047 not.
2999 5003 3053 5044 ο.
3088 5003 3362 5045 Ulemens
3392 5003 3548 5044 Intra
3623 5028 3635 5042 .
3663 5003 3797 5044 διδ.

2133 5063 2271 5137 edit.
2299 5065 2483 5137 Paris.
2682 5064 3164 5137 παντοκρατορικῷ
3199 5055 3518 5137 βουλήματι
3573 5003 3798 5137 ξπέχων

2133 5130 2296 5263 λὸγὲν
2345 5135 2432 5191 καὶ
2480 5130 2721 5199 εὐθύνας.
2770 5130 3147 5208 Omnipotenti
3195 5130 3471 5190 uoluntati
3521 5130 3798 5188 rationem

2133 5225 2204 5263 rei.
2265 5225 2380 5263 θηε.

2130 5225 2380 5264 renuens.

2201 5278 2532 5362 (20))ςάριτι
2589 5277 2901 5351 σωζόμεθα.
2949 5277 3166 5350 Ephes.
3228 5294 3290 5334 II.
3323 5277 3380 5348 5,
3429 5271 3628 5346 Χάριτί
3677 5270 3800 5328 ἐστι

2130 5371 2484 5406 σεσωσμενοι.

2199 5372 2672 5496 ἷὲισ)μὲίόῖίαθείας.
2734 5423 2905 5478 Forte
2963 5419 3410 5478 convenientius
3469 5411 3794 5485 εὐπειθείας,

2125 5495 2474 5553 obedientiaz.
2509 5495 2678 5550 SYLB.

2197 5569 2311 5652 (22)
2341 5567 2487 5652 ῃρὸς
2519 5561 3320 5652 αῦτόνεῖερῐδξρθηάρωτπρὸς
3367 5555 3789 5652 0161,62,,afim8e.

2125 5625 2638 5713 βξερίοὶῑίιιίιοῐοι·
2665 5636 2882 5713 Christi
2920 5639 3099 5713 verba
3131 5625 3309 5713 Jo‘ang.
3341 5651 3418 5713 vi,
3452 5625 3564 5713 41:":
3599 5625 3792 5713 ῼῦδεῖς

2125 5699 2372 5786 δύνιεξτιιιιΔ
2396 5707 2760 5786 ἐλθεῖν-πρὸς
2815 5707 2902 5782 μὲ,
2935 5707 3023 5763 ἐὰν
3078 5708 3154 5784 μή
3197 5707 3226 5760 ὁ
3257 5699 3468 5781 Ηατὴρ,
3502 5703 3530 5758 6
3562 5699 3784 5776 πέμψας

2125 5805 2212 5856 με,
2246 5781 2447 5858 ἑλκύσῃ
2475 5781 2656 5838 αὐτόν.
