4124 6398
323 459 444 517 597

1648 464 2093 522 STROMATUM
2129 466 2264 520 LIB.
2305 467 2454 522 VIII.

3656 461 3767 526 598'

321 584 414 641 καὶ
445 584 702 661 περὶτοῦ
737 582 1085 662 δημιουργοῦ
1131 583 1222 641 καὶ
1272 587 1507 655 ποιητοῦ
1557 584 1721 661 λόγος
1761 585 1851 641 καὶ
1892 607 1994 642 πα-

2112 589 2190 644 Ex
2206 590 2643 660 procatarcticis
2661 593 2788 652 aliae
2807 595 3048 669 quidem
3069 599 3334 668 tempore
3355 611 3505 667 opus
3522 594 3760 668 habent,

327 675 477 752 τρός.
511 673 628 733 Οὐκ
676 671 820 730 ἔστιν
880 673 1010 730 αὐτό
1061 696 1112 730 τι
1167 677 1358 731 ἑαυτοῦ
1389 672 1584 745 αἴτιον,
1620 673 1744 731 οὐδὲ
1801 678 1992 732 ἑαυτοῦ

324 787 410 831 τις
437 767 620 836 πατήρ
657 783 669 796 ·
699 764 816 820 ἐπεὶ
845 764 910 820 τὸ
940 769 1156 842 πρῶτον
1188 767 1471 842 γενήσεται
1501 763 1747 839 δεύτερον
1785 783 1797 797 ·
1831 765 1894 821 τό
1930 787 1994 841 γε

333 856 442 930 μὴν
491 853 666 910 αἴτιον
715 853 921 932 ἐνεργεῖ
968 854 1058 909 καὶ
1091 852 1365 926 διατίθησι
1395 873 1407 886 °
1439 855 1503 910 τὸ
1538 855 1639 909 ὑπὸ
1685 859 1783 910 τοῦ
1816 855 1991 911 αἰτίου

329 947 622 1024 γενόμενον
653 946 859 1021 πάσχει
889 945 978 1000 καὶ
1011 941 1328 1009 διατίθεται,
1361 943 1438 1002 Οὐ
1470 941 1690 1000 δύναται
1723 942 1780 999 δὲ
1807 946 1869 1000 τὸ
1896 944 1989 1000 αὐ-

331 1036 396 1091 τὸ
426 1034 560 1110 πρὸς
605 1035 780 1107 ἑαυτῷ
827 1029 1250 1108 λαμϐανόμενον
1299 1034 1535 1110 ἐνεργεῖν
1587 1036 1699 1109 ἅμα
1728 1034 1818 1090 καὶ
1875 1032 1993 1089 δια-

330 1125 590 1197 τίθεσθαι,
625 1122 751 1179 οὐδὲ
800 1124 916 1187 υἱὸς
976 1124 1107 1180 εἶναι
1155 1124 1246 1180 καὶ
1292 1126 1497 1200 πατήρ.
1531 1125 1628 1179 Καὶ
1687 1122 1876 1188 ἄλλως
1928 1125 1990 1180 τὸ

320 1211 493 1269 αἵτιον
525 1218 621 1268 τοῦ
657 1215 746 1270 ὑπ’
778 1214 944 1269 αὐτοῦ
992 1215 1283 1290 γινομένου
1333 1219 1644 1292 προχρονεῖ
1698 1215 1835 1270 κατὰ
1889 1216 1987 1284 τὴν

321 1303 529 1375 οὐσίαν,
561 1303 638 1367 ὡς
668 1305 703 1374 ἡ
740 1304 988 1380 μάχαιρα
1018 1308 1119 1371 τῆς
1169 1311 1374 1379 τομῆς.
1407 1303 1485 1363 Οὐ
1543 1303 1768 1359 δύναται
1817 1301 1874 1359 δὲ
1927 1305 1991 1359 τὸ

321 1392 454 1450 αὐτὸ
506 1393 642 1448 κατά
687 1394 751 1448 τὸ
801 1393 932 1449 αὐτὸ
981 1394 1073 1448 καὶ
1104 1399 1434 1469 προχρονεῖν
1465 1398 1534 1468 τῇ
1567 1391 1672 1467 ὕλῃ
1717 1394 1851 1457 καθὸ
1908 1390 1990 1447 α’ί-

323 1482 442 1538 τιόν
476 1481 646 1555 ἐστιν,
681 1484 794 1557 ἅμα
823 1482 912 1538 καὶ
964 1483 1207 1557 ὑστερεῖν
1248 1482 1340 1538 καὶ
1392 1483 1829 1558 ὑστεροχρονεῖν,
1860 1483 1992 1546 καθὸ

320 1574 425 1641 τῆς
477 1571 654 1635 αἰτίας
707 1570 850 1627 ἐστὶν
902 1567 1083 1648 ἔργον.
1121 1569 1372 1648 Διαφέρει
1403 1591 1462 1625 τε
1490 1572 1553 1626 τὸ
1586 1572 1718 1625 εἶναι
1760 1573 1858 1625 τοῦ
1904 1591 1993 1644 γε-

325 1661 510 1715 νέσθαι
547 1679 560 1692 ’
596 1658 740 1716 οὕτω
770 1659 861 1716 καὶ
920 1658 1093 1715 α’ίτιον
1150 1661 1244 1734 μὲν
1305 1664 1402 1715 τοῦ
1459 1661 1779 1734 γινομένου,
1813 1660 1993 1730 πατὴρ

327 1747 388 1806 δὲ
444 1751 587 1808 υἱοῦ.
623 1749 740 1808 Οὐκ
797 1747 1072 1826 ἐνδέχεται
1102 1751 1203 1826 γὰρ
1235 1751 1297 1805 τὸ
1322 1750 1456 1806 αὐτὸ
1486 1751 1624 1805 κατὰ
1653 1751 1714 1805 τὸ
1745 1749 1873 1805 αὐτὸ
1903 1748 1994 1804 καὶ

326 1841 459 1896 εἶναι
514 1841 628 1913 ἅμα
684 1841 776 1896 καὶ
833 1839 1075 1916 γίνεσθαι
1111 1858 1126 1873 ο
1162 1839 1316 1894 οὐθὲν
1349 1837 1440 1894 οὖν
1501 1839 1640 1894 ἐστιν
1684 1840 1878 1895 ἑαυτοῦ
1907 1836 1994 1892 ατί-

323 1951 462 1987 τιον.
496 1927 800 2000 Ἀλλήλων
834 1929 935 1984 οὐκ
965 1927 1075 1984 ἔστι
1105 1927 1173 1984 τὰ
1204 1927 1374 1998 αθίτια,
1407 1927 1685 2000 ἀλλήλοις
1726 1925 1784 1984 δὲ
1821 1926 1988 1983 ατίτιαυ

320 2023 358 2090 ἡ
419 2020 521 2098 γὰρ
574 2017 856 2090 σπληνική
903 2016 1140 2083 διάθεσις
1195 2019 1667 2094 προϋποκειμένη,
1711 2017 1772 2073 οὗ
1825 2038 1991 2094 πυρε-

325 2114 424 2165 τοῦ
455 2108 650 2177 α’ίτιος,
684 2106 829 2164 ἀλλά
857 2113 956 2165 τοῦ
985 2108 1223 2185 γίνεσθαι
1271 2109 1364 2164 τὸν
1399 2109 1630 2185 πυρετόν
1666 2128 1678 2140 ’
1709 2109 1800 2163 καὶ
1832 2109 1862 2164 6
1891 2129 1992 2162 πυ-

327 2199 506 2277 ρετὸς,
536 2197 1029 2275 προϋποκείμενος,
1061 2198 1124 2253 οὗ
1177 2196 1447 2269 σπληνὸς,
1498 2195 1645 2254 ἀλλᾶ
1693 2195 1791 2252 toﬁ
1840 2193 1996 2268 αὔξε-

327 2291 452 2345 σθαι
483 2289 584 2357 τὴν
610 2285 870 2352 διάθεσιν.
903 2285 1063 2346 Οὕτω
1093 2289 1182 2343 καὶ
1216 2289 1270 2343 αἱ
1331 2288 1515 2364 ἀρεταὶ
1576 2285 1854 2358 ἀλλήλαις
1910 2285 1994 2342 α’ί-

325 2399 442 2434 τιαι
473 2382 552 2450 τῷ
587 2379 664 2451 μὴ
697 2377 1026 2453 χωρίζεσθαι
1056 2379 1196 2451 (96),
1229 2376 1320 2433 διὰ
1364 2379 1465 2447 τήν
1516 2375 1942 2441 ἀντακολουθίαν
1979 2397 1992 2410 ⁵

329 2469 427 2524 καὶ
458 2467 511 2524 οἳ
545 2466 632 2522 ἐπὶ
662 2474 762 2538 τῆς
793 2463 1030 2541 ψαλίδος
1064 2466 1215 2531 λίθοι
1243 2466 1521 2537 ἀλλήλοις
1543 2467 1676 2522 εἰσὶν
1707 2464 1869 2522 α’ίτιοι
1901 2470 1998 2522 τοῦ

341 2559 522 2632 μένειν
576 2558 1037 2633 κατηγορήματος
1084 2557 1218 2630 (97),
1272 2554 1538 2627 ἀλλήλων
1598 2553 1655 2610 δὲ
1713 2555 1812 2610 οὐκ
1863 2555 1996 2612 εἰσὶν

339 2643 506 2701 α’ίτιοι
541 2664 553 2677 ·
585 2644 676 2700 καὶ
710 2646 738 2700 6
770 2641 1098 2706 διδάσκαλος
1131 2641 1188 2698 δὲ
1217 2643 1306 2698 καὶ
1340 2645 1367 2699 6
1401 2643 1684 2718 μανθάνων
1717 2641 1998 2716 ἀλλήλοις

341 2733 477 2790 εἰσὶν
536 2732 701 2790 α’ίτιοι
759 2738 858 2789 τοῦ
887 2733 1217 2808 προκόπτειν
1246 2736 1734 2810 κατηγορήματος.
1772 2734 1998 2810 Λέγεται

339 2821 399 2880 δὲ
427 2822 703 2894 ἀλλήλοις
733 2821 900 2891 α⁹ίτια,
932 2823 1064 2878 ποτὲ
1103 2823 1196 2896 μὲν
1227 2826 1336 2878 τῶν
1370 2822 1567 2892 αὐτῶν,
1588 2825 1662 2886 ὡς
1694 2824 1722 2878 6
1754 2823 1997 2900 ἔμπορος

333 2913 426 2970 καὶ
458 2915 486 2970 ὁ
515 2911 772 2985 κάπηλος
804 2911 1082 2983 ἀλλήλοις
1114 2911 1248 2968 εῗσίν
1303 2909 1468 2968 α’ίτιοι
1515 2917 1612 2969 τοῦ
1657 2911 1952 2990 κερδαίνειν
1982 2934 1994 2947 ·

332 3003 468 3059 ποτε
499 3000 556 3058 δὲ
587 3001 766 3058 ἄλλου
808 3003 898 3058 καὶ
951 2999 1152 3075 ἄλλου,
1178 3002 1419 3078 καθάπερ
1451 3005 1486 3072 ἡ
1541 3002 1786 3078 μάχαιρα
1825 3003 1916 3058 καὶ
1961 3006 1996 3074 ἡ

334 3092 465 3167 σάρξ
499 3113 510 3124 ·
545 3095 581 3162 ἡ
617 3093 712 3166 μὶν
745 3091 846 3168 γὰρ
877 3095 946 3166 τῇ
980 3091 1137 3166 σαρκὶ
1167 3089 1263 3146 τοῖ’)
1291 3093 1604 3166 τέμνεσθαι·
1639 3095 1672 3162 ἡ
1705 3094 1833 3167 σὰρξ
1856 3091 1912 3148 δὲ
1928 3096 1996 3166 τῇ

336 3183 588 3259 μαχαίρᾳ
634 3186 732 3237 τοῦ
777 3180 993 3255 τέμνειν
1040 3182 1103 3237 τὸ
1156 3181 1440 3257 ὀφθαλμὸν
1474 3184 1589 3256 (98)
1619 3183 1736 3238 ἂντὶ
1791 3182 1996 3262 ὀφθαλ-

2103 679 2286 734 donec
2317 680 2387 735 ad
2422 680 2598 736 ﬁnem
2631 685 2949 754 perductus
2981 685 3160 741 fuerit
3189 684 3470 753 effectus;
3505 683 3631 740 aliae
3663 701 3762 740 au-

2100 771 2218 824 tem
2252 785 2366 824 non
2399 769 2689 842 indigent,
2713 778 2779 828 ut
2801 791 2974 830 casus
2998 775 3286 831 fracturae.
3309 774 3463 829 Num
3485 790 3622 846 ergo
3642 775 3762 830 haec

2102 875 2217 913 non
2253 858 2533 914 dicuntur
2560 863 2821 932 expertia
2848 865 3132 936 temporis
3167 880 3272 936 per
3303 863 3433 934 ejus
3481 863 3758 935 privatio-

2102 963 2260 1015 nem,
2311 947 2411 1004 sed
2460 965 2563 1020 per
2621 950 3096 1019 diminutionem,
3153 957 3218 1008 ut
3264 953 3438 1008 etiam
3497 957 3757 1024 repente,

2101 1037 2256 1108 quod
2293 1053 2397 1092 nec
2428 1037 2625 1109 ipsum
2672 1040 2909 1111 quidem
2959 1042 3177 1097 factum
3213 1045 3301 1097 est
3345 1042 3568 1114 absque
3610 1047 3757 1097 tem-

2101 1126 2294 1199 pore?
2338 1127 2543 1183 Omnis
2589 1144 2795 1200 causa,
2850 1136 3140 1202 quatenus
3185 1147 3384 1197 causa,
3433 1131 3762 1203 concipitur

2101 1231 2230 1272 esse
2261 1214 2604 1287 alicujus,et
2635 1220 2858 1275 versari
2891 1220 2951 1275 in
2987 1220 3206 1293 aliquo.
3226 1221 3490 1289 Alicujus
3519 1221 3757 1292 quidem

2101 1305 2366 1371 eﬁ‘ectus,
2392 1309 2458 1360 ut
2486 1306 2721 1377 gladius
2766 1309 3042 1377 secandi;
3077 1309 3136 1364 in
3171 1309 3368 1380 aliquo
3401 1315 3599 1365 autem
3630 1327 3758 1366 ver-

2102 1394 2241 1464 sari,
2258 1409 2468 1466 nempe
2484 1395 2545 1450 in
2565 1396 2774 1454 idoneo
2789 1399 3590 1471 subjecto,que'nadmodum
3608 1399 3762 1472 ignis

2103 1483 2163 1539 in
2196 1482 2380 1556 ligno,
2403 1500 2519 1540 non
2553 1489 2683 1541 uret
2719 1487 2878 1543 enim
2925 1490 3323 1544 adamantem.
3357 1487 3550 1544 Causa
3578 1494 3667 1545 est
3697 1505 3766 1546 ex

2101 1573 2175 1630 iis
2207 1589 2336 1644 quae
2366 1574 2702 1631 referuntur
2732 1578 2800 1632 ad
2838 1576 3092 1650 aliquid;
3120 1577 3454 1651 concipitur
3481 1578 3640 1635 enim
3664 1595 3767 1652 per

2092 1679 2230 1719 eam
2251 1679 2376 1733 qua;
2399 1667 2489 1718 est
2505 1665 2576 1719 ad
2597 1663 2847 1721 alterum
2868 1665 3302 1722 habitudinem.
3319 1667 3442 1731 Quo
3465 1667 3530 1722 ﬁt
3545 1672 3610 1723 ut
3625 1669 3767 1724 duo-

2103 1753 2215 1808 bus
2236 1752 2350 1807 sibi
2367 1751 2616 1808 invicem
2641 1753 2977 1826 applicatis,
2993 1772 3232 1811 causam
3251 1759 3318 1811 ut
3335 1772 3576 1812 causam
3601 1757 3766 1812 intel-

2102 1841 2381 1914 ligamus.
2397 1842 2614 1899 Eadem
2635 1848 2833 1900 autem
2853 1849 2944 1901 est
2965 1846 3114 1902 ratio
3133 1845 3764 1918 opiﬁcis,eﬁ‘ectoris,et

2103 1931 2306 2004 patris.
2323 1931 2448 1987 Non
2467 1935 2556 1988 est
2573 1933 2796 2005 aliquid
2816 1934 3014 2006 ipsum
3032 1935 3125 1990 sui
3144 1935 3335 2007 ipsius
3353 1951 3552 2004 causa,
3569 1950 3762 2007 neque

2099 2020 2163 2084 ›ι‹
2186 2023 2277 2076 est
2296 2019 2514 2093 aliquis
2536 2025 2702 2093 pater
2721 2039 2867 2079 suus
2883 2040 2896 2079 :
2913 2041 3051 2080 nam
3077 2023 3162 2081 sic
3185 2024 3468 2096 primum,
3494 2025 3758 2080 futurum

2102 2113 2258 2167 esset
2287 2110 2638 2166 secundum.
2663 2112 2853 2169 Causa
2883 2113 3121 2184 quidem
3146 2117 3300 2170 certe
3319 2113 3442 2186 agit
3460 2117 3518 2170 et
3539 2114 3721 2170 afﬁcit
3745 2131 3757 2170 :

2103 2200 2258 2273 quod
2283 2216 2317 2255 a
2335 2215 2512 2256 causa
2532 2200 2750 2257 factum
2771 2207 2881 2272 est,
2902 2204 3122 2275 patitur
3137 2207 3196 2260 et
3214 2203 3489 2260 afﬁcitur.
3514 2203 3640 2260 Non
3665 2221 3763 2276 po-

2102 2293 2219 2345 test
2239 2293 2435 2346 autem
2459 2290 2615 2347 idem
2639 2308 2672 2347 a
2692 2292 2887 2364 seipso
2915 2293 3483 2366 sumptum,operari
3504 2293 3685 2349 simul
3707 2299 3764 2350 et

2104 2379 2280 2449 afﬁci,
2300 2394 2490 2451 neque
2511 2396 2640 2436 esse
2670 2379 2828 2436 ﬁlius
2872 2385 2929 2437 et
2959 2386 3138 2455 pater.
3162 2384 3232 2438 Et
3265 2382 3481 2454 alioqui
3513 2383 3572 2438 id
3606 2385 3759 2454 quod

2106 2475 2195 2525 est
2211 2484 2389 2524 causa
2407 2484 2472 2525 eo
2487 2469 2644 2541 quod
2665 2469 2726 2525 ﬁt
2747 2471 2818 2526 ab
2839 2471 2992 2543 ipsa,
3007 2475 3097 2528 est
3113 2473 3278 2545 prius
3300 2476 3562 2545 tempore
3574 2475 3763 2545 quoad

2106 2558 2449 2628 essentiam,
2482 2562 2548 2614 ut
2577 2559 2810 2632 gladius
2855 2561 3161 2620 incisione.
3187 2562 3314 2617 Non
3348 2566 3539 2634 potest
3569 2567 3764 2618 autem

2107 2648 2264 2703 idem
2289 2647 2464 2703 simul
2495 2652 2553 2704 et
2586 2652 2847 2721 tempore
2867 2667 2996 2707 esse
3027 2652 3189 2723 prius
3209 2653 3404 2724 quoad
3430 2653 3763 2723 materiam,

2109 2741 2398 2810 quatenus
2415 2741 2501 2794 est
2521 2755 2728 2806 causa;
2759 2746 2813 2795 et
2843 2744 3108 2812 tempore
3134 2757 3264 2798 esse
3292 2742 3765 2814 posterius,qua-

2110 2833 2281 2883 tenus
2305 2832 2395 2884 est
2424 2845 2572 2900 opus
2597 2846 2811 2886 causa.
2838 2831 2908 2884 Et
2937 2831 3214 2887 differunt
3243 2848 3372 2888 esse
3404 2849 3470 2887 ac
3503 2832 3647 2888 ﬁeri.
3673 2833 3764 2888 Sic

2109 2919 2287 2975 etiam
2307 2934 2487 2975 causa
2503 2919 2742 2990 quidem
2757 2920 2885 2990 ejus
2904 2921 3056 2991 quod
3078 2921 3336 2992 ﬁt,pater
3350 2937 3484 2976 vero
3504 2921 3760 2978 ﬁlii.Non

2108 3007 2401 3080 contingit
2423 3008 2580 3063 enim
2613 3007 2769 3064 idem
2794 3010 3122 3065 secundum
3153 3010 3308 3065 idem
3341 3014 3399 3066 et
3427 3027 3556 3067 esse
3579 3011 3760 3067 simul

2106 3100 2164 3152 et
2215 3096 2362 3152 ﬁeri.
2410 3095 2567 3151 Nihil
2616 3105 2704 3154 est
2749 3113 2886 3169 ergo
2937 3099 3031 3154 sui
3081 3099 3270 3170 ipsius
3317 3117 3517 3156 causa.
3560 3101 3759 3156 Causae

2108 3202 2224 3241 non
2258 3191 2397 3241 sunt
2427 3185 2608 3242 altera
2639 3185 2884 3243 alterius
2925 3187 3194 3258 invicem,
3225 3191 3324 3245 sed
3358 3189 3540 3245 altera
3571 3189 3760 3245 alteri.

344 3278 450 3347 μοῦ
479 3272 571 3328 καὶ
601 3273 788 3347 ψυχὴν
822 3269 940 3327 ἄντὶ
971 3273 1160 3347 ψυχῆς
1197 3291 1210 3304 ο
1245 3272 1273 3325 ὁ
1309 3272 1404 3344 μὲν
1462 3273 1563 3347 γὰρ
1614 3271 1826 3343 πλήξας
1880 3272 1996 3327 τινὰ

2111 3274 2414 3347 Spleniaca
2443 3275 2601 3331 enim
2635 3292 2762 3348 quae
2794 3277 2960 3348 prius
2991 3277 3222 3333 exsistit
3251 3279 3501 3344 affectio,
3525 3294 3642 3334 non
3675 3283 3764 3334 est

329 3361 646 3436 θανασίμως
676 3357 849 3423 α’ίτιός
879 3358 1017 3416 ἔστιν
1052 3360 1200 3432 αὐτῷ
1227 3365 1327 3416 τοῦ
1362 3360 1613 3428 θανάτου,
1640 3360 1677 3430 ἢ
1724 3366 1820 3416 τοῦ
1850 3361 1992 3436 γίνε-

2111 3382 2288 3421 causa
2333 3365 2531 3432 febris,
2557 3367 2656 3420 sed
2691 3370 2759 3421 ut
2807 3367 2910 3421 ﬁat
2960 3367 3170 3435 febris;
3205 3373 3264 3424 et
3313 3384 3440 3439 quae
3493 3367 3765 3438 praecedit

333 3463 458 3516 σθαι
505 3452 598 3506 τὸν
654 3452 881 3507 θάνατον
909 3469 922 3483 ⁸
960 3448 1315 3526 ἀντιπληγεῖς
1348 3447 1405 3504 δὲ
1439 3451 1528 3505 ὑπ’
1559 3449 1722 3505 αὐτοῦ
1774 3450 1991 3505 θανασί-

336 3563 478 3616 μως,
510 3538 666 3617 ἔσχεν
695 3540 858 3596 αὐτὸν
891 3539 1189 3610 ἀνταίτιον,
1221 3539 1283 3594 οὐ
1315 3539 1450 3594 καθὸ
1482 3540 1688 3614 ἐγένετο
1729 3539 1879 3613 αὐτῷ
1909 3539 1992 3595 α’ί-

329 3652 471 3704 τιος,
500 3633 620 3696 καθ’
648 3628 838 3707 ἕτερον
869 3628 928 3686 δέ
961 3649 976 3665 ο
1005 3628 1180 3692 α’ίτιυς
1245 3630 1340 3702 μὲν
1395 3631 1501 3706 γὰρ
1559 3629 1706 3702 αὐτῷ
1764 3629 1994 3685 θανάτου

332 3721 562 3797 γίνεται,
598 3720 706 3797 οὐχ
737 3722 766 3776 6
799 3721 1027 3785 θάνατος
1061 3717 1118 3775 δὲ
1141 3718 1322 3792 τούτῳ
1353 3718 1520 3774 πάλιν
1545 3721 1658 3793 (99)
1688 3719 1788 3788 τὴν
1832 3730 1996 3783 θανα-

334 3811 504 3885 σίμην
562 3810 899 3879 ἀντεπέθηκε
954 3803 1205 3884 πΛηγήν,
1255 3806 1382 3864 ἀλλ’
1440 3807 1601 3870 αὐτὸς
1666 3809 1693 3864 6
1740 3807 1992 3886 τρωθείς.

329 3902 482 3957 ’Ὡστ’
511 3899 687 3957 ἄλλου
723 3900 818 3973 μὲν
852 3899 1016 3961 αὐτὸς
1047 3899 1267 3975 γέγονεν
1298 3895 1493 3966 αἵτιος,
1525 3895 1697 3953 ἄλλον
1731 3895 1789 3952 δὲ
1837 3894 1994 3972 ἔσχεν

332 3990 529 4047 α’ἱτιον.
565 3992 664 4046 Καὶ
695 3991 724 4045 ὁ
765 3986 1030 4060 ἀδικήσας
1061 3986 1240 4044 ἄλλου
1273 3989 1367 4062 μὲν
1426 3985 1600 4050 α’ίτιος
1655 3986 1995 4056 καθίσταται,

329 4085 428 4137 τοῦ
458 4078 810 4152 ἀδικηθέντος
837 4098 850 4112 ·
882 4079 910 4132 6
940 4076 998 4134 δὲ
1027 4078 1511 4154 ἄντιτιμωρεῖσθαι
1558 4075 1797 4132 κελεύων
1827 4078 1998 4150 νόμος

333 4169 432 4226 οὐκ
462 4167 993 4244 ἆδικήματος,ἀλλᾶ
1016 4171 1096 4240 τῷ
1131 4169 1226 4240 μὶν
1259 4163 1609 4240 ἐκδικίας,τῷ
1641 4163 1698 4221 δὲ
1725 4164 1994 4229 παιδείας.

330 4261 492 4315 Ὥστε
521 4259 619 4315 οὐκ
647 4255 916 4328 ἀλλήλων
949 4256 1017 4311 τὰ
1045 4254 1192 4312 α’ίτια
1230 4257 1305 4322 ὡς
1334 4255 1501 4329 ατίτια,
1537 4255 1570 4310 ἃ
1600 4255 1666 4327 δή
1719 4255 1859 4311 ἐστιν
1911 4253 1996 4310 α’ί-

332 4368 446 4406 τια.
495 4349 614 4406 Ἔτι
699 4352 967 4419 ζητεῖται,
1022 4347 1067 4402 εἰ
1123 4344 1315 4402 πολλά
1396 4347 1532 4402 κατᾶ
1608 4343 1831 4400 σύνοδον
1885 4345 1998 4408 ἑνὸς

335 4435 482 4493 α’ίτια
537 4436 741 4514 γίνεται
803 4433 1035 4492 πολλά’
1098 4436 1152 4491 οἱ
1209 4435 1310 4513 γὰρ
1380 4432 1678 4511 ἄνθρωποι,
1740 4433 1998 4490 συνελόν·

331 4548 420 4590 τες
476 4529 577 4601 (1),
637 4525 804 4582 αἳτιοί
882 4525 985 4581 εἱσι
1063 4529 1160 4581 τοῦ
1242 4522 1598 4589 καθέλκεσθαι
1671 4526 1773 4594 τὴν
1850 4529 1996 4598 ναῦν,

332 4615 478 4674 ἀλλὰ
529 4616 624 4672 σὺν
683 4620 800 4679 τοῖς
858 4614 1077 4687 ἄλλοις,
1113 4614 1159 4670 εἶ
1221 4618 1296 4690 μή
1347 4636 1400 4670 τι
1459 4615 1550 4670 καὶ
1605 4614 1668 4669 τὸ
1724 4614 1994 4670 συναίτιον

399 4781 464 4848 ’Β
492 4785 555 4837 Ρ.
586 4779 697 4834 922
728 4779 841 4835 ED.
878 4778 1181 4849 POTTER,
1225 4777 1470 4834 786-787
1499 4777 1612 4834 ED.
1653 4777 1889 4836 PARIS.

393 4947 755 5037 Αἴτιίξῇ
944 4949 1021 5037 μὴ
1061 5021 1071 5034 ,
1100 4947 1456 5037 χωρίζεσθαι.
1509 4951 1748 5008 Rectius
1775 4947 1993 5037 "uitta;
2025 4953 2071 5019 D

325 5020 426 5098 τοΰ
459 5020 535 5095 μῆ
571 5020 1028 5098 ﬂammarant
1058 5020 1353 5094 interpres
1385 5039 1644 5098 quoque,
1679 5046 1706 5074 ‹‹
1738 5024 1994 5098 εἰὸὶιὶη-

330 5095 524 5151 vicem
552 5095 739 5152 cauea
775 5099 917 5150 sunt
947 5111 1019 5150 ne
1043 5098 1407 5166 separentur.
1427 5096 1752 5152 »SYLBURG.
1772 5095 1998 5151 —-Cave

331 5171 554 5232 autem,
577 5184 650 5224 ne
668 5166 844 5238 vulgo
868 5165 1165 5238 receptam
1192 5165 1504 5238 lectionem
1528 5167 1828 5224 sollicites.
1857 5168 2000 5223 Sen-

331 5255 437 5295 sus
477 5239 635 5296 enim
674 5237 804 5296 est}
831 5260 858 5289 ‹‹
887 5237 1144 5294 Virtutes
1185 5237 1299 5294 sibi
1342 5239 1590 5295 invicem
1614 5256 1802 5296 causa;
1833 5244 1998 5306 sunt,

332 5328 399 5368 eo
426 5313 584 5384 quod
615 5314 857 5386 prepter
889 5314 1158 5386 mutuam
1183 5311 1664 5386 consequentiam
1690 5329 1804 5386 non
1827 5328 2000 5383 sepa-

333 5382 558 5441 rentur.
595 5382 635 5438 ί
657 5382 886 5455 Quippe
931 5382 1206 5449 virtutes,
1237 5382 1394 5455 cum:
1424 5384 1578 5440 inter
1616 5401 1674 5440 se
1707 5383 1828 5440 sint
1857 5382 1998 5439 con-

336 5473 516 5524 nexaa,
550 5461 618 5512 ut
647 5453 1256 5528 loquunturmorales
1279 5453 1635 5528 philosophi,
1668 5455 2000 5528 necessario

338 5544 410 5600 se
447 5534 657 5586 mutuo
697 5525 929 5600 ponunt
974 5525 1035 5600 in
1067 5525 1592 5600 eodem‘subjecto,
1626 5533 1684 5583 et
1736 5527 1999 5584 vicissim

337 5599 598 5671 tollunt;
632 5598 771 5657 licet
801 5599 1022 5670 alioqui
1059 5614 1188 5671 non
1203 5598 1322 5671 sint
1351 5600 1442 5655 sui
1475 5599 1724 5671 invicem
1759 5616 1948 5657 causa;
1985 5617 1998 5656 :

337 5673 398 5729 id
432 5668 594 5746 quod
620 5673 891 5746 Clemens
922 5668 1104 5746 supra
1135 5669 1276 5746 dicit
1322 5687 1452 5746 esse
1499 5668 1774 5742 ἀλλήλοις
1833 5672 1998 5746 αἴτια,

340 5740 466 5802 ηοιῐ
489 5761 629 5803 vero
689 5741 956 5818 ἀλλήλων
991 5740 1160 5801 αἴτια.
1193 5741 1360 5800 Gonf.
1395 5742 1603 5803 Strom.
1636 5740 1701 5816 ιι,
1731 5761 1864 5823 pag.
1895 5744 2002 5802 379

340 5817 484 5877 odit.
517 5815 711 5877 Paris.
1625 5834 1635 5839 ’

340 5832 484 5878 οαιι.
519 5832 711 5878 1³81⁵18.
1625 5834 1635 5839 ’

2107 3455 2309 3523 febris,
2334 3471 2448 3510 non
2483 3454 2706 3527 splenis
2738 3472 2917 3511 causa
2948 3460 3058 3523 est,
3085 3457 3184 3512 sed
3219 3461 3283 3512 ut
3314 3462 3602 3528 augeatur
3630 3459 3768 3513 ail‘e-

2106 3546 2240 3601 ctio.
2265 3544 2358 3599 Sic
2381 3544 2558 3600 etiam
2591 3544 2839 3602 virtutes
2867 3549 3006 3601 sunt
3028 3546 3142 3601 sibi
3175 3547 3424 3602 invicem
3469 3563 3660 3602 causae
3692 3563 3765 3602 ne

2106 3637 2474 3706 separentur,
2527 3639 2768 3706 propter
2823 3639 3092 3690 mutuam
3144 3636 3623 3707 consequentiam
3659 3652 3673 3691 :
3706 3642 3764 3694 et

2106 3723 2209 3796 qui
2243 3728 2379 3779 sunt
2411 3723 2470 3778 in
2505 3723 2722 3779 fornice
2763 3723 2990 3797 lapides
3031 3729 3170 3780 sunt
3201 3725 3313 3781 sibi
3345 3725 3594 3782 invicem
3624 3743 3764 3782 cau-

2107 3830 2182 3870 sae
2214 3813 2408 3884 quoad
2456 3813 2835 3884 pradicatum
2890 3815 3190 3882 manendi,
3225 3831 3341 3870 non
3391 3821 3532 3870 sunt
3565 3821 3760 3872 autem

2107 3901 2356 3958 invicem
2417 3919 2632 3959 causze.
2684 3902 2964 3975 Magister
3021 3920 3256 3977 quoque
3311 3907 3368 3960 et
3436 3903 3767 3977 discipulus

2108 3996 2250 4048 sunt
2281 3991 2394 4048 sibi
2425 3991 2676 4047 invicem
2710 4009 2903 4048 causas
2933 3993 3123 4065 quoad
3172 3994 3554 4065 pradicatum
3588 3995 3769 4066 proﬁ-

2107 4080 2324 4137 ciendi.
2379 4080 2667 4137 Dicuntur
2725 4088 2924 4138 autem
3001 4082 3170 4138 alteri
3223 4083 3463 4139 alterius
3509 4083 3662 4138 inter
3705 4101 3770 4140 se

2108 4187 2323 4237 causae,
2357 4169 2676 4241 aliquando
2710 4171 2953 4243 quidem
2985 4173 3354 4244 eorumdem,
3387 4176 3454 4228 ut
3483 4176 3770 4229 mercator

2108 4263 2166 4316 et
2193 4260 2554 4332 caupoisunt
2603 4260 2715 4315 sibi
2765 4259 3012 4314 invicem
3062 4277 3252 4316 caussa
3303 4265 3369 4316 ut
3417 4261 3763 4334 proﬁciant;

2108 4348 2426 4421 aliquando
2484 4353 2684 4404 autem
2744 4348 2987 4405 alterius
3044 4360 3102 4404 et
3160 4349 3435 4417 alterius,
3479 4353 3764 4423 quemad-

2108 4438 2350 4494 modum
2384 4438 2540 4494 ensis
2574 4442 2630 4494 et
2659 4454 2826 4506 caro;
2877 4437 2975 4494 ille
3026 4438 3265 4510 quidem
3297 4440 3481 4509 carni,
3515 4445 3582 4498 ut
3611 4441 3767 4498 scin-

2108 4527 2312 4599 datur;
2345 4543 2479 4584 caro
2530 4530 2726 4584 autem
2777 4527 2995 4600 gladio,
3026 4531 3093 4584 ut
3121 4528 3353 4586 scindat
3396 4531 3632 4587 oculum
3664 4548 3769 4604 pro

2108 4616 2298 4687 oculo,
2345 4621 2404 4674 et
2458 4616 2721 4674 animam
2781 4633 2886 4690 pro
2947 4618 3168 4674 anima.
3215 4619 3324 4686 Qui
3375 4620 3532 4677 enim
3591 4618 3768 4677 alicui

2181 4951 2294 5024 (97)
2323 4952 2427 5004 Toﬁ
2461 4946 2635 5027 μένειν
2658 4951 3152 5027 κατηγορήματος.
3187 4975 3216 5003 ‹‹
3247 4954 3439 5025 Hujus
3472 4955 3768 5027 praedicata

2111 5040 2367 5080 manere.
2409 5045 2436 5074 ››
2467 5023 2554 5079 Ita
2587 5041 2719 5080 mox
2754 5023 2990 5080 Levv'm.

2182 5095 2294 5172 (98)
2322 5094 2392 5149 Τὸ
2455 5093 2760 5172 ἀφθαλμόν.
2794 5096 2928 5172 Tov
2958 5094 3182 5172 mavult
3240 5099 3306 5150 A.
3337 5095 3452 5172 Sed
3507 5093 3571 5150 τό
3613 5101 3769 5153 recte

2110 5168 2399 5241 scriptum
2429 5186 2442 5241 _;
2479 5167 2695 5241 quippe
2726 5167 2887 5241 quod
2913 5170 3098 5241 totam
3130 5169 3473 5241 sequentem
3532 5172 3769 5241 senten-

2111 5237 2255 5313 tiam
2287 5237 2976 5313 respicit:incuj‘usiﬁne
3008 5237 3484 5294 subaudiendum
3520 5237 3767 5313 εὐλόγως

2110 5309 2345 5384 εἷ’ρηται,
2378 5309 2468 5384 vel
2500 5312 2696 5384 simile
2725 5309 3211 5384 quid,_SYLnuao.

2182 5378 2296 5455 (99)
2327 5378 2450 5459 Οὐχ
2500 5384 2528 5437 6
2594 5378 2822 5445 θάνατος
2869 5379 2927 5435 δὲ
2977 5379 3158 5453 τούτῳ
3213 5378 3401 5436 πάλιν.
3460 5383 3766 5455 Corrupta.

2112 5460 2350 5513 Low'rn.

2181 5531 2262 5597 (1)
2295 5525 2647 5588 Συνελόντες.
2702 5525 2880 5582 Malet
2931 5527 3075 5581 forte
3125 5523 3336 5596 aliquis
3394 5519 3770 5597 συνέλκοντες,

2112 5621 2140 5648 ‹‹
2175 5594 2295 5656 una
2325 5601 2627 5657 trahentes
2664 5615 2676 5654 :
2713 5620 2740 5647 ››
2775 5598 2911 5654 ferri
2960 5603 3154 5654 tamen
3207 5594 3263 5653 et
3321 5594 3637 5662 συνελόντες
3667 5594 3770 5669 ι)οὲ

2111 5675 2245 5803 tsest.
2262 5674 2410 5730 Aliis
2431 5673 2628 5730 verbis
2650 5687 2834 5743 supra
2864 5671 2922 5725 in
2947 5670 3150 5726 eadem
3184 5685 3246 5727 re
3267 5670 3624 5746 utitur,pag.
3646 5673 3769 5728 137.

2151 5761 2402 5803 nscas.
2579 5774 2583 5777 -

2151 5761 2298 5804 YLBU
2306 5764 2402 5804 RG.
2579 5774 2583 5777 '
