4124 6404
361 442 473 501 599

1599 436 2011 494 CLEMENTIS
2052 433 2561 497 ALEXANDle

3690 437 3803 494 600

371 566 591 626 vulnus
634 566 849 625 inﬂixit
878 565 1072 633 letale,
1103 564 1155 622 is
1203 563 1257 620 ei
1305 578 1483 621 causa
1529 565 1620 620 est
1667 560 1896 630 mortis,
1930 563 2031 617 aut

2145 556 2358 617 α’ίτιον.
2411 560 2612 618 ’Δλλοι
2680 560 2739 619 δέ
2814 581 2973 639 φασιν
3010 606 3026 635 ,
3081 561 3128 619 εἰ
3186 560 3374 620 πολλὰ
3441 558 3588 618 αἵτια
3665 564 3786 619 κατ’

371 662 437 717 ut
463 657 518 715 ei
548 674 711 714 mors
731 656 989 724 accidat;
1024 655 1127 728 qui
1160 657 1358 712 autem
1387 657 1460 710 ab
1492 654 1621 726 ipso
1647 656 1738 708 est
1764 650 2029 707 vicissim

369 747 664 805 lethaliter
712 745 1039 817 sauciatus,
1072 761 1209 801 eum
1237 742 1501 801 vicissim
1553 758 1796 799 causam
1827 739 2037 827 habuit

371 854 486 896 non
520 853 625 910 per
671 836 733 891 id
762 852 879 909 quo
909 834 964 891 ei
1001 835 1113 891 fuit
1150 849 1350 904 causa,
1383 834 1481 890 sed
1530 849 1635 906 per
1680 830 1840 888 aliud
1876 847 1891 888 :
1923 830 2039 903 ips1

371 925 529 985 enim
558 924 625 981 ﬁt
653 941 836 982 causa
889 924 1126 993 mortis;
1177 941 1292 980 non
1333 927 1532 980 autem
1583 938 1743 977 mors
1794 918 2041 976 mortale

372 1016 488 1089 ipsi
529 1014 750 1071 vulnus
808 1014 1072 1071 vicissim
1127 1013 1354 1080 intulit,
1388 1011 1491 1068 sed
1541 1011 1670 1083 ipse
1717 1009 2039 1067 sauciatus.

373 1107 563 1172 Quare
592 1106 719 1177 ipse
750 1105 986 1178 quidem
1035 1104 1146 1160 fuit
1193 1102 1439 1159 alterius
1487 1118 1688 1168 causa,
1713 1100 1889 1156 aliam
1936 1116 2040 1156 au-

376 1203 493 1253 tem
529 1211 769 1252 causam
801 1193 1032 1251 habuit.
1061 1194 1126 1249 Et
1158 1193 1258 1265 qui
1285 1190 1382 1248 alii
1416 1191 1549 1247 fecit
1582 1189 1885 1262 injuriam,
1908 1206 2040 1245 cau-

376 1303 445 1343 sa
476 1285 717 1359 quidem
747 1289 838 1341 est
867 1284 1136 1355 alterius,
1160 1283 1317 1340 ευ
1361 1296 1574 1353 nempe
1603 1280 1733 1352 ejus
1766 1278 1862 1336 cui
1892 1279 2048 1336 facta

377 1379 470 1434 est
498 1374 741 1448 injuria.
772 1375 888 1431 Lex
918 1378 1118 1430 autem
1144 1388 1276 1447 quas
1305 1377 1510 1429 contra
1538 1371 1710 1443 jubet
1738 1386 1871 1425 eum
1905 1386 2044 1442 sup-

378 1465 555 1541 plicio
605 1463 787 1535 afﬁci,
818 1481 935 1520 non
987 1462 1220 1532 injurias
1279 1478 1345 1518 ac
1397 1459 1694 1528 maleficii,
1729 1459 1830 1515 sed
1882 1458 2050 1515 alteri

379 1555 621 1629 quidem
658 1553 955 1623 vindictae,
987 1551 1153 1609 alteri
1201 1565 1334 1607 vero
1366 1548 1692 1622 discipline
1723 1564 1905 1605 causa
1938 1553 2047 1605 est.

381 1644 778 1711 Quamobrem
811 1661 929 1701 non
952 1645 1092 1699 sunt
1117 1641 1209 1698 sui
1242 1640 1493 1697 invicem
1516 1654 1710 1695 causas
1740 1643 1806 1695 ut
1831 1655 2048 1697 causa:

380 1734 484 1792 sed
533 1733 635 1790 illa
676 1750 801 1806 ques
860 1750 1055 1790 causis
1111 1736 1271 1788 sunt.
1307 1731 1589 1787 Praeterea
1638 1727 1926 1801 queritur
1976 1745 2049 1784 an

386 1822 575 1881 multa
614 1839 718 1897 per
770 1839 1154 1896 congressum
1186 1823 1330 1877 fiant
1359 1819 1564 1876 multa;
1611 1835 1801 1875 caussa
1850 1818 2049 1875 unius-

2143 645 2311 718 ἰδίαν,
2369 646 2593 708 ἕκαστον
2650 652 2769 717 ἑνὸς
2826 651 2998 709 α’ἰτιον
3074 652 3299 730 γίνεται.
3361 656 3475 711 Τοῦ
3528 657 3658 729 γοῦν
3716 652 3802 709 e6-

2147 735 2425 813 δαιμονεῖν
2491 741 2609 804 ἑνὸς
2683 738 2838 806 ὄντος
2909 741 3075 799 α’ίτιαι
3150 743 3515 820 τυγχάνουσιν
3565 745 3621 798 αἱ
3679 744 3805 819 ἀρε-

2146 828 2259 897 ταὶ,
2317 828 2527 886 πολλαὶ
2588 829 2743 887 οὖσαι
2775 850 2788 864 ·
2822 832 2911 887 καὶ
2962 836 3064 887 τοῦ
3123 832 3506 907 θερμαίνεσθαι
3564 832 3655 888 καὶ
3705 837 3806 887 τιῦ

2150 918 2336 994 ἀλγεῖν
2395 920 2607 994 ὁμοίως
2662 920 2849 978 πολλὰ
2897 922 2966 977 τὰ
3022 920 3188 979 α’ίτια.
3211 925 3362 993 Μήτι
3414 920 3505 977 οὖν
3557 923 3612 977 αἰ
3659 921 3807 978 πολ-

2152 1006 2246 1063 λαὶ
2305 1009 2489 1086 ἀρεταὶ
2552 1010 2651 1085 μία
2705 1010 2816 1067 ἐστὶ
2860 1013 2996 1068 κατὰ
3026 1010 3279 1086 δύναμιν,
3307 1013 3397 1067 καὶ
3452 1012 3520 1067 τὰ
3575 1012 3807 1086 θερμαί-

2150 1118 2314 1154 νοντα
2357 1099 2447 1154 καὶ
2503 1102 2570 1155 τὰ
2601 1099 2872 1178 ἀλγοῦντα
2904 1120 2920 1134 '
2951 1102 3040 1157 καὶ
3069 1102 3134 1157 τὸ
3163 1102 3379 1172 πλῆθος
3412 1100 3471 1157 δὲ
3521 1106 3632 1157 τῶν
3682 1102 3808 1177 ἀρε-

2151 1192 2284 1258 τῶν,
2314 1188 2453 1245 κατᾶ
2474 1189 2630 1266 γένος
2655 1190 2710 1247 ἓν
2740 1190 3041 1267 τυγχάνον,
3073 1192 3195 1255 ἐνὸς
3244 1189 3422 1247 α’ίτιον
3462 1190 3665 1268 γίνεται
3713 1195 3814 1246 τοῦ

2156 1276 2540 1352 εὐδαιμονεῖν;
2586 1281 2682 1353 Τῷ
2739 1276 2854 1337 ὄντι
2909 1279 2968 1337 Si
3023 1280 3469 1357 προκαταρκτικᾶ
3502 1282 3597 1355 μὲν
3657 1278 3745 1337 αἵτ
3760 1300 3814 1336 ια

2156 1369 2275 1431 ἑνὸς
2318 1368 2516 1445 γίνεται
2564 1368 2818 1440 πλείονα,
2843 1373 2981 1427 κατὰ
3007 1370 3163 1448 γένος
3210 1371 3300 1426 καὶ
3348 1371 3467 1427 κατ’
3499 1368 3643 1435 εἶδος
3676 1387 3690 1401 ⁸
3721 1371 3813 1426 καὶ

2155 1458 2295 1513 κατὰ
2348 1458 2502 1534 γένος
2560 1460 2679 1534 μὶν,
2735 1464 2833 1516 τοῦ
2891 1466 3072 1517 νοσεῖν
3127 1462 3401 1534 ὁπωσοῦν,
3457 1462 3576 1516 οἷον
3633 1458 3817 1535 ψύξις,

2159 1542 2398 1614 ἔκλυσις,
2429 1548 2624 1621 κόπος,
2682 1549 2906 1625 ἀπεψία,
2969 1551 3106 1625 μέθη
3144 1569 3159 1582 ’
3213 1552 3333 1606 κατ’
3389 1546 3533 1613 εἶδος
3586 1546 3665 1623 δὲ,
3717 1552 3818 1604 τοῦ

2160 1643 2415 1714 πυρετοῦ.
2448 1638 2532 1697 Τὰ
2587 1638 2646 1696 δὲ
2701 1642 2983 1696 συνεκτικὰ
3032 1638 3179 1696 αἳτια
3233 1641 3371 1696 κατᾶ
3409 1641 3562 1715 γένος
3624 1638 3814 1713 μόνον,

2162 1728 2268 1784 οὐκ
2321 1726 2399 1786 ἔτι
2454 1727 2512 1785 δὲ
2557 1729 2649 1786 καὶ
2701 1732 2819 1787 κατ’
2872 1728 3035 1795 εἶδος.
3094 1733 3205 1789 Τοῦ
3262 1730 3367 1807 γὰρ
3427 1727 3814 1800 εὖωδιάζεσθαι

2161 1819 2299 1874 κατὰ
2353 1817 2508 1895 γένος
2567 1818 2687 1883 ἐνὸς
2743 1814 2922 1889 ὄντος,
2954 1816 3144 1876 πολλᾶ
3169 1821 3237 1875 τὰ
3269 1819 3416 1876 αἴτια
3468 1820 3585 1876 κατ’
3615 1817 3760 1881 εἶδος
3795 1836 3810 1851 °

390 1911 706 1985 Conjuncti
764 1911 925 1969 enim
982 1910 1253 1969 homines
1313 1925 1502 1966 causa:
1565 1911 1702 1964 sunt
1760 1910 1827 1963 ut
1882 1905 2031 1963 navi:

2167 1929 2224 1964 ον
2281 1903 2639 1982 λιϐανωτὸς,
2710 1906 2893 1986 ῥόδον,
2926 1908 3147 1986 κρόκος,
3181 1910 3406 1986 στύρακ,
3440 1908 3673 1985 σμύρνα,
3704 1909 3813 1983 μύ-

386 2001 684 2071 trahatur;
750 2017 956 2058 verum
1023 2017 1158 2058 cum
1219 1998 1374 2069 aliis,
1433 1998 1549 2054 nisi
1617 2013 1912 2054 coneausa
1968 1986 2057 2052 sit

385 2108 587 2149 causa.
654 2090 773 2150 Alii
835 2094 1032 2148 autem
1080 2089 1326 2162 :dicunt,
1377 2089 1426 2145 si
1496 2087 1699 2143 multa
1744 2090 1809 2157 uls
1855 2103 2045 2143 causa

384 2181 560 2252 ﬁunt,
608 2194 875 2237 seorsum
937 2196 1058 2236 una
1102 2183 1195 2236 est
1257 2178 1438 2234 unius
1486 2193 1689 2244 causa,
1746 2175 1927 2233 veluti
1981 2181 2048 2233 ut

383 2271 518 2345 quis
567 2271 645 2328 sit
690 2271 927 2339 beatus,
958 2269 1117 2341 quod
1150 2284 1336 2324 unum
1368 2270 1478 2337 est,
1513 2282 1708 2323 causa
1753 2270 1896 2323 sunt
1929 2265 2043 2323 vir-

377 2363 556 2432 tutes,
590 2376 721 2433 qua
750 2362 895 2416 sunt
931 2357 1158 2429 multa;
1208 2362 1268 2413 et
1296 2357 1425 2429 ejus
1456 2356 1615 2430 quod
1646 2361 1736 2412 est
1765 2355 2040 2426 caleﬁeri,

376 2454 436 2506 et
482 2448 702 2516 dolere,
748 2447 947 2504 multa)
1001 2450 1143 2503 sunt
1189 2461 1385 2503 causa
1430 2445 1724 2502 similiter.
1758 2445 2041 2519 Nunquid

376 2554 517 2611 ergo
550 2537 750 2595 multa:
778 2538 1025 2595 virtutes
1056 2540 1197 2592 sunt
1222 2552 1343 2592 una
1372 2539 1685 2609 potestate,
1705 2540 1764 2591 et
1793 2552 1923 2608 quae
1945 2552 2040 2592 ca-

374 2627 681 2699 lefaciunt,
715 2633 774 2684 et
813 2627 1012 2684 dolore
1044 2624 1316 2683 afﬁciunt
1348 2642 1361 2681 :
1396 2629 1454 2681 et
1500 2622 1821 2681 multitudo
1852 2625 2037 2680 virtu-

373 2721 504 2775 tum
537 2734 666 2791 qua
696 2722 789 2775 est
820 2734 1007 2775 unum
1038 2730 1273 2790 genere,
1297 2714 1361 2771 fit
1390 2731 1574 2771 causa
1605 2714 2041 2788 unius,;nempe

372 2819 439 2871 ut
482 2811 618 2887 quis
665 2810 745 2866 sit
791 2807 1048 2864 beatus?
1098 2806 1314 2862 Revera
1356 2807 1553 2861 autem
1609 2805 2038 2874 procatarctices

378 2903 623 2979 quidem
654 2916 845 2957 causa:
876 2900 1017 2954 sunt
1047 2894 1225 2952 unius
1266 2894 1463 2967 plures
1494 2897 1551 2949 et
1579 2910 1791 2967 genere
1820 2899 1876 2950 et
1907 2911 2038 2965 spe-

382 2995 507 3051 cie:
535 2997 590 3049 et
621 3005 835 3063 genere
865 2986 1128 3059 quidem,
1162 2988 1229 3040 ut
1258 2982 1575 3055 cujuslibet
1605 2983 1817 3051 morbi,
1841 2999 2039 3039 exem-

382 3084 463 3159 pli
496 3082 706 3157 gratia,
753 3078 938 3150 algor,
979 3074 1280 3142 resolutio,
1312 3074 1497 3142 labor,
1531 3072 1688 3129 mala
1716 3072 2036 3144 concoctio,

380 3173 634 3233 ebrietas
667 3188 681 3226 :
716 3167 910 3242 specie
940 3170 1138 3223 autem
1188 3163 1386 3228 febris.
1420 3163 1797 3219 Continentes
1837 3167 2033 3219 autem

375 3279 590 3329 causa,
636 3273 850 3333 genere
901 3254 1117 3323 solum,
1169 3269 1288 3310 non
1335 3252 1537 3309 itidem
1584 3252 1757 3308 etiam
1819 3252 2030 3325 specie.

2158 2017 2250 2074 ρον
2278 2018 2291 2033 ’
2341 1998 2405 2053 τὸ
2440 1997 2542 2075 γὰρ
2593 1995 2754 2075 ῥόδον
2785 1997 2886 2054 οὐκ
2933 1997 2993 2053 ἂν
3038 1996 3212 2061 οὕτως
3261 1995 3459 2061 εὐῶδες
3518 1996 3600 2069 ε’ίη
3654 2000 3729 2061 ὡς
3775 2000 3814 2068 ἡ

2157 2089 2389 2165 σμύρνα.
2416 2089 2489 2143 Τὸ
2545 2086 2605 2144 δὶ
2660 2087 2791 2145 αὐτὸ
2837 2091 2946 2144 τῶν
3007 2087 3260 2144 ἐναντίων
3323 2085 3499 2144 αἰτιον
3556 2087 3765 2164 γίνεται
3800 2105 3814 2119 ⁸

2155 2179 2288 2234 ποτὶ
2322 2178 2417 2252 μὶν
2447 2178 2593 2253 παρᾶ
2619 2178 2683 2233 τὸ
2716 2180 2945 2255 μέγεθος
2989 2182 3086 2233 τοῦ
3117 2177 3293 2234 αἰτίου
3350 2178 3439 2233 καὶ
3492 2179 3592 2248 τὴν
3654 2176 3818 2233 δύνα-

2157 2288 2272 2341 μιν,
2307 2269 2439 2323 ποτε
2496 2265 2553 2323 δὲ
2609 2269 2758 2345 παρᾶ
2804 2270 2904 2339 τὴν
2939 2265 3355 2339 ἐπιτηδειότητα
3407 2272 3506 2324 τοῦ
3562 2269 3817 2344 πάσχον-

2149 2378 2267 2420 τος.
2302 2359 2455 2433 Παρὰ
2516 2357 2611 2432 μὲν
2657 2359 2759 2428 τήν
2813 2359 2974 2414 ποιὰν
3035 2355 3288 2432 δύναμιν,
3342 2360 3378 2428 ἡ
3435 2357 3571 2428 αὖτή
3629 2356 3814 2435 χορδή

2152 2450 2300 2525 παρᾶ
2325 2450 2427 2518 τήν
2458 2445 2700 2504 ἐπίτασιν
2732 2446 2769 2518 ἢ
2798 2448 2897 2517 τὴν
2956 2444 3132 2503 ἄνεσιν
3163 2447 3283 2519 ὀξὺν
3317 2446 3353 2517 ἢ
3390 2448 3557 2524 βαρὺν
3612 2446 3813 2505 ἀποδί-

2152 2535 2285 2594 δωσι
2313 2539 2404 2594 τὸν
2434 2537 2670 2615 φθόγγον
2707 2556 2720 2570 ⁸
2754 2539 2903 2614 παρὰ
2957 2534 3017 2593 δὲ
3061 2538 3161 2607 τὴν
3220 2535 3646 2610 ἐπιτηδειότητα
3697 2543 3809 2594 τῶν

2148 2630 2476 2706 πασχόντων
2529 2629 2591 2685 τὸ
2649 2630 2777 2704 μέλι
2828 2627 3086 2704 γλυκάζει
3139 2628 3233 2704 μὶν
3280 2629 3412 2692 τοὺς
3443 2629 3807 2705 ὑγιαίνοντας,

2146 2719 2397 2797 πικράζει
2447 2716 2505 2775 δὶ
2550 2717 2680 2782 τοὺς
2736 2718 3103 2795 πυρέσσοντας
3134 2738 3147 2752 ’
3180 2718 3272 2775 καὶ
3304 2720 3381 2782 εἷς
3412 2719 3502 2774 καὶ
3557 2720 3585 2775 ὁ
3640 2720 3807 2783 αὐτὸς

2152 2810 2297 2872 οἶνος
2354 2812 2432 2875 (2)
2478 2807 2605 2871 τοὺς
2638 2809 2733 2882 μὶν
2784 2808 2860 2872 εἰς
2907 2808 3098 2885 ὀργὴν,
3127 2808 3256 2870 τοὺς
3306 2805 3363 2864 δὲ
3421 2807 3499 2870 εἲς
3549 2805 3803 2885 διάχυσιν

2146 2896 2289 2975 ἄγει·
2329 2897 2420 2953 καὶ
2478 2899 2506 2953 ὁ
2552 2896 2715 2962 αὐτὸς
2760 2896 2923 2967 ἥλιος
2968 2899 3122 2969 τήκει
3183 2898 3278 2971 μὲν
3319 2898 3413 2953 τὸν
3464 2897 3659 2973 κηρὸν,
3703 2900 3803 2971 ξη-

2148 2986 2319 3065 ραίνει
2380 2986 2437 3044 δὶ
2488 2988 2579 3043 τὸν
2610 2987 2813 3060 πηλόν.
2846 2991 2965 3043 Τῶν
3017 2986 3107 3042 οὖν
3168 2987 3354 3043 αἴτίων
3411 2987 3480 3042 τὰ
3535 2987 3628 3061 μέν
3687 2986 3800 3044 ἐστι

2145 3072 2423 3152 πρόδηλα,
2471 3076 2537 3131 τὰ
2594 3073 2653 3131 δὶ
2708 3074 3060 3152 ἐπιλογισμῷ
3130 3071 3567 3149 λαμϐανόμεναο
3617 3077 3684 3130 τὰ
3741 3073 3801 3133 δὶ

2145 3163 2326 3236 ἄδηλα
2357 3184 2371 3198 ’
2402 3164 2469 3222 τὰ
2500 3162 2558 3221 δὶ
2588 3164 2968 3241 ἆναλογισμῷ.
2995 3162 3098 3222 Καὶ
3136 3169 3244 3221 τῶν
3297 3162 3523 3236 ἀδήλων
3579 3166 3647 3220 τὰ
3698 3165 3796 3239 μὶν

2143 3256 2282 3333 πρὸς
2309 3255 2495 3330 καιρὸν
2529 3252 2741 3326 ἄδηλα,
2765 3253 2901 3309 κατὰ
2933 3254 3029 3328 μὶν
3062 3253 3184 3309 τινὰ
3224 3255 3410 3329 καιρὸν
3455 3254 3799 3330 ἀποκεκρυμ-

368 3314 618 3411 ᾗὶἷιέι
636 3314 791 3422 υειιιὶε
838 3343 980 3402 boni
1010 3314 1336 3409 sit'odoris,
1370 3341 1526 3412 quod
1576 3344 1667 3397 est
1712 3314 1896 3397 unum
1929 3357 2031 3413 ge-

2149 3314 2303 3421 μένα,
2334 3314 2470 3401 κατὰ
2522 3343 2581 3401 δὶ
2622 3314 2749 3400 τινᾶ
2794 3314 2959 3399 πάλιν
2992 3338 3201 3415 ἔκδηλα
3235 3314 3547 3419 βλέπόμενα
3578 3364 3591 3377 ·
3618 3314 3686 3400 τά
3737 3314 3801 3400 δὲ

370 3458 532 3513 nere,
567 3437 768 3496 multa
799 3437 941 3492 sunt
984 3448 1173 3489 causa
1204 3430 1419 3503 specie,
1455 3433 1656 3503 utpote
1684 3429 1849 3501 thus,
1872 3447 2028 3501 rosa,

365 3546 597 3599 crocus,
619 3532 839 3600 styrax,
864 3522 1125 3596 myrrha,
1143 3524 1537 3593 unguentum.
1558 3519 1711 3575 Rosa
1730 3520 1884 3576 enim
1908 3538 2025 3577 non

366 3620 478 3678 erit
506 3618 650 3674 adeo
681 3613 995 3678 odorifera,
1020 3614 1087 3666 ut
1110 3607 1368 3682 myrrha.
1392 3609 1552 3665 Idem
1581 3613 1773 3666 autem
1806 3610 1874 3666 ﬁt
1892 3628 2027 3668 cau-

367 3725 437 3766 sa
483 3699 1117 3772 contrariorum,quod
1170 3695 1489 3769 aliquando
1528 3698 1743 3755 accidit
1788 3705 2026 3773 propter

365 3797 556 3873 ipsius
611 3809 803 3851 causa
862 3788 1359 3863 magnitudinem,
1407 3803 1471 3844 ac
1512 3788 1654 3854 vim,
1703 3790 2022 3863 aliquando

367 3891 569 3947 autem
600 3885 674 3941 ob
704 3882 854 3954 ejus,
878 3879 1032 3953 quod
1067 3877 1310 3950 patitur,
1345 3878 1755 3950 aptitudinem.
1777 3880 1862 3938 Ob
1894 3897 2021 3937 cer-

367 3983 492 4035 tam
510 3974 749 4047 quidem
769 3969 1129 4042 vim,eadem
1147 3968 1367 4023 chorda
1384 3973 1675 4040 quatenus
1698 3970 2026 4027 intenditur

368 4072 472 4126 aut
500 4062 846 4132 remittitur,
869 4064 1108 4117 acutum
1134 4062 1239 4114 aut
1268 4074 1500 4130 gravem
1526 4059 1647 4115 edit
1672 4077 1914 4131 sonum;
1949 4062 2023 4117 ob

365 4155 761 4232 aptitudinem
792 4156 993 4208 autem
1016 4165 1218 4205 eorum
1244 4164 1371 4220 quae
1394 4149 1719 4221 patiuntur,
1744 4150 1860 4206 mel
1894 4150 2022 4224 qui-

362 4249 497 4305 dem
529 4259 707 4302 sanos
759 4239 1072 4298 dulcedine
1119 4237 1324 4307 afﬁcit,
1360 4253 1627 4295 amarore
1675 4244 1871 4296 autem
1922 4256 2022 4297 eos

361 4336 465 4409 qui
497 4334 657 4391 febre
705 4330 1007 4399 laborant;
1041 4330 1099 4385 et
1128 4343 1314 4383 unum
1347 4331 1406 4383 et
1434 4325 1589 4383 idem
1621 4328 1848 4400 vinum,
1877 4330 2023 4387 alios

359 4425 603 4498 quidem
640 4421 755 4480 ciet
782 4420 854 4476 ad
886 4419 1058 4482 iram,
1086 4414 1232 4473 alios
1261 4432 1400 4473 vero
1430 4416 1745 4489 exhilarat;
1779 4423 1835 4475 et
1864 4420 2020 4476 idem

360 4514 451 4574 sol
479 4528 675 4571 ceram
716 4509 956 4583 quidem
1004 4505 1331 4579 liquefacit,
1362 4504 1554 4563 lutum
1605 4511 1800 4565 autem
1835 4510 2020 4567 exsic-

361 4609 476 4663 cat.
500 4608 677 4661 Porro
708 4602 909 4656 autem
941 4612 1011 4652 ex
1042 4594 1234 4652 causis
1266 4594 1392 4652 alim
1418 4595 1654 4669 quidem
1690 4604 1831 4654 sunt
1858 4616 2021 4674 aper-

2136 3437 2291 3513 φύσει
2335 3432 2539 3506 ἄδηλα,
2569 3436 2638 3489 τὰ
2684 3432 2823 3490 κατὰ
2873 3429 3084 3506 μηδένα
3130 3434 3319 3510 καιρὸν
3362 3430 3620 3510 πρόδηλα
3644 3432 3799 3509 γενέ-

2135 3528 2258 3582 σθαι
2317 3522 2586 3599 δυνᾶμενα
2618 3543 2630 3555 ·
2691 3522 2781 3579 καὶ
2831 3526 2941 3579 τῶν
3030 3522 3125 3597 μὶν
3183 3522 3336 3601 φύσει
3368 3522 3436 3578 τὰ
3479 3524 3577 3595 μὶν
3628 3543 3795 3579 κατα-

2135 3613 2322 3687 ληπτά
2353 3633 2366 3648 ·
2401 3613 2535 3689 ἅπερ
2570 3610 2671 3668 οὐκ
2698 3608 2880 3683 ἄδηλά
2929 3632 3071 3675 τινες
3123 3608 3373 3682 ἐκάλουν,
3403 3608 3494 3666 διὰ
3547 3610 3795 3685 σημείων

2132 3704 2568 3781 ἀναλογιστικῶς
2617 3697 3033 3777 λαμϐανόμενα,
3080 3703 3320 3777 καθάπερ
3377 3705 3413 3772 ἡ
3471 3701 3787 3778 συμμετρία

2129 3801 2239 3853 τῶν
2295 3794 2448 3871 λόγῳ
2476 3795 2760 3870 θεωρητῶν
2818 3793 3005 3868 πόρων
3028 3794 3107 3857 (3)
3141 3793 3250 3847 ’τὰ
3296 3789 3354 3846 δὲ
3400 3788 3784 3864 ἀκατάληπτα,

2129 3887 2197 3942 τὰ
2226 3884 2364 3940 κατὰ
2398 3879 2607 3958 μηδένα
2661 3881 2863 3957 τρόπον
2915 3880 3020 3937 ὑπὸ
3068 3879 3379 3955 κατάληψιν
3408 3885 3588 3935 πεσεῖν
3622 3877 3785 3935 δυνά-

2136 3996 2291 4051 μενα,
2324 3973 2358 4029 ἃ
2402 3971 2469 4044 δὴ
2520 3972 2610 4028 καὶ
2644 3969 2848 4043 ἄδηλα,
2880 3970 2934 4027 ἐν
2991 3975 3069 4043 τῷ
3106 3969 3350 4041 καθάπαξ
3400 3969 3653 4046 λέγεσθαι
3684 3973 3783 4042 (4).

2134 4065 2231 4124 Καὶ
2289 4063 2355 4118 τὰ
2413 4063 2509 4137 μὲν
2568 4062 3033 4139 προκαταρκτικὰ,
3065 4061 3131 4116 τὰ
3187 4058 3245 4116 δὲ
3268 4060 3573 4128 συνεκτικὰ,
3603 4062 3671 4116 τὰ
3727 4057 3789 4117 δὶ

2133 4153 2398 4223 συναίτια,
2427 4154 2492 4207 τὰ
2524 4149 2581 4207 δὲ
2610 4150 2835 4227 συνεργά
2868 4171 2880 4186 ·
2916 4152 3007 4207 καὶ
3035 4151 3104 4206 τὰ
3138 4152 3232 4225 μὲν
3261 4154 3358 4205 τοῦ
3414 4152 3552 4205 κατὰ
3604 4150 3785 4227 φύσιν,

2129 4243 2196 4299 τά
2248 4240 2305 4297 δὲ
2365 4245 2461 4297 τοῦ
2511 4241 2660 4302 παρὰ
2702 4239 2883 4316 φύσιν,
2922 4239 2989 4296 τὰ
3038 4238 3095 4295 δὶ
3143 4238 3327 4308 νόσου,
3380 4239 3469 4293 καὶ
3531 4238 3667 4294 κατᾶ
3722 4240 3787 4295 τὸ

2134 4326 2476 4402 ὑποϐεϐηκὸς
2506 4330 2605 4404 (5),
2634 4329 2702 4384 τὰ
2757 4330 2850 4404 μὲν
2896 4333 3105 4400 παθῶν,
3147 4328 3213 4383 τὰ
3270 4326 3327 4382 δὲ
3368 4331 3466 4383 τοῦ
3522 4329 3786 4405 μεγέθους

2130 4422 2331 4496 αὐτῶν,
2361 4420 2428 4477 τὰ
2476 4417 2533 4475 δὲ
2581 4419 2799 4497 χρόνων
2827 4418 2916 4475 καὶ
2949 4424 3176 4497 καιρῶν.
3209 4422 3331 4479 Τῶν
3381 4423 3476 4498 μὲν
3527 4419 3617 4474 οὗν
3650 4440 3789 4495 προ-

2130 4514 2505 4587 καταρκτικῶν
2560 4508 2866 4584 αἰρομένων
2904 4508 3054 4585 μένει
3111 4512 3173 4567 τὸ
3229 4512 3576 4587 ἀποτέλεσμα
3609 4532 3623 4548 ·
3656 4534 3788 4567 συν-

2132 4604 2343 4658 εκτικὸν
2401 4598 2460 4656 δέ
2507 4599 2652 4656 ἐστιν
2702 4597 2901 4670 α’ίτιον,
2935 4599 2998 4655 οὗ
3027 4600 3316 4677 παρόντος,
3353 4603 3498 4678 μένει
3527 4603 3590 4659 τὸ
3647 4602 3790 4659 ἄπο-

361 4693 597 4761 ῐω,ει1ἰω
622 4705 775 4764 quas
800 4685 1113 4759 cogitando
1135 4684 1537 4756 assequimur,
1562 4686 1689 4743 alia
1719 4690 1981 4749 obscurae
2005 4709 2020 4748 :

2145 4689 2375 4765 τέλεσμα
2410 4709 2424 4724 ο
2467 4688 2557 4745 καὶ
2616 4688 2932 4764 αἰρομένου,
2978 4688 3208 4766 α’ίρεται.
3236 4693 3313 4749 Τὸ
3365 4689 3424 4747 δὲ
3474 4694 3787 4749 συνεκτικὸν

362 4781 489 4839 aliae
537 4795 684 4853 quas
738 4773 1090 4847 colligimus.
1147 4773 1228 4829 Ex
1284 4774 1554 4832 obscuris
1613 4781 1832 4851 autem,
1895 4781 2021 4839 alia;

363 4871 603 4944 quidem
653 4868 794 4923 sunt
841 4863 1105 4920 obscuris
1136 4862 1210 4917 ad
1241 4865 1500 4935 tempus,
1534 4869 1599 4921 ut
1644 4884 1771 4939 qua:
1821 4869 2019 4944 aliquo

360 4960 897 5039 quidemtempore
944 4951 1157 5010 abditae
1186 4951 1427 5023 fuerint,
1461 4951 1780 5027 aliquando
1819 4965 2018 5019 autem

427 5114 492 5180 ἦ(
518 5112 582 5168 Ρ.
611 5108 720 5165 923
750 5105 864 5163 ΕΙ).
897 5102 1211 5173 POTTER,
1240 5104 1509 5164 787-788.
1541 5108 1654 5167 ED.
1689 5112 1922 5173 PARIS.

426 5290 505 5364 (2)
538 5285 701 5364 οἰνος
731 5283 950 5364 V_i_nu_m
967 5282 1136 5364 _idem
1168 5282 1315 5341 alios
1346 5284 1517 5364 aliter
1560 5289 1811 5364 afﬁcere,
1834 5293 2014 5364 docet

357 5353 534 5420 eti'ain
567 5353 1059 5434 PhiIQJJEPLEF-W.
1094 5361 1425 5434 μεῖονομαζ.
1459 5376 1593 5434 pss-
1628 5362 1749 5434 1⁷2-
1783 5353 2013 5423 Plutar-

359 5435 507 5491 chus
541 5447 671 5503 pag.
705 5427 988 5499 199,'387,
1014 5432 1071 5485 et
1096 5427 1339 5487 Aristot.
1370 5427 1655 5503 problém.
1682 5433 1771 5506 l7,
1794 5441 1935 5494 sect.
1956 5439 2011 5496 3.

359 5506 430 5562 Η.
465 5508 752 5559 annuae.

417 5546 430 5560 .
465 5516 752 5559 BYLBURG.

432 5576 510 5649 (3)
541 5576 661 5630 Τῶν
695 5568 845 5648 λόγῳ
875 5571 1037 5647 θεωρ.
1062 5568 1195 5649 πόρ.
1233 5571 1458 5649 ld__est,
1487 5596 1517 5625 «
1549 5592 1813 5649 prorum,
1847 5599 1877 5631 »
1909 5597 2011 5637 seu

365 5643 755 5731 «_meatuum,
779 5643 823 5696 ἐ
849 5643 1279 5731 οονροιιίε,ἰ]ιιί,
1309 5643 1447 5731 licet
1477 5643 1680 5731 sensui
1711 5643 1865 5707 haud
1899 5652 2014 5708 sint

366 5717 541 5786 obvii,
576 5738 606 5770 ‹‹
636 5716 863 5776 ratione
893 5738 921 5789 >3
951 5716 1150 5789 tamen
1170 5716 1706 5789 deprehenduntur
1747 5737 1815 5777 ac
1857 5746 1885 5774 «
1928 5726 2013 5781 vi-

367 5784 605 5849 dentur.
644 5810 671 5845 ε
724 5791 843 5845 Τῶν
900 5784 1079 5863 λόγων
1130 5784 1422 5861 θεωρήτῶν
1480 5809 1539 5845 π.
1596 5790 1775 5850 habet
1830 5795 2012 5868 Flor.,

2133 4782 2468 4856 συνωνύμως
2524 4781 2613 4836 καὶ
2674 4778 2965 4843 αὐτοτελὲς
3021 4779 3282 4838 καλοῦσιν
3316 4781 3554 4854 ’ἐπειδὴ
3585 4783 3785 4859 αὐτάρ-

2128 4895 2240 4935 κως
2270 4870 2341 4928 δι’
2371 4870 2535 4927 αὐτοῦ
2565 4873 2639 4937 (6)
2669 4871 2957 4941 ποιητικόν
2993 4869 3105 4927 ἐστι
3160 4876 3259 4928 τοῦ
3316 4874 3786 4949 ἀποτελέσματος.

2129 4964 2196 5023 Εἰ
2245 4960 2304 5018 δὲ
2345 4962 2409 5017 τὸ
2457 4960 2631 5017 α’ίτιον
2680 4957 3009 5024 αὐτοτελοῦς
3042 4961 3315 5039 ἐνεργείας
3376 4964 3489 5021 ἐστὶ
3548 4961 3789 5037 δηλωτι.

2126 5298 2283 5372 quod
2316 5294 2609 5372 explicare
2639 5294 2865 5372 [rustra
2893 5300 3142 5372 conatus
3171 5300 3262 5355 est
3289 5297 3597 5372 interpres.

2193 5370 2274 5442 (4)
2305 5364 2582 5444 Δέγεσθαι.
2643 5366 2862 5441 Supple
2947 5364 3238 5443 δυνάμενα,
3309 5371 3399 5429 vel
3445 5364 3613 5447 -lege
3687 5371 3783 5429 λι-

2122 5460 2295 5514 γεται.

2194 5513 2270 5586 (5)
2300 5503 3205 5587 Ὑποᾷεϐηκός.-Ειοικλὸπεϐηκός
3232 5531 3259 5587 1
3280 5516 3436 5587 quod
3480 5530 3550 5572 ne
3588 5516 3781 5587 Ionis.

2124 5582 2263 5671 gms;
2317 5584 2554 5656 quidem
2606 5582 2775 5640 facile
2800 5654 2815 5671 ‘
2852 5582 3179 5671 admiserit.
3212 5582 3545 5671 “gggularg
3576 5583 3781 5645 ὑποϐι-

2123 5649 2295 5726 ϐηκός
2329 5649 2508 5727 supra
2540 5671 2773 5728 quoque
2800 5654 3016 5730 legitur
3043 5674 3177 5731 pag.
3211 5649 3345 5728 325:
3361 5662 3421 5715 et
3452 5659 3607 5717 infra
3636 5678 3775 5737 pag.

2121 5729 2245 5786 336.
2282 5728 2571 5784 SYLBURG.

2197 5800 2274 5874 (6)
2305 5798 2386 5856 Δι’
2415 5796 2600 5857 αὐτοῦ.
2632 5796 2733 5859 Vel
2761 5799 2961 5873 potius
2986 5795 3058 5857 δι’
3086 5799 3279 5874 αὐτοῦ,
3302 5824 3333 5856 ‹‹
3363 5818 3471 5877 per
3496 5819 3580 5864 se.
3599 5826 3624 5857 ι
