4124 6460
434 486 540 542 601

1747 484 2195 541 ΒΤΒΟΜΔΤΠΜ
2230 453 2364 539 ms.
2405 487 2553 539 VIII.

3754 487 3864 545 602

430 611 550 681 κὸν,
580 611 644 665 τὸ
696 609 956 685 συνεργὸν
1016 605 1311 683 ὑπηρεσίαν
1359 607 1640 682 σημαίνει,
1697 609 1787 662 καὶ
1833 608 1933 676 τήν
1995 606 2088 661 σὺν

2214 626 2412 665 rursus
2442 617 2650 681 apertae
2679 611 2991 680 videntur;
3024 611 3150 669 aliis
3190 615 3386 670 autem
3439 612 3703 670 obscuris
3751 629 3862 670 na-

433 701 601 776 ὲτὲρῳ
660 697 1028 776 λειτουργίαν.
1089 698 1158 753 Eii
1219 698 1312 772 μὲν
1372 696 1465 754 οὖν
1553 695 1722 770 μηδὲν
1777 699 2099 773 παρέχεται,

434 786 559 844 οὐδὲ
606 788 865 864 συνεργὸν
917 787 1247 862 λεχθήσεται
1280 807 1292 820 °
1329 787 1374 842 εἰ
1436 784 1494 842 δὲ
1546 786 1868 863 παρέχεται,
1900 786 2098 842 τούτου

435 879 649 940 πάντως
707 879 913 952 γίνεται
973 874 1173 948 αἶ’τιον,
1209 877 1270 932 οὗ
1328 877 1414 931 καὶ
1475 878 1796 953 παρέχεται,
1853 875 2099 932 τουτέστι

439 973 538 1023 τοῦ
594 965 661 1022 δι’
720 967 886 1022 αὐτοῦ
943 968 1259 1043 γινομένου.
1307 969 1494 1023 ’Ἑστιν
1557 965 1647 1021 οὖν
1707 967 1978 1043 συνεργὸν,
2039 966 2100 1021 οὗ

444 1058 708 1132 παρόντος
753 1055 957 1132 ἐγίνετο
1006 1057 1068 1112 τὸ
1119 1055 1494 1130 ἆποτὲλεσμτο
1529 1054 1832 1132 προδήλως
1873 1059 1949 1130 (7)
2003 1056 2100 1130 μὶν

445 1146 534 1203 οὖν
567 1148 835 1222 παρόντος
870 1148 972 1220 (8),
1005 1144 1228 1216 ἀδήλως
1272 1145 1329 1202 δὲ
1374 1144 1611 1218 ἀδήλου.
1646 1147 1748 1203 Καὶ
1804 1146 1866 1200 τὸ
1920 1144 2100 1200 συναί-

437 1259 552 1291 τιον
612 1233 670 1291 δὲ
724 1235 786 1291 ἐκ
839 1241 936 1292 τοῦ
995 1235 1184 1312 γένους
1243 1235 1356 1291 ἐστὶ
1404 1240 1511 1290 τῶν
1558 1234 1768 1307 αἰτίων,
1800 1236 2039 1308 καθάπερ
2072 1235 2100 1289 ὁ

437 1328 848 1400 συστρατιώτης
899 1324 1385 1398 στρατιώτης,καὶ
1445 1326 1472 1379 ὁ
1519 1319 1822 1403 συνέφηϐος
1871 1321 2100 1402 ἔφηϐος.

439 1416 514 1471 Τὸ
576 1416 672 1488 μὲν
734 1413 823 1470 οὖν
858 1415 1110 1491 συνεργὸν
1146 1413 1320 1469 αἶ’τιον
1349 1418 1429 1487 τῷ
1460 1417 1759 1486 συνεκτικῷ
1805 1414 1945 1491 πρὸς
2001 1415 2099 1484 τὴν

441 1504 685 1562 ἐπίτασιν
739 1493 1058 1581 βοηθεῖτοῦ
1091 1505 1178 1559 ὑπ’
1208 1505 1376 1559 αὐτοῦ
1405 1504 1700 1579 γινομένου
1733 1521 1746 1534 °
1777 1505 1838 1559 τὸ
1891 1501 1948 1559 δὲ
1979 1525 2103 1558 συν-

445 1593 619 1650 αίτιον
683 1595 787 1650 οὐκ
843 1593 931 1650 ἐπὶ
987 1600 1089 1664 τῆς
1142 1593 1307 1667 αὐτῆς
1365 1592 1506 1649 ἐστιν
1566 1592 1771 1656 ἐννοίας
1805 1612 1820 1626 ⁸
1881 1591 2100 1650 δύναται

439 1685 544 1761 γὰρ
595 1682 868 1740 συναίτιον
924 1684 1214 1761 ὑπάρχειν,
1271 1681 1366 1738 κᾶν
1430 1684 1506 1757 μή
1563 1683 1868 1738 συνεκτικὸν
1923 1680 2099 1739 αἷίτιον

439 1773 479 1848 ᾖ
534 1779 866 1831 τι.Νοεῖται
926 1773 1030 1850 γὰρ
1087 1772 1177 1828 σὺν
1258 1773 1425 1848 ἑτέρῳ
1483 1771 1547 1827 τὸ
1628 1771 1920 1845 συναίτιον,
1981 1770 2104 1828 οὐδ’

439 1863 591 1936 αὐτῷ
647 1865 723 1937 (9)
781 1860 1067 1937 δυναμένῳ
1114 1863 1232 1918 κατ’
1257 1861 1400 1917 ῗδίαν
1455 1868 1683 1932 ποιῆσαι
1736 1863 1799 1917 τὸ
1839 1859 2101 1918 ἀποτέλε-

2208 704 2361 770 tura,
2395 715 2523 771 quis
2552 701 2714 756 nullo
2743 706 3005 774 tempore
3035 707 3289 774 possunt
3333 719 3464 760 esse
3508 708 3744 776 apertas.
3795 707 3863 760 Ft

2210 806 2280 844 ex
2309 789 2401 845 his
2434 790 2675 861 quidem
2708 808 2836 862 qua:
2859 797 3000 847 sunt
3025 797 3257 862 natura,
3291 792 3419 849 alia:
3445 793 3684 865 quidem
3719 810 3859 867 pos-

2211 884 2351 934 sunt
2378 878 2756 950 deprehendi,
2789 897 2938 951 quas
2967 881 3206 952 quidem
3257 883 3545 938 vocabant
3599 899 3714 938 non
3759 883 3863 939 ob-

2210 985 2438 1037 scuras,
2460 973 2520 1024 ut
2543 986 2669 1040 quae
2689 984 2792 1042 per
2813 969 2984 1042 signa
3004 972 3331 1043 reputando
3372 989 3437 1027 ac
3458 971 3861 1029 ratiocinando

2211 1057 2585 1131 colligantur,
2619 1060 3120 1131 quemadmodum
3155 1061 3500 1132 symmetria
3547 1061 3862 1118 dubiarum

2212 1148 2543 1204 orationum
2585 1167 2711 1221 quas
2745 1151 2966 1205 cadunt
3000 1151 3057 1206 in
3089 1151 3684 1223 contemplationem;
3732 1151 3861 1208 aliae

2210 1255 2344 1293 vero
2376 1255 2502 1310 quas
2530 1239 2889 1312 deprehendi
2927 1244 3250 1312 nequeunt,
3282 1258 3408 1313 quae
3466 1240 3629 1298 nullo
3689 1244 3864 1298 modo

2211 1333 2462 1400 possunt
2490 1330 2697 1385 cadere
2737 1329 2847 1385 sub
2898 1329 3450 1402 deprehensionem,
3511 1347 3640 1402 quas
3687 1331 3866 1387 etiam

2211 1417 2490 1474 dicuntur
2515 1418 2751 1491 penitus
2782 1419 3066 1475 obscurae.
3117 1420 3188 1474 Et
3242 1418 3368 1475 aliae
3426 1419 3667 1491 quidem
3723 1424 3867 1476 sunt

2211 1507 2664 1579 procatarcticaa,
2734 1507 2860 1563 alia
2919 1524 3053 1563 vero
3111 1509 3416 1580 synecticaa
3485 1506 3610 1562 alias
3668 1512 3866 1564 autem

2212 1613 2537 1667 concausa,
2570 1597 2700 1653 aliae
2724 1613 2858 1653 vero
2890 1598 3259 1668 adjuvantes.
3295 1598 3362 1653 Et
3417 1596 3548 1654 aliae
3604 1597 3866 1670 quidem,

2211 1689 2340 1760 ejus
2373 1688 2530 1760 quod
2561 1692 2652 1744 est
2681 1688 3012 1744 secundum
3042 1696 3313 1744 naturam
3339 1705 3353 1756 ;
3388 1686 3514 1744 alia;
3543 1704 3703 1756 vero,
3736 1688 3866 1760 ejus

2212 1778 2367 1850 quod
2391 1781 2601 1848 praeter
2632 1781 2924 1832 naturam.
2958 1776 3101 1832 Alia:
3133 1783 3328 1833 autem
3363 1776 3631 1832 morbiet
3653 1791 3864 1832 secun-

2210 1868 2350 1922 dum
2383 1866 2656 1922 accidens
2686 1887 2700 1935 ;
2736 1866 2863 1922 alia:
2891 1864 3127 1937 quidem
3157 1864 3553 1933 effectionum,
3578 1864 3704 1922 alia:
3733 1881 3867 1922 vero

438 1974 573 2027 σμα,
605 1949 779 2008 αἶ’τιον
813 1951 872 2008 ὃν
907 1951 999 2007 σὺν
1051 1951 1230 2025 αἰτίῳ.
1265 1949 1515 2030 Διαφέρει
1569 1949 1627 2006 δὲ
1673 1956 1769 2006 τοῦ
1826 1953 2100 2007 συναιτίου

2214 1971 2414 2012 earum
2447 1954 2898 2027 magnitudinis,
2931 1955 3056 2010 aliis
3088 1959 3284 2011 autem
3310 1959 3643 2026 temporum
3674 1959 3730 2010 et
3775 1971 3865 2010 oc-

433 2043 504 2100 τὸ
554 2042 814 2118 συνεργὸν
865 2041 919 2098 ἐν
977 2047 1055 2114 τῷ
1112 2043 1174 2097 τὸ
1229 2043 1324 2116 μὲν
1377 2039 1647 2096 συναίτιον
1679 2042 1796 2097 κατ’
1827 2039 1965 2096 ἰδίαν
2025 2042 2100 2116 μὴ

446 2137 737 2196 ποιοῦντος
785 2135 848 2189 τὸ
907 2133 1259 2206 ἀποτέλεσμα
1313 2134 1598 2210 παρέχειν·
1627 2135 1691 2189 τὸ
1739 2131 1797 2189 δὲ
1845 2134 2101 2209 συνεργὸν

444 2221 500 2278 ἰν
531 2227 609 2294 τῷ
639 2224 757 2278 κατ’
788 2220 927 2278 ἰδίαν
964 2224 1041 2296 μή
1099 2227 1298 2291 ποιεῖν,
1333 2223 1502 2297 ἒτέρῳ
1551 2220 1609 2278 δὲ
1655 2223 2102 2300 προσερχόμενον

432 2313 518 2385 τῷ
547 2314 666 2367 κατ’
699 2310 839 2367 ἰδίαν
871 2315 1144 2384 ποιοῦντι,
1179 2317 1426 2388 συνεργεῖ
1478 2311 1626 2386 αὐτῷ
1673 2313 1808 2386 πρὸς
1855 2313 1918 2368 τὸ
1972 2335 2103 2390 σφο-

441 2400 700 2480 δρότατον
750 2403 989 2477 γίνεσθαι
1021 2402 1084 2457 τὸ
1113 2400 1482 2475 ἀποτέλεσμα.
1515 2400 1773 2459 Μάλιστα
1821 2399 1879 2458 δὲ
1924 2403 1986 2458 τὸ
2044 2401 2103 2456 ἐκ

440 2495 916 2567 προκαταρκτικοῦ
973 2492 1226 2568 συνεργὸν
1288 2491 1569 2567 γεγονέναι
1616 2491 1715 2561 τὴν
1774 2495 1873 2547 τοῦ
1923 2491 2102 2547 αἰτίου

445 2579 726 2636 διατείνειν
756 2578 987 2654 δύναμιν
1019 2583 1347 2652 παρίστησιν
1378 2582 1514 2654 (10).

2215 2047 2542 2101 casionum.
2569 2049 2760 2118 Atque
2781 2045 2830 2101 si
2853 2043 3136 2101 tollantur
3168 2044 3408 2116 quidem
3431 2061 3622 2101 causa;
3658 2060 3862 2116 proca-

2215 2135 2494 2205 tarcticaa,
2529 2139 2726 2190 manet
2758 2138 2954 2190 tamen
2987 2134 3248 2191 effectus.
3306 2134 3613 2207 Synectica
3667 2137 3864 2190 autem

2215 2241 2394 2282 causa
2423 2231 2530 2292 est,
2565 2241 2691 2296 quae
2725 2223 2775 2279 si
2807 2223 2984 2292 adsit,
3019 2228 3222 2280 manet
3251 2225 3494 2280 effectus
3520 2241 3534 2292 ;
3566 2227 3623 2279 et
3653 2223 3699 2278 si
3749 2223 3864 2279 tol-

2215 2314 2391 2383 latur,
2425 2313 2670 2370 tollitur.
2699 2313 3065 2386 Synecticam
3095 2329 3197 2384 per
3219 2312 3631 2385 synonymiam
3665 2311 3728 2375 »ἒ
3761 2330 3863 2386 ap-

2215 2404 2456 2478 pellant,
2490 2405 2668 2460 etiam
2700 2420 2804 2474 per
2859 2419 2921 2458 se
2979 2403 3320 2474 perfectam,
3380 2400 3862 2474 quandoquidem

2212 2500 2302 2550 est
2330 2492 2697 2550 sufﬁcienter
2729 2509 2832 2565 per
2861 2509 2923 2549 se
2953 2491 3218 2548 efﬁciens
3244 2490 3507 2548 effectus.
3543 2491 3606 2548 Si
3662 2495 3862 2547 autem

2212 2602 2393 2641 causa
2423 2600 2525 2656 per
2555 2600 2618 2640 se
2649 2583 2966 2656 perfectam
2997 2582 3295 2655 signiﬁcat
3315 2580 3736 2654 operationem,
3763 2581 3866 2636 ad-

2200 2677 2424 2747 juvans
2442 2690 2624 2729 causa
2644 2671 2940 2746 signiﬁcat
2954 2671 3443 2740 ministerium,et
3467 2687 3688 2727 munus
3705 2671 3865 2743 quod

458 2761 579 2818 obit
599 2779 735 2818 cum
767 2760 901 2817 alio.
935 2763 1123 2833 Atque
1153 2761 1202 2816 si
1236 2759 1381 2816 nihil
1406 2759 1644 2833 quidem
1678 2765 1934 2834 praetest,
1969 2779 2041 2820 ne
2071 2764 2301 2822 dicetur
2348 2764 2589 2837 quidem
2640 2762 2928 2833 adjuvaus
2969 2781 2984 2831 ;
3028 2761 3122 2817 sin
3168 2763 3366 2816 autem
3427 2763 3684 2831 praestet,
3735 2759 3868 2831 ejus

453 2851 519 2907 ﬁt
549 2851 790 2908 omnino
822 2868 1022 2920 causa,
1051 2851 1207 2923 quod
1241 2851 1418 2906 etiam
1452 2855 1708 2922 praestat,
1741 2851 1853 2908 hoc
1885 2857 1993 2923 est,
2026 2855 2157 2925 ejus
2187 2855 2345 2927 quod
2377 2854 2441 2908 ﬁt
2470 2870 2574 2926 per
2602 2852 2816 2924 ipsam.
2852 2851 2951 2908 Est
2997 2867 3137 2924 ergo
3167 2866 3347 2906 causa
3388 2850 3706 2922 adjuvans,
3737 2865 3866 2922 qua

441 2957 578 2998 cum
649 2943 818 2998 adest
875 2941 940 2996 ﬁt
997 2941 1260 3007 effectus,
1321 2943 1560 3013 apertus
1617 2941 1856 3014 quidem
1906 2949 2143 3014 apertas,
2183 2943 2451 3000 obscuris
2515 2947 2714 2999 autem
2762 2943 3046 2999 obscurae.
3097 2942 3274 2997 Porro
3333 2945 3529 2998 autem
3579 2955 3870 2997 concausa

441 3048 678 3105 quoque
707 3035 797 3087 est
826 3047 894 3087 ex
935 3045 1141 3100 genere
1198 3047 1534 3098 causarum,
1593 3033 2093 3104 quemadmodum
2153 3033 2478 3090 commilito
2509 3037 2599 3089 est
2629 3030 2819 3103 miles,
2847 3037 2905 3088 et
2933 3032 3266 3105 coéphebus
3295 3036 3385 3089 est
3440 3031 3745 3102 ephebus;
3779 3033 3869 3085 at-

445 3139 562 3196 que
603 3121 1155 3193 adjuvansquidem
1189 3136 1369 3176 causa
1401 3121 1510 3176 fert
1564 3137 1735 3192 opem
1785 3139 1976 3177 causa:
2027 3124 2355 3196 synecticze,
2397 3123 2470 3180 ad
2521 3123 2912 3178 intentionem
2953 3123 3082 3193 ejus
3113 3123 3268 3194 quod
3303 3121 3375 3177 ab
3405 3120 3536 3193 ipsa
3584 3119 3668 3178 fit.
3719 3118 3869 3175 Con-

440 3228 632 3268 causze
659 3215 858 3267 autem
889 3226 1005 3266 non
1038 3214 1128 3265 est
1157 3210 1360 3265 eadem
1397 3209 1554 3265 notio
1584 3227 1597 3277 ;
1633 3215 1826 3282 potest
1855 3211 2011 3266 enim
2062 3213 2286 3285 aliquid
2321 3229 2450 3269 esse
2499 3229 2816 3280 concausa,
2859 3215 2916 3267 et
2964 3212 3014 3267 si
3060 3229 3176 3268 non
3218 3211 3294 3267 sit
3322 3226 3503 3266 causa
3549 3209 3866 3280 synectica.

435 3299 804 3373 Intelligitur
833 3299 993 3356 enim
1028 3315 1322 3354 concausa
1345 3315 1474 3354 cum
1509 3299 1644 3368 alio,
1706 3301 1860 3371 quod
1896 3318 1998 3373 per
2027 3319 2089 3358 se
2111 3319 2227 3359 non
2288 3307 2481 3374 potest
2509 3302 2782 3357 effectum
2813 3301 3062 3369 efﬁcere,
3116 3306 3180 3355 ut
3232 3317 3360 3372 quae
3391 3299 3468 3356 sit
3495 3315 3676 3354 causa
3731 3313 3867 3354 cum

439 3407 638 3447 causa.
699 3389 906 3445 Differt
928 3392 1124 3444 autem
1159 3389 2052 3462 adjuvanscausaaconcausa,
2082 3393 2236 3464 quod
2296 3408 2590 3447 concausa
2636 3391 2896 3463 quidem,
2956 3391 3006 3445 ei
3063 3390 3220 3461 quod
3280 3405 3547 3445 seorsum
3607 3404 3724 3444 non
3779 3387 3867 3442 ef-

439 3479 583 3548 ﬁcit,
619 3479 870 3551 praebeat
899 3478 1215 3546 effectum;
1253 3478 1539 3549 adjuvans
1571 3483 1766 3535 autem
1825 3496 2090 3536 seorsum
2153 3481 2396 3552 quidem
2455 3497 2571 3535 non
2629 3478 2864 3543 efﬁciat,
2928 3478 3090 3534 alteri
3149 3483 3344 3534 autem
3400 3477 3684 3534 accedens
3741 3491 3868 3547 qua

441 3585 714 3625 seorsum
746 3567 947 3636 efﬁcit,
979 3568 1030 3623 ei
1062 3568 1210 3623 ferat
1238 3584 1408 3639 opem
1443 3569 1515 3624 ad
1546 3568 1656 3624 hoc
1685 3572 1749 3624 ut
1788 3571 1864 3625 sit
1897 3569 2138 3625 effectus
2170 3569 2746 3626 vehementissimus.
2799 3569 3050 3626 Maxime
3104 3572 3303 3624 autem
3332 3584 3399 3624 ex
3443 3564 3870 3641 procatarctica

439 3672 620 3712 causa
647 3656 862 3713 factam
894 3670 1026 3711 esse
1061 3672 1304 3712 causam
1335 3656 1738 3728 adjuvantem,
1772 3659 1843 3713 ad
1873 3657 1991 3713 vim
2022 3674 2211 3714 causa
2241 3657 2658 3714 intendendam
2690 3657 2934 3714 confert.

517 3803 582 3868 ›χ‹
609 3801 668 3856 Ρ.
700 3801 810 3855 924
838 3799 951 3857 ED.
984 3800 1295 3856 POTTER.

452 3939 935 4073 ἆδξέἵὶὶρί]ροδήλιυις
968 3986 981 3999 .
1017 3985 1031 3998 .
1069 3987 1083 4001 .
1143 3939 1368 4013 ἀδήλως

519 4015 925 4158 (ςὸἴῳάαρόντος.
981 4085 1368 4142 Scribendum
1425 4082 1734 4158 προδήλου,
1797 4089 1952 4159 quod
2013 4107 2102 4145 re-

448 4160 633 4230 quirit
665 4159 1404 4230 sententiarumoppositio
1450 4162 1632 4229 Atque
1665 4160 1774 4216 hoc
1807 4161 1982 4216 etiam
2017 4162 2103 4215 vi-

446 4229 532 4286 dit
589 4229 1360 4304 ἱιιιενρῐιθεηῐιαρόντοςίεχ
1420 4232 1693 4304 periocha
1747 4234 2106 4303 praecedente

445 4304 676 4360 videtur
714 4303 1068 4376 irrepsisse;
1105 4303 1192 4376 vel
1243 4303 1401 4376 forte
1437 4305 1702 4376 margini
1754 4305 2102 4376 ascriptum,

449 4380 648 4501 potstea
709 4375 768 4431 in
822 4379 1047 4431 textum
1108 4375 1180 4430 ab
1238 4375 1512 4448 imperito
1562 4375 1759 4433 scriba
1803 4375 2101 4450 receptum

449 4462 511 4501 es
544 4490 557 4501 .

449 4462 557 4502 est.

1455 3944 1633 4015 Flor.,
1710 3940 2099 4018 προδήλῳ.....
2285 3946 2362 4017 (9)
2393 3944 2576 4016 Αὐτῷ.
2635 3944 2788 4001 Flor.
2840 3946 3045 4015 divise,
3094 3941 3160 3999 αὖ
3224 3948 3322 4016 τῷ.
3373 3946 3480 4002 Sed
3543 3959 3866 4019 pronomen

2214 4016 2362 4075 αὖ.τῶ
2410 4017 2676 4075 agnoscit
2731 4017 2906 4073 etiam
2966 4018 3193 4075 Herveti
3252 4020 3464 4075 versio.
3496 4041 3526 4069 «
3559 4018 3716 4075 quod
3763 4033 3867 4073 nec

2214 4035 2362 4089 αυτῳ
2410 4035 2676 4090 agnoscit
2731 4035 2906 4073 etiam
2966 4035 3193 4075 nerveu
3252 4035 3464 4086 versio,
3496 4041 3526 4069 «
3559 4035 3716 4090 quoo
3763 4035 3862 4073 nec

2214 4091 2407 4164 ipsum
2445 4106 2545 4159 per
2561 4106 2635 4164 se
2668 4091 3178 4164 potest_effectum
3231 4090 3482 4164 efﬁcere.
3519 4112 3548 4139 »
3577 4095 3862 4144 Susum.

2288 4158 2784 4234 (10)]Ιαρίστη-σιν.
2844 4161 3115 4216 Mancum
3177 4179 3305 4217 esse
3371 4163 3526 4217 hunc
3601 4166 3868 4234 Στρωμα-

2213 4231 2328 4293 τὲα,
2357 4250 2388 4288 e
2419 4231 2786 4304 superiorum
2836 4235 3134 4304 prooemiis
3163 4241 3220 4288 et
3249 4234 3492 4303 epilogis
3522 4238 3613 4288 sat
3640 4231 3867 4288 clarum

2215 4316 2322 4361 esl.
2353 4307 2440 4359 An
2491 4322 2625 4360 vero
2676 4304 2829 4359 idem
2879 4306 3053 4360 etiam
3107 4307 3352 4360 ultimus
3385 4306 3481 4372 sit,
3522 4321 3636 4360 non
3672 4306 3778 4361 abs
3807 4319 3870 4360 re

2217 4375 2601 4449 dubitaveris.
2632 4375 2991 4449 PluraAenim
3024 4377 3396 4449 superiorum
3445 4375 3667 4449 prologi
3700 4375 3870 4449 nobis

2217 4447 2574 4522 pollicentur
2603 4463 2782 4519 quam
2815 4446 2929 4504 huc
2965 4446 3154 4521 usque
3203 4448 3324 4506 sint
3373 4446 3746 4521 pertractata.
3785 4447 3870 4505 In.
