4124 6458
421 441 540 512 ,605

1583 450 1802 507 LIBER
1837 447 2010 514 αἶ]ῐὸ
2045 443 2264 502 DIVES
2301 445 2704 501 SALVETUB.

3749 439 3862 520 609

432 561 560 621 ἔστι.
598 565 875 641 σωτηρίας
908 587 921 600 ο
955 570 1008 623 oi
1040 566 1098 624 δὲ
1125 568 1672 646 προσεμπλησσουσι,
1727 571 1824 633 τὰς
1869 569 2081 645 γνώμας

2208 567 2542 625 stolidiores
2568 567 2850 635 efﬁciunt,
2873 565 3120 624 divitum
3143 569 3372 624 mentes
3401 531 3857 624 immodicarum

427 661 538 711 τῶν
573 653 856 712 πλουσίων
886 663 1004 720 ταῖς
1025 655 1251 729 ἡδοναῖς
1269 664 1378 715 τῶν
1399 660 1648 737 ἀμέτρων
1684 659 1914 716 ἐπαίνων
1949 657 2098 714 ἐπαί-

425 765 614 821 ροντες
647 765 662 779 ⁸
697 745 788 801 καὶ
817 747 1064 818 καθάπαξ
1093 753 1201 804 τῶν
1238 749 1383 806 ὅλων
1417 751 1758 826 πραγμάτων
1790 749 1936 820 πλὴν
1995 751 2096 804 τοῦ

427 832 698 906 πλούτου,
733 832 805 890 δι’
845 836 904 891 ’ὃν
957 837 1350 911 θαυμάζονται,
1381 841 1878 918 παρασκευάζοντες
1930 838 2094 915 ὑπὲρ·

431 929 650 1002 φρονεῖν
690 943 700 956 ⁸
737 925 796 979 τὸ
832 922 898 994 δὴ
929 931 1028 980 τοῦ
1057 924 1255 1004 λόγου,
1288 929 1394 1005 πῦρ
1428 921 1515 984 ἐπὶ
1546 935 1654 1004 πῦρ
1707 927 2095 1007 μετοχετεύον-

434 1035 544 1085 τες,
591 1012 744 1091 τύφῳ
818 1015 988 1078 τύφον
1047 1015 1442 1082 ἐπαντλοῦντες
1499 1020 1591 1074 καὶ
1649 1016 1806 1094 ὄγκον
1865 1015 2095 1092 πλούτῳ

437 1102 940 1178 προσανατιθέντες,
1003 1105 1154 1182 βάρει
1243 1107 1394 1182 φύσει
1466 1108 1686 1186 φορτίον
1772 1108 2092 1185 βαρύτερον,

432 1193 494 1248 οὗ
529 1191 746 1264 μᾶλλον
781 1193 954 1269 ἐχρῆν
991 1194 1240 1272 ἀφαιρεῖν
1296 1198 1386 1252 καὶ
1435 1198 1804 1276 περικόπτειν,
1839 1198 1914 1263 ὡς
1960 1219 2092 1275 σφα-

431 1279 598 1356 λεροῦ
626 1283 943 1356 νοσήματος
995 1285 1087 1340 καὶ
1137 1286 1530 1366 θανατηφόρου.
1565 1291 1658 1362 Τῷ
1703 1289 1802 1363 γὰρ
1851 1285 2092 1364 ὑψουμέ-

427 1392 506 1444 νῳ
535 1371 624 1426 καὶ
681 1371 1109 1448 μεγαλυνομένῳ
1157 1375 1518 1455 ἀντίστροφος
1547 1379 1583 1448 ἡ
1616 1378 1752 1454 πρὸς
1799 1378 1862 1434 τὸ
1906 1398 2093 1433 ταπει-

429 1461 520 1515 νὸν
552 1458 834 1533 μεταϐολή
866 1462 956 1518 καί
987 1469 1216 1536 πτῶσις,
1249 1465 1322 1528 ὡς
1349 1468 1378 1522 ὁ
1409 1468 1554 1530 θεῖος
1604 1463 1844 1523 διδάσκει
1897 1466 2090 1544 λόγος.

432 1549 592 1622 Ἐμοὶ
626 1547 684 1605 δὲ
715 1550 958 1630 φαίνεται
993 1558 1204 1630 μακρῷ·
1241 1553 1764 1632 φιλανθρωπότερον
1815 1557 1949 1612 εἶναι
1994 1561 2093 1612 τοῦ

429 1639 744 1712 θεραπεύειν
797 1641 1254 1720 [ἀνελευθέρως]
1310 1644 1437 1708 τοὺς
1519 1644 1898 1712 πλουτοῦντας
1955 1647 2092 1717 [καὶ

426 1733 834 1806 προσεπαινεῖν]
886 1731 974 1787 ἐπὶ
1023 1735 1174 1806 κακῴ
1223 1735 1286 1790 τὸ
1336 1735 1678 1810 συναίρεσθαι
1712 1735 1947 1814 [Ad-fcie,
1977 1734 2090 1810 καὶ]

424 1818 526 1888 τήν
587 1821 860 1896 σωτηρίαν
917 1821 1102 1886 αὐτοῖς
1162 1825 1658 1902 [κατεργάζεσθαι]
1722 1827 1931 1882 ἅπαντα
1997 1827 2088 1882 τὸν

425 1904 654 1962 δυνατὸν
712 1909 915 1986 τρόπον
949 1933 962 1946 ο
1021 1916 1186 1968 τοῦτο
1271 1913 1367 1988 μὲν
1445 1913 1863 1990 ἐξαιτουμένους
1944 1915 2092 1992 παρὰ

426 2001 584 2067 Θεοῦ,
615 2002 712 2052 τοῦ
749 1994 985 2074 βεϐαίως
1016 2001 1106 2056 καὶ
1137 1999 1317 2072 ἡδέως
1371 2008 1488 2066 τοῖς
1545 2006 1737 2060 ἑαυτοῦ
1787 2007 1994 2068 τέκνοις
2023 2007 2090 2061 τά

427 2091 655 2143 τοιαῦτα
714 2091 1048 2163 προϊεμένου
1083 2111 1095 2122 ·
1123 2097 1285 2148 τοῦτο
1345 2089 1404 2148 δὲ
1459 2091 1550 2149 διά
1589 2101 1690 2165 τῆς
1721 2095 1950 2172 χάριτος
1979 2097 2092 2170 (13)

415 2180 528 2252 ,τοῦ
585 2183 849 2252 Σωτῆρος
905 2179 1172 2254 ἰωμένους
1227 2182 1322 2246 τὰς
1381 2185 1562 2260 ψυχὰς
1593 2183 1790 2255 αὐτῶν,
1823 2183 2090 2262 φωτίζον-

424 2286 522 2330 τας
549 2267 639 2321 καὶ
672 2270 1046 2346 προσάγοντας
1078 2269 1165 2325 ἐπὶ
1217 2273 1340 2345 τὴν,
1372 2275 1472 2339 τῆς
1529 2271 1790 2344 ἀληθείας
1845 2280 2034 2345 κτῆσιν
2071 2291 2088 2310 ⁸

422 2356 489 2424 ῆς
541 2356 569 2410 ὁ
614 2357 801 2432 τυχὼν
845 2359 935 2413 καὶ
988 2355 1172 2436 ἔργοις
1220 2361 1440 2438 ἀγαθοῖς
1470 2361 1948 2436 λαμπρυνόμενος,
1985 2359 2089 2438 μό-

425 2466 519 2507 νος
579 2445 740 2508 οὗτος
791 2443 1046 2522 βραϐεῖον
1099 2457 1200 2520 τῆς
1249 2449 1473 2506 αῗωνίου
1527 2455 1672 2523 ζωῆς
1717 2453 2085 2529 ἀναιρήσεται.

427 2539 606 2590 Δεῖται
640 2533 698 2591 δὲ
720 2537 868 2608 καὶὴ
903 2537 1042 2614 εὐχή
1095 2542 1282 2616 ψυχῆς
1344 2540 1618 2618 εὖρώστου
1677 2542 1768 2597 καὶ
1827 2541 2084 2620 λιπαρᾶς,

425 2621 558 2701 ἄχρι
589 2631 690 2694 τῆς
716 2625 953 2702 ἐσχάτης
981 2627 1191 2704 ἡμέρας
1223 2634 1320 2684 τοῦ
1355 2629 1478 2704 βίου
1527 2633 2032 2706 συμμεμετρημένη
2067 2648 2084 2666 ⁸

425 2713 516 2767 καὶ
572 2713 828 2770 πολιτεία
877 2713 1170 2782 διαθέσεως
1223 2723 1474 2796 χρηστῆς
1531 2720 1621 2776 καὶ
1688 2721 1948 2796 νομίμου,
1993 2723 2084 2778 καὶ

431 2801 626 2868 πάσαις
642 2810 762 2868 ταῖς
797 2803 1047 2870 ἐντολαῖς
1073 2812 1171 2863 τοῦ
1205 2815 1468 2886 Σωτῆρος
1501 2809 1974 2888 ἐπεκτεινομένης.

545 3072 557 3090 θ
855 3075 870 3094 I
988 3075 1002 3091 \
1087 3075 1100 3096 ν
1197 3077 1210 3092 ο
1335 3081 1363 3092 ~

500 3077 574 3127 B.
611 3070 923 3130 Κινδυνευει
957 3073 1013 3130 δε
1046 3095 1154 3152 ουχ
1187 3074 1396 3132 απλουν
1431 3100 1483 3134 τι
1514 3079 1646 3134 εῖναι
1675 3080 1737 3136 τὸ
1767 3078 1941 3136 αἶ’τιον
1987 3087 2084 3139 τοῦ

431 3161 531 3230 τήν
567 3164 842 3235 σωτηρίαν
877 3163 1270 3241 χαλεπωτέραν
1301 3173 1419 3233 τοῖς
1457 3167 1753 3225 πλουτοῦσι
1811 3168 1988 3228 δοκεῖν
2047 3173 2083 3244 ἢ

420 3255 540 3314 τοῖς
583 3251 934 3328 ἀχρημάτοις
989 3259 1098 3310 τῶν
1149 3255 1472 3333 ἀνθρώπων,
1505 3256 1651 3314 ἀλλὰ
1707 3259 1988 3318 ποικίλον.
2020 3263 2086 3318 Oi

2205 656 2449 714 laudum
2473 657 2961 715 oblectationibus
2989 657 3142 714 fastu
3163 655 3494 725 efferentes,
3511 657 3690 730 idque
3709 657 3858 714 adeo

2207 751 2572 820 praestantes,
2595 752 2660 803 ut
2688 751 2894 804 caetera
2932 747 3132 804 omnia
3177 745 3352 819 plane
3379 745 3541 803 ﬂocci
3572 747 3854 818 pendant,

2206 843 2412 910 praeter
2467 839 2890 907 divitias>X<ob
2943 855 3090 910 quas
3135 837 3197 893 in
3246 837 3468 894 honore
3523 836 3853 907 habentur;

2205 927 2349 1002 igni,
2382 933 2448 985 ut
2489 928 2728 1000 dicitur,
2762 915 2958 1001 ignem
3007 927 3297 998 addendo,
3329 926 3672 1000 festumque
3699 927 3854 982 fastu

2203 1019 2587 1089 cumulando,
2619 1035 2684 1074 ac
2714 1017 3009 1074 thesauris
3039 1015 3252 1073 molem
3291 1017 3662 1088 apponendo,
3693 1015 3855 1089 gravi

2202 1109 2491 1166 elemento
2521 1107 2759 1182 gravius
2807 1107 3059 1179 pondus,
3091 1107 3164 1162 de
3194 1121 3310 1178 quo
3341 1105 3538 1178 potius
3581 1105 3853 1162 auferen-

2203 1200 2342 1256 dum
2375 1202 2502 1256 erat
2537 1202 2596 1255 et
2640 1197 3098 1270 amputandum,
3131 1211 3236 1252 ceu
3267 1195 3470 1252 morbo
3519 1193 3850 1268 periculoso

2204 1306 2270 1346 ac
2315 1289 2564 1344 letifero.
2599 1287 2663 1344 Ei
2705 1287 2862 1344 enim
2913 1287 3016 1358 qui
3064 1299 3128 1341 se
3173 1282 3403 1340 extollit
3449 1299 3518 1340 ac
3563 1299 3849 1356 magnum

2204 1377 2360 1450 facit,
2393 1377 2653 1434 vicissim
2700 1375 2966 1433 succedit
3006 1373 3294 1431 tumentis
3323 1372 3507 1429 animi
3535 1372 3597 1429 in
3626 1372 3854 1430 humile

2204 1467 2454 1524 mutatio
2487 1483 2553 1522 ac
2587 1455 2783 1532 casus,
2809 1464 2896 1520 uti
2919 1465 3088 1521 docet
3131 1479 3326 1520 sermo
3377 1461 3614 1518 divinus
3636 1462 3690 1517 1:
3725 1478 3857 1535 pro-

2203 1557 2456 1630 piusque
2486 1556 2558 1612 ad
2598 1555 3028 1612 humanitatem
3077 1552 3372 1618 existimo,
3403 1567 3584 1624 quam
3615 1549 3855 1624 palpare

2205 1645 2604 1716 [illiberaliter]
2638 1645 2850 1702 divites
2883 1643 2964 1716 [et
3010 1642 3289 1700 laudibus
3335 1641 3595 1714 evehere]
3634 1657 3740 1714 pro
3787 1657 3854 1699 eo

2202 1737 2359 1809 quod
2387 1733 2808 1803 malefecerint,
2831 1732 3098 1804 [monitis
3127 1730 3466 1800 subvenire,
3495 1731 3576 1803 et]
3603 1729 3856 1788 salutem

2199 1827 2320 1882 illis
2349 1823 2706 1898 [procurare]
2742 1823 2959 1897 quibus
2997 1821 3126 1879 ﬁeri
3172 1823 3366 1894 potest
3395 1820 3641 1890 mediis;
3674 1820 3853 1877 nimi-

2121 1949 2169 2018 B
2199 1933 2329 1973 rum
2369 1920 2550 1972 Deum
2579 1914 2823 2018 orando“,
2855 1912 2956 1985 qui
2978 1929 3080 2018 ‘res
3109 1911 3404 2018 ejusmodi
3437 1911 3564 1966 suis
3589 1909 3728 1967 ﬁliis
3759 1910 3855 1966 ﬂr-

2204 2007 2380 2063 miter
2407 2021 2474 2062 ac
2499 2004 2760 2076 jucunde
2787 2001 3069 2058 fruendae
3097 2000 3382 2074 elargitur
3404 2015 3418 2056 :
3440 2004 3566 2056 tum
3594 2015 3728 2056 vero
3749 2015 3855 2072 per

2201 2095 2450 2170 gratiam
2483 2092 2800 2151 Salvatoris
2848 2107 3052 2149 eorum
3091 2089 3306 2146 animis
3355 2089 3600 2161 mederi,
3629 2087 3852 2145 illumi-

2201 2186 2398 2242 nando
2426 2188 2485 2242 et
2512 2184 2585 2240 ad
2617 2173 3041 2256 capessendam
3073 2180 3380 2237 veritatem
3411 2195 3526 2236 non
3559 2177 3644 2236 eis
3675 2179 3854 2237 duces

2199 2275 2496 2333 offerendo
2521 2289 2534 2330 :
2559 2289 2738 2346 quam
2763 2269 3038 2344 quisquis
3058 2270 3304 2343 adeptus
3335 2267 3532 2338 fuerit,
3563 2267 3854 2342 bonisque

2199 2365 2475 2439 operibus
2498 2361 2790 2430 claruerit,
2815 2361 2978 2418 solus
3006 2359 3134 2417 vitae
3163 2363 3390 2416 aeternae
3417 2357 3683 2414 bravium
3712 2375 3856 2431 prai-

2200 2455 2319 2512 mio
2367 2453 2712 2527 reportabit.
2743 2451 3053 2508 Enimvero
3099 2448 3305 2520 oratio,
3351 2465 3478 2522 quae
3527 2446 3728 2520 utique
3777 2447 3849 2505 ad

2197 2549 2524 2604 extremum
2574 2541 2851 2616 spiritum
2883 2541 3096 2597 durare
3142 2538 3334 2606 debet,
3367 2537 3679 2595 robustum
3719 2537 3851 2593 ani-

2197 2651 2358 2693 mum
2381 2638 2560 2706 atque
2581 2648 2854 2690 serenum
2877 2647 2892 2688 :
2911 2646 3084 2706 porro
3105 2627 3236 2684 vitaa
3259 2627 3404 2684 ratio
3426 2643 3493 2684 ac
3512 2625 3850 2700 disciplina,
3929 2623 3934 2628 ’

2195 2725 2439 2800 probam
2489 2727 2768 2794 mentem,
2818 2721 3091 2795 aequique
3136 2735 3206 2777 ac
3249 2716 3400 2790 justi
3453 2720 3744 2788 tenacem,
3793 2719 3852 2773 et

2193 2833 2324 2889 quae
2375 2815 2446 2870 ad
2502 2810 2702 2870 omnia
2755 2808 3073 2867 Salvatoris
3127 2809 3416 2880 praecepta
3470 2804 3844 2876 extendatur,

2191 2905 2466 2980 postulat.

2265 2996 2336 3051 II.
2362 2995 2533 3051 Forte
2563 2994 2760 3048 autem
2783 3005 2898 3046 non
2925 3004 3111 3044 unum
3135 2985 3276 3060 quid
3305 2982 3557 3056 simplex
3575 2985 3665 3040 est
3683 2981 3842 3056 quod
3901 3031 3904 3034 .

2193 3085 2350 3152 facit,
2377 3086 2443 3139 ut
2473 3079 2884 3154 opulentorum
2925 3076 3088 3133 salus
3117 3073 3416 3132 difﬁcilior
3441 3078 3723 3147 appareat
3749 3087 3844 3128 sa-

2193 3173 2316 3230 lute
2371 3187 2712 3245 egenorum,
2757 3168 2857 3224 sed
2911 3165 3126 3223 diversi
3175 3163 3408 3237 generis
3465 3161 3647 3234 hujus
3695 3159 3842 3216 ratio

2195 3261 2502 3320 exstiterit.
2559 3259 2670 3315 Alii
2727 3257 2884 3314 enim
2944 3255 3163 3312 auditis
3219 3252 3431 3326 raptim
3490 3257 3550 3308 et
3603 3250 3843 3322 perfun-

429 3341 526 3415 μὶν
559 3341 660 3419 γὰρ
692 3343 917 3408 αὐτόθεν
969 3345 1059 3399 καὶ
1107 3347 1422 3422 προχείρως
1473 3347 1796 3412 ἀκούσαντες
1845 3357 1944 3422 τῆς
1985 3356 2081 3408 τοῦ

2197 3351 2375 3409 ctorie
2414 3350 2534 3406 illis
2565 3348 2797 3406 Domini
2849 3345 3168 3402 Salvatoris
3213 3343 3457 3400 vocibus
3488 3359 3557 3398 :«
3587 3337 3842 3396 Facilius

423 3435 686 3506 Σωτῆρος
716 3440 922 3510 φωνῆς,
958 3433 1040 3489 ὅτι
1089 3459 1116 3490 (ι
1148 3435 1275 3512 ῥᾷον
1303 3436 1562 3510 κάμηλος
1592 3435 1682 3494 διὰ
1719 3442 2078 3517 τρυπήματος

415 3517 644 3598 ῥαφίδος
703 3518 1064 3596 διεκδύσεται,
1110 3525 1145 3595 ἢ
1196 3523 1466 3588 πλούσιος
1513 3525 1590 3589 εἷς
1651 3527 1752 3598 τήν
1797 3529 2078 3604 βασιλείαν

333 3642 351 3658 .
409 3613 518 3663 τῶν
553 3609 824 3683 οὐρανῶν,
858 3636 884 3662 ››
918 3613 1251 3688 ἀπογνόντες
1283 3614 1504 3678 ἑαυτοὺς
1555 3617 1629 3678 ὡς
1681 3619 1745 3672 οὐ
1803 3619 2079 3694 βιωσόμε-

411 3719 521 3768 νοι,
553 3704 633 3773 τῷ
662 3699 858 3775 κόσμῳ
906 3701 1080 3757 πάντα
1137 3705 1521 3780 χαριζόμενοι,
1553 3715 1642 3760 καὶ
1699 3713 1800 3777 τῆς
1853 3707 2082 3774 ἐνταῦθα

417 3792 561 3858 ζωῆς
623 3789 699 3853 ὡς
766 3791 942 3864 μόνης
1004 3791 1218 3856 ἑαυτοῖς
1280 3791 1752 3866 ὑπολειπομένης,
1813 3795 2082 3873 ἐκκρεμα-

415 3877 626 3940 σθέντες
678 3877 986 3950 ἀπέστησαν
1035 3879 1203 3937 πλέον
1237 3889 1340 3952 τῆς
1370 3881 1482 3938 ἐκεῖ
1513 3880 1665 3953 ὁδοῦ,
1715 3885 1914 3959 μηκέτι
1972 3909 2080 3944 πο-

415 3962 994 4044 λυπραγμονήσαντες,
1045 3972 1184 4043 μήτε
1258 3971 1410 4034 τίνας
1483 3971 1614 4036 τοὺς
1694 3971 1993 4038 πλουσίους
2051 3977 2080 4031 ὁ

402 4055 694 4130 -Δεσπότης
751 4058 840 4113 καὶ
901 4055 1229 4123 διδάσκαλος
1289 4061 1699 4138 προσαγορεύει,
1732 4066 1872 4138 μήτε
1928 4065 2078 4131 ὅπως

411 4145 474 4200 τὸ
531 4143 791 4202 ἀδύνατον
843 4146 896 4202 ἐν
937 4147 1212 4222 ἀνθρώπῳ
1242 4154 1361 4223 Θεῷ
1391 4152 1507 4225 (14)
1567 4150 1790 4208 δυνατὸν
1849 4153 2077 4226 γίνεται.

411 4233 613 4291 Ἀλλοι
672 4233 729 4291 δὲ
773 4241 935 4292 τοῦτο
994 4239 1089 4310 μὲν
1141 4239 1376 4311 συνῆκαν
1435 4241 1614 4317 ὀρθῶς
1644 4242 1733 4297 καὶ
1763 4247 2079 4320 προσηκόν-

407 4343 536 4398 τως,
568 4329 675 4379 τῶν
730 4322 788 4380 δὲ
840 4323 1008 4402 ἔργων
1061 4331 1170 4382 τῶν
1226 4327 1304 4391 εἷς
1334 4331 1435 4399 τήν
1469 4330 1745 4407 σωτηρίαν
1781 4333 2077 4412 ἀναφερόνο

406 4432 510 4466 των
563 4411 1031 4490 ὀλιγωρήσαντες,
1060 4415 1122 4471 ού
1172 4419 1642 4492 παρεσκευάσαντο
1690 4422 1790 4491 τήν
1852 4411 2074 4480 δέουσαν

404 4503 750 4576 παρασκευὴν
789 4502 865 4568 είς
895 4505 957 4558 τὸ
987 4509 1096 4560 τῶν
1126 4503 1506 4580 ἐλπιζομένων
1558 4514 1770 4584 τυχεῖν.
1805 4511 1965 4588 Λέγω
2023 4511 2081 4568 δὲ

409 4595 574 4646 ταῦτα
600 4592 830 4666 έκάτερα
860 4593 948 4649 ἐπὶ
995 4599 1105 4650 τῶν
1163 4593 1582 4662 πλουσίων,καὶ
1637 4604 1738 4668 τῆς
1799 4595 2078 4673 δυνάμεως

2187 3447 2278 3500 est
2306 3439 2594 3501 camelum
2622 3456 2726 3512 per
2771 3437 3034 3494 foramen
3065 3451 3206 3491 acus
3234 3433 3508 3504 transire,
3541 3447 3719 3504 quam
3752 3429 3840 3486 di-

2186 3531 2365 3588 vitem
2417 3531 2635 3585 intrare
2681 3527 2743 3582 in
2791 3542 3039 3599 regnum
3087 3523 3365 3580 ccelorum
3389 3522 3436 3596 ³,
3483 3542 3512 3572 »
3573 3519 3840 3576 animum

2189 3620 2622 3694 despondentes
2651 3615 2822 3689 quasi
2845 3615 3025 3672 vitam
3079 3613 3326 3669 minime
3356 3609 3755 3677 consecuturi,
3787 3611 3846 3664 et

2191 3716 2472 3782 tanquam
2525 3723 2783 3781 praesens
2813 3705 2936 3760 haec
2963 3703 3085 3759 vita
3125 3701 3250 3760 sola
3299 3701 3417 3758 illis
3465 3699 3694 3771 reliqua
3741 3697 3842 3768 sit,

2189 3799 2351 3856 illius
2383 3795 2674 3854 desiderio
2703 3794 3000 3868 suspensi,
3025 3792 3261 3866 longius
3293 3809 3328 3848 a
3357 3791 3449 3847 via
3479 3806 3606 3862 quae
3638 3789 3697 3844 in
3729 3803 3842 3843 cca-

2188 3889 2313 3945 lum
2346 3888 2527 3960 ducit,
2561 3886 2946 3953 diverterunt,
2979 3900 3052 3940 ne
3091 3881 3555 3956 pervestigantes
3599 3877 3840 3952 quidem

2189 3979 2462 4050 serieque
2493 3980 2809 4050 pensantes
2837 3989 3129 4048 quosnam
3159 3970 3446 4028 Dominus
3471 3973 3530 4025 et
3558 3967 3844 4040 magister

2189 4067 2446 4140 appellet
2488 4065 2718 4133 divites,
2748 4081 2814 4120 ac
2863 4079 2969 4120 nec
3015 4061 3312 4136 quomodo
3359 4057 3514 4132 apud
3568 4055 3840 4112 homines

2189 4156 2552 4230 impossibile
2575 4155 2688 4212 Deo
2720 4154 2799 4211 sit
2831 4152 3130 4226 possibile.
3151 4151 3265 4207 Alii
3285 4166 3438 4218 vero,
3463 4147 3572 4203 hoc
3603 4145 3841 4219 quidem

2191 4255 2342 4303 recte
2389 4245 2918 4315 convenienterque
2964 4239 3404 4306 intellexerunt;
3441 4235 3722 4309 neglectis
3750 4238 3838 4290 ta-

2189 4353 2323 4392 men
2355 4351 2483 4406 qua:
2513 4335 2586 4390 ad
2620 4333 2872 4390 salutem
2903 4333 3192 4403 spectant,
3222 4326 3522 4401 operibus,
3545 4328 3838 4398 quantum

2191 4441 2293 4497 par
2322 4426 2446 4480 erat
2484 4425 2832 4494 apparatum
2883 4435 2999 4474 non
3045 4418 3326 4487 iecerunt,
3362 4419 3428 4470 ut
3472 4430 3674 4470 eorum
3709 4429 3838 4486 quis

2186 4513 2248 4568 in
2298 4529 2402 4586 spe
2445 4511 2640 4584 posita
2685 4513 2843 4589 sunt,
2877 4510 3178 4580 compotes
3229 4505 3624 4562 efﬁcerentur.
3649 4503 3838 4560 Ambo

2190 4602 2310 4658 hinc
2343 4603 2497 4656 dicta
2529 4618 2560 4654 a
2594 4615 2682 4654 me
2722 4603 2863 4654 sunt
2893 4597 2962 4652 de
2996 4595 3300 4664 divitibus,
3335 4594 3556 4666 quibus
3584 4597 3724 4650 nota
3751 4596 3843 4650 est

405 4686 504 4737 τοῦ
557 4685 822 4756 Σωτῆρος
878 4685 967 4740 καὶ
1014 4692 1114 4756 τῆς
1167 4685 1460 4764 ἐπιφανοῦς
1529 4688 1800 4764 σωτηρίας
1831 4691 2070 4768 ᾐσθημέ-

2197 4696 2244 4748 et
2273 4691 2461 4747 virtus
2503 4687 2822 4744 Salvatoris
2853 4691 2911 4743 et
2942 4685 3194 4742 illustris
3241 4685 3436 4756 salus;
3468 4684 3540 4740 de
3571 4682 3704 4740 aliis
3734 4699 3840 4758 pa-

405 4793 515 4827 νων
553 4791 566 4805 ο
594 4775 703 4826 τῶν
739 4773 985 4844 ἀνοήτων
1015 4781 1115 4845 τῆς
1147 4773 1408 4847 ἀληθείας
1438 4773 1624 4852 ὀλίγον
1659 4799 1753 4852 μοι
1791 4779 1966 4854 μέλει.

483 4950 554 5006 Γ“.
572 4950 691 5027 Χρή
723 4951 906 5006 τοίνυν
937 4950 1068 5013 τοὺς
1099 4951 1429 5030 φιλαλήθως
1459 4951 1922 5035 καὶφιλαδέλφως
1936 4954 2075 5032 (δια-

413 5039 720 5112 κειμένους)
747 5041 837 5096 καὶ
868 5042 1007 5114 μήτε
1036 5043 1612 5118 καταθρασυνομένους
1656 5041 1910 5108 αὐθαδῶς
1965 5051 2073 5100 τῶν

411 5124 692 5184 πλουσίων
743 5127 986 5200 κλητῶν,
1024 5133 1165 5202 μήτε
1224 5129 1288 5186 αὗ
1331 5131 1496 5188 πάλιν
1528 5133 1933 5200 ὑποπίπτοντας
1973 5136 2076 5192 αὐ-

408 5221 526 5279 τοῖς
586 5215 675 5273 διὰ
742 5217 942 5300 οῖ’κείαν
1013 5217 1418 5298 φιλοκέρδειαν,
1461 5227 1680 5296 πρῶτον
1738 5223 1833 5298 μέν
1895 5225 2072 5280 αὐτῶν

410 5304 636 5382 ἐξαιρεῖν
661 5313 740 5380 τῶ
772 5307 923 5384 λόγῳ
953 5309 1050 5378 τὴν
1083 5311 1367 5388 κενήνίίὸ)
1387 5311 1720 5387 ἀπόγνωσιν,
1745 5313 1833 5369 καὶ
1864 5311 2072 5384 δηλοῦν

410 5396 546 5468 μετά
575 5404 673 5467 τῆς
705 5393 936 5468 δεούσης
970 5398 1278 5477 ἐξηγήσεως
1310 5404 1417 5455 τῶν
1452 5400 1657 5478 λογίων
1686 5403 1784 5456 τοῦ
1846 5403 2073 5477 Κυρίου,

406 5483 548 5542 διότι
583 5486 682 5542 οὐκ
711 5487 1081 5542 ἀποκέκοπται
1111 5487 1297 5544 τέλεον
1331 5489 1518 5556 αὖτοῖς
1543 5493 1579 5561 ἠ
1603 5489 1955 5566 κληρονομία
1971 5500 2073 5562 τῆς

475 5613 539 5677 ιι(
569 5607 631 5662 Ρ.
663 5607 770 5662 926
802 5606 910 5663 ED.
947 5606 1252 5664 POTTER.
1324 5610 1340 5644 ¹
1373 5609 1582 5667 Matth.
1615 5627 1778 5680 χχιιι,
1816 5615 1900 5668 l2.

629 5719 854 5808 multis
885 5721 1016 5808 χάρ.
1044 5723 1373 5796 Interponit
1405 5742 1541 5796 m.,
1567 5723 1734 5802 λέγω.
1765 5731 1932 5784 Εειιι..

490 5794 606 5867 (14)
637 5797 776 5867 Θεῷ.
813 5794 972 5852 Η.’ῐιι’
995 5811 1112 5856 ms.
1151 5794 1232 5852 in}
1526 5794 1533 5796 ⁷
1644 5794 1656 5802 ”
2001 5829 2013 5833 -

1979 5613 2000 5647 ³
2031 5613 2234 5670 Matth.
2270 5631 2386 5681 x1x,
2427 5615 2519 5670 24.

2187 4798 2319 4836 rum
2351 4796 2512 4844 curo,
2547 4778 2764 4851 quibus
2796 4779 2861 4832 ut
2891 4775 3308 4849 intelligerent,
3337 4773 3605 4834 veritatis
3637 4773 3842 4832 radius

2188 4887 2303 4927 non
2337 4868 2580 4926 affulsit.

2257 4958 2362 5015 III.
2385 4957 2562 5014 Decet
2581 4973 2717 5031 ergo
2741 4960 2806 5012 ut
2827 4955 2928 5030 qui
2950 4955 3212 5012 veritatis
3242 4955 3612 5027 fratrumque
3641 4967 3842 5010 amore

2185 5051 2524 5118 teneantur,
2551 5047 2768 5120 quippe
2795 5063 2899 5103 nec
2930 5045 3608 5120 petulanter'insurgunt
3648 5042 3709 5098 in
3749 5040 3839 5098 di-

2184 5139 2332 5194 vites
2381 5137 2482 5210 qui
2528 5135 2717 5192 vocati
2765 5139 2906 5192 sunt
2935 5135 2999 5209 (i.
3031 5151 3078 5192 θ.
3112 5132 3454 5205 Christiani)
3485 5145 3676 5203 neque
3705 5145 3840 5186 vero

2186 5227 2332 5284 lur-zi
2365 5227 2584 5300 proprii
2629 5243 2807 5282 causa
2839 5241 3074 5281 rursum
3123 5223 3243 5279 illis
3273 5224 3682 5290 assentantur;
3716 5219 3840 5292 pri-

2165 5319 2264 5372 "nn
2298 5336 2346 5372 ιιι
2381 5317 2620 5389 quidem
2655 5333 2723 5372 ex
2753 5331 2957 5372 eorum
2989 5313 3204 5370 animis
3235 5311 3395 5369 verbi
3427 5307 3840 5382 pradicatione

2185 5408 2445 5463 eximant
2476 5406 2712 5462 inanem
2754 5409 3009 5472 metum;
3043 5416 3420 5474 congruaque
3461 5395 3838 5456 oraculorum

2187 5495 2418 5552 Domini
2451 5495 2814 5583 expositione
2853 5492 3077 5582 liquido
3106 5490 3440 5562 ostendant,
3464 5488 3530 5558 ᾖ
3559 5505 3674 5586 προ
3695 5503 3839 5576 ὀμι-

2594 5613 2658 5677 ›Χ‹
2687 5615 2747 5668 Ρ.
2779 5613 2887 5667 927
2917 5611 3029 5667 ED.
3065 5609 3366 5667 POTTER.

2253 5729 2369 5802 (45)
2399 5729 2568 5800 Κενήν
2601 5727 2831 5801 Καινήν,
2862 5743 2973 5786 ms.
3004 5725 3171 5786 ΕΒΗ..
