4124 6422
300 455 410 512 607

1541 445 1952 506 CLEMENTIS
1988 445 2493 507 ALEXANDRINI

3618 444 3732 502 608

303 581 446 639 nino
477 578 751 653 repulsos
775 592 875 635 eos
910 575 981 631 ab
1011 572 1350 630 haereditate
1380 571 1544 646 regni
1574 570 1882 638 caelorum,
1914 568 1964 626 si

2082 567 2363 644 βασιλείας
2409 573 2517 627 τῶν
2565 569 2834 649 οὐρανῶν,
2866 570 2957 627 ἐὰν
3012 566 3364 627 ὑπακούσωσι
3411 571 3532 633 ταῖς
3580 564 3738 626 ἐντο-

303 672 479 728 modo
495 670 652 726 dicto
676 668 984 724 audientes
1005 664 1127 720 sint
1149 667 1213 719 ut
1229 662 1509 719 mandata
1530 657 1963 733 exsequantur}:

301 760 516 818 deinde
547 758 925 824 admoneant,
954 752 1161 809 timere
1213 768 1312 809 eos
1346 753 1445 808 ubi
1485 750 1688 807 nullus
1716 747 1967 806 timendi

302 850 492 916 locus,
521 862 739 919 eosque
764 845 865 918 qui
886 842 1092 915 velint,
1118 842 1436 900 Dominum
1459 840 1687 914 placide
1707 838 1968 911 suscipe-

297 955 396 996 re:
433 944 681 1008 tumque
714 936 787 991 ad
819 934 941 990 haec
976 934 1289 990 ostendere
1321 936 1379 988 et
1408 930 1783 988 institutione
1813 935 1966 984 cate-

302 1027 529 1084 chetica
551 1027 761 1081 docere
790 1041 892 1093 par
913 1022 1046 1090 erit,
1065 1039 1182 1094 qua
1206 1037 1417 1093 nempe
1439 1020 1662 1076 ratione
1683 1017 1968 1090 quibusve

303 1116 583 1189 operibus
614 1114 833 1186 pariter
876 1111 1300 1183 aﬂ'ectibusque
1333 1125 1469 1182 spes
1501 1108 1718 1177 alatur,
1741 1112 1807 1162 ut
1836 1122 1965 1178 quae

302 1222 409 1262 nec
439 1204 559 1261 illis
581 1203 824 1259 omnino
852 1206 1063 1273 negata
1093 1201 1195 1268 sit,
1221 1216 1329 1256 nec
1352 1215 1560 1255 rursus
1588 1203 1808 1253 temere
1841 1194 1969 1250 nul-

295 1295 475 1368 loque
524 1292 786 1350 hominis
838 1296 1054 1348 conatu
1103 1289 1398 1346 obveniat.
1431 1290 1537 1343 Sed
1588 1286 1747 1343 sicut
1792 1301 1856 1341 se
1902 1284 1965 1339 in

298 1383 542 1442 athletis
569 1399 664 1439 res
712 1380 894 1437 habet
920 1380 1011 1452 (ut
1041 1396 1220 1451 parva
1268 1382 1326 1435 et
1374 1374 1780 1448 corruptibilis
1828 1389 1963 1429 cum

300 1472 537 1545 magnis
556 1476 615 1528 et
630 1468 1181 1541 inoorruptihilibus
1194 1465 1615 1539 conferamus),
1632 1465 1714 1520 ita
1729 1478 1968 1536 quoque

301 1563 364 1621 in
397 1562 527 1634 ipso
555 1560 897 1632 contingere
928 1557 1145 1632 cogitet
1175 1557 1275 1630 qui
1327 1554 1526 1613 saeculi
1558 1554 1770 1628 Opibus
1803 1553 1966 1609 dives

301 1656 415 1709 est.
439 1650 667 1707 Etenim
699 1649 1035 1722 quicunque
1059 1648 1131 1704 de
1158 1647 1404 1705 victoria
1432 1650 1492 1703 et
1523 1660 1739 1703 corona
1758 1643 1966 1715 despe-

303 1740 541 1806 raverit,
563 1739 619 1796 is
650 1754 758 1795 nec
788 1736 1031 1794 omnino
1055 1740 1121 1792 ut
1150 1736 1210 1792 in
1241 1752 1478 1793 arenam
1501 1737 1842 1808 descendat,
1867 1754 1966 1794 no-

307 1846 442 1889 men
476 1828 732 1896 dederit;
778 1827 878 1899 qui
927 1842 1063 1883 vero
1095 1825 1248 1882 hanc
1296 1826 1421 1898 ipse
1473 1826 1715 1897 quidem
1765 1829 1966 1885 animo

2076 657 2220 724 λαῖς·
2255 661 2353 715 εἴθ’
2385 660 2873 735 ὑπομνημονεῦσαι
2903 661 3017 736 (16)
3048 661 3125 722 ὡς
3155 655 3309 721 ἀδεὲς
3339 655 3545 714 δεδίασι
3591 655 3736 731 δέος,

2074 748 2164 803 καὶ
2196 747 2280 805 δ’τι
2317 748 2695 826 βουλομένους
2728 748 2926 815 αὐτοὺς
2964 750 2993 805 6
3025 749 3225 824 Σωτὴρ
3274 745 3523 821 ἀσμένως
3579 746 3738 823 δέχε-

2073 857 2162 893 ται
2195 854 2208 868 ’
2239 837 2364 894 τότε
2391 838 2483 894 καὶ
2533 836 2948 911 προσδεικνύναι
2996 836 3087 892 καὶ
3150 840 3530 912 μυσταγωγεῖν
3585 835 3738 899 ὅπως

2073 924 2136 981 ἂν
2168 927 2259 981 καὶ
2292 924 2362 982 δι’
2394 925 2529 984 οἵων
2562 926 2734 1004 ἔργων
2751 948 2810 983 τε
2839 928 2931 981 καὶ
2965 924 3251 981 διαθέσεων
3281 923 3595 998 έπαίροιντο
3626 927 3741 1000 (17)

2072 1013 2140 1069 τὰ
2166 1020 2270 1084 τῆς
2302 1012 2546 1089 ἐλπίδος,
2571 1016 2647 1078 ὡς
2681 1012 2794 1071 οὔτ’
2824 1011 3123 1090 ἀμηχάνου
3152 1014 3502 1083 καθεστώσης
3535 1012 3741 1086 αὐτοῖς,

2076 1102 2201 1161 οὔτε
2219 1105 2529 1162 τούναντίον
2557 1105 2677 1175 εἰκῆ
2719 1105 3152 1182 περιγινομένης
3185 1123 3194 1133 ·
3224 1102 3354 1160 ἀλλ’
3397 1102 3562 1178 ὅνπερ
3610 1104 3740 1178 τρό-

2074 1216 2176 1252 πον
2233 1191 2350 1272 ἔχει
2410 1196 2475 1251 τὸ
2528 1200 2639 1251 τῶν
2670 1192 3077 1266 ἀθλητῶν,⁹ίνα
3130 1194 3303 1268 μικρά
3355 1192 3447 1249 καὶ
3504 1192 3743 1269 ἐπίκηρα

2080 1283 2341 1362 μεγάλοις
2373 1284 2464 1341 καὶ
2496 1284 2793 1361 ἀφθάρτοις
2847 1278 3282 1359 παραϐάλωμεν,
3312 1280 3466 1337 τουτὶ
3518 1282 3608 1337 καὶ
3658 1273 3741 1362 ἐφ’

2076 1378 2251 1451 ἑαυτῷ
2283 1379 2311 1433 6
2342 1377 2480 1433 κατὰ
2535 1377 2741 1452 κόσμον
2798 1374 3057 1432 πλουτῶν
3108 1374 3435 1451 λογιζέσθω.
3468 1375 3573 1432 Καὶ
3632 1373 3739 1451 γὰρ

2074 1466 2294 1524 ἐκείνων
2354 1469 2383 1523 6
2427 1468 2523 1541 μὶν
2573 1466 2658 1523 ὅτι
2743 1464 3029 1537 δυνήσεται
3079 1470 3253 1538 νικᾷν,
3311 1463 3402 1520 καὶ
3459 1465 3739 1539 στεφάνων

2075 1557 2367 1635 τυγχάνειν
2437 1556 2766 1627 ἀπελπίσας,
2813 1553 2935 1612 οὐδ’
2979 1554 3129 1619 ὅλως
3204 1554 3294 1611 ἐπὶ
3348 1568 3449 1624 την
3505 1552 3742 1626 ἄθλησιν

2074 1647 2423 1725 ἀπεγράψατο
2456 1667 2469 1680 ⁸
2504 1648 2533 1703 6
2582 1644 2641 1703 δὶ
2684 1646 2888 1718 ταύτην
2951 1646 3048 1721 μὲν
3082 1640 3465 1720 ἐμϐαλόμενος
3492 1647 3563 1719 τῇ
3591 1644 3737 1721 γνώ-

2079 1760 2156 1814 μῃ
2204 1738 2304 1808 τὴν
2355 1734 2580 1811 ἐλπίδα,
2609 1737 2807 1799 πόνους
2837 1733 2896 1792 δὲ
2918 1734 3010 1791 καὶ
3064 1736 3273 1812 τροφὰς
3317 1734 3410 1789 καὶ
3464 1734 3743 1809 γυμνάσια

2079 1828 2157 1902 μὴ
2199 1826 2561 1905 προσιέμενος
2613 1825 2982 1904 προσφόρους,
3013 1825 3391 1900 ἀστεφάνωτος
3449 1820 3742 1901 διεγένετο,

306 1935 472 1992 spem
505 1918 857 1988 conceperit,
889 1916 1121 1973 labores
1151 1920 1349 1972 tamen
1381 1918 1437 1971 et
1466 1916 1630 1973 cibos
1658 1920 1718 1973 et
1746 1918 1967 1973 exerci-

2076 1917 2165 1973 καὶ
2194 1914 2465 2012 δΔιήΔμαρτε
2487 1919 2596 1972 τῶν
2632 1912 2895 2012 ἐλπίδων.
2927 1915 3088 1973 Οὕτω
3115 1935 3201 1976 τις
3230 1912 3322 1968 καὶ
3351 1914 3452 1983 τὴν
3491 1912 3740 1988 ἐπίγειον

303 2010 559 2066 tatioues
590 2007 649 2062 in
677 2022 803 2062 eam
831 2022 951 2061 rem
983 2022 1277 2078 congruas
1308 2021 1423 2061 non
1448 2005 1733 2077 admittit,
1750 2022 1966 2064 corona

308 2099 630 2155 in'donatus
658 2101 874 2165 manet,
893 2111 961 2151 ac
990 2111 1127 2167 spes
1148 2093 1314 2149 illum
1346 2095 1633 2151 frustrata
1651 2101 1759 2159 est.
1794 2097 1888 2153 Sic
1908 2101 1967 2154 et

309 2187 581 2261 quisquis
610 2183 861 2241 terrenis
910 2183 1122 2256 opibus
1170 2184 1381 2253 afﬂuit,
1413 2187 1615 2241 caveat
1644 2199 1717 2241 ne
1746 2203 1810 2243 se
1837 2186 1966 2260 ipse

310 2278 571 2352 primum
604 2293 636 2331 a
665 2275 984 2331 Salvatoris
1015 2272 1438 2329 certaminibus
1468 2274 1845 2348 praemiisque
1874 2294 1967 2333 ex-

309 2367 541 2424 clusum
574 2365 775 2431 ducat,
803 2363 976 2419 modo
1015 2361 1208 2418 ﬁdelis
1238 2362 1506 2432 exsistat,
1526 2380 1593 2420 ao
1624 2364 1833 2420 divinis
1867 2365 1966 2422 bo-

310 2455 515 2512 nitatis
548 2451 1020 2527 magnitudinem
1072 2450 1397 2523 intelligat;
1430 2468 1535 2509 nec
1567 2469 1778 2509 rursus
1807 2454 1969 2510 nulla

308 2544 724 2603 exercitatione
755 2540 1038 2613 nulloque
1068 2541 1387 2597 certamine
1415 2541 1623 2611 posito,
1655 2543 1805 2598 citra
1834 2544 1969 2616 pul-

309 2650 505 2692 verem
535 2638 715 2705 atque
735 2632 1008 2687 sudorem
1038 2629 1506 2687 immortalitatis
1536 2647 1599 2687 se
1631 2647 1847 2688 corona
1870 2634 1969 2689 do-

311 2723 575 2781 nandum
607 2725 828 2793 speret,
851 2719 955 2775 sed
987 2735 1050 2775 se
1070 2719 1262 2775 Verbo
1283 2720 1477 2777 tradat
1505 2737 1571 2777 ac
1601 2721 1813 2778 rationi
1843 2726 1971 2778 tan-

311 2827 494 2886 quam
528 2810 813 2882 palaestraa
857 2809 1161 2880 magistro,
1195 2807 1545 2881 Christoque
1576 2812 1966 2867 certaminum

307 2900 546 2977 prasidi
578 2898 877 2971 subjiciat.
910 2897 1091 2954 Cibus
1132 2896 1219 2951 illi
1267 2913 1334 2953 ac
1369 2903 1545 2970 potus
1576 2900 1966 2971 praestitutus,

310 2991 534 3048 Novum
559 2988 792 3047 Domini
815 2989 1293 3055 Testamentum;
1314 2988 1789 3059 exercitamenta,
1806 3006 1971 3046 man-

309 3081 476 3149 data;
511 3082 754 3136 ornatus
785 3094 852 3134 ac
893 3076 1111 3143 cultus,
1135 3077 1297 3132 bona:
1330 3076 1510 3133 animi
1542 3078 1878 3135 affectiones
1902 3097 1970 3137 ac

309 3170 511 3238 dotes;
545 3168 712 3236 fides,
747 3183 905 3239 spes,
937 3164 1220 3231 charitas,
1248 3166 1367 3221 veri
1398 3168 1654 3239 cognitio
1678 3167 1970 3241 [benigni-

306 3259 443 3331 tas],
494 3256 730 3324 lenitas,
777 3256 1207 3322 misericordia,
1256 3255 1528 3325 castitas;
1564 3262 1631 3313 ut
1679 3274 1812 3313 cum
1862 3275 1966 3314 no-

2074 2002 2553 2081 περιϐεϐλημένος
2593 1999 2925 2082 περιϐολὴν,
2962 2006 3103 2078 μήτε
3148 2003 3251 2072 τὴν
3305 2002 3486 2079 ἀρχὴν
3546 2002 3737 2058 ἑαυτὸν

2076 2094 2259 2152 ἄθλων
2289 2100 2399 2153 τῶν
2433 2102 2696 2171 Σωτῆρος
2729 2094 3133 2171 έκκηρυσσέτω,
3165 2092 3359 2155 πιστός
3402 2113 3466 2168 γε
3513 2089 3613 2163 ὢν,
3643 2092 3735 2147 καὶ

2066 2187 2138 2261 ,τὸ
2172 2183 2459 2262 μεγαλεῖον
2498 2188 2741 2261 συνορῶν
2770 2190 2874 2253 τῆς
2921 2186 3024 2239 τοῦ
3074 2185 3209 2238 Θεοῦ
3270 2179 3691 2260 φιλανθρωπίας
3722 2199 3736 2213 ·

2079 2278 2220 2349 μήτε
2252 2276 2360 2349 μὴν
2389 2273 2542 2340 αὖθις
2593 2272 2898 2344 ἀνάσκητος
2950 2271 3040 2327 καὶ
3098 2270 3463 2345 ἀναγώνιστος
3526 2270 3740 2345 μείνας,

2077 2364 2285 2421 ἀκονιτὶ
2330 2361 2627 2439 κάνιδρωτὶ
2657 2366 2765 2417 τῶν
2796 2361 3071 2439 στεφάνων
3101 2366 3203 2429 τῆς
3244 2357 3544 2438 ἀφθαρσίας
3576 2358 3740 2415 ἔλπι-

2080 2454 2214 2525 ζέτω
2250 2448 2578 2528 μεταλαϐεῖν
2614 2472 2626 2483 ·
2661 2448 2789 2507 ἀλλ’
2822 2449 2981 2506 αὐτὸν
3014 2444 3341 2506 ὑποϐαλέτω
3373 2450 3553 2526 φέρων
3602 2469 3743 2523 γυμ-

2075 2547 2245 2619 ναστῇ
2277 2546 2385 2616 (18)
2423 2543 2518 2616 μὲν
2545 2546 2624 2615 τῷ
2656 2540 2843 2616 Λόγῳ,
2876 2539 3185 2617 ἀγωνοθέτῃ
3232 2536 3289 2594 δὶ
3330 2542 3410 2611 τῷ
3460 2541 3679 2613 Χριστῷ
3712 2556 3729 2572 ⁸

2075 2634 2253 2711 τροφὴ
2287 2629 2346 2687 δὲ
2375 2631 2523 2704 αὖτῷ
2551 2631 2643 2686 καὶ
2672 2631 2840 2685 ποτὸν
2869 2628 3104 2704 γενέσθω
3128 2626 3450 2705 τεταγμένον
3482 2629 3519 2698 ἡ
3564 2627 3737 2697 Καινὴ

2078 2724 2323 2794 Διαθήκη
2380 2725 2478 2777 τοῦ
2531 2719 2778 2797 Κυρίου’
2811 2720 3080 2797 γυμνάσια
3139 2715 3197 2773 δε
3250 2715 3494 2787 ἐντολαὶ,
3538 2715 3741 2793 εὔσχη-

2082 2811 2292 2886 μοσύνη
2344 2807 2402 2865 δὲ
2455 2809 2548 2865 καὶ
2597 2808 2806 2883 κόσμος
2862 2808 2918 2863 αἱ
2974 2805 3141 2863 καλαὶ
3191 2804 3479 2878 διαθέσεις,
3528 2806 3740 2882 ἀγάπη,

2077 2901 2285 2973 πίστις,
2317 2898 2497 2969 ἐλπὶς,
2523 2901 2726 2974 γνῶσις
2780 2896 3067 2967 ἀληθείας,
3104 2894 3433 2970 [ἑπιείκειαδ
3464 2895 3742 2971 πραότης,

2079 2988 2476 3065 εὖσπλαγχνία,
2532 2986 2823 3062 σεμνότης,
2877 2984 2987 3059 ἵνα,
3020 2982 3146 3041 ὅταν
3206 2982 3413 3061 ἐσχάτῃ
3470 2982 3740 3062 σάλπιγγι

2083 3080 2422 3154 ὑποσημήνῃ
2468 3080 2565 3132 τοῦ
2623 3074 2835 3152 δρόμου
2876 3073 2967 3131 καὶ
3006 3081 3105 3145 τῆς
3131 3072 3370 3131 ἐντεῦθεν
3401 3072 3612 3146 ἐξόδου,
3644 3093 3744 3130 κα-

2080 3168 2249 3246 θάπερ
2281 3168 2341 3223 ἑκ
2372 3163 2595 3222 σταδίου
2636 3169 2736 3221 τοῦ
2790 3165 2916 3239 βίου
2952 3165 3069 3238 μετ’
3097 3164 3307 3240 ἀγαθοῦ
3350 3164 3449 3219 τοῦ
3497 3161 3743 3220 συνειδό-

2081 3279 2177 3320 τος
2206 3261 2285 3329 τῷ
2315 3254 2586 3329 ἀθλοθέτῃ
2619 3256 2870 3329 παρακτῇ
2929 3252 3247 3331 νικηφόρος,
3283 3251 3746 3329 ὡμολογημένως

307 3347 556 3405 vissima
585 3346 729 3402 tuba
759 3345 1003 3401 ineundi
1032 3361 1245 3400 cursus
1270 3344 1504 3418 signum
1538 3346 1768 3403 dederit
1794 3352 1967 3421 atque

2080 3354 2182 3417 τῆς
2235 3344 2345 3402 ἄνω
2394 3342 2657 3422 πατρίδος
2713 3341 2884 3414 ἄξιος,
2915 3342 2991 3406 είς
3022 3345 3087 3414 ἢν
3126 3343 3262 3417 μετά
3317 3341 3592 3422 στεφάνων
3651 3343 3746 3399 καὶ

306 3436 444 3493 hinc
474 3434 805 3508 emigrandi
840 3432 1001 3490 velut
1050 3432 1304 3505 stadio‘,
1336 3450 1407 3490 ex
1437 3433 1671 3490 mortali
1704 3436 1814 3492 hac
1835 3438 1967 3507 vita,

2083 3435 2456 3513 κηρυγμάτων
2490 3431 2800 3509 ἀγγελικῶν
2834 3431 3217 3508 ἐπανέρχεται.

306 3526 463 3582 bona
507 3525 696 3580 fretus
743 3522 1129 3590 conscientia,
1177 3522 1568 3578 certaminum
1621 3527 1855 3597 praesidi
1907 3530 2097 3587 victor
2145 3531 2560 3601 praesentetur,
2624 3524 2852 3581 caelesti
2906 3524 3101 3597 palam
3150 3524 3368 3597 dignus
3416 3524 3629 3597 patria,
3682 3524 3746 3581 in

307 3630 485 3688 quam
517 3613 771 3680 coronis,
804 3611 1268 3684 angelorumque
1295 3613 1583 3683 praeconio
1616 3630 1682 3670 ac
1715 3615 1926 3687 plausu
1956 3620 2213 3677 donatus
2243 3616 2570 3673 revertitur.
3794 3602 3807 3615 ’

371 3704 529 3761 886
542 3701 635 3759 IV.
649 3699 953 3774 Detigitur
964 3699 1134 3756 nobis
1148 3698 1659 3771 Salvator,uthinc
1672 3705 1967 3765 ordientes

2153 3712 2226 3764 A’.
2260 3701 2391 3774 Δοίη
2448 3700 2631 3757 τοίνυν
2690 3703 2827 3775 ἡμῖν
2877 3701 2907 3756 6
2952 3700 3172 3776 Σωτὴρ,
3204 3698 3443 3765 έντεῦθεν
3503 3700 3745 3777 ἀρξαμέ-

307 3806 811 3858 sermonem,vera
833 3794 893 3846 et
912 3789 1339 3861 convenientia,
1354 3807 1603 3863 quisque
1622 3794 1696 3850 ad
1720 3794 1967 3853 fratrum

2080 3815 2199 3860 νοις
2237 3797 2336 3850 τοῦ
2367 3791 2565 3868 λόγου,
2593 3788 2810 3863 τάληθῆ
2843 3790 2931 3847 καὶ
2961 3790 3030 3846 τὰ
3056 3791 3339 3866 πρέποντα
3364 3789 3458 3846 καὶ
3506 3791 3575 3847 τὰ
3633 3812 3744 3847 σω-

252 3962 267 3970 ,
307 3881 568 3939 salutem
593 3879 839 3944 faciunt,
866 3879 1271 3947 conferamus;
1308 3879 1563 3951 primum
1586 3882 1659 3938 de
1683 3900 1788 3955 spe
1819 3885 1967 3958 ipsa,

2076 3887 2247 3960 τήρια
2277 3877 2653 3956 συμϐαλέσθαι
2680 3886 2801 3970 τοῖς
2832 3878 3114 3970 ἀδελφοῖς,
3145 3878 3284 3957 πρός
3319 3900 3381 3936 τε
3427 3880 3557 3970 τὴν-
3586 3878 3744 3970 niui-

310 3969 524 4028 deinde
552 3968 627 4025 iis
658 3984 790 4040 quae
813 3967 885 4023 ad
922 3983 1085 4041 spem
1106 3968 1465 4024 conducunt.
1493 3968 1597 4025 Ille
1620 3973 1857 4043 quidem
1881 3974 1967 4029 in-

2082 3971 2151 4030 δα
2178 3976 2397 4049 πρῶτον
2431 3970 2619 4041 αὐτὴν,
2650 3968 2743 4025 καὶ
2780 3967 3030 4045 δεύτερον
3064 3970 3203 4047 πρὸς
3230 3970 3332 4040 τήν
3361 3972 3463 4036 τῆς
3519 3967 3744 4033 ἐλπίδος

311 4058 657 4132 digentibus
678 4056 949 4129 largitur,
977 4057 1267 4129 docetque
1291 4062 1587 4130 rogantes,
1611 4077 1783 4133 porro
1806 4063 1967 4136 igno-

2079 4062 2476 4139 προσαγωγήν.
2506 4060 2568 4118 Ὀ
2601 4056 2669 4129 δὴ
2701 4055 3307 4135 χαρίζεταιδεομένοις,
3336 4058 3433 4115 καὶ
3461 4057 3746 4124 αἰτοῦντας

312 4148 563 4206 rantiam
612 4145 805 4218 solvit,
834 4151 1013 4219 atque
1048 4147 1520 4219 desperationem
1560 4151 1809 4207 excutit:
1845 4168 1967 4209 eos-

2082 4150 2324 4209 διδάσκει
2357 4168 2371 4183 ⁸
2406 4148 2526 4205 λύει
2582 4169 2643 4204 τε
2700 4150 2800 4220 τήν
2850 4146 3095 4224 ἄγνοιαν,
3126 4150 3216 4204 καὶ
3270 4150 3371 4218 τὴν
3429 4147 3744 4225 ἀπόγνωσιν

313 4241 449 4296 dem
475 4253 682 4295 rursus
700 4237 772 4292 de
788 4236 1073 4292 divitibus
1091 4251 1393 4294 sermones
1413 4236 1724 4306 inducens,
1739 4241 1840 4313 qui
1861 4241 1967 4313 ipsi

2081 4240 2413 4313 ἀποσείεται,
2445 4238 2575 4301 τοὺς
2606 4236 2805 4301 αὐτοὺς
2853 4237 3020 4294 πάλιν
3081 4235 3314 4314 εἷ’σάγων
3362 4237 3562 4314 λόγους
3617 4235 3745 4312 περὶ

316 4327 1021 4400 seipsosinterpretantur
1039 4329 1289 4399 tutoque
1306 4331 1623 4399 exponant.
1643 4328 1801 4386 Nihil
1815 4331 1967 4388 enim

2079 4336 2189 4388 τῶν
2221 4328 2505 4386 πλουσίων
2534 4326 2737 4383 ἑαυτῶν
2766 4327 3040 4404 ἑρμηνέας
3098 4326 3423 4403 γινομένους
3479 4327 3570 4383 καὶ
3617 4325 3747 4399 ἔξη-

316 4418 402 4475 sic
413 4417 605 4489 juvat,
624 4432 691 4472 ac
725 4415 853 4489 ipsa
875 4430 1083 4471 rursus
1107 4415 1311 4472 audire
1330 4415 1664 4490 verba,qusa
1693 4418 1754 4474 in
1786 4423 1967 4477 Evan-

2082 4421 2254 4499 γητᾶς
2287 4420 2565 4498 ἀσφαλεῖς.
2596 4413 2768 4476 Οὗδὶν
2819 4418 2925 4494 γὰρ
2972 4417 3087 4472 οἷον
3137 4414 3314 4472 αὐτῶν
3368 4414 3518 4478 αὖθις
3575 4416 3747 4470 ἀκοῦ-

317 4505 467 4581 gelis
495 4504 775 4578 exposita,
799 4519 906 4560 nec
929 4503 1095 4575 justo
1119 4505 1266 4562 satis
1291 4504 1563 4563 examine
1582 4510 1758 4580 atque
1779 4524 1967 4569 errore

2084 4531 2171 4566 σαι
2201 4513 2309 4566 τῶν
2342 4508 2543 4586 ῥητῶν,
2578 4506 2713 4583 ἅπερ
2765 4505 2907 4581 ὑμᾶς
2947 4504 2998 4561 ἰν
3044 4509 3163 4569 τοῖς
3210 4502 3570 4582 Εὐαγγελίοις
3611 4501 3745 4580 ἄχρι

316 4594 689 4653 auditoribus
736 4607 855 4665 pra
886 4591 1141 4649 infantia
1169 4593 1384 4651 mentis
1423 4599 1664 4670 accepta
1693 4596 1967 4658 hactenus

2082 4603 2174 4655 νῦν
2227 4596 2590 4674 διετάρασσεν,
2658 4589 3036 4660 ἀϐασανίστως
3110 4592 3203 4650 καὶ
3278 4590 3745 4669 διημαρτημένως

311 4702 416 4741 vos
461 4682 910 4741 conturbarunt.
935 4702 965 4732 ‹‹
993 4681 1061 4738 Et
1090 4698 1225 4738 cum
1255 4683 1440 4740 exiret
1485 4684 1545 4740 in
1594 4685 1770 4757 viam,
1803 4704 1967 4746 acce-

2085 4688 2191 4746 ὑπὸ
2219 4686 2557 4761 νηπιότητος
2606 4685 2998 4762 ἀκροωμένους
3027 4702 3041 4715 ·
3078 4707 3100 4736 ι
3136 4681 3590 4758 Ἐκπορευομένῳ
3645 4680 3743 4738 αὖ·

315 4775 463 4833 dens
494 4771 739 4845 quidam
769 4784 925 4843 genu
956 4770 1249 4839 ﬂectebat,
1281 4772 1483 4830 dicens
1515 4789 1530 4831 :
1564 4773 1841 4849 Magister
1870 4778 1967 4837 bo-

2082 4781 2164 4853 τῷ
2193 4777 2270 4841 εἷς
2300 4774 2425 4834 ὁδὸν
2456 4771 2777 4852 προσελθών
2808 4793 2894 4836 τις
2952 4771 3284 4849 ὶγονυπὲτει,
3316 4768 3494 4848 λέγων
3530 4790 3542 4804 ·
3578 4768 3744 4827 Διδά-

317 4880 410 4934 ne,
434 4860 579 4936 quid
624 4859 835 4918 faciam
867 4862 935 4916 ut
959 4865 1025 4932 ἦ(
1051 4859 1227 4917 vitam
1277 4863 1554 4919 eternam
1603 4864 1967 4937 possideam‘l

2083 4866 2252 4925 σκαλε
2307 4865 2492 4942 ἀγαθὶ,
2523 4863 2578 4919 τί
2635 4862 2837 4938 ἀγαθὸν
2895 4863 3140 4933 ποιήσω,
3185 4857 3278 4916 ἵνα
3327 4861 3473 4931 ζωὴν
3522 4860 3740 4917 αἰώνιον

312 4953 486 5011 Jesus
517 4954 715 5009 autem
748 4951 831 5007 ait
863 4967 878 5008 :
909 4948 1059 5015 Quid
1092 4964 1188 5005 me
1211 4949 1362 5006 dicis
1385 4949 1651 5011 bonum?
1679 4971 1849 5013 nemo
1871 4957 1967 5015 bo-

2083 4955 2501 5032 κληρονομήσω
2526 4974 2541 5025 ;
2573 4953 2635 5011 Ὀ
2662 4949 2721 5008 δὲ
2750 4953 2964 5024 Ἰησοῦς
2987 4948 3137 5029 λέγει
3160 4968 3175 4984 ’
3207 4950 3270 5006 Τί
3300 4972 3369 5026 με
3399 4947 3581 5027 λέγεις
3611 4951 3743 5029 ἀγα-

314 5046 431 5100 ιιιιε
452 5040 568 5098 nisi
591 5057 771 5111 unus,
796 5043 971 5096 Deus.
998 5037 1292 5111 Praecpta
1313 5040 1466 5097 nosti
1495 5057 1508 5097 :
1542 5042 1625 5101 Ne
1657 5043 1967 5120 adulteros,

2084 5046 2215 5116 θόν;
2248 5040 2429 5108 οὐδεὶς
2486 5041 2693 5119 ἀγαθὸς
2740 5039 2790 5097 εἷ
2839 5041 2917 5115 μὴ
2966 5041 3063 5110 εἷς,
3097 5040 3126 5095 6
3175 5040 3325 5105 Θεός.
3358 5040 3471 5104 Τὰς
3519 5038 3749 5106 ἐντολὰς

314 5149 387 5190 ne
407 5130 667 5200 occidas,
692 5145 767 5186 ne
789 5127 1023 5196 fureris,
1046 5143 1121 5184 ne
1141 5126 1357 5185 falsum
1381 5131 1795 5191 testimonium
1816 5136 1967 5196 dixe-

2087 5132 2239 5199 οἶδας
2262 5153 2275 5166 ·
2308 5134 2402 5203 Μὴ
2442 5130 2767 5208 μοιχεύσῃς,
2820 5130 2898 5205 μὴ
2949 5127 3238 5208 φονεύσῃς,
3274 5129 3352 5203 μὴ
3403 5123 3631 5204 κλέψῃς,
3666 5130 3745 5204 μὴ

311 5222 418 5293 ris,
448 5237 521 5279 ne
571 5219 839 5279 fraudem
884 5217 1114 5292 feceris,
1145 5217 1371 5277 honora
1420 5225 1647 5295 patrem
1697 5228 1871 5283 tuum
1919 5231 1967 5286 e1

2088 5221 2642 5302 ψευδομαρτυρήσῃς,
2679 5221 2755 5295 μὴ
2790 5219 3190 5294 ἀποστερήσῃς,
3219 5216 3355 5293 τίμα
3391 5220 3484 5275 τὸν
3540 5215 3751 5293 πατέρα

313 5316 559 5383 matrem
581 5313 770 5367 tuam.
791 5309 868 5366 At
894 5306 993 5365 ille
1023 5310 1409 5384 respondens,
1434 5311 1513 5370 ait
1540 5311 1629 5371 illi
1653 5329 1667 5372 :
1691 5318 1825 5374 Haec
1846 5331 1967 5376 om-

2087 5313 2179 5371 καὶ
2226 5313 2327 5383 τὴν
2387 5308 2618 5390 μητέρα.
2645 5310 2703 5365 Ὀ
2734 5306 2794 5365 δὲ
2822 5305 3139 5386 ἀποκριθεὶς
3169 5303 3317 5387 λῑγει
3372 5307 3521 5381 αὐτῷ
3553 5326 3567 5339 ·
3602 5307 3750 5364 Πάν-

383 5486 450 5553 ιι(
475 5486 544 5544 P.
572 5481 683 5539 928
712 5480 829 5552 ΕΒ.
858 5481 1167 5542 POTTER.
1247 5486 1266 5524 ί
1296 5487 1320 5543 Ῑ
1347 5487 1479 5545 Cor.
1512 5503 1593 5557 Ix,
1622 5488 1713 5544 24.

383 5652 502 5727 (16)

320 5723 503 5870 illa?)
561 5795 930 5877 ⁹Επαίροιντο.
991 5795 1318 5876 Ἐπαίροντο
1368 5803 1496 5874 τῆς,
1555 5817 1671 5864 ωδ,
1731 5803 1816 5863 In,

585 5652 1098 5729 Ὑπομνημονεῦσαι
1132 5697 1145 5712 .
1235 5654 1723 5732 Ὑποκαυμάτωσιν
1759 5701 1771 5716 .
1858 5675 1967 5718 ms.

2158 5657 2273 5732 (18)
2302 5654 2671 5737 Ῑξυμναστικῇ.
2718 5650 3139 5737 Prmcedentia,
3193 5666 3302 5737 nec
3340 5655 3568 5737 που-οε
3614 5668 3747 5727 quas

2086 5726 2425 5806 seciuuntu‘r
2452 5728 2526 5787 ad
2556 5726 2681 5787 rein
2711 5726 3105 5801 agonisticam
3134 5726 3428 5798 spectant.
3457 5728 3624 5785 Fm.
