4124 6418
407 437 515 496 609

1569 443 1781 498 LIBER
1818 443 1985 507 QUIS
2020 442 2237 498 DIVES
2272 443 2675 498 SALVETUR.

3730 442 3844 520 οιο

404 584 472 620 τα
517 565 687 617 ταῦτα
725 559 980 638 ἐφύλαξα.
1010 566 1069 619 ⁸0
1122 559 1179 618 δὲ
1207 565 1417 634 Ἰησοῦς
1471 557 1754 638 ἐμϐλέψας
1785 563 2066 640 ἠγάπησεν

2206 563 2279 620 lia
2305 564 2626 621 observavi.
2657 564 2831 620 Jesus
2875 568 3095 631 autem,
3155 563 3407 621 intuitus
3467 582 3601 622 eum
3635 567 3841 623 dilexit

405 651 568 708 αὐτὸν
623 652 712 706 καὶ
777 652 920 706 εἶπεν
949 669 961 684 '
994 653 1089 706 Ἓν
1124 673 1207 707 σοι
1245 653 1456 728 ὑστερεῖ
1491 673 1503 685 ·
1539 654 1584 708 εἱ
1636 651 1815 715 θέλεις
1859 651 2073 714 τέλειος

407 742 564 811 εἶναι,
597 739 862 812 πώλησον
913 740 1014 796 ὅσα
1071 736 1240 817 ἔχεις,
1272 743 1362 798 καὶ
1422 740 1606 807 διάδος
1656 747 1931 817 πτωχοῖς,
1979 740 2072 797 καὶ

406 829 542 903 ἕξεις
573 832 848 905 θησαυρὸν
879 829 931 886 ἐν
966 833 1183 906 οὐρανῷ
1217 851 1231 868 ’
1259 833 1350 887 καὶ
1403 830 1581 907 δεῦρο,
1608 831 1899 888 ἀκολούθει
1954 851 2071 905 μοι.

410 923 474 980 Ὁ
504 919 582 990 δὶ,
615 920 912 997 στυγνάσας
943 920 1032 976 ἐπὶ
1079 925 1159 994 τῷ
1216 916 1390 998 λόγῳ,
1423 920 1638 992 ἀπῆλθε
1677 920 2024 994 λυπούμενος
2056 928 2072 943 ⁹

413 1013 482 1082 ἦν
521 1010 623 1086 γὰρ
673 1009 966 1079 πλούσιος,
1001 1006 1145 1086 ἔχων
1191 1014 1444 1084 κτήματα
1487 1009 1693 1067 πολλά.
1729 1005 2070 1084 Περιϐλεψά-

416 1120 574 1172 μενος
621 1096 680 1154 δὶ
728 1101 757 1154 6
787 1101 998 1170 Ἰησοῦς
1053 1098 1201 1174 λέγει
1227 1106 1346 1163 τοῖς
1383 1106 1652 1174 μαθηταῖς
1697 1101 1866 1155 αὐτοῦ
1898 1119 1911 1134 ο
1945 1101 2072 1162 Πῶς

413 1186 696 1252 δυσκόΛως
755 1190 808 1243 οἱ
856 1190 925 1244 τὰ
971 1191 1238 1264 χρήματα
1282 1187 1506 1265 ἔχοντες
1535 1187 1932 1245 εἰσελεύσονται
1991 1187 2070 1250 εἴς

410 1279 513 1348 τήν
548 1276 828 1353 βασιλείαν
857 1283 955 1334 τοῦ
1003 1282 1174 1336 Θεοῦί
1209 1281 1277 1338 Οἱ
1326 1277 1384 1334 δὲ
1445 1278 1679 1352 μαθηταὶ
1729 1273 2072 1352 ἐθαμϐοῦντο

414 1367 502 1423 ἐπὶ
539 1373 659 1433 τοῖς
702 1366 891 1444 λόγοις
926 1368 1111 1423 αὐτοῦ.
1147 1367 1321 1424 Πάλιν
1353 1367 1411 1424 δὲ
1441 1369 1469 1424 6
1501 1371 1714 1438 Ἰησοῦς
1762 1367 2075 1443 ἀποκριθεὶς

416 1455 565 1532 λέγει
594 1455 781 1512 αὐτοῖς
816 1476 831 1490 ⁸
861 1458 1084 1528 Τεκνία,
1117 1463 1235 1520 πῶς
1269 1455 1536 1512 δύσκολόν
1569 1456 1682 1512 ἐστι
1720 1455 1848 1518 τοὺς
1876 1476 2074 1511 πεποι-

418 1547 578 1610 θότας
609 1545 698 1600 ἐπὶ
729 1547 1014 1622 χρήμασιν
1047 1545 1124 1609 εἲς
1151 1549 1252 1615 τήν
1287 1545 1567 1622 βασιλείαν
1597 1549 1696 1601 τοῦ
1734 1549 1868 1600 Θεοῦ
1900 1543 2076 1600 εἴσελ-

417 1637 563 1700 θεῖνί
600 1633 993 1711 Εὗκολώτερον
1056 1634 1146 1690 διὰ.
1195 1643 1298 1706 τῆς
1354 1635 1664 1710 τρυμαλιᾶς
1707 1640 1811 1704 τῆς
1845 1632 2078 1709 βελόνης

415 1721 675 1796 κάμηλος
709 1720 1071 1779 εἰσελεύσεται
1103 1725 1139 1796 ἢ
1179 1723 1446 1787 πλούσιος
1499 1723 1577 1788 εἷς
1631 1725 1734 1793 τήν
1797 1719 2074 1798 βασιλείαν

414 1818 514 1868 τοῦ
545 1817 700 1870 Θεοῦ.
733 1813 803 1869 Οἱ
849 1810 907 1868 δὲ
936 1818 1209 1889 περισσῶς
1241 1811 1662 1886 ἐξεπλήσσοντο,
1691 1812 1783 1867 καὶ
1838 1809 2027 1886 ἔλεγον
2059 1828 2073 1843 ·

415 1903 510 1964 Τίς
543 1900 636 1956 οῦν
660 1899 878 1956 δύναται
909 1909 1149 1972 σωθῆναι
1169 1920 1183 1970 ;
1202 1907 1256 1956 Ὀ
1288 1897 1664 1974 δὲ,έμ6λέψας
1683 1899 1888 1970 αὐτοῖς,
1907 1900 2075 1955 εἶπενο

415 1995 488 2050 Ὅ
513 2014 566 2048 τι
601 1993 746 2068 παρά
776 1993 1084 2068 ἀνθρώποις
1111 1992 1372 2048 ἀδύνατον
1396 1993 1545 2068 παρᾶ
1557 1996 1672 2063 Θεῷ
1691 1988 2082 2045 δυνατόνυπάν·

417 2102 485 2137 τα
514 2083 614 2157 γὰρ
648 2079 847 2136 δυνατά
880 2081 992 2137 ἐστι
1023 2085 1170 2157 παρά
1198 2087 1278 2154 τῷ
1309 2081 1699 2154 Θεῷ.Ἦρξατο
1723 2080 1971 2154 ὁΠέτρος
1995 2079 2082 2133 λί-

418 2192 530 2248 γειν
564 2171 732 2243 αὐτῷ’
766 2169 895 2239 Ἴδε,
928 2174 1092 2246 ἡμεῖς
1123 2171 1408 2249 ἀφήκαμεν
1440 2171 1617 2226 πάντα
1648 2169 1738 2225 καὶ
1768 2170 2081 2240 ἠκολουθή-

417 2259 584 2333 σαμέν
614 2281 722 2318 σοι.
757 2261 1102 2336 Ἀποκριθεὶς
1133 2259 1191 2316 δὲ
1221 2262 1249 2315 6
1282 2261 1518 2332 Ἰηοοῦς,
1551 2260 1721 2335 λέγει’
1752 2260 1926 2332 Ἀμὴν
1951 2259 2078 2331 ὑμῖν

418 2349 590 2425 λέγω,
621 2350 680 2412 ’ὃς
709 2347 769 2405 ἃν
804 2351 915 2426 ἀφῇ
945 2350 1013 2406 τὰ
1042 2347 1154 2406 ἷ¹δια
1184 2351 1272 2405 καὶ
1308 2355 1512 2423 γονεῖς,
1539 2349 1629 2404 καὶ
1671 2345 1961 2425 ἀδελφοὺς,
1989 2347 2078 2402 καὶ

417 2441 684 2516 χρήματα
738 2437 915 2494 ἕνεκεν
973 2439 1111 2514 ἐμοῦ
1169 2441 1256 2495 καὶ
1316 2437 1490 2495 ἕνεκεν
1567 2442 1666 2494 τοῦ
1746 2435 2082 2514 Εὗαγγελίου

427 2549 554 2601 μου,
587 2525 934 2603 ἀπολήψεται
997 2528 1482 2602 ὲκατομπλασίονα
1527 2531 1614 2583 νῦν
1663 2526 1715 2582 έν
1775 2531 1856 2598 τῷ
1908 2529 2084 2600 καιρῷ

421 2616 620 2691 τούτῳ,
651 2617 852 2694 ἀγροὺς
902 2617 994 2673 καὶ
1051 2620 1316 2694 ’χρήματα
1371 2619 1461 2673 καὶ
1497 2616 1668 2679 οἰκίας
1692 2615 1783 2671 καὶ
1816 2613 2086 2693 ἀδελφοὺς

433 2707 562 2780 μετᾶ
591 2703 876 2783 διωγμῶν,
910 2706 961 2763 ἐν
992 2705 1048 2762 δὲ
1076 2707 1156 2781 τῷ
1187 2708 1477 2785 ἐρχομένῳ
1509 2709 1622 2778 ζωή
1658 2705 1799 2762 ἐστιν
1832 2704 2080 2766 αἰώνιος.

433 2795 644 2852 Πολλοὶ
701 2793 760 2851 δὲ
809 2794 1024 2852 ἔσονται
1081 2801 1292 2870 πρῶτοι
1346 2790 1594 2872 ἔσχατοι,
1625 2795 1718 2850 καὶ
1774 2795 1825 2850 οἱ
1858 2793 2084 2870 ἔσχατοι

428 2890 664 2958 πρῶτοι.
699 2911 722 2940 ι

502 2977 574 3033 E'.
608 2978 793 3034 Ταῦτα
845 2975 942 3049 μὲν
993 2975 1045 3030 ἐν
1093 2979 1172 3047 τῷ
1201 2977 1337 3031 κατά
1366 2976 1592 3051 Μάρκον
1623 2972 1948 3050 Εύαγγελίῳ
1994 2971 2085 3048 γέ-

428 3085 663 3142 γραπται
693 3083 707 3097 °
739 3065 830 3119 καὶ
861 3063 915 3119 έν
949 3071 1066 3126 τοῖς
1097 3063 1293 3127 ἄλλοις
1343 3061 1400 3119 δὲ
1429 3070 1588 3119 πᾶσιν
1623 3066 1733 3137 (19)
1765 3059 2086 3138 ὁμολογου-

436 3157 638 3228 μένως,
673 3151 861 3229 ὀλίγον
898 3154 994 3227 μὲν
1029 3152 1160 3218 ἴσως
1190 3155 1499 3229 ἑκασταχοῦ
1527 3158 1637 3209 τῶν
1687 3152 1948 3228 ῥημάτων
2001 3151 2086 3206 ἐν·

431 3243 715 3310 αλλάσσει,
747 3244 920 3298 πάντα
978 3241 1036 3298 δὲ
1090 3245 1189 3312 τὴν
1246 3245 1414 3313 αὐτὴν
1465 3249 1564 3313 τῆς
1603 3243 1834 3316 γνώμης
1864 3262 2087 3318 συμφω-

2113 1951 2161 2015 Β

2187 670 2342 724 eum,
2374 659 2429 710 et
2459 654 2642 709 dixit:
2678 658 2868 709 Unum
2903 655 3009 710 tibi
3041 655 3228 710 deest.
3283 655 3341 710 Si
3399 655 3486 712 vis
3546 657 3841 728 perfectus

2187 758 2339 813 esse,
2369 745 2557 800 vende
2589 759 2954 816 quiscunque
2982 743 3188 809 habes,
3213 747 3270 799 et
3299 744 3588 802 distribue
3615 763 3840 820 paupe-

2188 833 2373 900 ribus,
2407 837 2461 887 et
2493 832 2737 888 habebis
2769 833 3110 888 thesaurum
3145 833 3204 887 in
3238 833 3419 902 coelo;
3453 839 3510 889 et
3554 835 3711 902 veni,
3747 853 3840 892 se-

2189 938 2366 993 quere
2397 938 2510 977 me.
2544 921 2652 985 Qui
2674 921 3058 977 contristatus
3081 922 3140 977 in
3163 923 3360 991 verbo,
3392 923 3539 979 abiit
3562 940 3836 994 moerens;

2187 1015 2312 1067 erat
2340 1010 2494 1066 enim
2527 1011 2711 1076 dives,
2746 1010 2967 1066 habens
3016 1010 3236 1067 multas
3297 1013 3723 1084 possessiones.
3775 1014 3844 1071 Et

2188 1099 2673 1171 circumspiciens
2703 1101 2895 1170 Jesus,
2917 1100 2999 1154 ait
3015 1100 3325 1172 discipulis
3347 1102 3492 1158 suis:
3517 1104 3702 1167 Quam
3728 1101 3838 1157 dif-

2190 1189 2342 1244 ﬁcile
2373 1187 2474 1260 qui
2505 1189 2786 1260 pecunias
2813 1188 3052 1256 habent,
3087 1191 3147 1245 in
3195 1206 3439 1262 regnum
3477 1192 3580 1246 Dei
3629 1190 3843 1247 introi-

2189 1277 2355 1332 bunt.
2372 1277 2652 1348 Discipuli
2667 1281 2860 1332 autem
2885 1277 3054 1332 obstu
3066 1279 3379 1348 pescebant
3395 1280 3456 1334 in
3477 1279 3666 1336 verbis
3688 1280 3842 1351 ejus.

2188 1369 2258 1422 At
2283 1366 2459 1422 Jesus
2492 1383 2701 1423 rursus
2733 1367 3121 1437 respondens,
3155 1369 3240 1423 ait
3267 1366 3408 1424 illis:
3444 1367 3843 1441 Filioli,quam

2191 1454 2432 1510 difﬁcile
2462 1459 2551 1510 est
2581 1456 2948 1511 confidentes
2981 1455 3038 1510 in
3073 1456 3360 1526 pecuniis,
3393 1456 3634 1512 introire
3658 1458 3720 1513 in
3751 1475 3846 1514 re-
3885 1509 3887 1511 ,

2190 1560 2374 1616 gnum
2403 1543 2503 1600 Dei
2530 1543 2542 1598 !
2573 1544 2825 1600 Facilius
2858 1551 2950 1600 est
2969 1544 3264 1601 camelum
3297 1562 3398 1617 per
3417 1546 3680 1602 foramen
3703 1562 3847 1603 acus

2191 1633 2444 1705 ingredi,
2476 1650 2656 1705 quam
2688 1633 2931 1689 divitem
2961 1633 3180 1689 intrare
3209 1633 3268 1689 in
3300 1650 3548 1706 regnum
3584 1635 3703 1693 Dei.
3738 1634 3848 1701 Qui

2193 1721 2382 1793 magis
2413 1722 2881 1790 admirabantur,
2913 1728 3090 1795 atque
3121 1723 3396 1778 dicebant
3424 1741 3438 1777 :
3474 1724 3544 1779 Et
3583 1724 3718 1796 quis
3743 1741 3850 1797 po-

2191 1814 2308 1867 test
2338 1810 2536 1867 salvus
2568 1811 2694 1866 fieri
2722 1810 2744 1864 Ρ
2772 1811 2842 1866 Et
2873 1812 3114 1867 intuens
3144 1811 3277 1867 illos
3306 1811 3483 1869 Jesus
3515 1812 3634 1868 ait:
3675 1813 3848 1886 Apud

2192 1899 2464 1955 homines
2494 1899 2864 1970 impossibile
2885 1903 2993 1968 est,
3019 1901 3121 1956 sed
3147 1916 3261 1956 non
3285 1901 3443 1971 apud
3463 1906 3648 1957 Deum
3674 1921 3689 1970 ;
3717 1918 3850 1957 om-

2193 1991 2292 2046 nia
2323 1992 2480 2045 enim
2506 1990 2811 2062 possibilia
2835 1992 2991 2061 apud
3014 1995 3218 2046 Deum.
3242 1990 3432 2063 Crepit
3450 1995 3510 2047 et
3533 1991 3738 2048 Petrus
3761 1992 3852 2047 di-

2192 2095 2359 2135 cere:
2394 2083 2539 2134 Ecce
2571 2095 2678 2134 nos
2704 2079 3039 2134 dimisimus
3070 2081 3290 2148 omnia,
3325 2085 3382 2135 et
3407 2084 3595 2136 secuti
3639 2097 3852 2137 sumus

2193 2173 2272 2224 te.
2309 2169 2696 2239 Respondens
2724 2169 2920 2238 Jesus,
2955 2169 3036 2224 ait
3060 2185 3074 2224 :
3099 2175 3282 2225 Arnen
3308 2170 3439 2226 dico
3456 2169 3850 2242 .vobis,omnis

2192 2258 2291 2329 qui
2323 2275 2433 2314 sua
2463 2257 2768 2329 reliquerit
2797 2264 2855 2313 et
2883 2266 3155 2328 parentes
3185 2263 3244 2314 et
3267 2259 3474 2314 fratres
3493 2263 3550 2315 et
3569 2261 3852 2331 pecunias

2193 2352 2431 2420 propter
2460 2363 2556 2402 me
2585 2356 2638 2402 et
2669 2350 2907 2419 propter
2935 2346 3345 2419 Evangelium;
3377 2349 3599 2405 centies
3619 2351 3852 2406 tantum

2193 2452 2352 2492 nunc
2382 2436 2444 2491 in
2477 2441 2742 2507 tempore
2766 2435 2875 2491 hoc
2907 2435 3168 2508 recipiet,
3205 2452 3374 2508 agros
3399 2440 3456 2493 et
3485 2437 3766 2508 pecunias
3794 2441 3855 2495 et

2199 2526 2406 2582 domos
2439 2529 2494 2582 et
2525 2525 2739 2581 fratres
2771 2541 2911 2581 cum
2946 2526 3481 2598 persecutionibus,
3504 2527 3635 2583 etin
3655 2527 3852 2584 futuro

2193 2614 2314 2671 vita
2343 2620 2560 2672 (eterna
2589 2615 2721 2670 erit.
2755 2614 2922 2670 Multi
2956 2618 3153 2673 autem
3177 2619 3352 2672 erunt
3382 2615 3558 2689 primi
3601 2616 3855 2674 novissi-

2197 2704 2300 2775 mi,
2335 2709 2394 2761 et
2425 2704 2736 2762 novissimi
2765 2704 2965 2778 primi.
2999 2727 3029 2756 »

2269 2976 2335 3032 V.
2369 2974 2499 3031 Haec
2529 2973 2770 3045 quidem
2798 2972 2858 3029 in
2892 2973 3070 3030 Marci
3102 2972 3411 3046 Evengelio
3445 2974 3664 3046 scripta
3695 2977 3864 3046 sunt;

2200 3065 2344 3138 quin
2372 3068 2431 3120 et
2461 3064 2520 3119 in
2554 3062 2798 3136 reliquis
2820 3062 2992 3135 plane
3011 3064 3286 3119 omnibus
3310 3065 3516 3120 eadem
3536 3064 3863 3134 habentur,

2200 3154 2406 3229 paucis
2433 3153 2682 3209 forsitan
2716 3170 2821 3226 per
2850 3153 3118 3225 singulos
3148 3152 3343 3208 verbis
3374 3153 3730 3230 immutatis,
3760 3154 3866 3211 sed

2205 3261 2333 3316 quas
2347 3243 2616 3299 eamdem
2631 3242 2850 3313 ubique
2863 3241 3219 3298 sententiam
3234 3258 3342 3298 con
3353 3242 3777 3300 lineant.Decet
3790 3259 3865 3300 au

433 3333 550 3389 νίαν
606 3296 992 3391 ἐπιδείκνυται.
1027 3338 1118 3387 Δεῖ
1148 3296 1253 3404 ’δὴ
1285 3296 1470 3409 autqu
1523 3296 1762 3404 εἰδότας,
1789 3296 1877 3394 ’ως
1934 3296 2089 3386 οῦδὲν

2206 3338 2324 3390 tem
2357 3348 2463 3388 nos
2486 3331 2586 3404 qui
2608 3335 2807 3404 aperte
2828 3331 3109 3400 sciamus,
3135 3330 3282 3386 nihil
3308 3331 3670 3389 Salvatorem
3695 3334 3873 3405 quasi

437 3421 794 3497 ἀνθρωπίνως
845 3424 872 3476 6
925 3423 1146 3498 Σωτὴρ,
1201 3419 1351 3477 ἀλλά
1398 3423 1574 3477 πάντα
1621 3421 1740 3491 θείᾳ
1790 3419 1952 3498 σοφίᾳ
2004 3418 2096 3474 καὶ

438 3515 676 3585 μυστικῇ
727 3509 967 3566 διδάσκει
1023 3511 1154 3573 τοὺς
1211 3513 1426 3583 ἑαυτοῦ,
1455 3512 1532 3585 μὴ
1581 3509 1848 3585 σαρκίνως
1900 3511 2099 3585 ἀκροᾶ-

437 3602 560 3655 σθαι
614 3604 726 3656 τῶν
776 3599 1114 3676 λεγομένων,
1148 3598 1294 3656 ἀλλὰ
1332 3601 1425 3656 τὸν
1472 3600 1526 3656 ἐν
1571 3599 1757 3663 αὐτοῖς
1789 3600 2099 3676 κεκρυμμέ-

435 3711 527 3746 νον
563 3694 688 3747 νοῦν
724 3692 982 3765 μετάτῆς
1017 3691 1164 3761 ἀξίας
1198 3693 1479 3762 ζητήσεως
1512 3691 1603 3746 καὶ
1647 3691 1912 3754 συνέσεως
1955 3689 2103 3766 ἐρευ-

439 3784 536 3850 νᾷν
592 3780 683 3836 καὶ
737 3782 1190 3853 καταμανθάνειν.
1226 3780 1325 3836 Καὶ
1383 3781 1489 3855 γάρ
1545 3780 1612 3836 τά
1673 3781 1956 3835 ὑπἀὐτοῦ
2004 3785 2103 3836 τοῦ

444 3869 651 3945 Κυρίου
687 3866 953 3925 δοκοῦντα
982 3869 1276 3940 ἡπλῶσθαι
1321 3869 1459 3946 πρὸς
1507 3869 1636 3934 τοὺς
1692 3869 1936 3942 μαθητὰς
1992 3873 2102 3925 τῶν

445 3959 758 4035 ᾑνιγμένως
792 3960 1172 4035 ὑπειρημένων
1207 3957 1360 4014 οὐδὲν
1389 3957 1815 4029 ἥττονος,,ἀλλά
1847 3958 2104 4020 πλείονος

445 4045 523 4104 ἔτι
554 4055 642 4104 νῦν
674 4057 774 4120 τῆς
817 4049 1147 4113 ἐπιστάσεως
1206 4048 1509 4125 εὑρίσκεται
1570 4046 1802 4121 δεόμενα
1859 4045 1949 4103 διὰ
2003 4049 2104 4118 τὴν

447 4135 900 4213 ὑπερϐάλλουσαν
947 4144 1047 4208 τῆς
1106 4139 1423 4214 φρονήσεως
1459 4137 1509 4194 έν
1540 4139 1728 4200 αὐτοῖς
1767 4133 2103 4214 ὑπερϐολήν.

446 4231 624 4286 ’Ὁπου
657 4224 716 4282 δὲ
745 4227 836 4282 καὶ
865 4228 932 4282 τὰ
960 4229 1298 4300 νομιζόμενα
1333 4229 1421 4282 ὑπ’
1454 4226 1619 4283 αὐτοῦ
1651 4225 1969 4303 διηνοῖχθαι
1989 4232 2108 4290 τοῖς

451 4311 576 4385 ⁴ἔσω,
606 4317 697 4371 καὶ
730 4317 919 4378 αὐτοῖς
945 4321 1062 4379 τοῖς
1095 4319 1194 4385 τῆς
1231 4317 1512 4392 βασιλείας
1559 4318 1772 4380 τέκνοις
1823 4317 1913 4372 ὑπ’
1944 4315 2108 4372 αὐτοῦ

451 4405 833 4479 καλουμένοις,
867 4402 946 4461 ἔτι
979 4405 1177 4480 χρῄζει
1211 4403 1498 4482 φροντίδος
1544 4405 1824 4476 πλείονος,
1855 4404 2002 4476 ἤπου
2048 4427 2110 4481 γε

451 4493 518 4548 τὰ
577 4489 803 4564 δόξαντα
854 4492 952 4566 μὲν
1007 4491 1199 4554 ἁπλῶς
1259 4492 1626 4568 ἐξενηνέχθαι,
1659 4494 1750 4547 καὶ
1812 4491 1902 4548 διὰ
1947 4497 2109 4548 τοῦτο

456 4579 597 4657 μήδὲ
650 4580 1044 4658 διηρωτημένα
1098 4581 1235 4658 πρὸς
1288 4586 1397 4638 τῶν
1445 4581 1806 4653 ἀκουσάντων,
1841 4582 1918 4646 είς
1977 4580 2107 4638 ὅλον

2205 3424 2464 3478 humano
2485 3437 2646 3477 more
2668 3420 2933 3476 locutum
2958 3437 3110 3489 esse,
3139 3421 3242 3476 sed
3271 3421 3473 3477 divina
3493 3423 3865 3494 mysticaque

2212 3511 2506 3584 sapientia
2537 3527 2676 3566 suos
2708 3515 2923 3566 cuncta
2954 3510 3262 3581 docuisse;
3294 3526 3600 3568 sermones
3620 3511 3728 3568 hos
3746 3527 3865 3568 non

2209 3599 2528 3658 carnaliter
2557 3600 2783 3668 audire,
2808 3601 2910 3656 sed
2933 3599 3212 3655 latentem
3231 3600 3294 3654 in
3316 3599 3401 3656 eis
3423 3617 3668 3657 sensum
3686 3600 3868 3674 digna

2209 3689 2666 3763 investigatione
2698 3689 3031 3760 mentisque
3058 3687 3297 3745 solertia
3313 3705 3378 3744 ac
3400 3689 3721 3761 sagacitate
3742 3693 3873 3762 per-

2211 3779 2443 3852 quirere
2478 3784 2536 3835 et
2561 3779 2885 3835 addiscere.
2914 3778 3062 3835 Nam
3085 3795 3220 3834 cum
3243 3782 3302 3834 et
3322 3778 3453 3851 ipsa
3481 3793 3717 3852 quoque
3744 3794 3870 3852 qua

2213 3870 2285 3925 ab
2317 3869 2446 3941 ipso
2483 3870 2726 3924 Domino
2748 3869 3020 3924 videntur
3050 3867 3360 3940 discipulis
3382 3867 3564 3924 fuisse
3587 3868 3871 3940 exposita,

2216 3975 2333 4014 non
2371 3956 2609 4025 minori,
2641 3957 2743 4013 sed
2776 3955 2986 4027 majori
3017 3956 3346 4013 etiamnum
3399 3956 3874 4014 consideratione

2214 4047 2479 4120 indigere
2512 4051 2853 4117 noscantur,
2889 4062 3057 4118 quem
3093 4062 3222 4118 quae
3257 4044 3572 4102 obscurius
3601 4062 3667 4102 ac
3715 4045 3876 4102 velut

2216 4138 2527 4210 enigmate
2549 4136 2706 4192 dicta
2730 4137 2969 4199 sunt,ob
2997 4134 3523 4206 profundissimam
3545 4135 3607 4190 in
3629 4134 3717 4191 eis
3737 4134 3873 4192 alti-

2216 4226 2486 4281 tudinem
2517 4241 2826 4292 sensuum;
2856 4241 3104 4292 cumque
3137 4225 3280 4279 adeo
3302 4223 3481 4279 etiam
3501 4223 3623 4290 illa,
3648 4240 3777 4295 quis
3800 4223 3873 4280 ab

2218 4333 2284 4372 eo
2303 4314 2515 4372 schola:
2538 4313 2877 4370 domesticis
2900 4314 3172 4368 videntur
3194 4312 3523 4384 explanata,
3548 4312 3876 4386 aciis,quos

2221 4407 2292 4462 ab
2323 4421 2390 4460 eo
2413 4403 2567 4460 ﬁlios
2599 4403 2761 4475 regni
2793 4402 3128 4458 invenimus
3148 4409 3408 4474 vocatos,
3432 4403 3642 4474 majori
3678 4403 3875 4461 adhuc

2220 4511 2370 4567 opus
2401 4493 2659 4549 habeant
2679 4491 3074 4564 indagatione,
3097 4508 3274 4564 quam
3299 4510 3424 4564 quae
3445 4493 3719 4549 videntur
3737 4493 3881 4550 sim-

2222 4583 2450 4656 pliciter
2468 4582 2539 4638 ab
2558 4598 2624 4638 eo
2647 4581 2892 4654 prolata,
2919 4599 3048 4654 quae
3070 4583 3318 4654 proinde
3339 4598 3511 4639 nemo
3539 4583 3876 4639 auditorum

455 4669 513 4728 δὲ
541 4673 606 4728 τὸ
634 4669 795 4734 τέλος
841 4670 970 4728 αὐτὸ
1012 4678 1114 4742 τῆς
1163 4671 1439 4747 σωτηρίας
1485 4668 1872 4749 διαφερόντων,
1906 4692 2081 4744 σκοπη

2224 4671 2609 4744 interrogavit
2667 4675 2731 4726 ut
2787 4674 3237 4743 exponerentur,
3269 4674 3332 4739 ›ι‹
3389 4671 3747 4745 pertinentia
3801 4670 3876 4728 ad

454 4762 701 4834 σομένων
733 4758 790 4816 δὲ
821 4765 1116 4835 θαυμαστῷ
1155 4761 1245 4816 καὶ
1295 4760 1666 4837 ὑπερουρανίῳ
1712 4758 1953 4824 διανοίας
2016 4760 2116 4838 βά-

455 4862 560 4920 θει,
592 4851 694 4906 οὐκ
722 4848 1063 4914 ἐπιπολαίως
1097 4848 1352 4926 δέχεσθαι
1402 4855 1522 4913 ταῖς
1575 4850 1764 4915 ἀκοαῖς
1820 4857 2116 4927 προσῆκεν,

453 4937 604 4994 ἀλλά
650 4939 930 5002 καθιέντας
987 4939 1080 4993 τὸν
1136 4943 1262 4993 νοῦν
1321 4936 1404 4994 ἐπ’
1452 4937 1583 4994 αὐτὸ
1640 4937 1702 4993 τὸ
1752 4940 1974 5013 Πνεῦμα
2017 4943 2116 4995 τοῦ

461 5031 723 5103 Σωτῆρος
753 5033 847 5084 καῖ
875 5027 939 5084 τὸ
966 5033 1068 5099 τῆς
1095 5029 1329 5104 γνώμης
1359 5027 1698 5105 ἀπόρρητον.

533 5214 594 5270 ς’.
635 5206 950 5284 Ἠρώτηται
1005 5205 1099 5280 μὲν
1144 5207 1247 5283 γὰρ
1298 5203 1476 5278 ἡδέως
1507 5208 1534 5262 6
1567 5205 1770 5282 Κύριος
1808 5209 1970 5281 ἡμῶν
2025 5210 2117 5264 καὶ

463 5299 661 5372 Σωτὴρ
693 5297 957 5374 ἐρώτημα
985 5293 1474 5368 κατάλληλότατον
1508 5295 1654 5370 αύτῷ
1677 5318 1689 5329 ·
1723 5298 1759 5367 ἡ
1819 5299 1943 5368 Ζωή
1992 5298 2118 5373 περί

459 5390 628 5458 ζωῆς,
663 5388 692 5443 6
739 5387 937 5460 Σωτήρ
997 5385 1121 5462 περὶ
1183 5387 1540 5463 σωτηρίας,ὁ
1598 5383 1935 5450 Διδάσκαλος
1993 5388 2117 5462 περὶ

524 5540 590 5607 rx!
615 5541 681 5598 P.
713 5543 822 5597 929
852 5541 960 5598 ED.
990 5539 1298 5598 POTTEB.
1330 5542 1410 5614 (a)
1439 5540 1618 5601 Marc.
1651 5559 1707 5612 x,
1742 5541 1828 5610 17,
1863 5542 1950 5610 18,
1982 5558 2150 5617 seqq.

2225 4764 2421 4836 ipsum
2456 4761 2672 4818 salutis
2703 4760 2906 4828 ﬁnem,
2935 4761 3327 4834 mirandoque
3357 4778 3426 4818 ac
3475 4759 3881 4835 supercmlesti

2227 4851 2444 4908 mentis
2470 4851 2898 4907 consideranda
2927 4851 3253 4922 profundo;
3315 4867 3432 4908 non
3483 4848 3882 4923 perfunctorie

2225 4942 2348 4999 haec
2379 4941 2622 4997 auribus
2655 4939 3004 5008 haurienda,
3039 4943 3139 4998 sed
3173 4941 3255 4997 ita
3275 4945 3340 4998 ut
3358 4942 3430 4997 ad
3453 4941 3654 5013 ipsum
3678 4937 3880 4996 Salva-

2225 5031 2370 5088 toris
2399 5030 2683 5102 Spiritum
2715 5045 2782 5086 ac
2814 5030 3119 5086 sententias
3151 5046 3430 5087 arcanum
3463 5030 3732 5085 animum
3777 5028 3881 5085 de-

2227 5120 2552 5177 mittamus.

2295 5211 2393 5266 VI.
2424 5209 2699 5266 Jucunda
2732 5211 2885 5264 certe
2935 5207 3184 5264 Domino
3244 5212 3446 5264 nostro
3479 5221 3546 5263 ac
3596 5204 3886 5262 Salvatori

2229 5300 2426 5356 oblata
2448 5299 2696 5369 quaestio
2717 5302 2829 5364 est,
2854 5297 2966 5369 ipsi
2991 5296 3273 5352 nimirum
3297 5295 3880 5352 convenientissima.

2231 5391 2453 5462 Nempe
2483 5388 2683 5446 oblata
2713 5387 2957 5461 quaestio
2989 5386 3132 5442 Vita:
3163 5385 3235 5442 de
3273 5385 3411 5456 vita,
3461 5384 3750 5442 Salvatori
3810 5385 3884 5441 de

533 5692 650 5765 (19)
682 5695 874 5749 Πᾶσιν.
907 5692 1516 5765 Matthmomimirum
1575 5697 1635 5752 et
1699 5693 1934 5764 Marco;
1983 5710 2124 5752 nam
2160 5695 2422 5754 Joannes
2473 5709 2566 5751 res
2624 5694 2819 5764 gestas
2875 5691 2948 5748 ad
3000 5689 3262 5749 historia
3331 5692 3574 5752 modum
3641 5690 3892 5752 minime

461 5763 833 5825 enarrandas
863 5765 1148 5839 suscepit.
1186 5763 1351 5822 FELL.
