4124 6420
294 489 395 546 611

1522 483 1934 538 CLEMENTIS
1971 484 2482 538 ALBXANDRINI

3607 483 3719 540 612

294 617 506 684 salute,
541 613 819 687 Magistro
848 627 913 667 ac
946 608 1170 667 doctori
1201 609 1270 664 dc
1301 608 1492 681 capite
1550 624 1751 665 eorum
1810 624 1932 680 quae

2049 603 2345 681 κεφαλαίου
2402 609 2508 660 τῶν
2588 603 2994 679 διδασκομένων
3077 604 3386 682 δογμάτων.
3443 607 3711 679 Ἀλήθεια

295 705 570 780 dogmate
599 703 1006 770 tradebantur,
1037 699 1282 754 Veritati
1305 699 1376 756 de
1408 715 1541 754 vera
1590 697 1946 754 immortali-

293 799 437 864 tate,
471 794 658 850 Verbo
689 793 760 848 de
791 795 1032 864 paterno
1063 789 1239 846 verbo
1271 793 1446 862 atque
1476 789 1766 855 doctrina,
1802 793 1941 844 Per-

293 885 444 941 fecto
470 884 541 940 de
571 881 828 955 perfecta
855 880 1075 952 requie,
1101 877 1538 952 Incorruptibili
1568 879 1640 934 de
1662 877 1942 932 lirmain-

293 971 688 1046 corruptione.
721 970 802 1027 De
831 968 952 1025 illis
982 967 1281 1026 oblatailli
1304 967 1549 1042 quaestio
1571 972 1943 1040 est,quorum

289 1062 468 1120 etiam
498 1077 678 1118 causa
709 1059 1111 1131 descenderat,
1144 1059 1364 1132 quibus
1395 1058 1672 1125 instituit,
1700 1074 1824 1130 quas
1847 1057 1946 1112 do-

290 1160 399 1222 cet,
431 1168 559 1225 quae
591 1152 830 1224 praebet,
865 1154 930 1205 ut
959 1148 1230 1206 ostendat
1277 1147 1568 1220 Evangelii
1628 1161 1944 1218 argumeno

288 1246 420 1317 tum
451 1257 602 1311 esse,
635 1245 703 1297 ut
729 1240 850 1296 vita
870 1243 1086 1295 aeterna
1107 1239 1237 1311 ipsa
1264 1237 1571 1294 tribuatur.
1600 1237 1948 1293 Praesciebat

291 1335 486 1388 autem
518 1334 585 1387 ut
618 1331 791 1401 Deus,
823 1340 951 1386 tum
975 1344 1102 1401 qua:
1131 1327 1584 1400 interrogandus
1613 1331 1760 1398 erat,
1814 1331 1942 1382 tum

291 1421 448 1493 quod
481 1435 833 1494 responsum
854 1419 1223 1492 interrogans
1244 1422 1401 1474 esset
1421 1415 1944 1488 accepturus.Quis

290 1511 446 1566 enim
469 1510 529 1566 id
555 1510 750 1582 potius
771 1509 972 1564 fecerit
992 1524 1168 1580 quam
1190 1505 1475 1580 propheta
1497 1505 1942 1578 prophetarum,

290 1600 600 1672 omnisque
630 1597 953 1672 prophetici
986 1597 1236 1670 spiritus
1265 1597 1486 1652 arbiter
1517 1610 1584 1652 ac
1615 1592 1946 1651 Dominus?

289 1693 545 1748 Vocatus
575 1693 771 1745 autem
798 1689 1010 1756 bonus,
1037 1705 1070 1742 a
1101 1687 1292 1758 primo
1323 1685 1434 1742 hoc
1481 1685 1657 1755 verbo
1705 1687 1947 1756 sumpta

289 1779 593 1836 occasione
623 1778 759 1834 inde
789 1777 965 1834 etiam
997 1776 1350 1834 doctrinami
1383 1775 1748 1846 auspicatur,
1806 1789 1944 1830 con-

289 1873 521 1927 vertens
551 1867 828 1941 discipuli
857 1867 1123 1924 animum
1155 1866 1216 1922 in
1273 1871 1459 1922 Deum
1518 1865 1766 1929 bonum,
1823 1862 1944 1936 pri-

2052 695 2174 772 περὶ
2230 702 2330 764 τῆς
2378 693 2648 766 ἀληθινῆς
2681 696 2994 769 ἀθανασίας,
3025 697 3052 752 6
3104 696 3280 772 Λόγος
3314 698 3440 774 περὶ
3469 703 3567 754 τοῦ
3603 705 3715 754 Πα-

2049 786 2178 860 τρὸς
2209 782 2401 860 λόγου,
2435 786 2464 839 6
2495 786 2719 849 Τέλειος
2749 785 2872 859 περὶ
2912 789 3012 856 τῆς
3067 787 3282 852 τελείας
3336 787 3717 858 ἀναπαύσεως,

2055 876 2084 928 6
2125 876 2434 953 ’Ἃφθαρτος
2482 875 2606 950 περὶ
2654 882 2754 944 τῆς
2816 871 3034 952 βεϐαίας
3090 876 3416 954 ἀφθαρσίας.
3458 879 3714 952 Ἠρώτη-

2053 985 2138 1018 ται
2196 963 2571 1037 περὶτούτων
2632 965 2757 1042 περῖ
2817 965 2890 1019 ὧν
2945 967 3035 1021 καὶ
3095 965 3489 1038 κατελήλυθεν,
3524 967 3716 1023 ἀπαι-

2055 1049 2219 1122 δεύει,
2253 1053 2286 1106 ἃ
2319 1050 2582 1123 διδάσκει,
2617 1052 2650 1107 ’ἀ
2678 1053 2934 1129 παρέχει,
2961 1053 3054 1109 ’ἱνα
3082 1052 3229 1131 δείξῃ
3262 1058 3361 1126 τὴν
3386 1053 3488 1112 τοῦ
3537 1058 3716 1134 Εὐαγ·

2052 1140 2240 1218 γελίου
2277 1142 2547 1212 ὑπόθεσιν,
2581 1141 2665 1197 ὅτι
2698 1140 2846 1206 δόσις
2880 1142 3022 1198 ἐστὶν
3060 1143 3286 1200 αἰωνίου
3315 1149 3485 1214 ζωῆς.
3519 1147 3719 1223 Προεῖ-

2055 1229 2111 1288 δε
2161 1230 2218 1287 δὲ
2267 1233 2343 1296 ὡς
2393 1233 2525 1297 Θεὸς
2567 1231 2656 1288 καὶ
2705 1232 2738 1286 ἃ
2779 1232 2974 1306 μέλλει
3004 1231 3527 1310 διερωτηθήσεσθαι,
3558 1237 3646 1292 καὶ
3682 1236 3718 1292 ἃ

2059 1321 2252 1395 μέλλει
2281 1343 2364 1384 τις
2425 1322 2573 1395 αὐτῷ
2621 1321 3029 1398 ἀποκρίνεσθαι.
3061 1323 3152 1387 Τίς
3190 1325 3291 1400 γὰρ
3348 1326 3438 1381 xui
3500 1325 3718 1400 μᾶλλον

2053 1411 2088 1482 ἢ
2119 1413 2146 1467 ὁ
2181 1415 2472 1492 προφήτης
2503 1418 2828 1490 προφητῶν,
2861 1412 2952 1468 καὶ
2993 1413 3199 1490 Κύριος
3246 1415 3446 1478 παντὸς
3493 1437 3719 1494 προφη-

2051 1507 2206 1557 τικοῦ
2291 1502 2638 1576 πνεύματος
2701 1501 2932 1575 Κληθεὶς
2994 1501 3050 1559 δὲ
3130 1505 3352 1579 ἀγαθὸς,
3406 1505 3499 1560 ἀπ’
3550 1508 3716 1563 αὑτοῦ

2053 1593 2275 1665 πρώτου
2304 1595 2402 1648 τοῦ
2435 1591 2682 1668 ῥήματος
2712 1591 2910 1648 τούτου
2953 1592 3018 1648 τὸ
3063 1591 3351 1669 ἐνδόσιμον
3387 1591 3597 1670 λαϐὼν,
3631 1595 3712 1652 έν-

2051 1685 2235 1738 τεῦθεν
2295 1683 2384 1739 καὶ
2436 1690 2538 1755 τῆς
2589 1682 2943 1750 διδασκαλίας
2972 1683 3219 1762 ἄρχεται,
3253 1685 3590 1765 ἐπιστρέφων
3619 1689 3711 1742 τὸν

2057 1775 2310 1846 μαθητὴν
2370 1772 2456 1828 ἐπὶ
2513 1774 2606 1830 τὸν
2659 1776 2790 1830 Θεὸν
2834 1774 2927 1830 τὸν
2965 1775 3184 1852 ἀγαθὸν,
3212 1776 3301 1832 καὶ
3349 1781 3569 1854 πρῶτον
3618 1780 3711 1834 καὶ

2056 1865 2220 1939 μόνον
2257 1871 2402 1936 ζωῆς
2429 1866 2658 1922 αἰωνίου
2688 1867 2912 1942 ταμίαν,
2942 1869 3005 1938 ἣν
3049 1869 3077 1924 ὁ
3122 1869 3246 1931 rte;
3299 1865 3522 1924 δίδωσιν
3572 1871 3710 1944 ἡμῖν

291 1975 575 2032 mumque
603 1975 671 2015 ac
702 1957 892 2015 solum
922 1957 1052 2014 vita:
1078 1961 1308 2013 aeternas
1338 1954 1730 2028 praebitorem,
1763 1969 1932 2027 quam

2051 1957 2180 2032 παρ’
2210 1955 2418 2012 ἐκείνου
2449 1951 2658 2014 λαϐών.

289 2048 360 2106 ab
391 2065 458 2106 eo
489 2053 814 2121 acceptam,
847 2047 1020 2104 nobis
1051 2046 1278 2104 confert
1307 2044 1507 2102 Filius.

353 2139 477 2196 VII.
511 2140 714 2212 Itaque
735 2137 1060 2195 maximum
1081 2141 1140 2194 et
1162 2136 1520 2210 praecipuum
1548 2135 1933 2191 documento-

281 2247 415 2288 rum
446 2231 521 2287 ad
551 2229 728 2286 vitam
758 2227 1178 2301 spectantium,
1211 2227 1284 2282 ab
1314 2225 1484 2282 initio
1517 2225 1716 2282 statim
1741 2225 1937 2281 animo

280 2319 662 2376 inserendum
693 2321 804 2387 est;
847 2320 910 2372 ut
943 2317 1096 2372 Deus
1156 2323 1410 2371 aeternus
1441 2330 1570 2371 esse
1600 2330 1666 2370 ac
1692 2319 1936 2369 aeterno-

282 2425 418 2468 rum
448 2409 635 2480 dator,
672 2410 1048 2480 agnoscatur;
1074 2405 1454 2479 primumque
1477 2421 1543 2460 ac
1563 2418 1936 2476 supremum,

283 2503 340 2558 et
369 2514 555 2556 unum
587 2514 652 2556 ac
681 2499 900 2554 bonum
932 2495 1142 2563 Deum,
1174 2495 1362 2551 Deum
1395 2493 1566 2550 nobis
1599 2509 1700 2565 per
1749 2492 1936 2549 scien-

280 2589 424 2646 tiam
455 2592 514 2645 et
541 2585 1130 2659 comprehensionem
1161 2583 1552 2640 vindicamus.
1601 2584 1716 2638 Hoc
1777 2583 1934 2639 enim

279 2677 585 2735 immobile
605 2676 1142 2747 inconcussumque
1162 2672 1516 2746 principium
1532 2677 1592 2728 et
1611 2670 1936 2743 principale

283 2767 410 2825 vitae
441 2765 876 2836 fulcimentum,
911 2763 1032 2834 Dei,
1066 2762 1166 2836 qui
1198 2767 1289 2819 est
1317 2779 1450 2818 vere
1481 2761 1810 2829 scientia,et
1831 2761 1932 2832 qui

283 2873 352 2916 ea
382 2873 509 2929 quas
540 2859 682 2913 sunt
702 2859 942 2924 (aeterna
961 2852 1211 2921 scilicet)
1231 2851 1497 2925 largitur;
1524 2867 1592 2906 ex
1615 2867 1730 2923 quo
1753 2850 1932 2906 etiam

285 2947 417 3005 aliis
447 2946 736 3019 provenit,
769 2949 836 2999 ut
863 2959 993 3000 esse
1025 2940 1334 3014 accipiant,
1385 2957 1570 3013 eoque
1612 2939 1934 2996 incolumia

283 3039 424 3097 sint.
452 3035 641 3108 Hujus
671 3034 889 3107 quippe
911 3031 1200 3105 ignoratio
1225 3048 1382 3087 mors
1403 3034 1512 3101 est;
1532 3029 1785 3102 cognitio
1801 3047 1932 3086 vero

279 3131 338 3186 et
367 3124 742 3184 necessitudo
772 3128 950 3195 atque
969 3121 1040 3178 ad
1064 3139 1198 3178 eum
1222 3121 1456 3178 dilectio
1479 3121 1772 3192 ductaque
1795 3137 1931 3176 cum

279 3232 348 3275 eo
381 3210 864 3279 similitudo,sola
893 3211 1010 3268 vita
1030 3210 1280 3268 exsistit.

352 3305 502 3363 887
537 3303 680 3362 VIII.
711 3307 882 3358 Hunc
911 3317 1048 3376 ergo
1078 3301 1336 3374 primum
1367 3300 1805 3374 agnoscendum
1831 3300 1932 3372 ju-

2119 2138 2190 2195 Z'.
2245 2135 2452 2194 Οὐκοῦν
2514 2137 2576 2192 τὸ
2637 2137 2890 2212 μέγιστον
2953 2135 3042 2192 καὶ
3117 2137 3546 2215 κορυφαιότατον
3600 2144 3709 2195 τῶν

2048 2226 2185 2302 πρὸς
2242 2229 2342 2296 τὴν
2402 2226 2544 2295 ζωὴν
2611 2225 2971 2300 μαθημάτων,
3005 2227 3110 2282 ἀπὸ
3162 2233 3264 2298 τῆς
3325 2229 3508 2304 ἀρχῆς
3549 2228 3710 2292 εὐθὺς

2048 2313 2435 2390 ἐγκαταθέσθαι
2463 2319 2530 2390 τῇ
2554 2318 2710 2392 ψυχῇ
2735 2313 2819 2371 δεῖ
2849 2335 2862 2349 ·
2894 2321 3096 2392 γνῶναι
3127 2317 3218 2371 τὸν
3253 2317 3380 2372 Θεὸν
3430 2317 3522 2372 τὸν
3576 2317 3710 2372 αἰώ-

2045 2426 2186 2478 νιον,
2217 2405 2308 2461 καὶ
2355 2403 2562 2481 δοτῆρα
2609 2405 2870 2478 αἶίυνίωνν
2903 2407 2992 2460 καὶ
3042 2411 3284 2483 πρῶτ⁰ν’
3335 2407 3424 2462 καὶ
3476 2407 3706 2482 ὑπὲρτω

2044 2515 2158 2566 τον,
2189 2493 2281 2550 καὶ
2331 2491 2447 2562 ἕνα,
2498 2494 2589 2549 καὶ
2644 2495 2837 2570 ἀγαθὸν
2894 2497 3023 2550 Θεὸν
3085 2498 3386 2566 κτήσασθαι
3435 2494 3524 2551 διὰ
3570 2497 3712 2572 γνώο

2046 2605 2181 2648 σεως
2229 2585 2320 2640 καὶ
2367 2583 2752 2659 καταλήψεως.
2788 2583 2937 2654 Αὕτη
2983 2584 3087 2660 γὰρ
3139 2582 3402 2658 ἄτρεπτος
3452 2585 3541 2640 καὶ
3572 2585 3704 2640 ἀσά-

2045 2673 2234 2738 λευτὸς
2267 2676 2438 2750 ἀρχὴ,
2471 2677 2558 2730 καὶ
2619 2674 2824 2750 κρηπὶς
2883 2679 3052 2744 ζωῆς,
3081 2674 3358 2748 ἐπιστήμη
3422 2680 3555 2731 Θεοῦ
3606 2678 3705 2730 τοῦ

2043 2759 2212 2826 ὄντως
2258 2762 2437 2831 ὄντος,
2465 2765 2551 2819 καὶ
2587 2765 2656 2819 τὰ
2686 2759 2835 2834 ὄντα,
2863 2760 3110 2820 τουτέστι
3139 2763 3206 2819 τὰ
3238 2763 3454 2837 αἰώνια,
3489 2761 3698 2837 δωρου-

2047 2851 2210 2928 μένου
2237 2872 2252 2888 ·
2282 2854 2332 2925 ἐξ
2365 2855 2426 2910 οὗ
2453 2855 2541 2909 καὶ
2575 2854 2638 2910 τὸ
2669 2854 2803 2909 εἶναι
2832 2859 2954 2916 τοῖς
2981 2852 3176 2916 ἄλλοις
3211 2854 3444 2929 ὑπάρχει
3493 2854 3582 2908 καὶ
3632 2855 3696 2908 τὸ

2045 2949 2224 3017 μεῖναι
2255 2947 2367 3016 (20)
2403 2939 2611 3000 λαϐεῖν.
2645 2944 2711 3000 Ἠ
2744 2943 2838 3016 μὲν
2870 2944 2970 3019 γὰρ
2999 2943 3196 2998 τούτου
3228 2944 3419 3018 ἄγνοια
3474 2942 3698 3004 θάνατός

2041 3031 2205 3104 ἐστιν,
2237 3035 2270 3101 ἡ
2305 3030 2363 3088 δὲ
2391 3031 2680 3108 ἐπίγνωσις
2729 3029 2894 3087 αὐτοῦ
2939 3032 3028 3086 καὶ
3080 3031 3372 3104 οἰκείωσις,
3422 3031 3513 3087 καὶ
3561 3032 3700 3106 πρὸς

2039 3123 2199 3180 αὐτὸν
2233 3123 2417 3200 ἀγάπη
2449 3123 2538 3180 καὶ
2563 3122 2917 3198 ἐξομοίωσις,
2953 3122 3091 3196 μόνη
3127 3124 3263 3194 ζωή.

2111 3305 2194 3360 Η’.
2227 3305 2430 3360 Τοῦτον
2486 3301 2579 3358 οὗν
2633 3306 2850 3380 πρῶτον
2909 3301 3201 3376 ἐπιγνῶναι
3257 3305 3336 3374 τῷ
3387 3300 3699 3375 ’ζησομένῳ

280 3397 380 3453 bet
407 3397 459 3452 ei
491 3395 592 3468 qui
621 3410 820 3450 veram
847 3392 1026 3448 vitam
1058 3392 1137 3448 sit
1157 3395 1435 3448 acturus:
1470 3413 1498 3442 «
1533 3392 1716 3458 Quem
1756 3407 1928 3447 nemo

2045 3395 2138 3464 τὴν
2172 3389 2344 3456 ὅντως
2379 3394 2524 3463 ζωήν
2569 3390 3018 3468 παρακελεύεται,
3055 3416 3082 3444 ιι
3124 3392 3182 3447 ’ὀν
3215 3389 3391 3453 οὐδεὶς
3433 3389 3700 3466 ἐπιγινώ-

283 3484 447 3542 novit
474 3481 590 3542 nisi
621 3482 826 3552 Filius,
851 3487 908 3539 et
937 3481 1029 3539 cui
1053 3480 1230 3538 Filius
1249 3479 1730 3552 revelaverit.(a)»
1753 3480 1930 3536 Exin-

282 3573 356 3630 de
413 3571 824 3646 cognoscenda
877 3573 967 3626 est
1024 3569 1372 3642 magnitudo
1427 3567 1746 3626 Salvatoris
1801 3575 1935 3642 post

281 3661 454 3720 illum
485 3675 750 3732 novaque
779 3658 988 3732 gratia,
1021 3659 1297 3730 quodque
1329 3658 1500 3728 juxta
1561 3659 1930 3730 Apostolum,

285 3773 312 3806 α
347 3751 440 3808 lex
471 3766 576 3823 per
605 3750 865 3822 Moysem
897 3747 1034 3804 data
1064 3751 1192 3815 est;
1226 3747 1418 3820 gratia
1449 3751 1505 3804 et
1559 3749 1774 3805 veritas
1831 3766 1933 3822 per

282 3845 487 3898 Jesum
514 3837 812 3895 Christum
844 3837 998 3894 facta
1026 3837 1248 3910 est(b);-
1285 3852 1391 3893 nec
1422 3837 1586 3910 paria
1614 3843 1772 3906 sunt,
1800 3855 1928 3912 qua

279 3947 383 4004 per
403 3945 636 3988 servum
669 3927 900 3984 ﬁdelem
931 3929 1068 3984 data
1098 3931 1256 3995 sunt,
1290 3932 1348 3984 et
1379 3943 1504 3999 quae
1535 3945 1569 3983 a
1615 3944 1750 3985 vero
1808 3928 1928 3987 filio

279 4022 495 4080 donata
525 4023 684 4080 sunt.
725 4017 980 4089 Denique
1009 4015 1059 4073 si
1091 4017 1306 4090 Moysis
1334 4016 1427 4073 lex
1456 4017 1760 4075 sufﬁciens
1803 4023 1928 4076 erat

275 4115 344 4170 ut
367 4109 552 4168 vitam
585 4112 926 4182 praestaret;
963 4107 1182 4164 frustra
1211 4105 1493 4162 nimirum
1518 4106 1780 4164 Salvator
1800 4110 1926 4180 ipse

274 4199 598 4270 adveniret,
631 4197 936 4271 nostrique
966 4213 1146 4253 causa
1175 4201 1488 4268 pateretur,
1510 4197 1582 4252 ab
1607 4202 1738 4253 ortu
1771 4198 1924 4254 nati-

269 4289 470 4348 vitatis
493 4290 565 4346 ad
590 4292 806 4346 metam
835 4303 1020 4360 usque
1040 4303 1281 4344 emenso
1299 4285 1572 4342 humanis
1595 4286 1722 4343 vitae
1742 4289 1924 4344 curri-

273 4379 426 4436 culo.
457 4381 700 4434 Frustra
729 4393 985 4450 quoque,
1017 4375 1119 4450 qui
1150 4375 1350 4432 omnia
1379 4374 1528 4448 legis
1579 4377 1860 4433 mandata
1889 4396 1924 4436 a

265 4467 580 4540 juventute
609 4465 972 4539 impleverat,
1003 4472 1068 4537 ›χ‹
1096 4465 1168 4521 ab
1212 4464 1348 4534 alio,
1409 4464 1490 4520 illi
1553 4465 1920 4538 provolutus,

271 4555 627 4614 immorlalis
655 4555 784 4612 vitis
815 4558 1152 4628 exposceret
1181 4553 1441 4626 pra-mia.
1503 4555 1704 4628 Neque
1762 4557 1918 4614 enim

273 4645 466 4705 solum
495 4645 686 4719 legem
735 4646 1085 4712 servaverat,
1119 4643 1221 4699 sed
1254 4646 1312 4699 et
1341 4660 1376 4699 a
1410 4643 1604 4716 prima
1659 4649 1828 4702 aetate
1858 4647 1916 4704 in

2041 3503 2176 3552 σκει,
2213 3482 2262 3538 εἶ’
2295 3483 2372 3556 μή
2404 3483 2432 3538 6
2473 3483 2589 3545 ribc
2641 3479 2988 3556 ἀποκαλύψῃ.
3027 3505 3055 3533 ››
3086 3483 3315 3538 Ἔπειτα
3357 3481 3422 3536 τὸ
3475 3481 3701 3555 μέγεθος

2039 3571 2136 3629 τοῦ
2170 3579 2429 3646 Σωτῆρος
2465 3573 2582 3647 μετ’
2613 3570 2816 3627 ἐκεῖνον
2848 3572 2938 3626 καὶ
2968 3573 3068 3641 τήν
3117 3566 3415 3640 καινὸτητα
3453 3577 3556 3640 τῆς
3597 3570 3701 3646 χά-

2041 3683 2190 3738 ριτος
2251 3664 2464 3736 μαθεῖν,
2493 3661 2580 3717 ὅτι
2637 3659 2729 3734 δὴ,
2761 3663 2898 3718 κατὰ
2939 3662 3032 3717 τὸν
3065 3659 3434 3729 Ἀπόστολον,
3467 3662 3497 3716 6
3527 3660 3696 3733 νόμος

2041 3749 2131 3808 διὰ
2161 3753 2442 3815 Μωϋσέως
2474 3751 2660 3824 ἐδόθη,
2685 3755 2720 3822 ἡ
2751 3752 2917 3828 χάρις
2945 3751 3033 3807 καὶ
3067 3753 3102 3821 ἡ
3134 3750 3386 3822 ἀλήθεια,
3419 3746 3490 3804 δι’
3512 3751 3696 3819 Ἰησοῦ

2038 3844 2276 3916 Χριστοῦ
2304 3839 2544 3916 ἐγένετο’
2579 3864 2608 3894 ››
2642 3841 2732 3894 καὶ
2765 3839 2866 3896 οῦκ
2887 3838 2982 3895 ’ίσα
3009 3841 3077 3895 τά
3106 3843 3219 3912 (21)
3251 3837 3340 3894 διὰ
3371 3836 3574 3895 δούλου
3605 3859 3697 3893 πι-

2039 3935 2166 3986 στοῦ
2216 3928 2630 4003 διδόμενα,τοῖς
2682 3930 2785 3985 ὑπὸ
2831 3934 2928 3986 τοῦ
2965 3929 3192 4006 γνησίου
3223 3930 3350 3984 Υἱοῦ
3409 3926 3696 4004 δωρουμέ-

2035 4042 2172 4083 νοις.
2205 4020 2270 4076 Εἰ
2299 4024 2425 4095 γοῦν
2457 4020 2638 4082 ἱκανὸς
2677 4020 2744 4089 ἦν
2773 4019 2802 4073 ὁ
2835 4018 3113 4082 Μωϋσέως
3159 4018 3325 4093 νόμος
3371 4021 3515 4089 ζωήν
3559 4017 3694 4073 αἰώ-

2034 4129 2148 4167 νιον
2183 4114 2509 4186 παρασχεῖν,
2540 4108 2714 4182 μάτην
2751 4109 2846 4182 μὲν
2880 4109 2908 4164 ὁ
2939 4111 3136 4180 Κωτὴρ
3190 4107 3350 4171 αὐτὸς
3399 4108 3696 4184 παραγίνε-

2033 4221 2142 4270 ται,
2173 4200 2264 4255 καὶ
2295 4199 2496 4275 πάσχει
2530 4196 2600 4254 δι’
2625 4202 2773 4272 ἡμᾶς
2806 4198 2912 4254 ἀπὸ
2941 4199 3202 4275 γενέσεως
3237 4198 3403 4275 μέχρι
3451 4202 3550 4254 τοῦ
3597 4219 3694 4269 ση-

2036 4289 2192 4364 μείου
2229 4290 2330 4358 τὴν
2365 4287 2763 4363 ἀνθρωπὸτητα
2795 4285 3098 4364 διατρέχων
3137 4307 3150 4321 ο
3191 4288 3366 4361 μάτην
3413 4290 3530 4361 (22)
3561 4285 3619 4342 δὲ
3667 4288 3697 4342 6

2033 4380 2206 4443 πάσας
2234 4379 2555 4448 πεποιηκὼς
2585 4376 2646 4434 ἐκ
2673 4377 2930 4448 νεότητος
2971 4378 3064 4440 τὰς
3119 4377 3392 4452 νομίμους
3447 4375 3694 4448 ἐντολὰς,

2031 4469 2175 4544 παρὰ
2207 4466 2384 4524 ἄλλου
2417 4463 2536 4542 ᾔτει
2567 4468 2882 4544 γονυπετῶν
2912 4469 3012 4536 τὴν
3048 4467 3361 4524 ἀθανασίαν.
3395 4463 3538 4524 Οὐδὲ
3589 4465 3696 4541 γὰρ

2030 4556 2368 4634 πεπλήρωκε
2417 4558 2582 4632 μόνον
2643 4558 2734 4612 τὸν
2793 4557 2989 4631 νόμον,
3024 4554 3172 4612 ἀλλά
3227 4557 3318 4612 καὶ
3378 4555 3534 4622 εὐθὺς
3587 4555 3696 4611 ἀπὸ

2031 4647 2256 4724 πρώτης
2313 4646 2536 4718 ἡλικίας
2594 4646 2914 4724 ἀρξάμενος.
2973 4647 3130 4703 Ἐπεὶ
3193 4645 3284 4702 καὶ
3347 4647 3400 4702 τί
3461 4646 3602 4720 μέγα
3657 4644 3694 4716 ἢ

271 4751 401 4793 eam
432 4751 556 4792 rem
586 4731 1113 4797 incubuerat.Quid
1135 4731 1294 4788 enim
1329 4733 1525 4804 magni
1558 4737 1662 4790 aut
1708 4737 1925 4811 egregii

2045 4735 2428 4813 ὑπέρλαμπρον
2484 4743 2659 4814 γῆρας
2716 4733 2909 4812 ἄγονον
2967 4736 3418 4810 ἁμαρτημάτων;
3473 4731 3604 4790 ἀλλ’
3649 4730 3698 4789 ετί

271 4829 381 4898 est,
411 4829 686 4883 senectus
709 4841 824 4882 non
849 4823 938 4879 ita
967 4821 1314 4878 delictorum
1338 4821 1526 4878 ferax?
1553 4825 1654 4880 sed
1689 4826 1738 4882 si
1787 4829 1922 4900 quis

269 4913 613 4974 lasciviente
638 4914 876 4984 juventa
905 4927 974 4967 ac
1003 4909 1191 4966 aetatis
1219 4914 1363 4966 aestu
1394 4915 1690 4971 maturum
1713 4933 1830 4988 prae
1861 4935 1926 4976 se

270 5019 513 5062 sensum
549 5003 718 5073 ferat,
753 5009 811 5058 et
839 5016 1016 5072 quam
1044 5016 1150 5072 pro
1171 4999 1457 5072 temporis
1478 5001 1705 5061 ratione
1729 5009 1926 5065 senior

269 5097 587 5166 appareat;
621 5091 716 5146 hic
748 5089 919 5161 plane
951 5089 1337 5145 admirandus
1359 5106 1427 5146 ac
1451 5092 1766 5161 praclarus
1822 5114 1920 5167 pu_-

271 5183 374 5256 gil,
403 5188 462 5239 et
485 5179 716 5254 judicio
746 5193 951 5234 canus.
986 5179 1091 5233 Hic
1121 5182 1318 5235 tamen
1350 5195 1480 5235 cum
1514 5184 1716 5238 tantus
1745 5161 1918 5254 esset,

270 5273 542 5345 apprime
567 5271 808 5326 noverat
835 5271 1148 5340 certusque
1178 5273 1319 5335 erat,
1355 5269 1504 5324 nihil
1535 5271 1645 5327 sibi
1682 5273 1920 5344 quidem

269 5361 340 5418 ad
369 5360 670 5434 justitiam
705 5359 947 5416 deesse:
981 5358 1222 5414 omnino
1251 5364 1451 5416 autem
1481 5359 1568 5416 illi
1617 5361 1735 5418 vita
1773 5380 1923 5436 opus

268 5455 434 5523 erat;
467 5448 688 5506 idcirco
719 5447 983 5521 praestari
1013 5453 1180 5522 rogat
1209 5449 1281 5506 ab
1311 5465 1402 5518 eo,
1437 5449 1535 5520 qui
1569 5449 1736 5508 solus
1783 5453 1923 5511 dare

2028 4848 2111 4890 τις
2145 4825 2198 4882 ἐν
2228 4828 2559 4901 σκιρτήματι
2588 4824 2855 4898 νεοτησίῳ
2897 4824 2986 4881 xui
3017 4829 3097 4897 τῷ
3127 4824 3365 4880 καύσωνι
3414 4830 3516 4894 τῆς
3561 4819 3700 4892 ἡλι-

2029 4917 2153 4980 κίας
2189 4917 2500 4992 παρέχηται
2560 4915 2822 4992 φρόνημα
2867 4915 3128 4986 πεπανὸν,
3182 4913 3272 4970 καὶ
3333 4908 3699 4989 πρεσϐύτερον

2029 5009 2126 5062 τοῦ
2151 5005 2380 5080 χρόνου,
2415 5003 2728 5078 θαυμαστὸς
2762 5006 2922 5067 οὗτος
2975 5005 3286 5080 ἀγωνιστὴς
3335 5003 3425 5060 καὶ
3473 4999 3694 5077 διαπρε·

2029 5096 2162 5166 πῆς,
2185 5095 2271 5149 xui
2333 5094 2434 5162 τὴν
2466 5095 2694 5170 γνώμην
2727 5092 3092 5168 πολιώτερος.
3129 5091 3289 5148 Ἀλλ’
3322 5092 3476 5166 ὅμως
3537 5091 3698 5153 οὗτος

2031 5187 2060 5241 6
2089 5189 2340 5246 τοιοῦτος
2389 5179 2632 5259 ἀκριϐῶς
2681 5185 2994 5254 πέπεισται,
3027 5180 3164 5238 διότι
3221 5183 3368 5255 αὐτῷ
3419 5181 3555 5258 πρὸς
3601 5180 3696 5253 μὲν

2483 5271 2556 5294 at“
2652 5272 2666 5294 ξ
2710 5270 2786 5294 5,-

2031 5363 2198 5433 αῦτὴν
2245 5363 2384 5420 αἰτεῖ
2432 5362 2583 5438 παρὰ
2637 5365 2738 5416 τοῦ
2790 5359 2977 5416 δοῦναι
3032 5362 3201 5435 μόνου
3233 5359 3556 5434 δυναμένου.
3591 5359 3696 5418 Καὶ

2029 5453 2166 5529 πρὸς
2219 5453 2313 5527 μὲν
2345 5453 2437 5508 τὸν
2467 5451 2639 5526 νόμον
2671 5451 2786 5525 ἄγει
2817 5449 3147 5530 παρρησίαν,
3174 5455 3270 5508 τοῦ
3303 5455 3438 5506 Θεοῦ
3489 5446 3546 5504 δὲ
3602 5448 3696 5504 τὸν

337 5600 404 5686 νζ(
442 5601 501 5659 Ρ.
533 5599 642 5656 930
671 5599 784 5658 ED.
815 5600 1119 5658 POTTEB.
1153 5601 1232 5674 (a)
1253 5600 1462 5659 Matth.
1495 5617 1575 5672 x1,
1615 5603 1696 5658 17.
1730 5603 1802 5677 (b)
1824 5605 1930 5663 Joa

2057 5607 2145 5674 17,
2170 5605 2378 5676 (c)Gal.
2413 5621 2476 5678 ιι,
2509 5606 2599 5662 21.
2635 5589 2714 5677 (d)
2732 5604 2906 5662 Marc.
2938 5623 2996 5678 x,
3026 5607 3115 5662 20.

271 5717 454 5902 “(20;
479 5755 691 5846 Μεῖναι,
726 5756 896 5813 Forte
927 5755 1006 5846 μὴ
1041 5754 1198 5812 εἶναι.
1233 5756 1396 5812 FBLL.

335 5826 420 5901 (2"
478 5829 598 5884 ’Ίσα
627 5847 718 5887 τα.
757 5829 866 5888 Ms.
899 5847 976 5890 εις
1009 5827 1098 5886 τά.
1134 5831 1220 5884 In.

335 5825 450 5901 (24)
478 5829 598 5884 "ica
627 5825 718 5887 τά.
757 5829 866 5888 Ms.
899 5825 976 5890 εἷς
1009 5827 1098 5886 τά.
1134 5831 1220 5884 ID.

2100 5759 2212 5841 (22)
2268 5754 2456 5828 Μάτην
2469 5801 2480 5814 .

2033 5830 2075 5888 Ρ
2078 5759 2212 5887 1$28)
2268 5758 2480 5828 Μάτην.
2571 5758 2733 5817 Conf.
2815 5763 3026 5818 διν-θυι.
3079 5776 3184 5830 vn,
3238 5778 3293 5832 p.
3351 5761 3479 5831 747,
3541 5759 3685 5816 edit.
