4124 6402
318 461 430 528 613

1481 467 1696 524 LIBER
1733 469 1904 534 QUIS
1940 464 2160 524 DIVES
2198 469 2602 524 SALVETUR.

3638 471 3747 528 6H

315 595 442 650 Υἲὸν
504 591 754 649 ἱκετεύει.
788 593 886 649 Ἐκ
941 590 1176 654 πίστεως
1225 589 1303 654 εἷς
1347 588 1526 645 πίστιν
1573 592 1980 664 μετατάσσεται.

2110 593 2303 664 possit.
2337 595 2408 648 At
2438 593 2676 664 quidem
2709 594 2779 648 ad
2816 592 3000 665 legem
3021 595 3176 666 quod
3201 597 3446 666 spectat,
3469 594 3638 668 longe
3655 613 3748 654 se-

313 686 404 747 Ὠς
465 679 757 759 σφαλερῶς
814 680 867 736 ἐν
917 680 1076 754 νόμῳ
1150 677 1394 735 σαλεύων
1463 679 1554 735 καὶ
1626 677 1989 744 ἐπικινδύνως

311 774 639 850 ναυλοχῶν,
670 770 748 836 εἷς
776 770 869 827 τὸν
906 776 1142 843 Σωτῆρα
1176 770 1593 846 μεθορμίζεται.

399 1070 470 1124 6'.
512 1068 572 1125 Ὁ
629 1069 759 1142 γοῦν
821 1068 1034 1138 Ἰησοῦς
1094 1067 1194 1122 οὐκ
1248 1065 1465 1144 ἐλέγχει
1529 1068 1624 1140 μὲν
1679 1065 1860 1134 αὐτὸν,
1916 1065 1990 1128 ὡς

320 1161 496 1213 πάντα
521 1156 590 1212 τὰ
618 1155 677 1212 ἐκ
709 1157 884 1229 νόμου
929 1157 1005 1230 μή
1055 1156 1485 1232 πεπληρωκότα,
1512 1155 1662 1212 ἀλλά
1714 1155 1803 1212 καὶ
1861 1155 1990 1232 ἀγα-

317 1252 396 1318 πᾷ
421 1247 512 1302 καὶ
548 1245 982 1322 ὑπερασπάζεται
1014 1253 1116 1316 τῆς
1171 1246 1222 1301 ἐν
1261 1249 1346 1310 οἷς
1396 1243 1594 1320 ἔμαθεν
1636 1243 1939 1310 εὐπειθείας
1977 1263 1991 1276 ·

317 1335 487 1406 ἀτελῆ
535 1332 594 1391 δὲ
643 1335 777 1391 εἶναι
825 1335 989 1414 φησὶν
1043 1335 1117 1398 ὡς
1162 1337 1299 1411 πρὸς
1328 1337 1426 1406 τὴν
1460 1335 1683 1390 αἰώνιον
1719 1335 1885 1405 ζωὴν,
1917 1333 1992 1395 ὡς

315 1425 381 1482 οὐ
409 1424 595 1481 τέλεια
624 1424 1039 1499 πεπληρωκότα
1073 1446 1086 1459 ο
1120 1425 1211 1482 καὶ
1243 1427 1419 1501 νόμον
1456 1427 1551 1500 μὲν
1607 1423 1861 1500 ἐργάτην,
1894 1423 1992 1498 ἀρ-

312 1517 411 1592 γὸν
463 1513 521 1571 δὲ
572 1520 718 1586 ζωῆς
769 1515 1063 1587 ἀληθινῆς.
1099 1515 1250 1572 Καλὰ
1307 1516 1402 1589 μὲν
1435 1514 1662 1570 κάκεῖνα
1695 1534 1706 1547 ·
1733 1513 1818 1576 τίς
1851 1511 1898 1568 δ’
1927 1509 1990 1568 ού

315 1626 480 1684 φησιν
513 1627 526 1676 ;
563 1605 627 1660 ἹΙ
681 1605 784 1682 γὰρ
818 1603 1074 1675 «ἐντολή
1140 1603 1264 1682 ἁγία
1326 1627 1352 1659 ν
1418 1602 1554 1681 ἄχρι
1615 1601 1993 1680 παιδαγωγίας

314 1695 466 1758 τινὸς
523 1695 660 1768 μετά
719 1691 894 1773 φόϐου
941 1695 1032 1750 καὶ
1065 1691 1454 1769 προπαιδείας,
1490 1694 1580 1750 ἐπὶ
1630 1695 1732 1765 τήν
1759 1697 1856 1749 τοῦ
1885 1693 1994 1763 Ἰη-

317 1787 420 1838 σοῦ
479 1784 808 1857 νομοθεσίαν
868 1785 972 1852 τὴν
1033 1781 1199 1858 ἄκραν
1255 1782 1346 1838 καὶ
1377 1783 1541 1860 χάριν
1571 1785 1989 1860 προχωροῦσαο

319 1870 611 1948 πλήρωμα
643 1870 700 1927 δὲ
726 1873 901 1946 νόμου
931 1874 1170 1947 Χριστὸς
1195 1873 1271 1936 εἷς
1301 1870 1650 1944 δικαιοσύνην
1703 1871 1858 1927 παντῖ
1914 1875 1994 1944 τῷ

2097 701 2274 739 curus
2306 688 2450 751 erat,
2485 682 2588 738 Dei
2618 686 2817 738 tamen
2850 682 2994 740 Filio
3027 683 3341 758 supplicat.
3378 690 3457 741 Ex
3515 686 3629 742 fide
3686 687 3747 745 in

2097 775 2273 828 ﬁdem
2306 773 2680 828 transfertur.
2705 772 2897 828 Veluti
2922 775 3022 846 qui
3048 792 3164 830 non
3188 779 3312 830 tuto
3335 775 3394 830 in
3419 775 3564 850 legis
3586 776 3747 833 navi-

2098 862 2192 936 gio
2215 864 2543 934 jactaretur
2572 879 2637 918 ac
2661 861 2987 933 periculose
3010 864 3323 921 stationem
3339 865 3644 937 habuerat,
3675 867 3748 924 ad

2095 953 2457 1009 Salvatorem
2489 953 2863 1009 transmittit.

2169 1070 2261 1126 IX.
2294 1072 2365 1126 At
2394 1087 2527 1126 vero
2543 1071 2716 1127 Jesus
2743 1087 2858 1126 non
2883 1070 3050 1126 illum
3078 1072 3398 1144 redarguit,
3420 1075 3573 1146 quod
3597 1074 3744 1148 legis

2099 1159 2297 1215 omnia
2319 1177 2436 1217 non
2467 1160 2816 1232 impleverit,
2851 1161 2994 1232 quin
3018 1161 3195 1217 etiam
3231 1161 3444 1235 diligit,
3485 1169 3542 1220 et
3587 1166 3743 1238 quod

2099 1249 2194 1317 iis,
2229 1251 2444 1321 quibus
2475 1250 2664 1306 fuerat
2695 1249 3027 1318 institutus,
3053 1255 3290 1307 strenue
3311 1254 3625 1310 obsecutus
3646 1255 3744 1325 sit,

2099 1339 2300 1411 passis
2327 1341 2483 1396 ulnis
2514 1339 2910 1411 amplectitur.
2945 1343 3018 1396 ad
3041 1340 3220 1396 vitam
3246 1346 3442 1400 tamen
3469 1348 3746 1402 aeternam

2100 1430 2258 1500 quod
2292 1429 2522 1496 attinet,
2580 1429 2991 1500 imperfectum
3023 1447 3158 1487 eum
3191 1432 3552 1504 pronuntiat,
3588 1434 3746 1507 quod

2101 1538 2168 1577 ea
2199 1538 2326 1593 quae
2357 1521 2734 1593 perfectionis
2765 1526 2926 1590 sunt,
2959 1538 3075 1578 non
3099 1523 3466 1596 impleverit;
3500 1542 3566 1582 ac
3601 1525 3748 1599 legis

2101 1611 2340 1683 quidem
2371 1611 2708 1683 operarium
2741 1610 2903 1677 dicit,
2936 1627 3137 1668 verum
3170 1612 3231 1668 in
3262 1617 3487 1670 eterna;
3513 1615 3642 1672 vita:
3663 1633 3748 1674 re-

2103 1702 2213 1756 bus
2243 1704 2622 1756 cessatorem.
2648 1705 2807 1756 Bona
2827 1701 3060 1772 quidem
3093 1705 3149 1757 et
3178 1702 3315 1773 illa;
3345 1702 3480 1775 quis
3499 1708 3593 1760 eat
3613 1704 3747 1762 inﬂ-

2100 1788 2258 1844 tias?
2287 1789 2433 1844 Nam
2455 1811 2484 1839 «
2504 1789 2851 1845 mandatum
2885 1793 3156 1846 sanctum
3187 1791 3265 1863 (α)
3288 1813 3317 1841 ››
3349 1792 3634 1851 hactenus
3684 1798 3751 1851 ut

2104 1877 2405 1951 paedagogi
2437 1878 2748 1949 cujusdam
2769 1877 2888 1934 vice
2909 1895 3045 1935 cum
3068 1879 3278 1936 timore
3302 1880 3582 1953 fungatur
3599 1899 3748 1955 pras-

321 1962 671 2018 πιστεύοντι·
702 1963 832 2038 οὐχὶ
880 1961 938 2018 δὲ
989 1961 1224 2026 δούλους
1273 1968 1452 2018 ποιῶν
1493 1963 1569 2026 ὡς
1603 1960 1824 2032 δοῦλος,
1849 1959 1997 2016 ἀλλὰ

2110 1967 2728 2039 viasqueinstitutionis
2751 1967 2850 2039 (ὸ),
2874 1968 2944 2023 ad
2970 1985 3271 2026 summum
3293 1969 3442 2044 legis
3460 1974 3604 2028 Jesu
3628 1988 3750 2028 ver-

319 2052 416 2108 καὶ
448 2051 600 2116 υἱοὺς
631 2053 722 2108 καὶ
750 2052 1020 2131 ἀδελφοὺς
1049 2053 1140 2108 καὶ
1175 2051 1672 2128 συγκληρονόμοος
1703 2051 1829 2114 τοὺς
1873 2049 1990 2106 ἐπι-

315 2141 612 2205 τελοῦντας
639 2143 701 2198 τὸ
731 2141 948 2216 θέλημα
975 2147 1073 2198 τοῦ
1103 2141 1340 2219 Πατρός.

399 2445 457 2501 l'.
489 2466 519 2496 «
549 2440 612 2500 Ei
669 2438 848 2506 θέλεις
901 2437 1110 2503 τέλειος
1157 2441 1404 2516 γενέσθαι
1436 2459 1449 2474 ·
1485 2440 1586 2496 οὐκ
1628 2438 1734 2517 ἄρα
1780 2463 1868 2498 πω
1904 2444 1992 2498 τέ-

325 2531 480 2594 λειος
511 2530 578 2601 ἦν
607 2549 620 2563 ⁸
656 2527 820 2585 οὐδὲν
864 2531 966 2608 γὰρ
1009 2530 1226 2586 τελείου
1280 2528 1638 2606 τελειότερον.
1675 2532 1779 2589 Καὶ
1837 2531 1998 2597 θείως

325 2622 414 2691 τὸ,
444 2645 472 2674 α
502 2621 564 2678 Εἰ
616 2619 818 2687 θέλεις,
852 2641 881 2671 ››
927 2619 990 2675 τὸ
1053 2619 1393 2691 αὐτεξούσιον
1454 2628 1554 2691 τῆς
1601 2618 1998 2699 προσδιαλεγο-

342 2710 510 2786 μένης
535 2709 682 2782 αύτῷ
712 2713 901 2785 ψυχῆς
931 2707 1206 2779 ἐδήλωσεν
1245 2729 1258 2743 ο
1294 2708 1382 2766 ἐπὶ
1427 2714 1507 2782 τῷ
1565 2711 1836 2784 ἀνθρώπῳ
1892 2711 1996 2788 γὰρ

338 2801 410 2870 ἦν
443 2802 476 2870 ἡ
505 2796 732 2877 αθίρεσις,
767 2799 843 2861 ὡς
899 2796 1166 2874 ἐλευθέρῳ
1194 2819 1206 2832 ·
1239 2797 1328 2853 ἐπὶ
1389 2804 1506 2872 Θεῷ
1560 2797 1618 2854 δὲ
1646 2802 1681 2870 ἡ
1715 2798 1886 2873 δόσις,
1920 2801 1994 2862 ὡς

343 2890 543 2965 Κυρίῳ.
604 2886 801 2943 Δίδωσι
856 2885 915 2942 δὲ
967 2885 1331 2963 βουλομένοις
1375 2890 1464 2943 καί
1528 2886 1996 2966 ὑπερσπουδακόσι

341 2979 434 3036 καὶ
467 2977 772 3053 δεομένοις,
799 2974 872 3032 τίν’
904 2975 1079 3038 οὕτως
1124 2974 1264 3039 ἴδιος
1313 2975 1488 3032 αὐτῶν
1617 2978 1862 3054 σωτηρία
1907 2979 1997 3054 γέ-

338 3089 520 3140 νηται.
556 3067 636 3126 Οὐ
691 3067 794 3143 γὰρ
853 3065 1143 3143 ἀναγκάζει
1200 3068 1227 3122 ὁ
1290 3067 1420 3128 Θεὸς
1479 3067 1594 3142 (βία
1643 3068 1747 3144 γὰρ
1797 3068 1996 3143 ἐχθρὸν

339 3160 501 3233 Θεῷ),
533 3155 686 3214 ἀλλά
735 3160 854 3219 τοῖς
916 3160 1141 3227 ζητοῦσι
1197 3157 1434 3231 πορίζει,
1467 3156 1556 3212 καὶ
1611 3163 1731 3219 τοῖς
1786 3158 1998 3213 αἰτοῦσι

334 3247 593 3324 παρέχει,
623 3245 715 3302 καὶ
768 3251 883 3308 τοῖς
933 3245 1223 3321 κρούουσιν
1291 3245 1521 3320 ἀνοίγει.
1554 3245 1620 3303 Ei
1668 3245 1847 3309 θέλεις
1879 3248 1996 3316 οὗν,

2102 2056 2274 2112 ticem
2305 2057 2678 2129 gratiamque
2706 2055 2860 2112 viam
2893 2061 3162 2114 sternens
3196 2076 3209 2115 :
3252 2057 3555 2130 plenitudo
3610 2078 3747 2119 vero

2101 2145 2249 2218 legis
2262 2145 2532 2202 Christus
2547 2146 2618 2201 ad
2628 2145 2923 2217 justitiam
2939 2147 3099 2203 omni
3117 2148 3375 2204 credenti
3395 2150 3487 2223 (c);
3510 2166 3630 2207 non
3647 2150 3749 2224 qui

2104 2241 2168 2291 ut
2194 2252 2398 2292 servus
2429 2252 2623 2292 servos
2655 2234 2851 2306 faciat,
2885 2236 2985 2291 sed
3017 2240 3075 2292 et
3134 2235 3285 2293 ﬁlios
3315 2242 3374 2294 et
3428 2239 3635 2296 fratres
3692 2242 3753 2296 et

2103 2325 2458 2394 coheredes,
2491 2326 2683 2381 Patris
2715 2325 3078 2382 voluntatem
3106 2326 3390 2385 facientes
3417 2332 3678 2401 prastat.

2175 2445 2245 2497 X.
2278 2460 2300 2490 ι
2334 2441 2392 2496 Si
2421 2441 2511 2496 vis
2543 2441 2836 2513 perfectus
2853 2457 2984 2497 esse
3004 2441 3123 2513 (d)»
3143 2443 3414 2499 Nondum
3459 2458 3596 2517 ergo
3617 2459 3754 2517 per-

2105 2531 2292 2586 fectus
2323 2533 2450 2586 erat
2475 2547 2487 2584 :
2513 2531 2770 2602 perfecto
2801 2546 3058 2602 namque
3097 2531 3246 2586 nihil
3292 2533 3609 2604 perfectius
3638 2538 3752 2592 est.

2105 2622 2378 2676 Ceterum
2412 2618 2684 2692 praeclare
2714 2619 2858 2675 illud
2917 2624 3094 2692 atque
3150 2619 3377 2678 divine:
3429 2644 3459 2674 «
3487 2622 3548 2679 Si
3576 2624 3690 2692 vis,
3722 2643 3750 2677 ι

2107 2709 2496 2782 colloquentis
2553 2709 2764 2764 animae
2813 2708 3061 2765 liberam
3121 2711 3351 2767 arbitrii
3415 2712 3752 2770 facultatem

2106 2799 2401 2857 ostendit:
2434 2799 2492 2854 in
2524 2797 2760 2854 homine
2777 2798 3014 2870 quippe.
3037 2803 3321 2872 tanquam
3344 2800 3548 2873 libero,
3572 2801 3758 2860 libera

2106 2893 2231 2945 erat
2243 2887 2563 2945 voluntatis
2585 2887 2792 2945 electio
2816 2905 2830 2956 ;
2856 2889 2914 2943 in
2937 2895 3056 2945 Doe
3077 2894 3272 2945 autem
3289 2892 3447 2960 dare,
3469 2896 3754 2964 tanquam

2111 2980 2354 3035 Domino
2383 2983 2559 3051 atque
2602 2977 2845 3035 arbitro.
2903 2978 3014 3035 Dat
3065 2984 3260 3036 autem
3312 2980 3641 3038 volentibus
3697 2984 3758 3038 et

2109 3084 2342 3125 summo
2374 3067 2573 3124 studio
2613 3067 3018 3124 adnitentibus
3067 3072 3125 3124 et
3180 3071 3507 3142 orantibus,
3557 3075 3624 3127 ut
3671 3070 3756 3128 sic

2110 3157 2341 3214 illorum
2359 3157 2596 3230 propria
2607 3157 2856 3213 exsistat
2876 3157 3060 3215 salus.
3084 3157 3284 3230 Neque
3307 3159 3464 3215 enim
3487 3164 3640 3216 Deus
3657 3176 3756 3217 co-

2108 3247 2193 3321 git
2217 3247 2330 3320 (vis
2361 3247 2519 3303 enim
2551 3247 2791 3303 inimica
2813 3250 2902 3302 est
2930 3247 3092 3319 Deo),
3113 3248 3213 3303 sed
3233 3250 3634 3319 quaerentibus
3657 3249 3757 3306 tri-

336 3337 384 3393 εἰ
417 3334 589 3399 ὄντως
628 3335 831 3409 θέλεις,
859 3335 949 3391 καὶ
1002 3337 1079 3409 μὴ
1136 3335 1322 3390 ἑαυτὸν
1371 3335 1655 3407 ἐξαπατᾷς,
1687 3344 1885 3407 κτῆσαι
1930 3339 1994 3394 τὸ

2110 3337 2255 3408 buit,
2289 3341 2347 3393 et
2375 3335 2674 3409 petentibu
2685 3354 2712 3393 s
2727 3337 2963 3410 praebet,
2980 3353 3045 3393 ac
3059 3337 3438 3409 pulsantibus
3452 3340 3638 3411 aperit
3658 3339 3756 3412 (θ).

334 3425 537 3485 ἐνδέον.
558 3428 655 3484 Ἔν
689 3447 775 3481 σοι
826 3425 1023 3496 λείπει,
1056 3428 1121 3481 τὸ
1175 3426 1230 3482 ’ἐν
1266 3427 1328 3482 τὸ
1381 3425 1565 3499 μένον,
1597 3428 1659 3482 τὸ
1691 3427 1913 3503 ἀγαθὸν,
1937 3430 2000 3484 τὸ

334 3513 445 3588 ἤδη
479 3515 614 3592 ὑπὲρ
645 3515 840 3589 νόμον,
874 3517 1006 3592 ὅπερ
1038 3516 1211 3588 νόμος
1253 3516 1316 3570 ού
1366 3512 1614 3585 δίδωσιν,
1650 3517 1782 3594 ὅπερ
1829 3517 2000 3590 νόμος

337 3607 400 3662 ού
433 3610 632 3682 χωρεῖ,
658 3606 688 3660 ’ὃ
714 3609 824 3660 τῶν
857 3605 1077 3675 ζώντων
1109 3601 1252 3659 ἴδιόν
1311 3602 1474 3662 ἐστιν.
1508 3604 1740 3678 Ἀμέλει
1772 3607 1799 3661 ὁ
1830 3608 2004 3662 πάντα

342 3696 407 3753 τὰ
433 3701 530 3752 τοῦ
561 3694 738 3768 νόμου
767 3691 1071 3770 πληρώσας
1101 3691 1161 3750 ἐκ
1192 3692 1448 3764 νεότητος
1478 3695 1568 3749 καὶ
1617 3695 1683 3750 τὰ
1726 3697 2002 3771 ὑπέρογκα

340 3785 733 3866 φρυαξάμενος,
763 3783 819 3839 ἓν
846 3787 1012 3838 τοῦτο
1044 3790 1316 3860 πραθῆναι
1345 3789 1462 3846 τοῖς
1491 3783 1648 3847 ὅλοις
1680 3784 1740 3840 ού
1773 3783 2003 3859 δεδύνη-

341 3897 450 3944 ται,
481 3875 544 3931 τὸ
601 3878 700 3930 τοῦ
759 3879 1021 3949 Σωτῆρος
1067 3871 1362 3948 ἐξαίρετον,
1391 3873 1487 3928 ’ἱνα
1513 3871 1657 3949 λάϐῃ
1694 3876 1838 3945 ζωὴν
1869 3875 2001 3931 αἰώ-

342 3986 483 4034 νιον,
514 3965 579 4034 ἣν
608 3962 790 4019 ἐπόθει
820 3981 833 3996 ·
867 3961 1015 4018 ἀλλά
1048 3959 1385 4039 δυσχεράνας
1428 3964 1694 4036 ἀπῆλθεν,
1718 3965 2002 4040 ἀχθεσθεὶς

341 4059 425 4128 τῷ
472 4051 892 4130 παραγγέλματι
947 4059 1049 4123 τῆς
1096 4058 1266 4122 ζωῆς,
1332 4053 1466 4129 ὑπὲρ
1519 4055 1586 4122 ἧς
1643 4054 1898 4112 ἱκέτευεν.
1930 4054 2002 4108 Οὐ

340 4146 442 4222 γὰρ
499 4144 729 4214 ἀληθῶς
791 4145 936 4214 ζωὴν
991 4140 1210 4215 ἤθελεν,
1238 4143 1313 4205 ὡς
1360 4141 1608 4221 ἔφασκεν,
1650 4144 1796 4202 ἀλλά
1846 4143 2000 4215 δόξαν

343 4231 717 4309 προαιρέσεως
774 4233 980 4308 ἀγαθῆς
1044 4230 1214 4305 μόνην
1260 4227 1656 4306 περιεϐάλλετο
1691 4254 1703 4268 ·
1737 4234 1827 4289 καὶ
1877 4233 2002 4310 περὶ

346 4319 531 4376 ποΛλὰ
563 4321 657 4394 μὲν
691 4320 810 4382 οἶός
836 4341 895 4374 τε
937 4320 1004 4389 ἦν
1038 4319 1420 4395 ἀσχολεῖσθαι,
1451 4322 1514 4377 τὸ
1574 4319 1631 4376 δὲ
1672 4321 1752 4394 ἓν,
1784 4323 1846 4378 τὸ
1901 4325 2001 4393 τῆς

348 4414 494 4480 ζωῆς
552 4405 715 4486 ἔργον
779 4406 1044 4472 ἀδύνατος
1104 4410 1195 4465 καὶ
1252 4407 1573 4485 ἀπρόθυμος
1623 4411 1714 4466 καὶ
1773 4412 2001 4480 ἀσθενὴς

341 4498 606 4558 ἐκτελεῖν.
637 4499 858 4556 Ὀποῖόν
917 4521 971 4555 τι
1029 4499 1119 4555 καὶ
1177 4501 1313 4576 πρὸς
1349 4502 1450 4571 τὴν
1485 4502 1714 4578 Μάρθαν
1775 4501 1918 4557 εἶπεν
1973 4503 2002 4558 ὁ

297 4581 310 4592 ’
341 4590 540 4667 Σωτὴρ
573 4589 996 4667 ἀσχολουμένην
1039 4586 1226 4646 πολλὰ
1279 4590 1367 4644 καὶ
1421 4588 1860 4667 περιελκομένην
1911 4591 2002 4646 καὶ

336 4681 750 4760 ταρασσομένην
801 4677 1128 4744 διακονικῶς
1160 4698 1175 4716 ο
1201 4681 1302 4750 τὴν
1354 4678 1413 4736 δὲ
1443 4678 1684 4760 ἀδελφὴν
1737 4681 2002 4757 αἰτιωμέ-

337 4792 460 4842 νην,
495 4771 673 4826 ὅτιτὸ
716 4771 1004 4846 ὑπηρετεῖν
1050 4768 1423 4839 ἀπολιποῦσα,
1449 4775 1570 4833 τοῖς
1613 4770 1773 4826 ποσὶν
1827 4772 2001 4828 αὐτοῦ

338 4863 746 4938 παρακάθηται,
796 4861 1103 4934 μαθητικήν
1150 4859 1359 4938 ἄγουσα
1406 4859 1653 4939 σχολήνσ
1691 4886 1719 4914 ‹‹
1754 4861 1830 4917 Σὺ
1877 4865 2004 4940 περὶ

342 4947 532 5006 πολλὰ
558 4949 800 5026 ταράσσῃ
837 4971 850 4985 ’
886 4951 1070 5027 Μαρία
1101 4948 1159 5006 δὲ
1186 4951 1285 5020 τήν
1319 4950 1529 5028 ἀγαθὴν
1568 4948 1766 5026 μερίδα
1825 4950 2004 5024 ἐξελέ-

344 5039 496 5111 ξατο,
527 5039 619 5095 καὶ
668 5039 768 5095 οὐκ
813 5038 1234 5118 ἀφαιρεθήσεται
1289 5041 1378 5095 ἀπ’
1413 5037 1582 5110 αὐτῆς
1609 5061 1624 5074 ·
1659 5064 1687 5094 ››
1722 5037 1864 5096 οὕτω
1912 5040 2003 5096 καὶ

342 5133 538 5185 τοῦτον
595 5127 829 5196 ἐκέλευε,
888 5133 988 5196 τῆς
1068 5129 1605 5206 πολυπραγμοσύνης
1685 5127 2001 5210 ἀφειμένον,

346 5215 424 5272 ἑνὶ
473 5216 897 5294 προστετηκέναι
946 5219 1038 5274 καὶ
1089 5216 1550 5295 προσκαθέζεσθαι
1578 5223 1647 5294 τῇ
1690 5221 1875 5296 χάριτι
1906 5225 2003 5276 τοῦ

350 5307 500 5377 ζωὴν
523 5307 747 5364 αἶ’ώνιον
781 5305 1152 5386 προτιθέντος.

2113 3427 2171 3482 Si
2194 3426 2279 3482 vis
2305 3427 2506 3500 igitur,
2542 3427 2594 3482 si
2649 3441 2783 3482 vere
2835 3427 2942 3495 vis,
2995 3429 3054 3482 et
3104 3425 3360 3499 teipsum
3402 3444 3517 3484 non
3577 3428 3756 3501 fallis,

2113 3516 2259 3572 illud
2291 3533 2569 3588 compara
2591 3532 2706 3588 quo
2733 3516 3021 3572 deﬁceris.
3045 3514 3239 3572 Unum
3258 3517 3366 3573 tibi
3390 3517 3556 3574 deest
3578 3535 3592 3587 ;
3614 3517 3759 3576 illud

2113 3623 2298 3663 unum
2331 3607 2488 3678 quod
2521 3609 2742 3676 manet,
2775 3607 2931 3677 quod
2965 3606 3185 3662 bonum
3207 3610 3316 3673 est,
3340 3607 3497 3679 quod
3529 3609 3757 3680 estjam

2113 3715 2294 3770 supra
2325 3696 2538 3770 legem,
2570 3697 2726 3767 quod
2759 3694 2851 3751 lex
2871 3712 2986 3752 non
3019 3697 3138 3762 dat,
3169 3695 3322 3768 quod
3356 3696 3447 3752 lex
3497 3713 3614 3753 non
3659 3714 3760 3754 ca-

2115 3785 2220 3858 pit,
2257 3786 2411 3858 quod
2435 3785 2757 3841 viventium
2791 3787 3095 3857 proprium
3127 3790 3234 3842 est.
3267 3786 3529 3859 Denique
3551 3787 3652 3860 qui
3672 3791 3761 3844 to-

2112 3880 2234 3931 tam
2259 3875 2446 3947 legem
2480 3892 2513 3929 a
2535 3875 2847 3945 juventute
2875 3873 3238 3946 impleverat,
3270 3879 3330 3932 et
3359 3876 3457 3948 qui
3482 3877 3554 3932 de
3583 3893 3645 3933 se
3675 3877 3764 3934 sic

2114 3981 2331 4037 magna
2343 3969 2520 4036 atque
2542 3964 2797 4036 superba
2818 3965 3050 4021 locutus
3067 3969 3214 4031 erat,
3233 3981 3416 4021 unum
3445 3966 3549 4021 hoc
3571 3966 3764 4022 omni-

2113 4055 2226 4111 bus
2258 4069 2462 4126 parare
2492 4053 2777 4124 nequivit,
2811 4055 2966 4126 quod
2989 4054 3306 4110 Salvatoris
3327 4054 3626 4127 singulare
3649 4058 3761 4127 est,

2115 4143 2369 4200 utvitam
2385 4148 2662 4200 aeternam
2675 4185 2688 4209 ,
2704 4145 2873 4214 cujus
2888 4160 3019 4199 eum
3045 4143 3404 4200 desiderium
3422 4145 3762 4216 incesserat,

2114 4233 2515 4306 arriperetzi‘
2546 4234 2648 4289 sed
2679 4233 2867 4288 tristis
2898 4233 3063 4300 abiit,
3109 4232 3237 4288 vita
3298 4233 3575 4288 mandato
3624 4249 3764 4306 gra-

2113 4328 2304 4394 vatus,
2337 4323 2508 4393 cujus
2540 4321 2732 4394 gratia
2750 4321 3142 4393 supplicatum
3166 4327 3423 4378 venerat.
3448 4321 3576 4378 Non
3601 4323 3760 4378 enim

2113 4428 2248 4469 vere
2277 4413 2457 4468 vitam
2481 4411 2800 4478 ambiebat,
2833 4416 2897 4466 ut
2923 4411 3117 4467 verbis
3148 4411 3516 4484 proferebat;
3540 4411 3643 4468 sed
3667 4411 3764 4468 bo-

2116 4520 2203 4558 nae
2235 4503 2522 4558 duntaxat
2564 4499 2882 4557 voluntatis
2931 4501 3152 4557 famam
3211 4501 3650 4573 aucupabatur:
3695 4518 3764 4558 ac

2116 4591 2355 4656 quidem
2387 4591 2543 4646 circa
2572 4589 2764 4646 multa
2793 4589 3080 4646 sollicitus
3111 4606 3241 4648 esse
3297 4594 3544 4664 poterat,
3576 4607 3766 4647 unum

2114 4698 2249 4738 vero
2270 4680 2440 4748 illud,
2469 4697 2619 4754 opus
2650 4678 2793 4735 illud
2823 4679 3033 4737 salutis
3064 4684 3131 4736 ut
3161 4682 3484 4754 perficeret,
3516 4697 3766 4738 non’va-

2111 4772 2268 4828 lebat
2300 4788 2314 4840 ;
2349 4771 2525 4842 inque
2557 4786 2676 4826 rem
2708 4771 2961 4842 supinus
2995 4774 3052 4827 et
3081 4771 3356 4828 inﬁrmus
3404 4775 3549 4830 erat.
3601 4772 3768 4829 Sicut

2114 4861 2272 4918 enim
2303 4860 2538 4916 Marthae
2567 4859 2714 4916 dixit
2741 4859 3053 4929 Dominus,
3087 4877 3224 4918 cum
3253 4861 3315 4917 in
3356 4861 3561 4918 multis
3609 4867 3765 4917 esset

2116 4949 2371 5008 sollicita
2392 4955 2450 5007 et
2481 4951 2858 5006 ministrandi
2892 4967 3035 5006 cura
3064 4951 3489 5007 distraheretur
3517 4967 3583 5006 ac
3638 4953 3766 5005 tur-

2115 5042 2373 5109 baretur,
2404 5040 2711 5112 sororique
2740 5039 2880 5096 vitio
2904 5041 3071 5096 daret
3099 5041 3278 5111 quod,
3328 5040 3530 5096 relicto
3589 5038 3766 5094 mini-

2115 5131 2316 5198 sterio,
2363 5131 2591 5186 sederet
2648 5131 2719 5185 ad
2777 5131 2957 5202 pedes
3015 5131 3168 5200 ejus,
3223 5128 3520 5200 discipulis
3578 5129 3764 5184 otium

2115 5226 2398 5294 captans:
2433 5242 2462 5270 «
2486 5221 2573 5276 Tu
2605 5235 2745 5292 erga
2766 5219 2954 5274 multa
2975 5217 3232 5274 turbaris
3264 5233 3277 5272 :
3332 5217 3515 5272 Maria
3568 5220 3766 5272 autem

2115 5311 2400 5382 optimam
2416 5313 2642 5382 partem
2656 5307 2851 5379 elegit,
2865 5325 2988 5379 quae
3008 5323 3122 5363 non
3137 5307 3434 5362 auferetur
3455 5307 3525 5361 ab
3548 5322 3615 5361 ea
3636 5305 3764 5378 (f);»

340 5398 424 5455 ita
453 5399 615 5456 hnnc
647 5417 904 5473 quoque,
937 5401 1246 5473 negotiosa
1273 5402 1659 5474 occupatione
1676 5401 1915 5471 omissa,
1932 5403 2034 5460 uni
2064 5405 2297 5460 tantum
2330 5399 2832 5470 adhererejubet,
2855 5399 3099 5469 ejusque
3119 5396 3379 5454 assidere
3409 5394 3630 5468 gratiae,
3664 5409 3767 5467 qui

347 5484 475 5559 ipse
505 5487 688 5546 vitam
720 5491 1003 5545 aeternam
1036 5497 1398 5562 proponeret.

405 5767 470 5834 ,ις
499 5757 562 5816 Ρ.
589 5758 694 5834 954
737 5760 849 5818 no.
907 5758 1208 5834 POTTEB.
1260 5760 1340 5834 ia)

341 5832 648 5906 (c)"llatth.
670 5849 774 5907 vn,
794 5834 868 5905 7;
902 5834 1043 5892 Luc.
1073 5849 1132 5891 ιι
1159 5832 1217 5891 9.
1249 5832 1317 5906 (Ι)
1345 5835 1483 5890 Luc.
1505 5847 1566 5903 ι,
1594 5832 1687 5903 At,

1401 5757 1573 5816 ROM.
1606 5776 1732 5835 _vu,
1790 5759 1858 5815 12
1914 5759 1988 5834 (b)

2110 5761 2168 5820 ιι.
2203 5779 2290 5835 m,
2345 5761 2437 5817 24.
2497 5758 2568 5832 (c)
2629 5759 2797 5816 Rom.
2848 5774 2908 5832 x,
2963 5757 3015 5815 4.
3067 5755 3158 5830 (d)
3215 5755 3425 5815 Matth.
3483 5759 3766 5827 xu,,2t.
