4124 6416
366 432 475 492 615

1603 418 2008 475 σιωιιτιε
2045 417 2551 475 ALEXANDle

3684 426 3796 485 616

438 555 545 614 XI.
578 552 729 623 Quid
762 564 899 624 ergo
929 547 1039 605 fuit
1068 546 1226 619 quod
1256 543 1342 599 illi
1374 544 1574 618 fugam
1601 541 1811 609 suasit,
1855 540 2019 596 fecit-

2206 538 2312 596 IA'.
2346 539 2406 593 Τί
2437 538 2617 596 τοίνυν
2649 541 2716 610 ἦν
2743 541 2808 597 τὸ
2857 543 3305 619 προτρεψάμενον
3349 547 3510 603 αὐτὸν
3562 546 3641 611 εἰς
3689 570 3797 624 φυ-

371 665 485 724 que
514 650 582 703 ut
609 661 673 702 se
704 660 738 700 a
771 639 1072 713 magistro,
1122 654 1156 693 a
1203 633 1653 708 supplicatione,
1715 650 1750 689 a
1806 647 1929 705 spe,
1991 646 2026 685 a

370 720 508 806 vita,
540 754 572 791 a
603 730 901 790 laboribus
926 727 1288 801 quibusjam
1320 724 1671 797 perfunctus
1700 726 1845 791 erat,
1879 720 2022 777 sub-

369 826 654 885 duceret?
680 821 917 891 Nempe,
951 840 980 868 ‹‹
1003 815 1203 872 Vende
1236 831 1363 887 quae
1414 814 1650 869 habes.»
1708 810 1856 877 Quid
1889 825 2023 865 vero

371 917 482 975 hoc
504 913 612 972 sibi
641 908 1003 966 vult?Haud
1038 922 1197 976 sane,
1229 904 1387 977 quod
1421 903 1659 975 quidam
1694 901 1862 957 obvio
1904 904 2022 955 sta-

368 1005 477 1062 tim
509 1017 691 1060 sensu
724 998 1044 1070 accipiunt,
1073 994 1382 1051 facultates
1415 991 1617 1063 projici
1647 990 1815 1061 jubet
1843 993 1900 1045 et
1930 1004 2024 1060 pe-

369 1092 575 1153 cunias
628 1108 663 1147 a
720 1106 783 1145 se
834 1101 1140 1154 amovere;
1175 1083 1278 1139 sed
1310 1098 1439 1154 quae
1472 1080 1545 1135 de
1605 1078 1824 1135 divitiis
1874 1093 2025 1133 vana

362 1184 591 1259 judicia
621 1185 762 1239 sunt
782 1178 981 1235 animo
1012 1166 1425 1238 exterminare,
1453 1186 1594 1243 erga
1614 1186 1714 1226 eas
1744 1168 2022 1225 eil‘renem

370 1255 681 1332 libidinem
717 1286 784 1327 ac
817 1266 1076 1325 avaritia:
1107 1263 1324 1332 labem,
1351 1255 2024 1325 sollicitudines,szsculi

370 1363 598 1439 spinas,
632 1376 758 1434 quae
792 1357 1085 1415 suﬂ‘ocant
1108 1353 1240 1409 vita
1273 1367 1496 1408 semen.
1519 1349 1689 1405 Haud
1715 1347 1869 1404 enim
1896 1362 2023 1402 ma-

372 1434 558 1528 gnum
588 1451 955 1523 dignumque
988 1441 1383 1509 zemulatione,
1417 1444 1659 1507 temere,
1692 1454 1806 1492 non
1836 1441 1903 1492 ut
1936 1434 2022 1490 vi-

371 1525 493 1602 tam
526 1538 915 1604 nanciscaris,
944 1532 1165 1589 divitiis
1214 1546 1450 1599 carere;
1513 1528 1598 1585 sic
1628 1543 1889 1598 namque
1920 1525 2021 1598 qui

372 1631 522 1691 nihil
552 1644 796 1703 prorsus
826 1624 1071 1693 habent,
1105 1621 1229 1692 sed,
1262 1618 1424 1676 omni
1443 1616 1710 1675 destituti
1725 1616 1854 1672 vitae
1873 1613 2023 1670 sola-

368 1722 475 1792 tio,
504 1716 833 1794 quotidiani
869 1711 1122 1770 mendici
1170 1725 1272 1783 per
1325 1708 1454 1765 vias
1512 1707 1721 1779 inopes
1776 1703 2021 1777 projeeti

371 1815 536 1880 sunt,
559 1825 692 1866 cum
720 1810 776 1863 et
808 1807 987 1861 Deum
1018 1801 1294 1875 ignorent
1329 1798 1551 1869 Deique
1572 1794 1895 1868 justitiam,
1953 1810 2023 1849 ea

371 1903 656 1959 duntaxat
687 1895 915 1984 ratione
948 1892 1110 1984 quod
1122 1893 1383 1984 entrema
1402 1889 1749 1959 premantur
1767 1900 1878 1984 pau
1889 1899 2019 1984 per-
2050 1915 2099 1983 B

372 1995 515 2061 tate,
545 1986 828 2059 omnique
858 1983 990 2039 vitae
1021 1978 1290 2037 subsidio
1321 1979 1580 2041 careant,
1612 1991 1679 2031 ac
1708 1972 1797 2031 vel
1838 1972 2019 2029 mini-

372 2081 486 2138 mis
518 2077 891 2141 deficiantur,
918 2070 1185 2128 omnium
1209 2065 1535 2123 beatissimi
1559 2068 1759 2121 essent
1787 2079 1854 2117 ac
1885 2061 2020 2118 reli-

373 2165 717 2244 giosissimi,
776 2162 1003 2234 solique
1060 2161 1360 2229 compotes
1405 2155 1539 2209 vita:
1596 2157 1844 2208 aeterna.
1906 2151 2022 2207 Nec

371 2274 522 2316 nova
542 2271 635 2313 res
665 2252 936 2310 abdicare
967 2248 1223 2310 divitias,
1278 2249 1335 2300 et
1393 2245 1455 2299 in
1514 2257 1801 2314 pauperes
1849 2245 2025 2311 atque

371 2361 587 2421 egenos
616 2340 851 2414 elargiri
878 2358 893 2411 ;
925 2337 1081 2410 quod
1113 2340 1170 2391 et
1200 2333 1374 2391 multi
1405 2336 1542 2388 ante
1571 2330 1888 2385 Salvatoris
1918 2329 2022 2384 ad-

368 2418 612 2493 ventum
633 2430 1057 2507 praestiterunt,
1082 2442 1201 2499 qua
1212 2427 1277 2479 ut
1291 2422 1622 2478 litterarum
1638 2424 1729 2476 stu
1739 2418 1851 2475 diis
1869 2435 2024 2474 mor-

372 2530 607 2595 tuaque
635 2506 941 2593 sapientiae
961 2516 1261 2582 vacarent,
1294 2528 1409 2583 qua
1440 2515 1506 2566 ut
1534 2508 1698 2565 inani
1741 2506 2028 2580 jactantia

374 2612 637 2674 nominis
664 2610 990 2669 claritatem
1024 2621 1089 2661 ac
1129 2600 1389 2677 gloriolae
1446 2615 1649 2656 curam
1697 2600 2023 2671 captarent.

373 2710 752 2775 Anaxagorae,
778 2694 1111 2764 Democriti,
1143 2695 1434 2750 Cratetes.

448 2790 602 2849 888
624 2789 752 2846 XII.
784 2785 934 2852 Quid
955 2784 1137 2858 igitur
1157 2786 1222 2838 ut
1246 2795 1457 2837 novum
1480 2777 1702 2849 Deique
1724 2776 2024 2849 proprium

373 2881 563 2958 jubet,
595 2896 663 2937 ac
692 2876 888 2935 solum
912 2871 1209 2946 ejusmodi
1251 2874 1314 2925 ut
1336 2867 1626 2958 viviﬁcare
1648 2869 1847 2938 queat,
1870 2864 2027 2937 quod

378 2954 644 3043 antiquis
665 2966 917 3025 salutem
952 2979 1067 3020 non
1101 2958 1346 3018 attulit?
1375 2957 1523 3024 Quid
1553 2973 1689 3012 vero
1747 2954 2028 3012 eximium

376 3042 613 3134 quidiac
643 3054 943 3130 singulare
974 3068 1124 3109 nova
1157 3052 1449 3119 creatura,
1490 3046 1590 3102 Dei
1618 3044 1803 3101 Filius
1824 3042 2031 3116 praeci-

374 3149 464 3224 pit
491 3165 560 3205 ac
588 3148 759 3204 docet
777 3145 806 3200 ?
834 3148 959 3199 Non
994 3141 1100 3197 hoc
1130 3138 1374 3195 mandat
1403 3136 1559 3209 quod
1609 3134 1670 3190 in
1727 3137 2031 3206 aspectum

377 3220 556 3309 cadit,
588 3235 747 3309 quod
777 3233 875 3290 alii
907 3232 1112 3298 iecere,
1143 3229 1243 3285 sed
1277 3226 1435 3283 aliud
1494 3224 1629 3298 quid
1688 3223 1884 3295 majus
1942 3220 2034 3277 di-

377 3328 694 3399 viniusque
723 3326 780 3380 et
810 3320 1146 3396 perfectius,
1196 3316 1350 3389 quod
1381 3313 1481 3369 illo
1513 3312 1918 3387 signiﬁcatur:
1969 3315 2036 3366 ut

382 3416 650 3475 animum
680 3412 909 3471 scilicet
932 3410 1325 3478 effectumque
1379 3403 1536 3459 vitiis
1596 3402 1912 3467 nudemus,
1970 3416 2037 3456 ac

385 3523 513 3581 que
540 3504 734 3561 aliena
764 3505 923 3572 sunt,
957 3496 1242 3555 radicitus
1291 3511 1362 3550 ex
1389 3509 1456 3549 eo
1509 3490 1928 3548 exscindamus
1982 3494 2041 3545 et

385 3579 716 3668 ejiciamus.
745 3595 869 3647 Hoc
900 3585 1182 3643 nimirum
1217 3582 1325 3638 viri
1357 3580 1551 3637 ﬁdelis
1589 3580 1891 3653 proprium
1931 3579 2039 3636 do-

376 3686 756 3751 cumentum,
787 3679 1087 3751 dignaque
1113 3672 1408 3729 Salvatore
1463 3670 1750 3726 doctrina.
1803 3668 2039 3741 Antiqui

386 3773 566 3842 enim,
585 3768 938 3842 contemptis
948 3762 1356 3829 exterioribus,
1372 3760 1779 3833 possessiones
1800 3758 2036 3831 quidem

385 3862 936 3935 reliqueruntpxtac
968 3854 1331 3921 amiserunt;
1394 3851 1491 3906 sed
1533 3849 1673 3904 vitia
1731 3848 1912 3904 animi
1972 3864 2040 3904 ac

384 3950 853 4027 perturbationes
885 3944 1137 4002 arbitror
1164 3946 1223 3998 et
1252 3943 1562 3997 auxerunt.
1603 3937 1849 4009 Superbi
1881 3937 2039 3993 enim

384 4026 453 4100 ex
485 4041 595 4098 hoc
619 4045 677 4095 et
698 4037 831 4094 elati
866 4035 1197 4097 evaserunt,
1224 4030 1422 4087 inanis
1439 4027 1635 4101 gloria;
1659 4027 1837 4099 pleni,
1861 4030 1920 4081 et
1939 4026 2041 4099 qui

383 4129 749 4203 reliquorum
782 4126 1123 4196 contemptu
1150 4121 1526 4187 ducerentur,
1568 4114 1733 4188 quasi
1786 4115 1899 4187 ipsi
1932 4114 2040 4170 ali-

382 4220 526 4294 quid
559 4235 741 4292 supra
769 4215 1071 4273 hominem
1105 4210 1451 4286 gessissent.
1498 4205 1800 4272 Quomodo
1858 4203 2042 4277 igitur

2133 628 2261 699 γήν,
2316 628 2405 683 καὶ
2464 633 2701 695 ποιῆσαν
2772 631 3232 708 ἆπαυτομολῆσαι
3291 639 3388 691 τοῦ
3435 632 3793 709 διδασκάλου,

2128 714 2228 782 τῆς
2277 718 2510 789 ἱκεσίας,
2538 727 2639 791 τῆς
2697 719 2946 795 ἐλπίδος,
2976 730 3076 794 τῆς
3109 729 3277 795 ζωῆς,
3307 729 3417 781 τῶν
3446 747 3796 803 προπεπονη-

2137 805 2350 879 μὲνων;
2383 832 2411 860 ‹‹
2448 808 2716 883 Πώλησον
2744 812 2812 867 τὰ
2844 812 3171 889 ὑπάρχοντά
3203 836 3320 871 σου.
3361 840 3390 868 ››
3419 816 3488 873 Τί
3523 813 3582 871 δὲ
3627 818 3793 873 τοῦτό

2134 895 2276 951 ἐστιν
2305 916 2319 967 ;
2351 896 2473 974 Οὐχ
2516 898 2550 953 ἃ
2598 901 2914 977 προχείρως
2967 900 3221 979 δέχονταί
3255 925 3424 975 τινες,
3454 906 3556 975 τήν
3618 906 3791 984 ὑπάρ-

2132 1010 2338 1066 χουσαν
2389 991 2570 1047 οὐσίαν
2618 993 2918 1071 ἀτορῥίψαι
2962 1000 3290 1072 προστάσσει
3339 997 3431 1053 καὶ
3489 998 3792 1069 ἀποστῆναι

2132 1079 2238 1135 ἀπὸ
2266 1085 2374 1136 τῶν
2401 1082 2709 1158 χρημάτων
2747 1103 2760 1116 ·
2795 1083 2943 1140 ἀλλά
2970 1087 3039 1140 τὰ
3093 1082 3343 1161 δόγματα
3389 1087 3516 1161 περί
3564 1089 3792 1164 χρημά-

2130 1189 2237 1225 των
2297 1170 2531 1244 ἐξορίσαι
2586 1179 2687 1243 τῆς
2745 1176 2953 1250 ψυχῆς,
2984 1175 3086 1243 τήν
3116 1175 3240 1252 περὶ
3276 1176 3409 1232 αὐτὰ
3449 1176 3641 1232 πτοίαν
3701 1179 3796 1234 καὶ

2129 1257 2312 1330 νόσον,
2342 1259 2439 1323 τάς
2495 1259 2783 1336 μερίμνας,
2824 1263 2920 1325 τὰς
2977 1260 3208 1326 ἀκάνθας
3267 1266 3369 1318 τοῦ
3420 1264 3568 1341 βίου,
3616 1264 3672 1319 αἳ
3730 1263 3796 1318 τὸ

2132 1346 2347 1423 σπέρμα
2407 1355 2507 1418 τῆς
2585 1352 2729 1419 ζωῆς
2802 1349 3197 1428 συμπνίγουσιν
3271 1350 3411 1411 Οὔτε
3486 1352 3591 1431 γὰρ
3656 1351 3798 1428 μέγα

2127 1436 2220 1490 καὶ
2254 1435 2506 1507 ζηλωτὸν
2534 1437 2598 1493 τὸ
2627 1437 2923 1510 τηνᾶλλως
2950 1439 3176 1514 ἀπορεῖν
3221 1440 3529 1518 χρημάτων
3585 1443 3661 1516 μὴ
3706 1441 3797 1497 ἐπὶ

2131 1524 2288 1601 λόγῳ
2323 1530 2469 1597 ζωῆς
2503 1545 2516 1558 ⁵
2551 1525 2693 1583 οὕτω
2728 1528 2823 1602 μὲν
2880 1528 2983 1606 γὰρ
3040 1528 3172 1598 ἦσαν
3228 1530 3281 1585 οἱ
3343 1529 3514 1605 μηδὲν
3570 1527 3798 1608 ἔχοντες

2135 1611 2389 1688 μηδαμῆ,
2432 1612 2579 1670 ἀλλὰ
2622 1614 2823 1692 ἔρημοι
2872 1616 2965 1673 καὶ
3026 1623 3273 1691 μεταῖται
3302 1624 3412 1674 τῶν
3438 1618 3521 1698 ἐφ’
3550 1620 3793 1697 ἡμέραν,

2130 1702 2183 1757 οἱ
2215 1703 2351 1757 κατᾶ
2376 1703 2473 1765 τὰς
2505 1700 2669 1768 ὁδοὺς
2718 1704 3043 1781 ἒρῥιμμὲνοι
3087 1708 3330 1783 πτωχοὶ,
3361 1707 3683 1785 ἀγνοοῦντες
3735 1706 3797 1764 δὶ

2129 1791 2259 1846 Θεὸν
2290 1793 2377 1847 καὶ
2412 1789 2758 1864 δικαιοσύνην
2793 1798 2949 1865 Θεοῦ,
2980 1797 3099 1851 κατ’
3131 1795 3264 1851 αὖτὸ
3318 1798 3485 1871 μόνον
3514 1798 3579 1854 τὸ
3612 1795 3793 1874 ἄκρως

2131 1879 2355 1954 ἀπορεῖν
2432 1880 2523 1935 καὶ
2597 1881 2904 1956 ἀμηχανεῖν
2975 1882 3096 1958 βίου
3168 1885 3261 1940 καὶ
3320 1889 3429 1941 τῶν
3482 1884 3793 1962 ἐλαχίστων

2130 1966 2404 2038 σπανίζειν
2459 1971 2871 2044 μακαριώτατοι
2918 1971 3009 2027 καὶ
3060 1972 3494 2052 θεοφιλέστατοι,
3542 1975 3633 2030 καὶ
3691 1976 3793 2049 μό-

2130 2078 2214 2113 νοι
2249 2058 2394 2127 ζωήν
2426 2056 2647 2133 ἔχοντες
2673 2058 2916 2114 αἰώνιον.
2953 2058 3094 2118 Οὔτε
3120 2063 3301 2117 καινὸν
3348 2065 3410 2119 τὸ
3463 2064 3795 2120 ἀπείπασθαι

2130 2145 2369 2202 πλοῦτον
2400 2146 2493 2202 καὶ
2539 2147 2866 2224 ’χαρίσασθαι
2897 2156 3150 2225 πτωχοῖς
3176 2152 3213 2222 ἢ
3243 2153 3495 2222 πένησιν,
3527 2153 3557 2207 ὃ
3586 2151 3796 2209 πολλοὶ

2132 2238 2239 2311 πρὸ
2280 2242 2383 2306 τῆς
2429 2240 2528 2291 τοῦ
2586 2243 2848 2314 Σωτῆρος
2892 2236 3127 2304 καθόδου
3157 2243 3554 2312 πεποιήκασιν,
3588 2242 3642 2297 οἱ
3695 2243 3795 2316 μὶν

2132 2330 2234 2395 τῆς
2284 2324 2359 2387 sic;
2406 2325 2608 2400 λόγους
2657 2325 2873 2403 σχολῆς
2913 2327 3005 2382 καὶ
3052 2335 3249 2405 νεκρᾶς
3294 2329 3487 2410 σοφίας
3513 2327 3714 2402 ἕνεκεν,
3743 2333 3800 2388 οἱ

2138 2411 2197 2470 δὲ
2246 2416 2440 2493 φήμης
2495 2421 2659 2485 κενῆς
2716 2415 2808 2470 καὶ
2864 2415 3201 2490 κενοδοξίας,
3258 2419 3619 2498 Ἀναξαγόραι
3702 2422 3798 2478 καὶ

2135 2502 2475 2579 Δημόκριτοι
2505 2503 2595 2558 καὶ
2627 2504 2927 2579 Κράτητες.

2210 2776 2309 2828 IB'.
2342 2770 2411 2827 Τί
2443 2767 2540 2826 οῦν
2570 2771 2647 2833 ὡς
2677 2772 2885 2845 καινὸν,
2917 2769 3054 2828 ἴδιον
3093 2777 3229 2830 Θεοῦ
3274 2775 3648 2852 παραγγέλλει
3702 2780 3798 2835 καὶ

2143 2855 2305 2933 μόνον
2354 2860 2644 2930 ζωοποιὸν,
2676 2860 2706 2915 ὃ
2749 2861 2878 2923 τοὺς
2926 2861 3229 2938 προτέρους
3278 2862 3380 2920 οῦκ
3407 2859 3613 2934 gemes;
3644 2868 3705 2923 Τί
3740 2864 3801 2924 δδ

2140 2949 2409 3021 ἐξαίρετόν
2431 2971 2487 3005 τι
2515 2951 2550 3019 ἡ
2580 2950 2742 3019 καινή
2799 2950 2989 3022 κτίσις,
3019 2952 3047 3005 ὁ
3108 2952 3236 3015 Υἱὸς
3287 2957 3422 3008 Θεοῦ
3469 2954 3663 3028 μηνύει
3705 2956 3797 3012 καὶ

2141 3036 2382 3095 διδάσκει
2408 3056 2422 3108 ;
2454 3039 2534 3096 Οὐ
2564 3039 2627 3093 τὸ
2654 3037 3006 3113 φαινόμενον,
3040 3039 3172 3114 ὅπερ
3227 3038 3393 3098 ἄλλοι
3444 3046 3803 3117 πεποιήκασι,

2141 3131 2439 3206 παρεγγυᾷ,
2495 3126 2624 3183 ἀλλ’
2678 3124 2861 3205 ἔτερόν
2918 3149 2971 3184 τι
3031 3125 3122 3185 διὰ
3175 3133 3338 3187 τοῦτο
3396 3132 3802 3207 σημαινόμενον

2149 3225 2336 3295 μεῖζον
2393 3218 2484 3275 καὶ
2533 3220 2805 3296 θειότερον
2850 3220 2939 3275 καἱ
2998 3218 3361 3300 τελειότερον,
3390 3222 3455 3280 τὸ
3481 3225 3582 3294 τὴν
3614 3227 3804 3302 ψυχήν

2149 3273 2325 3295 r'"‘I"
2436 3273 2443 3275 ‘
2539 3273 2560 3283 "
2630 3273 2672 3274 "
2713 3273 2767 3296 τί
2854 3273 2917 3275 ""
3012 3273 3239 3277 """"'
3285 3273 3361 3291 ’Ἴ
3402 3273 3452 3280 ⁷*
3493 3273 3576 3294 "I'
3663 3273 3685 3280 '
3742 3273 3755 3280 '
3785 3273 3799 3282 '

2064 3273 2108 3342 Ο
2148 3311 2318 3380 αὐτὴν
2375 3308 2466 3364 καὶ
2513 3309 2612 3378 τήν
2662 3306 2897 3364 διάθεσιν
2937 3315 3223 3387 γυμνῶσαι
3245 3273 3379 3368 Γτῶν
3407 3313 3515 3369 ἀπὸ
3541 3273 3653 3370 τῶἷρ
3693 3273 3807 3371 ’ζτά-

2148 3403 2255 3465 θῶν
2304 3398 2392 3453 καὶ
2450 3395 2722 3473 πρόρριζα
2760 3394 2830 3452 τὰ
2859 3396 3129 3474 ἀλλότρια
3155 3406 3259 3470 τῆς
3290 3402 3524 3476 γνώμης
3555 3401 3803 3477 ἐκτεμεῖν

2145 3487 2236 3544 καὶ
2275 3481 2546 3541 ἐκϐαλεῖν.
2577 3488 2752 3540 Τοῦτο
2800 3486 2901 3561 γὰρ
2943 3483 3084 3542 ἴδιον
3123 3488 3218 3561 μὲν
3248 3493 3351 3544 τοῦ
3380 3494 3576 3546 πιστοῦ
3604 3491 3667 3547 τὸ
3702 3493 3805 3567 μά-

2147 3589 2320 3651 θημα,
2353 3576 2501 3648 ἄξιον
2534 3572 2593 3629 δὶ
2619 3578 2719 3629 τοῦ
2750 3580 3014 3652 Σωτῆρος
3043 3578 3106 3632 τὸ
3155 3576 3418 3654 δίδαγμα.
3449 3581 3519 3638 Οἱ
3557 3581 3661 3658 γάρ
3717 3603 3807 3640 τοι

2146 3671 2410 3743 πρότερον
2467 3667 2980 3739 καταφρονήσαντες
3036 3671 3147 3722 τῶν
3205 3667 3385 3738 ἐκτὸς,
3414 3672 3483 3726 τὰ
3516 3671 3611 3745 μὲν
3666 3675 3807 3744 κτή-

2150 3775 2293 3830 ματα
2348 3753 2560 3832 ἀφῆκαν
2619 3752 2708 3808 καὶ
2785 3753 3210 3829 παραπώλεσαν,
3258 3757 3327 3812 τὰ
3378 3754 3437 3813 δὶ
3491 3758 3636 3830 πάθη
3692 3765 3804 3817 τῶν

2147 3848 2343 3921 ψυχῶν
2397 3842 2553 3916 οἶμαι
2597 3841 2678 3898 ὅτι
2722 3842 2815 3898 καὶ
2859 3846 3307 3920 προσεπέτειναν.
3370 3849 3465 3905 Ἐν
3542 3849 3808 3924 ὗπερεψίᾳ

2146 3934 2247 4017 γὰρ
2298 3930 2547 4008 ἐγένοντο
2595 3932 2686 3986 καὶ
2736 3929 3025 4005 ἀλαζονείᾳ
3064 3935 3156 3989 καὶ
3195 3932 3480 4008 κενοδοξία
3533 3936 3624 3993 καί
3652 3958 3813 4014 περι-

2150 4023 2411 4102 φρονήσει
2469 4024 2579 4076 τῶν
2635 4017 2823 4076 ἄλλων
2881 4021 3317 4095 ἀνθρώπων,ὡς
3348 4025 3506 4080 αὐτοί
3565 4046 3618 4081 τι
3678 4027 3814 4107 aut?

2150 4112 2431 4189 ἄνθρωπον
2496 4108 2868 4184 ἐργαζόμενοι.
2903 4115 3028 4174 Πῶς
3085 4110 3147 4167 ἂν
3198 4111 3290 4169 οῦν
3320 4114 3350 4169 ὁ
3384 4116 3582 4191 Σωτὴρ
3627 4117 3813 4193 παρῄ-

2148 4223 2228 4257 νει
2272 4205 2389 4262 τοῖς
2433 4198 2514 4255 ἀεὶ
2571 4200 2934 4274 βιωσομένοις
2980 4200 3047 4256 τὰ
3093 4201 3377 4277 βλάψοντα
3418 4204 3508 4260 καὶ
3540 4202 3819 4279 λυμανοῦ-

381 4288 655 4368 έειὶνιιιοιῐ
676 4307 737 4363 in
768 4309 1055 4362 aeternum
1082 4299 1329 4357 victuris
1361 4296 1723 4371 praeciperet,
1765 4311 1891 4365 quae
1923 4294 2030 4350 sint

2154 4311 2284 4365 μενα
2325 4289 2464 4366 πρὸς
2509 4288 2611 4357 τήν
2664 4290 2809 4359 ζωὴν
2850 4290 2913 4359 ἢν
2958 4289 3397 4367 ἕπαγγέλλεταις
3433 4294 3532 4350 Καὶ
3588 4295 3690 4369 γὰρ
3747 4293 3809 4351 ἂν

374 4398 653 4456 .nocitura
675 4395 991 4468 labemque
1022 4390 1297 4457 allatura,
1322 4386 1476 4460 quod
1505 4384 1717 4441 attinet
1736 4384 1806 4439 ad
1835 4383 2042 4449 vitam,

381 4503 562 4563 quam
593 4488 795 4543 sancte
824 4479 1180 4558 pollicetur?
1208 4478 1355 4535 Nam
1390 4475 1503 4533 etsi
1535 4472 1679 4529 illud
1713 4471 2041 4544 contigerit,

2149 4377 2368 4435 κάκεῖνό
2418 4376 2553 4446 ἐστι,
2586 4373 2811 4432 δύναταί
2854 4398 2938 4441 τις
2984 4378 3496 4454 ἀποφορτισάμενος
3546 4383 3647 4453 τὴν
3674 4389 3810 4455 κτῆ-

2152 4490 2258 4538 σιν,
2310 4464 2464 4522 οὐδὶν
2506 4468 2669 4536 ἦττον
2722 4460 2800 4521 ἔτι
2847 4467 2949 4535 τὴν
3000 4465 3288 4541 ἐπιθυμίαν
3333 4469 3423 4525 καὶ
3480 4470 3580 4540 τήν
3636 4466 3812 4547 ὄρεξιν

385 4549 578 4651 potest
597 4574 755 4649 quis,
777 4549 1042 4646 deposito
1074 4567 1420 4624 facultatum
1439 4579 1633 4629 onere,
1658 4561 2030 4618 nihilominus

2149 4562 2261 4614 τῶν
2313 4557 2621 4637 χρημάτων
2667 4549 2817 4632 ἔχειν
2866 4556 3213 4628 ἐντετηκυῖαν
3269 4559 3356 4613 καὶ
3408 4564 3649 4629 συζῶσαν
3677 4579 3691 4594 °
3723 4563 3818 4618 καὶ

385 4639 579 4724 adhuc
609 4639 993 4739 pecuniarum
1018 4657 1399 4730 cupiditatem
1429 4654 1498 4709 ad
1523 4652 1685 4709 sitim
1708 4652 1907 4708 animo
1925 4651 2030 4707 inor

2152 4647 2254 4739 τήν
2315 4646 2429 4739 μὲνΔ
2464 4652 2668 4739 χρῆσιν
2701 4639 3185 4739 ἀποϐεξληρναι,
3221 4647 3442 4724 ἀπορῶν
3489 4645 3548 4705 δὲ
3578 4651 3693 4725 ἅμα
3720 4651 3817 4707 καὶ

383 4754 550 4813 litam
580 4731 991 4828 vigentemque
1020 4747 1238 4802 habere
1262 4761 1275 4799 :
1300 4760 1368 4800 ac
1402 4758 1574 4798 usum
1604 4742 1842 4813 quidem
1880 4740 2030 4811 abie-

2157 4737 2345 4828 ποθῶν
2370 4735 2530 4828 ,ἅπερ
2580 4733 2873 4828 ἐσπάθησε,
2907 4731 3080 4805 διπλῆ
3127 4733 3438 4806 λυπεῖσθαι,
3467 4737 3558 4794 καὶ
3614 4742 3684 4814 τῇ
3715 4747 3820 4812 τῆς

386 4845 558 4913 cisse,
591 4840 922 4916 indigentia
955 4843 1152 4894 tamen
1177 4831 1478 4902 simulque
1509 4830 1801 4887 desiderio
1825 4829 2038 4901 dilapi-

375 4934 534 4993 date
566 4932 647 4991 rei
676 4927 1007 4996 familiaris,
1035 4921 1349 4997 dupliciter
1366 4918 1582 4990 dolere,
1605 4924 1731 4975 tum
1757 4918 2036 4974 nimirum

387 5024 545 5098 quod
581 5023 777 5079 desint
798 5014 1134 5075 necessaria
1163 5010 1419 5075 servitia,
1468 5014 1592 5065 tum
1627 5009 1781 5081 quod
1814 5024 1884 5063 ea
1936 5008 2040 5063 ab-

2150 4820 2446 4895 ὑπηρεσίας
2499 4820 2735 4894 ἀπουσίᾳ
2780 4822 2874 4878 καὶ
2918 4825 2990 4897 τῇ
3039 4826 3142 4889 τῆς
3183 4822 3476 4897 μετανοίας
3523 4828 3815 4902 παρουσίᾳ,

2150 4915 2468 4991 Ἀνὲφικτον
2516 4913 2621 4988 γὰρ
2676 4912 2767 4968 καὶ
2825 4911 3143 4990 ἀμήχανον,
3202 4910 3462 4989 δεόμενον
3521 4921 3630 4973 τῶν
3681 4920 3823 4995 πρὸς

2149 5003 2212 5059 τὸ
2247 5000 2509 5079 βιοτεύειν
2540 5000 2847 5077 ἀναγκαίων
2884 5002 2959 5075 μὴ
3011 5002 3383 5060 κατακλᾶσθαι
3432 5007 3532 5076 τὴν
3580 5009 3817 5083 γνώμην

379 5088 599 5186 iecisse
630 5106 927 5183 poeniteat.
963 5101 1115 5159 Fieri
1146 5100 1306 5158 enim
1338 5114 1455 5154 non
1485 5101 1699 5170 potest,
1740 5111 1847 5152 nec
1873 5112 2030 5152 secus

2151 5094 2240 5153 καὶ
2276 5090 2543 5167 ἀσχολίαν
2575 5088 2719 5166 ἄγειν
2748 5091 2854 5146 ἀπὸ
2884 5095 2991 5147 τῶν
3040 5092 3390 5168 κρειττόνων,
3424 5096 3674 5153 ὁπωσοῦν
3723 5097 3820 5155 καὶ

390 5185 656 5275 unquam
689 5198 778 5265 fit,
803 5199 871 5252 ut
898 5192 994 5251 cui
1050 5191 1249 5249 desint
1302 5186 1639 5246 necessaria
1693 5185 1912 5257 quibus
1959 5185 2043 5242 vi-

2155 5183 2368 5237 ὁθενοῦν
2399 5185 2572 5236 ταῦτα
2600 5181 2938 5257 πειρώμενον
2972 5179 3299 5257 ἐκπορίζειν.

388 5270 513 5348 tam
543 5288 859 5353 sustentet,
891 5299 1008 5339 non
1038 5281 1238 5338 animo
1272 5279 1461 5352 trangi
1496 5281 1670 5348 atque
1701 5292 1735 5332 a
1760 5274 2089 5346 potioribus
2118 5270 2434 5330 sollicitata
2464 5274 2661 5326 mente
2690 5275 2987 5341 avocetur,
3041 5272 3186 5328 dum
3235 5274 3443 5345 quovis
3495 5278 3664 5333 modo
3721 5284 3831 5337 ειη

389 5377 640 5438 undevis
672 5376 792 5432 brae
822 5388 1028 5448 parare
1061 5375 1327 5429 conatur.

461 5465 622 5524 XIII.
654 5468 729 5522 At
752 5467 974 5538 quanto
1003 5461 1191 5521 satius
1225 5457 1592 5534 Oppositum,
1625 5460 1693 5511 ut
1749 5470 1852 5527 per
1906 5470 2048 5527 opes

393 5555 718 5616 mediocres
738 5560 797 5612 et
824 5554 951 5628 ipse
980 5552 1139 5610 mala
1158 5567 1278 5608 non
1305 5547 1529 5618 toleret,
1554 5548 1612 5602 et
1635 5543 1853 5617 quibus
1877 5559 2048 5616 opor-

461 5752 528 5822 ’Χκ
554 5758 617 5812 Ρ.
646 5754 756 5813 952
783 5754 893 5814 ED.
930 5749 1227 5812 POTTER.

2231 5449 2330 5508 II".
2377 5447 2478 5504 Kal
2519 5446 2678 5521 πόσῳ
2731 5448 3156 5525 χρησιμώτερον
3186 5451 3270 5506 -τὸ
3335 5449 3599 5526 ἐναντίον,
3660 5453 3823 5512 ἱκανά

2156 5538 2492 5613 κεκτημένον
2552 5536 2714 5593 αὐτόν
2771 5558 2830 5594 τε
2872 5538 2999 5618 περὶ
3038 5539 3139 5611 τήν
3195 5547 3388 5613 κτῆσιν
3449 5544 3528 5618 μὴ
3586 5565 3835 5602 magna.
