4124 6400
334 450 443 506 617

1490 451 1705 508 LIBER
1741 454 1908 519 QUIS
1949 453 2161 509 DIVES
2198 458 2607 517 BALVETUR.

3660 459 3772 514 (518

335 575 471 641 θεῖν,
503 573 594 628 καὶ
655 572 739 634 οἶς
797 573 1029 642 καθῆκεν
1087 571 1435 648 έπικουρεῖν;
1489 574 1581 636 Τίς
1637 575 1740 649 γὰρ
1786 572 1987 629 ἄνκοι-

2103 582 2185 633 tet
2215 583 2570 654 suppeditet.
2605 587 2738 651 Quae
2769 586 2927 640 enim
2972 586 3093 655 jam
3137 585 3293 656 apud
3331 582 3600 638 homines
3630 582 3764 639 reli-

337 662 502 718 νωνία
549 659 913 716 καταλίποιτο
964 661 1110 737 παρᾶ
1154 662 1492 739 ἀνθρώποις,
1541 662 1587 717 εἰ
1640 661 1833 736 μηδεὶς
1882 661 1998 740 ἔχει

341 749 551 826 unde»;
585 754 713 813 Πῶς
742 747 802 804 ἂν
831 754 994 806 τοῦτο
1029 751 1094 805 τὸ
1153 749 1331 826 δόγμα
1377 749 1614 813 πολλοῖς
1663 750 1860 814 ἄλλοις
1909 753 1999 807 καὶ

335 844 531 902 καλοῖς
575 843 675 895 τοῦ
724 837 928 914 Κυρίου
968 836 1239 914 δόγμασιν
1288 838 1416 916 οὐχὶ
1450 839 1998 917 φανερῶςῖέναντιού-

343 951 497 1003 μενον
544 927 854 1002 εὑρίσκοιτο
899 929 990 983 καὶ
1045 929 1365 1003 μαχόμενον
1409 950 1422 998 ;
1486 954 1512 980 ι(
1555 932 1827 1000 Ποιήσατε
1873 929 1998 984 ἐαυ-

339 1025 462 1082 τοῖς
515 1015 709 1096 φίλους
758 1015 819 1071 έκ
863 1021 961 1073 τοῦ
1009 1023 1274 1090 μαμμονᾶ
1325 1024 1425 1088 τῆς
1461 1015 1695 1082 ἀδικίας.
1725 1019 1836 1090 ἳνα,
1869 1018 1994 1073 ὅταν

341 1107 626 1176 έκλίπητε,
677 1103 932 1177 δέξωνται
997 1108 1138 1180 ὑμᾶς
1197 1107 1273 1179 είς
1330 1107 1426 1170 τὰς
1485 1105 1742 1170 αἰωνίους
1774 1107 1994 1178 σκηνάς.

341 1197 619 1268 Κτήσασθε
679 1194 986 1270 θησαυροὺς
1060 1194 1112 1250 έν
1174 1196 1411 1268 οὐρανῷ,
1468 1193 1610 1250 ὅπου
1687 1198 1827 1268 μήτε
1896 1197 1997 1266 σὴς

343 1287 484 1357 μήτε
519 1285 722 1360 βρῶσις
754 1283 1097 1361 ἀφανίζουσι,
1133 1286 1274 1357 μήτε
1298 1283 1530 1339 κλέπται
1565 1282 1931 1360 διορύσσουσι.
1965 1308 1994 1338 ››

339 1378 467 1437 Πῶς
524 1374 586 1428 ἂν
645 1393 728 1436 τις
775 1377 1042 1429 πεινῶντα
1095 1375 1310 1452 τρέφοι,
1339 1374 1431 1429 καὶ
1483 1371 1728 1448 διψῶντα
1756 1373 1996 1443 ποτίζοι,

336 1461 428 1518 καί
474 1462 680 1537 γυμνὸν
727 1461 1008 1531 σκεπάζοι,
1058 1461 1148 1517 καὶ
1203 1459 1430 1537 ἂστεγον
1491 1464 1735 1536 συνάγοι,
1795 1463 1828 1516 ἃ
1881 1468 1999 1524 τοῖς

342 1554 420 1625 μὴ
468 1553 760 1622 ποιήσασιν
810 1548 1028 1606 ἀπειλεῖ
1072 1555 1179 1625 πῦρ
1222 1551 1314 1606 καὶ
1362 1551 1556 1614 σκότος
1602 1553 1666 1606 τὸ
1716 1550 1996 1626 ἐξώτερον,

338 1641 399 1696 αί
447 1641 666 1696 πάντων
717 1639 878 1704 αὐτὸς
922 1638 1147 1701 ἕκαστος
1196 1639 1387 1716 φθάνοι
1433 1639 1639 1696 τούτων
1709 1641 1994 1715 ὑστερῶνς

340 1729 521 1787 Ἀλλὰ
573 1731 682 1802 μὴν
733 1729 897 1792 αὐτός
945 1749 1006 1784 τε
1052 1728 1421 1799 έπιξενοῦσθαι
1489 1729 1747 1804 Ζακχαίῳ
1785 1729 1995 1785 κελεύει

341 1819 433 1876 καὶ
469 1820 729 1892 Ματθαίῳ
773 1823 889 1880 τοῖς
927 1821 1040 1889 (23)
1086 1816 1376 1880 πλουσίοις
1422 1818 1514 1873 καὶ
1551 1816 1840 1882 τελώναις.
1893 1817 1996 1875 Καὶ

2109 684 2226 739 qua
2255 673 2713 730 communicatio
2745 675 2843 743 sit,
2875 673 2926 729 si
2957 689 3130 729 nemo
3163 672 3489 745 quidquam
3521 671 3770 728 habeat?

2109 759 2412 822 Quomodo
2445 778 2578 816 vero
2607 762 2824 834 dogma
2853 762 2962 817 hoc
2990 779 3105 817 non
3139 766 3338 833 aperte
3367 766 3591 833 pugnet
3627 777 3763 816 cum

2110 847 2315 904 multis
2347 848 2480 905 aliis
2511 867 2578 906 ac
2610 849 2927 923 praeclaris,
2953 867 3080 922 quis
3132 849 3415 906 Dominus
3445 849 3642 906 sanxit
3674 866 3766 905 ra-

2108 940 2286 1006 taque
2315 937 2498 994 voluit
2525 938 2553 993 ?
2585 963 2611 990 ‹‹
2648 939 2836 997 Facite
2866 941 3035 994 vobis
3067 939 3286 995 amicos
3320 939 3392 994 de
3423 954 3766 994 mammona

2107 1023 2460 1097 iniquitatis,
2505 1033 2588 1098 ut,
2632 1045 2766 1084 cum
2817 1029 3166 1098 defeceritis,
3221 1028 3505 1099 recipiant
3549 1026 3655 1083 vos
3701 1027 3762 1082 in

2106 1119 2323 1171 aeterna
2354 1117 2734 1174 tabernacula
2746 1118 2843 1189 (a).
2861 1122 3069 1173 Parate
3082 1117 3392 1173 thesauros
3405 1117 3464 1172 in
3479 1116 3648 1178 ccslo.
3664 1116 3764 1172 ubi

2109 1219 2297 1274 neque
2325 1221 2521 1278 mrugo
2553 1221 2741 1277 neque
2771 1208 2927 1261 tinea
2960 1206 3579 1279 demoliantur,neqne
3604 1209 3765 1262 l'nres

2106 1290 2391 1348 eﬂodiunt
2435 1295 2532 1366 (b).
2570 1317 2592 1346 ι
2637 1297 2903 1358 Quanam
2953 1295 3084 1366 quis
3135 1294 3360 1350 ratione
3406 1294 3765 1352 esurientem

2108 1381 2246 1449 alat,
2278 1382 2496 1437 sitienti
2532 1389 2739 1455 potum
2766 1385 2864 1439 det
2892 1384 2987 1454 (c),
3023 1384 3246 1439 nudum
3278 1386 3570 1455 contegat,
3599 1399 3763 1454 pere-

2108 1469 2344 1540 grinum
2377 1470 2635 1544 colligat,
2672 1489 2799 1545 quae
2836 1473 2950 1528 nisi
2986 1473 3120 1544 quis
3148 1471 3346 1542 faciat,
3373 1471 3567 1543 ignem
3601 1487 3766 1527 com-

2110 1559 2371 1614 minatur
2419 1567 2475 1615 et
2525 1562 2797 1618 tenebras
2845 1563 3185 1631 exteriores,
3234 1561 3284 1616 si
3334 1560 3590 1632 quisque
3637 1560 3763 1632 ipse

2110 1646 2269 1718 prior
2319 1650 2522 1706 horum
2576 1651 2840 1706 omnium
2891 1667 3113 1723 egenus
3161 1649 3494 1707 exstiterit?
3525 1650 3677 1716 Quin
3709 1655 3767 1706 et

2107 1738 2234 1807 ipse
2264 1739 2450 1812 excipi
2476 1757 2538 1796 se
2560 1740 2863 1813 hospitioa
2888 1740 3158 1796 Zacchaao
3183 1740 3356 1810 jubet
3383 1743 3442 1796 et
3472 1739 3761 1807 Mattheo,

2109 1827 2206 1898 qui
2256 1827 2464 1885 divites
2514 1836 2712 1887 essent
2740 1835 2799 1885 et
2829 1829 3128 1902 publicani
3155 1829 3252 1901 (εἰ).
3284 1829 3364 1884 Ac
3395 1828 3635 1898 quidem
3668 1829 3761 1885 di-

338 1910 414 1964 τὰ
444 1908 540 1982 μὶν
590 1910 859 1984 χρήματα
907 1907 1102 1969 αὐτοὺς
1128 1907 1192 1962 οὐ
1242 1906 1451 1962 κελεύει
1487 1912 1749 1979 μεθεῖναι,
1781 1909 1882 1975 τήν
1939 1905 1987 1962 δὲ

2109 1915 2341 1972 mittere
2381 1935 2478 1973 eos
2519 1917 2800 1989 pecunias
2833 1935 2945 1974 non
2969 1918 3180 1989 jubet;
3214 1917 3315 1973 sed
3349 1917 3576 1987 adjecto
3600 1917 3762 1986 justo

339 1996 554 2054 δικαίαν
603 1997 781 2072 κρίσιν
829 1996 1056 2068 ἐπιθεὶς,
1103 1997 1192 2052 καὶ
1241 1998 1342 2066 τὴν
1389 1995 1574 2051 ἄδικον
1624 1994 1863 2073 ἀφελὼν,
1900 2017 1998 2051 κα-

335 2085 579 2162 ταλέγει.
620 2111 641 2138 ι
679 2088 934 2161 Σήμερον
977 2085 1223 2161 σωτηρία
1251 2089 1332 2158 τῷ
1364 2085 1502 2157 οἷ’κῳ
1548 2085 1727 2158 τούτῳ
1757 2085 1997 2160 ἐγένετο,

339 2178 530 2234 καθότι
580 2177 667 2232 καὶ
720 2175 884 2238 αὐτὸς
941 2176 1059 2237 υἱὸς
1091 2169 1345 2250 Ἀϐραάμ.
1401 2173 1620 2230 ἐστιν.»
1680 2174 1840 2232 Οὕτω
1895 2176 1994 2244 τὴν

340 2267 538 2342 χρείαν
573 2265 749 2320 αὐτῶν
781 2263 1010 2332 ἐπαινεῖ,
1058 2268 1198 2319 ῶστε
1243 2263 1333 2318 καὶ
1383 2264 1518 2337 μετὰ
1543 2269 1644 2333 τῆς
1672 2264 1994 2339 προσθήκης

335 2356 550 2425 ταύτης
603 2355 703 2423 τὴν
761 2353 1048 2410 κοινωνίαν
1117 2351 1414 2421 ἐπιτάσσει,
1469 2352 1707 2420 ποτίζειν
1764 2351 1856 2407 τὸν
1914 2349 1996 2406 δι-

345 2448 556 2520 ψῶντα,
588 2439 749 2519 ἄρτον
783 2439 992 2498 διδόναι
1042 2463 1124 2515 τῳ
1168 2443 1443 2511 πεινῶντι,
1488 2438 1852 2516 ὑποδέχεσθαι
1901 2441 1996 2496 τὸν

332 2535 588 2608 ἄστεγον,
630 2531 980 2610 ἆμφιεννύναι
1018 2531 1109 2586 τὸν
1160 2529 1390 2605 γυμνόν.
1441 2530 1502 2588 Et
1553 2527 1611 2585 δὲ
1655 2530 1752 2593 τὰς
1802 2531 1994 2605 χρείας

333 2624 446 2698 οὐχ
494 2622 609 2678 οἷόν
656 2642 716 2677 τε
762 2618 1075 2693 ἐκπληροῦν
1119 2619 1317 2682 ταύτας
1371 2620 1448 2693 μὴ
1501 2619 1608 2675 ἀπὸ
1657 2619 1987 2695 χρημάτων,

329 2707 536 2768 τῶνδὲ
583 2711 897 2785 χρημάτων
947 2708 1272 2784 ἀφίστασθαι
1321 2707 1557 2779 κελεύει,
1598 2709 1651 2763 τί
1695 2707 1752 2762 ἂν
1802 2705 1984 2784 ἕτερον

327 2798 416 2872 εἴη
465 2805 636 2856 ποιῶν
688 2801 716 2854 ὁ
765 2798 985 2875 Κύριος,
1032 2798 1069 2867 ἢ
1100 2798 1167 2854 τὰ
1215 2797 1352 2854 αὐτὰ
1399 2795 1608 2853 διδόναι
1655 2819 1714 2852 τε
1760 2797 1852 2853 καὶ
1907 2799 1982 2868 ηή

323 2887 533 2945 διδόναι
575 2893 881 2966 παραινῶν,
931 2887 1146 2965 τρέφειν
1194 2908 1251 2942 τε
1296 2887 1385 2941 καὶ
1440 2889 1514 2959 μή
1557 2886 1794 2962 τρέφειν,
1844 2888 1980 2942 ὑπο-

319 2976 574 3054 δέχεσθαι
621 2980 710 3035 καὶ
767 2975 1105 3046 ἀποκλείειν,
1161 2981 1447 3032 κοινωνεῖν
1496 2975 1583 3031 κα)
1638 2978 1714 3050 μή
1777 2995 1981 3031 κοινω-

316 3073 425 3125 νεῖν
453 3088 468 3138 ;
497 3067 630 3146 ὅπερ
663 3069 914 3124 ἁπάντων
946 3065 1321 3142 ἀλογώτατον.

394 3250 492 3306 ΙΔ’.
551 3248 670 3306 Οὐκ
723 3246 826 3324 ἄρα
882 3246 1245 3324 ἀπορῥιπτέον
1304 3245 1371 3300 τὰ
1465 3244 1555 3299 καὶ
1614 3244 1740 3307 τοὺς
1799 3244 1970 3308 πέλας

2027 1961 2078 2025 Β

2102 2004 2328 2074 judicio
2359 2005 2672 2077 ablatoque
2697 2006 2940 2076 injuste,
2968 2005 3280 2078 subjungit
3312 2021 3325 2059 :
3377 2026 3405 2054 ‹‹
3437 2003 3618 2060 Hodie
3666 2020 3761 2060 sa-

2109 2092 2207 2149 lus
2251 2093 2389 2150 huic
2437 2094 2639 2151 domui
2689 2095 2841 2151 facta
2870 2099 2980 2163 est,
3015 2111 3082 2150 eo
3113 2094 3270 2166 quod
3320 2099 3378 2149 et
3422 2095 3547 2165 ipse
3607 2092 3764 2148 ﬁlius

2109 2182 2372 2239 Abrahae.
2406 2205 2434 2233 ››
2469 2185 2562 2239 Sic
2592 2200 2726 2240 vero
2783 2184 2985 2239 laudat
3030 2183 3412 2255 pecuniarum
3464 2197 3662 2247 usum,
3701 2183 3766 2236 ut

2107 2287 2242 2326 cum
2275 2271 2385 2327 hac
2416 2273 2743 2344 adjectione
2793 2271 3391 2329 communicationem
3443 2270 3763 2342 praecipiat,

2108 2364 2309 2430 potum
2343 2361 2482 2417 dare
2513 2361 2758 2428 sitienti,
2793 2361 3072 2417 esurienti
3109 2375 3319 2432 panem
3351 2360 3631 2430 prabere,
3657 2374 3758 2430 pe-

2105 2448 2405 2522 regrinum
2457 2451 2781 2522 suscipere,
2828 2451 3056 2505 nudum
3099 2449 3334 2504 vestire.
3366 2448 3529 2513 Quod
3560 2447 3611 2503 si
3640 2446 3764 2503 haec

2107 2555 2277 2594 nemo
2308 2538 2514 2594 munia
2541 2539 2764 2612 absque
2790 2539 3055 2610 pecuniis
3077 2537 3310 2610 explere
3330 2541 3541 2610 potest,
3560 2535 3762 2608 jubet-

2103 2643 2218 2698 que
2242 2632 2306 2682 ut
2327 2628 2576 2683 divortio
2604 2628 2758 2684 facto
2781 2628 2914 2684 illas
2942 2628 3378 2701 relinquamus;
3413 2626 3553 2697 quid
3578 2625 3760 2681 aliud.

2064 2722 2070 2728 '
2100 2732 2318 2787 quasso,
2343 2717 2480 2772 facit
2509 2717 2820 2788 Dominus,
2848 2734 3025 2788 quam
3056 2722 3120 2773 ut
3139 2717 3342 2773 eadem
3387 2717 3528 2771 dare
3557 2719 3617 2771 et
3641 2729 3759 2770 non

2095 2805 2237 2860 dare
2278 2805 2508 2874 jubeat,
2539 2805 2696 2862 alere
2743 2812 2802 2862 et
2850 2823 2965 2862 non
3015 2806 3192 2873 alere,
3226 2805 3527 2876 suscipere
3553 2809 3613 2860 et
3640 2819 3756 2860 non

2093 2894 2413 2966 suscipere,
2429 2895 2867 2951 communicare
2882 2900 2938 2951 et
2951 2913 3066 2951 non
3081 2893 3562 2951 communicare?
3590 2893 3756 2959 Quod

2089 2982 2353 3038 omnium
2387 2982 2856 3040 insulsissimum
2890 2988 2999 3040 est.

2154 3249 2304 3305 XIV.
2339 3249 2464 3305 Non
2510 3266 2648 3322 ergo
2695 3248 3038 3321 abjicienda
3067 3253 3208 3305 sunt
3235 3265 3397 3320 opes,
3430 3263 3558 3320 qua:
3587 3250 3645 3304 et
3674 3246 3734 3303 in

322 3335 640 3413 ὠφελοῦντα
688 3337 972 3412 χρήματα·
1020 3333 1276 3406 κτήματα
1325 3334 1427 3408 γάρ
1476 3333 1588 3389 ἐστι
1628 3333 1801 3404 κτητᾶ
1850 3330 1975 3388 ὅντα

2099 3337 2338 3410 proximi
2383 3339 2592 3394 cedant
2648 3338 3010 3395 utilitatem:
3061 3338 3276 3394 etenim
3330 3335 3735 3410 possessiones

319 3426 413 3482 καὶ
466 3427 734 3500 χρήματα
781 3425 1037 3499 χρήσιμα
1082 3419 1215 3478 ὄντα
1249 3421 1340 3477 καὶ
1394 3422 1471 3484 εἷς
1518 3428 1720 3497 χρῆσιν
1771 3422 1977 3496 ἀνθρώ-

322 3535 441 3570 πων
508 3511 989 3589 παρεσκευασμένα
1053 3512 1158 3566 ὑπὸ
1213 3515 1312 3565 τοῦ
1371 3514 1528 3566 Θεοῦ.
1583 3511 1618 3564 ἅ
1673 3507 1739 3578 δὴ
1795 3511 1973 3586 παρά-

319 3624 496 3659 κειται
551 3602 646 3658 καὶ
719 3596 1100 3670 ὑποϐέϐληται
1148 3599 1388 3674 καθάπερ
1447 3599 1552 3669 ὕλη
1607 3619 1692 3662 τις
1748 3599 1838 3654 καὶ
1880 3595 1973 3675 ὅρ-

317 3713 454 3768 γανα
509 3693 648 3767 πρὸς
696 3697 898 3766 χρῆσιν
957 3689 1166 3764 ἀγαθὴν
1211 3694 1330 3752 τοῖς
1380 3685 1552 3743 εἰδόσι
1601 3688 1665 3742 τὸ
1719 3687 1968 3765 ὄργανον.

316 3783 444 3839 Ἐὰν
476 3785 591 3856 χρῆ
621 3783 916 3855 τεχνικῶς,
964 3777 1218 3852 τεχνικός
1251 3775 1414 3835 ἐστιν.
1449 3776 1534 3832 ἐὰν
1596 3777 1819 3852 ὑστερῇς
1870 3784 1972 3847 τῆς

313 3868 538 3944 τέχνης,
568 3868 839 3924 ἀπολαύει
870 3874 969 3936 τῆς
1020 3873 1120 3935 σῆς
1153 3862 1504 3927 ἀπαιδευσίας
1543 3866 1655 3938 (24)
1709 3863 1766 3920 ὃν
1823 3866 1970 3921 ἀναί-

311 3980 454 4017 τιον.
493 3961 760 4017 Τοιοῦτον
788 3958 877 4013 καὶ
931 3957 960 4010 ὁ
991 3956 1230 4017 πλοῦτος
1273 3950 1500 4031 ὄργανόν
1551 3953 1684 4013 ἐστι.
1745 3954 1973 4010 Δύνασαι

319 4049 560 4123 χρῆσθαι
594 4044 820 4110 δικαίως
843 4043 1030 4116 αὐτῷ;
1080 4045 1217 4120 πρὸς
1269 4041 1618 4114 δικαιοσύνην
1664 4055 1976 4120 καθυπηρε-

319 4142 426 4193 τεῖ.
488 4133 729 4198 Ἀδίκως
803 4155 888 4196 τις
945 4133 1094 4206 αὐτῷ
1156 4139 1402 4208 χρῆται;
1468 4132 1635 4188 πάλιν
1695 4133 1976 4209 ὑπηρέτης

323 4222 537 4287 ἀδικίας
569 4222 897 4298 εὑρίσκεται.
951 4221 1161 4299 Πέφυκε
1193 4221 1294 4296 γὰρ
1352 4222 1664 4297 ὑπηρετεῖν,
1714 4219 1844 4276 ἀλλ’
1877 4223 1980 4277 οὐκ

329 4311 541 4390 ἄρχειν.
572 4314 650 4372 Οὐ
685 4314 798 4389 χρὴ
829 4314 1017 4369 τοίνυν
1067 4312 1130 4367 τὸ
1178 4310 1230 4382 ἐξ
1277 4312 1444 4367 αὑτοῦ
1479 4312 1554 4384 μή
1589 4307 1718 4386 ἔχον
1750 4313 1890 4383 μήτε
1916 4311 1979 4366 τὸ

329 4403 532 4477 ἀγαθὸν
582 4405 721 4475 μήτε
766 4403 830 4458 τὸ
869 4401 1054 4473 κακὸν,
1109 4399 1346 4456 ἀναίτιον
1407 4395 1487 4470 ὄν,
1537 4399 1830 4455 αἰτιᾶσθαι·
1876 4398 1979 4455 ἀλ·-

324 4493 398 4548 κὰ
445 4491 510 4546 τὸ
561 4488 863 4565 δυνάμενον
920 4491 1012 4545 καὶ
1059 4487 1245 4551 καλῶς
1300 4487 1516 4550 τούτοις
1571 4494 1810 4563 χρῆσθαι
1858 4488 1979 4543 καὶ-

322 4586 531 4650 κακῶς,
579 4582 672 4658 ἀφ’
723 4581 798 4636 ὧν
838 4576 898 4634 ἂν
943 4576 1139 4650 ἕληται
1188 4579 1310 4632 καθ’
1353 4577 1508 4632 αὐτόν
1554 4581 1716 4632 τοῦτο
1766 4574 1823 4631 δὲ
1869 4577 1980 4633 ἐστι

2082 3429 2385 3493 dicuntur,
2419 3427 2558 3500 quia
2589 3443 2789 3483 earum
2823 3445 2891 3484 ea
2921 3427 3148 3484 indoles
3174 3430 3265 3484 est
3294 3432 3359 3482 ut
3389 3425 3733 3499 possidean-

2080 3521 2214 3584 tur;
2249 3517 2488 3586 insuper
2535 3533 2676 3587 opes
2723 3515 3098 3588 appellantur
3133 3519 3196 3584 >14
3242 3515 3384 3587 quia
3430 3530 3596 3585 opem
3646 3513 3735 3567 fe-

2080 3610 2239 3668 runt.
2259 3611 2318 3661 et
2339 3605 2618 3661 humanis
2641 3606 2850 3661 usibus
2890 3610 3031 3662 sunt
3056 3623 3089 3660 a
3117 3605 3234 3661 Deo
3265 3603 3738 3661 accommodata.

2079 3695 2258 3751 Porro
2305 3695 2522 3750 divitiae
2569 3712 2636 3751 ac
2685 3711 2826 3767 opes
2876 3700 3088 3766 praesto
3135 3700 3278 3751 sunt
3322 3694 3742 3764 subjacentque

2080 3783 2236 3839 velut
2267 3783 2516 3839 materia
2544 3785 2811 3856 quaedam
2844 3789 2902 3840 et
2932 3781 3736 3847 instrumentum,boniusus

2081 3872 2399 3946 praastandi
2431 3890 2630 3942 causa,
2664 3872 2756 3929 his
2805 3873 2904 3944 qui
2933 3877 3049 3928 vim
3100 3870 3481 3928 instrumenti
3519 3869 3733 3927 sciant.

2083 3962 2144 4018 Si
2175 3979 2243 4017 ex
2272 3962 2415 4018 artis
2447 3962 2778 4018 rationibus
2811 3962 3015 4030 utaris,
3039 3961 3343 4018 artiﬁciale
3372 3963 3499 4028 est;
3533 3958 3582 4014 si
3614 3961 3740 4014 arte

2084 4067 2305 4117 careas,
2348 4049 2655 4127 imperitiae
2704 4055 2819 4105 tuae
2871 4050 3062 4106 labem
3112 4048 3426 4113 contrahit,
3476 4063 3610 4102 cum
3663 4044 3744 4100 sit

2083 4137 2280 4210 ipsum
2314 4139 2386 4193 ab
2414 4139 2574 4193 omni
2606 4138 2870 4193 immune
2922 4139 3118 4210 culpa.
3151 4138 3319 4194 Tales
3349 4136 3564 4191 divitiae
3591 4151 3742 4206 quo-

2087 4244 2203 4299 que
2233 4232 2374 4283 sunt
2397 4246 2410 4292 ;
2445 4227 2906 4283 instrumentum
2933 4231 3091 4283 sunt.
3116 4232 3286 4284 Potes
3306 4225 3424 4281 illis
3447 4221 3747 4294 uti,justi-

2084 4317 2169 4372 tia
2198 4318 2412 4372 comite
2431 4315 2460 4370 ?
2491 4318 2561 4371 ad
2592 4318 2880 4386 justitiam
2907 4316 3189 4371 ministras
3211 4320 3371 4371 sunt.
3395 4313 3590 4369 Utitur
3610 4313 3746 4384 quis

2091 4403 2230 4471 illis,
2255 4421 2321 4459 ea
2353 4421 2466 4460 non
2500 4406 2714 4460 comite
2735 4405 2762 4459 ‘?
2794 4405 3076 4460 ministrae
3099 4422 3309 4460 rursus
3332 4403 3481 4459 fiunt
3503 4403 3746 4474 injusti-

2087 4494 2201 4549 tiaa.
2237 4493 2465 4549 Divitiis
2517 4497 2669 4549 enim
2704 4510 2774 4548 ex
2803 4494 3000 4550 indole
3039 4501 3127 4550 est
3159 4498 3222 4550 ut
3253 4493 3598 4561 inserviant,
3631 4507 3747 4548 non

2092 4586 2157 4638 ut
2179 4586 2421 4654 praesint
2451 4588 2552 4638 aut
2582 4582 2894 4655 imperent.
2919 4583 3065 4639 Cum
3096 4583 3278 4657 igitur
3299 4599 3440 4656 opes
3461 4599 3530 4639 ex
3549 4598 3613 4639 se
3645 4597 3752 4638 ne-

320 4675 449 4734 νοῦς
498 4671 793 4746 ἀνθρώπου
870 4669 962 4724 καί
1019 4669 1328 4744 κριτήριον,
1391 4664 1673 4740 ἐλεύθερον
1737 4662 1865 4742 ἔχον
1926 4665 1978 4722 ἐν

2099 4689 2209 4744 que
2241 4673 2458 4727 bonum
2493 4688 2680 4741 neque
2713 4671 2932 4728 malum
2967 4673 3239 4740 habeant,
3266 4678 3444 4746 atque
3465 4671 3627 4728 omni
3647 4687 3755 4727 va-

325 4761 503 4833 ἑαυτῷ
566 4759 660 4816 καὶ
729 4758 794 4814 τὸ
843 4757 1182 4828 αὐτεξούσιον
1230 4758 1330 4825 τῆς
1386 4756 1828 4831 μεταχειρήσεως
1879 4761 1987 4811 τῶν

2099 4765 2231 4817 cent
2286 4760 2548 4828 crimine,
2584 4761 2740 4816 haud
2792 4761 2930 4832 ipse
2978 4761 3381 4833 vituperandis
3423 4766 3600 4828 sunt;
3651 4759 3755 4816 sed

327 4848 620 4906 δοθέντων.
698 4849 858 4903 Ὥστε
936 4848 1012 4920 μὴ
1087 4847 1155 4902 τὰ
1227 4845 1484 4919 κτήματά
1545 4864 1630 4907 τις
1687 4843 1990 4921 ἀφανιζέτω

335 4936 554 5012 μᾶλλον
588 4938 625 5007 ἢ
656 4939 724 4992 τὰ
767 4937 915 5007 πάθη
961 4942 1064 5005 τῆς
1121 4934 1329 5010 ψυχῆς,
1357 4933 1426 4988 τὰ
1475 4935 1552 5006 μὴ
1603 4938 1994 5010 συγχωροῦντα

333 5029 438 5095 τήν
473 5027 684 5098 ἀμείνω
745 5032 947 5103 χρῆσιν
978 5028 1092 5080 τῶν
1129 5019 1514 5098 ὑπαρχόντων.
1555 5021 1671 5094 ἵνα,
1702 5021 1870 5085 καλὸς
1900 5023 1992 5079 καὶ

338 5115 541 5190 ἀγαθὸς
570 5117 888 5192 γενόμενος,
937 5112 1028 5169 καὶ
1059 5111 1276 5174 τούτοις
1305 5116 1426 5175 τοῖς
1455 5114 1565 5186 χρή
1578 5132 1707 5185 μασι
1754 5115 1992 5189 χρῆσθαι

343 5199 554 5276 δυνηθῇ
585 5202 792 5273 καλῶς,
827 5203 906 5260 Τὸ
937 5200 1030 5256 οὖν
1063 5200 1428 5271 ἀποτάξασθαι
1481 5205 1610 5255 πᾶσι
1654 5205 1772 5266 τοῖς
1822 5202 1996 5278 ὑπάρ-

343 5308 510 5366 χουσι
541 5290 632 5347 καὶ
684 5289 947 5360 πωλῆσαι
979 5287 1154 5344 πάντα
1179 5287 1247 5342 τὰ
1279 5287 1618 5363 ὑπάρχοντα,
1662 5292 1856 5344 τοῦτον
1903 5291 1996 5346 τὸν

343 5451 602 5575 mags.
633 5445 742 5502 933
769 5439 882 5503 ΕΙ).
911 5442 1217 5501 POTTER.

1329 5441 1406 5514 (α)
1438 5441 1578 5499 Luc.
1612 5459 1724 5513 xvx,
1753 5444 1807 5500 9.

411 5689 525 5762 (25)
556 5689 704 5762 To‘ic:
731 5685 908 5762 Addit
935 5682 1324 5762 Combeﬂsius
1357 5687 1560 5739 contra
1592 5682 1768 5741 ﬁdem
1801 5700 1996 5744 exem-

336 5755 548 5838 plaris,
579 5755 1001 5815 συνδειπνεῖται.
1035 5756 1205 5812 FaLL.

666 5876 937 5941 Panos.
986 5875 1099 5938 Gs.
1147 5872 1254 5936 1X.

1921 5446 1999 5521 (b)
2029 5447 2232 5506 Matth.
2271 5465 2346 5516 v1,
2387 5449 2474 5504 19.

2100 4849 2255 4920 quod
2289 4865 2396 4904 suo
2427 4850 2738 4916 arbitratu,
2763 4855 2821 4906 et
2853 4867 2886 4904 a
2916 4867 2978 4906 se
3028 4851 3146 4906 illis
3179 4852 3324 4906 bene
3357 4855 3460 4907 aut
3491 4849 3644 4906 male
3671 4847 3757 4904 uti

2103 4943 2332 5011 potest;
2368 4955 2538 4993 mens
2569 4939 2796 4995 scilicet
2825 4939 3090 4996 humana
3136 4957 3202 4996 ac
3248 4940 3448 5012 judieii
3486 4938 3755 5005 facultas,

2105 5028 2200 5084 cui
2234 5026 2487 5083 liberum
2522 5029 2599 5083 sit
2631 5045 2749 5099 qua
2801 5029 3027 5086 ratione
3053 5031 3138 5085 uti
3162 5028 3298 5084 velit
3325 5028 3444 5084 illis
3475 5027 3546 5084 ad
3580 5042 3756 5082 usum

2105 5117 2420 5173 concessis.
2449 5117 2625 5173 Nemo
2651 5118 2830 5190 igitur
2859 5119 3092 5174 divitias
3124 5123 3182 5174 et
3211 5135 3372 5189 opes,
3393 5122 3452 5174 et
3480 5132 3596 5172 non
3630 5131 3758 5170 ma-

2104 5205 2195 5279 gis
2243 5205 2486 5262 aﬂ‘ectus
2537 5223 2602 5263 ac
2648 5207 3116 5278 perturbationes
3167 5207 3452 5274 destruat,
3484 5220 3588 5277 per
3617 5218 3762 5275 quas

2107 5313 2222 5352 non
2249 5295 2425 5351 liceat
2455 5295 2536 5351 uti
2573 5295 2954 5352 facultatibus
2985 5295 3043 5351 in
3077 5296 3298 5351 bonum
3319 5293 3591 5361 virtutis;
3646 5307 3763 5364 quo

2589 5449 2662 5522 (ε)
2692 5447 2906 5505 Matth.
2937 5465 3068 5519 xxv,
3097 5448 3186 5504 35.
3298 5446 3375 5518 (ά)
3405 5446 3542 5503 Luc.
3576 5463 3631 5517 ν,
3661 5445 3770 5518 20;

2181 5689 2296 5763 (24)
2330 5685 2741 5751 Ἀπαιδευσίας.
2776 5689 3073 5751 Ἀπουσίας
3105 5707 3218 5747 ms.
3253 5691 3416 5748 FELL.

3375 5879 3457 5943 20
