4124 6402
424 439 532 494 619

1553 489 1560 494 .
1666 432 2076 488 CLEMENTIB
2111 433 2614 490 ALEXANDBINI

3737 429 3848 489 620

426 567 710 623 nimirum
742 563 932 619 bonus
962 558 1096 631 quis
1144 574 1212 615 ac
1260 556 1476 630 probus
1507 559 1768 625 effectus,
1801 557 1892 614 his
1923 573 2072 629 quo-

2190 556 2387 631 τρόπον
2421 554 2720 626 ἐκδεκτέον,
2779 557 2855 620 ὡς
2883 557 2997 632 ζέπὶ
3051 561 3159 613 τῶν
3191 559 3444 632 ψυχικῶν
3471 559 3660 622 παθῶν
3693 555 3848 634 εἰρη-

356 644 368 656 ’
429 671 542 728 que
572 652 789 710 divitiis
809 667 874 706 ac
907 646 1170 722 pecuniis
1194 648 1372 720 probe
1390 663 1576 720 exque
1598 647 1832 704 honesti
1854 649 2079 704 ratione

2192 645 2367 720 μένων
2525 691 2538 706 .

429 746 512 801 uti
547 743 753 816 possit.
785 739 948 804 Quod
991 737 1168 808 igitur
1215 737 1444 794 cunctis
1490 737 1700 810 opibus
1745 737 2084 794 renuntiare
2125 737 2425 810 jubemur,
2454 744 2511 796 et
2557 743 2620 796 ut
2668 755 2798 812 quae
2845 739 2905 796 in
2954 755 3136 796 censu
3183 742 3346 806 sunt,
3377 737 3578 796 omnia
3625 739 3847 797 venda-

429 850 600 900 mus;
649 832 710 887 in
758 830 916 886 hunc
968 828 1206 883 modum
1256 827 1700 898 intelligendum
1749 831 1862 896 est,
1894 830 1960 884 ut
2008 827 2080 884 de
2121 827 2430 885 atl'ectibus
2477 828 2660 886 animi
2710 845 2775 886 ac
2825 829 3370 902 perturbationibus
3415 828 3642 886 dictum
3687 829 3844 886 acci-

427 925 652 1065 PlaStgrt;
709 1006 823 1063 XV.
885 1005 1001 1078 Ego
1055 1009 1210 1062 certe
1268 1004 1412 1060 illud
1476 1004 1653 1061 etiam
1722 1003 2076 1061 addiderim.

426 1095 911 1169 Quandoquidem
944 1093 1059 1150 alia
1091 1093 1327 1166 quidem
1360 1099 1520 1150 extra
1550 1093 1830 1165 animam,
1850 1094 1964 1150 alia
1996 1094 2078 1148 in-

428 1194 524 1245 tus
555 1187 735 1259 inque
781 1185 979 1240 anima
1027 1187 1204 1255 sunt;
1255 1201 1322 1240 ac
1372 1183 1663 1256 siquidem
1716 1183 1914 1240 anima
1961 1183 2080 1241 illis

427 1279 576 1335 bene
601 1277 965 1346 honesteque
995 1278 1214 1344 utatur,
1238 1271 1342 1329 illa
1370 1289 1601 1345 quoque
1629 1272 1783 1328 bona
1812 1271 2083 1329 honesta-

430 1379 544 1437 que
565 1364 839 1420 videntur
865 1379 879 1430 ;
914 1361 1004 1418 sin
1027 1364 1222 1416 autem
1246 1359 1418 1432 male,
1442 1360 1596 1418 mala
1623 1379 1635 1429 ;
1671 1377 1834 1429 num,
1859 1377 2079 1433 quaso,

431 1454 534 1526 qui
583 1452 892 1510 facultates
940 1449 1274 1507 abalienare
1323 1449 1514 1521 jubet,
1547 1449 1654 1506 has
1687 1449 1875 1523 magis
1909 1467 2083 1523 repu-

433 1544 574 1611 diat,
599 1543 816 1615 quibus
847 1539 1097 1596 sublatis
1121 1540 1314 1595 adhuc
1338 1539 1477 1594 vitia
1498 1544 1742 1596 manent
1764 1557 1829 1596 ac
1851 1544 2080 1612 pertur-

435 1633 736 1700 bationes;
787 1647 859 1687 an
910 1645 1044 1686 vero
1097 1627 1251 1694 illas,
1294 1629 1511 1700 quibus
1570 1629 1887 1702 peremptis
1945 1629 2084 1701 ipsae

434 1739 666 1794 quoque
690 1719 866 1776 utiles
897 1718 1111 1775 divitiis
1143 1718 1336 1774 ﬁant?
1380 1717 1682 1790 Siquidem
1717 1719 1896 1792 igitur
1920 1718 2083 1791 abje-

431 1815 541 1870 ctis
572 1812 706 1885 quis
737 1809 1033 1867 saecularis
1072 1808 1260 1863 fastus
1306 1806 1545 1875 divitiis,
1578 1807 1857 1864 vitiorum
1889 1807 2083 1865 adhuc

2259 1004 2360 1062 IE'.
2414 1005 2556 1081 Ἐγὼ
2611 1009 2737 1081 γοῦν
2800 1005 3018 1061 κάκεῖνο
3070 1006 3302 1081 φήσαιμ’
3354 1003 3438 1062 ἄν.
3499 1001 3721 1076 Ἐπειδή
3779 1006 3850 1062 τὰ

2193 1093 2288 1167 μὶν
2319 1092 2470 1157 ἐντός
2512 1093 2624 1150 ἰστι
2665 1101 2766 1165 τῆς
2797 1097 3008 1171 ψυχῆς,
3056 1095 3123 1150 τὰ
3181 1093 3240 1150 δὲ
3297 1093 3475 1158 ἰκτός.
3522 1093 3618 1151 κᾶν
3681 1094 3777 1168 μὶν
3810 1097 3846 1164 ἡ

2189 1184 2344 1258 ψυχὴ
2389 1189 2597 1259 χρῆται
2639 1181 2850 1254 καλῶς,
2898 1183 3044 1240 καλὰ
3091 1181 3183 1239 καί
3224 1188 3394 1240 ταῦτα
3449 1180 3619 1239 δοκεῖ·
3667 1180 3757 1240 ἐὰν
3790 1181 3851 1239 δὲ

2189 1276 2470 1345 πονηρῶς,
2499 1272 2734 1347 πονηρὼ
2769 1275 2798 1328 6
2828 1272 3068 1330 κελεύων
3113 1272 3525 1351 ἀπαλλοτριοῦν
3555 1274 3623 1328 τὰ
3671 1274 3844 1348 ὑπάρ-

2193 1379 2386 1436 χοντα,
2415 1360 2644 1438 πότερον
2695 1365 2864 1418 ταῦτα
2913 1367 3280 1437 παραιτεῖται,
3334 1363 3408 1418 ὧν
3457 1361 3848 1438 ἀναιρεθέντων

2191 1444 2268 1504 ἔτι
2298 1451 2364 1505 τὰ
2404 1451 2550 1522 πάθη
2601 1451 2771 1524 μένει·
2817 1451 2853 1521 ἢ
2904 1450 3080 1507 ἐκεῖνα
3131 1449 3368 1526 μᾶλλον,
3417 1452 3490 1506 ὧν
3540 1451 3846 1527 ἀναιρεθέν-

2189 1559 2298 1594 των
2343 1540 2433 1594 καὶ
2482 1539 2549 1596 τὰ
2591 1543 2847 1615 κτήματα
2893 1542 3146 1616 χρήσιμα
3195 1541 3441 1617 γίνεται;
3492 1539 3555 1598 Εἰ
3603 1542 3790 1598 τοίνυν
3817 1542 3846 1598 6

2191 1623 2490 1684 ἀποϐαλὼν
2564 1631 2663 1699 τήν
2741 1632 3012 1705 κοσμικὴν
3098 1629 3414 1706 περιουσίαν
3480 1629 3556 1687 ἔτι
3625 1629 3849 1688 δύναται

2190 1717 2449 1773 πλουτεῖν
2480 1723 2587 1774 τῶν
2621 1720 2831 1791 παθῶν,
2861 1719 2951 1775 καὶ
3001 1725 3103 1790 τῆς
3133 1718 3275 1791 ὖλης
3315 1721 3392 1794 μὴ
3444 1719 3725 1798 παρούσης
3787 1724 3845 1796 (ἡ

2193 1806 2296 1883 γάρ
2327 1828 2414 1863 τοι
2448 1805 2686 1872 διάθεσις
2734 1809 2798 1864 τὸ
2839 1809 3008 1876 αὑτῆς
3057 1807 3262 1886 ἐνεργεῖ
3309 1810 3400 1865 καὶ
3446 1812 3540 1866 τὸν
3575 1809 3847 1887 λογισμὸν

431 1920 497 1960 ac
531 1904 843 1960 affectuum
877 1901 1072 1971 segete
1103 1896 1262 1954 dives
1292 1913 1422 1953 esse
1450 1900 1662 1969 potest,
1694 1897 1926 1954 tametsi
1965 1901 2078 1953 ter-

2193 1894 2374 1972 ἄγχει,
2433 1897 2524 1952 καὶ
2581 1898 2751 1968 πιέζει
2804 1900 2894 1954 καὶ
2953 1897 3281 1976 φλεγμαίνει
3348 1905 3470 1964 ταῖς
3523 1901 3848 1980 συντρόφοις

430 2009 572 2049 rena
618 1989 950 2048 substantia
997 1987 1048 2043 ei
1099 2003 1214 2042 non
1265 1987 1526 2059 suppetit
1572 1987 1890 2059 (cupiditas
1922 1986 2078 2043 enim

431 2082 588 2154 quod
621 2096 796 2136 suum
821 2081 908 2135 est
928 2077 1065 2148 agit,
1089 2077 1476 2146 animumque
1497 2074 1652 2131 velut
1677 2075 1954 2147 prmfocat
1983 2093 2080 2131 an-

431 2173 634 2245 gitque
663 2175 720 2226 et
749 2167 982 2242 premit,
1007 2165 1383 2237 alumnisque
1415 2181 1482 2220 ac
1514 2164 1737 2220 inolitis
1778 2164 2087 2220 desideriis

433 2259 745 2331 accendit),
769 2255 914 2313 nihil
947 2255 1119 2328 plane
1149 2254 1200 2310 ei
1231 2253 1474 2326 profuit,
1509 2254 1658 2323 quod
1691 2269 1913 2325 egenus
1940 2252 2086 2308 divi-

437 2351 540 2406 tiis
573 2350 762 2405 factus
790 2351 901 2413 est,
929 2345 1028 2417 qui
1056 2344 1214 2400 vitiis
1236 2346 1293 2399 et
1311 2342 1621 2398 affectibus
1652 2341 1812 2398 dives
1837 2341 1932 2398 sit.
1961 2341 2087 2398 Non

440 2441 595 2497 enim
635 2455 704 2494 ea
747 2435 963 2508 abjecit
1009 2451 1141 2506 quae
1188 2432 1520 2504 abjicienda
1561 2440 1763 2498 erant;
1809 2432 1908 2488 sed
1959 2448 2086 2503 qua

440 2527 758 2602 promiscui
791 2541 976 2581 usus:
1031 2539 1097 2579 ac
1137 2522 1246 2579 sibi
1281 2521 1520 2594 quidem
1553 2521 1788 2577 servitia
1817 2521 2085 2591 abstulit,

434 2620 696 2676 innatam
729 2632 863 2671 vero
913 2612 1178 2668 libidinis
1209 2610 1446 2682 vitiique
1485 2610 1787 2667 materiam
1817 2609 2088 2667 exteriori

433 2707 677 2781 penuria
699 2703 1022 2762 succendit.
1047 2701 1524 2756 Renuntiandum
1544 2715 1682 2772 ergo
1709 2699 2086 2757 facultatibus

435 2813 563 2870 quas
595 2795 779 2852 noxiae
811 2793 951 2863 sint,
986 2808 1099 2848 non
1133 2790 1206 2846 iis
1239 2789 1414 2845 rebus
1453 2805 1582 2862 quae
1611 2789 1659 2845 si
1694 2789 1828 2861 quis
1859 2794 2085 2846 rectum

435 2901 610 2942 usum
639 2880 975 2950 attenderit,
1008 2881 1334 2937 conducere
1363 2878 1538 2934 etiam
1575 2879 1821 2951 possint.
1855 2879 2086 2936 Condu-

434 2979 577 3030 cunt
601 2989 732 3030 vero
764 2988 895 3044 quas
927 2970 1237 3042 prudentia
1288 2969 1500 3025 comite
1547 2971 1604 3023 et
1652 2969 1969 3024 sobrietate
2019 2983 2087 3025 ac

433 3065 648 3137 pietate
698 3063 1138 3134 dispensentur.
1175 3058 1351 3113 Porro
1400 3073 1467 3112 ea
1511 3058 1912 3113 submovenda
1957 3073 2084 3130 qua;

431 3153 602 3209 noxia
635 3169 646 3208 :
684 3167 812 3224 quas
845 3152 1041 3206 autem
1074 3147 1215 3204 foris
1245 3151 1406 3216 sunt,
1439 3164 1508 3202 ea
1539 3145 1685 3202 nihil
1719 3146 1918 3202 damni
1953 3145 2088 3202 affe-

2192 1985 2550 2060 ἐπιθυμίαις)’
2584 1985 2738 2043 οὐδὲν
2769 1985 2859 2043 οῦν
2904 1985 3185 2065 προύργου
3232 1989 3450 2065 γέγονεν
3498 1989 3648 2064 αὐτῷ
3693 2012 3850 2047 πτω-

2193 2074 2376 2151 χεύειν
2412 2075 2740 2151 χρημάτων,
2767 2074 3100 2133 πλουτοῦντι
3127 2082 3236 2133 τῶν
3268 2080 3475 2136 παθῶν.
3535 2079 3615 2138 Ού
3643 2081 3747 2156 γὰρ
3778 2079 3849 2137 τὰ

2197 2159 2486 2236 ἀπόϐλητα
2517 2160 2808 2238 ἀπέϐαλεν,
2841 2163 2989 2222 ἀλλὰ
3015 2168 3083 2222 τά
3120 2163 3412 2244 ἀδιάφοραο
3459 2168 3550 2225 καὶ
3590 2175 3698 2226 τῶν
3748 2171 3847 2245 μὲν

2198 2252 2537 2327 ὑπηρετικῶν
2605 2254 2787 2310 ἑαυτὸν
2875 2257 3218 2331 περιὲκοψεν,
3293 2254 3538 2332 ἐξέκαυσε
3614 2256 3672 2315 δὶ
3746 2260 3848 2330 τὴν

2197 2340 2334 2413 ὕλην
2365 2350 2465 2412 τῆς
2491 2364 2672 2399 κακιαι
2718 2346 2817 2414 τὴν
2871 2342 3110 2424 ἔμφυτον
3141 2348 3212 2419 τῇ
3242 2367 3353 2402 των
3411 2347 3563 2412 ἐκτὸς
3622 2349 3849 2424 ἀπορίᾳ.

2197 2430 2551 2487 Ἀποτακτὲον
2631 2433 2721 2487 οὗν
2775 2438 2893 2496 τοῖς
2971 2433 3278 2511 ὑπάρχουσι
3341 2442 3458 2500 τοῖς
3526 2432 3849 2517 βλαϐεροῖς,

2197 2521 2329 2594 ούχὶ
2358 2526 2492 2590 τοῖς,
2528 2520 2615 2576 ἐὰν
2654 2519 2942 2591 ἐπιστῆταί
2996 2545 3082 2586 τις
3138 2525 3238 2594 τὴν
3282 2522 3449 2601 όρθήν
3479 2533 3703 2603 χρῆσιν,
3754 2527 3852 2583 καὶ

2197 2609 2526 2687 συνωφελεῖν
2583 2608 2923 2684 δυναμένοις.
2975 2612 3195 2690 Ὠφελεῖ
3245 2611 3302 2669 δὲ
3345 2613 3415 2670 τὰ
3461 2615 3596 2690 μετὰ
3643 2618 3852 2694 φρονή-

2197 2719 2332 2761 σεως
2361 2699 2451 2754 καὶ
2501 2699 2858 2777 σωφροσύνης
2905 2702 2997 2756 καὶ
3053 2697 3326 2768 εὐσεϐείας
3383 2703 3849 2778 οίκονομούμενα.

2196 2787 2476 2843 Ἀπωστέα
2508 2785 2566 2843 δὲ
2594 2788 2687 2843 καὶ
2717 2787 3003 2863 ἐπιζήμια’
3035 2791 3103 2846 τὰ
3151 2789 3209 2846 δὶ
3265 2791 3418 2856 ἐκτὸς
3466 2793 3529 2849 ού
3591 2793 3851 2870 βλάπτει.

2195 2875 2378 2938 Οὕτως
2408 2877 2498 2932 οὗν
2533 2876 2562 2932 ὖ
2595 2876 2792 2953 Κύριος
2834 2879 2924 2934 καὶ
2973 2881 3072 2950 τὴν
3118 2885 3227 2936 τῶν
3271 2879 3423 2945 ἐκτὸς
3476 2882 3666 2958 χρείαν
3700 2882 3853 2939 εἰσά-

2195 2985 2302 3040 γει,
2331 2964 2569 3021 κελεύων
2632 2967 2924 3032 ἀποθεσθαι
2972 2968 3040 3022 οὐ
3069 2967 3137 3024 τὰ
3170 2969 3421 3045 βιωτικὰ,
3455 2971 3602 3028 ἀλλά
3625 2971 3694 3027 τὰ
3721 2973 3854 3028 τού-

2193 3076 2312 3117 τοις
2343 3060 2524 3120 κακῶς
2570 3055 2860 3132 χρώμενα·
2903 3061 3072 3113 ταῦτα
3112 3055 3159 3113 δ’
3190 3060 3257 3130 ἦν
3288 3061 3356 3115 τὰ
3383 3067 3484 3132 τῆς
3522 3064 3709 3137 ψυχῆς
3759 3061 3855 3142 ἀρ-

2197 3144 2377 3221 ῥωστή
2391 3165 2532 3218 ματα
2559 3144 2649 3199 καὶ
2679 3147 2748 3200 τὰ
2777 3145 2944 3216 πάθη.

430 3247 588 3298 runt.
647 3241 740 3297 Sic
796 3238 978 3312 igitur
1036 3237 1318 3293 Dominus
1371 3235 1546 3291 etiam
1597 3234 1951 3291 exteriorum
2013 3251 2188 3292 usum
2248 3235 2535 3302 insinuat,
2585 3235 2805 3306 jubens
2865 3253 3080 3309 ponere
3137 3255 3251 3295 non
3305 3255 3395 3312 ea,
3453 3240 3670 3314 quibus
3729 3241 3852 3298 vita

429 3333 834 3397 sustentatur;
865 3332 928 3398 ιι(
959 3327 1059 3382 sed
1095 3343 1222 3398 quae
1253 3323 1371 3379 illis
1403 3322 1555 3379 male
1586 3327 1848 3392 utantur,
1882 3323 2260 3395 egritudines
2290 3323 2473 3378 animi
2498 3324 2752 3397 vitisque
2783 3341 2886 3381 seu
2919 3327 3181 3383 affectus.

502 3420 640 3478 XVI.
677 3424 901 3475 Horum
931 3416 1099 3490 copia
1128 3415 1259 3486 ipsa
1288 3413 1526 3485 quidem
1559 3417 1903 3484 suppetens,
1937 3429 2078 3468 cun-

2265 3411 2354 3480 IC'.
2387 3411 2448 3469 Ὁ
2476 3409 2684 3466 τούτων
2730 3411 2993 3484 πλοῦτος,
3052 3415 3239 3487 παρὼν
3299 3417 3415 3490 μὲν,
3467 3414 3634 3472 ἃπασι
3685 3419 3850 3474 θανα-

430 3509 541 3564 ctis
574 3507 876 3563 mortifera
905 3509 1033 3571 est;
1066 3507 1124 3558 et
1153 3501 1202 3558 si
1233 3504 1450 3574 pereat,
1483 3499 1694 3557 salutis
1741 3517 1922 3557 causa
1970 3507 2078 3558 est.

427 3598 513 3654 Ab
545 3614 613 3653 ea
642 3595 948 3662 mundam,
976 3593 1084 3648 hoc
1104 3594 1215 3658 est,
1239 3605 1557 3663 pauperem
1592 3591 1930 3663 nudamque
1961 3590 2081 3646 ani-

431 3702 590 3743 mam
624 3688 899 3758 praestare
924 3683 1107 3751 decet,
1131 3681 1328 3750 sicque
1348 3681 1473 3750 jam
1495 3678 1850 3735 Salvatorem
1875 3681 2080 3737 audire

427 3777 716 3832 dicentem
744 3791 756 3828 :
797 3795 817 3822 ι
850 3771 1018 3839 Veni,
1042 3784 1286 3842 sequere
1318 3783 1409 3824 me
1438 3768 1542 3840 (a).
1573 3790 1600 3818 ››
1631 3767 1738 3825 Via
1766 3768 1921 3825 enim
1952 3769 2079 3841 ipse

427 3869 569 3921 tunc
599 3865 685 3933 fit,
716 3859 956 3917 habenti
986 3876 1086 3916 cor
1115 3875 1328 3931 purum
1364 3875 1376 3914 ε
1427 3857 1488 3912 in
1533 3857 1831 3931 impuram
1879 3862 2077 3914 autem

425 3954 704 4024 animam,
738 3951 836 4007 Dei
878 3949 1067 4022 gratia
1097 3963 1212 4003 non
1244 3947 1423 4003 subit.
1458 3947 1694 4020 [mpura
1742 3952 1940 4004 autem
1987 3952 2079 4005 est

429 4027 569 4118 quae,
599 4039 906 4098 desideriis
954 4039 1136 4108 dives,
1170 4035 1487 4109 multisque
1535 4037 1856 4108 amoribus,
1889 4036 2079 4108 iisque

425 4132 831 4195 smcularibus,
864 4129 979 4184 feta
1005 4134 1093 4184 est
1122 4130 1297 4198 atque
1329 4127 1602 4199 parturit.
1634 4129 1780 4181 Nam
1815 4126 1915 4198 qui
1948 4143 2077 4199 pos-

424 4221 788 4280 sessionibus
805 4217 1089 4290 locuples,
1117 4231 1448 4287 aurumque
1478 4218 1535 4270 et
1565 4219 1877 4287 argentum
1901 4219 1959 4271 et
1978 4216 2078 4271 do-

425 4328 550 4368 mos
576 4318 861 4383 tanquam
893 4307 995 4364 Dei
1025 4307 1182 4362 dona
1209 4305 1410 4373 habet,
1441 4309 1672 4375 Deoque
1700 4303 1962 4376 largitori
2015 4304 2072 4359 in

423 4401 732 4457 hominum
760 4397 1012 4454 salutem
1035 4412 1104 4453 ex
1124 4396 1210 4452 eis
1232 4393 1610 4466 obsequitur;
1648 4394 1924 4466 novitque
1954 4395 2071 4450 fra-

423 4495 577 4546 trum
611 4490 807 4562 potius
837 4502 1034 4553 causa,
1061 4501 1237 4557 quam
1271 4485 1329 4540 in
1363 4483 1452 4540 sui
1487 4483 1738 4556 gratiam
1796 4484 1915 4539 haec
1946 4500 1980 4538 a
2009 4498 2072 4540 se

419 4579 708 4652 possideri
733 4596 746 4646 ;
781 4574 1091 4645 animoque
1113 4589 1287 4645 quam
1315 4590 1416 4645 pro
1439 4571 1673 4628 illorum
1699 4572 2071 4644 possessione

420 4668 810 4741 praestantior,
846 4681 960 4720 non
989 4667 1054 4717 ut
1084 4679 1287 4718 servus
1317 4662 1529 4735 hisque
1577 4661 1968 4735 mancipatus,
2001 4679 2070 4718 ea

420 4757 719 4830 possidet;
773 4768 963 4826 neque
993 4750 1190 4806 animo
1221 4751 1580 4822 circumfert,
1614 4767 1719 4808 nec
1771 4751 1855 4807 eis
1887 4753 2065 4808 vitam

419 4862 586 4903 suam
611 4843 817 4901 definit
839 4858 905 4896 ac
926 4839 1487 4912 circumscribigsed
1511 4845 1569 4895 et
1597 4840 1823 4896 honesti
1847 4840 2070 4913 aliquid

414 4935 608 5008 operis
640 4937 817 5004 atque
846 4928 1028 4986 divini
1052 4928 1108 4983 in
1132 4927 1350 4984 laboris
1382 4933 1606 5000 partem
1641 4945 1872 5002 semper
1900 4947 2071 4987 assu-

412 5025 534 5095 mit,
567 5028 625 5080 et
655 5023 700 5079 si
735 5019 965 5093 quando
998 5033 1235 5074 necesse
1283 5017 1460 5072 fuerit
1506 5017 1624 5073 illis
1675 5018 1911 5090 privari,
1943 5019 2071 5093 pla-

407 5115 537 5170 cido
561 5113 760 5168 animo
785 5107 1029 5182 parique
1059 5105 1356 5162 hilaritate
1377 5122 1578 5162 eorum
1597 5107 1890 5179 jacturam
1919 5110 2068 5166 ferre

404 5208 594 5276 potest
626 5219 692 5257 ac
722 5195 1148 5255 abundantiam
1191 5213 1209 5252 ε
1258 5195 1353 5252 hic
1382 5195 1482 5251 ille
1514 5200 1602 5253 est
1632 5197 1732 5270 qui
1765 5215 1797 5254 a
1826 5198 2066 5256 Domino

403 5293 610 5349 beatus
640 5288 951 5362 praedicatu
964 5302 1008 5355 r,
1031 5290 1087 5340 et
1111 5301 1332 5358 pauper
1352 5285 1563 5358 spiritu
1589 5291 1833 5344 vocatur
1854 5288 1953 5360 (b),
1969 5305 2066 5344 ex-

407 5382 642 5454 peditus
672 5378 856 5432 haeres
887 5375 1047 5447 regni
1079 5374 1380 5442 caelorum,
1415 5392 1528 5431 non
1575 5377 1672 5448 qui
1727 5377 2065 5434 divitiarum

404 5468 724 5541 impatiens
754 5480 955 5522 earum
987 5463 1150 5520 cultu
1179 5465 1375 5522 vivere
1405 5481 1523 5521 non
1553 5470 1766 5536 potest.

471 5606 536 5671 ’κ
564 5607 624 5664 Ρ.
658 5607 763 5663 934
794 5605 906 5666 ED.
941 5605 1235 5663 POTTER.
1341 5606 1414 5678 (α)
1449 5605 1630 5662 Marc.
1661 5622 1719 5678 x,
1751 5607 1842 5662 21.

473 5752 591 5828 (25)
623 5748 970 5827 Εἴρημάνων.
1001 5751 1202 5808 Scribe
1231 5746 1541 5826 εἰρημένον.

2187 3499 2451 3577 τηφόρος,
2503 3500 2891 3575 ἀπολλύμενος
2942 3499 3020 3570 δὲ,
3081 3506 3378 3580 σωτήριος·
3430 3505 3494 3562 οὗ
3537 3503 3621 3561 δεῖ
3673 3518 3852 3572 καθα-

2190 3591 2472 3665 ρεύουσαν,
2531 3589 2773 3645 τουτέστι
2853 3591 3246 3668 πτωχεύουσαν
3299 3593 3390 3649 καὶ
3448 3596 3663 3670 γυμνὴν
3746 3598 3851 3668 τήν

2187 3679 2371 3754 ψῦχήν
2414 3679 2854 3756 παρασχόμενον,
2882 3679 3057 3745 οὕτως
3084 3678 3195 3752 ἤδη
3227 3686 3324 3738 τοῦ
3357 3688 3622 3758 Σωτῆρος
3678 3684 3846 3740 ἀκοῦ-

2189 3788 2273 3822 σαι
2326 3766 2602 3843 λὲγοντος·
2666 3794 2694 3822 ‹‹
2729 3774 2918 3845 Δεῦρο,
2950 3769 3241 3835 ἀκολούθει
3287 3793 3404 3846 μοι.
3435 3794 3462 3826 ο
3524 3770 3684 3835 Ὁδὸς
3739 3773 3845 3850 γὰρ

2188 3856 2349 3919 αὐτὸς
2390 3854 2499 3927 ἤδη
2555 3862 2637 3931 τῷ
2690 3863 2911 3936 καθαρῷ
2960 3861 3060 3929 τήν
3116 3857 3338 3937 καρδίαν
3397 3861 3625 3938 γίνεται·
3657 3861 3736 3928 εἱς
3783 3861 3854 3922 δὶ

2186 3945 2486 4021 ἀκάθαρτον
2529 3949 2714 4024 ψυχὴν
2755 3952 2889 4004 Θεοῦ
2920 3951 3082 4024 χάρις
3134 3951 3200 4005 οὐ
3248 3949 3650 4027 παρεισδύεται.
3685 3952 3850 4010 Ἀκά-

2187 4036 2383 4111 θαρτος
2415 4033 2473 4092 δὲ
2502 4039 2536 4106 ἡ
2570 4035 2889 4094 πλουτοῦσα
2933 4043 3045 4095 τῶν
3090 4038 3418 4114 ἐπιθυμιῶν.
3451 4043 3538 4097 καὶ
3574 4039 3857 4100 ὠδίνουσα

2186 4123 2424 4187 πολλοῖς
2457 4123 2620 4201 ἔρωσι
2647 4127 2738 4181 καὶ
2793 4133 3105 4200 κοσμικοῖς.
3137 4131 3199 4186 Ὁ
3251 4129 3347 4203 μὲν
3376 4130 3476 4206 γὰρ
3509 4128 3657 4208 ἔχων
3708 4133 3853 4203 κτή-

2190 4233 2331 4286 ματα
2386 4213 2476 4268 καὶ
2525 4213 2730 4290 χρυσὸν
2788 4215 2880 4270 καὶ
2923 4212 3186 4294 ἄργυρον,
3219 4217 3311 4272 καὶ
3368 4217 3544 4284 οἰκίας
3571 4219 3648 4283 ὡς
3707 4225 3853 4276 Θεοῦ

2189 4301 2433 4377 μωρεάς.
2472 4302 2563 4358 καὶ
2592 4308 2670 4376 τῷ
2724 4325 2785 4360 τε
2832 4301 3038 4361 διδόντι
3094 4311 3211 4379 Θεῷ
3243 4303 3576 4385 λειτουργῶν
3605 4309 3695 4364 ἀπ’
3747 4308 3852 4366 αὖ-

2181 4396 2290 4446 τῶν
2325 4393 2401 4459 εἷς
2450 4393 2752 4466 ἀνθρώπων
2795 4397 3093 4470 σωτηρίαν·
3155 4396 3244 4451 καὶ
3303 4395 3489 4466 εἰδὼς,
3540 4396 3622 4453 ὅτι
3671 4402 3850 4456 ταῦτα

2180 4484 2439 4556 κέκτηταί
2497 4482 2586 4540 διὰ
2639 4484 2768 4550 τοὺς
2822 4483 3092 4566 ἀδελφοὺς
3153 4485 3369 4561 μᾶλλον
3404 4489 3442 4558 ἢ
3483 4489 3692 4544 ἔαυτόν·
3751 4492 3850 4545 καῖ

2180 4574 2439 4650 κρείττων
2472 4572 2734 4650 ὑπάρχων
2791 4582 2893 4645 τῆς
2947 4578 3192 4648 κτήσεως
3254 4576 3446 4651 αὐτῶν,
3508 4580 3583 4653 μὴ
3640 4575 3849 4643 δοῦλος

2182 4665 2256 4719 ὧν
2306 4665 2588 4737 κέκτηται,
2650 4663 2793 4738 μηδὲ
2842 4663 2895 4720 ἐν
2956 4669 3024 4740 τῇ
3073 4669 3229 4741 ψυχῆ
3285 4671 3454 4722 ταῦτα
3504 4666 3848 4745 περιφέρων,

2186 4749 2328 4825 μηδὲ
2359 4753 2410 4808 ἐν
2465 4752 2682 4815 τούτοις
2735 4752 2931 4829 ὁρίζων
2986 4754 3076 4808 καὶ
3133 4754 3481 4834 περιγράφων
3511 4757 3611 4827 τήν
3645 4755 3847 4812 ἑαυτοῦ

2183 4844 2352 4914 ζωὴν,
2387 4841 2533 4898 ἀλλά
2560 4864 2611 4897 τι
2642 4841 2732 4897 καὶ
2764 4843 2969 4899 καλλὸν
3027 4840 3185 4920 ἔργον
3235 4845 3325 4900 καὶ
3377 4850 3520 4910 θεῖον
3572 4845 3654 4902 ἀεὶ
3713 4843 3844 4902 δια-

2180 4935 2384 4986 πονῶν·
2431 4927 2528 4985 κᾶν
2577 4931 3012 5006 ἀποστερηθῆναι
3074 4929 3168 5007 δὲῃ
3221 4933 3355 4988 ποτὲ
3408 4932 3641 5003 τούτων,
3674 4931 3843 4991 δυνά-

2185 5039 2344 5093 μενος
2369 5016 2510 5092 ’ίλεῳ
2539 5021 2608 5092 τῇ
2641 5021 2865 5094 γνώμῃ,
2893 5021 2983 5076 καὶ
3031 5020 3357 5100 ἀπαλλαγήν
3391 5021 3567 5078 αὐτῶν
3599 5025 3846 5099 ἐνεγκεῖν

2180 5107 2232 5178 ἐξ
2286 5105 2428 5178 ἴσου,
2482 5106 2722 5182 καθάπερ
2775 5108 2866 5163 καὶ
2925 5109 3023 5178 τὴν
3084 5108 3420 5186 περιουσίαν.
3475 5111 3634 5174 οὗτος
3666 5112 3694 5166 6
3729 5133 3840 5185 μα-

2177 5195 2538 5272 καριζόμενος
2585 5196 2686 5250 ὑπὸ
2733 5200 2832 5251 τοῦ
2884 5198 3104 5273 Κυρίου,
3153 5198 3243 5254 καὶ
3297 5200 3526 5276 πτωχὸς
3573 5204 3653 5273 τῷ
3678 5199 3846 5256 πνεύ-

2183 5307 2311 5360 ματι
2343 5285 2712 5359 καλούμενος,
2755 5284 3108 5363 κληρονόμος
3160 5285 3388 5362 ἕτοιμος
3419 5288 3653 5365 ούρανοῦ
3687 5289 3850 5367 βασι-

2179 5375 2356 5448 Λείας,
2390 5374 2456 5430 οὗ
2488 5372 2747 5438 ολούσιος
2783 5381 2939 5446 ζῆσαι
2975 5377 3052 5450 μὴ
3087 5375 3407 5452 δυνάμενος.

1919 5607 1996 5680 (ὸ)
2026 5607 2234 5666 Matth.
2268 5624 2324 5677 v,
2356 5608 2410 5663 3.
