4124 6414
298 493 404 547 621

295 705 414 760 ἀντί
443 710 582 761 Θεοῦ
629 709 944 782 Ιινεύματος
976 711 1028 768 ἐν
1059 719 1128 788 τῇ
1176 716 1370 793 καρδίᾳ
1425 705 1630 797 χρυσὸν
1675 705 1750 803 ’φέ

293 973 509 1045 κόσμου
540 974 835 1049 θηράτροις
893 978 1292 1055 πεπεδημένος,
1325 993 1394 1061 γῆ
1451 989 1524 1042 ὧν
1573 992 1664 1045 καὶ
1721 992 1798 1056 εἷς
1847 1003 1950 1070 γῆν

299 1060 737 1135 ἀπελευσόμενος
771 1107 787 1130 ,
855 1067 1019 1122 πόθεν
1094 1067 1312 1127 δύναται
1341 1060 1346 1061 ⁷
1377 1075 1657 1149 βασιλείας
1707 1060 1951 1159 οὐραύῶν

294 1149 633 1222 ἐπιθυμῆσαι
684 1151 774 1207 καί
831 1157 1111 1232 φροντίσαι
1147 1203 1162 1228 ,
1223 1162 1510 1238 ἄνθρωπος
1563 1167 1625 1221 ού
1683 1169 1948 1244 καρδίαν,

290 1235 441 1293 ἀλλά
489 1239 652 1315 ἀγρὸν
710 1241 745 1310 ἢ
809 1243 1082 1314 μέταλλον
1139 1235 1343 1324 φορῶν,
1378 1251 1429 1307 έν
1475 1235 1948 1332 τούτοιςέὸρεθηλ

288 1325 519 1400 σόμενος
577 1327 870 1405 έπάναγκες
927 1331 978 1387 ἐν
1039 1335 1116 1397 οἶς
1159 1334 1336 1394 ε’ίλετο
1360 1359 1374 1408 ;
1423 1342 1602 1399 ’Όπου
1627 1345 1730 1421 γὰρ
1764 1325 1947 1412 δνοῦς

283 1419 384 1469 τοῦ
434 1415 747 1490 ἀνθρώπου,
800 1418 911 1474 ἐκεῖ
957 1422 1048 1476 καὶ
1099 1425 1126 1477 6
1176 1430 1446 1502 θησαυρὸς
1496 1430 1682 1490 αὐτοῦ.
1738 1442 1950 1506 Θησαυ-

283 1503 416 1578 ροὺς
451 1503 518 1575 δή
551 1525 615 1580 γε
661 1507 690 1562 6
741 1507 940 1583 Κύριος
987 1508 1092 1566 εἶδε
1151 1511 1384 1579 διττούς·
1433 1519 1523 1572 τὸν
1577 1521 1672 1592 μὲν
1722 1503 1943 1600 ἀγαθὸν,

282 1598 324 1646 0
352 1593 456 1669 γὰρ
491 1619 518 1646 ‹‹
571 1595 768 1671 ἀγαθὸς
813 1593 1098 1672 ἅνθρωπος
1155 1599 1215 1656 ἐκ
1267 1609 1364 1658 τοῦ
1411 1605 1611 1680 ἀγαθοῦ
1669 1593 1943 1689 θησαυροῦ

281 1687 386 1751 τῆς
416 1680 641 1758 καρδίας
671 1684 928 1762 προφέρει
957 1688 1020 1742 τὸ
1060 1688 1276 1762 ἀγαθόν·
1337 1716 1365 1744 »
1423 1695 1516 1749 τὸν
1568 1693 1625 1752 δὲ
1676 1680 1940 1774 πονηρὸν,

281 1771 352 1828 Ὀ
400 1770 501 1846 γὰρ
536 1793 562 1826 ε
610 1773 775 1835 κακὸς
829 1772 889 1828 ἐκ
925 1780 1020 1830 τοῦ
1058 1779 1226 1833 κακοῦ
1257 1781 1530 1858 θησαυροῦ
1562 1789 1820 1863 προφέρει
1877 1791 1940 1846 τὸ

283 1859 452 1914 κακόν
483 1880 521 1931 '_
555 1859 638 1914 ὅτι
700 1861 758 1916 ἐκ
807 1867 904 1918 τοῦ
952 1867 1383 1940 περισσεύματος
1445 1879 1547 1942 τῆς
1592 1859 1821 1945 καρδίας
1875 1881 1939 1935 τὸ

286 1949 466 2020 στόμα
523 1947 706 2006 λαλεῖ.
741 1973 769 2001 ››
825 1953 1029 2028 Ὥσπερ
1088 1953 1180 2009 οὖν
1241 1958 1511 2034 θησαυρὸς
1544 1962 1647 2039 εύχ
1676 1967 1753 2027 εἴς
1812 1969 1940 2043 παρ’

278 2035 453 2109 αὐτῷ,
511 2038 647 2101 καθὸ
705 2039 794 2094 καὶ
853 2042 981 2118 παρ’
1037 2045 1205 2116 ἡμῖν,
1265 2047 1292 2101 6
1347 2047 1409 2102 τὸ
1468 2035 1737 2126 αἰφνίδιον
1799 2035 1936 2130 μέγα

276 2125 473 2200 κέρδος
528 2125 580 2182 ἐν
629 2128 834 2202 εὑρέσει
866 2127 1066 2192 διδούς
1103 2131 1250 2189 ἀλλά
1293 2136 1383 2190 καὶ
1416 2125 1666 2216 δεύτερος
1715 2143 1742 2197 6
1774 2125 1931 2217 ἀκερ-

273 2213 379 2284 δής
409 2216 500 2271 καὶ
528 2215 736 2288 ἄζηλος
765 2218 856 2274 καὶ
917 2217 1215 2292 δύσκτητος
1263 2225 1354 2280 καὶ
1412 2225 1726 2302 ἐπιζήμιος·
1787 2233 1930 2292 οὕτω

269 2307 366 2361 καὶ
424 2305 666 2368 πλοῦτος
725 2309 752 2362 6
813 2309 908 2381 μέν
965 2331 1048 2373 τις
1107 2311 1344 2387 ἀγαθῶν,
1378 2313 1496 2371 ὁδὶ
1525 2325 1726 2377 κακῶν·
1789 2323 1842 2379 εἷ’
1866 2346 1930 2400 γε

266 2395 364 2450 τὸν
424 2395 660 2452 πλοῦτον
711 2396 802 2452 καὶ
848 2398 941 2453 τὸν
1004 2403 1272 2478 θησαυρὸν
1348 2405 1447 2460 οὐκ
1503 2408 1927 2484 ἀπηρτημένους

261 2482 432 2557 ’ἔσμεν
468 2483 737 2557 ἀλλήλων
754 2489 822 2560 τῇ
854 2487 1030 2565 φύσει.
1064 2491 1162 2544 Καὶ
1213 2492 1241 2545 ὁ
1274 2496 1370 2565 μέν
1397 2515 1482 2558 τις
1512 2482 1756 2562 πλοῦτος
1785 2523 1926 2574 κτη-

263 2574 363 2637 τὸς
394 2573 454 2628 ἃν
488 2573 570 2645 εἴη
613 2577 703 2630 καὶ
761 2573 1126 2652 περίϐλητος,
1187 2582 1215 2636 ὁ
1275 2579 1333 2637 δὲ
1390 2582 1622 2656 ἅκτητος
1667 2591 1754 2645 καὶ
1789 2573 1925 2648 ἀπό-

266 2658 502 2734 ϐλητος.
531 2665 630 2720 Τὸν
666 2665 828 2721 αὐτὸν
865 2663 920 2722 δὲ
959 2668 1162 2743 τρόπον
1196 2671 1285 2725 καὶ
1317 2675 1566 2750 πτωχεία
1611 2684 1920 2755 μακαριστὴ

269 2753 374 2826 μὶν
423 2755 457 2822 ἡ
506 2757 871 2828 πνευματικήο
925 2752 1011 2811 διὸ
1059 2757 1149 2812 καὶ
1180 2762 1515 2834 προσέθηκεν
1561 2767 1590 2821 6
1619 2752 1918 2838 Ματθαῖος·

263 2866 296 2894 (ι
331 2841 606 2917 Μακάριοι
639 2844 690 2898 οἱ
712 2846 954 2920 πτωχοί.
992 2871 1020 2897 υ
1055 2851 1216 2920 llam;
1250 2875 1278 2902 α
1309 2855 1399 2922 Τῷ
1429 2853 1718 2926 πνεύματι.
1756 2883 1778 2911 ι
1818 2861 1920 2916 Καὶ

259 2928 467 2985 πάλιν·
519 2957 547 2984 ‹‹
614 2933 892 3008 Μακάριοι
947 2935 999 2988 οἱ
1047 2942 1338 3002 πεινῶντες
1381 2941 1472 2995 καὶ
1517 2939 1777 3017 διψῶντες
1818 2949 1919 3017 τήν

260 3017 614 3091 δικαιοσύνην
673 3026 769 3077 τοῦ
811 3024 966 3080 Θεοῦ.
1022 3049 1050 3076 ››
1101 3027 1309 3084 Οὐκοῦν
1353 3028 1534 3094 ἄθλιοι
1587 3034 1638 3087 οἱ
1688 3032 1918 3092 ἐναντίοι

253 3110 504 3185 πτωχοὶ,
537 3115 674 3166 Θεοῦ
707 3113 803 3184 μέν
834 3110 1082 3188 ἄμοιροι,
1114 3115 1464 3195 ἀμοιρότεροι
1488 3117 1545 3175 δὲ
1572 3129 1671 3192 τῆς
1705 3125 1919 3200 ἀνθρω-

254 3197 425 3269 πίνης
453 3200 722 3273 κτήσεως,
755 3199 1000 3276 ἄγευστοι
1033 3200 1091 3258 δέ
1122 3201 1470 3279 δικαιοσύνης
1501 3215 1656 3270 Θεοῦ.

244 3290 555 3360 justitiam
586 3289 688 3347 Dei
722 3295 812 3359 (c).
850 3315 872 3342 ι
907 3293 1093 3366 Igitur
1123 3297 1320 3353 miseri
1353 3317 1644 3373 pauperes
1675 3307 1977 3362 contrariae
2008 3289 2245 3380 in-dolis,

253 3395 472 3434 narum
504 3378 878 3449 facultatum,
911 3383 1009 3438 Dei
1033 3385 1331 3453 justitiam
1358 3404 1429 3444 ne
1459 3391 1691 3462 quidem
1726 3394 2082 3456 delibarunt.

1462 514 1676 570 LIBER
1716 519 1885 582 QUIS
1917 523 2138 580 DIVES
2172 529 2575 590 SALVETUR.

375 619 470 676 ΙΖ’.
502 618 562 672 Ὃ
611 616 772 676 δὲ’έν
824 625 893 697 τῇ
951 628 1106 701 ψυχῆ
1162 629 1254 683 τὸν
1308 634 1547 690 πλοῦτον
1608 638 1808 714 φέρων,
1866 643 1956 697 καὶ
1987 653 2042 716 Α
2145 650 2415 710 XVII.At

3617 555 3727 610 622

2443 659 2543 727 qui
2578 660 2687 716 fert
2717 678 2856 732 opes
2885 665 2946 720 in
2978 669 3195 736 animo,
3229 677 3286 728 et
3314 673 3440 730 loco
3470 677 3726 748 Spiritus

1755 749 1864 803 ρων
1918 732 1955 802 ἢ
2070 738 2168 792 Dei
2199 741 2310 796 fert
2336 760 2546 801 aurum
2597 749 2655 803 in
2705 753 2879 809 corde
2922 755 3042 812 sive
3072 774 3304 830 agrum,
3339 763 3618 837 nulloque
3649 769 3722 825 iis

299 794 490 870 ἀγρὸν,
522 797 610 851 κεί
646 799 746 866 τὴν
779 799 965 867 κτῆσιν
1012 801 1246 876 ἄμετρον
1293 807 1374 862 ἀεὶ
1423 817 1620 882 ποιῶν,
1675 817 1765 869 καὶ
1828 817 1953 872 ἐκά-

295 903 454 938 στοτε
481 884 544 939 τὸ
574 883 768 941 πλεῖον
805 887 1049 962 βλέπων,
1096 913 1244 949 κατω
1275 900 1533 962 νενευκὼς
1564 903 1654 956 καὶ
1684 909 1799 968 τοῖς
1857 911 1954 962 τοῦ

2065 828 2328 887 adhibito
2360 836 2534 890 modo
2566 839 2781 908 praadia
2811 847 2868 898 et
2898 828 3298 915 possessiones
3339 828 3572 926 semper
3611 875 3718 912 au-

2064 921 2181 987 get,
2205 935 2272 974 ao
2293 924 2556 992 quotidie
2578 926 2693 983 alia
2714 929 2997 1005 pluraque
3016 937 3212 995 animo
3243 921 3486 1013 cogitat,
3507 945 3566 1001 in
3597 950 3687 1002 ter
3708 981 3716 988 -

2061 1181 2112 1236 is
2134 1186 2296 1256 regni
2330 1189 2610 1248 caelorum
2635 1193 2927 1253 desiderio
2948 1205 3302 1260 accendatur
3319 1224 3386 1264 ac
3414 1210 3543 1280 ejus
3574 1229 3714 1270 cura

2057 1272 2211 1326 afﬁci
2243 1277 2468 1344 possit;
2501 1280 2675 1338 homo
2707 1285 2951 1358 scilicet,
2973 1291 3071 1361 qui
3098 1309 3212 1348 non
3235 1310 3354 1367 cor,
3376 1272 3477 1353 sed
3502 1317 3710 1372 agrum

2057 1365 2158 1414 aut
2191 1364 2492 1422 metallum
2545 1376 2728 1440 gerat,
2764 1390 2939 1446 quem
2973 1378 3145 1450 plane
3176 1364 3413 1441 necesse
3443 1386 3521 1443 sit
3537 1364 3607 1445 in
3638 1391 3711 1446 iis

2056 1449 2436 1524 deprehendi,
2471 1473 2722 1528 quorum
2775 1449 2987 1522 amore,
3024 1475 3230 1538 captus
3277 1475 3551 1532 exsistit?
3598 1481 3710 1536 Ubi

2055 1539 2210 1593 enim
2242 1546 2331 1596 est
2363 1559 2530 1600 mens
2561 1548 2842 1618 hominis,
2877 1555 2954 1610 ibi
2988 1561 3044 1612 et
3079 1559 3394 1621 thesaurus
3425 1566 3552 1636 ejus
3595 1575 3705 1625 est.

2053 1625 2354 1698 Duplicem
2382 1649 2552 1703 porro
2574 1637 2919 1698 thesaurum
2946 1647 3107 1702 novit
3130 1651 3434 1710 Dominus:
3454 1625 3708 1714 alterum

2049 1894 2203 1948 enim
2237 1896 2307 1950 de
2338 1898 2492 1954 malo
2524 1902 2800 1960 thesauro
2832 1914 3044 1978 profert
3086 1915 3344 1987 malum;
3391 1933 3461 1976 ex
3512 1923 3702 1978 abun-

2047 1981 2248 2038 dantia
2266 1986 2423 2041 enim
2449 1991 2642 2046 cordis
2663 2009 2728 2048 os
2751 1994 3160 2073 loquitur(a).»
3191 1981 3698 2070 Quemadmodum

2046 2067 2226 2140 igitur
2254 2073 2571 2132 thesaurus
2604 2097 2720 2135 non
2756 2100 2910 2141 unus
2940 2067 3094 2160 apud
3123 2067 3278 2160 eum,
3311 2095 3470 2152 velut
3519 2100 3692 2156 etiam

2043 2174 2106 2213 se
2153 2176 2247 2216 res
2293 2163 2348 2216 in
2395 2167 2567 2221 nobis
2616 2168 2813 2236 habet,
2847 2190 2962 2244 quo
3012 2178 3236 2236 scilicet
3272 2183 3574 2256 inopinato
3605 2188 3694 2244 in-

2042 2253 2238 2315 vento,
2270 2249 2482 2322 ingens
2514 2253 2742 2313 lucrum
2777 2263 3090 2321 offendenti
3123 2249 3472 2342 prastatur;
3507 2277 3608 2331 sed
3642 2282 3698 2332 et

2041 2335 2190 2392 alius
2213 2342 2304 2392 est
2326 2341 2546 2398 nullius
2572 2347 2780 2418 frugis,
2804 2351 3069 2425 nihilque
3101 2335 3483 2430 expetendus,
3502 2365 3692 2421 infau-

2040 2428 2144 2478 stae
2175 2429 2566 2496 possessionis
2593 2439 2767 2506 atque
2799 2441 3264 2502 damnosuszsic
3294 2455 3434 2505 sunt
3459 2467 3694 2527 quoque

2041 2512 2350 2581 bonorum,
2383 2519 2568 2590 deque
2600 2525 2888 2583 malorum
2923 2545 3156 2602 genere,
3191 2535 3404 2593 divitiis
3437 2559 3452 2608 ;
3503 2541 3694 2615 siqui-

2037 2601 2169 2656 dem
2204 2603 2438 2661 divitias
2459 2614 2518 2664 et
2538 2610 2882 2672 thesaurum
2910 2601 3067 2676 haud
3094 2621 3248 2679 inter
3267 2643 3331 2682 se
3364 2601 3694 2686 natura‘di-

2037 2691 2169 2745 rimi
2197 2694 2437 2750 scimus.
2485 2704 2567 2754 Ac
2601 2703 2838 2772 quidem
2870 2717 3038 2765 erant
3067 2712 3283 2768 divitias
3314 2719 3524 2774 merito
3557 2737 3692 2791 pos-

2034 2780 2293 2836 sidenda:
2327 2801 2393 2839 ac
2425 2789 3113 2870 amplexandaa,itemque
3136 2818 3208 2858 ne
3231 2805 3420 2876 dignm
3448 2780 3688 2879 quidem

2034 2884 2165 2939 qua:
2207 2872 2622 2942 possideantur
2669 2898 2734 2936 ac
2770 2889 3144 2956 respuendae.
3175 2893 3259 2947 Ad
3295 2872 3371 2961 ἰι‹
3414 2872 3690 2954 eumdem

2033 2959 2267 3014 modum
2322 2963 2496 3018 etiam
2553 2977 2866 3041 paupertas
2899 2975 3183 3047 spiritalis
3232 2959 3469 3053 quidem
3519 2986 3690 3044 beata

2031 3047 2406 3115 praedicanda
2442 3071 2456 3117 ;
2512 3057 2665 3111 unde
2709 3063 2767 3114 et
2815 3063 3032 3132 adjecit
3062 3047 3372 3128 Matthaaus
3405 3089 3420 3127 :
3472 3092 3495 3121 α
3528 3074 3690 3133 Beati

2032 3151 2317 3206 pauperes
2348 3140 2446 3212 (b).
2470 3162 2494 3192 ι
2523 3144 2646 3208 Quo
2676 3147 2731 3202 id
2769 3152 2984 3207 modo?
3015 3155 3306 3214 Nimirum
3345 3179 3366 3208 ι
3401 3178 3689 3235 pauperes

2029 3223 2263 3294 spiritu.
2293 3248 2321 3276 »
2348 3235 2424 3284 Ac
2449 3247 2694 3290 rursus:
2732 3258 2760 3285 ‹‹
2792 3236 2952 3296 Beati
2981 3244 3080 3314 qui
3111 3246 3382 3304 esuriunt
3401 3223 3457 3306 et
3478 3223 3692 3307 sitiunt

2279 3317 2380 3387 qui
2413 3317 2515 3375 Dei
2543 3331 2808 3394 expertes
2843 3331 3149 3404 magisque
3186 3345 3451 3408 expertes
3481 3337 3687 3396 huma-

328 3465 402 3522 IH
425 3509 439 3524 .
483 3467 642 3521 Ὥστε
682 3466 810 3522 τοὺς
851 3467 1154 3535 πλουσίους
1185 3475 1581 3546 μαθηματικῶς
1603 3481 1714 3551 (26)
1746 3480 1907 3536 ἀκου-

329 3556 374 3578 ι-
491 3556 566 3578 καὶ
603 3577 608 3578 ,
669 3553 693 3578 θ
811 3556 855 3578 I‘
1017 3560 1031 3578 ς
1102 3561 1123 3578 \
1321 3563 1331 3578 Ι
1525 3566 1540 3578 ε
1666 3570 1677 3578 .
1759 3571 1782 3578 Α

2093 3489 2248 3546 340
2279 3493 2479 3552 XVIII.
2515 3499 2726 3557 Divites
2757 3519 2894 3576 ergo
2937 3508 3038 3578 qui
3088 3510 3326 3570 difficile
3375 3516 3683 3574 intrabunt

253 3556 437 3627 στέον,
485 3556 612 3619 τοὺς
665 3553 946 3621 δυσκόλως
989 3560 1465 3636 εἷσελευσομένους
1497 3566 1572 3630 εἷς
1620 3570 1718 3637 τήν
1755 3571 1913 3646 βασι-

253 3643 548 3718 λείαν,’μὴ
577 3650 780 3708 σκαιῶς
813 3645 957 3719 μηδὲ
986 3648 1257 3724 ἀγροίκως
1315 3650 1458 3725 μηδὲ
1504 3643 1799 3732 σαρκικῶς.
1849 3659 1916 3714 Ei’

251 3733 358 3808 γὰρ
392 3733 535 3788 οὕτω
568 3731 842 3805 λέλεκται,
879 3734 1005 3792 οὐδὲ
1046 3737 1136 3793 ἐπὶ
1181 3745 1301 3803 τοῖς
1354 3740 1506 3806 ἐκτὸς
1555 3746 1590 3814 ἡ
1641 3749 1912 3823 σωτηρία,

255 3818 390 3876 οὔτε
435 3821 482 3876 εἰ
529 3819 718 3879 πολλά
766 3819 890 3879 οὔτε
937 3825 988 3879 εἴ
1031 3826 1195 3902 ὀλίγα
1236 3834 1423 3903 ταῦτα,
1456 3833 1491 3902 ἢ
1527 3835 1695 3906 μικρά
1724 3836 1758 3905 ἢ
1818 3859 1912 3910 με·

255 3907 425 3983 γάλα,
457 3909 492 3980 ἢ
541 3907 730 3984 ἔνδοξα
759 3911 793 3981 ἢ
827 3909 1010 3984 ἄδοξα,
1043 3913 1078 3984 ἢ
1121 3914 1388 3992 εὐδόκιμα
1419 3919 1451 3990 ἢ
1492 3919 1751 3997 ἀδόκιμα·
1785 3907 1914 3982 ἀλλ’

251 3999 342 4053 ἐπὶ
376 4001 445 4073 τῇ
476 4006 577 4068 τῆς
609 4003 796 4075 ψυχῆς
830 4000 1018 4077 ἀρετῇ,
1051 4002 1348 4075 πίστει,καὶ
1372 4006 1670 4083 έλπίδι,καὶ
1703 4013 1909 4089 ἀγάπῃ,

248 4086 346 4143 καὶ
395 4085 749 4167 φιλαδελφίᾳ,
798 4090 888 4145 καὶ
937 4091 1158 4166 γνώσει,
1207 4095 1298 4150 καὶ
1338 4099 1628 4172 πραότητι,
1659 4102 1748 4156 καὶ
1783 4103 1910 4158 ἀτυ-

251 4175 374 4255 φία,
407 4178 496 4232 καὶ
530 4177 783 4250 ἀληθείᾳ,
834 4180 906 4233 ὧν
942 4180 1106 4236 ἆθλον
1157 4185 1192 4252 ἡ
1225 4186 1489 4261 σωτηρία.
1517 4187 1659 4247 Οὐδὲ
1688 4191 1790 4265 γὰρ
1824 4190 1912 4248 διά

249 4264 465 4328 κάλλος
498 4267 752 4340 σώματος
785 4269 1002 4339 ζήσεται
1034 4292 1139 4340 τις,
1173 4274 1207 4344 ἢ
1239 4273 1545 4332 τούναντίον
1580 4279 1865 4336 ἀπολεῖται
1893 4302 1905 4316 ·

255 4351 389 4409 ἀλλ’
416 4355 444 4408 6
478 4357 570 4427 μὲν
598 4360 679 4428 τῷ
729 4353 942 4412 δοθέντι
990 4360 1226 4433 σώματι,
1260 4363 1436 4435 ἀγνῶς
1473 4366 1564 4421 καί
1614 4371 1750 4423 κατὰ
1778 4370 1906 4426 Θεὸν

252 4442 576 4518 χρώμενος,
638 4446 903 4515 ζήσεται·
965 4448 993 4502 6
1042 4445 1100 4504 δὲ
1161 4451 1394 4527 φθείρων
1453 4455 1542 4510 τὸν
1600 4458 1726 4512 ναὸν
1776 4463 1910 4515 Θεοῦ

248 4533 607 4608 φθαρήσεται.
660 4533 885 4590 Δύναται
935 4533 992 4591 δέ
1042 4558 1126 4601 τις
1153 4538 1245 4593 καὶ
1298 4540 1526 4617 αἰσχρὸς
1552 4542 1909 4620 ἀσελγαίνειν,

246 4620 344 4674 καὶ
374 4619 542 4685 καλὸς
588 4628 912 4699 σωφρονεῖν·
965 4622 1107 4683 Οὐδὲ
1153 4626 1314 4703 ξ’σχὸς
1363 4629 1451 4683 καὶ
1503 4619 1758 4704 σώματος
1816 4635 1912 4708 μέ-

248 4720 416 4785 γεθος
447 4717 728 4783 ζωοποιεῖ,
761 4710 886 4768 οὐδὲ
916 4718 1022 4769 τῶν
1059 4713 1245 4790 μελῶν
1277 4715 1429 4772 οὐδὲν
1457 4718 1748 4776 ἀπολλύει·
1784 4721 1913 4780 ἀλλ’

250 4801 287 4866 ἡ
321 4798 543 4863 τούτοις
601 4801 756 4875 ψυχὴ
815 4805 1079 4878 χρωμένη
1134 4805 1231 4874 τήν
1284 4805 1460 4863 αἰτίαν
1512 4807 1594 4887 ἐφ’
1653 4809 1906 4888 έκατέραν
1943 4849 1992 4912 D

253 4887 546 4912 -μλωμη
609 4890 737 4912 ,γάρ
794 4911 799 4912 ,
988 4896 1013 4906 .-
1220 4894 1233 4912 ε
1423 4896 1435 4912 1
1673 4901 1685 4912 -
1838 4904 1847 4912 -

249 4887 576 4964 παρέχεται.
609 4890 872 4969 Ὑπόφερε
914 4896 1070 4968 γοῦν,
1103 4894 1258 4968 φησὶ,
1306 4896 1604 4970 παιόμενος
1632 4901 1696 4956 τὸ
1744 4904 1912 4978 πρόσ-

251 4997 430 5032 ωπον·
483 4977 616 5054 ὅπερ
663 4977 884 5036 δύναται
925 4981 1016 5036 καὶ
1064 4979 1290 5059 ἷ¹σχυρός
1322 5007 1405 5051 τις
1453 4985 1525 5042 ὥν
1557 4989 1646 5043 καὶ
1679 4991 1911 5047 εύεκτῶν

253 5065 554 5122 ἐπακοῦσαι
592 5112 607 5137 ,
680 5069 772 5124 καὶ
846 5068 1014 5125 πάλιν
1075 5073 1354 5136 ἀσθενικός
1412 5095 1493 5138 τις
1549 5077 1622 5131 ὧν
1682 5079 1915 5155 ἀκρασίᾳ

249 5154 490 5228 γνώμης
545 5153 893 5231 παραϐῆναι.
957 5159 1112 5214 Οὕτω
1167 5161 1257 5216 καὶ
1311 5160 1519 5239 ἄπορός
1580 5187 1661 5228 τις
1708 5169 1772 5223 αὗ
1821 5171 1911 5225 καὶ

254 5234 419 5305 ἄϐιος
471 5242 711 5318 εὑρεθείη
757 5249 882 5302 ποτ’
929 5245 988 5303 ἂν
1031 5249 1243 5322 μεθύων
1275 5257 1396 5316 ταῖς
1451 5251 1787 5328 ἐπιθυμίαις,
1819 5256 1910 5311 καὶ

250 5333 511 5407 χρήμασι
568 5335 866 5408 πλούσιος,
923 5339 1110 5414 νήφων
1164 5342 1254 5396 καὶ
1311 5343 1616 5419 πτωχεύων
1667 5343 1908 5417 ἡδονῶν,

249 5419 649 5496 πεπεισμένος,
706 5427 963 5500 συνετὸς,
1020 5431 1293 5505 καθαρὸς,
1351 5431 1786 5508 κεκολασμένος.
1845 5436 1910 5494 Εἴ

329 5578 394 5644 ιι(
431 5579 490 5632 P.
523 5576 633 5633 935
663 5577 776 5636 ΕΙ).
805 5579 1118 5637 POTTER.

257 5647 334 5721 (el
369 5647 579 5706 Matth.
612 5667 667 5722 ν,
699 5651 806 5720 39;
843 5652 984 5708 Luc.
1015 5669 1090 5724 γι,
1120 5647 1230 5722 29’;
1251 5647 1314 5710 ἸΙ
1346 5655 1476 5713 Cor.
1509 5647 1709 5726 xi,'20.

2027 3578 2088 3632 in
2139 3595 2386 3652 regnum
2445 3587 2725 3645 caelorum
2784 3594 3062 3653 subtilius
3093 3616 3159 3654 ac
3185 3603 3408 3660 erudite
3463 3605 3678 3664 intelli-

2025 3669 2222 3739 gendi,
2247 3687 2361 3726 non
2389 3690 2566 3744 pravo
2582 3677 2781 3746 fsensu
2822 3685 3222 3760 rusticiusque
3242 3708 3308 3748 ac
3331 3695 3550 3750 carnali
3582 3696 3678 3752 in-

2026 3755 2282 3816 tellectu.
2310 3765 2434 3817 Non
2464 3765 2620 3820 enim
2656 3768 2730 3823 ita
2758 3771 2980 3830 dictum
3011 3782 3120 3846 est,
3155 3795 3260 3836 nec
3306 3781 3366 3837 in
3415 3785 3501 3840 eis
3547 3802 3675 3858 quin

2023 3843 2165 3901 foris
2214 3854 2355 3904 sunt
2396 3851 2558 3910 salus
2602 3857 2792 3926 posita
2839 3866 2950 3928 est,
2990 3843 3114 3921 sive
3167 3867 3270 3926 illa
3319 3872 3506 3929 multa
3553 3843 3677 3931 sive

2023 3949 2210 4004 pauca
2231 3937 2369 4008 sint,
2394 3940 2513 3997 sive
2546 3960 2716 4014 parva
2751 3949 2872 4005 sive
2905 3969 3138 4025 magna,
3164 3957 3284 4015 sive
3313 3959 3488 4018 laude
3519 3963 3677 4021 clara

2023 4022 2144 4079 sive
2176 4026 2449 4098 obscura,
2480 4032 2604 4088 sive
2661 4039 2905 4106 probata
2952 4043 3074 4098 sive
3123 4049 3402 4119 reproba;
3455 4053 3557 4108 sed
3609 4055 3667 4110 in

2021 4111 2204 4168 animi
2273 4117 2506 4185 virtute,
2568 4123 2701 4189 fide,
2760 4144 2864 4197 spe
2929 4138 2987 4184 et
3051 4111 3672 4208 charitate,'fralerno

2021 4217 2242 4273 amore,
2267 4211 2324 4258 et
2354 4207 2621 4278 scientia,
2654 4219 2710 4266 et
2743 4223 3218 4286 mansuetudine,
3250 4229 3309 4280 et
3358 4230 3671 4300 modestia,

2018 4294 2076 4343 et
2131 4291 2394 4362 veritate,
2443 4313 2692 4367 quorum
2751 4307 3052 4370 praemium
3114 4311 3276 4368 salus
3332 4321 3438 4370 est.
3474 4316 3671 4388 Neque

2019 4377 2175 4432 enim
2209 4379 2360 4436 vivet
2390 4386 2682 4456 quispiam
2718 4393 2872 4460 quod
2907 4395 3152 4465 pulchro
3184 4400 3260 4456 sit
3288 4419 3547 4476 corpore,
3571 4377 3676 4464 aut

2019 4475 2238 4536 contra,
2274 4472 2522 4541 peribit;
2574 4478 2674 4532 sed
2709 4481 2808 4549 qui
2843 4488 3002 4539 caste
3032 4503 3218 4558 exque
3247 4491 3460 4549 divinis
3491 4497 3677 4554 ratio-

2022 4555 2198 4611 nibus
2239 4560 2426 4615 utitur
2467 4578 2744 4622 concesso
2793 4586 3052 4641 corpore.
3088 4576 3136 4631 is
3167 4578 3353 4647 vivet;
3409 4583 3508 4654 qui
3539 4603 3674 4644 vero

2019 4643 2426 4718 Deitemplum
2458 4657 2803 4728 corrumpit,
2828 4659 3202 4731 disperdetur
3222 4643 3524 4740 (d).I)ot.est
3541 4643 3677 4733 vero

2022 4733 2157 4803 quis
2186 4736 2360 4791 etiam
2394 4740 2678 4799 deformis
2709 4745 3013 4820 indulgere
3047 4733 3295 4825 libidini,
3330 4765 3389 4815 et
3417 4763 3518 4833 qui
3553 4765 3679 4836 pul-

2022 4820 2162 4876 cher
2204 4825 2301 4889 sit,
2336 4828 2571 4884 studere
2624 4837 2900 4890 castitati.
2933 4838 3132 4912 Neque
3162 4820 3342 4903 robur
3373 4820 3677 4924 molesque

2024 4925 2088 4964 ac
2112 4914 2428 4981 proceritas
2451 4922 2709 4989 corporis
2733 4923 2910 4980 vitam
2934 4930 3320 4999 ati‘eruntmec
3342 4942 3676 4998 membrum

2027 4998 2262 5071 aliquod
2299 5003 2398 5058 dat
2429 5008 2786 5080 perniciem;
2839 5016 2941 5070 sed
3002 5034 3237 5078 causam
3271 5025 3330 5079 in
3359 5032 3681 5102 utrumque

2023 5089 2260 5159 praebet,
2296 5108 2422 5163 quae
2475 5095 2568 5152 his
2618 5101 2817 5158 anima
2866 5107 3069 5163 utitur.
3095 5110 3350 5181 Sustine,
3384 5089 3598 5189 inquit,
3629 5120 3680 5175 si

2021 5178 2155 5244 quis
2181 5179 2319 5235 tein
2345 5182 2549 5240 faciem
2585 5190 2755 5244 caedit
2775 5194 2846 5261 (ε)
2874 5210 2889 5258 ;
2939 5196 3032 5250 cui
3065 5202 3122 5252 et
3149 5178 3430 5258 robustus
3460 5178 3517 5259 et
3546 5178 3683 5277 pro-

2023 5280 2197 5336 spera
2230 5274 2399 5326 utens
2433 5272 2768 5334 valetudine
2800 5281 3084 5339 obaudire
3115 5293 3344 5356 potest;
3393 5297 3449 5347 et
3478 5272 3685 5351 cohtra

2023 5355 2159 5425 quis
2191 5354 2488 5429 infirmus,
2524 5368 2742 5422 mentis
2773 5370 3100 5440 petulantia
3119 5354 3252 5446 ejus
3283 5386 3687 5454 transgressor

2020 5458 2167 5499 esse.
2197 5444 2292 5502 Sic
2323 5455 2376 5502 et
2413 5466 2622 5509 rursus
2666 5471 2883 5526 egenus
2929 5444 3169 5531 quidam
3203 5469 3258 5520 et
3290 5465 3481 5539 inops,
3515 5473 3682 5545 cupi-

1195 5582 1896 5696 (a)"M{attb.v1,9%I;xn,
1929 5590 2020 5661 35,
2052 5593 2143 5652 34.
2221 5595 2298 5670 (ὁ)
2331 5563 2686 5676 lllattb.v,3.
2762 5607 2836 5680 (c)
2869 5609 3092 5669 Ibid.6.
3169 5615 3462 5689 (d)ICor.
3484 5640 3570 5696 ιιι,
3593 5626 3682 5686 17.

329 5812 443 5889 (26)
477 5814 913 5892 Μαθηματικῶς.
945 5819 1115 5879 Forte
1142 5825 1544 5896 πνευματικῶς,
1571 5829 1676 5884 aut
1705 5823 1922 5902 μεμελη

2034 5831 2130 5890 ῶς.
2161 5833 2325 5895 Ειιιι.
