4124 6420
463 507 571 563 623
1681 509 2096 566 CLEMENTIS

2224 508 2638 563 [EXANDRINI
3779 507 3892 567 624

462 633 751 690 ditatibus
777 631 972 688 ebrius
1002 631 1310 702 exstiterit,
1344 633 1564 706 quique
1611 634 1848 705 divitiis,
1882 633 2108 699 afﬂuat,

2231 626 2410 682 τοίνυν
2463 627 2573 684 ἐστὶ
2629 629 2692 683 τὸ
2752 627 3052 702 ζησόμενον
3116 628 3356 703 μάλιστα
3407 629 3501 686 καὶ
3569 634 3793 708 πρῶτον
3855 636 3894 705 ἡ

463 723 695 778 sobrius
726 730 781 777 et
809 737 1030 793 egenus
1059 720 1426 792 voluptatum
1457 740 1476 778 :
1509 740 1721 796 nempe
1749 720 2111 794 obsequendi

2228 716 2408 791 ψυχή,
2455 717 2547 770 καὶ
2595 716 2720 792 περὶ
2763 715 2965 788 ταύτην
3015 717 3181 793 ἀρετὴ
3239 718 3336 792 μὲν
3392 718 3642 794 φυομένη
3704 723 3894 797 σώζει,

464 810 683 878 animo,
729 810 995 880 sedulus,
1025 811 1320 878 cordatus,
1357 812 1638 881 mundus,
1673 813 2019 885 castigatus.
2053 809 2113 865 Si

2227 803 2390 858 κακία
2447 803 2505 860 δὲ
2554 811 2794 870 θανατοῖο
2849 803 3019 876 δῆλον
3054 804 3164 879 ἤδη
3199 811 3405 886 σαφῶς,
3463 809 3546 864 δτι
3605 809 3743 882 αὕτη
3800 813 3896 868 καὶ

463 899 646 972 igitur
666 900 822 972 quod
847 899 1223 971 potissimum
1248 901 1626 973 primumque
1645 901 1826 958 vitam
1849 906 1939 956 est
1961 899 2113 955 habi-

2227 895 2592 970 πτωχεύουσα
2643 898 2718 951 ὧν
2768 894 2828 950 ἂν
2859 918 2944 960 τις
2995 898 3099 953 ὑπὸ
3147 897 3392 954 πλούτου
3424 902 3536 973 (27)
3568 897 3896 980 διαφθείρει,

463 993 687 1054 turum,
717 988 912 1044 anima
961 997 1069 1054 est,
1121 990 1290 1061 eique
1338 991 1517 1046 vitam
1565 995 1824 1063 prestat,
1856 1007 1985 1064 quae
2034 987 2113 1044 illi

2231 983 2486 1053 σώζεται,
2519 984 2609 1040 καὶ
2640 982 2956 1041 πλουτοῦσα
2983 987 3217 1056 τούτων,
3265 988 3340 1042 ὧν
3391 985 3662 1065 ἐπιτρίϐει
3719 990 3899 1048 πλοῦ-

461 1078 654 1134 virtus
683 1078 849 1150 quasi
900 1079 1244 1136 adnascitur
1289 1084 1466 1152 atque
1514 1098 1712 1138 comes
1764 1085 1874 1150 est,
1911 1079 2113 1136 vitium

2226 1093 2345 1142 τος,
2381 1077 2723 1138 θανατοῦται.
2777 1073 2881 1132 Καὶ
2945 1075 3139 1149 μηκέτι
3188 1081 3442 1150 ζητῶμεν
3477 1075 3735 1154 ἀλλαχοῦ
3791 1081 3894 1151 τήν

465 1172 662 1223 autem
695 1168 876 1223 vitam
909 1167 1182 1239 perimit;
1223 1174 1422 1241 aperte
1469 1174 1721 1239 constat,
1751 1170 1944 1242 ipsam
1993 1172 2113 1224 tum

2227 1160 2408 1216 αἰτίαν
2437 1167 2536 1218 τυῦ
2582 1163 2780 1226 τέλους
2827 1163 2974 1233 πλὴν
3010 1163 3064 1219 ἰν
3101 1169 3172 1240 τῇ
3201 1172 3302 1236 τῆς
3333 1169 3522 1242 ψυχῆς
3564 1168 3895 1224 καταστάσει

463 1273 670 1313 eorum
701 1271 945 1329 egenam
981 1274 1106 1328 qua
1158 1257 1290 1328 quis
1338 1257 1561 1316 divitiis
1593 1257 1927 1330 labefactat,
1960 1257 2113 1314 inco-

2229 1250 2324 1306 καὶ
2381 1248 2611 1308 διαθέσει
2671 1251 2810 1330 πρός
2853 1273 2914 1308 τε
2963 1254 3063 1322 τήν
3121 1255 3364 1325 ὑπακοὴν
3410 1259 3546 1311 Θεοῦ
3585 1254 3676 1312 καὶ
3725 1269 3896 1322 καθα-

462 1345 694 1402 lumem
718 1345 1001 1414 fore;tum
1021 1345 1096 1402 iis
1117 1346 1462 1404 afﬂuentem
1487 1363 1618 1420 quas
1640 1365 1709 1405 ex
1731 1346 1954 1404 divitiis
1985 1361 2113 1418 pro-

2233 1341 2462 1416 ρότητα,
2506 1341 2646 1418 πρός
2692 1363 2753 1398 τε
2800 1337 3103 1418 παράϐασιν
3137 1341 3376 1400 ἐντολῶν
3402 1345 3494 1401 καὶ
3537 1344 3726 1410 κακίας
3757 1344 3896 1402 συλ-

464 1435 609 1490 clive
629 1433 982 1503 inolescunt,
1007 1436 1244 1492 interitu
1269 1438 1668 1509 mergendam.
1692 1439 1808 1494 Nec
1833 1437 1960 1508 jam
1983 1432 2124 1491 alibi
2239 1427 2434 1506 λογήν.

463 1542 644 1598 quam
677 1525 736 1581 in
768 1525 977 1581 animos
1010 1525 1139 1597 ipso
1170 1529 1330 1583 statu
1363 1531 1421 1582 et
1452 1526 1778 1598 affectione,
1813 1530 1877 1582 ut
1925 1526 2040 1582 Deo
2081 1523 2446 1595 obsequatur
2493 1524 2893 1596 mundamque
2941 1539 3003 1581 se
3046 1523 3324 1596 praebeat,
3375 1527 3432 1580 et
3478 1529 3546 1581 ut
3594 1528 3900 1600 transgre-

463 1615 676 1670 diendo
712 1613 1006 1680 mandata,
1039 1614 1245 1670 vitium
1277 1631 1344 1670 ac
1375 1615 1662 1672 malitiam
1694 1614 1952 1687 colligat,
1984 1627 2226 1669 causam
2259 1627 2595 1684 quaeramus
2627 1629 2734 1667 cur
2762 1611 2884 1669 hac
2918 1613 3000 1668 ita
3031 1612 3310 1686 utrinque
3336 1615 3627 1670 eveniant.

533 1702 672 1760 XIX.
706 1701 853 1759 Vere
885 1702 1064 1776 igitur
1093 1704 1392 1775 probeque
1422 1705 1587 1763 dives
1633 1708 1726 1761 est
1775 1704 1899 1777 qui,
1935 1704 2113 1759 fretus

2303 1701 2400 1755 18’.
2453 1700 2514 1757 Ὀ
2567 1700 2660 1772 μὶν
2716 1697 2818 1773 ἄρα
2861 1697 3088 1770 ἀληθῶς
3136 1702 3222 1756 καὶ
3271 1699 3459 1765 καλῶς
3496 1701 3638 1758 ἐστιν
3696 1702 3724 1759 ὅ
3781 1709 3898 1760 τῶν

461 1791 782 1848 virtutibus
807 1794 894 1848 est
917 1797 976 1847 et
1008 1791 1211 1863 quavis
1247 1793 1482 1849 fortuna
1511 1797 1715 1849 sancte
1759 1798 1818 1848 et
1869 1792 1982 1847 ﬁde
2033 1789 2113 1845 uti

2229 1787 2435 1864 ἀρετῶν
2493 1788 2781 1858 πλούσιος,
2811 1790 2903 1844 καὶ
2955 1791 3103 1865 πάσῃ
3143 1789 3287 1866 τύχῃ
3317 1793 3558 1867 χρῆσθαι
3585 1791 3750 1856 ὁσίως
3801 1794 3902 1850 καὶ

463 1887 661 1954 potest
693 1899 706 1937 :
737 1881 888 1938 falso
915 1887 1111 1938 autem
1143 1883 1326 1953 dives,
1356 1884 1459 1956 qui
1490 1900 1666 1941 carne
1697 1883 1861 1940 dives
1893 1886 2002 1952 est,
2037 1881 2113 1936 vi-

2229 1881 2438 1940 πιστῶς
2469 1875 2790 1951 δυνάμενος·
2821 1879 2848 1933 6
2883 1875 2941 1934 δὲ
2968 1877 3144 1944 νόθως
3172 1878 3466 1950 πλούσιος,
3500 1883 3528 1937 6
3555 1882 3693 1938 κατᾶ
3722 1882 3902 1959 σάρκα

462 1977 707 2044 tamque
750 1971 1053 2028 transtulit
1078 1973 1152 2028 ad
1184 1973 1533 2030 exteriorem
1566 1973 1959 2030 substantiam
1993 1987 2113 2042 qua!

2235 1965 2522 2038 πλούσιος,
2572 1968 2664 2023 καὶ
2693 1969 2792 2038 τήν
2825 1969 2969 2039 ζωήν
3004 1969 3079 2032 εἰς
3103 1971 3201 2040 τὴν
3231 1968 3333 2041 ἔξω
3361 1975 3554 2037 κτῆσιν
3599 1993 3899 2046 μετενηνοο

463 2061 722 2135 praeterit
779 2066 955 2133 atque
1010 2062 1230 2132 interit,
1281 2079 1347 2119 ac
1401 2063 1758 2135 quandoque
1787 2063 1848 2118 in
1879 2061 2113 2118 alterius

2233 2057 2352 2132 χὼς
2378 2059 2478 2128 τήν
2511 2059 2937 2135 παρερχομένην
2988 2059 3076 2114 καὶ
3131 2061 3518 2138 φθειρομένην,
3569 2061 3656 2117 καθ
3689 2059 3904 2120 ἄλλοτε

463 2134 710 2207 censum
761 2151 995 2218 transit,
1038 2156 1096 2207 et
1152 2152 1224 2207 ad
1283 2134 1610 2208 extremum
1661 2134 1895 2209 nullius
1955 2149 2113 2222 plane

2235 2143 2416 2200 ἄλλου
2438 2134 2756 2222 γινομένην,
2779 2146 2870 2202 καὶ
2901 2145 2953 2202 ἐν
2983 2151 3062 2220 τῷ
3081 2134 3226 2204 τέλει
3257 2134 3492 2222 μηδενὸς
3518 2148 3903 2225 μηδαμῆ.Πά-

462 2240 715 2296 exsistit.
772 2241 836 2304 ›ι‹
886 2243 1111 2297 Rursus
1166 2242 1368 2296 eadem
1418 2240 1646 2296 ratione
1692 2248 1776 2296 est
1837 2245 1895 2296 et
1945 2254 2113 2294 verus

2226 2232 2311 2289 λιν
2347 2235 2410 2290 αὗ
2439 2237 2526 2291 καὶ
2562 2237 2699 2292 κατά
2726 2236 2818 2291 τὸν
2852 2236 3013 2292 αὐτὸν
3032 2238 3236 2311 τρόπον
3269 2239 3363 2293 καὶ
3382 2241 3604 2316 γνήσιος
3632 2242 3896 2318 πτωχὸς,

463 2345 707 2401 pauper,
734 2333 792 2385 et
837 2330 1078 2401 spurius
1109 2328 1263 2386 alius
1291 2328 1541 2402 falsique
1590 2329 1847 2386 nominis
1895 2343 2120 2401 pauper

461 2418 691 2474 exsistit
735 2435 747 2472 :
791 2435 1040 2490 quorum
1077 2435 1288 2490 nempe
1316 2417 1470 2474 alius
1502 2434 1724 2492 pauper
1767 2419 1978 2491 spiritu
2029 2417 2115 2490 ﬁt,

461 2508 616 2578 quod
638 2512 729 2563 est
751 2507 1076 2580 proprium,
1102 2507 1254 2564 alius
1286 2507 1552 2564 saeculari
1587 2509 1765 2575 fastu,
1789 2509 1943 2580 quod
1977 2507 2114 2563 alie-

462 2613 628 2652 num.
653 2597 854 2653 Mundi
878 2597 1060 2670 igitur
1082 2598 1231 2654 fastu
1258 2599 1522 2670 pauperi,
1553 2615 1618 2654 ac
1648 2598 1745 2669 qui
1776 2599 1938 2654 dives
1961 2597 2116 2653 vitiis

460 2689 680 2756 sit,non
707 2687 806 2759 qui
830 2687 1042 2759 spiritu
1067 2703 1310 2759 pauper,
1323 2695 1379 2743 et
1399 2688 1724 2743 secundum
1752 2692 1930 2742 Deum
1954 2685 2115 2742 dives

462 2775 1094 2846 exsistat,Recede,ait,
1119 2777 1190 2832 ab
1213 2775 1325 2847 his,
1349 2793 1498 2849 quas
1519 2775 1580 2832 in
1605 2776 1801 2833 animo
1825 2775 2116 2849 possides,

462 2864 670 2922 alienis
701 2864 1179 2934 facultatibus,ut
1201 2866 1421 2922 mundo
1443 2867 1617 2922 corde
1641 2867 1894 2922 evadens
1916 2865 2117 2921 videas

462 2958 646 3010 Deum
670 2972 686 3024 ;
719 2955 876 3028 quod
909 2959 966 3010 et
995 2954 1110 3010 alia
1145 2955 1453 3011 verborum
1485 2955 1672 3011 forma
1701 2959 1812 3022 est,
1837 2960 1902 3010 ut
1931 2955 2115 3009 intres

458 3043 519 3099 in
543 3060 790 3116 regnum
823 3043 1123 3100 caelorum.
1149 3045 1416 3110 Quonam
1439 3060 1571 3101 vero
1604 3045 1778 3101 modo
1800 3044 1873 3100 ab
1903 3043 1989 3099 eis
2021 3058 2115 3098 re-

457 3133 757 3189 cesseris?
804 3133 1143 3190 Vendendo.
1177 3132 1324 3196 Quid
1358 3132 1543 3203 ergo?
1588 3133 1671 3187 Ita
1723 3132 2001 3186 nimirum
2053 3135 2117 3188 ut

457 3222 812 3294 praediorum
846 3222 1033 3295 pretio
1066 3222 1376 3294 pecuniam
1408 3221 1700 3292 recipias?
1719 3224 1941 3292 Nempe
1975 3237 2116 3292 opes

453 3311 666 3382 opibus
688 3311 1384 3378 commutando,conflata
1409 3328 1538 3382 qua:
1561 3311 1619 3365 in
1643 3309 1845 3367 oculos
1866 3310 2117 3366 incurrit

455 3399 826 3457 substantia?
847 3401 1252 3472 Nequaquam.
1277 3401 1385 3456 Sed
1409 3401 1491 3455 ita
1510 3404 1573 3456 ut
1590 3399 1718 3455 loco
1740 3416 1963 3470 earum,
1987 3416 2114 3472 qua:

2223 2324 2314 2380 καὶ
2345 2325 2505 2390 νόθος
2539 2323 2712 2388 ἄλλος
2741 2327 2969 2402 πτωχὸς
3016 2328 3106 2382 καὶ
3138 2324 3521 2402 ψευδώνυμος
3568 2330 3596 2384 6
3627 2331 3723 2404 μὲν
3754 2333 3902 2386 κατὰ

2223 2420 2438 2490 πνεῦμα
2469 2417 2716 2492 πτωχὸς,
2747 2417 2810 2472 τὸ
2854 2415 3017 2489 ἴδιον,
3051 2420 3078 2474 6
3128 2415 3186 2474 δὲ
3231 2420 3368 2474 κατὰ
3413 2421 3647 2493 κόσμον,
3694 2421 3756 2476 τὸ
3788 2420 3898 2478 ἆλ-

2224 2505 2469 2581 λότριον.
2506 2509 2602 2578 Τῷ
2651 2504 2719 2574 δὴ
2776 2505 2914 2561 κατᾶ
2962 2505 3168 2580 κόσμον
3217 2512 3431 2583 πτωχῷ
3488 2509 3579 2564 καὶ
3635 2507 3903 2583 πλουσίῳ

2221 2595 2358 2650 κατά
2387 2595 2455 2649 τὰ
2483 2594 2654 2665 πάθη,
2687 2595 2715 2650 6
2747 2598 2859 2668 (27)
2882 2595 3018 2651 κατά
3046 2599 3261 2670 πνεῦμα
3286 2597 3351 2652 οὖ
3383 2598 3610 2674 πτωχὸς
3631 2599 3724 2653 καὶ
3752 2598 3902 2654 κατᾶ

2223 2682 2350 2738 Θεὸν
2384 2680 2674 2752 πλούσιος,
2703 2683 3030 2756 ’Δπόστηθι,
3056 2685 3215 2762 φησὶ,
3261 2689 3370 2740 τῶν
3416 2687 3779 2762 ὑπαρχόντων
3832 2685 3902 2743 έν

2219 2773 2292 2844 τῇ
2337 2774 2517 2849 ψυχῇ,
2547 2793 2644 2827 σου
2671 2772 2965 2848 κτημάτων
2990 2771 3326 2847 ἀλλοτρίων,
3373 2773 3488 2847 ἵνα,
3534 2776 3769 2851 καθαρὸς
3823 2779 3906 2850 τῇ

2222 2859 2418 2936 καρδίᾳ
2464 2860 2780 2936 γενόμενος,
2828 2859 2954 2937 ἴδῃς
2998 2864 3090 2918 τὸν
3121 2863 3274 2920 Θεόν⁹
3317 2865 3450 2942 ὅπερ
3483 2865 3573 2920 καὶ
3606 2861 3675 2919 δι’
3709 2865 3908 2938 ἑτέρας

2223 2958 2410 3028 φωνῆς
2443 2951 2605 3023 ἐστιν,
2639 2949 2902 3016 εἰσελθεῖν
2935 2951 3012 3017 εἷς
3057 2955 3156 3022 τὴν
3215 2953 3498 3030 βασιλείαν
3545 2957 3654 3010 τῶν
3712 2955 3903 3030 οὖρα-

2223 3045 2352 3098 νῶν.
2395 3041 2492 3095 Καὶ
2540 3045 2659 3103 πῶς
2709 3040 2886 3096 αὐτῶν
2935 3040 3212 3116 ἀποστῇςς
3265 3043 3559 3114 Πωλήσας.
3619 3042 3688 3100 Τί
3741 3042 3839 3098 οὗν
3875 3070 3898 3114 ;

2224 3132 2488 3206 χρήματα
2545 3129 2664 3185 ἀντὶ
2712 3131 3010 3203 κτημάτων
3072 3126 3265 3207 λάϐῃς,
3325 3130 3596 3188 ἀντίδοσιν
3631 3130 3893 3196 πλούτου

2224 3219 2776 3294 προσποιησάμενος,
2829 3217 3176 3295 ἐξαργυρίσας
3226 3221 3328 3291 τὴν
3379 3222 3607 3300 φανερὰν
3658 3219 3889 3292 οὖσίαν;

2223 3305 2518 3382 Οὐδαμῶς.
2563 3305 2740 3364 Ἀλλά
2786 3306 2903 3361 ἀντὶ
2949 3309 3056 3362 τῶν
3117 3310 3398 3386 προτέρων
3455 3308 3884 3386 ένοπᾶρχόντων

2223 3400 2292 3470 τῇ
2347 3399 2530 3471 ψυχῇς,
2558 3398 2617 3465 ἣν
2684 3399 2853 3450 σῶσαι
2911 3398 3119 3466 ποθεῖς,
3179 3397 3631 3473 ἀντεισαγόμενος
3687 3395 3888 3474 ἕτερον

456 3489 654 3546 animo
681 3495 816 3545 ante
845 3489 1098 3557 inerant,
1122 3505 1296 3560 quem
1329 3505 1458 3544 esse
1487 3487 1714 3544 salvum
1749 3489 1937 3560 cupis,
1961 3488 2107 3545 alias

2224 3484 2461 3542 πλοῦτον
2517 3485 2769 3550 θεοποιὸν
2819 3485 2909 3540 καὶ
2971 3488 3114 3555 ζωῆς
3167 3487 3415 3562 χορηγὸν
3475 3486 3723 3558 αἰωνίου,
3787 3486 3903 3551 τὰς

457 3578 694 3634 divitias
723 3577 959 3634 deiﬂcas
978 3578 1232 3650 vitasque
1259 3581 1486 3633 aeterna
1521 3578 1778 3649 pararias
1807 3579 1900 3650 (ex
1932 3578 2116 3634 divini

459 3666 683 3723 scilicet
714 3667 939 3722 ratione
971 3666 1234 3722 mandati
1267 3671 1570 3722 consertos
1617 3666 1800 3722 animi
1851 3666 2116 3740 affectus)

460 3755 718 3824 inferas;
770 3773 873 3827 pro
926 3756 1142 3827 quibus
1174 3754 1285 3810 erit
1309 3755 1416 3810 tibi
1451 3771 1670 3810 merces
1701 3772 1766 3810 ac
1798 3764 2117 3827 perpetuus

462 3845 652 3900 honor
669 3849 728 3901 et
747 3844 909 3900 salus
941 3850 1272 3916 aeternaque
1306 3843 1690 3916 incorruptio.
1714 3845 1778 3899 in
1809 3843 1967 3900 hunc
1997 3861 2117 3901 mo-

459 3936 601 3990 dum
623 3939 778 3990 recte
799 3933 1004 3989 vendis
1027 3949 1155 4004 qure
1178 3932 1469 4005 possides,
1494 3931 1681 3988 multa
1709 3932 1814 3989 illa
1833 3937 1891 3989 et
1910 3950 2114 4005 super-

457 4023 598 4089 flua,
629 4028 688 4079 et
716 4038 844 4095 quae
875 4023 982 4078 tibi
1013 4021 1226 4078 cmlum
1261 4022 1603 4092 occludunt,
1637 4038 1772 4078 cum
1804 4021 1923 4078 illis
1955 4039 2114 4080 com-

455 4117 716 4179 mutans,
739 4128 868 4184 qua
899 4111 1152 4168 salutem
1185 4110 1392 4167 afferre
1421 4110 1668 4184 possint.
1707 4111 1812 4167 Illa
1862 4112 2116 4169 habeant

452 4202 671 4259 carnali
705 4201 822 4258 ritu
856 4215 1145 4275 pauperes
1165 4206 1223 4257 et
1253 4201 1353 4273 qui
1386 4200 1480 4256 his
1511 4200 1850 4271 indigeant:
1885 4205 1949 4256 tu
1979 4218 2113 4258 vero

450 4290 819 4364 spiritalibus
841 4307 1045 4348 eorum
1066 4290 1194 4348 loco
1215 4289 1462 4362 receptis
1493 4289 1741 4357 divitiis,
1761 4289 2110 4348 thesaurum

449 4380 511 4435 in
545 4380 707 4438 caelis
736 4381 983 4438 habeas.

520 4469 641 4526 XX.
663 4474 799 4526 Haec
823 4485 927 4542 per
955 4468 1363 4542 metaphoram
1397 4467 1555 4525 dicta
1602 4484 1720 4525 non
1774 4467 2111 4543 intelligens

447 4557 544 4614 ille
568 4558 773 4615 multis
795 4557 1061 4630 pecuniis
1084 4556 1346 4630 locuples
1369 4563 1426 4614 et
1445 4557 1620 4614 homo
1642 4556 1847 4630 legalis
1871 4578 1886 4628 ;
1923 4573 2112 4630 neque

445 4653 514 4702 ut
563 4647 750 4719 possit
788 4646 942 4702 idem
991 4649 1048 4701 et
1097 4662 1320 4719 pauper
1347 4663 1477 4703 esse
1509 4651 1566 4702 et
1597 4647 1781 4716 dives,
1812 4655 1866 4703 et
1899 4647 2111 4705 habere

445 4735 724 4807 pecunias
755 4740 811 4790 et
839 4750 953 4789 non
1002 4735 1238 4803 habere,
1265 4751 1494 4791 necnon
1527 4735 1612 4791 uti
1665 4737 1878 4793 saeculo
1904 4741 1960 4793 et
1993 4754 2106 4793 non

442 4827 552 4894 uti,
581 4825 726 4880 abiit
755 4823 941 4879 tristis
963 4827 1020 4878 et
1041 4839 1317 4894 mmrens,
1344 4824 1540 4880 relicta
1559 4825 1695 4881 vitis
1719 4831 1894 4893 sorte,
1921 4843 2099 4898 quam

442 4912 816 4969 solummodo
846 4927 1081 4983 cupere,
1114 4926 1182 4966 ac
1232 4927 1347 4966 non
1394 4910 1571 4968 etiam
1600 4916 1832 4988 assequi
1869 4916 2099 4987 potuit;

2229 3575 2364 3630 κατὰ
2409 3575 2508 3643 τὴν
2557 3572 2785 3643 ἐντολὴν
2836 3577 2930 3630 τοῦ
2962 3577 3096 3630 Θεοῦ
3155 3571 3440 3638 διαθέσεις·
3492 3576 3606 3641 ἀνθ’
3662 3577 3738 3630 ὧν
3798 3596 3904 3632 σοι

2224 3662 2500 3736 περιέσται
2554 3663 2746 3737 μισθὸς
2797 3664 2888 3718 καὶ
2937 3663 3076 3733 τιμή
3135 3661 3413 3734 διηνεκὴς,
3472 3664 3563 3720 καὶ
3616 3664 3902 3740 σωτηρία,

2223 3752 2315 3807 καί
2345 3751 2567 3815 αἰώνιος
2597 3752 2885 3824 ἀφθαρσία.
2919 3748 3078 3809 Οὕτω
3125 3750 3312 3815 καλῶς
3344 3751 3554 3816 πωλεῖς
3602 3753 3670 3808 τὰ
3720 3753 3906 3830 ὑπάρ-

2226 3861 2419 3918 χοντα,
2450 3843 2517 3896 τὰ
2559 3839 2748 3896 πολλά
2788 3841 2878 3895 καὶ
2927 3843 3178 3916 περισσὰ,
3238 3841 3327 3896 καὶ
3375 3840 3742 3898 ἀποκλείοντά
3803 3864 3900 3900 σοι

2222 3930 2352 3993 τοὺς
2405 3928 2690 4006 οὐρανοὺς,
2751 3927 3394 4005 ἀντικαταλλασσόμενος
3439 3931 3618 3986 αὐτῶν
3656 3931 3725 3987 τὰ
3772 3936 3903 3988 σῶ-

2223 4040 2311 4074 σαι
2344 4016 2637 4091 δυνάμενα.
2679 4018 2892 4074 Ἐκεῖνα
2927 4016 3199 4094 ἐχέτωσαν
3253 4020 3306 4074 οἱ
3364 4021 3613 4096 σαρκικοὶ
3661 4022 3902 4097 πτωχοὶ

2222 4109 2313 4165 καὶ
2359 4109 2569 4164 τούτων
2616 4105 2888 4181 δεόμενοι·
2933 4108 2996 4162 σὺ
3046 4106 3104 4164 δὶ
3151 4109 3244 4165 τὸν
3274 4110 3642 4184 πνευματικὸν
3704 4108 3897 4166 πλοῦ-

2219 4219 2314 4254 τοε
2381 4191 2690 4254 ἀντιλαϐὼν
2757 4191 2912 4273 ἔχοις
2972 4197 3035 4253 ἃν
3091 4195 3203 4270 ἤδη
3265 4198 3542 4277 θησαυρόν
3600 4197 3653 4255 έν
3715 4198 3898 4276 οὖρα-

2221 4308 2360 4344 νοις.

2296 4468 2368 4523 K'.
2419 4469 2600 4523 Ταῦτα
2635 4465 2711 4539 μὴ
2745 4464 2944 4527 συνιεὶς
2989 4465 3124 4520 κατᾶ
3153 4465 3383 4541 τρόπον,
3431 4467 3461 4521 6
3504 4465 3904 4543 πολυχρήμα-

2215 4577 2310 4620 τος
2359 4554 2448 4612 καῖ
2496 4553 2724 4627 ἔννομος
2780 4551 3092 4628 ἄνθρωπος,
3146 4551 3288 4628 μηδὶ
3339 4553 3490 4618 ὅπως
3523 4555 3552 4610 ὁ
3581 4554 3745 4618 αὐτὸς
3797 4556 3904 4612 καὶ

2217 4645 2444 4722 πτωχὸς
2493 4641 2716 4699 δύναται
2772 4643 2902 4698 εἶναι
2961 4641 3052 4697 καὶ
3109 4640 3402 4711 πλούσιος,
3459 4644 3553 4699 καὶ
3611 4638 3758 4720 ἔχειν
3822 4646 3904 4701 τὰ

2219 4736 2483 4811 χρήματα
2534 4731 2624 4788 καὶ
2679 4733 2755 4805 μὴ
2817 4726 2990 4806 ἔχειν,
3039 4731 3132 4786 καὶ
3181 4735 3423 4809 χρῆσθαι
3450 4733 3534 4806 τῷ
3565 4733 3762 4806 κόσμῳ
3792 4734 3901 4789 καὶ

2223 4825 2300 4898 μὴ
2359 4823 2621 4898 χρῆσθαι,
2675 4817 2891 4889 ἀπῆλθε
2947 4819 3175 4895 στυγνὸς
3230 4821 3318 4876 καὶ
3379 4823 3656 4900 κατηφὴς,
3697 4820 3896 4878 λιπὼν

2211 4919 2314 4981 τὴν
2371 4912 2518 4980 τάξιν
2578 4911 2682 4975 τῆς
2750 4913 2920 4980 ζωῆς,
2949 4910 3017 4978 ἧς
3047 4907 3331 4983 ἐπιθυμεῖν
3365 4911 3554 4984 μόνον,
3585 4908 3717 4965 ἀλλ’
3746 4911 3900 4988 οὐχὶ

443 5001 541 5072 qui
576 5001 689 5057 sibi
721 4999 1002 5056 nimirum
1049 5000 1204 5071 quod
1255 5000 1509 5056 arduum
1559 5007 1704 5073 erat,
1738 5003 2107 5076 impossibile

2224 5001 2302 5056 καὶ
2355 5004 2546 5074 τυχεῖν
2592 4995 2852 5068 ἠδύνατο,
2896 4997 2960 5052 τὸ
3009 4996 3276 5054 δύσκολον
3327 5001 3565 5070 ποιήσας
3611 4995 3896 5056 ἀδύνατον

440 5089 1054 5146 reddiderit.Arduum
1079 5104 1334 5160 namque
1353 5104 1420 5145 ac
1442 5088 1684 5148 difﬁcile
1707 5109 1822 5148 non
1848 5093 2106 5149 circum-

2224 5089 2377 5151 αὐτὸς
2410 5089 2606 5159 ἑαυτῷ.
2640 5086 2916 5142 Δ“5σκολον
2942 5087 3044 5162 γὰρ
3093 5087 3161 5158 ἦν
3197 5089 3274 5162 μὴ
3326 5089 3700 5166 περιάγεσθαι,
3738 5086 3903 5162 μηδὲ

440 5179 573 5234 duci
608 5179 876 5235 animum
909 5181 965 5233 et
987 5176 1350 5246 labefactari,
1387 5179 1760 5236 afﬂuentium
1812 5181 2104 5238 bonorum

2224 5177 2674 5256 καταστρέφεσθαι
2760 5177 2858 5245 τήν
2931 5178 3117 5252 ψυχὴν
3198 5179 3303 5234 ἀπὸ
3379 5183 3486 5234 τῶν
3561 5174 3903 5253 προσόντων

438 5267 762 5338 ﬂoridaque
790 5267 982 5337 specie
1005 5267 1300 5340 praestigio
1324 5285 1500 5340 prope
1524 5269 1938 5341 obrepentium
1962 5287 2104 5326 con-

2224 5265 2398 5346 ἆϐρῶν
2456 5272 2535 5340 τῷ
2589 5262 2863 5339 προδήλῳ
2904 5263 3133 5338 πλούτῳ
3161 5268 3249 5322 καὶ
3298 5266 3546 5341 ἀνθηρῶν
3570 5267 3904 5344 γοητευμάο

435 5357 643 5428 spicuo
676 5372 856 5412 censu
889 5371 956 5411 ac
985 5356 1246 5426 divitiis;
1299 5375 1413 5414 non
1472 5364 1676 5414 tamen
1734 5358 2104 5431 impossibile

2224 5377 2339 5416 των·
2389 5357 2490 5413 οὐκ
2538 5353 2799 5410 ἀδύνατον
2854 5351 2912 5410 δὲ
2959 5354 3047 5410 καὶ
3098 5355 3359 5430 ἐντούτῳ
3391 5352 3653 5413 λαϐέσθαι
3698 5376 3904 5428 σωτη-

435 5461 569 5500 cum
603 5445 696 5501 his
726 5447 906 5501 etiam
940 5447 1202 5502 nancisci
1232 5446 1507 5514 salutem,
1533 5448 1584 5502 si
1612 5447 1750 5518 quis
1775 5449 1846 5503 ab
1872 5448 1945 5505 iis
1970 5450 2101 5523 cpi-

2224 5449 2357 5523 ρίας,
2417 5445 2467 5501 ei
2511 5465 2594 5506 τις
2645 5443 2832 5499 ὶαυτὸν
2886 5445 2993 5501 ἀπὸ
3040 5449 3140 5500 τοῦ
3171 5445 3437 5516 αἰσθητοῦ
3481 5444 3730 5502 πλούτου
3790 5445 3908 5522 ἐπὶ

507 5569 571 5634 ›ι‹
603 5573 667 5625 Ρ.
698 5571 804 5626 936
832 5570 952 5628 ED.
985 5569 1281 5630 POTTEB.

527 5691 920 5769 ξυηλούτου.
951 5693 1160 5750 Τούτου
1193 5714 1305 5753 ms.
1341 5697 1512 5752 FELL.
1580 5768 1586 5769 ί
1758 5766 1782 5769 __
1855 5767 1862 5769 Α

2224 5717 2301 5756 ιο.
2340 5696 2500 5765 1832,
2536 5695 2896 5769 particulam
2929 5693 2992 5750 οὗ
3027 5695 3382 5769 repudiavit,
3415 5696 3500 5754 ita
3554 5700 3622 5769 ut
3682 5695 3711 5750 ὁ
3742 5698 3906 5753 κατὰ

479 5766 642 5856 Β(ξς)
682 5767 862 5856 Yertit
889 5768 1182 5856 igte‘rpres
1234 5768 1721 5856 Equasimlegisset
1751 5766 2092 5856 Sc-(subau-

2224 5769 2427 5856 Nequa.
2462 5766 2709 5856 πτωχὸς,
2737 5767 3006 5856 sai-1.770.
3027 5766 3116 5856 lt:
3135 5768 3294 5856 verbi
3327 5767 3664 5844 sequuntis,
3715 5770 3896 5846 φησι,

433 5835 649 5896 diendo
687 5835 844 5914 tm).
902 5835 1182 5912 Klotiius,
1231 5835 1292 5897 in
1350 5835 1608 5898 editione
1650 5856 1763 5900 sua
1811 5835 2120 5917 Lipsian'a"
2156 5867 2166 5879 -
2202 5835 2543 5916 subjectum
2560 5835 2799 5901 evadat.
2828 5839 2994 5901 Eorr.
3026 5838 3276 5902 ΡΑπιοι.
