4124 6404
252 422 366 481 Θ25

1418 422 1634 479 LIBER
1670 423 1841 489 QUIS
1878 422 2099 479 DIVES
2133 424 2539 482 BALVETUB.

3579 425 3687 481 626

250 548 345 605 τὸν
398 544 598 618 νοητὸν
656 547 747 603 καὶ
805 542 1151 611 θεοδίδακτον
1208 544 1526 622 μεταγάγοι,
1586 546 1677 601 καὶ
1750 544 1914 620 μάθοι

2029 548 2140 604 bus
2172 566 2297 621 qua
2329 550 2390 607 in
2442 566 2686 609 sensum
2714 553 2954 620 cadunt,
3011 554 3084 611 ad
3115 569 3216 611 eas
3255 569 3321 611 se
3348 553 3685 625 transferat,

254 643 373 702 τοῖς
402 634 727 713 ἀδιαφόροις
757 637 991 712 χρῆσθαι
1023 635 1209 698 καλῶς
1238 635 1329 691 καὶ
1385 633 1563 706 ἰδίως,
1591 637 1681 690 καὶ
1730 636 1807 698 ὡς
1857 634 1919 692 ἂν

258 727 333 792 εἷς
364 728 511 797 ζωὴν
540 725 763 781 αἰώνιον
793 726 1033 801 ὁρμῷτο.
1064 726 1167 782 Καὶ
1200 726 1250 779 οἱ
1286 725 1524 798 μαθηταὶ
1573 722 1631 781 δὲ
1671 726 1733 780 τὸ
1774 729 1922 802 πρῶ-

254 839 349 874 τον
383 818 479 891 μὲν
509 817 601 871 καὶ
651 816 807 871 αὐτοὶ
863 813 1131 889 περιδεεῖς
1180 815 1271 869 καὶ
1320 812 1696 889 καταπληγεῖς
1754 813 1921 889 γεγό-

257 928 432 963 νασιν.
484 903 837 967 Ἀκούσαντες
880 905 934 960 τί
981 902 1227 975 δήποτε;
1258 902 1361 980 ἇρά
1412 925 1474 979 γε
1523 902 1608 958 ὅτι
1655 905 1921 978 χρήματα

258 997 352 1053 καὶ
385 995 538 1051 αὐτοὶ
587 993 877 1064 ἐκέκτηντο
928 990 1365 1064 πολλά;Ἀλλά
1419 992 1510 1048 καὶ
1564 992 1698 1048 αὐτὰ
1754 996 1921 1048 ταῦτα

258 1087 327 1142 τὰ
353 1081 599 1140 δικτύδια
655 1082 746 1137 καὶ
805 1080 1089 1159 ἄγκιστρα,
1120 1083 1209 1138 καὶ
1266 1082 1331 1136 τὰ
1377 1082 1676 1158 ὑπηρετικά
1729 1081 1917 1159 σκαφί-

258 1174 350 1230 δια
394 1174 613 1251 ἀφῆκαν
660 1170 854 1243 πάλαι,
889 1173 1024 1249 ἅπερ
1068 1174 1135 1241 ἦν
1196 1171 1381 1233 αὐτοῖς
1418 1174 1577 1245 μόνα.
1610 1170 1675 1227 Τί
1702 1170 1793 1226 οὖν
1822 1190 1923 1250 φο-

256 1259 517 1333 ϐηθέντες
548 1260 771 1337 Λέγουσι
803 1279 816 1292 ⁶
853 1285 880 1312 ι(
912 1260 1008 1322 Τίς
1062 1258 1283 1315 δύναται
1336 1262 1617 1329 σωθῆναι;
1653 1286 1678 1311 ››
1722 1257 1917 1323 Καλῶς

254 1350 519 1424 ἤκουσαν,
577 1352 668 1406 καὶ
734 1352 807 1412 ὡς
874 1351 1134 1423 μαθηταὶ,
1193 1351 1291 1405 τοῦ
1361 1344 1753 1424 παραϐολικῶς
1829 1347 1918 1403 καὶ

257 1441 486 1519 ἀσαφῶς
519 1438 815 1516 λεχθέντος
851 1440 955 1495 ὑπὸ
992 1444 1089 1494 τοῦ
1140 1438 1360 1513 Κυρίου,
1391 1439 1479 1494 καὶ
1530 1434 1765 1513 ᾔσθοντο
1821 1441 1919 1493 τοῦ

260 1528 461 1604 βάθους
485 1532 594 1583 τῶν
630 1527 836 1604 λόγων.
863 1529 1060 1585 Ἕνεκα
1106 1528 1203 1601 μὲν
1253 1525 1343 1581 οὖν
1399 1526 1702 1603 χρημάτων
1752 1527 1918 1597 ἀκτη-

262 1619 526 1693 μοσύνης,
560 1615 843 1682 εὐέλπιδες
871 1617 1007 1687 ἦσαν
1066 1618 1203 1693 πρὸς
1259 1615 1529 1693 σωτηρίαν
1566 1635 1578 1649 ’
1613 1614 1800 1685 ἐπειδὴ
1862 1613 1921 1670 δὲ

259 1706 561 1783 συνῄδεσαν
596 1707 816 1770 έαυτοῖς
879 1708 1061 1780 μήπω
1101 1708 1169 1762 τὰ
1223 1705 1369 1777 πάθη
1421 1704 1607 1762 τέλεον
1668 1706 1919 1760 ἀποτιθε-

263 1799 450 1872 μένοις
479 1796 826 1873 (ἀρτιμαθεῖς
873 1798 974 1873 γὰρ
1035 1796 1168 1865 ἦσαν
1227 1797 1318 1851 καὶ
1377 1796 1570 1851 νεωστῖ
1629 1796 1765 1871 πρὸς
1820 1798 1917 1850 τοῦ

263 1891 525 1959 Σωτῆρος
586 1880 1109 1959 ἠνδρολογημένοι),
1171 1887 1441 1957 περισσῶς
1500 1881 1918 1955 ἐξεπλήττοντο,

259 1973 350 2029 καὶ
381 1971 750 2048 ἀπεγίνωσκον
805 1971 1028 2035 ἑαυτοὺς
1087 1968 1239 2027 οὐδέν
1267 1993 1320 2025 τι
1351 1973 1513 2042 ἦττον
1558 1970 1765 2027 ἐκείνου
1822 1976 1917 2027 τοῦ

256 2060 705 2138 πολυχρημάτου
759 2060 850 2116 καὶ
902 2058 1089 2123 δεινῶς
1124 2067 1223 2131 τῆς
1254 2063 1499 2131 κτήσεως
1557 2061 1918 2136 περιεχουμέ·

253 2172 377 2221 νου,
408 2150 476 2219 ἥν
537 2171 601 2226 γε
653 2151 938 2225 προέκρινε
998 2156 1145 2220 ζωῆς
1202 2149 1449 2205 αἰωνίου.
1481 2150 1666 2220 ’Ἄξιον
1719 2148 1813 2204 οὖν
1850 2149 1916 2219 ἧν

250 2246 374 2303 τοῖς
438 2242 709 2313 μαθηταῖς
768 2234 943 2317 φόϐου
992 2238 1212 2307 παντὸς,
1248 2238 1296 2294 εἴ
1324 2239 1411 2293 καὶ
1447 2240 1474 2293 6
1506 2240 1771 2314 χρήματα
1827 2260 1917 2294 κε-

250 2328 529 2403 κτημένος
589 2328 680 2383 καὶ
731 2328 759 2382 6
813 2331 921 2383 τῶν
978 2332 1165 2393 παθῶν
1217 2324 1406 2403 ἔγκυος
1464 2325 1559 2399 ὢν,
1593 2327 1917 2399 ἐπλούτουν,

252 2418 346 2475 καὶ
406 2417 562 2473 αὐτοὶ
638 2414 1041 2493 παραπλησίως
1121 2414 1558 2488 ἀπελαθήσονται
1644 2416 1914 2493 οὐρανῶν.

252 2508 513 2571 Ἀπαθῶν
546 2508 652 2583 γὰρ
682 2506 772 2561 καὶ
816 2508 1063 2581 καθαρῶν
1107 2509 1302 2581 ψυχῶν
1365 2504 1505 2561 ἐστιν
1556 2509 1591 2575 ἡ
1644 2507 1915 2584 σωτηφία.

2033 654 2160 710 quae
2192 638 2252 695 in
2288 644 2480 695 mente
2529 641 2965 713 intelliguntur,
3021 648 3253 715 Deoque
3298 644 3544 700 docente
3577 660 3684 698 no-

2032 733 2318 795 scuntur;
2354 730 2693 801 noveritque
2720 732 2887 801 ibene
2918 732 3003 787 uti
3054 732 3172 788 illis
3205 749 3331 803 quae
3364 731 3684 804 promiscui

2032 833 2179 873 usus
2210 822 2349 872 sunt
2372 819 2728 890 propriaque
2751 820 2833 874 illi
2858 822 3105 889 ratione,
3131 826 3189 877 et
3219 826 3283 876 ut
3312 821 3493 877 animi
3526 821 3684 877 desi-

2032 905 2195 961 derio
2214 906 2285 961 ad
2315 907 2497 962 vitam
2521 911 2797 963 azternam
2823 909 3097 964 enitatur.
3127 910 3275 976 Quin
3301 914 3356 965 et
3380 910 3683 979 discipuli,

2031 993 2115 1049 illi
2135 994 2375 1066 quidem
2400 996 2658 1067 primum
2685 997 2893 1053 timore
2908 997 3243 1068 perculsiac
3264 998 3497 1053 attoniti
3518 1002 3679 1054 sunt.

2031 1080 2154 1145 Quo
2184 1098 2392 1154 nempe
2419 1083 2620 1138 audito
2642 1084 2669 1137 ‘2
2688 1082 2839 1140 Num
2873 1086 3029 1156 quod
3062 1086 3177 1157 ipsi
3207 1102 3441 1157 quoque
3464 1086 3683 1142 multas

2030 1169 2310 1241 pecunias
2339 1171 2678 1227 habebant?
2708 1172 2925 1229 Verum
2948 1173 3076 1245 ipso
3107 1191 3344 1247 quoque
3375 1174 3509 1231 vilia
3539 1176 3687 1231 retia

2028 1257 2357 1330 hamosque
2408 1277 2472 1315 ac
2522 1261 2869 1333 piscatorias
2900 1264 3150 1334 scaphas
3197 1264 3675 1335 lintresquejam

2030 1347 2166 1402 olim
2202 1347 2578 1420 reliquerant,
2604 1367 2729 1421 qua:
2752 1351 2877 1406 sola
2895 1350 3013 1408 illis
3032 1352 3091 1407 in
3118 1368 3295 1408 censu
3324 1358 3510 1409 erant.
3534 1354 3684 1417 Quid

2029 1451 2167 1509 ergo
2196 1438 2468 1493 timentes
2483 1438 2669 1494 aiunt:
2686 1462 2713 1490 «
2732 1439 2944 1511 thuis
2959 1446 3149 1511 potest
3165 1441 3365 1497 salvus
3379 1442 3503 1497 fieri
3516 1443 3621 1513 (a)?
3651 1464 3678 1494 ι»

2030 1525 2308 1582 Praeclare
2342 1528 2667 1599 audierant,
2700 1532 2755 1584 et
2786 1529 3163 1602 utdiscipuli,
3197 1532 3349 1602 quod
3384 1548 3488 1604 per
3513 1548 3685 1604 para-

2031 1614 2224 1672 bolam
2248 1633 2545 1689 sensuque
2575 1618 2914 1675 obscuriore
2945 1636 2978 1674 a
3018 1619 3261 1676 Domino
3293 1622 3517 1677 dictum
3552 1622 3680 1678 fue-

2029 1709 2266 1778 rat,_ac
2325 1708 2628 1762 sententiae
2689 1708 3062 1763 altitudinem
3120 1709 3548 1766 intellexerant.
3612 1712 3683 1768 Et

2028 1794 2263 1863 quidem
2294 1796 2446 1866 quod
2473 1797 2682 1851 attinet
2703 1797 2773 1852 ad
2809 1797 3191 1869 pecuniarum
3220 1798 3677 1865 abdicationem,

2025 1895 2089 1959 ›χ‹
2118 1885 2270 1940 bona
2298 1901 2400 1956 spe
2431 1887 2856 1957 consequendae
2878 1886 3085 1941 salutis
3118 1888 3243 1942 freti
3275 1893 3444 1944 erant
3473 1914 3486 1957 ;
3521 1891 3673 1960 quod

2027 1991 2164 2030 vero
2196 1974 2445 2029 necdum
2483 1990 2545 2029 se
2576 1975 2827 2045 perfecte
2872 1975 3115 2031 affectus
3155 1977 3415 2049 vitiaque
3444 1978 3678 2035 exuisse

2031 2062 2141 2120 sibi
2174 2063 2390 2119 conscii
2423 2068 2586 2118 erant
2614 2063 2855 2135 (quippe
2892 2081 3078 2136 nuper
3116 2066 3430 2138 disciplina
3460 2068 3674 2123 imbuti

2030 2168 2348 2224 recensque
2368 2168 2401 2205 a
2423 2151 2793 2207 Salvatorein
2820 2152 3101 2207 familiam
3121 2153 3331 2226 asciti),
3351 2172 3531 2227 supra
3552 2173 3677 2212 mo-

2030 2243 2171 2297 dum
2204 2241 2418 2297 animis
2450 2240 2699 2312 perculsi
2732 2246 2921 2310 erant,
2946 2260 3234 2315 suamque
3263 2244 3375 2316 ipsi
3398 2244 3675 2313 salutem,

2029 2331 2187 2386 haud
2222 2347 2392 2386 secus
2424 2347 2488 2385 ac
2511 2330 2706 2385 divitis
2739 2330 2896 2385 illius
2946 2331 3215 2388 habentis
3247 2332 3466 2389 multas
3499 2349 3679 2405 pecu-

2031 2422 2182 2487 nias,
2214 2421 2453 2492 direque
2482 2421 2679 2476 animo
2712 2421 2792 2476 rei
2826 2419 3104 2476 familiari
3136 2421 3355 2476 addicti
3386 2424 3589 2494 (quam
3622 2427 3681 2479 et

2028 2509 2159 2565 vitae
2207 2513 2432 2565 aeternae
2484 2507 2860 2579 praatulerat),
2906 2507 2963 2561 in
2992 2507 3320 2579 desperatis
3362 2509 3677 2578 habebant,

254 2601 465 2667 Magno
517 2596 716 2669 itaque
763 2596 882 2652 illis
914 2596 1126 2652 timore
1177 2596 1424 2669 dignum
1476 2597 1786 2653 videbatur
1832 2614 1845 2653 :
1891 2597 1942 2654 si
1992 2603 2119 2654 tum
2169 2598 2220 2654 is
2269 2596 2369 2671 qui
2423 2597 2700 2669 pecunias
2748 2596 3008 2664 haberet,
3060 2600 3185 2651 tum
3232 2597 3329 2667 qui
3372 2597 3679 2655 affectibus

256 2684 539 2757 gravidus
584 2689 764 2749 esset,
808 2682 867 2737 in
919 2682 1167 2738 divitum
1230 2699 1410 2738 censu
1468 2683 1721 2739 habendi
1780 2687 1999 2753 essent,
2030 2684 2265 2756 ipsique
2315 2684 2556 2755 perinde
2601 2697 2781 2756 regno
2831 2682 3110 2739 oculorum
3143 2682 3415 2754 ejiciendi
3464 2684 3673 2741 forent.

257 2772 510 2828 Animas
539 2773 696 2827 enim
728 2772 1026 2827 immunes
1058 2773 1129 2827 ab
1162 2771 1470 2828 affectibus
1504 2788 1569 2828 ac
1601 2773 1731 2828 labe
1761 2789 1939 2845 puras
1972 2778 2172 2830 manet
2201 2772 2386 2829 salus.

330 2888 461 2945 ΚΝ.
492 2888 552 2945 Ὀ
600 2884 659 2942 δὶ
697 2885 900 2963 Κύριος
956 2885 1307 2961 ἀποκρίνεται
1339 2906 1351 2919 ·
1387 2910 1415 2938 ιι
1451 2887 1599 2941 Διότι
1648 2888 1709 2942 τὸ
1740 2886 1792 2942 έν
1828 2888 1919 2942 ἆν-

260 2977 505 3052 θρώποις
560 2973 824 3031 ἀδύνατον
877 2972 1101 3031 δυνατὸν
1144 2980 1280 3049 Θεῷ.
1316 3000 1345 3027 ››
1380 2973 1551 3031 Πάλιν
1606 2978 1696 3031 καὶ
1755 2982 1919 3032 τοῦτο

266 3065 514 3143 μεγάλης
569 3064 762 3143 σοφίας
824 3065 1016 3138 μεστόν
1077 3064 1220 3119 ἐστιν
1255 3085 1267 3095 ·
1317 3064 1399 3120 ὅτι
1456 3066 1573 3120 καθ’
1603 3066 1761 3121 αὐτὸν
1823 3066 1917 3138 μὶν

259 3155 443 3211 ἀσκῶν
489 3154 579 3210 καὶ
639 3151 1069 3227 διαπονούμενος
1110 3153 1367 3209 ἀπάθειαν
1416 3151 1727 3229 ἅνθρωπος,
1760 3152 1914 3210 ούδὶν

254 3244 450 3300 ἀνύει·
498 3243 588 3299 ἐὰν
648 3242 707 3299 δε
763 3242 987 3319 γένηται
1047 3241 1219 3313 δῆλος
1250 3244 1667 3317 ὑπερεπιθυμῶν
1721 3245 1918 3299 τούτου

253 3335 345 3390 καὶ
382 3330 811 3402 διεσπουδακὼς,
842 3336 909 3406 τῇ
938 3334 1223 3408 προσθήκῃ
1268 3339 1369 3403 τῆς
1420 3337 1516 3387 τοῦ
1574 3338 1709 3388 Θεοῦ
1759 3330 1916 3389 δυνά-

260 3444 408 3497 μεως
437 3423 793 3499 περιγίνεται.
825 3420 1202 3495 Βουλομέναις
1235 3422 1331 3495 μὲν
1378 3422 1482 3498 γὰρ
1533 3424 1561 3477 6
1611 3424 1739 3484 Θεὸς
1796 3428 1915 3485 ταῖς

256 3515 468 3587 ψυχαῖς
508 3516 824 3567 συνεπιπνεῖ
856 3531 869 3545 ·
904 3511 949 3566 εί
1002 3508 1060 3566 δὲ
1117 3510 1407 3566 ἀποσταῖεν
1447 3518 1547 3580 τῆς
1578 3511 1915 3587 προθυμίας,
1950 3543 1993 3610 C

256 3603 351 3657 καὶ
382 3602 446 3657 τὸ
472 3599 623 3656 δοθὶν
656 3602 717 3657 ἐκ
744 3603 879 3657 Θεοῦ
909 3604 1123 3673 πνεῦμα
1172 3598 1496 3670 συνεστάλη.
1528 3602 1604 3657 Τὸ
1668 3600 1762 3673 μὶν
1817 3600 1918 3676 γὰρ

254 3688 486 3754 ἄκοντας
518 3692 734 3761 σώζειν,
767 3689 879 3745 ἐστὶ
914 3690 1248 3766 βιαζομένου
1272 3708 1285 3721 ’
1316 3690 1379 3744 τὸ
1429 3686 1487 3744 δὲ
1534 3690 1915 3765 αἱρουμένους,

254 3779 653 3856 χαριζομένου,
682 3776 824 3838 Οὐδὲ
851 3783 960 3834 τῶν
990 3775 1367 3843 καθευδόντων
1396 3778 1484 3834 κοὶ
1538 3775 1918 3855 βλακευόντων

254 3868 404 3925 ἰστὶν
436 3872 472 3939 ἡ
510 3867 763 3945 βασιλεία
789 3872 887 3925 τοῦ
945 3872 1107 3936 Θεοῦ,
1137 3865 1266 3924 ἀλλ’
1300 3891 1329 3921 ιι
1364 3868 1416 3922 οἱ
1469 3868 1683 3944 βιασταὶ
1740 3870 1917 3945 ἁρπά-

256 3964 439 4028 ζουσιν
466 3958 658 4029 αὐτήν.
693 3982 723 4011 n
754 3958 903 4029 Αὕτη
935 3959 1038 4034 γὰρ
1069 3956 1235 4031 μόνον
1275 3956 1368 4033 βία
1415 3956 1589 4027 καλὴ,
1620 3959 1752 4013 Θεὸν
1798 3958 1921 4033 βιά-

253 4049 471 4117 σασθαι,
502 4048 595 4103 καὶ
650 4049 797 4120 παρά
854 4051 989 4103 Θεοῦ
1049 4046 1195 4116 ζωὴν
1253 4048 1511 4122 ἁρπάσαι.
1544 4048 1606 4105 Ὁ
1654 4045 1713 4103 δέ
1754 4049 1920 4123 γνοὺς

250 4135 384 4199 τοὺς
419 4132 678 4213 βεϐαίως,
713 4134 929 4211 μᾶλλον
962 4133 1020 4191 δὲ
1054 4135 1249 4211 βιαίως
1295 4137 1716 4210 ἀντεχομένους,
1764 4159 1920 4193 συνε-

253 4225 531 4301 χώρησεν,
563 4226 665 4297 εῖξε
692 4246 709 4260 ο
742 4225 924 4302 χαίρει
950 4224 1055 4301 γάρ
1086 4225 1116 4280 6
1160 4225 1291 4288 Θεὸς
1339 4226 1405 4280 τὰ
1454 4230 1680 4281 τοιαῦτα
1734 4228 1920 4296 ἡττώ-

259 4334 445 4388 μενος.
476 4316 773 4392 Τοιγάρτοι
802 4315 1013 4370 τούτων
1042 4313 1277 4379 ἀκούσας
1307 4316 1334 4369 ὁ
1366 4316 1632 4388 μακάριος
1693 4316 1917 4390 Πέτρος,

254 4405 288 4459 6
343 4401 620 4471 ἐκλεκτὸς,
678 4404 707 4459 6
767 4402 1056 4479 ἂξαίρετος,
1107 4405 1136 4458 6
1193 4406 1411 4479 πρῶτος
1465 4407 1574 4458 τῶν
1636 4406 1916 4478 μαθητῶν,

254 4493 392 4567 ὑπὲρ
425 4493 487 4547 οὗ
523 4493 692 4566 μόνου
723 4493 814 4548 καὶ
845 4494 1039 4548 ἑαυτοῦ
1065 4494 1159 4548 τὸν
1194 4494 1362 4568 φόρον
1396 4494 1424 4547 6
1457 4493 1653 4567 Σωτὴρ
1686 4493 1916 4565 έκτελεῖ,

248 4582 469 4657 ταχέως
513 4582 729 4659 ⁴ίςρτεαιτε
779 4583 869 4637 καὶ
918 4576 1181 4637 συνέλαϐε
1209 4582 1301 4636 τὸν
1335 4579 1529 4656 λόγον.
1564 4582 1661 4637 Καὶ
1692 4584 1745 4637 τί
1808 4604 1918 4661 φη.

249 4690 377 4741 σιν;
416 4697 438 4724 ι
470 4670 582 4730 Ἴδε
606 4673 775 4744 ἡμεῖς
812 4672 1099 4749 ἀφήκαμεν
1148 4671 1347 4741 πάντα,
1368 4673 1459 4725 καὶ
1517 4670 1918 4743 ἠκολουθήσα-

253 4760 353 4834 μέν
382 4783 490 4817 σοι.
526 4783 552 4815 ι
584 4761 662 4815 Τὰ
692 4757 751 4816 δὲ
780 4762 957 4816 πάντα
986 4761 1031 4815 εί
1069 4762 1164 4833 μὶν
1207 4761 1274 4815 τὰ
1300 4762 1555 4833 κτήματα
1605 4760 1673 4815 τὰ
1725 4761 1919 4816 ἑαυτοῦ

250 4847 422 4927 λέγει,
476 4849 740 4925 τέσσαρας
788 4844 1026 4912 ὀϐολοὺς
1076 4846 1207 4911 ἴσως
1260 4853 1357 4904 τοῦ
1410 4847 1544 4905 ὅλου
1591 4847 1908 4905 καταλιπὼν

2101 2891 2247 2946 341
2282 2890 2431 2945 XXI.
2464 2889 2747 2945 Dominus
2777 2904 2909 2944 vero
2960 2889 3301 2961 respondit:
3334 2911 3364 2941 ιι
3396 2890 3557 2953 Quod
3590 2896 3681 2947 est

2028 2978 2397 3050 impossibile
2420 2979 2575 3049 apud
2590 2977 2884 3049 homines,
2903 2984 2992 3034 est
3008 2977 3285 3049 possibile
3298 2978 3414 3035 Deo
3433 2978 3533 3050 (ὁ).
3559 3001 3587 3028 ι)
3611 2980 3682 3034 Et

2029 3067 2137 3123 hoc
2171 3085 2378 3123 rursus
2412 3084 2636 3137 magna!
2678 3068 2979 3139 sapientiai
3014 3067 3251 3139 plenum
3284 3072 3412 3123 est:
3461 3068 3680 3124 idcirco

2029 3157 2309 3212 nimirum
2334 3158 2488 3228 quod
2521 3157 2696 3213 homo
2729 3157 2855 3229 ipse
2876 3174 2908 3211 a
2934 3172 3016 3224 se,
3042 3173 3269 3228 suaque
3293 3157 3509 3212 virtute
3539 3174 3678 3228 ope—

2029 3262 2152 3301 ram
2190 3262 2433 3317 ponens,
2467 3246 2829 3317 studensque
2853 3262 2917 3301 ac
2938 3244 3213 3301 laborans
3238 3250 3301 3302 ut
3323 3245 3680 3317 compressis

2028 3335 2333 3391 ail‘ectibus
2364 3334 2667 3406 tranquilli
2700 3335 2884 3391 animi
2903 3336 3025 3401 tiat,
3060 3335 3201 3390 nihil
3234 3335 3368 3391 inde
3400 3339 3674 3406 praestat:

2026 3425 2118 3479 sin
2151 3429 2347 3479 autem
2378 3426 2511 3494 ejus
2542 3424 2835 3480 desiderio
2883 3424 3288 3480 vehementius
3319 3424 3675 3491 inardescat,

2029 3511 2509 3583 diligentiamque
2542 3528 2777 3568 omnem
2830 3512 3129 3577 adhibeat,
3161 3513 3443 3583 adjuncta
3468 3512 3551 3567 illi
3585 3513 3642 3567 di
3664 3542 3677 3554 -

2029 3601 2167 3657 vina
2192 3602 2409 3657 virtute
2427 3602 2629 3657 evadet
2653 3606 2914 3657 votorum
2940 3617 3202 3673 compos.
3233 3605 3387 3657 Deus
3419 3617 3677 3673 namque

2028 3690 2361 3746 volentibus
2383 3690 2595 3746 animis
2617 3691 2861 3762 aspirat.
2882 3690 2983 3747 Sin
3006 3696 3203 3746 autem
3227 3708 3261 3747 a
3290 3695 3479 3762 empta
3504 3690 3686 3746 animi

2028 3776 2329 3835 alacritate
2361 3780 2773 3845 abscesserint,
2805 3779 2981 3835 etiam
3016 3780 3189 3836 datus
3221 3797 3254 3835 a
3283 3779 3399 3836 Deo
3430 3779 3682 3852 spiritus

2029 3867 2418 3924 contrahitur.
2468 3868 2674 3924 Invitis
2702 3869 2858 3925 enirn
2904 3869 3156 3925 salutem
3188 3869 3415 3934 afferre,
3439 3870 3568 3941 ejus
3598 3872 3689 3925 est

2028 3958 2131 4028 qui
2158 3958 2277 4013 vim
2312 3958 2516 4013 afferat
2544 3958 2909 4026 ;volentibus
2927 3964 3123 4014 autem
3143 3958 3327 4014 libero
3351 3958 3533 4014 animi
3562 3975 3693 4031 pro-

2029 4047 2239 4119 posito,
2275 4047 2401 4117 ejus
2426 4046 2526 4118 qui
2557 4046 3218 4119 liberaliterindulgeat.
3247 4048 3361 4103 Nec
3392 4047 3688 4103 dormien-

2028 4136 2177 4193 tium
2209 4142 2267 4192 et
2298 4137 2355 4190 in
2389 4135 2615 4192 deliciis
2641 4138 2941 4208 agentium
2964 4142 3051 4192 est
3082 4152 3329 4208 regnum
3360 4135 3640 4192 oculorum
3669 4154 3684 4203 ;

2031 4249 2059 4276 ιι
2094 4227 2197 4282 sed
2221 4226 2455 4281 violenti
2474 4226 2712 4297 rapiunt
2736 4226 2836 4297 (c)-
2869 4225 3034 4281 illud.
3060 4230 3191 4280 Haac
3214 4226 3367 4279 enim
3386 4225 3511 4281 sola
3532 4226 3687 4280 bona

2027 4315 2323 4381 violentia,
2359 4315 2475 4371 Deo
2497 4315 2613 4369 vim
2640 4316 2872 4385 inferre,
2902 4319 3078 4386 atque
3106 4330 3139 4367 a
3162 4314 3281 4370 Deo
3312 4315 3493 4369 vitam
3524 4330 3691 4383 rape-

2029 4420 2110 4459 re.
2147 4402 2255 4467 Qui
2304 4408 2499 4459 autem
2534 4403 2696 4459 novit
2726 4420 2845 4469 eos,
2902 4403 3001 4474 qui
3032 4410 3267 4459 strenue
3298 4419 3363 4459 ac
3415 4403 3688 4471 firmiter,

2029 4495 2147 4551 imo
2179 4496 2279 4565 qui
2312 4493 2596 4549 violenter
2624 4493 2704 4548 rei
2735 4492 3104 4560 incumbant,
3131 4494 3260 4563 ejus
3290 4492 3519 4565 capiam
3547 4491 3689 4548 facit

2029 4582 2343 4654 ceditque;
2372 4583 2587 4655 gaudet
2616 4581 2772 4637 enim
2804 4590 2953 4638 :A‘eus
2982 4582 3038 4636 in
3073 4581 3165 4636 his
3187 4598 3249 4637 se
3272 4581 3443 4637 vinci.
3482 4583 3687 4652 Itaque

2031 4688 2166 4728 cum
2202 4672 2323 4728 haec
2348 4671 2610 4727 audisset
2627 4671 2834 4727 beatus
2861 4671 3087 4737 Petrus,
3110 4671 3333 4727 electus
3366 4669 3463 4725 ille
3482 4674 3538 4725 et
3562 4670 3683 4725 exi-

2030 4761 2210 4830 mius,
2262 4761 2488 4832 primus
2534 4758 2630 4815 ille
2673 4759 3124 4831 discipulorum,
3178 4776 3283 4831 pro
3315 4776 3432 4831 quo
3480 4775 3598 4815 uno
3628 4764 3686 4814 et

2030 4849 2223 4921 seipso
2248 4850 2528 4905 Dominus
2551 4849 2838 4905 tributum
2860 4850 3061 4921 pendit
3080 4849 3182 4921 (d);
3203 4864 3535 4905 sermonem
3550 4864 3682 4903 con-

251 4921 762 5014 PJ'YGM'WOTIt,'Xdl
802 4938 1011 4994 τούτων
1045 4938 1290 5009 ἀνταξίαν
1340 4937 1650 5015 ἀποφαίνων
1704 4938 1761 4993 ἂν
1814 4938 1907 4995 λά-

2031 4940 2221 4996 festim
2250 4940 2445 5011 rapuit
2471 4940 2706 5011 vimque
2736 4942 2866 5011 ejus
2888 4938 3353 5011 comprehendit.
3378 4938 3527 5001 Quid
3548 4953 3681 4993 vero

248 5039 342 5093 θοι
369 5028 470 5097 τὴν
505 5026 785 5103 βασιλείαν
814 5031 924 5083 τῶν
956 5025 1196 5101 οὐρανῶν
1237 5026 1283 5082 εί
1334 5024 1392 5083 δὶ
1434 5027 1568 5103 ἅπερ
1617 5028 1749 5103 ἄχρι
1812 5031 1905 5082 νῦν

2029 5030 2097 5085 lit
2117 5029 2144 5083 ?
2167 5051 2195 5077 ‹‹
2227 5030 2370 5085 Ecce
2404 5045 2508 5086 nos
2539 5028 2886 5101 reliquimus
2908 5029 3129 5100 omnia,
3162 5032 3218 5085 et
3248 5026 3435 5084 secuti
3466 5042 3679 5082 sumus

246 5115 513 5190 ἆλέγομεν
555 5117 624 5171 τὰ
672 5114 883 5172 παλαιὰ
930 5117 997 5171 τὰ
1026 5117 1304 5188 κτήματα,
1336 5114 1426 5170 καὶ
1475 5116 1685 5192 ψυχικὰ
1740 5118 1905 5188 νοσή-

252 5224 405 5279 ματα
432 5203 856 5281 ἀποῤῥίψαντες,
884 5201 1103 5259 ἕπονται
1150 5206 1267 5259 κατ’
1298 5202 1457 5280 ἴχνος
1514 5209 1595 5277 τῷ
1652 5202 1905 5261 διδασκά-

245 5293 358 5367 λῳ,
387 5295 535 5349 τοῦτ’
563 5295 859 5351 ἀνάπτοιτο
908 5290 1018 5364 ἤδη
1077 5298 1195 5357 τοῖς
1252 5292 1305 5348 ἐν
1348 5292 1605 5368 οὐρανοῖς
1635 5293 1906 5372 ἒγγραφη-

246 5383 526 5455 σομένοις.
578 5381 739 5441 Οὕτω
780 5382 884 5459 γὰρ
940 5380 1262 5447 ἀκολουθεῖν
1323 5377 1495 5444 ὅντως
1546 5386 1627 5453 τῷ
1684 5388 1907 5457 Σωτῆρι

245 5470 655 5548 ἀναμαρτησίαν
682 5472 772 5528 καὶ
805 5470 1129 5543 τελειότητα
1155 5471 1257 5540 τὴν
1307 5469 1516 5527 ἐκείνου
1567 5470 1906 5547 μετερχόμε-

2014 5123 2073 5175 te
2102 5119 2192 5191 (ε).
2222 5142 2249 5168 ››
2274 5119 2448 5174 Porro
2471 5119 2693 5188 omnia,
2717 5119 2765 5175 si
2790 5135 2857 5174 ea
2880 5119 3034 5175 dicat
3060 5134 3183 5189 quae
3205 5118 3265 5171 in
3283 5132 3460 5172 censu
3484 5115 3638 5171 habe
3657 5129 3680 5140 ·

2018 5208 2140 5274 bat,
2168 5206 2394 5263 relictis
2415 5208 2683 5278 forsitan,
2700 5212 2961 5280 quaetota
2981 5205 3318 5262 substantia
3339 5208 3514 5272 esset,
3535 5218 3681 5275 qua-

2020 5301 2152 5353 tuor
2209 5295 2419 5366 obolis,
2485 5296 2796 5368 magniﬁce
2854 5294 3159 5367 glorietur,
3212 5293 3679 5364 imprudensque

2022 5385 2271 5457 dignum
2306 5384 2519 5440 horum
2554 5383 2859 5457 praemium
2893 5384 3198 5455 vicemque
3228 5396 3471 5451 regnum
3501 5378 3677 5435 ccelo-

2017 5490 2150 5529 rum
2202 5474 2564 5547 pronuntiet.
2597 5474 2656 5529 Si
2700 5481 2893 5530 autem
2950 5488 3095 5545 quas
3129 5471 3419 5527 hactenus
3452 5484 3676 5526 memo-

445 5679 508 5737 P.
538 5679 648 5737 937
703 5679 816 5737 ED.
870 5667 1175 5739 POTTER.
1209 5676 1289 5749 (al
1318 5676 1495 5735 Marc.
1542 5694 1599 5750 ι,
1650 5678 1739 5735 26.
1774 5677 1848 5751 (b)
1912 5679 1916 5734 J

2032 5719 2046 5734 .
2096 5696 2260 5748 xvm,
2311 5679 2406 5749 27,
2462 5680 2534 5751 (c)
2564 5677 2767 5737 Matth.
2800 5694 2879 5747 ιι,
2934 5678 3023 5734 12.
3054 5677 3131 5750 (d)
3159 5676 3369 5737 Matth.
3401 5693 3541 5748 ινιτ,
3579 5676 3672 5733 26.

237 5751 323 5825 (δ)
352 5751 563 5813 Matth.
593 5752 831 5823 111,28.
