4124 6400
416 429 526 487 627

1664 426 2076 489 (£me
2112 425 2618 483 ALEXANDBINI

3737 413 3858 478 628

417 553 707 623 cavimus,
736 556 1031 615 veteribus
1061 559 1474 631 spiritualibus
1496 560 1665 633 quasi
1689 557 2076 617 facultatibus

2199 573 2305 622 νον,
2362 554 2452 609 καὶ
2510 555 2646 627 πρὸς
2690 552 2899 621 ἐκείνην
2950 550 3131 625 ὥσπερ
3186 547 3492 623 κάτοπτρον
3549 550 3853 621 κοσμῶντα

414 644 719 717 animique
748 645 1186 717 egritudinibus
1216 654 1393 722 atque
1425 651 1580 706 vitiis
1614 648 1911 721 projectis,
1943 662 2075 701 ma-

422 732 592 804 gistri
621 734 870 803 vestigia
899 742 1267 806 sequuntur;
1304 739 1361 793 id
1386 755 1518 795 vero
1548 738 1670 809 jam
1706 737 1824 792 illis
1855 750 2074 791 conue-

2184 642 2275 697 καὶ
2329 641 2667 718 ῥυθμίζοντα
2720 642 2818 711 τήν
2869 641 3080 717 ψυχὴν,
3122 637 3214 694 καὶ
3269 636 3441 693 ¹ιαιίντα
3489 634 3580 692 διὰ
3624 638 3850 692 πάντων

2186 731 2395 803 ὁμοίως
2426 728 2758 797 διατεθέντα.

418 827 558 887 otat,
607 822 707 893 qui
756 822 919 878 omlis
968 826 1301 883 ascribendi
1361 832 1520 884 sunt.
1565 827 1658 882 sic
1705 827 1861 881 enim
1894 839 2093 880 revera
2150 828 2469 893 praestatur
2520 830 2585 878 ut
2631 821 2991 879 Salvatorem
3056 822 3361 892 sequatur,
3414 817 3513 889 qui
3560 816 3725 874 illius
3785 816 3863 873 ab

419 910 582 966 omni
612 912 939 967 immunem
963 930 1115 970 noxa
1142 915 1320 971 vitam
1343 917 1497 973 colat
1526 933 1592 971 ac
1626 916 2062 987 perfectionem,
2097 910 2317 982 quique
2347 912 2406 968 in
2438 911 2598 968 illam
2669 913 2829 968 velut
2874 909 3182 983 speculum
3214 907 3547 964 contuendo
3587 908 3859 962 animum

422 1004 695 1073 perornet
718 1007 1169 1075 componatque,
1219 1022 1285 1061 ac
1335 1007 1395 1061 in
1442 1005 1719 1062 omnibus
1757 1018 1928 1076 pares
1957 1000 2045 1056 illi
2077 1015 2272 1056 mores
2302 1017 2546 1072 prorsus
2578 1002 2808 1058 induat.

496 1093 559 1156 ἰι
591 1089 753 1146 XXII.
790 1110 818 1142 ι
841 1092 1221 1164 Respondens
1268 1102 1465 1151 autem
1493 1095 1693 1164 Josus,
1728 1095 1847 1150 ait:
1900 1095 2081 1148 Amen

2268 1095 2382 1147 ΚΒ.
2434 1113 2455 1142 ι
2495 1091 2838 1165 Ἀποκριθεὶς
2892 1086 2950 1144 δὶ
2980 1089 3008 1144 6
3037 1090 3249 1160 Ἰησοῦς
3308 1087 3451 1142 εἶπεν
3479 1104 3492 1117 ·
3534 1086 3719 1159 Ἀμὴν
3765 1086 3859 1140 λέ-

435 1178 568 1234 dico
611 1178 799 1249 vobis,
829 1181 932 1252 qui
983 1182 1286 1254 reliquerit
1328 1185 1588 1256 propria,
1633 1190 1692 1238 et
1723 1185 1996 1254 parentes
2027 1185 2085 1235 et

2199 1199 2273 1255 γω
2310 1180 2462 1252 ὑμῖν,
2493 1180 2553 1242 ’ὀς
2587 1179 2645 1234 ἂν
2680 1180 2791 1253 ἀφῇ
2816 1180 2883 1234 τὰ
2915 1176 3047 1245 ἴδια,
3079 1177 3170 1233 καὶ
3198 1180 3381 1253 γονεῖς
3423 1174 3515 1230 καὶ
3556 1172 3858 1252 ἀδελφοὺς,

434 1267 646 1323 fratres
676 1272 730 1324 et
765 1270 1043 1340 pecunias
1075 1278 1312 1343 propter
1342 1288 1435 1327 me
1464 1278 1522 1328 et
1561 1276 1792 1342 propter
1825 1270 2085 1340 Evange-

2192 1267 2284 1322 καὶ
2311 1271 2575 1343 χρήματα
2603 1265 2782 1323 ’ἑνεκεν
2812 1266 2949 1342 ἐμοῦ
2977 1267 3068 1321 καὶ
3115 1264 3291 1322 ἕνεκεν
3340 1268 3438 1320 τοῦ
3485 1263 3857 1340 Εύαγγελίου,

430 1355 579 1412 lium
603 1356 842 1429 recipiet
868 1359 1085 1415 centies
1114 1364 1345 1415 tantum
1362 1360 1463 1432 (a).
1483 1382 1511 1410 »
1534 1363 1604 1415 At
1636 1375 1826 1431 neque
1851 1360 1959 1414 hoc
1983 1372 2085 1411 vos

2199 1355 2547 1431 ἀπολήψεται
2578 1356 3077 1430 ὶκατομπλασίονα.
3097 1379 3125 1408 ιι
3147 1355 3329 1413 Ἀλλά
3364 1353 3505 1427 μηδὶ
3531 1355 3680 1409 τοῦθ’
3712 1355 3858 1427 ὑμᾶς

431 1446 649 1512 turbet,
681 1460 788 1501 nec
816 1448 973 1517 quod
1004 1447 1197 1503 adhuc
1229 1449 1571 1505 durioribus
1601 1449 1791 1504 verbis
1822 1446 1936 1503 alio
1960 1445 2086 1500 loco

2199 1442 2622 1519 ἑπιταρασσέτω,
2659 1444 2800 1519 μηδὶ
2836 1447 2898 1501 τὸ
2928 1444 3005 1502 ἔτι
3037 1442 3406 1519 σκληρότερον
3438 1441 3696 1519 ἀλλαχοῦ
3732 1449 3859 1507 ταῖς

433 1533 659 1589 editum
689 1539 817 1590 est:
852 1556 880 1585 ‹‹
914 1537 1021 1601 Qui
1072 1553 1187 1592 non
1239 1537 1362 1593 odit
1393 1543 1616 1608 patrem
1650 1544 1707 1592 et
1750 1543 1997 1591 matrem
2031 1538 2090 1588 et

440 1621 616 1687 filios,
648 1621 842 1679 adhuc
882 1630 1080 1680 autem
1112 1630 1171 1680 et
1200 1626 1456 1681 animam
1509 1643 1702 1692 suam,
1752 1641 1867 1680 non
1900 1628 2093 1695 potest

441 1726 573 1767 esse
585 1725 749 1766 meus
770 1711 1246 1786 discipulus(b).»
1269 1714 1394 1769 Non
1414 1715 1573 1770 enim
1594 1714 1867 1786 praecepit
1888 1711 2090 1768 odium

458 1800 846 1856 etdivortium
878 1818 913 1856 a
940 1801 1311 1858 charissimis
1360 1803 1513 1859 Deus
1546 1804 1727 1875 pacis,
1762 1802 1864 1873 qui
1894 1808 1951 1857 et
1979 1800 2093 1855 ini-

2199 1538 2408 1607 φωναῖς
2436 1533 2874 1610 έξενηνεγμένον,
2907 1557 2936 1586 ‹‹
2965 1535 3063 1595 “Oc
3104 1533 3169 1588 ού
3212 1537 3363 1606 μισεῖ
3388 1531 3594 1607 πατέρα
3621 1532 3711 1586 καὶ
3749 1553 3858 1605 μη-

2196 1624 2345 1698 τέρα,
2377 1623 2469 1678 καὶ
2519 1621 2739 1693 παῖδας,
2771 1623 2995 1700 προσέτι
3027 1620 3085 1677 δὶ
3107 1623 3195 1677 καὶ
3245 1623 3347 1691 τὴν
3398 1621 3585 1696 ψυχὴν
3634 1620 3859 1689 ἑαυτοῦ,

2201 1710 2335 1784 ἐμὸς
2372 1713 2623 1784 μαθητὴς
2657 1713 2788 1768 εἶναι
2840 1712 2903 1767 ού
2952 1708 3194 1767 δύναται.
3230 1734 3257 1763 ι)
3289 1710 3362 1765 Οὐ
3402 1711 3507 1786 γὰρ
3555 1708 3858 1784 εἰσηγεῖται

2204 1804 2364 1873 μῖσος
2396 1799 2484 1855 καὶ
2518 1799 2764 1857 διάλυσιν
2792 1800 2899 1856 ἀπὸ
2930 1804 3037 1855 τῶν
3069 1800 3346 1874 φιλτάτων
3388 1799 3417 1854 6
3470 1801 3573 1864 τῆς
3628 1797 3860 1871 εΐρήνης

448 1888 636 1944 micos
682 1889 922 1960 diligere
964 1892 1190 1961 jubeat.
1242 1894 1405 1956 Quod
1439 1894 1489 1947 si
1534 1892 1758 1947 inimici
1808 1888 2086 1962 diligendi

2201 1890 2352 1959 Θεὸς,
2384 1888 2415 1944 8
2436 1910 2498 1964 γε
2527 1890 2619 1945 καὶ
2647 1889 2778 1952 τοὺς
2809 1889 3041 1965 ἐχθροὺς
3081 1889 3292 1964 ἀγαπᾷν
3339 1891 3639 1963 παραινῶν.
3671 1886 3739 1944 EI
3799 1884 3860 1942 δὶ

442 1982 604 2049 sunt,
635 1977 764 2051 pari
816 1978 993 2034 etiam
1024 1980 1249 2036 ratione
1291 1982 1366 2037 ab
1411 1982 1499 2036 eis
1545 1980 1939 2045 ascendendo,
1986 1979 2090 2049 qui

437 2072 579 2121 sunt
601 2082 810 2137 genere
830 2068 1304 2138 conjunctiseimi
1327 2085 1342 2125 :
1362 2075 1465 2125 aut
1487 2070 1535 2125 si
1558 2070 1693 2125 odio
1725 2068 1979 2124 habendi
2003 2071 2089 2122 af-

445 2154 596 2210 ﬁnes
611 2157 931 2224 etcognati,
954 2156 1160 2228 potiori
1185 2158 1413 2214 ratione
1446 2158 1795 2229 rejiciendos
1817 2157 2090 2213 inimicos

442 2246 853 2301 descendendo
885 2247 1034 2302 ratio
1064 2248 1287 2303 edocet.
1321 2248 1570 2303 Proinde
1601 2248 1717 2302 alia
1745 2246 1923 2301 aliam
1956 2263 2088 2302 sen-

440 2335 929 2407 tentiamiliquido
952 2337 1225 2392 destruit.
1250 2340 1323 2393 At
1341 2355 1457 2394 non
1481 2339 1725 2394 invicem
1751 2338 2090 2405 destruunt,

449 2439 642 2497 neque
672 2423 792 2479 ulla
814 2441 875 2480 re
892 2426 1297 2495 adversantur,
1317 2433 1419 2481 aut
1438 2426 1524 2482 vel
1547 2444 1722 2498 prope
1753 2427 2086 2482 destruunt.

451 2511 531 2567 Ex
559 2515 765 2568 eodem
799 2515 1017 2586 quippe
1048 2513 1257 2570 aiiectu
1304 2519 1361 2570 et
1390 2516 1611 2585 animo,
1643 2516 1968 2586 eademque
1998 2531 2087 2571 re-

438 2600 581 2673 gula
593 2608 819 2673 patrem
841 2603 976 2658 odio
990 2601 1202 2659 habeat
1224 2605 1476 2659 amando
1500 2604 1831 2673 inimicum,
1855 2604 1958 2674 qui
1984 2618 2089 2658 nec

436 2688 747 2746 inimicum
798 2690 1136 2755 ulciscatur,
1191 2707 1381 2764 neque
1434 2698 1657 2765 patrem
1692 2692 1824 2765 plus
1856 2692 2087 2748 Christo

434 2787 724 2836 vereatur.
756 2780 820 2836 In
849 2780 949 2837 illo
982 2782 1219 2853 quidem
1243 2783 1417 2838 verbo
1437 2783 1637 2839 odium
1671 2789 1893 2839 resecat
1912 2789 1969 2837 et
1990 2799 2087 2838 vo-

440 2866 729 2924 luntatem
780 2868 1067 2926 inferendi
1119 2869 1295 2936 mala,
1330 2873 1386 2925 in
1439 2872 1548 2928 hoc
1579 2888 1713 2927 vero
1747 2871 1993 2927 nimiam
2024 2874 2084 2926 in

439 2958 788 3028 conjunctae
818 2959 1216 3028 reverentiam,
1240 2962 1379 3015 dum
1401 2960 1522 3016 haec
1554 2960 1733 3017 saluti
1763 2961 2001 3016 officiat.
2026 2961 2087 3016 Si

449 3060 586 3118 ergo
602 3046 860 3103 infidelis
889 3046 1143 3119 cuipiam
1179 3055 1343 3119 pater
1361 3054 1463 3105 aut
1491 3049 1648 3105 iilius
1669 3054 1773 3105 aut
1794 3050 1972 3104 frater
1992 3066 2088 3105 ex-

448 3134 685 3201 stiterit,
707 3141 883 3207 atque
904 3135 1114 3192 horum
1146 3137 1389 3206 quilibet
1421 3139 1549 3193 lidei
1571 3140 1814 3210 vitaeque
1845 3140 1902 3194 in
1927 3139 2088 3195 calin

450 3224 880 3294 consequendw
917 3224 1403 3297 impedimentum
1438 3227 1812 3297 praestiterit;
1849 3227 1985 3284 huic
2018 3245 2090 3284 ne

2200 1977 2327 2039 τοὺς
2362 1977 2594 2053 ἐχθροὺς
2625 1978 2959 2054 ἀγαπητέον,
2990 1975 3253 2052 ἀνάλογον
3286 1977 3378 2032 ἀπ’
3407 1975 3619 2032 έκείνων
3646 1975 3861 2032 ἀνιόντι

2200 2066 2292 2121 καὶ
2320 2065 2447 2128 τοὺς
2478 2066 2753 2142 ἐγγυτάτω
2783 2068 2974 2141 γένους
3005 2086 3019 2101 ’
3052 2068 3087 2138 ἤ
3129 2066 3174 2122 εί
3226 2067 3484 2139 μισητέον
3534 2064 3660 2127 τοὺς
3718 2065 3860 2142 πρὸς

2201 2152 2454 2227 α’ίματος,
2512 2155 2655 2213 πολὺ
2718 2154 2932 2229 μᾶλλον
2973 2155 3102 2218 τοὺς
3153 2154 3386 2232 ἐχθροὺς
3436 2148 3855 2210 ’ἀποϐάλλεσθαι

2198 2245 2401 2299 κατιὼν
2435 2246 2464 2299 6
2495 2244 2665 2319 λόγος
2696 2243 2961 2301 διδάσκει.
2991 2246 3154 2299 Ὥστε
3182 2242 3471 2314 ἀλλήλους
3512 2243 3863 2318 ἀναιροῦντες

2198 2330 2507 2408 ἀλέγχοιντ’
2533 2331 2595 2389 ἂν
2625 2335 2677 2389 οἱ
2710 2333 2892 2410 λόγοι.
2926 2331 3088 2389 Ἀλλ’
3119 2331 3233 2389 οὐδ’
3262 2333 3597 2408 ἀναιροῦσιν,
3628 2328 3745 2387 οὐδ’
3766 2331 3863 2407 ἑγ-

2194 2420 2293 2497 γῦς
2323 2441 2336 2456 ⁸
2387 2422 2496 2478 ἀπὸ
2547 2423 2649 2497 γὰρ
2697 2425 2794 2492 τῆς
2832 2422 2999 2492 αὐτῆς
3052 2423 3282 2498 γνώμης
3304 2421 3394 2477 καὶ
3428 2420 3716 2485 διαθέσεως
3763 2422 3858 2476 καὶ

2195 2509 2283 2565 ἐπὶ
2312 2515 2392 2583 τῷ
2424 2510 2573 2584 αῦτῷ
2605 2511 2719 2585 ὅρῳ
2749 2514 2954 2586 πατέρα
2987 2511 3176 2585 μισοίη
3223 2533 3309 2576 τις
3352 2509 3415 2566 ἂν
3465 2510 3665 2587 ἐχθρὸν
3714 2511 3856 2587 ἄγα-

2194 2604 2336 2667 πῶν,
2369 2600 2398 2653 6
2440 2602 2581 2672 μήτε
2628 2599 2824 2675 ἐχθρὸν
2871 2600 3238 2673 ἀμυνόμενος,
3276 2601 3416 2673 μήτε
3473 2602 3679 2676 πατέρα
3719 2600 3856 2674 Χρι-

2194 2691 2325 2742 στοῦ
2356 2687 2524 2743 πλέον
2557 2685 2901 2762 αἰδούμενος.
2940 2690 3024 2746 Ἐν
3057 2688 3250 2762 ἐκείνῳ
3286 2689 3384 2761 μὲν
3421 2688 3522 2764 γάρ
3572 2691 3651 2761 τῷ
3701 2686 3859 2761 λόγῳ

2198 2782 2358 2849 μῖσος
2391 2776 2641 2833 ἐκκόπτει
2678 2778 2770 2833 καὶ
2801 2778 3151 2849 κακοποιίαν,
3183 2775 3237 2832 έν
3270 2774 3450 2850 τούτῳ
3482 2774 3541 2831 δὲ
3584 2776 3685 2844 τὴν
3716 2777 3859 2850 πρὸς

2194 2866 2261 2921 τὰ
2316 2866 2595 2943 σύντροφα
2651 2864 2949 2935 δυσωπίαν,
2983 2866 3030 2922 εἰ
3078 2865 3314 2942 βλάπτοι
3357 2867 3494 2943 πρὸς
3554 2865 3857 2941 σωτηρίαν.

2199 2954 2262 3012 EI
2297 2960 2433 3029 γοῦν
2469 2954 2628 3019 ἄθεος
2665 2955 2752 3026 εἴη
2779 2958 2885 3013 τινὶ
2916 2957 3123 3028 πατὴρ,
3156 2955 3192 3025 ἢ
3238 2955 3377 3024 υἱὸς,
3409 2955 3445 3023 ἢ
3498 2951 3761 3029 ἀδελφὸς,
3794 2975 3866 3010 κα

2195 3043 2433 3117 κώλυμα
2474 3051 2575 3114 τῆς
2622 3045 2858 3107 πίστεως
2901 3046 3141 3121 γένοιτο,
3171 3043 3264 3100 καὶ
3313 3041 3579 3118 ἐμπόδιον
3610 3049 3713 3113 τῆς
3743 3042 3862 3099 ἄνω

2200 3139 2370 3203 ζωῆς,
2402 3135 2581 3206 τούτῳ
2629 3135 2706 3207 μή
2758 3135 3131 3209 συμφερέσθω,
3168 3130 3312 3206 μηδὲ
3357 3132 3683 3206 ὀμονοείτω,
3710 3131 3867 3189 ἀλλὰ

2198 3224 2298 3291 τὴν
2332 3225 2597 3296 σαρκικήν
2629 3221 2942 3293 οἴκειότητα
2971 3221 3063 3279 διὰ
3083 3225 3184 3292 τὴν
3228 3223 3603 3296 πνευματικὴν
3656 3220 3861 3297 ἔχθραν

438 3315 789 3382 consentiat,
829 3319 1096 3369 autcum
1146 3313 1247 3370 illo
1296 3316 1668 3372 concordiam
1723 3317 1955 3382 habeat,
1983 3320 2083 3373 sed
2115 3306 2158 3373 C
2200 3309 2535 3373 διαλυσάτω.

448 3400 737 3474 spiritalis
749 3401 1069 3458 inimicitias
1083 3419 1261 3459 causa
1277 3404 1573 3460 carnalem
1598 3405 2095 3461 necessitudinem

445 3489 654 3547 diluat.

514 3577 687 3635 XXII.
723 3579 862 3635 Rom
894 3580 1209 3636 arbitrator
1251 3580 1371 3637 litis
1418 3598 1548 3638 esse
1575 3583 2091 3639 contestationem-

446 3667 596 3722 Hinc
644 3668 880 3738 quidem
914 3669 1180 3726 videatur
1224 3676 1428 3726 astans
1458 3676 1621 3741 pater
1649 3672 1879 3727 dicere:
1913 3695 1940 3721 ‹‹
1976 3674 2093 3745 Ego

453 3760 512 3809 te
540 3756 957 3828 proseminavi,
1010 3759 1262 3814 enutrivi
1290 3774 1304 3824 ;
1337 3774 1583 3829 sequere
1612 3774 1727 3828 me,
1760 3761 2093 3833 pariterque

441 3842 644 3916 inique
676 3860 803 3918 age,
839 3863 943 3903 nec
972 3846 1187 3903 Christi
1211 3846 1327 3917 legi
1379 3850 1725 3919 obsequere,
1759 3871 1787 3898 υ
1818 3865 1884 3903 ac
1912 3851 2091 3920 quid-

439 3930 582 4003 quid
598 3933 758 3989 aliud
777 3935 865 3990 vir
879 3935 1264 4006 blasphemus
1275 3941 1332 3990 et
1345 3943 1614 3991 mortuus
1632 3943 1839 3993 natura
1860 3940 2087 3996 dixerit.

437 4020 693 4079 Aliunde
716 4039 853 4079 vero
893 4025 1032 4079 audi
1064 4023 1422 4080 Salvatorem
1450 4041 1464 4079 :
1490 4046 1519 4075 ι(
1548 4026 1663 4085 Ειιο
1694 4033 1750 4082 te
1782 4042 2087 4099 regenera-

438 4110 516 4177 vi,
548 4112 650 4182 qui
684 4113 835 4169 male
862 4130 897 4168 a
928 4114 1150 4170 mundo
1177 4114 1386 4170 mortis
1416 4113 1648 4170 victima
1681 4115 1894 4172 fuisses
1924 4120 2089 4189 geni-

434 4203 533 4255 tus
557 4214 573 4255 :
606 4201 664 4255 in
687 4201 1022 4258 libertatem
1040 4204 1289 4273 asserui,
1312 4205 1536 4265 sanavi,
1569 4204 1811 4260 redemi.
1838 4205 1952 4278 Ego
1985 4207 2085 4262 Dei

436 4286 575 4344 boni
606 4291 794 4361 patris
826 4292 931 4347 tibi
964 4291 1191 4349 vultum
1209 4294 1516 4349 ostendam
1544 4310 1558 4348 :
1591 4292 1708 4348 noli
1734 4300 1957 4365 patrem
1988 4312 2086 4352 vo-

432 4389 567 4432 care
599 4395 777 4450 super
808 4385 1021 4437 terram
1049 4398 1062 4436 :
1115 4382 1331 4437 mortui
1359 4382 1647 4453 sepeliant
1676 4388 1982 4440 mortuos:
2018 4392 2081 4441 tu

432 4478 569 4519 vero
592 4482 685 4522 me
705 4470 1293 4540 sequere;suhlimem
1315 4470 1473 4527 enim
1492 4470 1703 4526 ducam
1728 4471 1787 4527 in
1816 4474 2077 4544 requiem

433 4565 803 4624 arcanorum,
835 4562 894 4613 et
918 4574 1046 4629 quas
1077 4574 1250 4613 nemo
1279 4558 1473 4629 eloqui
1508 4563 1704 4628 queat,
1751 4560 2038 4616 honorum
2064 4579 2080 4628 ς

433 4655 565 4711 quae
597 4644 801 4700 oculus
822 4662 937 4701 non
969 4646 1135 4715 vidit,
1167 4663 1271 4702 nec
1301 4648 1460 4703 auris
1512 4650 1734 4717 audiat,
1763 4666 1869 4706 nec
1891 4654 1947 4705 in
1981 4667 2084 4707 cor
2118 4671 2160 4737 Π

431 4727 693 4788 hominis
725 4734 1122 4790 ascenderunt
1149 4736 1244 4806 (c),
1278 4736 1335 4789 in
1363 4751 1495 4806 qute
1525 4736 1863 4794 desiderant
1892 4742 2085 4813 angeli

430 4821 793 4891 prospicere,
842 4829 900 4876 et
938 4824 1132 4878 videre
1176 4839 1305 4893 qum
1349 4825 1682 4894 preparavit
1736 4833 1885 4884 Deus
1936 4830 2089 4885 bona

430 4909 655 4963 sanctis
669 4910 1243 4983 sequediligentibus
1256 4910 1615 4985 ﬁliis(d).Ego
1629 4918 1913 4972 nutritius
1926 4924 2089 4988 tuus,

438 4997 541 5068 qui
556 5001 850 5071 meipsum
868 5014 1080 5070 panem
1100 5000 1413 5070 prwheam,
1434 5006 1725 5075 quemlqui
1743 5009 2087 5077 gustaverit,

437 5103 611 5146 nemo
642 5088 835 5145 adhuc
868 5090 1078 5144 mortis
1107 5088 1433 5159 periculum
1467 5092 1675 5159 faciet;
1707 5094 1809 5165 qui
1841 5096 2086 5150 fundam

432 5178 694 5249 quotidie
726 5182 927 5248 potum
961 5178 1439 5235 immortalitatis.
1489 5181 1607 5252 Ego
1639 5183 1917 5255 magister
1946 5185 2086 5241 caelo

436 5264 707 5325 celsioris
736 5266 1013 5321 doctrinm
1043 5283 1110 5323 ac
1142 5266 1483 5341 discipline.
1510 5273 1620 5325 Pro
1653 5275 1709 5325 te
1738 5287 1873 5326 cum
1899 5278 2088 5329 morte

430 5370 725 5413 certamen
749 5354 1050 5425 desudavi,
1075 5373 1143 5413 ac
1164 5358 1334 5426 cujus
1367 5375 1501 5414 reus
1528 5376 1708 5430 pmme
1731 5375 1861 5416 eras
1883 5361 1956 5417 ob
1981 5379 2081 5432 pa-

430 5446 582 5500 trata
612 5441 825 5498 delicta
850 5446 1078 5516 Deoque
1110 5451 1383 5517 negatam
1405 5446 1584 5502 ﬁdem
1617 5453 1676 5501 et
1704 5446 2081 5506 incredulita-

424 5528 505 5588 tis
527 5531 762 5599 crimen,
794 5548 899 5605 ego
929 5534 1167 5591 exsolvi.
1201 5556 1230 5586 ιι
1256 5536 1365 5601 Qui
1398 5535 1507 5591 hos
1549 5536 1823 5607 utrinque
1852 5553 2080 5595 sermo-

2273 3578 2397 3633 ΚΓ.
2432 3577 2674 3649 Νόμισον
2704 3577 2839 3633 εἶναι
2867 3578 2932 3633 τὸ
2974 3582 3206 3653 πρᾶγμα
3252 3573 3615 3634 διαδικασίαν.
3646 3577 3710 3635 Ὁ
3755 3578 3855 3652 μὶν

2200 3668 2382 3741 πατήρ
2414 3687 2500 3723 σοι
2526 3663 2752 3723 δοκείτω
2782 3666 3063 3743 παρεστὼς
3109 3664 3284 3740 λέγειν
3321 3684 3337 3699 ·
3368 3687 3391 3716 α
3425 3666 3566 3743 Ἐγὼ
3631 3663 3859 3743 ἔσπειρα

2199 3754 2290 3811 καὶ
2336 3750 2535 3832 ἔθρεψα
2568 3773 2582 3789 ⁸
2613 3754 2906 3812 ἀκολούθει
2967 3776 3085 3829 μοι,
3138 3757 3226 3811 καὶ
3276 3752 3569 3827 συναδίκει,
3616 3758 3707 3812 καὶ
3773 3759 3854 3830 μή

2199 3845 2392 3901 πείθου
2419 3850 2501 3917 τῷ
2521 3849 2755 3922 Χριστοῦ
2773 3846 2933 3919 νόμῳ
2947 3864 2961 3877 ο
2980 3867 3005 3898 ε
3025 3845 3116 3900 καὶ
3138 3844 3237 3899 ὅσα
3256 3843 3318 3900 ἂν
3344 3844 3489 3901 εἴποι
3516 3843 3861 3921 βλάσφημος

2199 3931 2489 4007 ἄνθρωπος
2519 3935 2609 3989 καὶ
2639 3954 2831 4007 νεκρος
2858 3937 2926 4008 τῇ
2958 3933 3134 4012 φύσει.
3158 3935 3449 4010 Ἑτέρωθεν
3483 3932 3542 3990 δὲ
3571 3932 3735 3991 ἅκοτε
3758 3941 3868 3991 τοῦ

2202 4029 2468 4099 Σωτῆρος
2500 4041 2514 4056 ·
2552 4044 2577 4077 ε
2609 4022 2754 4097 Ἐγώ
2794 4043 2852 4078 σε
2895 4022 3221 4097 ὰνεγέννησα
3262 4027 3444 4086 κακῶς
3492 4023 3597 4080 ὑπὸ
3644 4024 3868 4098 κόσμου

2197 4112 2336 4187 πρὸς
2365 4115 2591 4167 θάνατον
2622 4112 2991 4188 γεγενημένον
3020 4132 3031 4144 ⁸
3051 4110 3429 4189 ἠλευθέρωσα,
3447 4112 3709 4186 ἰασάμην,
3732 4111 3867 4169 έλυ-

2195 4202 2679 4277 τρωσάμηιν.Ἐγώ
2710 4221 2796 4257 σοι
2818 4198 2975 4274 δείξω
3000 4206 3134 4257 Θεοῦ
3164 4202 3370 4276 πατρὸς
3401 4201 3607 4277 ἂγαθοῦ
3635 4202 3868 4277 πρόσω-

2195 4310 2297 4345 πον
2324 4307 2337 4321 ·
2375 4292 2452 4364 μὴ
2485 4290 2643 4347 κάλει
2669 4294 2877 4363 σεαυτῷ
2908 4291 3115 4366 πατέρα
3146 4290 3236 4346 ἐπὶ
3266 4297 3373 4367 γῆς
3394 4308 3408 4323 ’
3434 4292 3487 4346 c't
3516 4290 3700 4366 νεκροὶ
3728 4291 3869 4354 τοὺς

2195 4380 2420 4452 νεκροὺς
2475 4375 2824 4435 θαπτέτωσαν
2859 4398 2872 4411 ·
2901 4379 2965 4434 σὺ
3025 4378 3085 4434 δέ
3136 4399 3235 4453 μοι
3294 4378 3587 4437 ἀκολούθει
3622 4399 3635 4414 ο
3683 4379 3869 4451 ἀνάξώ

2192 4469 2300 4544 γάρ
2331 4489 2389 4524 σε
2417 4468 2495 4531 εἰς
2527 4469 2823 4524 ἀνάπαυσιν
2872 4468 3124 4545 ἀρρήτων
3175 4473 3271 4524 καῖ
3317 4466 3561 4524 ἀλέκτων
3617 4468 3863 4545 ἀγαθῶν,

2192 4557 2226 4612 ἃ
2254 4559 2329 4632 μὴ
2363 4555 2648 4634 ὀφθαλμὸς
2676 4555 2806 4626 εἶδε,
2842 4561 2984 4631 μήτε
3013 4558 3108 4620 οὖς
3145 4555 3372 4627 ἤκουσε,
3408 4559 3550 4630 μήτε
3593 4556 3683 4613 ἀπὶ
3730 4576 3870 4633 καρ’

2194 4644 2309 4702 δίαν
2357 4648 2661 4720 ἀνθρώπων
2710 4641 2901 4717 ἀνέϐη,
2947 4646 3023 4707 εἷς
3090 4646 3124 4701 ἃ
3192 4644 3552 4719 ἐπιθυμοῦσιν
3625 4643 3866 4721 ἄγγελοι

2198 4737 2534 4811 παρακύψαι,
2585 4737 2674 4792 καὶ
2729 4733 2861 4792 ἰδεῖν
2921 4736 3056 4811 ἅπερ
3136 4735 3431 4809 ἡτοίμασεν
3478 4736 3507 4790 6
3560 4735 3691 4797 Θεὸς
3738 4740 3866 4797 τοῖς

2200 4828 2380 4900 ἁγίοις
2436 4826 2611 4900 ἀγαθὰ
2663 4824 2753 4880 καὶ
2807 4830 2927 4887 τοῖς
2977 4829 3230 4902 φιλοῦσιν
3258 4823 3419 4880 αὐτὸν
3448 4826 3680 4886 τέκνοις,
3711 4824 3865 4900 Ἐγώ

2200 4936 2297 4971 σου
2325 4915 2579 4992 τροφεὺς,
2603 4911 2763 4989 ἄρτον
2798 4913 3031 4986 ἐμαυτὸν
3064 4910 3267 4976 διδοὺς,
3300 4913 3364 4968 οὗ
3393 4913 3727 4988 γευσάμενος
3758 4912 3864 4968 ού-

2199 5003 2310 5068 δεὶς
2340 5003 2419 5060 ἔτι
2440 5009 2629 5077 πεῖραν
2665 5002 2895 5066 θανάτου
2926 4997 3217 5076 λαμϐάνει,
3244 5001 3335 5058 καὶ
3366 5002 3523 5075 πόμα
3556 5002 3679 5057 καθ’
3708 5002 3863 5075 ἡμι-

2199 5114 2293 5168 ραν
2344 5090 2586 5153 ἐνδιδοὺς
2645 5091 2955 5159 ἀθανασίας,
2988 5093 3132 5167 Ἐγὼ
3186 5089 3517 5153 διδάσκαλος
3559 5091 3864 5166 ὑπερουρα-

2194 5184 2325 5239 νίων
2354 5179 2738 5254 παιδευμάτων
2764 5199 2779 5213 ·
2817 5179 2951 5239 ύπὶο
2999 5184 3098 5236 σοῦ
3144 5181 3280 5257 πρὸς
3333 5181 3427 5236 τὸν
3460 5180 3690 5244 θάνατον
3722 5176 3860 5249 διη-

2195 5292 2518 5347 γωνισαμην
2550 5270 2642 5325 καὶ
2669 5269 2763 5324 τὸν
2794 5269 2887 5324 σὸν
2947 5269 3154 5343 έξέτισα
3211 5269 3463 5341 θάνατον,
3493 5270 3552 5326 δν
3612 5267 3858 5346 ὥφειλες

2195 5360 2284 5417 ἐπὶ
2313 5365 2432 5423 τοῖς
2462 5359 2989 5433 προημαρτημένοις
3021 5358 3111 5415 καὶ
3139 5363 3210 5433 τῇ
3241 5360 3380 5437 πρὸς
3409 5358 3540 5415 Θεὸν
3568 5357 3855 5431 ἀπιστίᾳ.»

2193 5448 2419 5508 Τούτων
2449 5451 2561 5503 τῶν
2587 5446 2767 5523 λόγων
2798 5446 3127 5523 ἑκατέρωθεν
3161 5445 3475 5517 διακούσας,
3506 5447 3640 5523 ὑπὲρ
3689 5466 3853 5503 σεαυ-

2188 5543 2287 5595 τοῦ
2335 5536 2580 5608 δίκασον,
2610 5536 2702 5592 καὶ
2746 5537 2847 5607 τήν
2892 5540 3074 5615 ψῆφον
3120 5534 3301 5614 ἔνεγκε
3339 5541 3410 5613 τῇ
3443 5540 3641 5594 σαυτοῦ
3669 5557 3859 5609 σωτη-

531 5745 596 5811 ἰε
624 5751 685 5806 Ρ.
718 5748 823 5806 938
853 5752 963 5812 ED.
993 5751 1297 5811 POTTER.
1334 5753 1409 5824 (α)
1439 5751 1618 5809 Marc.
1648 5768 1707 5819 κ,
1736 5752 1807 5808 29
1836 5754 1915 5827 (ὁ)
1937 5755 2078 5816 Luc.

2199 5775 2225 5830 ν,
2256 5758 2349 5815 26.
2382 5760 2451 5827 fc)
2486 5759 2503 5814 Ι
2534 5759 2662 5815 Cor.
2694 5774 2758 5830 ιι,
2787 5758 2842 5815 9.
2874 5758 2999 5830 (d)I
3030 5761 3152 5815 Pet.
3179 5774 3220 5827 ι,
3253 5758 3343 5814 12.
