4124 6414
291 479 403 536 629

1447 480 1665 536 LIBER
1701 478 1871 544 QUIS
1905 477 2126 534 DIVEB
2161 480 2565 538 SALVBTUB.

3601 480 3710 536 630

284 604 396 678 ρἰᾳ.
431 599 547 659 Κᾶν
577 597 816 679 ἀδελφὸς
846 601 1015 675 ὅμοια
1065 598 1230 679 λέγῃ,
1282 600 1378 656 κᾶν
1411 601 1623 676 τέκνον,
1654 600 1750 657 κᾶν
1781 601 1915 676 γυνή

2061 618 2164 658 nes
2194 603 2422 673 audias,
2454 621 2558 678 pro
2589 609 2646 662 te
2677 605 2805 678 ipse
2829 613 2952 663 esto
2975 605 3177 678 judex,
3224 604 3404 678 inque
3434 607 3548 661 tuae
3581 621 3706 662 rem

283 691 383 749 κᾶν
426 693 702 761 ὁστισοῦν,
760 691 868 767 πρὸ
923 689 1137 746 πάντων
1196 689 1250 746 ἰν
1310 692 1394 746 σοὶ
1456 689 1688 767 Χριστὸς
1721 693 1914 746 ὁνικῶ

2057 690 2266 748 salutis
2289 692 2434 749 ferto
2465 694 2841 750 sententiam.
2876 699 2943 749 Et
2971 695 3020 750 si
3055 693 3230 750 frater
3253 693 3474 750 similia
3504 695 3708 768 loqua-

282 775 439 837 ἔστω·
479 780 614 856 ὑπὲρ
647 783 744 835 σοῦ
773 781 877 856 γὰρ
899 779 1248 855 ἀγωνίζεται.

359 1050 476 1106 ΚΔ’.
537 1045 766 1102 Δύνασαι
822 1045 913 1102 καὶ
959 1050 1067 1102 τῶν
1129 1049 1438 1123 χρημάτων
1493 1046 1815 1121 ἐπίπροσθεν
1866 1048 1935 1103 εἴ·

282 1157 393 1192 ναι.
436 1137 678 1212 Φράσονσ
712 1160 740 1188 (ι
774 1135 873 1191 Ναὶ
905 1136 1006 1191 οῦκ
1034 1136 1226 1214 ἀπάγει
1281 1158 1346 1210 με
1405 1139 1647 1213 Χριστὸσ
1671 1144 1772 1208 τῆς
1805 1139 1935 1207 κτή-

279 1247 440 1300 σεως,
473 1227 503 1282 ὁ
535 1225 732 1302 Κύριος
787 1224 850 1280 οὗ
895 1230 1103 1304 φθονεῖ.
1135 1250 1162 1278 η
1221 1225 1380 1284 Ἀλλ’
1411 1228 1540 1302 ὁρᾷς
1573 1228 1790 1282 σεαυτὸν
1837 1229 1936 1298 ἡτ-

276 1316 531 1391 τώμερον
583 1315 673 1370 ὑπ’
719 1314 895 1369 αὐτῶν
953 1315 1045 1370 καὶ
1101 1314 1569 1392 ἀνατρεπόμενονς
1619 1317 1802 1394 Ἄφες,
1849 1315 1932 1392 ῥί-

2054 783 2172 848 tur,
2207 785 2265 837 et
2296 781 2343 837 si
2378 781 2554 850 ﬁlius,
2591 787 2646 839 et
2677 783 2726 839 si
2753 799 2916 846 uxor,
2944 787 2999 839 et
3045 783 3094 839 si
3145 782 3334 855 quivis
3364 782 3537 854 alius,
3569 788 3703 841 ante

2051 873 2115 938 »ιι
2139 887 2344 927 omnes
2370 871 2640 927 Christus
2673 873 2732 927 in
2754 878 2810 928 te
2841 874 3062 940 vincat;
3115 873 3334 944 quippe
3383 874 3554 944 cujus
3605 873 3702 930 ille

2052 961 2243 1033 gratia
2273 961 2331 1016 in
2365 977 2601 1017 arenam
2637 962 2974 1018 descendat.

2122 1048 2319 1104 XXIV.
2343 1053 2511 1106 Potes
2533 1054 2590 1106 et
2619 1050 2885 1122 pecuniis
2907 1066 3217 1122 opponere.
3242 1050 3428 1107 Dicito
3453 1069 3466 1108 :
3496 1072 3519 1102 ι
3546 1051 3698 1108 Sane

2047 1155 2164 1194 non
2196 1143 2354 1194 vetat
2383 1139 2652 1196 Christus
2701 1156 2772 1196 ne
2819 1140 3221 1212 possessiones
3273 1141 3546 1208 habeam,
3577 1157 3695 1197 non

2044 1228 2264 1284 invidet
2299 1231 2599 1288 Dominus.
2627 1253 2655 1280 »
2680 1234 2750 1286 At
2777 1231 2943 1287 vides
2974 1229 3209 1286 illarum
3258 1234 3316 1287 te
3362 1230 3515 1285 vinci
3556 1231 3692 1287 libi-

2045 1317 2205 1384 dine,
2237 1323 2294 1373 et
2323 1335 2355 1374 a
2389 1320 2597 1375 mentis
2633 1323 2791 1376 statu
2841 1337 2909 1376 ea
2957 1324 3015 1376 te
3063 1319 3394 1376 dimoveri?
3429 1319 3688 1387 Dimitte,

277 1407 407 1478 ψον,
466 1404 722 1478 μίσησον,
778 1403 1063 1475 ἀπόταξαι,
1121 1403 1274 1484 φύγε.
1338 1429 1364 1457 (ι
1400 1403 1504 1461 Κᾶν
1538 1406 1566 1461 6
1616 1403 1789 1477 δεξιός
1835 1427 1915 1461 σοι

2042 1405 2280 1478 proiice,
2313 1407 2646 1480 odio2habe,
2680 1409 3051 1474 abrenuntia,
3095 1408 3251 1480 fuge.
3285 1431 3311 1457 ‹‹
3347 1408 3416 1462 Et
3455 1407 3504 1463 si
3548 1409 3691 1463 dex-

283 1491 572 1572 ὀφθαλμὸς
604 1492 934 1568 σκανδαλίζῃ
964 1515 1042 1562 σε,
1070 1517 1096 1546 ››
1121 1491 1334 1570 ταχέως
1361 1519 1390 1547 ‹‹
1423 1490 1653 1569 ἔκκοψον
1681 1494 1866 1554 αὐτόν.
1899 1519 1926 1548 ››

277 1584 658 1658 Αἱρετώτερον
717 1581 1114 1659 ἑτεροφθάλμῳ
1175 1581 1426 1660 βασιλεία
1485 1588 1642 1656 Θεοῦ,
1701 1583 1737 1654 ἢ
1799 1582 1927 1639 ὁλο-

277 1669 477 1748 κλήρῳ
509 1671 574 1726 τὸ
632 1673 760 1746 πῦρ.
811 1669 918 1726 Κᾶν
967 1671 1112 1746 χεὶρ,
1157 1667 1252 1726 κᾶν
1299 1675 1455 1741 ποῦς,
1509 1672 1608 1727 κᾶν
1655 1674 1689 1742 ἡ
1747 1673 1926 1748 ψυχὴ,

275 1761 510 1834 μίσησον
571 1759 758 1832 αὐτήν.
817 1765 916 1818 ’Ἂν
993 1761 1096 1836 γὰρ
1174 1759 1394 1816 ἐνταῦθα
1447 1759 1722 1833 ἀπόληται
1791 1762 1924 1839 ὑπὲρ

273 1853 526 1928 χριστοῦ,
559 1849 674 1906 ἐκεῖ
704 1851 1124 1926 ζωογονήσεται.

339 2030 460 2086 KE'.
508 2027 722 2100 Ταύτης
771 2025 828 2084 δὲ
876 2027 1084 2102 ὁμοίως
1132 2026 1318 2104 ἔχεται
1377 2031 1474 2097 τῆς
1537 2027 1766 2103 γνώμης
1825 2027 1916 2084 καὶ

264 2119 331 2174 τὸ
363 2118 652 2192 ἑπόμενονο
687 2142 716 2170 ιι
748 2118 862 2176 Νῦν
913 2118 965 2173 ἐν
1009 2122 1090 2192 τῷ
1136 2122 1312 2194 καιρῷ
1347 2117 1529 2190 τούτῷ
1578 2116 1777 2194 ἀγροὺς
1826 2119 1915 2174 καὶ

267 2209 536 2284 χρήματα
585 2205 676 2262 καὶ
724 2205 904 2270 οἰκίας
970 2206 1061 2262 καὶ
1111 2203 1382 2281 ἀδελφοὺς
1443 2208 1520 2280 μὴ
1581 2203 1729 2282 ἔχειν
1784 2208 1918 2279 μετά

264 2295 558 2372 διωγμῶν.
614 2320 635 2347 α
670 2293 809 2354 Οὔτε
850 2296 954 2373 γὰρ
1002 2295 1388 2372 ἀχρημάτους,
1439 2293 1564 2350 οὔτε
1619 2294 1917 2364 ἀνεστίους,

258 2383 389 2441 οὗτε
413 2382 752 2464 ἀναδέλφους
784 2385 873 2440 ἐπὶ
920 2386 1020 2456 τήν
1067 2385 1211 2454 ζωὴν
1267 2381 1446 2454 καλεῖ,
1480 2383 1592 2439 ἐπεὶ
1627 2385 1715 2439 καὶ
1749 2383 1917 2440 πλου-

255 2473 411 2540 σίους
460 2473 750 2546 κέκληκεν·
801 2473 928 2532 ἀλλ’
979 2471 1038 2528 6'v
1089 2475 1293 2549 τρόπον
1344 2475 1775 2549 προειρήκαμεν,
1825 2475 1912 2529 καὶ

257 2561 531 2635 ἀδελφοὺς
576 2565 694 2619 κατ’
743 2563 930 2633 αὐτὸν,
986 2560 1169 2639 ὥσπερ
1224 2561 1424 2636 Ιιὲτρον
1475 2563 1588 2636 μετ’
1635 2560 1915 2638 Ἀνδρέου,

257 2652 356 2708 καὶ
387 2647 642 2711 Ἰάκωϐον
681 2651 817 2726 μετᾶ
865 2651 1121 2709 Ἰωάννου
1168 2651 1297 2715 τοὺς
1353 2646 1642 2706 Ζεϐεδαίου
1694 2648 1915 2721 παῖδας,

264 2739 401 2796 ἀλλ’
450 2741 816 2816 ὁμονοοῦντας
863 2739 1142 2811 ἀλλήλοις
1183 2761 1242 2796 τε
1287 2739 1378 2796 καί
1429 2745 1664 2816 Χριστῷ.
1727 2742 1805 2798 Τὸ
1859 2738 1917 2796 δὲ

262 2853 296 2883 ‹‹
335 2830 471 2904 μετά
501 2829 762 2908 διωγμῶν
794 2855 822 2884 »
855 2833 1026 2886 ταῦτα
1056 2829 1255 2906 ἕκαστα
1298 2828 1444 2906 ἔχειν
1492 2828 1913 2904 ἀποδοκιμάζει.

259 2920 520 2995 Διωγμὸς
554 2917 612 2975 δὲ
657 2921 686 2975 6
739 2918 835 2993 μὲν
883 2941 967 2982 τις
1021 2917 1213 2990 ἔξωθεν
1264 2918 1615 2996 περιγίνεται,
1664 2923 1771 2974 τῶν
1818 2919 1914 2973 ἀν-

262 3011 502 3086 θρώπων
534 3008 570 3079 ἢ
612 3006 686 3064 δι’
733 3003 958 3086 ἔχθραν,
990 3009 1027 3080 ἢ
1060 3005 1150 3063 διὰ
1197 3007 1418 3086 φθόνον,
1449 3009 1486 3080 ἢ
1518 3005 1608 3062 διὰ
1655 3007 1914 3086 φιλοκέρ-

196 3149 201 3153 .
269 3095 444 3166 δειαν,
502 3100 538 3170 ἢ
596 3099 717 3154 κατ’
773 3097 1044 3174 ἐνέργειαν
1101 3093 1429 3166 διαϐολικήν
1503 3096 1632 3160 τοὺς
1691 3096 1916 3160 πιστοὺς

265 3186 631 3243 ἐλαυνόντων*
666 3188 694 3242 6
726 3184 784 3242 δὶ
813 3184 1210 3263 χαλεπώτατος
1240 3183 1452 3240 ἔνδοθέν
1485 3183 1600 3240 ἐστι.
1647 3181 1912 3260 διωγμὸς,

258 3274 314 3347 ἐξ
343 3275 511 3346 αὐτῆς
552 3274 762 3350 ἑκάστῳ
805 3282 907 3346 τῆς
945 3279 1133 3350 ψυχῆς
1176 3270 1661 3350 προπεμπόμενος,
1711 3273 1916 3347 λυμαι-

257 3344 500 3438 νομένη-ς
531 3367 636 3421 ὑπὸ
666 3344 970 3438 ἐπιθυμιῶν
1221 3344 1328 3419 ’καὶ
1363 3344 1590 3434 τήδονῶν
1637 3344 1910 3419 ποικίλων
1943 3344 1986 3411 C

256 3454 348 3510 καὶ
383 3453 606 3532 φαύλων
645 3451 884 3509 ἐλπίδων
931 3453 1020 3509 καὶ
1069 3457 1321 3531 φθαρτῶν
1366 3451 1908 3526 ὀνειροποκημάτωνο

257 3542 388 3599 ὅταν
415 3543 495 3598 ἀεὶ
529 3547 637 3599 τῶν
686 3539 958 3599 πλειόνων
1013 3538 1339 3618 ὀρεγομένη,
1387 3541 1478 3596 καὶ
1520 3540 1775 3597 λυσσῶσα
1808 3542 1912 3597 ὑπὸ

253 3631 463 3707 ἀγρίων
524 3630 770 3708 ἐρώτων,
826 3633 917 3688 καὶ
975 3629 1294 3709 φλεγομὲνη
1362 3631 1600 3705 καθάπερ
1666 3632 1914 3708 κέντροις

254 3719 294 3790 ἢ
331 3720 518 3796 μύωψι
554 3721 674 3784 τοῖς
721 3720 1103 3795 προκειμένοις
1159 3720 1298 3794 αὐτῇ
1356 3717 1601 3789 πάθεσιν,
1657 3719 1910 3792 ἰξαιμάσ-

252 3828 421 3879 σηται
449 3809 588 3883 πρὸς
640 3806 879 3870 σπουδάς
941 3803 1235 3882 μανιώδεις
1263 3806 1354 3862 καὶ
1409 3811 1556 3876 ζωῆς
1601 3806 1908 3884 ἀπόγνωσιν

252 3897 348 3952 καὶ
381 3901 518 3952 Θεοῦ
571 3896 991 3975 καταφρόνησιν.
1045 3893 1222 3958 Οῦτος
1255 3895 1283 3950 6
1316 3892 1562 3970 διωγμὸς
1615 3896 1913 3972 βαρύτερος

255 3987 351 4042 καὶ
374 3985 787 4062 χαλεπώτερος,
830 3983 1046 4050 ἔνδοθεν
1087 3984 1437 4059 ὁρμώμενος,
1495 3984 1577 4039 ἀεὶ
1623 3987 1818 4054 συνὼν,
1851 3985 1910 4041 6'v

259 4073 391 4132 οὐδὲ
419 4077 666 4154 ἔκφυγεῖν
708 4077 738 4131 6
768 4073 1106 4147 διωκόμενος
1155 4072 1395 4129 δύναται·
1439 4074 1533 4128 τὸν
1561 4073 1664 4150 γὰρ
1713 4074 1909 4152 ἐχθρὸν

260 4165 316 4221 ἐν
349 4166 524 4238 δαυτῷ
552 4165 798 4242 περιάγει
851 4168 1154 4240 πανταχοῦ.
1214 4163 1373 4219 Οὕτω
1429 4163 1520 4218 καὶ
1572 4165 1842 4238 πύρωσις,
1875 4168 1910 4235 ἡ

261 4255 361 4328 μὶν
420 4253 614 4326 ἔξωθεν
659 4255 1084 4331 προσπίπτουσα
1150 4249 1450 4326 δοκμασίαν
1503 4255 1911 4329 κατεργάζεται,

257 4345 299 4413 ἡ
333 4340 392 4398 δὶ
431 4338 642 4408 ἔνδοθεν
694 4345 920 4409 θάνατον
973 4339 1379 4417 διαπράττεται.
1433 4341 1531 4398 Καὶ
1580 4341 1854 4416 πόλεμος,
1886 4344 1914 4399 6

262 4431 364 4506 μὶν
395 4431 624 4495 ἐπακτὸς
672 4429 877 4509 ῥᾳδίως
925 4429 1275 4499 καταλύεται,
1331 4431 1360 4486 6
1413 4427 1473 4486 δὲ
1527 4428 1580 4485 ἐν
1630 4434 1699 4504 τῇ
1759 4435 1912 4508 ψυχῇ

261 4523 433 4599 μέχρι
467 4522 696 4598 θανάτου
723 4525 1171 4596 παραμετρεῖται.
1232 4520 1388 4576 Μετὰ
1444 4517 1698 4593 διωγμοῦ
1726 4525 1912 4576 τοιοῦο

257 4632 360 4668 του
397 4610 644 4667 πλοῦτον
681 4609 770 4666 ἐάν
829 4605 966 4685 ἔχῃς
1022 4610 1113 4665 τὸν
1177 4608 1454 4680 αἰσθητὸν,
1512 4606 1608 4664 κᾶν
1643 4606 1913 4686 ἀδελφοὺς

2039 1497 2130 1550 ter
2159 1496 2362 1552 oculus
2392 1497 2754 1553 scandalizat
2784 1503 2861 1568 te,
2898 1519 2925 1546 ››
2958 1513 3134 1568 quam
3185 1497 3444 1569 primum
3477 1519 3503 1546 ‹‹
3549 1511 3688 1552 erue

2037 1588 2292 1654 eum(a).
2322 1608 2349 1634 »
2407 1586 2612 1643 Melius
2673 1591 2761 1642 est
2803 1603 2938 1641 cum
2983 1585 3234 1643 unoculo
3283 1601 3530 1658 regnum
3565 1585 3688 1654 Dei,

2038 1690 2216 1746 quam
2250 1675 2476 1748 integro
2510 1675 2686 1748 ignis.
2719 1675 2846 1732 Sive
2877 1675 2956 1732 sit
2990 1691 3226 1747 manus,
3260 1675 3382 1730 sive
3415 1691 3538 1747 pes,
3563 1674 3684 1731 sive

2035 1763 2257 1830 anima,
2318 1763 2469 1818 habe
2525 1764 2680 1820 odio.
2741 1765 2802 1819 Si
2859 1764 3016 1820 enim
3076 1763 3172 1818 hic
3229 1763 3446 1819 Christi
3504 1779 3685 1818 causa

2033 1851 2210 1908 etiam
2246 1860 2458 1924 pereat,
2491 1851 2688 1909 futuro
2717 1869 2838 1909 aevo
2869 1853 2940 1909 ad
2963 1853 3139 1909 vitam
3170 1853 3556 1925 reparandum
3580 1868 3680 1908 ex-

1950 1977 1998 2039 e
2031 1946 2250 2039 “3°33;

2100 2031 2253 2088 842
2286 2029 2457 2086 XXV.
2519 2031 2684 2087 Hunc
2743 2047 2986 2088 sensum
3044 2030 3261 2088 habent
3318 2035 3375 2088 et
3420 2047 3546 2104 qua:
3577 2046 3668 2088 se-

2027 2124 2335 2193 quuntur:
2375 2144 2395 2169 ι
2432 2124 2619 2187 Nunc,
2666 2120 2724 2175 io
2776 2127 3043 2193 tempore
3090 2120 3221 2188 hoc,
3265 2137 3459 2194 agros,
3493 2138 3665 2195 pecu-

2029 2209 2210 2277 niam,
2244 2210 2449 2265 domos
2481 2217 2536 2264 et
2566 2211 2774 2266 fratres
2806 2226 2919 2266 non
2952 2205 3167 2265 hab'ere
3215 2226 3349 2265 cum
3398 2227 3674 2283 persecu-

2025 2297 2402 2370 tionibus(b).
2441 2321 2461 2346 ι
2497 2298 2698 2370 Neque
2727 2299 2883 2354 enim
2916 2305 3077 2354 vocal
3101 2299 3174 2355 ad
3204 2299 3383 2355 vitam
3433 2300 3534 2372 qui
3568 2317 3673 2373 pe-

2027 2387 2200 2443 cunia
2229 2392 2484 2458 careant,
2514 2387 2614 2459 qui
2645 2387 2772 2443 sine
2830 2387 2952 2444 lare
3000 2392 3058 2443 et
3106 2391 3280 2455 tecto,
3313 2389 3415 2460 qui
3466 2390 3674 2448 fratres

2027 2475 2222 2532 nullos
2253 2475 2526 2543 habeant,
2559 2493 2691 2532 cum
2734 2477 3024 2533 vocaverit
3053 2477 3233 2538 etiam.
3263 2478 3472 2534 divites
3500 2499 3510 2543 ;
3545 2481 3669 2548 sed,

2025 2569 2092 2620 ut
2121 2581 2300 2636 supra
2330 2565 2610 2634 diximus,
2643 2566 2853 2622 fratres
2885 2581 3120 2638 quoque
3152 2565 3312 2622 illius
3343 2567 3534 2623 cultos
3559 2585 3679 2625 mo-

2025 2654 2212 2722 ribus,
2236 2653 2415 2712 veluti
2432 2657 2666 2711 Petrum
2690 2659 2749 2711 et
2769 2655 3080 2725 Andream,
3126 2671 3352 2712 necnon
3393 2657 3676 2714 Jacobum

2025 2748 2082 2800 et
2123 2743 2409 2800 Joannem
2443 2744 2702 2799 Zebedaai
2760 2743 2954 2812 filios;
3011 2760 3209 2800 verum
3245 2745 3398 2801 inter
3429 2762 3492 2802 se
3539 2762 3678 2803 con-

2023 2833 2228 2889 cordes
2251 2838 2310 2888 et
2339 2849 2472 2889 cum
2494 2832 2748 2888 Christo.
2772 2832 3053 2888 Ceterum
3078 2832 3314 2906 singula
3335 2833 3458 2891 haec
3479 2858 3508 2885 «
3540 2852 3674 2893 cum

2021 2922 2530 2994 persecutionibus
2565 2944 2592 2970 »
2637 2921 2851 2978 habere
2895 2938 3009 2978 non
3052 2922 3280 2994 probat.
3340 2922 3674 2981 Persecutio

2022 3027 2159 3066 vero
2189 3010 2301 3065 alia
2331 3011 2564 3082 quidem
2618 3010 2946 3066 forinsecus
2994 3011 3266 3081 obtingit,
3318 3027 3668 3084 persequen-

2022 3099 2184 3156 tibus
2215 3098 2558 3156 bominibus
2586 3098 2784 3155 fideles
2816 3104 2874 3155 et
2904 3098 2992 3155 vel
3013 3099 3336 3155 inimicitias
3358 3117 3557 3168 causa,
3581 3101 3668 3158 vel

2022 3190 2278 3256 invidiae,
2325 3189 2411 3246 vel
2462 3189 2632 3258 lucri,
2677 3189 2764 3245 vel
2810 3191 3190 3261 suggestione
3239 3191 3547 3247 diabolica.
3596 3195 3670 3248 At

2023 3279 2371 3353 gravissima
2404 3279 2734 3351 persecutio
2767 3285 2879 3347 est,
2913 3295 3041 3350 quae
3090 3280 3278 3334 oritur
3307 3279 3668 3338 intrlnsecus

2023 3385 2092 3426 ex
2149 3369 2278 3441 ipsa
2332 3369 2620 3440 cujusque
2679 3369 2896 3433 anima,
2957 3369 3269 3439 depravata
3300 3370 3498 3442 impiis
3529 3372 3674 3427 desi-

2022 3459 2201 3514 deriis
2235 3459 2526 3529 variisque
2556 3457 2973 3528 voluptatibus,
3004 3473 3226 3513 necnon
3261 3459 3527 3530 improba
3567 3477 3672 3532 spe

2021 3547 2417 3618 inanibusque
2446 3545 2781 3613 insomniis;
2803 3563 2930 3618 quas
2963 3545 3130 3618 plura
3153 3563 3383 3616 semper
3413 3549 3666 3605 habendi

2021 3637 2342 3708 cupiditate
2370 3641 2426 3691 et
2459 3636 2664 3691 ferinis
2694 3634 2998 3690 amoribus
3031 3635 3257 3700 rabida,
3293 3642 3669 3709 mtuansque,

2022 3725 2267 3797 objectis
2317 3723 2476 3779 velut
2525 3723 2784 3780 stimulis
2830 3723 3188 3795 aculeisque,
3237 3725 3568 3796 affectibus,
3603 3745 3670 3785 ac

2021 3813 2385 3878 libidinibus,
2419 3817 2758 3868 cruentetur
2777 3813 2846 3867 ad
2883 3812 3100 3868 furiosa
3126 3813 3344 3881 studia,
3362 3815 3431 3869 ad
3458 3815 3664 3888 despe-

2022 3903 2265 3958 randam
2326 3901 2577 3958 salutem
2631 3901 2847 3974 Deique
2894 3902 3272 3973 spretionem.
3334 3903 3667 3962 Persecutio

2022 3991 2144 4047 haac
2175 3989 2407 4063 gravior
2435 3993 2524 4045 est
2540 3993 2597 4044 et
2626 3990 2910 4056 acerbior,
2929 4007 2997 4044 ex
3029 3990 3224 4047 animo
3245 3991 3372 4062 ipso
3395 4009 3666 4064 prcrum-

2021 4096 2189 4154 pens,
2219 4095 2570 4151 semperque
2624 4095 2900 4150 praesens,
2951 4095 3126 4150 quam
3162 4095 3267 4135 nec
3304 4081 3521 4137 evitare
3560 4099 3667 4154 po-

2020 4172 2136 4225 test
2166 4169 2265 4239 qui
2298 4167 2398 4223 illa
2429 4167 2726 4239 appetitur
2758 4185 2771 4222 :
2806 4168 3018 4238 quippe
3076 4167 3174 4236 qui
3236 4169 3462 4224 hostem
3504 4172 3664 4226 omni

2022 4257 2149 4314 loco
2180 4257 2238 4311 in
2272 4257 2491 4328 seipse
2541 4256 2937 4311 circumferat.
2988 4255 3271 4310 Similiter
3315 4257 3491 4313 etiam
3539 4277 3667 4332 quae

2022 4346 2386 4403 extrinsecus
2414 4345 2748 4412 adhibetur,
2780 4344 3042 4400 incensio
3075 4361 3142 4400 ac
3167 4348 3434 4417 tentatio,
3458 4350 3673 4420 proba-

2023 4436 2241 4492 tionem
2288 4438 2601 4505 operatur;
2667 4450 2795 4505 quaa
2851 4449 2984 4488 vero
3066 4435 3390 4490 intresecus
3464 4439 3672 4512 oritur,

2025 4529 2271 4580 mortem
2323 4522 2569 4578 inducit.
2624 4521 2841 4578 Bellum
2895 4538 3130 4594 quoque
3187 4524 3578 4584 accidentario
3609 4547 3674 4586 ac

2022 4614 2182 4669 velut
2205 4629 2344 4668 casu
2377 4617 2616 4667 externo
2647 4621 2850 4683 agente
2879 4612 3222 4682 conflatum,
3257 4614 3427 4671 facile
3455 4616 3674 4674 dissol-

257 4701 396 4766 τοὺς
437 4701 577 4777 πρὸς
627 4698 861 4774 α’ίματος
907 4699 998 4756 καὶ
1049 4701 1116 4754 τὰ
1154 4697 1300 4754 ἄλλα
1339 4696 1600 4773 ἐνάχυρα,
1655 4698 1915 4756 κατάλιπε

2032 4701 2202 4770 vilur;
2238 4703 2393 4772 quod
2437 4704 2630 4755 autem
2685 4700 2794 4771 ipsi
2847 4700 3042 4756 animo
3073 4701 3249 4769 inest,
3300 4705 3368 4759 ad
3423 4712 3671 4764 mortem

255 4792 364 4860 τήν
425 4790 636 4846 τούτων
705 4789 1046 4866 παγκτησίαν
1121 4789 1222 4856 τὴν
1297 4785 1387 4842 ἐπὶ
1461 4791 1635 4860 κακῷ,
1694 4787 1916 4864 εῗρήνην

262 4884 478 4952 σεαυτῷ
535 4879 845 4956 παράσχες,
903 4876 1305 4952 ἐλευθερώθητι
1371 4873 1620 4951 διωγμοῦ
1683 4883 1918 4954 μακροῦ,

263 4969 620 5043 ἀπστράφηθι
669 4969 810 5044 πρὸς
852 4967 916 5022 τὸ
973 4964 1306 5042 Εὐαγγὲλιον
1357 4965 1449 5020 ἀπ’
1501 4965 1736 5035 ἐκείνων,
1792 4967 1920 5023 ἑλοῦ

260 5057 360 5111 τὸν
397 5061 630 5129 Σωτῆρα
685 5057 794 5132 πρὸ
851 5056 1093 5123 πάντων,
1151 5054 1244 5108 τὸν
1298 5060 1399 5122 τῆς
1461 5060 1562 5123 σῆς
1616 5057 1920 5132 συνήγορον

263 5144 362 5200 καὶ
407 5143 759 5218 παράκλητον
813 5146 1023 5219 ψυχῆς,
1080 5143 1172 5198 τὸν
1229 5149 1332 5212 τῆς
1384 5142 1612 5218 ἀπείρου
1663 5144 1924 5217 πρύτανιν

268 5240 446 5304 ζωῆς.
507 5257 529 5285 ι
575 5234 649 5290 Τὰ
701 5233 806 5310 γὰρ
868 5233 1185 5310 βλεπόμενα
1234 5232 1560 5304 πρόσκαιρα·
1613 5233 1682 5288 τὰ
1737 5231 1794 5289 δὶ
1848 5237 1924 5308 μὴ

269 5321 592 5399 βλεπόμενα
621 5323 820 5378 αἰώνια
833 5367 844 5380 .
887 5346 917 5374 ››

2027 4807 2218 4863 usque
2248 4790 2600 4848 extenditur.
2649 4790 2793 4844 Cum
2823 4788 2926 4843 tali
2961 4789 3142 4860 igitur
3177 4794 3583 4863 persecutione
3622 4796 3672 4852 si

2030 4880 2295 4935 carnales
2316 4877 2552 4934 divitias
2583 4877 2824 4941 haheas,
2854 4878 2902 4934 si
2936 4877 3146 4934 fratres
3177 4881 3444 4937 carnales
3474 4887 3530 4938 et
3559 4883 3676 4939 alia

2034 4969 2304 5041 pignora;
2339 4983 2574 5023 omnem
2599 4967 2748 5022 hanc
2770 4967 3202 5038 possessionem
3221 4985 3584 5042 censumque
3614 4972 3673 5028 in

2033 5057 2256 5114 malum
2288 5058 2589 5112 cedentem
2625 5055 2908 5129 relinque,
2940 5057 3046 5111 tibi
3078 5057 3204 5128 ipse
3231 5075 3431 5130 pacem
3466 5062 3675 5132 praebe,

2034 5145 2260 5219 prolixa
2301 5145 2550 5202 liberare
2600 5145 3022 5215 persecutione,
3063 5146 3134 5199 ad
3186 5146 3558 5219 Evangelium
3607 5151 3680 5205 ab

2036 5235 2156 5290 illis
2184 5241 2539 5302 convertere,
2562 5251 2676 5306 pra
2706 5235 2980 5289 omnibus
3000 5232 3358 5290 Salvatorem
3383 5235 3553 5307 elige,
3571 5241 3682 5294 tute

966 5321 1064 5376 Καὶ
1114 5321 1166 5376 ἐν
1221 5321 1316 5394 μὶν
1367 5324 1448 5392 τῷ
1475 5321 1705 5395 παρόντι
1738 5323 1915 5396 χρόνιι

2037 5327 2348 5395 patronum
2385 5339 2451 5377 ac
2473 5322 2749 5378 solatium
2771 5319 3359 5393 anime,nullumque
3383 5323 3553 5379 ﬁnem
3588 5325 3690 5383 ba-

263 5412 540 5500 ᾦκύμορα
566 5411 658 5467 καὶ
706 5406 960 5480 ἀϐίϐαια,
1007 5409 1061 5465 ἐν
1089 5413 1170 5482 τῷ
1211 5407 1500 5485 ἰρχομένῳ
1531 5405 1589 5463 δὲ
1621 5412 1733 5481 ζωή
1785 5408 1915 5466 ἐστιν

2039 5411 2248 5466 bituraa
2263 5410 2636 5483 praebitorem
2662 5410 2814 5465 vitae.
2835 5433 2861 5459 ‹‹
2894 5413 3028 5476 Quae
3043 5409 3199 5464 enim
3223 5411 3516 5480 videntur,
3543 5418 3691 5471 tem-

263 5499 408 5555 αἰών
422 5521 522 5564 ιος.

2041 5499 2266 5573 poralia
2285 5507 2445 5564 sunt;
2480 5516 2607 5570 qua
2639 5504 2833 5556 autem
2867 5514 2984 5552 non
3003 5497 3526 5566 videntur,aeterna
3549 5505 3638 5576 (c).
3661 5527 3691 5556 ι)

256 5590 333 5649 Ει
370 5591 430 5648 in
459 5591 738 5665 praesenti
756 5591 991 5664 quidem
1051 5593 1116 5659 ›ι‹
1161 5592 1426 5662 tempore
1479 5589 1704 5647 caduca
1747 5597 1890 5646 sunt
1927 5588 2210 5663 nullaque
2259 5589 2539 5646 ﬁrmitate
2586 5587 2766 5656 fulta;
2801 5588 2860 5643 in
2894 5586 3091 5643 futuro
3124 5593 3322 5645 autem
3354 5594 3573 5652 aeterna
3603 5601 3691 5654 est

251 5680 403 5739 vita.
1847 5707 1850 5710 -

255 5771 496 5903 “78?.
525 5771 635 5829 939
663 5771 776 5830 DE.
803 5769 1108 5830 POTTER.
1220 5768 1284 5830 ἰι
1309 5773 1372 5826 Ρ.
1403 5769 1510 5826 940
1537 5769 1650 5829 ED.
1679 5770 1914 5828 POTTE

2087 5769 2176 5863 .(a)
2211 5770 2409 5827 Matth.
2444 5786 2496 5840 ν,
2528 5768 2620 5824 29.
2733 5767 2809 5839 (b)
2841 5767 3020 5825 Marc.
3050 5784 3146 5840 xx,
3176 5769 3266 5826 30.
3380 5774 3452 5845 (c)
3476 5773 3524 5831 ΙΙ
3555 5775 3685 5836 Cor.
