4124 6400
437 409 548 468 633

1587 405 1806 470 LIBER
1841 404 2022 470 αωβ
2048 405 2270 462 DIYES
2303 409 2689 472 BALVETUB

3752 414 3861 473 634

436 551 570 588 ται·
625 529 753 611 φέρε
816 527 1072 584 σκεπτέον
1124 527 1192 597 ἥν
1242 547 1364 583 τινα
1408 548 1509 596 την
1562 523 1762 582 ἰλπίδα
1818 527 2007 588 αὐτοῖς
2064 527 2089 580 ὁ

2206 545 2311 604 age
2343 533 2807 603 consideremus,
2848 553 3026 610 quam
3058 537 3177 595 illis
3209 553 3376 611 spem
3420 537 3684 597 Salvator
3713 558 3859 614 pm-

437 623 638 700 Σωτήρ
699 620 1025 695 ὑπογράφει,
1056 616 1147 673 καὶ
1199 622 1317 678 πῶς
1379 615 1436 671 ἂν
1499 615 1562 671 τὸ
1618 616 1712 689 μὶν
1772 613 2098 670 ἀνέλπιστον

437 710 698 788 έχέγγυον
757 707 988 782 γένοιτο,
1041 707 1104 762 τὸ
1175 703 1233 761 δὲ
1299 704 1546 760 ἐλπισθὲν
1608 704 1686 766 εἷς
1732 710 1922 774 κτῆσιν
1977 703 2101 782 ἀφί·

438 821 613 857 κοιτο.
649 798 822 871 Φησὶν
886 797 976 852 οὗν
1027 798 1056 851 6
1108 791 1456 866 διδάσκαλος,
1485 795 1569 857 τίς
1616 796 1652 864 ἡ
1699 794 1928 868 μεγίστη
1991 797 2099 847 τῶν

442 887 701 957 ἐντολῶν,
735 885 1098 958 ἠρωτημένος
1131 902 1143 914 ·
1178 909 1207 937 ιι
1243 885 1576 961 Ἀγαπήσεις
1615 883 1704 938 τὸν
1750 881 1951 956 Κύριον
2008 881 2100 937 τὸν

445 979 571 1034 Θεόν
629 997 726 1032 σου
785 975 836 1049 ἐξ
892 974 1029 1046 ὅλης
1081 980 1180 1043 τῆς
1226 977 1413 1049 ψυχῆς
1446 993 1564 1041 σου,
1598 972 1688 1027 καὶ
1720 970 1769 1044 ἐξ
1804 969 1942 1041 ὅλης
2003 977 2103 1040 τῆς

443 1066 721 1141 δυνάμεώς
751 1085 869 1122 σου.
902 1085 930 1118 ι
967 1062 1187 1132 Ταύτης
1221 1063 1394 1136 μείζω
1428 1057 1701 1135 μηδεμίαν
1757 1060 1984 1130 ἐντολὴν
2040 1062 2106 1116 εἶ’

437 1179 523 1213 ναι
559 1177 571 1190 ·
605 1157 697 1212 καὶ
733 1153 884 1230 μάλα
914 1153 1140 1218 εἰκότως
1171 1173 1184 1186 ·
1217 1152 1305 1207 καὶ
1335 1153 1438 1229 γὰρ
1466 1152 1556 1207 καὶ
1587 1151 1712 1228 περὶ
1744 1156 1840 1206 τοῦ
1880 1153 2104 1230 πρώτου

436 1248 529 1303 καὶ
558 1247 682 1321 περὶ
715 1248 812 1300 τοῦ
847 1242 1108 1319 μεγίστου
1137 1239 1540 1318 παρήγγελται,
1568 1241 1732 1296 αὐτοῦ
1790 1245 1892 1297 τοῦ
1941 1248 2101 1302 Θεοῦ,

443 1336 653 1412 [ἰατρὸς
707 1337 895 1408 ἡμῶν,
928 1330 1001 1388 δι’
1031 1332 1092 1388 οὗ
1151 1331 1240 1387 καὶ
1285 1330 1474 1408 γέγονε
1529 1334 1617 1386 καί
1667 1329 1874 1387 ἔστιτά
1904 1333 2102 1404 πάντα,

441 1427 533 1482 καὶ
593 1425 671 1488 εἰς
731 1425 788 1480 ὃν
833 1423 900 1478 τὰ
953 1423 1238 1495 σωζόμενα
1293 1421 1459 1479 πάλιν
1537 1421 1912 1496 ἐπανέρχεται.
1971 1423 2101 1478 Ὑπὸ

435 1513 634 1570 τούτου
661 1512 842 1569 τοίνυν
874 1512 1372 1589 προαγαπηθέντας
1403 1509 1493 1565 καὶ
1549 1514 1648 1565 τοῦ
1699 1511 1948 1584 γενέσθαι
2005 1532 2102 1566 τυ·-

436 1604 638 1680 χόντας
682 1602 793 1678 οὐχ
839 1603 986 1656 δσιον
1042 1599 1242 1657 ἄλλοτι
1291 1595 1660 1676 πρεσϐύτερον
1693 1598 1841 1675 ἄγειν
1875 1599 1964 1655 καὶ
2019 1621 2104 1655 τι-

439 1694 752 1768 μιώτερον·
786 1690 1088 1754 έκτίνοντας
1145 1690 1318 1764 μόνην
1375 1691 1474 1760 τὴν
1539 1689 1701 1766 χάριν
1759 1688 1960 1762 ταύτην
2009 1714 2104 1764 μι-

437 1783 569 1858 κράν
602 1782 691 1837 ἐπὶ
722 1781 1025 1857 μεγίστοις,
1053 1777 1196 1836 ἄλλο
1231 1777 1288 1834 δὲ
1332 1775 1630 1853 μηδοτιοῦν
1675 1775 1903 1855 ἔχοντας
1947 1781 2098 1836 ἀνεν-

2213 621 2469 691 scribat;
2505 629 2560 678 et
2592 642 2707 697 qua
2735 627 2872 682 item
2913 629 3134 685 ratione
3161 631 3314 700 quod
3349 635 3514 686 extra
3532 647 3698 702 spem
3732 631 3854 687 fore

2213 709 2464 776 videtur,
2496 713 2757 785 pignoris
2778 715 2900 772 loco
2933 718 3053 788 fiat,
3085 719 3360 790 quodque
3391 719 3495 774 illa
3535 720 3761 788 nititur,
3795 720 3854 776 in

2215 799 2586 871 adeptionem
2612 808 2832 861 evadat.
2871 807 2963 863 Ait
2993 807 3175 878 igitur
3207 808 3509 880 magister,
3545 810 3858 882 interroga-

2215 890 2336 954 tus,
2368 892 2521 961 quod
2552 893 2628 947 sit
2654 893 2976 951 maximum
2996 897 3426 964 mandatorum,
3451 921 3477 947 «
3507 898 3723 970 Diliges
3748 899 3860 955 Do-

2216 977 2440 1032 minum
2475 980 2658 1036 Deum
2679 999 2746 1038 ex
2776 988 2903 1038 tota
2932 985 3129 1040 anima
3151 990 3269 1050 tua,
3301 989 3357 1040 et
3386 1001 3453 1041 ex
3485 991 3608 1042 tota
3639 987 3857 1043 virtute

2215 1069 2317 1122 tua
2337 1069 2438 1138 (a).
2470 1089 2492 1117 ς
2519 1069 2634 1124 Hoc
2656 1072 2885 1126 nullum
2915 1089 3042 1128 esse
3070 1074 3636 1144 majusmandatum;
3661 1077 3859 1145 etjure

2215 1155 2454 1226 quidem
2488 1160 2710 1230 optimo
2744 1177 2757 1215 :
2793 1178 2926 1216 nam
2961 1171 3014 1217 et
3043 1163 3115 1218 de
3146 1164 3333 1234 primo
3366 1164 3739 1236 maximoque
3771 1165 3860 1220 la-

2215 1247 2342 1300 tum
2379 1249 2716 1305 mandatum
2750 1256 2859 1321 est,
2893 1251 2964 1306 de
2995 1252 3120 1323 ipso
3173 1252 3448 1309 nimirum
3498 1253 3637 1322 Deo,
3692 1255 3858 1311 Patre

2215 1338 2434 1403 nostro,
2470 1354 2572 1408 per
2592 1354 2765 1409 quem
2793 1339 2942 1395 facta
2967 1345 3107 1395 sunt
3127 1345 3304 1412 atque
3328 1341 3618 1398 exsistunt
3635 1341 3855 1409 omnia,

2214 1429 2272 1478 et
2301 1425 2370 1478 ad
2404 1441 2577 1496 quem
2603 1445 2813 1485 rursus
2843 1435 3215 1486 revertuntur
3235 1448 3364 1503 quae
3394 1432 3541 1487 ﬁunt
3569 1432 3749 1487 salva.
3766 1433 3852 1488 Ab

2212 1509 2324 1567 hoc
2357 1513 2538 1586 igitur
2575 1521 2709 1572 ante
2735 1517 2982 1574 dilectos
3030 1523 3087 1574 et
3135 1521 3426 1589 conditos,
3479 1521 3642 1576 nefas
3696 1519 3850 1576 aliud

2214 1602 2446 1672 quidvis
2477 1605 2775 1676 antiquius
2807 1608 3018 1664 ducere
3055 1624 3122 1665 ac
3154 1607 3522 1680 praetentius,
3569 1625 3744 1681 quam
3794 1613 3860 1664 ut

2212 1689 2364 1747 hanc
2395 1693 2681 1750 duntaxat
2708 1698 2978 1768 exiguam
3020 1699 3262 1768 gratiam
3302 1699 3691 1754 maximorum
3726 1715 3852 1755 mu-

2212 1796 2415 1836 nerum
2448 1789 2617 1852 grata
2647 1784 2766 1840 vice
2798 1786 3142 1854 referamus,
3175 1803 3306 1841 cum
3363 1787 3509 1843 nihil
3550 1786 3711 1842 aliud
3755 1804 3855 1843 ex-

439 1871 551 1928 δεεῖ
599 1870 691 1927 καὶ
737 1868 936 1943 τελείῳ
994 1872 1112 1942 Θεῷ
1149 1868 1284 1945 πρὸς
1316 1862 1554 1942 ἀμοιϐὴν
1589 1866 1874 1940 ἐπινοῆσαι
1901 1889 1914 1902 °
1951 1870 2089 1944 αὐτῷ

2209 1870 2452 1940 cogitari
2510 1872 2718 1942 possit,
2768 1875 2921 1944 quod
2981 1874 3205 1930 nullius
3253 1876 3443 1947 egenti
3500 1892 3567 1930 ac
3599 1877 3854 1947 perfecto

442 1959 499 2017 δὶ
541 1965 623 2033 τῷ
672 1959 880 2037 ἀγαπᾷν
930 1959 1023 2014 τὸν
1081 1958 1290 2034 Πατέρα
1341 1956 1416 2018 εἷς
1451 1955 1652 2012 οἴκιίαν
1687 1957 1844 2031 ἰσχὺν
1875 1959 1966 2014 καὶ
2001 1956 2098 2014 δέ-

443 2071 625 2124 ναμιν,
687 2047 1003 2123 ἀφθαρσίαν,
1061 2047 1477 2120 νομιζομένους.
1535 2047 1704 2103 ’Όσον
1752 2047 1860 2121 γὰρ
1919 2048 2100 2123 ἀγαπᾷ

440 2162 525 2203 τις
573 2139 666 2194 τὸν
714 2138 866 2209 Θεὸν,
897 2135 1142 2210 τοσούτῳ
1171 2135 1261 2191 καὶ
1295 2134 1461 2191 πλέον
1494 2133 1758 2211 ἐνδοτέρω
1802 2141 1899 2191 τοῦ
1957 2143 2092 2194 Θεοῦ

437 2225 790 2303 παραδύεται.

506 2405 629 2460 KH'.
678 2403 937 2479 Δευτέραν
983 2400 1040 2458 δὶ
1080 2402 1249 2473 τάξει,
1296 2401 1386 2457 καὶ
1439 2399 1594 2458 οὐδέν
1651 2423 1706 2457 τι
1763 2405 2086 2478 μικροτέραν

429 2492 631 2564 ταύτης
665 2493 798 2549 εἶναι
843 2491 1010 2567 λέγει,
1037 2493 1100 2547 τὸ
1134 2516 1162 2545 ιι
1196 2493 1528 2567 Ἀγαπήσεις
1572 2492 1666 2548 τὸν
1707 2493 1949 2565 πλησίον
1989 2515 2086 2550 σου

433 2584 506 2648 ὡς
536 2581 758 2638 σεαυτόν
796 2601 810 2616 ·
843 2605 872 2634 ››
907 2581 1102 2636 οὐκοῦν
1156 2581 1245 2636 τὸν
1305 2582 1432 2637 Θεὸν
1498 2581 1631 2656 ὁπὶρ
1665 2583 1909 2640 σεαυτόν.
1945 2587 2084 2642 Πυν-

434 2670 733 2744 θανομένου
763 2669 822 2726 δὶ
847 2675 945 2725 τοῦ
1001 2667 1570 2746 προσδιαλεγομένου,
1598 2694 1626 2723 ››
1658 2671 1754 2732 Τίς
1813 2670 1923 2727 ἐστί
1977 2695 2082 2746 μου

428 2759 708 2832 πλησίον;
764 2760 826 2815 οὐ
877 2758 970 2814 τᾶν
1028 2760 1186 2814 αὐτὸν
1234 2759 1440 2834 τρόπον
1499 2756 1783 2824 Ἰουδαίοις
1837 2761 2080 2836 προωρί-

428 2870 558 2906 σατο
607 2849 700 2905 τὸν
750 2849 886 2926 πρὸς
940 2846 1196 2922 α’ίματος,
1229 2845 1359 2903 οὐδὲ
1411 2848 1502 2902 τὸν
1539 2847 1800 2919 πολίτην,
1827 2847 1952 2904 οὐδὲ
1987 2851 2078 2906 τὸν

427 2937 808 3014 προσήλυτον,
842 2935 968 2994 οὐδὲ
1012 2937 1106 2993 τὸν
1153 2935 1365 3011 ὁμοίως
1416 2936 1910 3014 περιτετμημένον,
1952 2937 2082 2995 οὐδὲ

424 3029 519 3083 τὸν
550 3029 628 3084 ἒ.νὶ
657 3028 748 3083 καὶ
772 3027 955 3099 ταύτῷ
981 3027 1138 3101 νόμῳ
1168 3026 1458 3101 χρώμενον
1494 3046 1508 3058 ⁸
1539 3024 1686 3082 ἀλλά
1733 3024 1934 3083 ἄνωθεν
1981 3050 2080 3084 κα-

425 3111 749 3172 ταϐαίνοντα
772 3114 879 3172 ἀπὸ
909 3113 1280 3192 Ἰερουσαλὴμ
1332 3115 1454 3190 ἄγει
1501 3117 1582 3188 τῷ
1633 3112 1784 3192 λόγῳ
1829 3117 1951 3172 τινὰ
2001 3117 2081 3180 εἰς

425 3206 666 3281 Ἱεριχὼ,
698 3205 788 3261 καὶ
806 3209 997 3260 τοῦτον
1033 3201 1299 3260 δείκνυσιν
1333 3204 1437 3260 ὑπὸ
1484 3203 1698 3278 λῃστῶν
1727 3225 2081 3282 συγκεκεντη-

2206 1957 2322 2014 Deo
2355 1960 2594 2030 rependi
2627 1979 2660 2017 a
2691 1962 2859 2018 nobis
2886 1963 3093 2034 possit:
3126 1965 3372 2036 ipsaque
3403 1980 3470 2020 ea
3495 1965 3719 2020 ratione
3735 1982 3854 2037 qua

2204 2046 2435 2103 Patrem
2466 2049 2794 2122 diligimus,
2827 2057 3050 2124 quanta
3079 2053 3267 2108 virtus
3287 2070 3353 2109 ac
3385 2054 3628 2110 facultas
3653 2055 3856 2122 est,in-

2203 2138 2594 2208 corruptionis
2655 2156 2870 2196 munus
2919 2157 3374 2214 consequamur.
3419 2145 3646 2208 Quanto
3692 2144 3851 2200 enim

2201 2225 2301 2297 qui
2334 2226 2590 2298 amplius
2626 2229 2804 2284 Deum
2838 2229 3051 2303 diligit,
3081 2236 3243 2287 tanto
3274 2231 3334 2287 in
3361 2231 3542 2288 Deum
3576 2231 3849 2290 intimius

2198 2313 2367 2385 quasi
2403 2317 2685 2385 pervadit.

2267 2403 2422 2459 843
2454 2405 2716 2463 XXVIII.
2747 2406 3015 2463 Alterum
3047 2413 3246 2464 autem
3279 2408 3506 2476 ordine,
3537 2426 3642 2466 nec
3672 2410 3844 2482 quid-

2195 2505 2372 2561 quam
2399 2494 2591 2565 priore
2623 2495 2823 2551 miuus
2853 2496 2935 2552 ait
2974 2513 3103 2553 esse
3134 2500 3482 2554 mandatum
3517 2516 3529 2553 :
3565 2520 3592 2548 «
3622 2499 3844 2572 Diliges

2196 2581 2524 2650 proximum
2558 2587 2726 2639 tuum
2748 2587 2901 2639 sicut
2917 2586 3170 2658 teipsum
3194 2587 3294 2656 (b).
3320 2609 3348 2636 »
3370 2587 3519 2658 Ergo
3532 2587 3714 2643 Deum
3735 2605 3841 2644 su-

2192 2684 2299 2740 pra
2323 2670 2603 2743 teipsum.
2639 2673 3018 2730 Percontante
3058 2684 3250 2730 autem
3303 2693 3392 2743 eo,
3447 2693 3702 2748 quocum
3754 2677 3840 2732 illi

2191 2773 2381 2814 sermo
2407 2775 2418 2814 :
2449 2782 2475 2809 «
2495 2761 2706 2833 thuis
2727 2767 2816 2817 est
2839 2779 3004 2820 meus
3031 2764 3470 2837 proximus(c)?»
3495 2783 3608 2822 non
3632 2767 3839 2823 eodem

2193 2849 2385 2918 modo,
2410 2866 2525 2919 quo
2562 2850 2772 2916 Judaei,
2803 2851 3068 2908 definivit
3099 2853 3456 2924 proximum,
3487 2855 3543 2910 id
3577 2859 3666 2910 est
3697 2871 3840 2911 con-

2190 2937 2562 3007 sanguinem,
2595 2937 2802 3004 civem,
2849 2940 3233 3014 proselytum,
3263 2948 3365 2996 aut
3422 2942 3522 3013 qui
3565 2943 3840 2998 similiter

2189 3023 2574 3082 circumcisus
2604 3027 2683 3082 sit
2706 3028 2794 3084 vel
2829 3046 2946 3084 una
2967 3031 3288 3101 eademque
3319 3030 3445 3102 lege
3475 3031 3700 3101 utitur;
3735 3033 3837 3088 sed

2189 3111 2486 3169 hominem
2516 3115 2764 3185 inducit,
2796 3117 2896 3189 qui
2931 3117 3130 3190 procul
3149 3121 3221 3175 ab
3240 3120 3568 3176 Jerusalem
3593 3121 3838 3176 descen-

2189 3202 2368 3258 datin
2399 3203 2634 3261 Jericho
2660 3223 2671 3261 :
2699 3206 2973 3278 huncque
3003 3209 3316 3265 ostendita
3345 3209 3674 3266 latronibus
3696 3227 3836 3268 con-

429 3277 615 3366 μένον,
647 3291 976 3371 ἐρριμμένον
1011 3292 1288 3366 ἡμίθνητα
1316 3291 1403 3347 ἐπὶ
1431 3277 1538 3358 τῆς
1570 3289 1720 3362 ὁδοῦ,
1746 3277 1850 3350 ὑπὸ
1889 3277 2079 3368 ἱερέως

2202 3289 2438 3360 l'ossum,
2475 3295 2798 3364 projectum
2831 3296 3176 3352 semivivum
3206 3297 3265 3353 in
3299 3300 3386 3353 via
3412 3319 3426 3368 ;
3451 3315 3627 3370 quem
3651 3315 3841 3354 sacer-

423 3381 886 3459 παροδευόμενον,
934 3384 1040 3439 ὑπὸ
1096 3379 1324 3439 Λευΐτου
1379 3383 1799 3459 παρορώμενον,
1857 3385 1962 3440 ὑπὸ
2021 3383 2084 3441 δὶ

421 3477 521 3529 τοῦ
552 3473 871 3550 Σαμαρίτου
915 3476 1014 3528 τοῦ
1056 3469 1507 3546 έξωνειδισμένου
1556 3474 1646 3527 καὶ
1700 3471 2086 3550 ἀφωρισμένου

423 3559 852 3636 κατελεούμενον
884 3582 896 3597 ³
928 3563 989 3625 ’ὸς
1023 3561 1154 3637 οὐχὶ
1185 3562 1324 3616 κατά
1350 3560 1552 3636 τύχην,
1581 3561 1658 3623 ὡς
1708 3561 1904 3617 ἐκεῖνοι
1943 3584 2083 3639 παρ-

424 3653 620 3723 ῆλθον,
679 3649 810 3706 ἀλλ’
865 3655 995 3721 ἧκεν
1077 3649 1467 3721 ἐσκευασμένος
1526 3651 1602 3706 ὧν
1665 3651 1694 3705 ὁ
1755 3649 2084 3709 κινδυνεύων

425 3739 619 3800 ἐδεῖτο.
671 3742 810 3812 οἷον,
865 3739 1070 3807 ἔλαιον,
1101 3737 1451 3814 ἐπιδὲσμους,
1480 3746 1706 3810 κτῆνος,
1759 3742 1950 3814 μισθὸν
2001 3748 2082 3816 τῷ

423 3828 822 3907 πανδοχεῖ,τὸν
859 3831 954 3903 μὲν
982 3827 1092 3900 ἤδη
1125 3827 1538 3903 διδόμενον,τὸν
1555 3826 1613 3884 δὶ
1641 3831 2082 3908 προσυπισχνούο

427 3941 603 3994 μενον.
654 3944 682 3972 ‹‹
733 3919 856 3990 Τίς,
897 3916 1023 3996 ἔφη,
1067 3919 1276 3976 τούτων
1333 3918 1516 3996 γέγονε
1588 3918 1826 3990 πλησίον
1884 3925 1963 3993 τῷ
2011 3924 2080 3977 τὰ

423 4006 569 4065 δεινά
605 4008 870 4081 παθόντις
923 4033 952 4061 ››
1001 4011 1110 4067 Τοῦ
1159 4006 1216 4064 δέ
1282 4007 1740 4084 ἀποκρινομένου,
1785 4032 1815 4061 ιι
1861 4011 1924 4066 Ὀ
1981 4009 2074 4066 τὸν

418 4097 572 4156 ἔλεον
603 4100 742 4174 πρὸς
785 4098 946 4155 αὐτὸν
994 4096 1399 4172 ἐπιδειξάμενος
1433 4117 1446 4131 ⁸
1477 4099 1573 4154 Καὶ
1625 4098 1689 4152 σὺ
1739 4098 1944 4172 τοίνυν,
1976 4120 2078 4155 που

419 4188 648 4264 ρευθεὶς,
682 4189 826 4245 οὕτω
858 4188 1029 4262 ποίει,
1065 4212 1094 4240 η
1125 4189 1201 4251 ὡς
1247 4194 1348 4259 τῆς
1395 4186 1636 4264 ἀγάπηςξ-
1663 4188 2076 4264 βλαστανούσης

417 4277 571 4334 εύποι
582 4278 681 4336 ίαν.

488 4369 610 4425 ΚΘ’.
644 4368 734 4425 Ἐν
770 4367 1101 4444 ἀμφοτέραις
1135 4365 1230 4440 μὲν
1260 4364 1350 4421 οὖν
1402 4371 1522 4430 ταῖς
1563 4365 1816 4430 ἐντολαῖς
1854 4367 2073 4443 ἀγάπην

416 4455 717 4532 εἰσηγεῖται
752 4475 764 4491 ’
796 4456 940 4528 τάξει
973 4453 1020 4511 δ’
1046 4455 1213 4526 αὐτὴν
1247 4451 1499 4530 διῄρηκε.
1530 4457 1629 4512 Καὶ
1675 4455 1813 4512 ὅπου
1861 4458 1957 4531 μὲν
2006 4457 2072 4512 τὰ

2197 3380 2303 3435 dos
2337 3385 2662 3451 praetereat,
2685 3382 2889 3440 levites
2911 3385 3232 3458 despiciat;
3263 3387 3674 3444 Samaritanus
3704 3404 3837 3444 vero

2193 3469 2452 3541 (spretus
2475 3471 2570 3526 ille
2589 3488 2654 3527 ac
2673 3474 3038 3545 segregatus)
3072 3475 3478 3531 misericordia
3499 3475 3794 3547 impertiat
3821 3492 3833 3531 :

2191 3559 2350 3615 venit
2369 3567 2563 3616 autem
2598 3578 2714 3616 non
2730 3579 2866 3617 casu
2902 3567 2967 3618 ut
2988 3562 3073 3617 illi
3097 3580 3269 3619 secus
3294 3565 3484 3620 locum
3511 3566 3834 3636 transiens,

2191 3649 2292 3704 sed
2319 3647 2435 3704 illis
2456 3649 2784 3706 instructus
2807 3669 2934 3722 quae
2963 3651 3044 3706 sic
3074 3653 3331 3708 versanti
3374 3653 3434 3708 in
3477 3653 3736 3725 periculo
3768 3670 3836 3710 ac

2189 3737 2480 3794 laboranti
2515 3755 2663 3810 opus
2694 3748 2881 3807 erant,
2913 3750 3054 3813 puta
3074 3740 3833 3814 oleo,alligaturis,jumen-

2189 3832 2246 3883 to
2267 3852 2283 3896 ;
2304 3828 2400 3899 qui
2421 3829 2749 3885 mercedem
2773 3829 3091 3886 stabulario
3114 3831 3326 3902 partim
3359 3831 3601 3898 tribuat,
3619 3832 3833 3904 partim

2187 3933 2249 3973 se
2280 3917 2558 3973 daturum
2594 3919 2956 3990 polliceatur.
2987 3943 3006 3968 α
3035 3921 3176 3986 Quis
3212 3919 3446 3990 horum,
3475 3920 3692 3992 inquit,
3724 3920 3836 3976 fuit

2187 4005 2486 4078 proximus
2517 4008 2667 4078 ejus,
2703 4008 2800 4078 qui
2835 4008 2964 4064 dira
3002 4025 3216 4081 passus
3249 4008 3382 4065 est?
3415 4031 3442 4058 »
3475 4009 3697 4082 Illoque
3739 4025 3831 4065 re-

2183 4096 2526 4167 spondente.
2558 4119 2585 4146 «
2621 4097 2729 4160 Qui
2764 4097 2896 4152 fecit
2925 4097 3388 4153 misericordiam
3433 4098 3490 4153 in
3539 4097 3730 4163 illum,
3765 4098 3832 4154 Et

2182 4187 2270 4252 tu,
2305 4184 2520 4256 inquit,
2551 4187 2719 4254 vade,
2751 4190 2807 4240 et
2831 4185 2919 4239 fac
2950 4185 3223 4241 similiter
3241 4186 3345 4256 (d);
3373 4207 3399 4234 η
3432 4187 3589 4257 quod
3623 4185 3825 4242 videli-

2181 4279 2273 4330 cet
2301 4273 2561 4331 charitas
2585 4273 2981 4330 beneﬁcentiae
3013 4289 3227 4345 parens
3256 4274 3353 4329 sit.

2250 4362 2441 4419 XXIX.
2475 4364 2541 4419 In
2574 4368 2825 4434 utroque
2843 4361 3022 4432 igitur
3042 4363 3320 4418 mandato
3352 4361 3700 4420 charitatem
3715 4364 3817 4420 do-

2179 4456 2455 4508 cumento
2486 4451 2684 4522 tradit,
2712 4451 2916 4507 ordine
2949 4455 3144 4507 tamen
3167 4450 3339 4507 ambo
3371 4450 3492 4507 haec
3513 4452 3818 4509 distinxit:

413 4549 658 4621 πρωτεῖα
712 4551 812 4617 τῆς
869 4545 1087 4621 ἀγάπης
1134 4544 1358 4598 ἀνάπτει
1416 4549 1494 4616 τῷ
1546 4548 1681 4617 Θεῷ,
1713 4543 1851 4600 ὅπου
1892 4543 1948 4600 δὲ
2002 4545 2070 4600 τὰ

2202 4539 2831 4613 η’ἰωοείιυοοὴαι-ἱιιιιίε
2855 4546 3050 4611 partes
3077 4539 3194 4595 Deo
3225 4540 3489 4612 ascribit,
3524 4543 3818 4597 secundas

414 4631 689 4711 δευτερεῖα
739 4635 891 4707 νέμει
944 4637 1022 4707 τῷ
1084 4633 1340 4705 πλησίον.
1382 4633 1482 4695 Τίς
1543 4631 1589 4688 δ’
1637 4631 1698 4688 ἂν
1758 4632 1930 4698 ἀλλος
1980 4632 2061 4704 εἷή

2202 4646 2310 4686 ⁷6Γο
2343 4629 2608 4703 proximo
2644 4627 2870 4683 tribuit.
2899 4627 3040 4693 Quis
3071 4645 3206 4684 vero
3229 4628 3388 4685 alius
3437 4629 3612 4685 fuerit
3643 4645 3824 4702 quam

412 4721 560 4794 πλὴν
611 4722 773 4786 αὐτὸς
803 4725 832 4778 6
866 4725 1102 4799 Σωτήρ;
1136 4721 1171 4793 ἢ
1230 4722 1311 4785 τίς
1374 4721 1587 4797 μᾶλλον
1627 4725 1776 4796 ἡμᾶς
1835 4721 2065 4794 ἐλεήσας

2202 4736 2304 4792 pse
2332 4719 2644 4774 Salvator?
2674 4722 2775 4774 aut
2799 4715 2932 4790 quis
2965 4716 3065 4772 illo
3097 4718 3379 4789 majorem
3399 4719 3568 4776 nobis
3592 4718 3826 4775 miseri-

411 4811 640 4885 ἐκείνου,
669 4811 799 4875 τοὺς
850 4811 953 4868 ὑπὸ
999 4817 1106 4867 τῶν
1160 4813 1623 4888 κοσμοκρατόρων
1682 4815 1780 4869 τοῦ
1839 4812 2066 4876 σκότους

2202 4809 2435 4864 :ordiam
2462 4807 2846 4879 *impendit,
2871 4823 2904 4862 a
2929 4807 3134 4862 mundi
3157 4807 3379 4863 scilicet
3400 4807 3723 4863 rectoribus
3745 4810 3831 4862 te.

411 4903 608 4980 ὀλίγου
654 4900 1134 4975 τεθανατωμένους
1181 4907 1299 4964 τοῖς
1349 4899 1586 4964 πολλοῖς
1631 4903 1924 4978 τραύμασι,
1968 4901 2069 4981 φό-

2202 4899 2494 4953 iebrarum
2528 4897 2622 4952 vix
2669 4913 2783 4952 non
2839 4895 3043 4951 multis
3081 4895 3446 4964 vulneribus,
3479 4894 3825 4965 terroribus,

408 4989 548 5061 ϐοις,
600 4991 934 5067 ἐπιθυμίαις,
970 4991 1181 5066 ὀργαῖς,
1225 4989 1449 5062 λύπαις,
1500 4991 1756 5060 ἀπάταις,
1802 4989 2066 5063 ἡδοναῖςς

2202 4988 2301 5044 Iesi
2321 4987 2508 5052 leriis,
2532 4985 2852 5054 furoribus,
2895 4984 3268 5052 mmroribus,
3300 4984 3632 5052 fraudibus,
3651 4981 3822 5038 volu-

407 5080 634 5141 Τούτων
667 5074 864 5136 δὲ’τῶν
894 5080 1222 5157 τραυμάτων
1279 5081 1446 5152 μόνος
1499 5079 1688 5157 ἲατρὸς
1716 5081 1948 5153 Ἰησοῦς,
1982 5081 2069 5138 έκ-

2202 5077 2444 5133 )tatihus
2493 5075 2754 5132 enecatis
2805 5079 2984 5146 atque
3013 5073 3361 5130 exstinctis?
3391 5077 3611 5129 Horum
3649 5087 3822 5144 porro

402 5171 622 5228 κόπτων
683 5166 853 5245 ἄρδην
903 5169 974 5225 τὰ
1001 5167 1145 5240 πάθη
1198 5168 1467 5246 πρόρῥιζα
1501 5187 1514 5200 °
1544 5169 1654 5246 οὐχ
1701 5169 1882 5246 ὥσπερ
1916 5169 1943 5226 ὁ
1973 5171 2070 5225 νό..

2202 5167 2486 5223 νυιηοιιιιῐο
2520 5165 2781 5222 medicus
2810 5165 2973 5219 solus
3027 5165 3114 5222 est
3171 5171 3364 5235 Jesus,
3405 5182 3505 5238 qui
3542 5165 3827 5226 radicitus

403 5281 509 5335 μσς
541 5257 681 5335 ψιλὰ
707 5258 776 5314 τὰ
801 5256 1238 5330 ἀποτελέσματα,
1268 5258 1396 5320 τοὺς
1444 5257 1685 5334 καρποὺς
1731 5261 1840 5313 τῶν
1892 5280 2071 5331 πονη-

2202 5259 2320 5313 ritia
2352 5275 2593 5329 prorsus
2613 5259 2940 5326 exscindat,
2961 5275 3072 5314 non
3117 5257 3268 5314 sicut
3302 5255 3393 5312 lex
3433 5255 3592 5311 nuda
3620 5254 3827 5312 eil'ecta

405 5354 514 5428 ρῶν
570 5351 779 5425 φυτῶν,
811 5345 958 5402 ἀλλά
1003 5347 1104 5417 τὴν
1159 5345 1342 5419 ἀξίνην
1391 5348 1494 5417 τὴν
1547 5344 1739 5402 ἑαυτοῦ
1787 5348 1924 5421 πρὸς
1978 5347 2072 5412 τὰς

2208 5365 2516 5421 pravarum
2548 5351 2775 5404 fructus
2805 5345 3188 5418 plantarum),
3221 5347 3322 5401 sed
3363 5345 3463 5415 qui
3495 5345 3622 5414 ipse
3653 5361 3826 5400 suam

404 5439 558 5517 ῥίζας
587 5444 688 5508 τῆς
709 5435 906 5500 κακίας
931 5434 1314 5512 προσαγαγών.
1349 5436 1518 5499 Οὗτος
1552 5437 1581 5491 6
1610 5437 1707 5492 τὸν
1756 5435 1903 5492 οἶνον
1954 5428 2072 5512 (31)

2202 5438 2434 5496 Iecurim
2467 5436 2704 5494 malitiae
2736 5435 3033 5492 radicibus
3062 5435 3405 5490 admoverit.
3447 5432 3551 5489 Hic
3576 5437 3685 5503 est,
3718 5433 3822 5505 qui

401 5557 630 5687 36,135.
661 5556 768 5612 91.2
795 5555 907 5610 ac.
943 5551 1246 5609 POTTER.
1357 5554 1437 5626 (α)
1467 5553 1668 5612 man.
1699 5570 1804 5625 xu,
1833 5554 1924 5623 se,
1955 5554 2048 5626 37,
2081 5555 2089 5608 :

2285 5555 2362 5628 (b)
2397 5553 2605 5612 Matth.
2636 5569 2775 5623 χιιι,
2805 5552 2895 5608 39.
3009 5552 3080 5626 (c)
3110 5549 3246 5607 Luc.
3275 5568 3332 5622 x,
3358 5551 3450 5606 29.
3562 5549 3641 5624 (ἆ)
3671 5549 3821 5608 Ibid.

478 5657 620 5689 ὀσὸ

477 5746 590 5820 (31)
619 5745 797 5802 Οἶνον.
829 5741 1091 5816 Respicit
1120 5739 1239 5798 Luc
1267 5756 1325 5811 x,
1356 5739 1447 5799 34.
