4124 6404
252 435 362 493 635

1477 430 1891 492 assumus
1931 430 2435 491 Αιωιεωιιικι

3565 432 3677 489 636

254 561 458 619 vinum
482 559 855 635 (sanguinem
885 559 1021 616 vitis
1067 556 1380 629 Davidicaa)
1426 558 1648 616 sanctis
1686 557 1911 614 anima-

2032 555 2109 630 [τὸ
2151 558 2290 631 αἷμα
2316 565 2417 631 τῆς
2447 560 2701 634 ἀμπιλου
2740 566 2844 632 τῆς
2892 555 3083 631 Δαόὶδ)
3128 558 3321 637 ἐκχὶας
3370 560 3534 632 ἡμῶν
3583 558 3674 614 ἐπί

259 654 375 709 bus
396 651 741 724 infudil;qui
773 667 842 707 ex
871 648 1196 706 visceribus
1225 648 1481 721 Spiritus
1513 648 1708 706 oleum
1738 647 1912 703 adhi-

259 742 411 808 buit,
442 739 978 810 abundantiorique
1004 737 1273 808 largitate
1301 737 1530 794 tribuit.
1565 738 1666 793 llic
1694 740 1785 793 est
1808 734 1912 807 qui

261 830 533 887 sanitatis
564 828 892 899 salutisque
918 827 1287 900 alligaturus,
1310 827 1682 895 cbaritatem,
1712 826 1909 893 ﬁdem,

263 935 428 992 spem
482 914 830 973 insolubiles
860 916 1071 973 effecit.
1125 916 1228 973 Hic
1284 921 1375 972 est
1430 916 1531 990 qui
1575 915 1815 985 angelos
1858 919 1916 969 et

265 1007 633 1081 principatus
662 1012 720 1061 et
745 1009 1090 1077 potestates,
1126 1011 1191 1061 ut
1222 1006 1392 1062 nobis
1424 1004 1759 1062 ministerio
1791 1003 1915 1058 fun-

264 1102 499 1170 gantur,
533 1096 644 1151 sub
676 1111 890 1168 magna
923 1095 1191 1151 mercede
1220 1095 1494 1166 subjecit;
1547 1109 1683 1150 nam
1710 1098 1768 1149 et
1799 1092 1913 1165 ipsi

265 1185 681 1241 liberabuntur
710 1200 744 1239 a
777 1184 981 1239 mundi
1015 1183 1269 1241 vanitate
1300 1186 1360 1239 in
1407 1184 1755 1239 revelatione
1785 1182 1915 1256 glo-

268 1275 364 1331 ria:
395 1275 648 1329 filiorum
684 1274 799 1329 Dei.
835 1273 1001 1329 Hunc
1029 1273 1215 1347 igitur
1268 1289 1432 1346 eque
1461 1271 1700 1345 diligere
1743 1288 1915 1340 opor-

267 1369 351 1421 tet
381 1380 448 1419 ac
506 1363 693 1420 Deum
729 1378 745 1419 :
776 1362 969 1436 diligit
1009 1367 1206 1419 autem
1255 1361 1577 1431 Christum,
1630 1363 1731 1434 qui
1776 1361 1919 1419 facit

265 1455 396 1524 ejus
426 1450 813 1517 voluntatem,
846 1460 1155 1524 servatque
1186 1450 1348 1508 illius
1390 1453 1687 1508 mandata.
1728 1473 1758 1502 ιι
1791 1451 1915 1508 Non

264 1542 422 1599 enim
456 1540 652 1597 omnis
684 1540 782 1612 qui
815 1541 961 1596 dicit
989 1539 1139 1596 mihi
1175 1555 1190 1595 :
1224 1542 1489 1612 Domine,
1520 1540 1790 1609 Domine,
1824 1541 1915 1597 in-

265 1631 447 1687 trabit
477 1630 536 1685 in
570 1645 815 1701 regnum
847 1628 1147 1698 caelorum,
1183 1630 1282 1686 sed
1332 1630 1432 1703 qui
1486 1631 1624 1687 facit
1646 1631 1917 1687 volunta-

269 1726 386 1776 tem
418 1718 608 1776 Patris
660 1719 774 1776 mei
796 1719 895 1791 (α).
932 1740 959 1769 »
991 1720 1057 1776 Et
1088 1736 1101 1775 :
1140 1741 1169 1771 «ι
1216 1720 1365 1787 Quid
1410 1735 1502 1775 me
1544 1720 1768 1786 dicitis,
1803 1725 1916 1776 D0-

274 1809 453 1876 mine,
487 1808 759 1873 Domine,
820 1813 879 1864 et
941 1824 1056 1865 non
1117 1808 1309 1865 facilis
1338 1826 1467 1881 qua
1497 1809 1629 1866 dico
1653 1809 1765 1880 (b)?
1794 1809 1867 1865 Et
1900 1826 1914 1865 :

2018 645 2114 709 τὰς
2141 651 2485 724 τετρωμένας
2530 651 2735 727 ψυχὰς,
2762 651 2791 707 6
2825 650 2890 707 τὸ
2938 649 2998 706 ἐκ
3043 650 3380 725 σπλάγχνων
3423 646 3676 724 Πνεόμα-

2018 756 2113 799 τος
2188 734 2375 794 ἔλαιον
2461 740 2841 815 προσενεγκὼν
2876 786 2892 813 ,
2951 738 3044 794 καὶ
3095 734 3624 812 ἐπιδαψιλευόμενος
3658 755 3673 770 ⁸

2022 825 2182 889 οὗτος
2212 828 2241 882 6
2270 826 2399 893 τοὺς
2424 834 2526 899 τῆς
2560 828 2737 906 ὑγείας
2785 828 2877 885 καὶ
2930 827 3205 905 σωτηρίας
3254 823 3491 900 δεσμοὺς
3539 824 3673 883 ἀλό-

2020 934 2147 977 τους
2178 912 2469 988 ἰπιδείξας,
2501 917 2741 993 ἀγάπην,
2773 916 2973 987 πίστιν,
3008 914 3206 973 ἐλπίδα
3233 935 3246 949 ·
3283 915 3441 980 οὗτος
3474 916 3503 971 6
3553 913 3680 971 δια-

2022 1009 2201 1060 κονεῖν
2233 1004 2500 1082 ἀγγέλους
2527 1005 2619 1061 καὶ
2661 1005 2837 1081 ἀρχὰς
2866 1005 2958 1061 καὶ
2989 1004 3233 1080 ἰξουσίας
3277 1006 3415 1079 ἡμῖν
3471 1002 3677 1060 ὑποτά-

2024 1094 2116 1166 ξας
2146 1091 2235 1148 ἐπὶ
2269 1092 2492 1171 μεγάλῳ
2527 1099 2707 1170 μισθῷ
2737 1112 2751 1128 ο
2782 1092 2919 1151 διότι
2960 1093 3049 1150 καὶ
3099 1093 3256 1150 αὐτοὶ
3304 1091 3679 1169 ἐλευθερωθή-

2025 1202 2209 1237 σονται
2252 1182 2359 1238 ἀπὸ
2403 1190 2506 1255 τῆς
2556 1182 2923 1258 ματαιότητος
2971 1186 3067 1239 τοῦ
3112 1182 3327 1258 κόσμου
3372 1181 3520 1258 παρὰ
3573 1181 3677 1251 τὴν

2026 1269 2370 1347 ἀποκάλυψιν
2407 1280 2510 1344 τῆς
2554 1270 2718 1346 δόξης
2768 1277 2878 1329 τῶν
2934 1273 3067 1328 υἱῶν
3113 1275 3213 1329 τοῦ
3260 1274 3416 1329 Θεοῦ.
3461 1272 3675 1329 Τοῦτον

2026 1358 2118 1415 οὗν
2151 1361 2360 1437 ἀγαπᾷν
2395 1360 2484 1418 ἴσα
2524 1364 2638 1439 ’χρή
2670 1366 2751 1435 τῷ
2779 1366 2898 1435 Θεῷ
2929 1381 2943 1396 ·
2974 1361 3156 1437 ἀγαπᾷ
3197 1358 3257 1417 δὶ
3303 1359 3539 1436 Χριστὸν
3566 1360 3679 1431 Ἰη-

2026 1455 2152 1506 σοῦν
2186 1452 2215 1507 6
2245 1451 2306 1507 τὸ
2333 1450 2551 1527 θέλημα
2594 1452 2761 1509 αὐτοῦ
2806 1457 2981 1508 ποιῶν
3031 1450 3124 1508 καὶ
3168 1448 3463 1531 φυλάσσων
3512 1448 3679 1505 αὐτοῦ

2023 1538 2119 1602 τὰς
2159 1538 2409 1605 ἐντολάς.
2443 1565 2471 1594 ‹‹
2519 1541 2597 1599 Οὐ
2644 1543 2745 1617 γὰρ
2793 1547 2900 1606 πᾶς
2923 1542 2952 1597 6
2984 1539 3161 1618 λέγων
3198 1560 3315 1615 μοι,
3348 1538 3535 1615 Κύριε,
3568 1537 3678 1594 K6-

2026 1649 2132 1703 ριε,
2191 1629 2551 1688 εἰσελεύσεται
2606 1632 2684 1694 εἷς
2737 1631 2840 1701 τήν
2901 1629 3181 1707 βασιλείαν
3235 1634 3347 1685 τῶν
3405 1627 3677 1706 οὐρανῶν,

2025 1716 2155 1775 ἀλλ’
2184 1720 2214 1775 6
2245 1724 2420 1776 ποιῶν
2446 1723 2509 1776 τὸ
2536 1720 2757 1794 θελημα
2784 1724 2882 1776 τοῦ
2904 1719 3117 1797 Πατρός
3151 1740 3275 1793 μου.
3310 1742 3339 1773 »
3374 1716 3480 1776 Καί
3507 1736 3521 1750 ’
3562 1738 3585 1767 ι
3615 1714 3679 1770 Τί

2030 1827 2098 1881 με
2145 1806 2348 1884 λέγετε,
2400 1809 2587 1887 Κύριε,
2640 1809 2834 1887 Κύριε,
2876 1810 2965 1865 καὶ
3002 1808 3063 1866 06
3097 1813 3309 1864 ποιεῖτε
3358 1806 3395 1862 ’ἀ
3423 1806 3612 1883 λεγως
3648 1828 3678 1857 ›»

270 1897 389 1954 Vos
418 1897 573 1953 beati
604 1897 702 1969 qui
737 1897 947 1953 videtis
977 1902 1036 1953 et
1066 1898 1308 1966 auditis,
1338 1914 1469 1971 quae
1491 1899 1783 1971 necjusti,
1810 1916 1917 1956 nec

2032 1896 2178 1952 Καί·
2212 1919 2241 1953 α
2289 1898 2472 1973 Ὑμεῖς
2522 1900 2783 1976 μακάριοι
2837 1899 2889 1954 οἳ
2937 1900 3172 1973 ὁρῶντες
3222 1895 3312 1953 οιαὶ
3364 1894 3679 1993 ἀκούοντεςέ

273 1986 571 2062 propheta
625 1987 904 2044 viderunt
948 1987 1056 2061 (c);
1118 2010 1146 2037 ››

270 2094 339 2134 ea
369 2093 498 2149 quae
529 2076 681 2132 dico.

339 2255 749 2311 XXX.Primus
782 2254 967 2327 igitur
997 2253 1093 2311 hic
1118 2259 1227 2322 est,
1261 2255 1361 2328 qui
1379 2255 1681 2315 Christum
1706 2255 1919 2330 diligit;

274 2344 575 2401 secundus
624 2344 744 2413 ille,
790 2344 889 2416 qui
939 2344 1070 2415 ejus
1121 2343 1324 2401 ﬁdeles
1371 2344 1579 2400 honori
1629 2345 1807 2401 habet
1854 2361 1920 2401 ac

275 2433 415 2490 colit
467 2432 629 2497 Quod
664 2432 820 2488 enim
865 2433 922 2487 in
956 2431 1315 2504 discipulum
1345 2434 1444 2505 qui
1478 2433 1684 2504 egerit,
1718 2433 1827 2490 hoc
1859 2433 1920 2489 in

270 2538 335 2580 se
387 2522 670 2578 Dominus
702 2522 921 2576 factum
955 2521 1184 2593 accipit,
1217 2537 1284 2577 ac
1314 2522 1603 2596 quidquid
1638 2521 1781 2580 illud
1832 2527 1923 2579 est

271 2610 384 2667 sibi
409 2609 671 2666 ascribit.
703 2632 732 2660 ‹‹
762 2608 988 2675 Venite,
1013 2609 1324 2678 benedicti,
1354 2611 1546 2667 Patris
1568 2611 1705 2680 mei,
1738 2612 1922 2685 possi-

272 2700 406 2756 dete
439 2703 707 2770 paratum
732 2698 898 2755 vobis
925 2714 1173 2771 regnum
1198 2716 1232 2755 a
1249 2700 1667 2758 constitutione
1688 2702 1919 2760 mundi.

273 2788 502 2845 Esurivi
534 2787 718 2855 enim,
753 2793 810 2843 et
843 2787 1093 2845 dedistis
1123 2787 1268 2845 mihi
1302 2791 1689 2861 manducare;
1738 2791 1918 2862 sitivi,

272 2883 332 2934 et
364 2876 612 2932 dedistis
644 2876 790 2932 mihi
828 2877 1056 2946 bibere;
1115 2877 1330 2951 hospes
1350 2895 1533 2948 eram,
1564 2885 1621 2935 et
1648 2880 1921 2954 collegis-

269 2964 349 3021 tis
381 2981 505 3028 me;
528 2966 807 3034 nudus,et
834 2966 1188 3039 cooperuitis
1219 2984 1345 3037 me;
1380 2968 1674 3038 infirmus,
1706 2975 1764 3027 et
1790 2971 1923 3028 visi-

278 3054 451 3111 tastis
476 3071 567 3110 me
591 3071 604 3122 ;
638 3056 697 3110 in
730 3070 958 3111 carcere
989 3061 1236 3123 eram,et
1265 3057 1509 3115 venistis
1527 3059 1597 3114 ad
1624 3075 1734 3116 me.
1760 3061 1923 3117 Tunc

273 3143 716 3216 respondebunt
758 3144 809 3200 ei
840 3145 1012 3215 justi,
1042 3145 1305 3203 dicentes
1329 3163 1342 3203 :
1367 3146 1635 3219 Domine,
1685 3151 1921 3222 quando

271 3238 329 3289 te
358 3232 613 3289 vidimus
643 3232 1022 3298 esurientem,
1044 3240 1101 3290 et
1124 3235 1393 3306 pavimus
1416 3241 1491 3307 te;
1512 3242 1566 3292 et
1598 3237 1919 3309 sitientem,

272 3326 330 3377 et
352 3320 626 3378 dedimus
674 3322 781 3377 tibi
832 3322 1085 3395 potum?
1140 3325 1383 3388 Quando
1432 3332 1630 3382 autem
1660 3327 1920 3385 vidimus

280 3410 600 3482 hospitem,
632 3415 687 3467 et
724 3410 1120 3485 collegimus?
1147 3418 1205 3469 et
1246 3413 1498 3485 nudum,
1531 3420 1589 3470 et
1607 3415 1921 3487 cooperui-

272 3515 412 3555 mus
432 3497 460 3555 *ἲ
482 3504 583 3555 aut
603 3500 841 3571 quando
870 3500 1200 3557 tevidimus
1221 3499 1552 3571 infirmum,
1572 3507 1631 3558 et
1657 3503 1922 3560 visitavi-

276 3586 452 3643 mus?
480 3592 584 3642 aut
613 3587 671 3642 in
707 3602 957 3656 carcere,
980 3591 1037 3644 et
1067 3587 1333 3646 venimus
1359 3590 1430 3645 ad
1457 3593 1551 3647 te?
1578 3592 1649 3647 Et
1676 3609 1920 3664 respon-

273 3677 420 3731 dens
452 3692 552 3732 rex
581 3675 735 3731 dicet
764 3675 920 3731 illis:
947 3680 1131 3731 Amen
1165 3676 1294 3733 dico
1326 3677 1511 3745 vobis,
1545 3681 1807 3751 quandiu
1841 3681 1922 3737 fe-

277 3764 445 3821 cistis
461 3764 560 3819 uni
594 3780 662 3820 ex
692 3762 784 3819 his
814 3763 1094 3820 fratribus
1127 3765 1274 3822 meis
1306 3767 1592 3838 minimis,
1617 3768 1761 3824 mihi
1785 3769 1920 3827 feci-

271 3854 402 3909 stis.
442 3874 470 3902 »
505 3852 728 3908 Rursus
756 3868 891 3909 vero
921 3869 951 3908 e
983 3855 1298 3924 contrario,
1324 3857 1394 3913 ad
1412 3873 1510 3914 eos
1532 3858 1637 3930 qui
1665 3859 1922 3931 hacnon

273 3941 652 4015 prmbuerunt
674 3958 687 3997 :
709 3963 739 3993 ‹‹
762 3944 945 3998 Amen
974 3942 1101 4000 dico
1126 3944 1310 4016 vobis,
1345 3947 1607 4019 quandiu
1644 3965 1760 4004 non
1787 3948 1923 4005 feci-

274 4031 385 4086 stis
417 4028 519 4086 uni
548 4046 617 4086 ex
648 4029 741 4087 bis
774 4031 1058 4098 minimis,
1094 4049 1199 4090 nec
1233 4035 1377 4090 mihi
1404 4035 1729 4111 fecistis(d).
1750 4059 1778 4088 »
1798 4037 1925 4095 Alio

273 4118 414 4175 item
441 4116 787 4187 loco:«Qui
810 4136 914 4177 vos
946 4121 1172 4195 recipit,
1225 4139 1318 4181 me
1371 4125 1610 4199 recipit;
1668 4127 1771 4200 qui
1822 4143 1927 4185 vos

277 4225 392 4266 non
416 4207 643 4281 recipit,
678 4225 772 4265 me
801 4210 1027 4283 spernit
1047 4212 1137 4284 (ε).
1164 4234 1192 4262 ››

347 4386 542 4443 XXXI.
568 4387 683 4444 Hos
711 4393 881 4445 vocat
905 4393 964 4445 et
992 4389 1147 4448 filios
1172 4396 1229 4447 et
1263 4408 1477 4464 pueros
1500 4396 1559 4450 et
1588 4392 1844 4450 infantes
1873 4398 1932 4450 et

277 4476 585 4553 amicos,et
606 4476 947 4549 parvulosin
968 4481 1470 4551 pmsenti,sicum
1485 4481 1929 4540 futuraillorum

279 4565 338 4620 in
373 4563 533 4621 ccelis
559 4567 965 4638 magnitudine
996 4569 1390 4627 conferantur.
1425 4592 1453 4621 ‹‹
1477 4570 1560 4627 Ns
1592 4577 1931 4629 contemna-

1210 1989 1380 2044 modo
1432 1994 1628 2045 tamen
1663 1989 1919 2046 feceritis

2032 1985 2063 2042 ἃ
2121 1987 2262 2061 μήτε
2321 1984 2548 2058 δίκαιοι,
2606 1990 2746 2063 μήτε
2819 1993 3123 2063 προφῆται,
3174 2010 3204 2039 κ

3263 1984 3353 2042 ἐὰν
3395 1990 3593 2051 ποιῆτε
3646 1982 3682 2039 ’ἀ

2028 2074 2198 2153 λόγω.

2100 2212 2180 2270 Λ’.
2212 2211 2439 2285 Πρῶτος
2476 2211 2572 2285 μὶν
2600 2209 2693 2268 οὖν
2724 2210 2885 2275 οὗτός
2915 2210 3058 2268 ἑστιν
3094 2210 3124 2266 6
3167 2208 3398 2286 Χριστὸν
3429 2207 3680 2283 ἀγαπῶν,

2029 2296 2281 2377 δεύτερος
2324 2297 2383 2356 δὶ
2413 2301 2443 2357 6
2469 2300 2597 2364 τοὺς
2647 2300 2723 2363 εἷς
2769 2299 2974 2357 ἇκεῖνον
3018 2298 3445 2358 πεπιστευκότας
3499 2300 3680 2369 τιμῶν

2027 2389 2119 2444 καὶ
2146 2390 2445 2464 περιεπων.
2473 2390 2537 2443 Ὀ
2562 2388 2665 2465 γὰρ
2694 2386 2758 2445 ἄν
2785 2409 2871 2453 τις
2927 2387 3005 2451 εἶς
3064 2387 3315 2461 μαθητήν
3364 2384 3682 2462 ἐργάσηται.

2026 2483 2192 2534 τοῦτο
2221 2476 2301 2541 εἷς
2338 2477 2525 2534 δαυτδν
2557 2479 2588 2533 ὁ
2618 2477 2820 2555 Κύριος
2849 2474 3153 2553 ὶκδὲχεται,
3185 2474 3279 2532 καὶ
3319 2479 3432 2533 πᾶν
3487 2474 3683 2530 ἑαυτοῦ

2029 2572 2288 2624 ποιεῖται.
2323 2590 2352 2620 ‹‹
2391 2571 2573 2638 Δεῦτε,
2615 2568 2669 2623 0i.
2714 2564 3084 2645 εὐλογημὲνοι
3132 2568 3233 2621 τοῦ
3287 2561 3505 2639 Πατρός
3550 2582 3681 2632 μου,

2028 2654 2489 2733 κληρονομήσατε
2516 2657 2618 2727 τὴν
2646 2657 3063 2730 ἡτοιμασμὲνην
3092 2654 3221 2730 ὑμῖν
3257 2653 3539 2731 βασιλείαν
3575 2650 3685 2707 ἀπὸ

2029 2740 2345 2815 καταϐολῆς
2401 2749 2499 2801 τοῦ
2554 2744 2786 2820 κόσμου.
2820 2744 3109 2802 Ἐπείνασα
3150 2742 3274 2819 γὰρ,
3302 2741 3396 2797 καὶ
3445 2738 3687 2797 ἐδώκατέ

2034 2855 2128 2911 μοι
2155 2839 2341 2910 φαγεῖν
2377 2853 2390 2868 ο
2424 2831 2678 2910 ἰδίψησα,
2708 2833 2800 2889 καὶ
2831 2830 3070 2889 ἰδώκατὲ
3117 2852 3213 2907 μοι
3260 2835 3426 2902 πιεῖν,
3457 2829 3549 2886 καὶ
3595 2828 3683 2901 ξι-

2029 2944 2123 2987 νος
2154 2922 2331 2998 ἤμην,
2361 2921 2451 2979 καὶ
2483 2920 2811 3001 συνηγάγετι
2843 2942 2912 2996 με
2943 2940 2957 2954 ·
2988 2920 3193 2997 γυμνὸς
3224 2917 3404 2995 ἤμην,
3434 2917 3525 2975 καὶ
3566 2916 3682 2974 ἑνε-

2030 3009 2224 3069 δόσατι
2255 3032 2325 3087 με
2355 3030 2371 3044 ⁸
2410 3010 2700 3085 ἠσθένησα,
2729 3010 2821 3067 καὶ
2867 3009 3231 3085 ἕπεσκὲψασθε
3276 3028 3345 3083 με
3374 3026 3390 3042 ⁸
3421 3005 3476 3064 ἂν
3503 3004 3686 3084 φυλα-

2028 3106 2100 3176 κῇ
2128 3100 2307 3175 ἤμην,
2339 3099 2430 3157 καὶ
2476 3098 2673 3171 ἤλθετε
2725 3100 2864 3174 πρὸς
3041 3099 3175 3154 Τότε
3220 3097 3684 3175 ἀποκριθήσονται

2032 3192 2181 3265 αὖτῷ
2234 3192 2289 3246 οἳ
2344 3188 2569 3257 δίκαιοι,
2602 3188 2855 3266 λέγοντες
2885 3188 3109 3263 ·Κόριε,
3159 3188 3294 3243 πότε
3350 3208 3409 3243 σε
3465 3183 3685 3259 εἴδομεν

2023 3285 2313 3348 πεινῶντα,
2341 3280 2433 3335 καὶ
2455 3278 2758 3355 ὲθρὲψαμεν
2790 3297 2806 3311 ο
2839 3276 2875 3348 ἢ
2909 3275 3174 3352 διψῶντα,
3200 3274 3292 3332 καὶ
3316 3274 3640 3350 ἐποτίσαμεν
3667 3294 3683 3346 ;

2031 3370 2172 3428 Πότε
2224 3366 2283 3424 δὶ
2329 3365 2543 3442 εἴδομὺ
2590 3388 2649 3424 σε
2695 3364 2864 3439 ξένον,
2892 3366 2984 3423 καὶ
3016 3365 3401 3441 συνηγάγομεν
3436 3382 3451 3398 ⁶
3483 3366 3521 3436 ἢ
3546 3386 3685 3440 γυμ·

2030 3462 2146 3530 νὸν,
2170 3459 2263 3515 καὶ
2292 3452 2693 3533 περιεϐάλομεν
2719 3478 2735 3529 ;
2762 3457 2799 3529 ἢ
2848 3455 2983 3513 πότε
3038 3475 3096 3511 σε
3143 3452 3364 3530 εἴδομεν
3392 3452 3685 3512 ἀσθενοῦν-

2029 3570 2118 3623 τα,
2157 3549 2247 3604 καὶ
2295 3547 2746 3621 ὶπεσκεψάμεθας
2797 3544 2833 3616 ἢ
2893 3543 2947 3602 ἰν
3006 3543 3226 3621 φυλακῇ
3282 3542 3375 3599 καὶ
3429 3539 3683 3616 ἤλθομεν

2031 3638 2170 3716 πρὸς
2228 3638 2326 3710 σὲ;
2355 3636 2455 3695 Καὶ
2512 3634 2834 3713 ἀποκριθεὶς
2883 3636 2913 3691 6
2973 3631 3229 3709 βασιλεὺς
3288 3630 3402 3710 ipsi
3454 3630 3640 3694 αὐτοῖς
3666 3649 3682 3666 ο

2032 3728 2210 3802 Ἀμὴν
2244 3724 2394 3802 λᾶγω
2427 3726 2578 3800 ὑμῖν,
2609 3722 2693 3801 ὶφ¹
2723 3723 2848 3780 ὅσον
2880 3721 3175 3794 ἰποιήσατε
3202 3722 3282 3778 δνὶ
3326 3720 3537 3778 τούτων
3580 3724 3689 3777 τῶν

2032 3814 2285 3895 ἀδελφῶν
2339 3836 2445 3889 μου
2480 3818 2590 3870 τῶν
2633 3812 2966 3890 ἰλαχίστων,
2997 3811 3124 3886 ἐμοὶ
3167 3810 3476 3883 ἰποιήσατε.
3522 3833 3553 3863 ι»
3580 3809 3690 3866 Πά-

2034 3906 2122 3965 λιν
2156 3904 2217 3961 ἰκ
2238 3905 2350 3960 τῶν
2380 3902 2638 3960 ἐναντίων
2670 3904 2810 3980 πρὸς
2852 3900 2981 3965 τοὺς
3032 3904 3201 3957 ταῦτα
3247 3901 3324 3975 μὴ
3376 3898 3692 3977 παρασχόν-

2033 4016 2131 4059 τας
2164 4013 2180 4029 ·
2214 4018 2243 4047 ‹‹
2277 3994 2451 4067 Ἀμὴν
2488 3990 2639 4069 λὲγω
2671 3992 2823 4067 ὑμῖν,
2854 3991 2937 4069 ἔφ’
2966 3989 3092 4047 ὅσον
3124 3989 3226 4047 οὐκ
3271 3989 3567 4062 ἑποιήσατε
3615 3988 3695 4046 lvi

2033 4084 2243 4143 τούτων
2300 4086 2408 4139 τῶν
2464 4080 2791 4157 ἐλαχίστων,
2823 4079 2950 4137 οὖδὶ
2991 4081 3119 4154 ἐμοὶ
3165 4080 3477 4151 δποιήσατε.
3514 4102 3542 4132 ιι
3592 4078 3693 4134 Καὶ

2036 4172 2293 4249 ἀλλαχοῦ
2326 4190 2339 4205 ·
2372 4195 2401 4224 ιι
2431 4172 2496 4227 ’0
2530 4173 2671 4245 ὑμᾶς
2704 4167 3008 4246 δεχόμενος
3035 4168 3133 4244 ip)
3179 4166 3400 4245 δᾶχεται
3435 4186 3449 4201 ο
3474 4168 3504 4223 6
3551 4167 3695 4241 ὑμᾶς

2040 4265 2119 4340 μὴ
2151 4260 2449 4339 δεχόμενος
2476 4258 2576 4335 ὶμὶ
2606 4260 2801 4316 ἀθετεῖ.
2831 4279 2859 4313 s

2110 4398 2242 4455 AA'.
2274 4394 2512 4460 Τούτους
2543 4394 2634 4450 καὶ
2662 4396 2824 4451 τικνα
2865 4394 2953 4451 καὶ
2998 4390 3214 4467 παιδία,
3245 4391 3334 4449 καὶ
3381 4392 3575 4464 νήπια,
3604 4388 3696 4445 καὶ

2039 4484 2233 4567 φίλους
2267 4484 2650 4559 όνομάζει,καὶ
2678 4485 2909 4559 μικροὺς
2930 4479 3117 4548 ἐνθάδε
3136 4482 3211 4545 ὡς
3230 4481 3369 4558 πρὸς
3398 4482 3462 4537 τὸ
3488 4475 3695 4567 μέλλον

2040 4563 2154 4632 ἀνω
2218 4574 2440 4651 μέγεθος
2499 4573 2680 4630 αὐτῶν
2709 4593 2723 4607 ·
2759 4597 2788 4625 ‹‹
2818 4572 2910 4641 Μὴ
2968 4570 3438 4648 καταφρονήσητε,
3497 4563 3697 4644 λέγων,

270 4653 372 4719 tis,
403 4652 619 4724 inquit,
673 4672 856 4711 unum
890 4672 959 4711 ex
990 4658 1055 4723 ›ι‹
1086 4656 1176 4712 bis
1212 4659 1446 4728 pusillis
1479 4678 1494 4728 ;
1532 4661 1723 4734 angeli
1772 4663 1919 4720 enim

2041 4665 2162 4729 ἰνὸς
2193 4642 2311 4719 τῶν
2339 4667 2547 4739 μικρῶν
2577 4662 2788 4718 τούτων
2819 4678 2834 4693 ’
2864 4642 3198 4736 τούτων
3229 4657 3282 4714 οἱ
3314 4655 3541 4735 ἄγγελοι
3578 4642 3701 4711 δια-

279 4756 484 4797 eorum
514 4757 749 4816 semper
776 4745 979 4800 vident
1009 4744 1215 4800 faciem
1249 4746 1443 4805 Patris
1474 4749 1612 4817 mei,
1638 4752 1739 4822 qui
1764 4751 1919 4808 esti:

2044 4755 2246 4817 παντὸς
2300 4751 2569 4832 βλεπουσι
2613 4753 2679 4808 τὸ
2723 4752 3021 4827 πρόσωπον
3076 4751 3191 4832 τοῖ’)Δ
3231 4746 3443 4823 [ἰατρός
3491 4766 3597 4821 μου
3647 4742 3702 4800 δν

280 4829 441 4919 cmlis
466 4830 556 4903 (Γ).
580 4852 608 4880 ››
631 4831 757 4887 Alio
780 4832 1019 4904 quidem
1052 4831 1178 4889 loco
1204 4850 1217 4889 :
1243 4857 1271 4885 «
1296 4835 1487 4893 Nolite
1508 4837 1919 4913 timere,pusil.

2045 4829 2315 4919 oﬁpavo'ic.
2350 4866 2379 4895 »
2412 4840 2510 4897 Καὶ
2554 4840 2777 4915 ετὲρωθι
2812 4858 2825 4870 ·
2862 4862 2891 4891 ιι
2944 4838 3040 4908 Μὴ
3091 4830 3367 4917 φοϐεῖσθε,
3394 4835 3458 4892 τὸ
3504 4832 3698 4910 μικρὸν

280 4917 376 4974 lus
400 4933 541 4992 grex
565 4935 578 4974 :
604 4919 965 4993 complacuit
982 4920 1139 4977 enim
1162 4921 1319 4978 Patri
1342 4924 1483 4981 dare
1501 4926 1670 4985 vobis
1687 4945 1919 5003 regnum

2045 4917 2307 5007 ποίμνιον
2343 4952 2357 4966 ο
2392 4930 2518 5003 ὑμῖν
2551 4929 2657 5006 γὰρ
2688 4924 2992 4999 ηὐδόκησεν
3053 4925 3082 4980 6
3133 4924 3319 5001 Πατὴρ
3366 4919 3703 5007 παραδοῦναι

283 5010 682 5082 calorum(g).
723 5030 752 5062 »
805 5011 919 5067 Hac
963 5010 1097 5083 ipsa
1152 5015 1398 5084 ratione,
1448 5018 1628 5075 etiam
1686 5020 1919 5089 Joanne

2045 5005 2159 5092 τὴν
2185 5016 2462 5097 βασιλείαν
2484 5022 2591 5073 τῶν
2624 5005 2892 5092 οὐρανῶν.
2926 5040 2948 5067 ι
2984 5013 3131 5071 Κατά
3175 5013 3244 5069 τὰ
3290 5012 3429 5068 αὐτά
3467 5011 3561 5068 καὶ
3584 5005 3704 5097 τοῦ

283 5098 386 5169 qui
416 5097 708 5154 maximus
735 5103 828 5154 est
860 5098 1014 5155 inter
1046 5105 1217 5156 natos
1254 5104 1594 5178 mulierum,
1622 5109 1722 5181 qui
1748 5111 1919 5169 mino:

2057 5096 2321 5187 μεγίστου
2367 5105 2421 5162 ἰν
2480 5108 2764 5183 γεννητοῖς
2820 5106 3094 5179 γυναικῶν
3126 5099 3403 5176 Ἰωάννου,
3431 5100 3525 5157 τὸν
3576 5096 3705 5187 ἰλά-

278 5191 369 5242 est
400 5187 457 5242 in
492 5203 672 5260 regno
706 5185 990 5242 caelorum
1015 5189 1214 5261 (suum
1242 5191 1525 5251 nimirum
1552 5196 1914 5272 discipulum

2052 5185 2248 5276 χιστον
2306 5195 2361 5253 ἐν
2409 5198 2478 5271 τῇ
2540 5193 2793 5273 βασιλείᾳ
2844 5197 2953 5249 τῶν
3008 5190 3274 5270 οὐρανῶν,
3310 5188 3555 5248 τουτίστι
3610 5185 3703 5243 τὸν

282 5275 565 5346 majorem
580 5291 711 5332 esse
728 5274 981 5333 dicit.Ac
1004 5294 1213 5337 rursus
1241 5297 1255 5337 :
1288 5305 1316 5333 «
1342 5281 1450 5347 Qui
1484 5286 1919 5361 recipitjustun

2052 5274 2249 5345 ίαυτοῦ
2284 5285 2556 5361 μαθητὴν,
2590 5285 2723 5340 εἶναι
2775 5281 2946 5357 μείζω
2992 5278 3162 5359 λίγει.
3193 5280 3295 5338 Καὶ
3328 5276 3496 5336 πάλιν
3531 5298 3546 5312 ⁸
3586 5302 3616 5330 «ι
3647 5277 3707 5331 '0

281 5370 379 5418 aut
408 5363 758 5436 prophetam
791 5363 849 5418 in
874 5366 1112 5424 nomine
1135 5368 1286 5440 justi
1317 5376 1421 5429 aut
1450 5376 1919 5448 propheta,illiul

2055 5375 2362 5454 δεχόμενος
2416 5371 2622 5430 δίκαιον
2654 5374 2690 5445 ἢ
2731 5372 3022 5452 προφήτην
3066 5367 3142 5435 εἲς
3186 5368 3364 5445 ὄνομα
3410 5365 3627 5426 δικαίου
3669 5363 3706 5437 ἢ

351 5606 415 5671 »ια
445 5603 506 5660 Ρ.
538 5605 647 5661 943
695 5605 810 5663 ED.
854 5607 1154 5669 POTTER.

281 5674 350 5805 (id!)
385 5675 592 5804 γρηῦ.
623 5693 756 5748 xxv,
789 5680 879 5749 34,
912 5698 1078 5757 seqq.
1192 5683 1264 5757 (ο)

341 5789 361 5819 ,
396 5787 482 5804 ιιε

2544 5617 2622 5689 (b)
2656 5616 2900 5690 Luc_._vr,
2932 5616 3025 5673 ιο.
3135 5614 3209 5690 (ο)
3238 5611 3449 5690 Matth.
3480 5630 3608 5690 ειη,
3638 5613 3713 5690 ss

1268 5612 1350 5690 (ᾳ)
1389 5614 1560 5690 Joan.
1607 5635 1725 5690 XIV,
1775 5620 1880 5690 23;
1929 5620 2139 5679 Matth.
2191 5636 2297 5689 vn,
2344 5620 2433 5676 2i.

2955 5690 3033 5763 (α)
3064 5685 3203 5749 Luc.
3234 5685 3433 5779 x1532
3454 5704 3472 5760 ;
3493 5685 3706 5748 Matth.

1353 5687 1500 5745 atth.
1533 5705 1592 5762 x,
1627 5687 1734 5765 to;
1770 5687 1904 5751 Luc.
1940 5709 1999 5768 x,
2035 5693 2121 5751 t6.
2233 5687 2303 5765 (Γ)
2330 5687 2726 5759 Παιειιζινιιι,
