4124 6484
481 480 590 538 637

1638 484 1854 540 LIBER
1890 484 2062 550 QUIS
2099 481 2320 542 DNES
2356 489 2762 546 SALVETUR.

3800 487 3910 545 638

472 605 789 684 προφήτου,
819 605 910 659 τὸν
944 603 1165 660 ἒκείνων
1194 605 1386 678 μισθὸν
1422 603 1658 680 λήψεται
1693 624 1708 638 ·
1741 607 1770 661 6
1803 603 1861 661 δὶ
1889 607 2109 680 μαθητή

2263 613 2590 668 mercedem
2623 613 2880 686 recipiet;
2916 617 2972 669 et
3003 613 3102 686 qui
3136 617 3338 685 potum
3369 612 3903 680 dederitdiscipulo

477 694 706 757 ποτίσας
735 692 812 756 είς
845 688 1024 766 ὄνομα
1058 695 1304 766 μαθητοῦ
1354 695 1623 770 ποτήριον
1669 697 1890 771 ψυχροῦ
1928 692 2146 764 ὕδατος,

474 785 568 839 τὸν
599 783 792 858 μισθὸν
827 781 929 838 οὐκ
955 781 1239 839 ἀπολέσει.
1276 807 1304 834 ››
1336 782 1546 840 Οὐκοῦν
1583 783 1740 840 οὗτος
1795 783 1957 858 μόνος
1989 785 2018 839 6
2050 806 2144 858 μι-

477 873 606 938 σθὸς
664 871 766 927 οὐκ
822 869 1208 945 ἀπολλύμενός
1257 871 1390 928 ἐστι.
1425 873 1524 926 Καὶ
1574 871 1729 936 αὖθις
1764 890 1776 905 '
1809 898 1836 924 ‹‹
1871 875 2148 944 Ποιήσατε

482 963 608 1036 ὑμῖν
660 959 860 1040 φίλους
903 961 964 1016 ἐκ
1021 965 1119 1016 τοῦ
1172 965 1452 1034 μαμμωνᾶ
1479 967 1580 1030 τῆς
1608 958 1841 1033 ἀδικίας,
1868 959 1982 1032 τίνα,
2016 961 2141 1018 ὅταν

481 1050 766 1122 ἐκλίπητε,
795 1047 1050 1124 δέξωνται
1085 1051 1224 1123 ὑμᾶς
1256 1049 1333 1111 εἴς
1369 1051 1467 1112 τὰς
1519 1049 1778 1113 αἲωνίους
1830 1053 2029 1122 σκηνάς
2061 1071 2074 1084 ο
2108 1073 2134 1104 ε

477 1141 629 1220 φύσει
690 1141 786 1214 μὲν
848 1140 1059 1194 ἅπασαν
1118 1141 1308 1208 κτῆσιν
1367 1140 1428 1208 ἣν
1471 1139 1634 1204 αὐτός
1688 1161 1773 1203 τις
1833 1139 1912 1218 ἐφ’
1947 1141 2140 1195 ἑαυτοῦ

473 1231 757 1301 κέκτηται,
783 1228 882 1284 ούκ
938 1225 1078 1282 ΐδίαν
1141 1225 1301 1282 οὖσαν
1354 1228 1692 1306 ἀποφαίνων.
1727 1230 1820 1285 Ἐκ
1851 1227 1908 1284 δὲ
1938 1231 2141 1298 ταύτης

473 1325 576 1388 τῆς
605 1315 817 1380 ἀδικίας
850 1316 968 1372 ἐνὸν
1017 1318 1109 1372 καὶ
1157 1322 1382 1392 πρᾶγμα
1430 1314 1637 1372 δίκαιον
1689 1318 2008 1395 ἐργάσασθαι
2047 1311 2137 1375 καὶ

475 1410 776 1482 σωτήριον⁹
807 1405 1109 1461 ἀναπαῦσαί
1145 1427 1267 1461 τινα
1306 1411 1415 1461 τῶν
1455 1405 1695 1482 ἐχόντων
1742 1407 1965 1463 αἰώνιον
2008 1429 2136 1475 σκη-

468 1499 570 1568 νῆν
599 1498 747 1573 παρὰ
773 1500 854 1569 τῷ
879 1496 1070 1570 ΙΙατρί.
1103 1497 1247 1568 ’Ὁρα
1293 1499 1510 1567 πρῶτον
1561 1496 1680 1570 μὲν,
1713 1498 1786 1559 ὡς
1835 1498 1935 1552 οὐκ
1973 1499 2134 1552 ἀπαι-

468 1586 681 1651 τεῖσθαί
743 1605 802 1640 σε
845 1583 1190 1656 κεκέλευκεν,
1227 1582 1354 1640 οὐδὲ
1399 1584 1746 1660 ἐνοχλεῖσθαι
1803 1587 2136 1661 περιμένειν,

470 1673 600 1732 ἀλλ’
638 1674 800 1730 αὐτὸν
826 1674 1003 1745 ζητεῖν
1034 1673 1164 1737 τοὺς
1203 1672 1260 1728 εὗ
1291 1675 1673 1746 πεισομένους,
1705 1674 1887 1744 ἀξίους
1941 1697 2002 1730 τε
2043 1672 2134 1730 ὅν-

471 1786 570 1827 τας
599 1768 698 1819 τοῦ
728 1770 991 1837 Σωτῆρος
1027 1761 1296 1836 μαθητάς.
1332 1764 1514 1826 Καλὸς
1549 1763 1646 1837 μὲν
1680 1762 1770 1818 οὖν
1821 1763 1911 1819 καὶ
1961 1766 1989 1819 6
2035 1769 2134 1820 τοῦ

473 1852 820 1912 Ἀποοτόλου
875 1849 1048 1925 λόγος
1080 1871 1094 1885 ⁸
1146 1876 1175 1904 ‹‹
1236 1849 1425 1928 ἱλαρὸν
1485 1853 1588 1928 γὰρ
1650 1849 1814 1922 δότην
1864 1852 2045 1931 ἀγαπᾷ
2101 1855 2128 1909 6

2256 700 2314 756 in
2349 703 2586 758 nomine
2612 703 2887 775 discipuli
2903 702 3142 759 calicem
3167 720 3332 775 aquae
3354 703 3597 775 frigidm,
3620 719 3734 757 non
3762 718 3896 774 per-

2255 791 2354 847 det
2385 793 2710 847 mercedem
2763 793 2862 864 (a).
2899 815 2927 841 »
2959 798 3091 848 Haec
3120 793 3302 864 igitur
3355 791 3480 848 sola
3515 807 3739 847 merces
3784 807 3899 846 non

2254 881 2490 952 peribit.
2525 881 2596 936 Et
2625 898 2852 936 rursus:
2891 902 2915 933 ε
2941 882 3136 937 Facite
3167 881 3331 937 vobis
3360 881 3580 937 amicos
3609 882 3681 936 de
3714 897 3901 936 mam-

2253 984 2426 1024 mona
2455 969 2806 1042 iniquitatis,
2840 976 2905 1024 ut
2934 986 3068 1025 cum
3094 970 3448 1038 defeceritis,
3480 970 3768 1042 recipiant
3794 987 3900 1025 vos

2253 1057 2538 1113 inaeterna
2555 1059 3088 1130 tabernacula(b);»
3110 1059 3190 1114 ita
3219 1059 3496 1114 nimirum
3523 1063 3588 1114 ut
3613 1059 3899 1130 quidquid

2251 1147 2595 1203 facultatum
2630 1165 2807 1219 penes
2831 1165 2893 1203 se
2923 1149 3055 1219 quis
3088 1148 3407 1220 possideat,
3442 1165 3556 1203 non
3589 1165 3718 1204 esse
3767 1165 3900 1218 pro-

2249 1237 2442 1308 prium
2472 1241 2682 1292 natura
2711 1254 2951 1292 censum
2984 1239 3502 1309 substantiamque
3532 1237 3896 1310 pronuntiet.

2250 1326 2331 1381 Ex
2354 1326 2461 1381 hac
2494 1343 2662 1398 porro
2695 1326 3007 1398 iniquitate
3031 1325 3167 1381 licet
3194 1326 3370 1382 etiam
3404 1343 3525 1381 rem
3563 1329 3789 1396 justam
3830 1343 3896 1380 ac

2249 1415 2568 1470 salutarem
2604 1419 2903 1487 praestare;
2935 1420 3001 1470 ut
3023 1431 3236 1486 nempe
3261 1430 3464 1470 eorum
3484 1413 3737 1485 aliquem
3763 1414 3902 1469 refi-

2248 1504 2368 1559 cias
2400 1511 2576 1575 atque
2606 1509 2925 1571 sustentes,
2953 1503 3052 1575 qui
3071 1509 3352 1558 aeternum
3380 1503 3531 1575 apud
3562 1503 3783 1558 Patrem
3806 1507 3901 1556 ta-

2247 1591 2631 1648 bernaculum
2667 1594 2821 1647 nacti
2856 1597 3012 1647 sunt.
3049 1592 3188 1647 Vide
3219 1592 3470 1664 primum
3513 1591 3748 1662 quidem
3783 1607 3895 1645 non

2237 1681 2497 1752 jussisse
2529 1685 2594 1736 ut
2642 1698 2675 1736 a
2704 1685 2762 1736 te
2791 1681 2936 1750 exigi
2964 1680 3228 1752 patiaris,
3264 1695 3368 1735 nec
3400 1685 3465 1735 ut
3518 1681 3888 1751 importunos

2246 1770 2351 1826 tibi
2389 1771 2508 1825 fore
2539 1785 2756 1841 egenos
2787 1771 2971 1838 sinas;
3007 1771 3107 1824 sed
3158 1775 3224 1824 ut
3261 1774 3324 1824 tu
3377 1771 3504 1840 ipse
3553 1785 3781 1841 quaeras
3827 1769 3888 1824 in

2245 1875 2393 1931 quos
2421 1859 2770 1914 beneﬁcium
2805 1859 2889 1913 sis
2917 1857 3335 1926 collocaturus,
3365 1864 3422 1914 et
3451 1858 3550 1930 qui
3569 1856 3889 1913 Salvatoris

475 1944 631 2016 Θεὸς,
667 1967 697 1994 »ι
728 1942 998 2018 χαίροντα
1037 1945 1117 2013 τῷ
1159 1938 1391 2010 διδόναι,
1424 1941 1514 1995 καὶ
1559 1943 1634 2014 μὴ
1681 1939 2025 2018 φειδόμενον,
2055 1943 2120 2005 ὡς

2244 1947 2408 2020 digni
2435 1947 2711 2018 discipuli
2746 1948 3050 2002 exsistant.
3098 1949 3162 2002 Et
3203 1945 3478 2018 praeclare
3525 1947 3765 2017 quidem
3815 1946 3891 2001 ab

475 2033 784 2107 σπείροντα,
803 2029 895 2086 ’ίνα
923 2032 1103 2105 (32·3)
1125 2029 1268 2085 οὕτω
1297 2031 1388 2085 καὶ
1415 2029 1624 2106 θερίσῃ,
1646 2028 1779 2107 δίχα
1808 2037 2130 2108 γογγυσμοῦ

477 2121 564 2177 καὶ
621 2119 962 2193 διακρίσεως,
993 2135 1084 2174 και
1142 2117 1350 2189 λύπης,
1407 2120 1498 2173 καὶ
1548 2125 1938 2190 κοινωνοῦντα,
1996 2120 2131 2196 ὅπερ

477 2209 615 2266 ἐστὶν
661 2209 935 2286 εὐεργεσία
985 2209 1169 2284 ἀγαπή
1200 2210 1331 2283 (34).
1367 2208 1630 2284 Κρείττων
1679 2207 1725 2264 δ’
1775 2209 1885 2265 ἐστὶ
1935 2211 2130 2266 τούτου

474 2301 502 2354 6
532 2305 612 2372 τῷ
640 2299 828 2375 Κυρίῳ
855 2297 1186 2372 λελεγμένος
1223 2296 1273 2352 ἐν
1303 2295 1464 2370 ἄλλῳ
1495 2297 1694 2374 χωρίῳ
1727 2317 1740 2332 ο
1778 2321 1806 2351 ι(
1837 2299 2001 2356 Παντὶ
2049 2299 2130 2372 τῷ

470 2388 710 2444 αΐτοῦντί
741 2409 800 2444 σε
831 2385 1004 2444 δίδου.
1043 2411 1072 2438 »
1127 2390 1260 2442 Θεοῦ
1289 2388 1391 2463 γὰρ
1422 2383 1591 2451 ὅντως
1620 2390 1656 2457 ἡ
1683 2388 1910 2459 τοιαύτη
1964 2387 2128 2466 φιλο-

469 2474 646 2555 δωρεά
677 2496 692 2510 ·
727 2479 910 2532 οὐτοσὶ
945 2475 1005 2532 δὲ
1033 2477 1062 2531 6
1090 2475 1257 2551 λόγος
1289 2476 1422 2552 ὑπὲρ
1448 2478 1653 2531 ἅπασάν
1705 2475 1817 2532 ἐστι
1844 2476 2126 2547 τελειότη-

463 2587 530 2622 τα
561 2569 697 2641 (35),
735 2564 866 2641 μηδ’
887 2565 1152 2621 αἶ’τεῖσθαι
1184 2564 1522 2639 περιμένειν,
1555 2565 1683 2622 ἀλλ’
1711 2565 1873 2628 αὐτὸς
1921 2567 2122 2638 ἀναζη-

463 2661 598 2726 τεῖν,
627 2655 775 2718 ὅστις
804 2653 952 2726 ἇίξιος
981 2654 1038 2710 εὗ
1069 2659 1283 2718 παθεῖν.

2238 2036 2532 2108 Αροειοιο,
2559 2035 2842 2091 «hilarem
2894 2036 3054 2092 enim
3079 2036 3340 2091 datorem
3365 2034 3559 2106 diligit
3582 2034 3884 2106 Deus(c);»

2243 2126 2342 2197 qui
2376 2125 2647 2196 largitate
2676 2125 3024 2192 delectatur,
3061 2141 3165 2180 nec
3183 2124 3530 2180 seminando
3547 2139 3758 2196 parcus
3781 2141 3881 2179 ex-

2240 2214 2433 2279 sistat,
2471 2218 2538 2269 ut
2568 2219 2626 2269 et
2657 2214 2738 2269 ita
2769 2213 3012 2286 parique
3044 2215 3312 2270 ubertate
3343 2218 3541 2281 metal;
3575 2213 3703 2268 sine
3727 2228 3887 2267 mur-

2238 2303 2572 2359 muratione
2603 2307 2661 2358 et
2710 2303 3112 2372 distinctione,
3147 2301 3427 2373 nullaque
3483 2302 3885 2357 mmstitudine

2236 2394 2482 2457 tribuat,
2529 2393 2685 2464 quod
2734 2391 3021 2464 praeclara:
3058 2407 3277 2446 munus
3329 2391 3728 2446 beneficentiae
3771 2395 3882 2445 est.

2235 2482 2352 2539 Hoc
2375 2486 2572 2537 autem
2606 2480 2815 2536 melior
2845 2485 2952 2547 est,
2985 2495 3154 2550 quem
3187 2479 3453 2535 Salvator
3483 2478 3632 2534 dixit
3661 2477 3775 2533 alio
3806 2478 3890 2534 lo-

2233 2588 2298 2626 co
2325 2587 2338 2624 :
2365 2569 2537 2626 Omni
2586 2568 2804 2641 petenti
2843 2573 2921 2638 te,
2966 2567 3161 2624 tribue
3182 2568 3322 2639 (41).»
3349 2567 3442 2622 Dei
3471 2583 3726 2638 namque
3747 2583 3878 2622 vere

2111 2674 2116 2682 '
2231 2652 2589 2726 ejuscemodi
2621 2658 2824 2730 sicque
2844 2655 3033 2712 facilis
3060 2656 3318 2728 largitas.
3347 2656 3630 2712 Creterum
3656 2655 3875 2711 doctri-

464 2766 541 2806 na
568 2749 690 2805 haec
720 2747 881 2804 omni
911 2749 1098 2820 major
1148 2752 1238 2802 est
1297 2746 1673 2819 perfectione,
1734 2751 1796 2803 ut
1828 2765 1932 2805 nec
1963 2757 2264 2823 exspectes
2323 2750 2422 2822 qui
2454 2766 2488 2805 a
2515 2755 2569 2805 te
2599 2748 2904 2822 efﬂagitat,
2961 2748 3062 2803 sed
3095 2749 3221 2819 ipse
3280 2747 3542 2819 inquiras
3603 2747 3736 2818 quis
3790 2747 3875 2801 di-

462 2855 617 2912 gnus
647 2837 724 2895 sit
751 2838 813 2893 in
845 2853 1020 2910 quem
1055 2835 1404 2892 beneficium
1438 2837 1726 2893 conferas.

533 2929 658 2984 AB’.
693 2928 924 2985 Ἔπειτα
949 2925 1279 2994 τηλικοῦτον
1316 2926 1503 2999 μισθὸν
1557 2925 1736 3002 ὁρίσαι
1776 2933 1875 2996 τῆς
1922 2948 2116 2984 κοινω-

460 3015 599 3086 νίας,
631 3016 858 3072 αἰώνιον
916 3016 1157 3086 σκηνήνέ
1209 3011 1254 3069 ὣ
1296 3013 1470 3085 καλῆς
1522 3014 1826 3090 ὲμπορίαςί
1879 3012 1923 3070 ὣ
1969 3018 2117 3080 θείας

459 3105 704 3183 ἀγορᾶςὲ
738 3110 972 3161 Ὠνεῖται
1016 3104 1323 3179 χρημάτων
1371 3122 1454 3166 τις
1506 3103 1825 3181 ἀφθαρσίαν,
1859 3105 1949 3159 καὶ
1988 3102 2116 3168 δοὺς

460 3193 527 3249 τὰ
558 3192 898 3268 διολλύμενα
931 3197 1028 3249 τοῦ
1071 3189 1306 3266 κόσμου,
1337 3193 1509 3266 μονὴν
1541 3193 1750 3248 τούτων
1796 3193 2018 3249 αίώνιον
2061 3193 2112 3250 ἐν

459 3284 714 3360 οὐρανοῖς
759 3277 1176 3357 ἀντιλαμϐάνει.
1227 3281 1468 3337 Πλεῦσον
1521 3281 1608 3337 ἐπὶ
1658 3281 1876 3355 ταύτην,
1911 3281 1969 3338 ἂν
2003 3305 2112 3340 σω-

2300 2931 2456 2986 844
2486 2928 2710 2986 ΧΧΧΙΙ.
2745 2927 2966 2984 Deinde
2995 2931 3216 2984 tantam
3249 2932 3506 2983 statuere
3541 2926 3870 2982 mercedem

2227 3017 2604 3092 erogationis,
2636 3023 2918 3073 aeternum
2969 3015 3435 3072 tabernaculum!
3487 3033 3520 3071 ο
3567 3014 3871 3086 pulchram

2228 3106 2698 3179 negotiationem!
2724 3123 2757 3161 o
2778 3106 3042 3160 divinum
3064 3104 3533 3162 mercimonium!
3560 3102 3716 3159 Emit
3736 3103 3872 3174 quis

2226 3197 2476 3269 pecunia
2535 3193 3060 3266 incorruptionem,
3122 3194 3393 3264 datisque
3443 3191 3639 3248 saeculi
3691 3193 3870 3246 rebus

2226 3301 2352 3357 quas
2386 3285 2701 3350 intereunt,
2735 3283 2957 3354 praemii
2990 3281 3115 3338 loco
3137 3287 3412 3337 aeternam
3435 3281 3493 3336 in
3517 3281 3679 3336 caelis
3704 3296 3868 3335 man-

460 3376 688 3452 φρονῇς,
727 3374 828 3443 τήν
871 3374 1196 3448 πανήγσριν,
1228 3368 1274 3426 ὦ
1321 3369 1569 3428 πλούσιε.
1597 3368 1701 3426 Κᾶν
1749 3369 1860 3446 δὲῃ,
1892 3373 2116 3449 περίελ-

2234 3374 2447 3431 sionem
2482 3373 2706 3445 recipit.
2741 3373 2828 3428 Tu
2861 3371 2962 3443 qui
2993 3372 3154 3426 dives
3185 3388 3267 3440 es,
3299 3371 3372 3426 ad
3398 3370 3530 3436 has,
3587 3370 3637 3424 si
3686 3370 3868 3440 sapis,

458 3464 518 3518 θε
561 3467 665 3538 γῆν
713 3460 851 3532 ὅλην
898 3463 1034 3535 (36).
1083 3461 1176 3530 Μὴ
1228 3459 1383 3538 φείσῃ
1445 3457 1708 3515 κινδύνων
1763 3460 1852 3516 καὶ
1911 3461 2116 3534 πόνων,

455 3548 532 3604 ἵν’
562 3550 789 3615 ἐνταῦθα
839 3547 1116 3626 βασιλείαν
1159 3547 1411 3624 οὐράνιον
1460 3547 1756 3624 ἀγοράσῃς.
1798 3549 1865 3606 Τί
1925 3569 1982 3604 σε
2036 3551 2120 3605 Λί-

459 3642 546 3696 θοι
597 3638 873 3716 διαφανεῖς
928 3639 1020 3694 καὶ
1078 3635 1387 3713 σμάραγδοι
1439 3641 1698 3693 τοσοῦτον
1748 3636 2113 3714 εὐφραίνουσι,

453 3728 546 3784 καὶ
595 3728 744 3784 οἰκία
795 3729 970 3806 τροφή
1022 3727 1213 3802 πυρὸς,
1245 3725 1282 3796 ἢ
1341 3725 1546 3802 χρόνου
1595 3727 1867 3800 παίγνιον,
1896 3728 1932 3798 ἢ
1967 3748 2112 3782 σεισ-

455 3821 562 3891 μοῦ
623 3817 928 3895 πάρεργον,
960 3819 995 3886 ἢ
1049 3811 1292 3889 ὕϐρισμα
1340 3817 1640 3892 τυράννους
1675 3815 2014 3889 ἐπιθύμησον
2061 3815 2112 3871 ἐν

452 3905 705 3982 ούρανοῖς
744 3907 962 3977 οἰκῆσαι
1007 3906 1097 3961 καὶ
1150 3905 1466 3972 βασιλεῦσαι
1517 3905 1650 3978 μετά
1697 3909 1855 3960 Θεοῦ.
1891 3904 2107 3977 Ταύτην

449 4017 534 4052 σοι
577 3999 680 4068 τὴν
744 3995 1025 4074 βασιλείαν
1086 3995 1372 4071 ἅνθρωπος
1425 3992 1587 4050 δώσει
1629 3997 1756 4050 Θεὸν
1788 3994 2108 4070 ἀπομιμού-

452 4104 636 4157 μενος.
671 4084 932 4139 Ἐνταῦθα
982 4083 1152 4156 μικρᾶ
1192 4077 1402 4154 λαϐὼν,
1435 4083 1547 4137 εκεῖ
1597 4079 1668 4136 δι’
1698 4083 1844 4137 ὅλων
1891 4083 2106 4138 αἰώνων

445 4171 696 4228 σύνοικόν
738 4193 834 4227 σου
892 4173 1180 4242 ποιήσεται
1217 4191 1229 4204 ·
1264 4171 1536 4226 ἱκέτευσον
1579 4169 1673 4227 *ίνα
1721 4166 1865 4247 λάϐῃ
1900 4191 1913 4204 ·
1945 4177 2106 4228 σπεῦ-

443 4282 556 4330 σον,
608 4260 908 4338 ἀγωνίασον
943 4280 956 4294 ’
1002 4255 1282 4336 φοϐήθητι
1337 4261 1411 4334 μή
1462 4281 1519 4315 σε
1569 4259 1832 4335 ἀτιμᾶσῃ.
1879 4261 1956 4318 Ού
2003 4260 2104 4337 γὰρ

442 4348 794 4406 κεκέλευσται
825 4345 1044 4419 λαϐεῖν,
1082 4347 1230 4406 ἀλλά
1256 4371 1314 4404 σε
1352 4354 1678 4424 παρασχεῖν.
1708 4349 1785 4408 Ού
1833 4351 1942 4422 μὴν
1989 4338 2108 4407 οὐδ’

444 4440 587 4496 εἶπεν
646 4440 674 4494 ὁ
733 4440 932 4505 Κύριος
959 4455 975 4472 ·
1007 4436 1119 4511 δὸς,
1151 4437 1188 4508 ἢ
1246 4437 1544 4514 παράσχες,
1572 4437 1608 4508 ἢ
1667 4439 2034 4514 εὐεργέτησον,
2065 4442 2101 4511 ἢ

446 4529 721 4604 βοήθησον
757 4547 769 4560 ·
829 4528 1000 4585 Φίλον
1061 4525 1118 4584 δὶ
1167 4527 1416 4598 ποίησαι.
1467 4528 1528 4585 Ὁ
1575 4525 1632 4582 δὲ
1673 4527 1839 4605 φίλος
1885 4530 1987 4584 οὐκ
2042 4529 2102 4584 ἐκ

445 4623 574 4692 μιᾶς
625 4616 851 4688 δόσεως,
909 4615 1057 4672 ἀλλᾶ
1113 4616 1395 4678 συνουσίας
1453 4622 1682 4693 μακρᾶς.
1737 4614 1878 4674 Οὐδὲ
1927 4618 2094 4692 γὰρὴ

2229 3463 2660 3536 navigationem
2721 3461 2967 3518 institue
3023 3459 3343 3516 nundinas.
3403 3459 3460 3515 Si
3496 3473 3735 3514 necesse
3765 3458 3868 3527 sit,

2225 3557 2441 3608 terram
2476 3567 2711 3606 omnem
2744 3566 3009 3623 peragra.
3043 3549 3125 3604 Ne
3151 3564 3360 3620 parcas
3392 3545 3670 3619 periculis
3690 3563 3757 3601 ac
3781 3545 3867 3600 la-

2225 3642 2488 3705 boribus,
2523 3644 2588 3695 ut
2627 3639 2887 3712 quandiu
2944 3654 3197 3710 praesens
3226 3637 3423 3708 agitur
3449 3636 3584 3698 vita,
3637 3651 3868 3690 coemas

2222 3745 2468 3803 regnum
2504 3728 2807 3785 caelorum.
2837 3729 2955 3785 Cur
2979 3731 3036 3782 te
3066 3727 3208 3782 adeo
3242 3729 3501 3782 recreant
3527 3723 3713 3795 lapilli
3737 3739 3868 3794 pre-

2220 3817 2355 3875 tiosi
2387 3823 2445 3874 et
2475 3818 2794 3888 smaragdi,
2828 3817 3160 3886 domusque
3189 3814 3344 3886 ignis
3403 3812 3708 3884 pabulum,
3745 3811 3864 3867 sive

2219 3906 2506 3978 temporis
2537 3905 2880 3975 ludibrium,
2913 3910 3013 3960 aut
3033 3909 3196 3959 terrae
3229 3906 3425 3958 motus
3447 3901 3605 3957 aliud
3633 3901 3862 3972 agentis

2217 3995 2534 4065 excidium,
2566 3999 2668 4051 aut
2697 3993 2928 4066 tyranni
2960 3993 3220 4063 injuria?
3248 3991 3307 4047 in
3340 3991 3489 4047 votis
3519 3990 3729 4046 habeto
3747 4006 3863 4045 cm-

2216 4085 2408 4141 lorum
2451 4083 2855 4140 habitaculum
2887 4085 2947 4138 et
2977 4087 3041 4137 ut
3071 4097 3279 4154 regnes
3301 4096 3437 4135 cum
3460 4083 3590 4134 Deo.
3609 4083 3731 4134 Hoc
3755 4077 3862 4132 tibi

2216 4190 2460 4246 regnum
2495 4173 2671 4228 homo
2695 4173 2876 4238 dabit,
2897 4171 3080 4226 Deum
3101 4169 3364 4224 imitans.
3387 4169 3510 4238 Hic,
3536 4183 3662 4237 quae
3684 4183 3864 4238 parva

2214 4268 2357 4319 sunt
2384 4261 2748 4334 acceptis,ibi
2780 4264 2834 4314 te
2868 4276 2970 4332 per
2998 4259 3197 4314 omnia
3227 4257 3440 4312 saecula
3469 4255 3861 4310 contuberna-

2215 4352 2328 4408 lem
2362 4351 2592 4407 efﬁciet.
2616 4349 2891 4422 Supplica
2910 4353 2974 4403 ut
2991 4347 3260 4419 accipiat;
3289 4345 3524 4415 festina,
3549 4343 3860 4411 enitere;>X<

2211 4442 2355 4497 time
2388 4457 2460 4496 ne
2488 4445 2545 4495 te
2575 4439 2674 4494 ille
2704 4443 2962 4509 spernat.
2995 4437 3110 4492 Nec
3139 4436 3297 4491 enim
3338 4436 3388 4491 is
3447 4434 3505 4488 in
3557 4433 3856 4488 mandatis

2209 4530 2388 4586 habet
2415 4533 2479 4586 ut
2508 4528 2777 4600 accipiat,
2805 4527 2906 4583 sed
2939 4531 3000 4582 tu
3038 4531 3101 4581 ut
3131 4526 3414 4598 prabeas.
3443 4523 3592 4590 Quin
3624 4538 3696 4577 ne
3742 4521 3854 4576 hoc

2211 4619 2447 4692 quidem
2477 4619 2624 4674 dixit
2657 4617 2959 4686 Dominus,
2994 4619 3149 4681 dato,
3209 4614 3421 4687 praebe,
3475 4610 3860 4668 beneficentia

440 4707 640 4777 πίστις,
676 4704 804 4762 οὐδὲ
833 4708 868 4777 ἡ
902 4705 1107 4782 ἀγάπη,
1137 4704 1262 4762 οὐδὲ
1291 4707 1326 4776 ἡ
1371 4706 1628 4781 καρτερία
1679 4711 1806 4778 μιᾶς
1863 4705 2095 4782 ἡμέρας,

2234 4713 2394 4779 Iterc,
2429 4707 2640 4764 auxilio
2673 4708 2816 4774 fove,
2851 4706 2976 4762 sed:
3010 4729 3036 4756 ‹‹
3071 4706 3179 4760 Fao
3212 4705 3471 4760 amicum
3504 4703 3598 4774 (ε).
3633 4721 3658 4753 ε
3699 4699 3856 4755 Ami-

439 4795 566 4852 ἀλλ’
597 4820 626 4849 ι(
660 4797 687 4852 6
729 4795 1027 4868 ὑπομείνας
1060 4795 1138 4857 εἷς
1170 4793 1351 4861 τέλος,
1386 4795 1547 4856 οὗτος
1579 4796 1902 4865 σωθήσεται.
1941 4820 1967 4846 n

2205 4813 2310 4854 cus
2343 4801 2561 4865 autem,
2595 4812 2708 4850 non
2759 4813 2878 4850 una
2920 4794 3228 4867 largitione
3288 4809 3392 4848 seu
3451 4806 3718 4856 munere,
3751 4789 3852 4844 sed

437 4887 616 4960 longa
649 4887 1050 4943 familiaritate
1081 4891 1415 4959 praestatur.
1447 4891 1587 4940 Nam
1625 4901 1815 4958 neque
1851 4887 1996 4942 fides
2029 4893 2129 4942 aut
2151 4886 2413 4944 charitas
2470 4891 2571 4940 aut
2627 4885 2940 4941 tolerantia
2998 4885 3178 4940 unius
3224 4883 3337 4939 diei
3369 4887 3480 4950 est,
3536 4881 3656 4950 sed,
3691 4901 3720 4929 ει
3753 4879 3853 4951 qui

437 4975 834 5048 perseveravit
859 4991 1048 5046 usque
1074 4974 1132 5029 in
1166 4975 1367 5044 ﬁnem,
1399 4973 1595 5032 salvus
1617 4974 1829 5048 erittf).
1865 4997 1894 5026 »

511 5067 627 5120 AI“.
661 5065 784 5124 Πῶς
846 5062 938 5117 οὗν
999 5063 1027 5117 6
1082 5059 1366 5138 ἅνθρωπος
1423 5066 1591 5117 ταῦτα
1648 5059 2093 5133 δίδωσι;·Δώσω

436 5149 536 5226 γὰρ
569 5149 630 5207 οὔ
666 5147 833 5225 μόνον
861 5155 982 5215 τοῖς
1012 5149 1218 5230 φίλοις,
1245 5149 1390 5207 ἀλλὰ
1445 5151 1536 5206 καὶ
1585 5155 1705 5213 τοῖς
1752 5149 1937 5228 φίλοις
1983 5155 2090 5206 τῶν

434 5239 630 5316 φίλων.
664 5239 765 5296 Καὶ
825 5239 909 5303 τίς
955 5240 1113 5302 οὗτός
1173 5238 1315 5295 ἐστιν
1367 5241 1395 5295 6
1435 5238 1599 5315 φίλος
1651 5243 1748 5294 τοῦ
1806 5244 1980 5310 Θεοῦς
2017 5239 2091 5295 Σὺ

2274 5063 2526 5120 XXXIII.
2553 5063 2816 5128 Quonam
2851 5063 3035 5136 igitur
3066 5061 3238 5117 modo
3268 5059 3445 5115 homo
3479 5057 3595 5112 hac
3617 5054 3854 5111 tribuit?

2211 5155 2368 5210 Dabo
2400 5154 2554 5209 enim
2589 5169 2704 5208 non
2738 5151 2929 5209 solum
2963 5150 3190 5219 amicis,
3216 5163 3415 5203 verum
3441 5146 3617 5202 etiam
3642 5143 3850 5198 amicis

2203 5242 2551 5298 amicorum.
2586 5242 2938 5314 Ecquisnam
2970 5255 3102 5294 vero
3161 5239 3250 5292 hic
3281 5241 3371 5292 est
3407 5233 3503 5290 Dei
3562 5232 3789 5288 amicus
3820 5231 3848 5285 ?

436 5329 534 5401 μὶν
595 5331 672 5404 μὴ
733 5334 881 5404 κρῖνε
944 5329 1025 5392 τίς
1085 5329 1232 5400 ἄξιος
1286 5331 1322 5399 ἢ
1379 5327 1462 5390 τίς
1520 5328 1734 5400 ἀνάξιος
1767 5326 2090 5404 ’ἐνδέχεται

2234 5332 2284 5386 lu
2320 5333 2558 5405 quidem
2590 5329 2708 5387 noli
2732 5330 3002 5401 judicare
3032 5327 3166 5400 quis
3195 5326 3416 5396 dignus
3445 5327 3545 5378 aut
3565 5320 3849 5393 indignus

499 5487 564 5550 »ιι
594 5483 816 5555 asia
857 5447 967 5555 ED.
1026 5481 1329 5538 POTTER.
1366 5481 1448 5554 (a)
1513 5481 1726 5538 Matth.
1758 5498 1814 5549 ι,
1851 5481 1939 5538 ιι.
1972 5482 2048 5554 (b)
2108 5486 2120 5536 ι

2234 5525 2246 5540 .
2278 5500 2398 5553 xvr,
2426 5481 2461 5537 9
2494 5484 2568 5555 (ο)
2626 5481 2678 5536 ΙΙ
2709 5481 2838 5536 Cor.
2868 5497 2944 5544 ιι,
2975 5480 3031 5532 7.
3060 5477 3136 5549 (ἀ)
3170 5477 3290 5532 Luc
3344 5491 3426 5542 v1,
3456 5474 3546 5530 30.
3605 5474 3678 5546 (ε)
3712 5473 3846 5530 Luc.

424 5568 547 5622 xu,
575 5555 630 5608 9.
665 5553 734 5626 (Γ)
765 5553 974 5610 Matth.
1005 5570 1063 5622 x,
1084 5555 1176 5610 22.

497 5721 679 5863 ἓξὲξ-ξ)
711 5721 842 5775 Ἵνα.
877 5724 980 5778 Ms.
1009 5719 1188 5777 habet
1209 5717 1303 5772 ἵνα
1336 5718 1434 5790 μή.
1469 5720 1635 5778 Ρειι.

597 5791 616 5862 )
667 5792 879 5863 Δγαθή.
913 5795 1044 5860 ML,
1074 5790 1230 5848 καθά.
1266 5791 1430 5849 Ὲέιι.

597 5791 616 5862 )
647 5790 879 5866 ’Ἀγαθήο
913 5795 1044 5860 ML,
1074 5790 1230 5848 καθά.
1266 5791 1430 5849 Ὲέιῐ..

2264 5722 2375 5866 E35)
2407 5717 2755 5788 Τελειότητα.
2791 5718 2925 5785 Ms.,
2953 5713 3210 5804 βιότητα.
3247 5716 3413 5773 FELL.

2293 5794 2385 5866 36)
2409 5797 2516 5862 Γῆν
2548 5787 2708 5859 ὅλην.
2744 5790 2880 5860 ΜΒ..
2908 5807 3009 5860 την
3036 5785 3196 5862 ὃλην.
3229 5789 3394 5847 Εἐιι..

2233 5822 2236 5824 ·
2269 5785 2385 5866 (36)
2409 5797 2516 5862 Γῆν
2548 5785 2708 5859 ὅλην.
2744 5790 2880 5860 ΜΒ..
2908 5788 3009 5860 τήν
3036 5785 3196 5862 ὃλην.
3229 5789 3394 5847 Εἐιι..
