4124 6426
412 467 529 525 ‘6“

1581 462 1798 522 le
1834 458 2008 532 QUIB
2044 466 2258 521 DIVEB
2296 468 2695 529 SALVBTUB.

3743 481 3853 537 642

425 591 541 649 λεῖν
572 588 825 660 ἀληθῶς,
864 584 1107 656 ἀδόλως,
1149 583 1392 667 ἀφόϐως,
1446 587 1828 663 ἆνυποκρίτος,
1869 586 2084 643 ἀκπλα-

2221 608 2359 661 aere,
2391 592 2537 648 alter
2566 593 2843 651 benevole
2871 595 3188 654 consilium
3222 598 3362 657 dare
3395 617 3409 669 ;
3443 581 3651 660 omnes
3683 606 3853 663 deni-

423 680 652 749 κεύτως,
687 676 1002 740 ἀπλάστως.
1030 678 1098 733 ’Ὠ
1142 676 1379 752 γλυκεῖα
1427 676 1685 753 θεραπεία
1732 676 2040 754 φιλούντων
2074 676 2087 733 l

428 768 474 824 ὤ
510 769 769 843 μακάριοι
820 764 1061 821 διάνοιαι
1110 766 1455 843 θαρρούντων
1491 768 1504 823 l
1556 761 1601 820 ὤ
1630 766 1810 829 πίστις
1854 766 2088 840 εἰλικρι-

428 860 529 928 νὴς
558 855 691 913 Θεὸν
719 857 881 929 μόνον
915 852 1173 910 δεδιότων
1199 857 1212 911 l
1241 852 1286 909 ὣ
1319 854 1501 929 λόγων
1534 852 1766 925 ἀλήθεια
1790 855 1939 926 παρὰ
1970 859 2087 917 τοῖς

433 946 723 1022 ψεύσασθαι
760 946 836 1019 μὴ
870 942 1190 1018 δυναμένοις
1227 945 1241 1002 ι
1276 942 1321 997 ὣ
1350 942 1558 1004 κάλλος
1589 938 1762 1020 ἔργων
1792 944 1939 1017 παρὰ
1966 948 2088 1005 τοῖς

433 1037 548 1109 Θεῷ
594 1032 863 1090 διακονεῖν
922 1033 1333 1106 πεπεισμένοις,
1382 1032 1586 1086 πείθειν
1638 1033 1793 1099 Θεὸν,
1843 1032 2088 1108 ἀρεσκειν

430 1129 573 1198 Θεῷ,
603 1124 669 1179 οὗ
701 1121 901 1198 σαρκὸς
933 1126 1033 1191 τῆς
1061 1125 1160 1187 σῆς
1203 1123 1461 1185 ἅπτεσθαι
1498 1124 1509 1177 l
1567 1119 1779 1192 λαλεῖν,
1811 1119 1978 1190 ἀλλὰ,
2009 1126 2090 1194 τῷ

433 1211 655 1289 βασιλεῖ
676 1216 788 1268 τῶν
820 1209 1037 1266 αΐώνων
1068 1211 1123 1265 εν
1156 1210 1242 1265 σοὶ
1272 1213 1647 1266 κατοικοῦντι.

2200 696 2315 751 que
2337 698 2488 752 vere,
2522 684 2651 738 sine
2664 683 2819 753 dolo,
2846 684 3009 740 nullo
3031 685 3262 757 timore,
3289 688 3452 745 nulla
3471 691 3848 751 simulatione

2200 774 2371 825 autve
2427 771 2792 835 adulatione,
2850 773 3111 843 nihilque
3166 776 3300 830 ficte
3353 795 3571 836 amare.
3603 782 3647 838 Ο
3678 784 3849 841 dulce

2200 859 2525 914 amicorum
2555 861 2925 932 obsequium!
2959 879 2990 917 ο
3025 864 3187 918 beata
3220 868 3457 921 servitia
3489 886 3715 941 eorum,
3749 876 3850 943 qui

2203 948 2419 1002 ﬁducia
2452 948 2713 1019 polleant
2744 948 2755 1003 l
2792 966 2825 1005 ο
2849 951 3079 1007 sincera
3109 952 3255 1008 fides
3286 970 3489 1012 eorum
3524 960 3622 1028 qui
3656 961 3851 1018 solum

2206 1041 2390 1091 Deum
2424 1037 2675 1093 timeant
2706 1037 2719 1092 l
2756 1055 2787 1093 ο
2818 1041 3127 1095 verborum
3179 1044 3393 1099 veritas
3426 1049 3581 1117 apud
3614 1063 3715 1105 eos
3747 1052 3853 1121 qui

2203 1125 2441 1180 mentiri
2475 1143 2592 1181 non
2627 1126 2894 1209 possunt!
2929 1144 2961 1182 ο
2996 1129 3218 1198 puchra
3250 1131 3483 1189 illorum
3517 1140 3860 1210 opera,qui-

2203 1216 2312 1269 bus
2338 1215 2730 1271 constitutum
2762 1222 2852 1272 est
2882 1222 2947 1271 ut
2978 1217 3092 1273 Deo
3124 1219 3484 1289 ministrent,
3516 1225 3700 1283 Deum
3752 1229 3858 1285 ﬂe-

431 1309 613 1373 ctant,
652 1305 762 1359 Deo
794 1302 1081 1374 placeant,
1115 1317 1231 1356 non
1282 1315 1518 1357 carnem
1580 1306 1744 1356 tuam
1799 1300 2036 1371 impuro
2094 1317 2293 1358 amore
2319 1304 2703 1377 contingant!
2740 1311 2809 1360 ut
2865 1306 3205 1378 loquantur,
3240 1310 3321 1366 ita
3363 1316 3554 1369 tamen
3588 1320 3652 1371 ut
3708 1334 3847 1374 cum

433 1408 573 1464 rege
604 1389 981 1459 saeculorum,
1014 1390 1117 1463 qui
1148 1390 1206 1444 in
1240 1394 1297 1446 te
1326 1388 1572 1457 habitet,
1607 1405 1940 1446 sermonem
1975 1390 2207 1447 habeat.

506 1480 619 1548 AC.
654 1478 857 1540 Πάντες
885 1475 981 1531 οὖν
1026 1477 1081 1531 οἱ
1122 1475 1331 1547 πιστοὶ,
1382 1474 1568 1542 καλοὶ,
1625 1482 1970 1551 θεοπρεπεῖς,
2002 1476 2094 1531 καὶ

432 1574 537 1638 τῆς
562 1564 937 1643 προσηγορίας
960 1563 1121 1637 ἄξιοι,
1154 1563 1220 1634 ἢν
1254 1562 1435 1639 ὥσπερ
1468 1561 1713 1638 διάδημα
1737 1564 2091 1641 περίκεινται.

434 1657 512 1715 Οὐ
548 1657 658 1729 μὴν
690 1652 817 1710 ἀλλ’
835 1653 970 1709 εῒσὶν
994 1651 1104 1724 ἤδη
1136 1654 1279 1715 τινὲς
1302 1654 1391 1708 καὶ
1413 1658 1523 1708 τῶν
1548 1652 1821 1708 ἐκλεκτῶν
1841 1653 2097 1710 ὶκλεκτό-

433 1765 609 1819 τεροι,
639 1745 730 1799 καὶ
757 1743 1007 1816 τοσούτῳ
1030 1740 1246 1816 μᾶλλον
1273 1745 1434 1811 ἧττον
1470 1745 1611 1815 (37‘)
1642 1743 1908 1816 ἐπίσημοι
1961 1744 2099 1818 πρὸς

2276 1482 2427 1539 845
2456 1480 2707 1539 XXXVI.
2769 1483 2986 1539 Omnes
3015 1483 3216 1556 itaque
3275 1487 3502 1558 ﬁdeles,
3536 1493 3726 1564 probi,
3768 1495 3861 1550 di-

2204 1570 2479 1642 vinisque
2510 1572 2776 1627 moribus
2807 1572 3088 1637 instituti,
3120 1580 3292 1645 atque
3322 1594 3390 1633 ea
3420 1579 3581 1652 digni
3627 1599 3861 1640 nuncu-

2206 1659 2468 1730 patione,
2501 1676 2618 1731 qua
2648 1659 2809 1715 velut
2839 1662 3174 1718 diademate
3204 1678 3422 1720 corona
3450 1668 3670 1741 inclyta
3699 1674 3863 1727 redi-

2210 1747 2336 1801 miti
2398 1752 2558 1802 sunt.
2595 1748 2903 1804 Enimvero
2934 1766 3052 1805 non
3084 1752 3301 1807 desunt
3327 1756 3424 1825 qui
3456 1761 3513 1811 et
3553 1760 3681 1828 jam
3714 1762 3868 1817 inter

430 1836 527 1890 τὸν
562 1831 760 1907 λιμένα
789 1832 965 1887 ἒκτοῦ
1002 1830 1290 1893 κλύδωνος
1312 1835 1411 1886 τοῦ
1464 1832 1679 1904 κόσμου
1726 1831 2096 1895 νεωλκοῦντες

2221 1837 2433 1891 electos
2466 1837 2672 1903 majori
2703 1835 2906 1891 electis
2967 1842 3309 1909 praestantia
3364 1842 3648 1915 fulgeant,
3678 1865 3866 1922 eoque

438 1923 663 1986 ἑαυτοὺς
686 1922 779 1978 καὶ
828 1922 1191 1996 ἐπανάγοντες
1238 1919 1323 1976 ἐπ’
1373 1920 1636 1998 ἀσφαλές·
1669 1920 1733 1976 ού
1766 1920 2099 1997 βουλόμενοι

2221 1923 2402 1997 magis
2430 1924 2690 1980 illustres
2711 1926 2853 1991 sint,
2878 1943 2994 1994 quo
3027 1928 3273 1984 velutad
3303 1937 3539 2001 portum
3563 1951 3632 1991 ex
3654 1918 3863 1995 mundi

443 2013 623 2070 δοκεῖν
657 2013 829 2086 ἅγιοι,
887 2009 985 2067 κᾶν
1041 2007 1167 2086 εἴπῃ
1224 2032 1331 2077 τις,
1386 2011 1800 2085 αἰσχυνόμενον
1852 2008 1905 2065 ἐν
1942 2011 2093 2086 βάθει

446 2105 675 2179 γνώμης
742 2100 1185 2177 ἀποκρύπτοντες
1246 2101 1313 2154 τὰ
1384 2097 1733 2169 ἀνεκλάλητα
1799 2102 2097 2175 μυστήρια,

449 2194 539 2249 καὶ
562 2193 661 2261 τὴν
719 2189 896 2246 αύτῶν
957 2187 1224 2264 εὐγένειαν
1286 2188 1754 2265 ὑπερηφανοῦντες
1795 2190 1847 2243 ἐν
1903 2189 2099 2261 κόςμῳ

458 2281 762 2355 βλέπεσθαι.
815 2276 910 2340 οὓς
941 2277 970 2332 ὸ
1002 2274 1169 2352 λόγος
1199 2301 1227 2328 (ι
1261 2280 1376 2353 φῶς
1423 2280 1523 2331 τοῦ
1563 2277 1777 2350 κόσμου
1820 2278 1911 2331 καὶ
1960 2276 2096 2339 ἅλας

449 2376 548 2438 τῆς
568 2372 671 2445 γῆς
704 2391 733 2419 ››
782 2366 959 2422 καλεῖ.
1006 2366 1162 2419 Τοῦτ’
1224 2364 1357 2421 ἐστὶ.
1406 2366 1468 2420 τὸ
1514 2364 1751 2439 σπέρμα,
1797 2364 1955 2420 εἰκὼν
2006 2366 2096 2419 καὶ

446 2458 712 2533 ὁμοίωσις
742 2459 899 2524 Θεοῦ,
930 2453 1023 2510 καί
1068 2455 1257 2510 τέκνον
1296 2452 1461 2510 αύτοῦ
1508 2456 1753 2531 γνήσιον,
1806 2454 1899 2510 καὶ
1956 2452 2098 2525 κλη-

445 2548 703 2622 ρονόμον,
736 2545 918 2621 ὥσπερ
980 2543 1068 2600 έπί
1121 2564 1245 2599 τινα
1297 2544 1550 2615 ξενιτείαν
1603 2543 1828 2598 ἐνταῦθα
1876 2544 2099 2617 πεμπό-

447 2658 607 2712 μενον
666 2636 773 2691 ύπὸ
833 2636 1081 2711 μεγάλης
1133 2633 1457 2706 οἰκονομίας
1509 2633 1600 2688 καὶ
1663 2632 1958 2709 ἀναλογίας
2002 2636 2100 2688 τοῦ

445 2727 680 2801 Πατρὸς,
713 2722 783 2779 δι’
810 2725 872 2778 οὗ
914 2724 1003 2778 καὶ
1032 2724 1100 2778 τὰ
1129 2722 1330 2800 φανερὰ
1374 2726 1465 2777 καὶ
1496 2721 1563 2777 τὰ
1610 2720 1788 2799 ἀφανῆ
1819 2725 1919 2777 τοῦ
1966 2721 2098 2777 κόσ-

448 2836 555 2890 μου
584 2812 1073 2887 δεδημιούργηται·
1108 2812 1175 2866 τά
1213 2811 1308 2884 μὲν
1357 2810 1434 2873 είς
1477 2808 1754 2881 δουλείαν,
1802 2811 1871 2864 τὰ
1913 2808 1973 2866 δὲ
2021 2810 2098 2874 είς

444 2903 697 2976 ἄσκησιν,
728 2902 796 2958 τὰ
827 2899 885 2957 δὲ
916 2901 993 2965 εἷς
1053 2901 1288 2974 μάθησιν
1350 2900 1530 2954 αὐτῶν
1588 2903 1725 2970 (38)·
1783 2900 1871 2954 καὶ
1926 2900 2103 2954 πάντα

449 2995 651 3068 μέχρις
681 2992 743 3047 ἂν
774 2990 1003 3055 ἐνταῦθα
1058 2990 1122 3044 τὸ
1177 2987 1394 3064 σπέρμα
1437 2989 1591 3062 μένῃ,
1650 2989 1954 3063 συνέχεται·
2007 2989 2101 3043 καὶ

448 3080 809 3157 συναχθέντος
838 3080 1029 3151 αὐτοῦ,
1067 3082 1236 3134 ταῦτα
1262 3077 1500 3153 τάχιστα
1529 3074 1845 3147 λυθήσεται.

2205 2012 2461 2084 procella
2490 2013 2719 2085 seipsos
2750 2014 3107 2083 subducant,
3142 2035 3352 2090 resque
3382 2038 3522 2078 suas
3580 2025 3638 2080 in
3661 2030 3860 2084 tutum

2207 2103 2514 2175 recipiant:
2548 2104 2647 2173 qui
2678 2104 2869 2158 sancti
2904 2105 3082 2160 videri
3116 2107 3345 2174 nolunt;
3375 2127 3440 2165 ac
3472 2112 3522 2167 si
3555 2116 3689 2185 quis
3713 2133 3865 2173 nun-

2206 2193 2526 2263 cupaverit,
2557 2193 2928 2249 erubescant:
2966 2195 3068 2265 qui
3101 2196 3219 2251 imo
3252 2198 3380 2269 ipso
3403 2206 3636 2271 pectore
3660 2204 3866 2263 inell‘a-

2208 2280 2351 2336 bilia
2382 2280 2663 2353 mysteria
2704 2282 3094 2351 abscondant,
3153 2301 3443 2358 suamque
3492 2291 3863 2353 nobilitatem

2207 2370 2490 2425 humanis
2522 2369 2712 2425 oculis
2775 2371 2953 2440 objici
2988 2378 3389 2430 contemnant.
3421 2376 3537 2434 Hos
3583 2380 3867 2441 nimirum

2207 2458 2512 2530 Scriptura
2540 2480 2570 2509 ‹‹
2605 2459 2803 2514 lumen
2831 2461 3039 2515 mundi
3063 2467 3119 2516 et
3142 2462 3229 2517 sal
3246 2469 3413 2519 terra
3437 2472 3865 2542 «vocat(a).Hcc

2206 2561 2419 2618 nempe
2446 2562 2645 2603 semen
2676 2546 2802 2617 (Dei
2833 2546 3059 2604 scilicet
3085 2550 3283 2622 imago
3311 2557 3370 2608 et
3398 2555 3739 2632 similitudo,
3772 2578 3869 2619 ve-

2211 2652 2394 2706 raque
2425 2636 2554 2704 ejus
2585 2636 2781 2703 proles
2808 2642 2864 2691 et
2896 2638 3103 2709 haeres)
3134 2640 3369 2697 velutin
3392 2646 3662 2704 exsilium
3684 2653 3868 2721 quod-

2210 2725 2343 2779 dam
2378 2740 2445 2779 ac
2472 2724 3015 2797 peregrinationem
3045 2743 3259 2800 magno
3280 2730 3471 2789 Patris
3487 2741 3868 2809 propensiore

2210 2812 2457 2867 consilio
2491 2828 2871 2884 congruaque
2902 2814 2987 2870 eis
3021 2818 3248 2873 ratione
3275 2836 3344 2876 ac
3374 2829 3533 2879 sorte
3582 2825 3698 2882 huc
3733 2831 3873 2884 mit-

2210 2902 2379 2969 titur;
2413 2917 2529 2973 quo
2557 2907 2796 2958 auctore
2828 2904 3035 2959 mundi
3066 2920 3181 2971 res,
3213 2912 3338 2963 tum
3357 2911 3546 2968 oculis
3568 2917 3871 2988 expositae,

2209 2993 2338 3045 tum
2373 2989 2613 3046 occultas
2644 2991 2892 3046 condita:
2923 3001 3083 3048 sunt:
3116 2994 3243 3050 alia
3275 2998 3512 3066 quidem
3544 3018 3744 3061 eorum
3765 3009 3869 3064 ob-

2213 3076 2437 3148 sequiis
2467 3078 2698 3145 deditae,
2730 3077 2858 3133 alia:
2884 3095 3017 3135 vero
3046 3081 3312 3152 ipsorum
3343 3092 3647 3146 exercendi
3676 3096 3870 3165 gratia

447 3172 686 3229 excolen
704 3172 897 3243 imque
919 3168 1155 3225 virtutis
1186 3174 1359 3238 atque
1414 3167 1544 3223 alias
1575 3168 1852 3223 doctrinas
1880 3183 2058 3223 causa
2087 3166 2444 3222 constitutas:
2505 3172 2836 3238 cunctaque
2894 3170 3271 3228 continentur
3300 3191 3365 3231 ac
3417 3188 3863 3255 conservantur,

451 3263 645 3336 quoad
670 3277 870 3317 semen
902 3258 1137 3315 mortali
1168 3257 1277 3314 hoc
1299 3261 1459 3313 statu
1501 3257 1808 3313 manserit:
1844 3273 1961 3327 quo
1992 3256 2235 3313 collecto
2264 3255 2569 3311 celerrime
2594 3256 2975 3313 dissolvenda
3007 3265 3166 3316 sunt.

525 3351 644 3406 AZ'.
676 3350 737 3404 Τί
769 3349 875 3423 γάρ
906 3348 984 3401 ἔτι
1018 3344 1098 3401 δεὶ
1124 3349 1244 3417 Θεῷ
1272 3346 1339 3400 τὰ
1364 3351 1465 3414 τῆς
1506 3345 1723 3419 ἀγάπης
1782 3346 2056 3418 μυστήρια
2090 3370 2104 3413 ;

2288 3351 2352 3415 ›ι‹
2381 3344 2659 3401 XXXVII.
2693 3346 2840 3409 Quid
2873 3348 3032 3403 enim
3064 3354 3181 3405 Deo
3240 3354 3497 3425 amplius
3530 3366 3870 3422 necessaria

454 3439 552 3495 Καὶ
598 3437 725 3495 τότε
776 3435 1128 3499 ἐποπτεύσεις
1170 3435 1264 3489 τὸν
1309 3433 1517 3490 κόλπον
1568 3438 1666 3489 τοῦ
1710 3434 1940 3505 Πατρὸς,
1992 3434 2053 3487 8v
2084 3433 2114 3488 ὁ

458 3526 762 3602 μονογενὴς
790 3525 916 3586 Υἱὸς
976 3523 1106 3585 Θεὸς
1164 3523 1333 3594 μόνος
1376 3521 1702 3596 ἐξηγήσατο.
1733 3524 1889 3579 ’Ἐστι
1935 3519 1993 3576 δὶ
2020 3522 2113 3577 καὶ

454 3616 615 3679 αὐτὸς
640 3616 669 3670 ὁ
687 3615 817 3676 Θεὸς
830 3614 1043 3688 ἀγάπη,
1065 3612 1155 3667 καὶ
1185 3608 1254 3664 δι’
1278 3610 1489 3685 ἀγάπην
1517 3612 1553 3680 ἡ
1581 3615 1676 3682 μῐν
1706 3608 1947 3683 ἐθηράθη
1974 3612 2114 3683 (39).

453 3704 556 3763 Καὶ
584 3704 648 3758 τό
685 3704 779 3776 μὶν
814 3698 1051 3778 ἄρρητον
1085 3698 1275 3770 αὐτοῦ,
1313 3700 1526 3771 Ηατήρ·
1558 3699 1623 3754 τὸ
1649 3695 1708 3753 δὲ
1727 3697 1804 3760 εἰς
1836 3700 1974 3770 ἡμῖν
2001 3701 2114 3770 (40)

455 3792 755 3867 συμπαθὲς,
785 3791 974 3867 γέγονε
1008 3790 1217 3864 μήτηρ.
1268 3788 1567 3863 Ᾱγαπήσας
1592 3789 1621 3841 ὁ
1653 3787 1840 3861 Πατὴρ
1887 3785 2116 3856 ἐθηλύν-

454 3884 546 3953 θη·
580 3880 671 3937 καὶ
726 3878 926 3936 τούτου
961 3878 1102 3953 μέγα
1131 3881 1387 3950 σημεῖον,
1428 3876 1488 3931 δν
1536 3875 1697 3940 αὐτὸς
1747 3875 2031 3951 ἐγέννησεν
2063 3875 2115 3946 ἐξ

460 3972 675 4027 εαυτοῦ·
704 3968 796 4025 καὶ
827 3970 857 4024 ὁ
884 3969 1103 4044 τεχθεὶς
1150 3965 1200 4040 ἐξ
1249 3967 1467 4041 ὀγάπης
1512 3966 1741 4042 καρπὸς,
1778 3964 1986 4041 ἀγάπη.
2021 3967 2119 4021 Διὰ

459 4064 620 4115 τοῦτο
649 4058 741 4114 καὶ
771 4057 931 4118 αὑτὸς
976 4054 1238 4126 κατῆλθε·
1273 4052 1362 4110 διὰ
1402 4058 1562 4110 τοῦτο
1603 4055 1883 4128 ἄνθρωπον
1937 4052 2114 4110 ἀνέδυ·

464 4144 555 4202 διὰ
592 4151 757 4203 τοῦτο
803 4145 872 4202 τὰ
915 4145 1220 4221 ἀνθρώπων
1264 4142 1404 4199 ἑκὼν
1452 4140 1666 4211 ἔπαθεν,
1711 4140 1806 4199 τίνα
1846 4143 1977 4217 πρὶς
2020 4143 2121 4212 τήν

461 4234 731 4311 ἡμετέραν
792 4234 1090 4302 ἀσθένειαν,
1140 4232 1236 4295 οὓς
1292 4231 1551 4307 ἠγάπησε
1604 4231 1915 4307 μετρηθεὶς,
1971 4233 2122 4304 ἡμᾶς

461 4327 602 4402 πρὸς
630 4326 733 4394 τὴν
764 4324 955 4380 ὶαυτου
1006 4320 1234 4396 δύναμιν
1290 4322 1681 4396 ἀντιμετρήσῃ.
1742 4320 1846 4377 Καὶ
1896 4318 2119 4394 μέλλων

467 4410 826 4470 σπένοδεσθαι
858 4412 949 4468 καὶ
973 4409 1171 4488 λύτρον
1196 4409 1384 4466 ἑαυτὸν
1412 4407 1715 4478 ἐπιδιδοὺς,
1745 4410 1934 4478 καινὴν
1982 4411 2120 4482 ἡμῖν

464 4504 736 4573 Διαθήκην
779 4499 1205 4574 καταλιμπάνει·
1260 4498 1509 4575 Ἀχάπην
1572 4499 1699 4571 ὑμῖν
1758 4495 1963 4571 δίδωμι
2019 4498 2120 4567 τήν

464 4591 628 4667 ἐμήν.
659 4589 756 4654 Τίς
790 4588 847 4646 δέ
876 4589 1017 4646 ἐστιν
1050 4589 1216 4659 αὕκη,
1246 4588 1336 4642 καὶ
1368 4588 1511 4657 πόση
1538 4606 1553 4656 ;
1599 4586 1758 4660 Ὑπὶρ
1788 4589 1951 4657 ἡμῶν
2000 4585 2123 4642 ἐκά-

468 4701 598 4736 στου
654 4681 864 4749 καθῆκε
919 4680 1021 4748 τὴν
1081 4677 1269 4752 ψυχὴν
1325 4675 1424 4743 τήν
1478 4673 1727 4745 ἀνταξίαν
1784 4678 1894 4730 τῶν
1951 4673 2121 4731 ὅλων.

2221 3432 2527 3489 charitatis
2559 3434 2872 3506 mysteria?
2908 3435 3187 3507 Tuncque
3232 3441 3375 3498 adeo
3424 3445 3618 3506 Patris
3666 3452 3868 3510 sinum

2222 3522 2520 3594 inspicies,
2554 3538 2727 3593 quem
2760 3523 2923 3579 solus
2952 3528 3244 3583 enarravit
3301 3533 3643 3606 unigenitus
3686 3541 3873 3598 Filius

2224 3609 2400 3665 Deus.
2436 3610 2536 3666 Est
2564 3617 2761 3667 autem
2794 3617 2851 3667 et
2878 3612 3032 3668 Deus
3064 3616 3189 3687 ipse
3220 3618 3497 3693 charitas,
3528 3642 3645 3698 qua
3676 3635 3733 3683 et
3771 3647 3873 3687 ve-

2226 3704 2367 3753 natu
2392 3715 2568 3770 prope
2599 3717 2633 3755 a
2664 3700 2836 3755 nobis
2867 3706 3075 3773 captus
3102 3711 3210 3760 est.
3246 3707 3312 3762 Et
3369 3712 3607 3782 quidem
3658 3734 3875 3775 arcana

2224 3787 2442 3844 deitate
2473 3792 2662 3855 Pater;
2691 3806 2804 3859 qua
2825 3806 2959 3846 vero
2982 3808 3090 3849 nos
3109 3793 3509 3856 misericordia
3529 3812 3876 3874 persecutus

2226 3881 2337 3940 est,
2365 3877 2593 3933 exstitit
2626 3882 2830 3935 mater.
2856 3878 3026 3936 Pater
3045 3882 3363 3957 diligendo,
3395 3893 3566 3961 quasi
3592 3894 3873 3950 feminam

2225 3965 2442 4032 induit;
2478 3966 2781 4039 hujusque
2813 3968 2894 4023 rei
2926 3973 3149 4040 grande
3178 3972 3463 4032 indicium
3488 3986 3601 4043 est.
3624 3998 3801 4053 quem
3827 3983 3879 4037 is

2227 4071 2297 4111 ex
2327 4071 2390 4111 se
2420 4054 2622 4126 genuit
2655 4072 2668 4112 :
2702 4072 2771 4111 ac
2791 4057 2893 4127 qui
2950 4074 3018 4113 ex
3041 4059 3327 4118 charitate
3385 4074 3717 4139 prognatus
3760 4073 3884 4127 fru-

2228 4150 2380 4210 ctus,
2414 4144 2543 4215 ipse
2606 4144 2861 4200 charitas
2914 4151 3022 4201 est.
3084 4148 3322 4220 Propter
3378 4153 3486 4209 hoc
3535 4163 3593 4211 et
3623 4156 3751 4229 ipse
3783 4161 3887 4214 de-

2230 4234 2480 4295 scendit;
2514 4238 2751 4304 propter
2780 4233 2891 4289 hcc
2922 4234 3214 4292 hominem
3249 4238 3465 4305 induit;
3499 4250 3745 4316 propter
3776 4248 3884 4304 hoc

2228 4321 2431 4378 volens
2460 4322 2724 4377 humana
2752 4338 2964 4394 passus
2994 4329 3104 4393 est,
3139 4331 3205 4380 ut
3233 4327 3616 4388 imbecillitati
3668 4342 3884 4392 nostrae

2231 4426 2361 4467 sese
2389 4410 2794 4477 commetiens,
2818 4428 2953 4467 cum
2978 4413 3300 4484 dilexisset,
3323 4435 3441 4475 suae
3465 4422 3637 4479 nobis
3650 4426 3890 4481 virtutis

2232 4516 2573 4556 mensuram
2598 4500 2960 4571 modumque
2985 4502 3241 4560 vicissim
3267 4512 3892 4585 rependeret.Jamque

2231 4587 2654 4655 immolandus,
2673 4604 2739 4643 ac
2752 4605 2884 4644 cum
2902 4606 2964 4645 se
2977 4592 3232 4662 pretium
3251 4597 3688 4671 redemptionis
3703 4603 3892 4675 daret,

2242 4692 2459 4732 uovum
2492 4675 2664 4732 nobis
2702 4676 3148 4737 Testamentum
3193 4683 3452 4756 reliquit:
3506 4689 3892 4748 Dilectionem

465 4769 682 4841 Ταύτην
720 4735 868 4842 ἡμᾶς
925 4735 1058 4843 ὑπὲρ
1097 4735 1394 4835 ’ἀλλήλων-
1442 4735 1778 4821 ἀνταπαιτεῖ.
1840 4762 1903 4819 El
1936 4760 1994 4819 δὲ
2028 4765 2108 4819 τὰρ

2245 4781 2434 4820 meam
2466 4766 2539 4820 do
2570 4766 2752 4821 vobis.
2790 4765 3070 4830 Quasnam
3100 4735 3473 4831 νὲὼᾟῖεἷξι

467 4859 649 4933 ψυχὰς
694 4855 995 4932 ὀφείλομεν
1050 4858 1170 4917 τοῖς
1223 4851 1507 4931 ἀδελφοῖς,
1565 4850 1655 4907 καῖ
1706 4851 1969 4921 τοιαύτην
2031 4853 2130 4921 την

469 4949 740 5017 συνθήκην
792 4945 932 5019 πρὸς
966 4944 1071 4999 «τὸν
1121 4949 1355 5017 Σωτῆρα
1413 4940 2001 5017 ἀνθομολογησάμεθα,
2051 4936 2129 4997 ἔτι

470 5037 539 5091 τὰ
566 5040 663 5092 τοῦ
714 5034 951 5107 κόσμου,
997 5033 1067 5088 τὰ
1118 5030 1321 5107 πτωχά
1369 5030 1458 5087 καὶ
1505 5029 1772 5106 ἀλλότρια
1800 5030 1890 5086 καὶ
1918 5032 2132 5109 παραῤ-

478 5123 665 5198 ῥέοντα
692 5122 1043 5198 καθείρξομεν
1077 5119 1475 5194 ταμιευόμενοι
1501 5137 1515 5190 ;
1546 5116 1845 5191 Ἀλλήλων
1874 5118 2133 5176 ἀποκλεί-

477 5233 658 5287 σομεν,
694 5213 729 5268 ἃ
762 5213 898 5285 μετά
930 5210 1125 5286 μικρὸν
1150 5207 1255 5281 ’ἐξει
1282 5210 1348 5265 τὸ
1398 5212 1507 5284 πῦρ
1538 5228 1553 5280 ;
1608 5208 1776 5271 Θείως
1803 5230 1865 5285 γε
1892 5209 1982 5264 καὶ
2014 5208 2134 5265 ὄπι-

475 5305 659 5367 πόνως
689 5304 719 5358 ὁ
753 5301 1035 5371 Ἰωάννης,
1068 5323 1098 5353 ι(
1129 5301 1190 5357 Ὁ
1216 5300 1292 5372 μή
1326 5297 1530 5377 φιλῶν,
1562 5299 1717 5378 φησὶ,
1747 5299 1841 5355 τὸν
1869 5296 2133 5377 ἀδελφὸν,

474 5391 925 5471 ἀοθρωποκτόνος
957 5387 1088 5445 ἐστί.
1124 5411 1152 5441 n
1187 5387 1403 5461 σπέρμα
1439 5391 1538 5442 τοῦ
1583 5387 1735 5461 Καίν,
1785 5388 2007 5462 θρέμμα
2033 5386 2132 5444 τοῦ

544 5528 609 5595 ιχ(
638 5523 697 5581 ιι.
728 5522 837 5578 946
866 5520 981 5579 sn.
1015 5518 1321 5576 POTTER.
1354 5516 1433 5591 (a)
1460 5516 1668 5575 Matth.
1692 5531 1747 5589 ν,
1784 5516 1876 5587 13,
1909 5518 1997 5573 ιι.

547 5648 692 5721 (37')
722 5644 954 5721 Μᾶλῃν
1000 5645 1187 5721 ἧττον.
1236 5638 1464 5697 Μᾶλλον
1560 5640 1724 5713 ἧττον
1770 5640 1864 5710 ed,
1922 5640 2128 5700 Klotzii

477 5715 641 5785 Lips,
674 5715 837 5776 1832.
871 5718 1031 5775 Enrr.
1067 5715 1305 5772 PATROL.

571 5792 663 5865 38)
693 5788 907 5849 Αὐτῶν.
936 5786 1125 5861 Αὐτῷ,
1155 5802 1268 5846 ms.
1301 5785 1468 5845 FsLL.

2241 4870 2594 4926 unoquoque
2625 4860 2893 4911 nostrum
2925 4858 3187 4915 animam
3219 4865 3434 4931 posuit,
3489 4871 3665 4939 cujus
3707 4871 3898 4938 majus

2240 4942 2519 4999 omnibus
2552 4944 2808 5015 pretium
2838 4946 3090 5003 exsistit.
3125 4948 3304 5019 Hanc,
3331 4958 3397 5007 ut
3416 4954 3565 5011 alter
3588 4973 3697 5028 pro
3715 4958 3897 5014 altero

2240 5048 2531 5105 ponanus,
2566 5046 2597 5087 e
2631 5032 2801 5088 nobis
2833 5034 3030 5107 exigit.
3064 5038 3225 5103 Quod
3259 5040 3308 5094 si
3342 5057 3446 5112 pro
3478 5044 3767 5099 fratribus
3792 5063 3899 5116 po-

2243 5138 2379 5177 nere
2409 5120 2641 5177 animas
2664 5123 2971 5194 debemus,
2993 5129 3171 5196 atque
3193 5128 3303 5183 hoc
3324 5145 3458 5185 cum
3484 5132 3794 5189 Salvatore
3816 5135 3900 5190 vi-

2241 5210 2443 5268 cissim
2475 5210 2629 5282 pacti
2683 5216 3111 5268 testamentum
3174 5230 3406 5283 sumus,
3439 5218 3713 5276 adhucne
3770 5238 3899 5293 quas

2242 5300 2438 5358 saeculi
2471 5304 2633 5369 sunt,
2664 5315 2850 5372 egena
2879 5299 2980 5357 illa
3008 5306 3068 5356 et
3096 5302 3289 5359 aliena
3318 5314 3373 5359 et
3392 5306 3698 5365 efﬂuentis
3720 5311 3905 5367 conti-

2244 5390 2520 5448 nebimus
2552 5404 2618 5444 ac
2649 5388 3071 5445 recondemus?
3098 5390 3264 5447 Alter
3292 5392 3461 5450 alteri
3483 5395 3685 5454 clausa
3715 5398 3905 5457 habe-

2330 5643 2420 5714 39)
2452 5640 2577 5711 Ἐθη
2620 5638 2748 5709 άθη.
2802 5639 2880 5695 Le
2921 5640 3138 5697 endum
3190 5643 3422 5702 videtur
3469 5644 3708 5721 ἐθηλύνθ
3755 5669 3773 5688 ο
3819 5651 3907 5710 In.

2305 5642 2422 5787 ίλίο)
2456 5711 2553 5777 Εἷς
2581 5660 2739 5786 ξμῖν.
2773 5654 2977 5769 Scrigbe
3007 5710 3083 5776 είς
3114 5714 3290 5787 ἡμᾶς,
3713 5671 3746 5722 η

2330 5710 2422 5787 40)
2456 5710 2739 5786 Είςὴμῖν.
2773 5710 2977 5769 Scribe
3007 5710 3083 5776 είς
3114 5714 3290 5790 ἡμᾶς,
