4124 6406
325 455 432 510 643
1561 445 1953 504 CLEMENTI!

2117 435 2512 495 annnam
2551 453 2554 458 '
3617 429 3745 486 -644

329 581 550 650 bimus,
576 595 704 651 qua
737 576 896 633 brevi
928 580 1058 648 post
1084 574 1453 631 absumenda
1500 571 1656 644 ignis
1686 565 1957 624 habebit?

2116 557 2373 616 ιιαόόλου.
2427 561 2566 651 θεοῦ
2599 555 2939 651 ⁸,σπλάγχνον
2998 556 3088 612 ιύκ
3133 553 3274 632 ἔχει.
3319 553 3520 611 έλπίδα
3562 573 3744 630 κρειτ-

335 641 872 738 ῡὶνὶιιοέόάιιιυςιιο
892 641 1168 721 Jeannes:
1195 686 1220 712 «
1240 663 1346 726 Qui
1372 679 1488 717 non
1507 641 1694 730 diligit
1708 659 1963 721 fratrem,

2112 651 2256 726 κόνων
2291 648 2390 703 οὐκ
2419 642 2558 722 ἔχει.
2590 643 2829 720 ἅσπορός
2873 643 3037 700 ἐστιν·
3073 643 3270 707 ἂλονός
3304 643 3469 699 ἐστιν·
3499 643 3599 698 οὐκ
3629 641 3740 698 ἔστι

327 731 836 830 inquit,homicida
847 759 934 809 est
947 754 1082 824 (a):»
1096 768 1295 808 semen
1311 749 1757 815 Cain,alumnus
1771 741 1955 800 diabo‘

2106 737 2278 810 ιλῆμα
2325 743 2426 805 τῆς
2472 736 2553 790 ἀεὶ
2623 735 2802 804 ζώσης
2872 734 3262 810 ὑπερουρανίας
3311 731 3586 806 ἀμπέλου·
3649 732 3734 788 έκ-

325 846 387 913 li;
411 821 760 900 beiviscera
781 859 895 898 non
917 821 1280 913 habet,spem
1306 840 1598 913 potiorum
1624 853 1737 892 non
1769 835 1947 888 habet

1641 853 1737 892 ton
1769 835 1969 900 habet;
2083 826 2365 895 κόπτεται,
2394 825 2456 879 τὸ
2489 828 2594 898 πῦρ
2618 821 3100 911 ἄθρουνιάναμενει
3134 825 3269 896 (41).

321 936 448 990 sine
477 931 700 989 semine
729 935 837 998 est,
872 930 1089 986 sterilis
1117 937 1227 998 est;
1263 945 1376 984 non
1409 933 1500 983 est
1533 925 1757 996 palmes
1787 923 1844 976 in
1880 922 2231 990 perpetuum
2264 915 2510 970 viventis
2541 913 2977 985 superccelestis
3007 913 3160 981 vitis;
3194 913 3518 979 excidatur,
3567 927 3741 968 eum-

318 1041 434 1097 que
465 1023 634 1078 densi
667 1021 826 1093 ignis
856 1038 1033 1077 vorax
1066 1026 1266 1076 manet
1293 1017 1658 1074 incendium.

390 1085 803 1167 ΧΧΧνιιιῘΤυ
837 1125 975 1166 vero
995 1108 1418 1181 praecellentem
1441 1105 1594 1160 viam
1619 1099 1966 1164 condiscito,

2149 1094 2280 1150 ΑΠ’.
2317 1091 2394 1147 Σὺ
2417 1089 2476 1147 δί
2507 1093 2644 1162 μάθε
2670 1092 2770 1159 τήν
2815 1092 2935 1155 καθ’
2984 1085 3296 1166 ὑπερϐολὴν
3349 1086 3494 1162 ὁδὸν,
3525 1087 3593 1159 ἤν
3626 1086 3736 1146 δεί-

317 1218 495 1274 quam
510 1179 1390 1256 cstenditPaulus—deducentem
1406 1195 1478 1250 ad
1493 1193 1758 1249 salutem.
1770 1211 1797 1239 n
1813 1188 1945 1244 Cha-

2107 1204 2229 1236 ηνυσι
2264 1181 2482 1242 Παῦλος
2514 1179 2601 1235 ἐπὶ
2634 1179 2928 1255 σωτηρίαν·
2974 1205 3002 1231 ι(
3035 1180 3098 1234 ἸΙ
3128 1179 3316 1250 ἀλάπη
3347 1181 3414 1234 τά
3441 1180 3638 1250 ἑαυτῆς
3671 1181 3735 1235 οὐ

318 1265 463 1345 ritas
487 1307 602 1344 non
633 1289 991 1360 quaeritque
1023 1304 1131 1342 sua
1165 1284 1425 1354 sunt(b),
1475 1283 1576 1337 sed
1618 1281 1679 1335 in
1726 1279 1946 1333 fratrea

2103 1276 2252 1343 ζητεῖ,
2288 1294 2316 1322 »
2359 1267 2470 1326 ἀλλ
2527 1268 2633 1324 ’έπὶ
2691 1265 2927 1344 ἀδελφὸν
2987 1265 3297 1344 ἐκκέχυται·
3352 1268 3477 1343 περί
3534 1272 3731 1323 τοῦτον

315 1379 500 1436 eli'usa
531 1382 641 1434 est:
676 1381 756 1432 ita
787 1377 844 1431 in
870 1377 1036 1432 illum
1071 1392 1238 1431 versa
1267 1378 1377 1437 est,
1410 1377 1570 1427 casto
1605 1372 1734 1439 ejus
1767 1382 1943 1422 amon

2098 1361 2360 1430 ηπτόηται,
2417 1358 2540 1432 περί
2571 1362 2762 1413 τοῦτον
2797 1357 3058 1435 σωφόνως
3095 1356 3359 1430 μαίνεται.
3411 1382 3440 1409 ιι
3515 1356 3726 1429 Ἀλάπη

317 1469 594 1524 insanit.“
615 1467 882 1523 Charitas
896 1465 1086 1538 operit
1109 1462 1550 1519 multitudinem
1569 1463 1936 1531 peccatorum

2101 1449 2335 1538 ιαλύπτει
2366 1447 2582 1538 πλῆθος
2624 1449 2928 1522 ἁμαρτιῶν·
2965 1449 2999 1516 ἡ
3028 1444 3214 1501 τελεία
3242 1445 3429 1516 ἀλάπη
3464 1441 3729 1502 έκϐάλλει

316 1558 572 1628 perfecta
601 1556 858 1612 cbaritas
875 1533 1016 1610 foris
1042 1554 1225 1608 mittit
1246 1553 1540 1617 timorem;
1569 1564 1681 1603 non
1701 1547 1819 1618 agit
1844 1560 1944 1616 per

2105 1539 2163 1594 ὸν
2196 1533 2386 1616 φόϐον·
2422 1537 2484 1592 οὐ
2516 1535 2924 1612 περπερεύεται,
2946 1535 3008 1591 οὐ
3040 1540 3350 1613 φυσιοῦται,
3379 1536 3482 1591 οὐκ
3512 1535 3731 1612 ἐπιχαί-

312 1623 537 1718 peram,
574 1663 688 1701 non
723 1645 981 1713 inﬂatur,
1017 1659 1130 1698 non
1166 1643 1383 1713 gaudet
1414 1655 1590 1710 super
1628 1635 1940 1707 iniquitate

2098 1648 2154 1682 »ει
2178 1631 2248 1702 τῇ
2280 1624 2481 1698 ἀδικίᾳ·
2512 1625 2796 1701 συγχαίρει
2836 1623 2894 1681 δὲ
2918 1629 2986 1699 τῇ
3020 1625 3271 1697 ἀληθείᾳ·
3305 1625 3480 1680 πάντα
3525 1626 3726 1701 στέγει,

311 1735 651 1806 congaudet
666 1737 864 1788 autem
883 1732 1135 1799 veritati;
1157 1729 1360 1786 omnia
1380 1729 1606 1793 suffert,
1629 1725 1830 1781 omnia
1845 1738 1939 1778 cre

2103 1715 2246 1771 πάντα
2293 1715 2555 1782 πιστεύει,
2584 1716 2758 1770 πάντα
2804 1713 3038 1784 ἐλπίζει,
3097 1715 3272 1768 πάντα
3329 1715 3612 1788 ὑπομένει.
3665 1717 3731 1772 Ἠ

311 1801 640 1887 dit,omuia
653 1826 867 1893 sperat,
881 1816 1640 1875 omniasustinet.Charitas
1655 1827 1939 1883 nunquau

2100 1806 2258 1893 ιγάπη
2295 1802 2556 1860 οὐδέποτε
2603 1801 2872 1860 ἐκπίπτει.
2923 1804 3264 1878 ΙΙροφητεῖαι
3312 1807 3728 1880 καταργοὶῖνται,

311 1911 546 1968 excidit.
583 1891 909 1982 Prophetim
942 1913 1325 1974 evacuantur,
1356 1905 1570 1977 linguai
1601 1907 1939 1968 cessant,cul

2100 1892 2320 1949 ’λῶσσαι
2350 1893 2637 1961 παύονται,
2673 1892 2842 1956 ἰάσεις
2873 1892 2960 1948 έπὶ
2993 1896 3099 1966 γῆς
3145 1891 3594 1948 καταλείπονται·
3631 1892 3728 1968 μέ-

310 2000 566 2056 rationes
601 1999 656 2054 in
700 1972 854 2054 terra
878 1998 1180 2065 deficiunt;
1200 1972 1658 2052 manent'autem
1680 1991 1792 2047 tria
1818 1990 1938 2044 haec

2098 2003 2147 2038 ἐι
2180 1981 2238 2038 δὲ
2261 1985 2330 2038 τὰ
2355 1982 2482 2059 τρία
2518 1987 2707 2052 ταῦτα,
2738 1981 2943 2048 πίστις,
2976 1979 3158 2048 έλπὶς,
3187 1980 3398 2056 ἀγάπη·
3435 1981 3634 2055 μείζων
3668 1979 3726 2037 δὶ

309 2088 476 2157 fides,
501 2105 658 2160 spes,
684 2087 962 2154 Charitas,
991 2088 1174 2157 major
1190 2088 1384 2140 autem
1403 2085 1556 2138 inter
1570 2083 1690 2137 haec
1711 2086 1799 2136 est
1813 2079 1937 2134 cha-

2091 2094 2119 2124 ην
2167 2071 2439 2140 τούτοιςὴ
2491 2072 2700 2146 ἀγάπη.
2735 2093 2764 2121 ››
2797 2069 2893 2124 Καὶ
2943 2066 3188 2132 δικαίως.
3237 2069 3417 2132 πίστις
3469 2070 3566 2144 μὶν
3615 2071 3719 2146 γὰρ

313 2179 458 2232 ritas
486 2157 615 2248 (cini
648 2177 713 2232 Et
743 2176 972 2243 merito;
995 2174 1140 2230 ﬁdes
1168 2175 1327 2230 enim
1357 2173 1592 2237 transit,
1641 2187 1775 2225 cum
1809 2168 1941 2240 ipsis

2087 2162 2386 2236 ὶπέρχεται,
2419 2160 2546 2215 ὅταν
2576 2160 2808 2233 αὐτοψίᾳ
2855 2161 3162 2230 πεισθῶμεν
3197 2157 3399 2222 ἰδόντες
3445 2159 3601 2218 Θεόν.
3638 2166 3715 2215 Κα

311 2247 740 2322 nostrisoculis
773 2265 1018 2320 videndo
1053 2269 1232 2318 Deum
1266 2261 1596 2317 credemus.
1629 2259 1775 2330 Spes
1805 2272 1939 2326 quo-

2087 2251 2222 2312 .Λπὶς
2257 2249 2564 2327 ἀφανίζεται
2585 2254 2692 2304 τῶν
2713 2247 3067 2304 ἐλπισθέντων
3085 2247 3469 2323 (έρχομένων)·
3504 2249 3715 2323 ’Δγάπη

307 2371 420 2425 que
445 2353 760 2418 evanescit,
793 2353 1031 2408 illorum
1060 2356 1372 2423 conspectu
1399 2366 1526 2420 quis
1549 2349 1608 2402 in
1632 2362 1735 2418 spe
1767 2345 1935 2416 positi

2086 2340 2123 2394 i‘s
2151 2339 2228 2402 εἰς
2257 2338 2541 2414 πλήρωμα
2569 2340 2906 2414 συνέρχεται,
2957 2337 3046 2392 καὶ
3098 2337 3312 2410 μᾶλλον
3361 2336 3573 2408 αὔξεται
3605 2344 3714 2394 τῶν

307 2422 464 2499 sunt.
489 2442 756 2498 Charitas
781 2459 912 2498 vero
933 2441 993 2496 in
1015 2422 1512 2511 complementum
1538 2435 1755 2508 pariter
1775 2434 1933 2488 venit

2097 2426 2286 2482 ελείων
2319 2425 2754 2502 παραδοθέντων.
2790 2427 2912 2482 Ἐἀν
2953 2426 3155 2497 ταύτην
3189 2422 3508 2500 έμὸάληταί
3536 2449 3623 2490 τις
3649 2431 3719 2502 τῇ

311 2537 367 2586 et
399 2541 646 2603 augelur
678 2530 892 2601 magis,
925 2529 1026 2584 ubi
1062 2528 1340 2600 perfectio
1370 2525 1692 2582 advenerit.
1727 2524 1785 2579 Si
1819 2522 1939 2594 quis

2088 2521 2240 2592 ιυχῇ,
2287 2514 2530 2586 δύναται,
2573 2515 2669 2572 κᾶν
2714 2515 2765 2571 ἐν
2817 2517 3204 2589 ἀμαρτήμααιν
3234 2515 3271 2590 ᾖ
3299 2519 3716 2592 γεγεννημένος,

311 2620 470 2676 illam
502 2620 560 2675 in
594 2619 856 2676 animum
889 2618 1240 2690 susceperit,
1269 2616 1535 2687 quamvis
1565 2613 1818 2685 peccatis
1854 2612 1939 2668 ob'

2091 2603 2157 2659 ἂν
2208 2605 2394 2661 πολλά
2440 2607 2546 2660 τῶν
2593 2603 2994 2678 κεκωλυμένων
3054 2604 3434 2679 εἰργασμένος,
3485 2605 3719 2677 αὐξήσας

306 2710 515 2765 noxius
574 2711 692 2777 sit,
751 2725 930 2779 quam
997 2688 1186 2762 multa
1241 2707 1446 2761 illicita
1500 2702 1934 2778 perpetraverit.

2087 2695 2158 2762 ’ἠν
2204 2696 2434 2769 ἀγάπην,
2485 2698 2571 2750 καί
2629 2695 2915 2767 μετάνοιαν
2959 2693 3196 2769 καθαρὰν
3245 2688 3452 2763 λαϐών,
3503 2693 3715 2768 ἀναμά-

304 2800 555 2855 adaucta
585 2798 868 2854 charitate
900 2813 1160 2870 puraque
1183 2796 1450 2852 adhibita
1471 2793 1830 2868 pmnitentia,
1860 2809 1932 2847 ert

2083 2785 2253 2857 [εσθαι
2284 2784 2351 2838 τά
2379 2783 2731 2856 ἐπταισμένα.
2765 2785 2916 2852 Μήτε
2952 2783 3054 2857 γὰρ
3111 2787 3272 2838 τοῦτο
3331 2783 3406 2845 εἰς
3458 2782 3711 2858 ἀπόγνω-

304 2893 427 2944 rata
459 2904 564 2943 sua
597 2888 890 2960 corrigere
924 2892 1132 2959 potest.
1163 2895 1227 2958 ιι‹
1281 2885 1426 2942 Nam
1479 2899 1668 2955 neque
1701 2883 1811 2937 hoc
1841 2882 1932 2936 tib

2084 2872 2140 2926 τίν
2170 2893 2252 2928 σοι
2303 2871 2391 2928 καί
2441 2873 2700 2927 ἀπόνοιαν
2749 2870 3182 2948 καταλελείφθω,
3217 2871 3262 2927 εἰ
3293 2872 3384 2926 καὶ
3414 2872 3505 2927 τὸν
3537 2870 3712 2928 πλού-

302 2977 508 3033 deesse
537 2976 736 3044 velim,
765 2959 1126 3046 iutdesperes
1145 2975 1529 3042 animumque
1557 2971 1924 3043 despondeas

2083 2982 2173 3016 τιον
2220 2962 2414 3034 μάθοις
2454 2963 2603 3023 ὅστις
2661 2960 2827 3028 έστὶν,
2877 2962 2905 3016 ὁ
2939 2962 3128 3036 χώραν
3183 2961 3234 3015 ἐν
3296 2959 3552 3037 οὐρανοῖς
3610 2961 3711 3019 οὐκ

305 3072 367 3121 ut
391 3066 630 3122 divitem
665 3066 896 3120 noveris
923 3066 1058 3135 quis
1087 3064 1322 3119 tandem
1348 3060 1447 3117 ille
1478 3062 1575 3128 sit,
1617 3061 1719 3132 qui
1751 3060 1933 3114 locum

1718 3108 1719 3113 η
1751 3060 1944 3114 locum
2057 3049 2227 3124 ἔχων,
2258 3051 2346 3106 καί
2374 3071 2494 3106 τινα
2512 3050 2716 3126 τρόπον
2747 3056 2864 3112 τοῖς
2887 3048 3004 3104 οὖσι
3037 3050 3346 3125 χρώμενος,

297 3155 358 3209 in
391 3153 554 3210 cmlis
581 3171 698 3209 non
729 3153 962 3223 habeat,
996 3169 1183 3224 quove
1214 3153 1264 3207 is
1289 3151 1459 3206 modo
1489 3149 1618 3205 suis
1649 3148 1948 3204 facultati-

301 3243 413 3297 bus
445 3247 670 3298 utatur.

368 3331 610 3387 ΧΧΧΙΧ.
647 3330 705 3387 Si
730 3332 865 3402 quis
895 3335 1020 3385 tum
1082 3330 1454 3384 abundantes
1505 3327 1762 3392 divitias,
1817 3331 1929 3381 tum

2128 3319 2248 3374 ΛΘ“.
2279 3319 2374 3375 Ἂν
2408 3339 2491 3382 τις
2517 3317 2580 3374 τό
2617 3337 2677 3373 τε
2724 3315 3010 3392 έπίρῥυτον
3061 3319 3158 3371 τοῦ
3201 3316 3446 3372 πλούτου
3476 3316 3566 3372 καὶ
3597 3337 3709 3394 χα-

296 3419 599 3492 penuriam
631 3435 748 3492 quo
772 3434 922 3490 egre
950 3417 1128 3472 vitam
1163 3422 1458 3472 sustentet
1479 3415 1751 3482 evaserit,
1773 3421 1924 3470 aeter-

2076 3408 2222 3461 ιεπόν
2253 3407 2330 3469 εἰς
2377 3408 2524 3476 ζωὴν
2575 3403 2850 3482 διαφύγοι,
2903 3405 2992 3460 καὶ
3043 3403 3262 3461 δύναιτο
3303 3410 3409 3461 τῶν
3468 3405 3704 3462 αἰωνίων

295 3525 487 3581 neque
518 3509 672 3564 bona
702 3507 955 3578 proclive
984 3507 1223 3578 assequi
1249 3505 1524 3578 potuerit,
1553 3505 1655 3559 sed
1686 3504 1773 3559 vel
1794 3505 1923 3559 forte

2071 3497 2262 3572 ἰγαθῶν
2315 3495 2669 3568 ἐπαύρασθαι,
2717 3493 2804 3565 εἴη
2856 3492 2913 3550 δὲ
2949 3496 3274 3570 τετυχηκὼς
3305 3493 3342 3564 ἤ
3374 3492 3445 3550 δι’
3476 3496 3699 3571 ἄγνοιαν

292 3615 394 3670 per
424 3597 817 3669 ignorantiam
850 3602 954 3651 aut
982 3596 1110 3650 vita;
1131 3612 1308 3650 casus
1338 3594 1786 3660 involuntarios,
1809 3610 1920 3664 pos'

2072 3585 2424 3659 ὶπερίστασιν
2479 3585 2734 3640 ἀκούσιον
2796 3585 2932 3656 μετά
2983 3585 3083 3653 τήν
3126 3581 3399 3662 σφραγῖδα
3453 3585 3543 3639 καὶ
3599 3585 3700 3654 τὴν

291 3687 664 3758 signaculum
697 3692 757 3743 et
785 3686 1190 3742 liberationem
1225 3703 1258 3740 a
1289 3685 1566 3756 peccatis,
1600 3685 1658 3740 in
1701 3689 1919 3755 peccati

2075 3674 2320 3748 ιύτρωσιν
2365 3675 2664 3750 περιπετὴς
2719 3679 2836 3736 τοῖς
2887 3673 3278 3748 ἁμαρτήμασιν
3317 3675 3350 3743 ἢ
3402 3677 3703 3749 παραπτώ-

291 3793 391 3832 seu
407 3777 606 3831 debita
629 3774 941 3848 prolapsus
968 3773 1162 3839 fuerit,
1184 3775 1267 3828 ita
1291 3778 1356 3828 ut
1375 3773 1919 3844 illisprorsusobru‘

2073 3784 2236 3831 ιασιν,
2283 3764 2356 3824 ὡς
2408 3763 2781 3838 ὐπανηνέχθαι
2829 3761 3038 3818 τέλεον·
3091 3761 3250 3825 οὗτος
3301 3765 3701 3840 κατεψήφισται

293 3870 386 3919 tus
417 3864 513 3932 sit;
544 3865 595 3919 is
627 3882 662 3919 a
691 3863 806 3919 Deo
840 3862 1073 3935 penitus
1105 3863 1355 3933 rejectus
1386 3867 1496 3928 est,
1548 3868 1607 3917 et
1650 3862 1921 3932 reprobui

2077 3861 2384 3915 παντάπασιν
2416 3862 2520 3916 ὑπὸ
2548 3865 2645 3916 τοῦ
2692 3865 2850 3917 Θεοῦ.
2903 3861 3065 3916 Παντὶ
3115 3861 3216 3934 γάρ
3264 3866 3344 3933 τῷ
3395 3863 3510 3934 μετ’
3560 3860 3705 3934 ἀλη-

289 3953 541 4008 exsistit.
590 3952 870 4024 Quisquis
919 3953 1074 4006 enim
1099 3967 1164 4006 ex
1187 3955 1306 4006 toto
1328 3951 1583 4005 cordead
1606 3949 1910 4005 Deumcon

2071 3948 2193 4010 ιείας
2243 3947 2294 4020 ἐξ
2353 3947 2490 4018 ὅλης
2543 3956 2643 4018 τῆς
2698 3946 2921 4025 καρδίας
2978 3951 3359 4024 ἐπιστρέψαντι
3416 3949 3554 4020 πρὸς
3603 3951 3699 4006 τὸν

287 4047 565 4108 vertatur,
597 4046 774 4112 portis
806 4041 856 4096 ei
889 4045 1099 4112 apertis
1131 4045 1291 4108 sunt,
1342 4038 1708 4110 suscipitque
1750 4038 1915 4092 libent

2074 4038 2175 4092 θεὸν
2209 4039 2509 4112 ἀνεῷγασιν
2542 4039 2597 4092 αἱ
2629 4039 2810 4113 θύραι,
2838 4037 2928 4092 καὶ
2961 4035 3178 4113 δέχεται
3207 4039 3564 4113 τρισάσμενος
3598 4044 3702 4094 Πα-

287 4131 520 4187 tissimo
549 4131 748 4185 animo
781 4129 950 4184 Pater
970 4129 1157 4184 filium
1191 4145 1320 4184 vere
1351 4127 1753 4200 pmnitentem.
1787 4126 1915 4182 Veri

2069 4129 2149 4200 τηρ
2179 4127 2294 4180 υἱὸν
2329 4123 2551 4196 ἀληθῶς
2575 4124 2956 4199 μετανοοῦντα.
2980 4128 3048 4184 Ἠ
3077 4125 3136 4182 δὲ
3163 4125 3402 4197 ἀληθινὴ
3437 4128 3697 4199 μετάνοια

283 4225 476 4275 autem
512 4218 853 4289 pmnitentia
885 4223 994 4284 est,
1028 4219 1087 4272 in
1112 4217 1314 4272 eadem
1343 4233 1455 4271 non
1489 4231 1698 4270 rursus
1719 4214 1907 4269 delabi

2073 4216 2108 4270 ‘6
2144 4216 2339 4289 μηκέτι
2369 4221 2484 4277 τοῖς
2525 4215 2709 4277 αὐτοῖς
2740 4213 2935 4292 ἔνοχον
2977 4216 3134 4284 εἶναι,
3175 4214 3323 4271 ἀλλά
3351 4213 3520 4291 ἄρδην
3553 4217 3701 4291 ἐκρι-

286 4309 384 4364 sed
418 4325 488 4364 ex
520 4307 718 4363 animo
753 4325 994 4378 prorsus
1052 4304 1316 4371 evellere,
1367 4304 1582 4373 quibus
1640 4321 1704 4359 se
1733 4303 1914 4359 morti:

2066 4309 2214 4373 ζῶσαι
2263 4310 2364 4373 τῆς
2409 4307 2617 4379 ψυχῆς,
2663 4303 2744 4382 ἐφ’
2789 4307 2872 4366 οἷς
2927 4305 3118 4359 ἑαυτοῦ
3170 4307 3418 4380 κατέγνω
3468 4307 3694 4370 θάνατον

287 4413 454 4453 reum
488 4397 740 4468 peccatis
773 4395 1026 4464 agnovit.
1058 4395 1160 4449 His
1189 4394 1348 4448 enim
1362 4391 1710 4458 sublatis,in
1728 4397 1788 4448 te
1807 4410 1915 4448 ειη-ι

2067 4393 2428 4469 ιμαρτὴμασι.
2461 4393 2686 4450 Τούτων
2722 4394 2824 4467 γὰρ
2870 4393 3275 4469 ἀναιρεθέντων,
3325 4392 3479 4459 αὖθις
3511 4395 3588 4458 εἰς
3636 4397 3695 4451 σὶ

289 4503 391 4541 sus
418 4490 568 4540 Deus
599 4484 907 4540 habitabit.
943 4485 1155 4554 Ingens
1183 4482 1341 4538 enim
1370 4487 1429 4538 et
1476 4482 1917 4553 incomparabili

2067 4483 2177 4544 ὶεὸς
2208 4482 2683 4554 εἰσοικισθήσεται·
2720 4481 2969 4558 μεγάλην
2999 4483 3100 4558 γὰρ
3141 4484 3274 4561 φησί
3322 4483 3412 4538 καὶ
3455 4484 3695 4560 ἀνυπέρ-

287 4573 570 4644 gaudium
605 4574 935 4644 festamque
967 4571 1224 4626 laetitiam
1248 4571 1306 4626 in
1329 4571 1493 4628 cmlis
1515 4588 1646 4626 esse
1668 4571 1821 4626 Patri
1845 4570 1915 4626 di-

2062 4566 2256 4641 ἵλητον
2292 4571 2425 4626 εἶναι
2456 4571 2631 4646 χαράν
2660 4572 2750 4626 καὶ
2783 4572 2974 4646 έορτήν
3024 4571 3077 4626 ἐν
3107 4571 3361 4646 οὐρανοῖς
3408 4577 3487 4644 τῷ
3521 4574 3690 4649 Πατρί

285 4666 365 4719 cit
386 4667 565 4734 atque
587 4662 839 4734 angelis,
860 4662 1000 4715 dum
1028 4676 1182 4714 unus
1206 4665 1476 4730 peccator
1495 4661 1856 4716 convertitur
1876 4677 1908 4716 ο

2073 4662 2134 4716 ιαὶ
2163 4667 2282 4723 τοῖς
2315 4661 2568 4737 ἀγγέλοις
2599 4660 2717 4723 ave;
2765 4662 3100 4736 ἀμαρτωλοῦ
3147 4660 3576 4736 ὐπιστρέψαντος
3604 4663 3701 4719 καί

286 4707 700 4822 ριιιιιὶἰιοιιιίιιιειέ⁵
725 4707 951 4820 agil(d).
977 4707 1397 4803 ldcircoletiam
1431 4747 1782 4805 clumabatm
1818 4707 1914 4804 Mi.‘

2063 4707 2134 4716 “”“
2174 4707 2282 4723 “”’“⁹
2315 4707 2374 4737 *Ι
2397 4707 2566 4736 I'"'"
2599 4707 2716 4723 ""'
2767 4707 2909 4736 'r'“|'
2925 4707 3097 4716 ⁷“’”’“““
3150 4707 3576 4736 ⁷’“”⁷“Γ”Υ“””’“
3607 4707 3691 4719 ’““’¹

2063 4752 2499 4819 ιετανοήσαντος.
2535 4751 2629 4805 Διὸ
2658 4749 2749 4806 καὶ
2791 4749 3068 4824 κέκραγεν·
3102 4774 3129 4800 ‹‹
3164 4749 3358 4806 Ἐλεον
3410 4749 3556 4806 θέλω
3601 4752 3691 4806 καὶ

283 4839 663 4896 sericordiam
693 4838 842 4906 volo,
874 4842 932 4892 et
957 4853 1070 4892 non
1103 4836 1479 4891 sacriﬁcium.
1514 4837 1654 4893 Nolo
1679 4845 1911 4895 mortem

2063 4839 2102 4893 ιύ
2131 4839 2336 4896 θυσίαν.
2372 4838 2451 4896 Οὐ
2486 4839 2764 4914 βούλομαι
2809 4839 2902 4894 τὸν
2952 4839 3175 4893 θάνατον
3207 4843 3305 4894 τοῦ
3334 4839 3691 4912 ἀμρτωλοῦ,

284 4927 633 5002 peccatoris,
657 4927 756 4982 sed
784 4930 848 4981 ut
867 4943 1003 4982 eum
1026 4924 1324 4996 pmniteat.
1359 4925 1415 4979 Si
1442 4927 1660 4981 fuerint
1691 4935 1912 4999 peccata

2073 4927 2184 4984 λλά
2231 4929 2330 4996 τὴν
2384 4929 2693 5000 μετάνοιαν.
2727 4925 2839 4983 Κᾶν
2880 4925 3008 4982 ὦσιν
3057 4928 3112 4982 αἱ
3141 4927 3400 5001 ἀμαρτίαι
3435 4928 3587 5000 ὑμῶν
3616 4928 3695 4990 ὡς

281 5023 478 5073 vestra
503 5021 568 5072 ut
597 5019 733 5070 lana
763 5014 1064 5086 phoeniceo
1095 5013 1296 5080 tincta,
1328 5013 1498 5084 quasi
1530 5015 1718 5071 nivem
1764 5018 1909 5074 deal-

2060 5021 2318 5090 powixoﬁv
2351 5012 2520 5093 ἔριον,
2561 5017 2635 5078 ὡς
2682 5017 2846 5091 χιόνα
2896 5014 3160 5071 λευκανὶὦ
3213 5013 3310 5071 κείν
3360 5015 3688 5094 μελάντεραι

288 5107 460 5174 babo;
497 5109 556 5161 et
578 5104 629 5160 si
653 5105 866 5159 fuerint
899 5101 1160 5174 nigriora
1189 5101 1454 5174 fuligine,
1489 5108 1554 5158 ut
1581 5104 1767 5160 nivem
1793 5107 1916 5165 alba

2069 5112 2132 5162 οὗ
2155 5108 2410 5174 σκότους,
2446 5107 2520 5168 ὡς
2551 5101 2694 5181 ἔριον
2729 5104 2922 5161 λευκὸν
2968 5105 3186 5181 ἐκνίψας
3218 5108 3457 5178 ποιήσω.
3492 5131 3522 5159 »
3574 5110 3693 5180 Θεῷ

287 5195 585 5251 abluendo
606 5192 894 5265 praestabo
913 5195 1046 5263 (a).»
1063 5191 1236 5248 Solus
1257 5193 1412 5248 enim
1429 5192 1583 5248 Deus
1603 5202 1838 5266 peccata
1853 5215 1915 5270 po

2063 5197 2137 5272 ’ἀρ
2202 5196 2369 5270 μόνον
2427 5193 2649 5252 δυνατὸν
2709 5193 2896 5274 ἄφεσιν
2973 5197 3252 5271 ἁμαρτιῶν
3316 5195 3691 5272 παρασχέσθαι

288 5290 406 5342 test
435 5285 758 5350 dimittere,
785 5287 840 5338 et
869 5281 1085 5339 delicta
1117 5298 1232 5339 non
1264 5282 1558 5355 imputare
1591 5301 1605 5352 ;
1662 5285 1916 5359 quando-

2064 5285 2137 5341 ιαὶ
2172 5287 2248 5360 μὴ
2285 5285 2606 5362 λογίσασθαι
2655 5285 3092 5360 παραπτώματα·
3142 5284 3280 5340 ὅπου
3307 5306 3368 5360 γε
3415 5284 3505 5340 καὶ
3553 5286 3692 5359 ἡμῖν

351 5492 415 5556 >14
445 5487 510 5544 P.
543 5488 649 5542 947
682 5486 792 5541 Et).
825 5485 1129 5550 POTTER.
1161 5487 1239 5559 (a)
1272 5487 1294 5543 Ι
1351 5487 1520 5544 Joan.
1573 5503 1662 5557 In,
1724 5489 1811 5546 14.
1846 5492 1923 5559 (b)
1958 5491 1979 5547 Ῑ

2066 5494 2169 5548 lor.
2230 5507 2333 5559 xu,
2395 5490 2660 5557 32;:111,
2689 5489 2743 5545 5.
2775 5488 2900 5558 (c)I
2966 5488 3087 5545 Pet.
3140 5504 3197 5544 ιν
3222 5487 3334 5556 8;I
3387 5488 3558 5545 Joan.
3607 5501 3694 5559 ιν,

283 5560 352 5613 18
387 5573 399 5610 :
437 5561 458 5616 Ι
487 5563 620 5616 Cor.
654 5574 780 5630 xm,
813 5559 970 5631 4.((1)
1006 5565 1140 5616 Luc.
1174 5557 1266 5625 xv,
1297 5560 1352 5615 2.
1386 5561 1458 5632 (ε)
1494 5559 1624 5616 Ose.
1654 5577 1732 5629 v1,
1765 5563 1820 5630 6;
1853 5557 1910 5618 Μ

2097 5581 2176 5632 ix,
2209 5563 2298 5634 l3;
2320 5557 2327 5559 ⁷
2352 5559 2558 5618 Ezech.
2615 5557 2872 5633 xvm,23
2905 5577 2919 5629 ;
2976 5561 3086 5618 Isa.
3120 5575 3160 5632 ι,
3199 5561 3310 5623 18;
3344 5559 3481 5618 Luc.
3516 5575 3573 5629 v,
3600 5557 3694 5616 21.

345 5755 459 5831 (41)
491 5755 565 5814 Τὸ
593 5757 701 5830 πῦρ
723 5753 919 5834 ἀθροῦν
954 5752 1230 5832 ἀναμένει.
1263 5753 1504 5813 Densum
1532 5757 1718 5828 ignem
1745 5762 2044 5834 exspectat.
