4124 6422
303 415 418 473 649

1469 409 1686 466 LIBER
1723 411 1890 475 QUIB
1929 409 2144 466 DIVES
2177 413 2582 468 BALVETUR.

3629 413 3737 469 650

308 539 770 619 μιαιφονώτατος,
823 533 1241 611 χαλεπώτατος.
1281 532 1487 609 Χρόνος
1539 534 1590 588 ἐν
1659 535 1830 609 μέσῳ,
1874 533 1964 589 καί

2092 537 2398 594 ferebatur.
2424 539 2573 594 847
2607 538 2740 594 Jam
2772 538 2972 610 itaque
2999 555 3240 610 prorsus
3271 540 3498 611 abjecta
3520 557 3624 613 spe
3646 558 3741 596 sa-

302 651 453 694 τινος
505 625 872 696 ἐπιπεσούσης
917 623 1130 700 χρείας,
1161 621 1490 678 ἀνακαλοῦσι
1545 623 1639 677 τὸν
1684 621 1966 692 Ἰωάννην.

300 724 367 781 ‘0
424 719 502 792 δὲ,
536 712 728 784 ἐπειδὴ
786 715 854 769 τὰ
899 711 1046 768 ἄλλα
1088 709 1160 766 ὧν
1210 713 1373 787 χάριν
1433 714 1532 780 ἧκε
1579 712 1968 782 κατεστήσατν,

309 836 340 866 ι(
390 813 529 884 ’Ἄγε
579 804 676 875 δὴ,
733 799 861 879 ἔφη,
923 800 967 856 ὦ
1021 801 1304 870 ἐπίσκοπε,
1356 801 1456 870 τὴν
1507 801 1966 875 παρακαταθήκην

315 896 518 960 ἀπόδος
549 899 713 969 ἡμῖν,
745 895 811 963 ἢν
845 890 953 968 ἐγώ
983 912 1043 945 τε
1073 891 1159 946 καὶ
1206 891 1234 945 ὁ
1284 891 1479 965 Σωτήρ
1539 911 1624 945 σοι
1664 908 1966 964 παρακατε-

310 989 513 1062 θέμεθα
536 983 624 1040 ἐπὶ
653 989 755 1052 τῆς
790 977 1146 1050 Ἑκκλησίας,
1170 982 1235 1048 ἧς
1266 980 1602 1054 προκαθέζῃ,
1635 977 1968 1052 μάρτυρος.»

311 1079 376 1136 Ὁ
407 1075 464 1132 δὲ
516 1074 578 1130 τὸ
629 1073 724 1141 μὲν
773 1073 991 1144 πρῶτον
1053 1065 1348 1143 ἐξεπλάγη,
1383 1068 1648 1142 χρήματα
1690 1065 1968 1140 οἷ’όμενος,

311 1168 448 1241 ἅπερ
504 1155 824 1230 οὐκ-ἔλαϐε,
855 1159 1308 1232 συκοφαντεῖσθαι
1344 1177 1356 1190 ο
1389 1156 1479 1212 καὶ
1529 1154 1652 1211 οὔτε
1697 1155 1968 1211 πιστεύειν

311 1258 460 1331 εἶχεν
516 1253 650 1328 ὑπὲρ
702 1247 776 1304 ὧν
830 1247 929 1302 οὐκ
958 1247 1130 1322 εἶχεν,
1163 1243 1292 1301 οὕτο
1324 1247 1566 1301 ἀπιστεῖν
1603 1246 1848 1320 Ἰωάννῃ.
1883 1245 1972 1309 Ὠς

313 1342 372 1400 δὲ
402 1364 414 1376 ·
457 1364 484 1397 ι
515 1342 624 1400 Τὸν
651 1339 950 1410 νεανίσκον,
979 1337 1146 1407 εἶπεν,
1165 1335 1378 1391 ἀπαιτῶ
1407 1336 1498 1391 καὶ
1525 1335 1623 1404 τὴν
1657 1335 1841 1411 ψυχὴν
1872 1338 1971 1390 τοῦ

310 1429 576 1510 ἀδελφοῦ,
613 1453 641 1482 ››
686 1427 934 1498 στενάξας
991 1427 1105 1500 (48)
1160 1424 1396 1510 κάτωθεν
1457 1426 1484 1479 ὁ
1533 1419 1842 1498 πρεσϐύτης
1879 1421 1970 1478 καί

308 1543 363 1578 τι
418 1509 511 1576 καὶ
562 1515 924 1592 ἐπιδακρύσας
960 1534 971 1546 °
1007 1539 1036 1567 «
1066 1516 1326 1587 Ἐκεῖνος,
1367 1509 1493 1591 ἔφη,
1542 1515 1787 1583 τέθνηκε.
1821 1517 1968 1582 Πῶς,

309 1611 401 1668 καὶ
459 1609 584 1666 τίνα
626 1606 1037 1677 θάνατον;Θεῴ
1076 1604 1356 1674 τέθνηκεν,
1406 1603 1574 1658 εἶπεν.
1601 1597 1819 1672 ,Ἀπέϐη
1869 1601 1970 1676 γάρ

311 1701 560 1775 πονηρὸς
588 1698 677 1752 καὶ
731 1694 966 1766 ἐξώλης,
996 1692 1087 1748 καὶ
1143 1694 1206 1748 τὸ
1255 1691 1576 1766 κεφάλαιον,
1607 1690 1818 1766 λῃστής
1842 1710 1853 1724 ο
1881 1689 1971 1744 καὶ

311 1796 403 1847 νῦν
436 1789 554 1844 ἀντὶ
587 1794 689 1857 τῆς
716 1783 1013 1855 ἐκκλησίας
1042 1782 1105 1837 τὸ
1135 1777 1264 1856 ὅρος
1294 1779 1591 1856 κατείληφε
1625 1781 1741 1853 μεθ’
1773 1777 1970 1852 ὁμοίου

2082 625 2226 682 lutis
2251 642 2320 681 ex
2342 632 2457 682 Deo
2479 628 2911 698 consequenda,
2938 627 3084 683 nihil
3110 628 3262 684 ultra
3287 630 3580 686 mediocre
3615 630 3739 686 ani-

2083 731 2179 771 mo
2207 714 2595 788 designabat;
2648 716 2748 772 sed
2781 717 2992 788 grandi
3035 716 3233 790 aliquo
3277 723 3610 791 perpetrato
3643 719 3736 776 fa-

2083 803 2300 873 cinore,
2353 805 2508 876 quod
2558 805 2743 860 semel
2801 805 3072 876 perierat,
3122 807 3247 878 pari
3292 807 3537 880 reliquis
3575 810 3732 865 exitu

2080 892 2241 949 luere
2264 894 2498 949 vixdum
2534 893 2963 950 reluctantibus
3011 895 3225 952 animis
3257 896 3569 970 cogitabat.
3608 897 3731 955 Illis

2081 981 2265 1055 igitur
2295 983 2439 1053 ipsis
2459 983 2806 1055 assumptis,
2827 984 3214 1055 institutoque
3234 985 3531 1043 latronum
3555 985 3733 1042 colle-

2082 1072 2198 1145 gio,
2233 1073 2352 1128 dux
2382 1073 2504 1144 ipse
2531 1072 2828 1129 latronum
2860 1073 3018 1129 haud
3041 1074 3300 1147 segniter
3323 1081 3482 1146 erat;
3515 1076 3734 1132 violen-

2082 1161 2186 1228 tia,
2223 1161 2481 1217 czedibus
2533 1166 2712 1234 atque
2763 1163 3070 1219 atrocitate
3113 1170 3355 1220 cunctos
3391 1166 3730 1238 superabat.

2082 1249 2399 1321 Aliquanto
2453 1256 2582 1323 post
2612 1257 2894 1324 tempore,
2943 1269 3076 1308 cum
3110 1253 3241 1308 novi
3274 1253 3498 1326 aliquid
3529 1269 3733 1310 neces-

2084 1339 2225 1395 sarii
2257 1341 2450 1412 operis
2483 1343 2582 1396 aut
2629 1341 2849 1414 negotii
2883 1341 3213 1408 incidisset,
3245 1342 3459 1398 iterum
3492 1343 3563 1399 ad
3603 1358 3732 1399 eam

2085 1430 2291 1484 urbem
2338 1429 2560 1486 accitus
2589 1436 2679 1486 est
2713 1431 2995 1487 Joannes.
3047 1432 3154 1495 Qui
3187 1448 3323 1488 cum
3369 1432 3649 1501 venisset,
3681 1436 3740 1488 et

2085 1522 2298 1574 cuncta
2327 1535 2580 1590 quorum
2607 1520 2796 1591 gratia
2826 1526 3084 1588 venerat,
3121 1521 3487 1577 ordinasset:
3522 1544 3550 1571 (ι
3581 1525 3736 1592 Age-

2087 1609 2252 1674 dum,
2286 1607 2500 1679 inquit,
2523 1608 2812 1680 episcope,
2839 1610 3016 1666 redde
3038 1610 3208 1666 nobis
3225 1610 3558 1682 depositum
3581 1610 3737 1682 quod

2085 1711 2190 1768 ego
2224 1698 2442 1767 pariter
2469 1703 2525 1754 et
2570 1697 2837 1754 Christus
2883 1699 2987 1754 tibi
3021 1700 3592 1768 commendavimus,
3624 1699 3736 1755 sub

2086 1785 2359 1841 Ecclesiae
2381 1785 2473 1841 cui
2507 1803 2687 1858 preces
2710 1788 3292 1860 praesentia,ipsaque
3313 1804 3511 1844 coram
3528 1793 3732 1845 teste.»

315 1879 734 1956 στρατιωτικοῦ.
777 1897 806 1925 ››
851 1871 1342 1948 Καταρῥηξάμενος
1395 1868 1488 1925 οὗν
1535 1871 1636 1938 τὴν
1696 1869 1895 1938 έσθῆνα
1943 1868 1971 1922 ὁ

328 1969 341 1980 ι
410 1968 422 1980 ι
529 1965 550 1980 \
770 1963 785 1980 \
952 1961 965 1979 \
1147 1959 1188 1980 ’Ἴ
1356 1959 1370 1980 9
1515 1965 1544 1977 ~
1672 1957 1719 1980 Ἴ.
1753 1957 1979 1980 ',’,,.-..--

2092 1875 2169 1929 Ad
2204 1874 2320 1930 haec
2369 1876 2683 1947 episcopus
2715 1876 2905 1947 primo
2958 1877 3200 1948 quidem
3231 1878 3448 1933 morari
3483 1894 3548 1933 ac
3579 1882 3734 1933 atto-

319 1965 654 2033 ἀπόστολος,
697 1963 787 2018 καὶ
841 1961 975 2036 μετὰ
1027 1959 1273 2036 μεγάλης
1322 1959 1578 2034 οἰμωγῆς
1629 1957 1980 2030 πληξάμενος

2092 1962 2279 2017 nitum
2308 1980 2456 2033 esse,
2491 1980 2627 2020 cum
2658 1965 3022 2022 existimaret
3048 1966 3380 2038 pecuniam,
3413 1983 3591 2038 quam
3615 1982 3730 2022 non

322 2060 423 2128 τὴν
453 2054 694 2135 κεφαλήν
727 2073 739 2086 ’
779 2075 807 2105 ιι
843 2049 1018 2106 Καλόν
1044 2071 1125 2124 γε,
1156 2047 1283 2126 ἔφη,
1315 2046 1531 2126 φύλακα
1558 2054 1659 2117 τῆς
1704 2043 1980 2135 τάδελφού

2092 2053 2428 2124 accepisset,
2481 2070 2514 2108 a
2557 2069 2620 2109 se
2653 2070 2755 2125 per
2798 2053 3160 2110 calumniam
3204 2055 3422 2126 repeti:
3473 2061 3532 2110 et
3577 2055 3735 2110 sicut

326 2151 509 2222 ψυχῆς
529 2133 852 2200 κατέλιπον.
886 2138 1042 2195 Ἀλλ’
1071 2137 1241 2200 ’ίππος
1281 2135 1392 2208 ἤδη
1429 2157 1521 2211 μοι
1584 2133 1856 2222 παρέστω,
1886 2133 1976 2189 καὶ

326 2221 550 2310 ἡγεμὼν
581 2233 810 2308 γινέσθω
845 2229 939 2303 μοί
971 2249 1054 2291 τις
1085 2235 1185 2297 τῆς
1235 2225 1385 2282 ὁδοῦ.
1411 2249 1451 2296 ,››
1483 2223 1746 2282 Ἐλαυνεν
1793 2221 1976 2299 ὥσπερ

329 2326 474 2400 εἶχεν
507 2322 718 2386 αὐτόθεν
752 2320 859 2375 ἀπὸ
903 2320 1004 2387 τῆς
1053 2314 1366 2386 ἐκκλησίας.
1402 2313 1609 2378 Ἐλθὼν
1670 2310 1729 2368 δὲ
1781 2312 1858 2374 εἰς
1914 2311 1977 2366 τὸ

322 2413 552 2490 χωρίον,
588 2411 691 2467 ὑπὸ
721 2415 824 2480 τῆς
863 2405 1225 2483 προφυλακῆς
1255 2408 1362 2459 τῶν
1412 2402 1625 2478 λῃστῶν
1673 2400 1974 2490 ἁλίσκεται,

323 2489 463 2576 μήτε
492 2500 730 2578 φεύγων,
767 2498 908 2570 μήτε
937 2495 1396 2569 παραιτούμενος,
1427 2489 1766 2567 ἁλλιὴβοῶν·
1790 2513 1818 2541 ι(
1854 2489 1976 2544 Ἐπὶ

313 2592 465 2648 τοῦτ’
498 2589 764 2661 ἐλήλυθα,
796 2587 885 2642 ἐπὶ
915 2586 1008 2641 τὸν
1038 2581 1281 2659 ἄρχοντα
1312 2582 1463 2655 ὑμῶν
1497 2581 1786 2656 ἀναγάγετέ
1821 2600 1907 2652 με.
1947 2602 1976 2630 ››

311 2686 410 2743 ⁸ος
440 2676 601 2746 τέως,
633 2675 816 2752 ὥσπερ
850 2673 1119 2745 ὥπλιστο,
1153 2671 1425 2745 ἀνέμενεν.
1459 2671 1547 2733 Ὦς
1599 2667 1656 2724 δὲ
1683 2667 1979 2743 προσιόντα

309 2769 576 2847 ἐγνώρισε
621 2771 717 2823 τὸν
749 2765 1031 2835 Ἰωάννην,
1063 2761 1138 2825 εἷς
1193 2760 1372 2839 φυγὴν
1429 2756 1694 2823 αἰδεσθεὶς
1752 2756 1974 2833 ἐτράπε-

309 2845 400 2918 το.
431 2861 495 2917 Ὁ
527 2856 584 2913 δὲ
616 2853 838 2912 ἐδίωκεν
871 2854 973 2908 ἀνά
999 2853 1222 2925 κράτος,
1256 2847 1657 2922 ἐπιλαθόμενος
1700 2853 1799 2917 τῆς
1843 2845 1976 2915 ἡλι-

313 2948 438 3012 κίας
467 2954 567 3018 τῆς
599 2947 818 3014 ἑαυτοῦ,
848 2941 1171 3024 κεκραγώς·
1211 2964 1232 2991 ε
1267 2939 1328 2993 Τί
1382 2959 1449 3012 με
1496 2936 1735 3015 φεύγεις,
1764 2935 1974 3004 τέκνον,

314 3040 410 3096 τὸν
443 3040 642 3092 σαυτοῦ
672 3032 900 3110 πατέρα,
932 3031 1026 3087 τὸν
1073 3029 1307 3105 γυμνὸν,
1339 3028 1430 3083 τὸν
1477 3024 1705 3103 γέροντα
1737 3047 1752 3096 ;
1787 3025 1978 3095 Ἐλέη-

316 3129 411 3185 σόν
448 3148 536 3202 με,
566 3123 749 3181 τέκνον
785 3142 798 3156 ⁸
838 3123 916 3196 μὴ
965 3115 1140 3195 φοϐοῦ
1172 3140 1180 3148 ·
1217 3113 1366 3193 ἔχεις
1422 3111 1499 3172 ἔτι
1555 3121 1698 3185 ζωῆς
1756 3111 1973 3172 ἐλπίδα.

317 3201 467 3292 Ἐγῶ
499 3218 718 3291 Χριστῷ
749 3211 910 3268 δώσω
941 3207 1104 3284 λόγον
1140 3207 1270 3282 ὑπὶρ
1312 3227 1408 3262 σου
1439 3226 1450 3238 ·
1486 3203 1546 3260 ἂν
1600 3201 1711 3278 δέῃ,
1741 3205 1832 3258 τὸν
1884 3202 1974 3256 σὸν

323 3287 557 3373 θάνατον
590 3303 730 3360 ἐκὼν
764 3302 1046 3374 ὑπομενῶ,
1079 3299 1154 3362 ὡς
1186 3299 1214 3352 ὁ
1246 3296 1445 3370 Κύριος
1477 3297 1568 3351 τὸν
1607 3295 1739 3368 ὑπὲρ
1784 3296 1944 3367 ἡμων
1969 3312 1980 3325 ·
2017 3287 2060 3354 C

332 3399 469 3473 ὑπὲρ
515 3400 611 3452 σοῦ
635 3397 735 3465 τὴν
768 3393 956 3468 ψυχήν
992 3388 1274 3446 ἀντιδώσω
1320 3389 1420 3457 τήν
1481 3387 1650 3473 ἐμήν.
1675 3386 1867 3455 Στῆθι,
1898 3381 1985 3438 πί-

1530 3477 1592 3532 Ὁ
1638 3472 1697 3529 δὲ
1753 3473 1985 3534 ἀκούσας
2091 3479 2268 3534 nibus
2295 3477 2562 3549 capitur;
2599 3493 2714 3532 non
2745 3475 2845 3532 ille
2874 3479 3074 3550 fugam
3109 3483 3334 3550 petens,
3370 3486 3472 3533 aut
3498 3478 3733 3534 veniam

333 3581 554 3654 πρῶτον
590 3575 685 3648 μὲν
718 3568 843 3641 ἔστη
875 3571 1025 3625 κάτω
1059 3568 1279 3645 βλέπων
1323 3586 1335 3599 ·
1369 3566 1479 3654 εἶτα
1508 3560 1696 3654 ἔρριψε
1719 3564 1792 3654 τὰ,
1816 3559 1984 3654 ὅπλα,

333 3647 451 3723 εἶτα
476 3663 692 3744 τρέμων
724 3657 886 3734 ἔκλαε
927 3661 1160 3731 πικρῶς.
1194 3652 1578 3732 Προσελθόντα
1628 3650 1693 3744 δὲ
1746 3653 1838 3707 τὸν
1895 3647 1987 3744 γέ-

330 3508 553 3544 στευσον
590 3505 603 3517 ·
663 3483 892 3559 Χριστός
955 3500 1023 3554 με
1076 3475 1410 3534 ἀπέστειλεν.
1449 3500 1476 3528 ››

2088 2141 2368 2197 adhibere
2399 2142 2598 2210 fidem,
2633 2147 2698 2198 ut
2727 2159 2790 2199 se
2821 2143 3036 2200 habere
3068 2144 3434 2200 existimaret
3464 2161 3594 2217 quas
3619 2161 3735 2200 uon

2083 2238 2149 2304 νιι
2177 2230 2452 2296 habebat,
2486 2231 2570 2288 sic
2621 2248 2726 2287 nec
2752 2232 2966 2288 Joanni
3016 2233 3285 2289 difﬁdere
3317 2233 3592 2290 audebat.
3622 2233 3736 2288 Sed

2087 2320 2186 2375 ubi
2217 2321 2470 2376 Joannes
2499 2337 2512 2374 :
2547 2343 2576 2371 «
2627 2321 2934 2390 Juvenem,
2967 2321 3182 2393 inquit,
3215 2326 3412 2392 repeto
3451 2326 3510 2377 et
3541 2321 3741 2377 fratris

2086 2408 2342 2465 animam
2368 2426 2388 2471 ,ο
2421 2432 2447 2458 ι)
2482 2408 2598 2464 alto
2631 2425 2808 2465 senex
2850 2410 3026 2465 ducto
3079 2409 3358 2482 suspirio,
3391 2411 3742 2482 vultumque

2084 2496 2360 2570 lacrymis
2391 2499 2653 2554 affusus:
2689 2520 2717 2549 ‹‹
2752 2499 2828 2554 Is.
2863 2500 2966 2568 ait,
2986 2504 3254 2555 mortuus
3285 2505 3392 2556 est.
3418 2500 3740 2567 Quomodo,

2085 2587 2282 2659 inquit
2312 2587 2590 2652 Joannes,
2618 2604 2683 2643 ac
2702 2604 2816 2660 quo
2842 2589 3048 2644 mortis
3071 2605 3284 2661 genere
3304 2589 3331 2644 ‘I
3348 2589 3485 2656 Deo,
3519 2588 3601 2644 ait
3619 2587 3738 2654 ille,

2087 2683 2358 2732 mortuus
2389 2681 2499 2733 est.
2535 2676 2727 2733 Malus
2778 2677 2998 2750 quippe
3027 2679 3214 2734 evasit
3243 2684 3300 2734 et
3339 2679 3641 2750 perditus;
3674 2694 3740 2733 ac

2087 2768 2242 2839 quod
2267 2768 2614 2836 maximum,
2640 2768 2822 2824 latro:
2875 2785 3152 2840 nuncque
3181 2771 3325 2825 adeo
3357 2785 3461 2841 pro
3494 2768 3742 2826 ecclesia

2086 2860 2342 2912 montem
2373 2857 2698 2929 occupavit,
2731 2874 2866 2912 cum
2896 2857 3194 2913 latronum
3227 2859 3352 2930 pari
3386 2858 3683 2914 satellitio.
3709 2880 3739 2908 ››

2084 2946 2188 3002 His
2223 2945 2442 3001 auditis
2473 2945 2780 3017 apostolus
2813 2946 3000 3004 scissa
3046 2951 3227 3004 veste.
3261 2951 3319 3003 et
3348 2964 3482 3003 cum
3513 2947 3740 3020 ingenti

2085 3033 2303 3107 gemitu
2335 3039 2513 3105 caput
2544 3034 2796 3091 feriens:
2840 3058 2868 3085 ‹‹
2903 3035 3130 3091 Bonum
3161 3040 3241 3106 te,
3267 3035 3482 3108 inquit,
3531 3037 3742 3092 animae

2088 3124 2290 3179 fratris
2309 3124 2617 3180 custodem
2638 3125 2915 3180 constitui
2944 3123 2956 3178 ι
2982 3125 3092 3180 Sed
3111 3125 3238 3196 jam
3263 3125 3405 3180 mihi
3437 3129 3649 3197 praesto
3672 3124 3750 3181 sit

2093 3229 2281 3286 equus
2294 3218 2350 3268 et
2367 3212 2585 3284 aliquis
2604 3212 3078 3269 ductoritineris.
3098 3236 3125 3264 ››
3144 3215 3284 3270 Inde
3297 3214 3370 3270 ab
3394 3213 3752 3283 ecclesia,ita

2099 3307 2164 3358 ut
2192 3306 2336 3367 erat,
2368 3301 2592 3357 concito
2623 3317 2774 3372 equo
2827 3301 2940 3357 iter
2972 3303 3326 3374 properavit.
3377 3307 3644 3374 Cumque
3674 3304 3749 3359 ad

2088 3391 2280 3445 locum
2314 3388 2588 3456 venisset,
2622 3389 2694 3444 ab
2728 3390 2799 3444 iis
2831 3388 2930 3460 qui
2953 3390 3231 3445 excubias
3257 3391 3508 3460 agebant
3555 3390 3744 3444 latro-

2091 3568 2434 3639 deprecans,
2469 3567 2571 3621 sed
2603 3565 2901 3622 clamans:
2950 3588 2978 3616 «
3010 3569 3073 3623 In
3103 3567 3211 3623 hoc
3241 3568 3438 3640 ipsum
3483 3567 3636 3636 veni,
3669 3568 3742 3623 ad

2089 3662 2352 3713 vestrum
2387 3672 2480 3711 me
2500 3657 2707 3712 ducem
2732 3655 3014 3711 deducite.
3043 3679 3071 3707 »
3094 3657 3148 3713 ls
3165 3674 3298 3713 vero
3321 3661 3386 3713 ut
3405 3661 3528 3713 erat
3549 3673 3742 3713 arma-

334 3741 522 3833 ροντα,
552 3745 874 3828 περιέλαϐεν
907 3745 1361 3823 ἀπολογούμενος
1417 3748 1536 3804 ταῖς
1593 3741 1863 3833 οῗμωγαῖς
1913 3741 1982 3802 ὡς

2092 3750 2190 3802 tus
2220 3745 2456 3801 interim
2489 3746 2881 3817 exspectabat.
2901 3745 3009 3801 Sed
3043 3745 3141 3800 ubi
3165 3747 3538 3803 accedentem
3570 3763 3746 3820 agno-

334 3827 582 3913 ἐδύνατο,
613 3827 701 3896 καὶ
730 3844 849 3902 τοῖς
900 3835 1123 3912 δάκρυσι
1159 3833 1558 3910 βαπτιζόμενος
1598 3829 1658 3886 ἐκ
1716 3827 1989 3904 δευτέρου,

338 3935 512 4010 μόνην
567 3928 933 4006 ἀποκρύπτων
989 3927 1090 3994 τήν
1145 3921 1342 3994 δεξιάν.
1391 3922 1447 3976 Ὁ
1505 3918 1563 3975 δὲ
1621 3919 1992 4010 ἐγγυώμενος,

334 4005 741 4095 ἐπομνύμενος,
775 4017 851 4080 ὡς
875 4013 1060 4092 ἄφεσιν
1094 4011 1241 4084 αύτῷ
1270 4011 1417 4087 παρά
1443 4013 1541 4066 τοῦ
1591 4011 1852 4082 Σωτῆρος
1910 4005 1995 4062 εὕ-

341 4132 525 4182 ρηται,
580 4107 865 4181 δεόμενος,
929 4105 1264 4178 γονυπετῶν,
1305 4100 1473 4170 αὐτὴν
1521 4100 1620 4168 τήν
1681 4095 1854 4168 δεξιὰν
1923 4097 1999 4158 ὡς

2093 3836 2175 3893 vit
2202 3835 2513 3901 Joannem,
2547 3851 2662 3906 prae
2696 3835 2917 3905 pudore
2946 3835 3006 3889 in
3042 3835 3238 3906 fugam
3290 3851 3496 3891 versus
3526 3841 3635 3892 est.
3672 3839 3745 3890 At

2095 3925 2352 3982 Joannes
2383 3923 2521 3978 totis
2551 3922 2775 3979 viribus
2807 3924 3034 3980 concito
3065 3941 3262 3994 cursu,
3282 3924 3470 3981 aetatis
3501 3924 3744 3995 oblitus,

2098 4011 2401 4070 hominem
2452 4011 2726 4083 persequi
2781 4011 3020 4079 institit,
3076 4011 3398 4068 identidem
3452 4013 3748 4070 clamans:

2102 4125 2131 4153 «
2156 4101 2303 4169 Quid
2327 4117 2419 4156 me
2437 4104 2659 4172 patrem
2682 4105 2874 4165 tuum,
2895 4101 2978 4155 fili
3001 4101 3155 4173 fugis
3182 4102 3488 4170 inermem,
3519 4103 3751 4158 senicu-

345 4201 452 4257 ὑπὸ
505 4206 606 4270 τῆς
672 4193 958 4271 μετανοίας
1026 4189 1434 4266 κεκαθαρμένην
1515 4186 1854 4265 καταφιλῶν,
1911 4183 1978 4240 ἐπ

2103 4190 2226 4247 lum
2242 4189 2270 4244 ?
2291 4189 2564 4246 Miserere
2583 4189 2718 4258 mei,
2745 4189 2823 4243 ﬁli
2854 4209 2868 4258 ;
2893 4189 3012 4245 noli
3037 4189 3282 4256 timere;
3309 4190 3503 4246 adhuc
3524 4190 3633 4245 tibi
3655 4208 3754 4246 su-

343 4292 444 4359 τὴν
496 4286 789 4359 ἐκκλησίαν
850 4282 1176 4358 ἐπανήγαγε.
1212 4279 1313 4338 Καὶ
1359 4275 1610 4352 δαψιλέσι
1663 4277 1756 4351 μὲν
1811 4275 1982 4350 εὐχαῖι

2105 4284 2302 4353 perest
2323 4280 2449 4333 vita
2471 4295 2538 4333 ac
2559 4277 2771 4332 salutis
2796 4295 2952 4348 spes.
2980 4279 3097 4349 Ego
3117 4295 3220 4349 pro
3246 4282 3298 4333 te
3321 4278 3553 4334 Christo
3578 4280 3756 4335 ratio-

348 4376 748 4451 ἐξαιτούμενος,
781 4373 1033 4448 συνεχέσι
1064 4368 1122 4426 δὲ
1166 4367 1438 4440 νηστείαις
1485 4365 2006 4438 συναγωνιζόμενος,

2108 4384 2240 4424 nem
2267 4366 2528 4421 reddam.
2569 4366 2626 4421 Si
2666 4365 2742 4420 sit
2762 4381 2933 4436 opus,
2956 4372 3118 4421 tuam
3146 4365 3274 4438 ipse
3295 4366 3486 4424 libens
3508 4373 3757 4424 mortem

349 4465 638 4528 ποικίλαις
671 4463 731 4520 δὲ
760 4463 945 4540 ῥήσεσι
979 4463 1089 4535 (49)
1123 4458 1303 4534 λόγων
1333 4455 1650 4528 κατεπᾴδων
1700 4455 1864 4510 αὐτοῦ
1905 4454 1982 4522 τηε

2111 4455 2440 4521 sustinebo,
2456 4454 2955 4526 quemadmodum
2981 4454 3268 4512 Dominus
3291 4473 3394 4528 pro
3416 4456 3587 4514 nobis
3609 4475 3764 4514 mor-

346 4559 602 4636 γνώμην,
635 4553 696 4610 οὗ
746 4551 1013 4627 πρότερον
1057 4546 1325 4636 ἀπῆλθεν,
1349 4547 1435 4636 *ὥς
1487 4566 1640 4636 φασι,
1669 4543 1796 4636 πρὶν
1847 4542 1982 4636 αύτδπ

2111 4548 2231 4601 tem
2263 4541 2418 4599 tulit.
2449 4543 2721 4598 Animam
2758 4558 2948 4599 meam
2983 4560 3086 4614 pro
3126 4549 3230 4600 tua
3257 4546 3536 4603 vicariam
3569 4548 3762 4604 dabo:

345 4631 647 4716 κατέστησε
719 4645 791 4716 τῇ
839 4637 1163 4710 Ἐκκλησίᾳ,
1221 4633 1406 4697 διδοὺς
1647 4631 1782 4707 μέγα
1836 4631 2010 4707 παρά-
2039 4655 2086 4720 D

354 4734 553 4812 δειγμα
586 4728 872 4808 μετανοίας
924 4726 1190 4800 ἀληθινῆς
1229 4722 1320 4780 καί
1379 4723 1512 4798 μέγα
1561 4721 1850 4812 γνώρισμα
1903 4740 2010 4774 πα-

357 4809 663 4902 λιγγενείας
735 4822 858 4896 (51)
892 4862 908 4889 ,
960 4819 1222 4895 τρόπαιον
1297 4815 1634 4875 ἀναστάσεως
1718 4809 2018 4902 ἐλπιζομέ-

2118 4639 2212 4690 sta
2261 4632 2455 4699 modo,
2515 4636 2572 4687 et
2628 4632 2819 4688 crede.
2880 4638 2922 4686 A
2987 4633 3220 4692 Christo
3271 4635 3495 4692 missus
3544 4654 3702 4695 sum.
3738 4659 3767 4688 »

2121 4722 2223 4777 His
2251 4720 2349 4776 ille
2380 4718 2623 4791 auditis,
2659 4720 2918 4791 primum
2977 4722 3216 4793 quidem
3260 4724 3426 4780 vultu
3462 4725 3521 4781 in
3551 4730 3769 4783 terram

2128 4811 2388 4866 demisso
2420 4811 2718 4865 substitit:
2755 4810 2966 4866 deinde
3016 4812 3293 4884 projectis
3336 4815 3541 4882 armis,
3573 4817 3778 4872 acerbe

355 4898 624 4990 νης’(52),
659 4913 784 4968 ὅταν
816 4909 868 4965 ἐν
897 4912 969 4975 τῇ
1001 4907 1283 4977 συντελείᾳ
1311 4908 1408 4960 τοῦ
1448 4903 1647 4966 αἰῶνος
1679 4903 1733 4956 οἱ
1789 4898 1982 4977 ἄγγελε

2131 4903 2271 4958 ﬂere
2321 4898 2515 4971 ccepit.
2560 4900 2945 4956 Accedentem
2993 4917 3128 4957 vero
3183 4919 3384 4958 senem
3416 4906 3779 4978 complexus,

355 4987 746 5074 toqulnoa'ic
780 5001 1176 5074 μετανοοῦντας
1215 4991 1473 5066 δέξωνται
1531 4992 1606 5054 εἷς
1665 4990 1982 5066 ἐπουρανίου

2133 4989 2354 5063 gemitu
2381 5003 2448 5043 ac
2470 4987 2770 5054 lamentis,
2795 5004 2974 5058 quam
2998 4989 3250 5047 maxime
3273 4996 3519 5063 poterat,
3558 4995 3779 5051 crimen

366 5094 597 5164 σκηνὰς,
646 5087 890 5170 φαιδρῶς
944 5084 1262 5164 γεγηθότες,
1323 5083 1638 5157 ὑμνοῦντες,
1692 5079 1982 5156 ἀνοιγνύντε

2135 5077 2419 5144 diluebat,
2452 5082 2507 5131 et
2530 5076 2802 5149 lacrymis
2826 5077 2984 5132 velut
3006 5077 3190 5135 altero
3212 5082 3463 5149 quodam
3486 5082 3783 5154 baptismo

364 5185 498 5245 τοὺς
528 5179 790 5258 οὐρανούς
819 5197 832 5211 ·
864 5177 972 5252 πρὸ
1004 5174 1062 5230 δὲ
1092 5173 1305 5230 πάντων
1339 5171 1498 5234 αὐτὸς
1530 5171 1558 5226 ὁ
1600 5170 1797 5243 Σωτὴρ
1850 5188 2026 5244 προα-

477 5330 540 5396 ιι(
570 5325 630 5382 Ρ.
663 5323 773 5379 950
801 5321 917 5378 ΕΙ).
949 5319 1261 5385 POTTEB.

442 5469 554 5542 (48)
587 5464 875 5542 Στεχάξας.
919 5467 1177 5542 Ahast
1226 5461 1474 5530 Sinaita,
1509 5458 1747 5528 στενάζει
1783 5457 1920 5534 μέγα
1978 5482 1982 5510 ι

2148 5449 2324 5542 παξδα
2357 5454 2472 5542 μεθξ
2504 5452 2697 5542 tauro?
2726 5451 2778 5508 ἐν
2793 5456 2876 5542 (τῇ
2898 5449 3063 5542 ςβκκλ

373 5535 569 5616 βάθους
587 5558 622 5616 _'
661 5535 784 5616 εἶτα
808 5535 1069 5616 δακρύειεκ
1084 5536 1248 5616 Εειῐ..

441 5601 826 5685 (49)Ϋ⁹Ρῄσεσι.
859 5601 998 5668 Οὸἀ.
1033 5608 1199 5685 ἷξες,
1233 5603 1405 5673 68.11.,
1439 5603 1652 5677 σειρῇσι
1708 5601 1918 5674 λόγων,
1973 5605 2037 5658 ut

369 5689 430 5744 et
448 5677 707 5757 'Niceph‘.
741 5682 845 5757 lib.
879 5699 942 5750 ιι,
978 5677 1257 5757 0.42219.

443 5737 843 5831 (563118066;
872 5737 1144 5810 Ᾱὲιεειαε.
1204 5747 1433 5805 Sinaita
1488 5745 1670 5812 addit,
1722 5737 1830 5805 ἓως
1872 5740 2037 5798 αύτδν

651 5875 920 5937 Paeon.
971 5871 1083 5934 Gs.
1133 5868 1238 5930 1x.

2134 5166 2502 5239 expiabatur,
2535 5165 2722 5221 solam
2757 5167 3052 5223 dexteram
3099 5167 3422 5226 occultans.
3455 5171 3606 5226 Tum
3639 5187 3781 5244 apo-

2217 5455 2318 5510 ιῖδα
2357 5455 2472 5528 μεθ’
2504 5455 2697 5508 ἑαυτοῦ
2726 5455 2778 5508 ἐν
2809 5456 2876 5526 τῇ
2900 5455 3197 5579 Ἐκκλτγρίᾳ
3225 5455 3514 5529 συνήγαγε.
3549 5461 3632 5514 ID.

2217 5529 2302 5599 (51
2364 5524 2764 5600 Παλιγγενείας.
2792 5527 2987 5582 Scribe
3011 5545 3084 5578 πα
3131 5525 3449 5599 ιγγενεσίας.

2218 5530 2331 5672 (52)
2364 5596 2788 5672 Ἐλπιζομένης.
2834 5598 2925 5653 Sic
2974 5600 3244 5655 Anastas.
3294 5601 3552 5668 Sinaita;
3591 5598 3632 5672 βξ

2218 5596 2331 5672 (52)
2364 5596 2788 5669 Ἐλπίζόμένηςι
2834 5598 2925 5653 Sic
2974 5596 3244 5655 Armatae.
3294 5601 3552 5668 Sinaita;
3591 5598 3798 5676 βλεπο-

2155 5670 2348 5744 μένης,
2383 5671 2594 5727 Euseb.
2631 5670 2795 5725 FELL.

3445 5865 3519 5924 21
