  <div class='ocr_page' id='page_1' title='image "/cluster/home/n/w/nwhite01/storage/ocr_20150623/9/coo.31924054872886/333.png"; bbox 0 0 4124 6402; ppageno 0'>
   <div class='ocr_carea' id='block_1_1' title="bbox 398 402 500 457">
    <p class='ocr_par' dir='ltr' id='par_1_1' title="bbox 398 402 500 457">
     <span class='ocr_line' id='line_1_1' title="bbox 398 402 500 457; baseline 0 0"><span class='ocrx_word' id='word_1_1' title='bbox 398 402 500 457; x_wconf 84' lang='grc'><strong>651</strong></span> 
     </span>
    </p>
   </div>
   <div class='ocr_carea' id='block_1_2' title="bbox 1629 404 2579 460">
    <p class='ocr_par' dir='ltr' id='par_1_2' title="bbox 1629 404 2579 460">
     <span class='ocr_line' id='line_1_2' title="bbox 1629 404 2579 460; baseline -0.003 0"><span class='ocrx_word' id='word_1_2' title='bbox 1629 405 2041 460; x_wconf 75' lang='lat' dir='ltr'><strong>CLEMENTIS</strong></span> <span class='ocrx_word' id='word_1_3' title='bbox 2078 404 2579 460; x_wconf 73' lang='lat' dir='ltr'><strong>ALEXANDRINI</strong></span> 
     </span>
    </p>
   </div>
   <div class='ocr_carea' id='block_1_3' title="bbox 3709 385 3821 450">
    <p class='ocr_par' dir='ltr' id='par_1_3' title="bbox 3709 385 3821 450">
     <span class='ocr_line' id='line_1_3' title="bbox 3709 385 3821 450; baseline -0.009 0"><span class='ocrx_word' id='word_1_4' title='bbox 3709 385 3821 450; x_wconf 78' lang='lat'><strong>652</strong></span> 
     </span>
    </p>
   </div>
   <div class='ocr_carea' id='block_1_4' title="bbox 401 516 2056 603">
    <p class='ocr_par' dir='ltr' id='par_1_4' title="bbox 401 529 2044 603">
     <span class='ocr_line' id='line_1_4' title="bbox 401 529 2044 603; baseline -0.001 -17"><span class='ocrx_word' id='word_1_5' title='bbox 401 530 590 586; x_wconf 86' lang='lat' dir='ltr'><strong>stolus</strong></span> <span class='ocrx_word' id='word_1_6' title='bbox 640 530 938 603; x_wconf 87' lang='lat' dir='ltr'><strong>spondens</strong></span> <span class='ocrx_word' id='word_1_7' title='bbox 970 529 1358 601; x_wconf 83' lang='lat' dir='ltr'><strong>dejeransque</strong></span> <span class='ocrx_word' id='word_1_8' title='bbox 1385 529 1614 587; x_wconf 84' lang='lat' dir='ltr'><strong>veniam</strong></span> <span class='ocrx_word' id='word_1_9' title='bbox 1647 547 1708 587; x_wconf 89' lang='lat' dir='ltr'><strong>se</strong></span> <span class='ocrx_word' id='word_1_10' title='bbox 1740 529 1825 586; x_wconf 88' lang='lat' dir='ltr'><strong>illi</strong></span> <span class='ocrx_word' id='word_1_11' title='bbox 1857 547 1891 586; x_wconf 90' lang='lat' dir='ltr'><strong>a</strong></span> <span class='ocrx_word' id='word_1_12' title='bbox 1919 529 2044 587; x_wconf 88' lang='lat' dir='ltr'><strong>Sal-</strong></span> 
     </span>
    </p>
   </div>
   <div class='ocr_carea' id='block_1_5' title="bbox 2167 516 3817 603">
    <p class='ocr_par' dir='ltr' id='par_1_5' title="bbox 2167 516 3817 601">
     <span class='ocr_line' id='line_1_5' title="bbox 2167 516 3817 601; baseline -0.004 -18"><span class='ocrx_word' id='word_1_13' title='bbox 2167 531 2335 598; x_wconf 78' lang='grc' dir='ltr'>παντᾷ</span> <span class='ocrx_word' id='word_1_14' title='bbox 2389 524 2757 599; x_wconf 73' lang='grc' dir='ltr'><strong>δεξιούμενος,</strong></span> <span class='ocrx_word' id='word_1_15' title='bbox 2789 526 2905 601; x_wconf 75' lang='grc' dir='ltr'><strong>φῶς</strong></span> <span class='ocrx_word' id='word_1_16' title='bbox 2970 522 3173 599; x_wconf 70' lang='grc' dir='ltr'>ὀρέγων</span> <span class='ocrx_word' id='word_1_17' title='bbox 3224 521 3437 591; x_wconf 81' lang='grc' dir='ltr'>ἄσκιον,</span> <span class='ocrx_word' id='word_1_18' title='bbox 3489 516 3765 576; x_wconf 72' lang='grc' dir='ltr'>ἄπαυστον</span> <span class='ocrx_word' id='word_1_19' title='bbox 3803 540 3817 555; x_wconf 80' lang='grc' dir='ltr'><strong>ο</strong></span> 
     </span>
    </p>
   </div>
   <div class='ocr_carea' id='block_1_6' title="bbox 401 620 2050 694">
    <p class='ocr_par' dir='ltr' id='par_1_6' title="bbox 401 620 2050 694">
     <span class='ocr_line' id='line_1_6' title="bbox 401 620 2050 694; baseline 0.001 -20"><span class='ocrx_word' id='word_1_20' title='bbox 401 626 595 676; x_wconf 84' lang='lat' dir='ltr'><strong>vatore</strong></span> <span class='ocrx_word' id='word_1_21' title='bbox 625 625 861 675; x_wconf 88' lang='lat' dir='ltr'><strong>nactum</strong></span> <span class='ocrx_word' id='word_1_22' title='bbox 890 635 1041 687; x_wconf 88' lang='lat' dir='ltr'><strong>esse,</strong></span> <span class='ocrx_word' id='word_1_23' title='bbox 1077 635 1370 691; x_wconf 89' lang='lat' dir='ltr'><strong>oransque</strong></span> <span class='ocrx_word' id='word_1_24' title='bbox 1421 637 1487 676; x_wconf 91' lang='lat' dir='ltr'><strong>ac</strong></span> <span class='ocrx_word' id='word_1_25' title='bbox 1517 620 1577 675; x_wconf 91' lang='lat' dir='ltr'><strong>in</strong></span> <span class='ocrx_word' id='word_1_26' title='bbox 1627 637 1820 694; x_wconf 89' lang='lat' dir='ltr'><strong>genua</strong></span> <span class='ocrx_word' id='word_1_27' title='bbox 1851 636 2050 693; x_wconf 88' lang='lat' dir='ltr'><strong>provo-</strong></span> 
     </span>
    </p>
   </div>
   <div class='ocr_carea' id='block_1_7' title="bbox 402 709 2049 783">
    <p class='ocr_par' dir='ltr' id='par_1_7' title="bbox 402 709 2049 783">
     <span class='ocr_line' id='line_1_7' title="bbox 402 709 2049 783; baseline 0 -18"><span class='ocrx_word' id='word_1_28' title='bbox 402 711 585 776; x_wconf 89' lang='lat' dir='ltr'><strong>lutus,</strong></span> <span class='ocrx_word' id='word_1_29' title='bbox 652 710 838 782; x_wconf 91' lang='lat' dir='ltr'><strong>ipsam</strong></span> <span class='ocrx_word' id='word_1_30' title='bbox 865 710 1105 780; x_wconf 82' lang='lat' dir='ltr'><strong>juvenis</strong></span> <span class='ocrx_word' id='word_1_31' title='bbox 1152 709 1477 779; x_wconf 79' lang='lat' dir='ltr'><strong>dexteram,</strong></span> <span class='ocrx_word' id='word_1_32' title='bbox 1527 709 1837 782; x_wconf 86' lang='lat' dir='ltr'><strong>velutjam</strong></span> <span class='ocrx_word' id='word_1_33' title='bbox 1863 711 2049 783; x_wconf 83' lang='lat' dir='ltr'><strong>pceni-</strong></span> 
     </span>
    </p>
   </div>
   <div class='ocr_carea' id='block_1_8' title="bbox 2163 609 3819 690">
    <p class='ocr_par' dir='ltr' id='par_1_8' title="bbox 2163 609 3819 690">
     <span class='ocr_line' id='line_1_8' title="bbox 2163 609 3819 690; baseline -0.004 -18"><span class='ocrx_word' id='word_1_34' title='bbox 2163 614 2374 690; x_wconf 84' lang='grc' dir='ltr'>ὁδηγῶν</span> <span class='ocrx_word' id='word_1_35' title='bbox 2408 615 2485 678; x_wconf 77' lang='grc' dir='ltr'>εἷς</span> <span class='ocrx_word' id='word_1_36' title='bbox 2513 614 2640 677; x_wconf 75' lang='grc' dir='ltr'>τοὺς</span> <span class='ocrx_word' id='word_1_37' title='bbox 2671 612 2913 675; x_wconf 85' lang='grc' dir='ltr'><strong>κόλπους</strong></span> <span class='ocrx_word' id='word_1_38' title='bbox 2942 616 3038 667; x_wconf 88' lang='grc' dir='ltr'><strong>τοῦ</strong></span> <span class='ocrx_word' id='word_1_39' title='bbox 3072 610 3307 686; x_wconf 80' lang='grc' dir='ltr'>Πατρὸς,</span> <span class='ocrx_word' id='word_1_40' title='bbox 3338 609 3416 673; x_wconf 75' lang='grc' dir='ltr'><strong>εἰς</strong></span> <span class='ocrx_word' id='word_1_41' title='bbox 3446 611 3545 680; x_wconf 85' lang='grc' dir='ltr'><strong>τήν</strong></span> <span class='ocrx_word' id='word_1_42' title='bbox 3591 609 3819 666; x_wconf 80' lang='grc' dir='ltr'>αίώοιον</span> 
     </span>
    </p>
   </div>
   <div class='ocr_carea' id='block_1_9' title="bbox 2164 696 3827 779">
    <p class='ocr_par' dir='ltr' id='par_1_9' title="bbox 2164 696 3827 779">
     <span class='ocr_line' id='line_1_9' title="bbox 2164 696 3827 779; baseline -0.004 -18"><span class='ocrx_word' id='word_1_43' title='bbox 2164 707 2333 776; x_wconf 78' lang='grc' dir='ltr'>ζωὴν,</span> <span class='ocrx_word' id='word_1_44' title='bbox 2366 705 2446 768; x_wconf 77' lang='grc' dir='ltr'>εἷς</span> <span class='ocrx_word' id='word_1_45' title='bbox 2470 706 2570 774; x_wconf 77' lang='grc' dir='ltr'>τὴν</span> <span class='ocrx_word' id='word_1_46' title='bbox 2608 702 2886 779; x_wconf 88' lang='grc' dir='ltr'>βασιλείαν</span> <span class='ocrx_word' id='word_1_47' title='bbox 2916 706 3024 757; x_wconf 88' lang='grc' dir='ltr'><strong>τῶν</strong></span> <span class='ocrx_word' id='word_1_48' title='bbox 3059 702 3328 776; x_wconf 75' lang='grc' dir='ltr'>οὐρανῶν.</span> <span class='ocrx_word' id='word_1_49' title='bbox 3370 699 3672 757; x_wconf 61' lang='lat' dir='ltr'><strong>lita-reuersa</strong></span> <span class='ocrx_word' id='word_1_50' title='bbox 3728 696 3827 756; x_wconf 69' lang='grc' dir='ltr'><strong>καῖ</strong></span> 
     </span>
    </p>
   </div>
   <div class='ocr_carea' id='block_1_10' title="bbox 400 789 2056 871">
    <p class='ocr_par' dir='ltr' id='par_1_10' title="bbox 400 797 2052 871">
     <span class='ocr_line' id='line_1_10' title="bbox 400 797 2052 871; baseline -0.001 -15"><span class='ocrx_word' id='word_1_51' title='bbox 400 799 581 856; x_wconf 82' lang='lat' dir='ltr'><strong>tentia</strong></span> <span class='ocrx_word' id='word_1_52' title='bbox 638 799 952 869; x_wconf 83' lang='lat' dir='ltr'><strong>expiatam,</strong></span> <span class='ocrx_word' id='word_1_53' title='bbox 981 797 1350 867; x_wconf 86' lang='lat' dir='ltr'><strong>exosculans,</strong></span> <span class='ocrx_word' id='word_1_54' title='bbox 1377 800 1576 871; x_wconf 91' lang='lat' dir='ltr'><strong>ipsum</strong></span> <span class='ocrx_word' id='word_1_55' title='bbox 1638 802 1697 855; x_wconf 89' lang='lat' dir='ltr'><strong>in</strong></span> <span class='ocrx_word' id='word_1_56' title='bbox 1745 799 2052 855; x_wconf 82' lang='lat' dir='ltr'><strong>ecclesiam</strong></span> 
     </span>
    </p>
   </div>
   <div class='ocr_carea' id='block_1_11' title="bbox 2167 789 3822 871">
    <p class='ocr_par' dir='ltr' id='par_1_11' title="bbox 2167 789 3822 867">
     <span class='ocr_line' id='line_1_11' title="bbox 2167 789 3822 867; baseline -0.004 -15"><span class='ocrx_word' id='word_1_57' title='bbox 2167 797 2327 852; x_wconf 77' lang='grc' dir='ltr'>ταῦτά</span> <span class='ocrx_word' id='word_1_58' title='bbox 2346 816 2427 857; x_wconf 91' lang='grc' dir='ltr'><strong>τις</strong></span> <span class='ocrx_word' id='word_1_59' title='bbox 2450 794 2540 850; x_wconf 85' lang='grc' dir='ltr'><strong>καὶ</strong></span> <span class='ocrx_word' id='word_1_60' title='bbox 2570 797 2704 849; x_wconf 78' lang='grc' dir='ltr'>Θεοῦ</span> <span class='ocrx_word' id='word_1_61' title='bbox 2740 793 3031 866; x_wconf 77' lang='grc' dir='ltr'><strong>μαθηταῖς,</strong></span> <span class='ocrx_word' id='word_1_62' title='bbox 3062 791 3151 847; x_wconf 88' lang='grc' dir='ltr'><strong>καὶ</strong></span> <span class='ocrx_word' id='word_1_63' title='bbox 3204 789 3451 866; x_wconf 84' lang='grc' dir='ltr'><strong>ἐγγυητῇ</strong></span> <span class='ocrx_word' id='word_1_64' title='bbox 3496 793 3636 864; x_wconf 81' lang='grc' dir='ltr'>Θεῷ,</span> <span class='ocrx_word' id='word_1_65' title='bbox 3678 811 3822 867; x_wconf 86' lang='grc' dir='ltr'>προ-</span> 
     </span>
    </p>
   </div>
   <div class='ocr_carea' id='block_1_12' title="bbox 403 886 2052 959">
    <p class='ocr_par' dir='ltr' id='par_1_12' title="bbox 403 886 2052 959">
     <span class='ocr_line' id='line_1_12' title="bbox 403 886 2052 959; baseline 0 -16"><span class='ocrx_word' id='word_1_66' title='bbox 403 887 651 944; x_wconf 83' lang='lat' dir='ltr'><strong>reduxit.</strong></span> <span class='ocrx_word' id='word_1_67' title='bbox 694 886 914 942; x_wconf 82' lang='lat' dir='ltr'><strong>Exinde</strong></span> <span class='ocrx_word' id='word_1_68' title='bbox 963 887 1181 959; x_wconf 87' lang='lat' dir='ltr'><strong>partim</strong></span> <span class='ocrx_word' id='word_1_69' title='bbox 1213 888 1437 945; x_wconf 80' lang='lat' dir='ltr'><strong>crebris</strong></span> <span class='ocrx_word' id='word_1_70' title='bbox 1469 888 1834 945; x_wconf 88' lang='lat' dir='ltr'><strong>orationibus</strong></span> <span class='ocrx_word' id='word_1_71' title='bbox 1866 888 2052 944; x_wconf 88' lang='lat' dir='ltr'><strong>Deum</strong></span> 
     </span>
    </p>
   </div>
   <div class='ocr_carea' id='block_1_13' title="bbox 401 976 2053 1049">
    <p class='ocr_par' dir='ltr' id='par_1_13' title="bbox 401 976 2053 1049">
     <span class='ocr_line' id='line_1_13' title="bbox 401 976 2053 1049; baseline 0.001 -17"><span class='ocrx_word' id='word_1_72' title='bbox 401 978 746 1048; x_wconf 90' lang='lat' dir='ltr'><strong>deprecans,</strong></span> <span class='ocrx_word' id='word_1_73' title='bbox 770 976 983 1047; x_wconf 80' lang='lat' dir='ltr'><strong>partim</strong></span> <span class='ocrx_word' id='word_1_74' title='bbox 1016 976 1374 1033; x_wconf 84' lang='lat' dir='ltr'><strong>continuatis</strong></span> <span class='ocrx_word' id='word_1_75' title='bbox 1408 995 1524 1033; x_wconf 89' lang='lat' dir='ltr'><strong>una</strong></span> <span class='ocrx_word' id='word_1_76' title='bbox 1559 994 1693 1033; x_wconf 89' lang='lat' dir='ltr'><strong>cum</strong></span> <span class='ocrx_word' id='word_1_77' title='bbox 1717 979 1940 1049; x_wconf 87' lang='lat' dir='ltr'><strong>juvene</strong></span> <span class='ocrx_word' id='word_1_78' title='bbox 1960 978 2053 1048; x_wconf 83' lang='lat' dir='ltr'><strong>je-</strong></span> 
     </span>
    </p>
   </div>
   <div class='ocr_carea' id='block_1_14' title="bbox 394 1064 2054 1138">
    <p class='ocr_par' dir='ltr' id='par_1_14' title="bbox 394 1064 2054 1138">
     <span class='ocr_line' id='line_1_14' title="bbox 394 1064 2054 1138; baseline 0.001 -18"><span class='ocrx_word' id='word_1_79' title='bbox 394 1064 585 1137; x_wconf 85' lang='lat' dir='ltr'><strong>juniis</strong></span> <span class='ocrx_word' id='word_1_80' title='bbox 625 1064 805 1121; x_wconf 87' lang='lat' dir='ltr'><strong>simul</strong></span> <span class='ocrx_word' id='word_1_81' title='bbox 837 1065 1168 1135; x_wconf 86' lang='lat' dir='ltr'><strong>decertans,</strong></span> <span class='ocrx_word' id='word_1_82' title='bbox 1220 1067 1518 1138; x_wconf 89' lang='lat' dir='ltr'><strong>variisque</strong></span> <span class='ocrx_word' id='word_1_83' title='bbox 1544 1068 1798 1138; x_wconf 91' lang='lat' dir='ltr'><strong>denique</strong></span> <span class='ocrx_word' id='word_1_84' title='bbox 1829 1082 2054 1123; x_wconf 80' lang='lat' dir='ltr'><strong>sermo-</strong></span> 
     </span>
    </p>
   </div>
   <div class='ocr_carea' id='block_1_15' title="bbox 405 1153 2056 1227">
    <p class='ocr_par' dir='ltr' id='par_1_15' title="bbox 405 1153 2056 1227">
     <span class='ocr_line' id='line_1_15' title="bbox 405 1153 2056 1227; baseline -0.001 -16"><span class='ocrx_word' id='word_1_85' title='bbox 405 1170 546 1211; x_wconf 88' lang='lat' dir='ltr'><strong>num</strong></span> <span class='ocrx_word' id='word_1_86' title='bbox 575 1153 868 1209; x_wconf 84' lang='lat' dir='ltr'><strong>illecebris</strong></span> <span class='ocrx_word' id='word_1_87' title='bbox 899 1154 1162 1210; x_wconf 87' lang='lat' dir='ltr'><strong>animum</strong></span> <span class='ocrx_word' id='word_1_88' title='bbox 1196 1156 1324 1226; x_wconf 87' lang='lat' dir='ltr'><strong>ejus</strong></span> <span class='ocrx_word' id='word_1_89' title='bbox 1355 1155 1718 1224; x_wconf 88' lang='lat' dir='ltr'><strong>demulcens,</strong></span> <span class='ocrx_word' id='word_1_90' title='bbox 1752 1172 1866 1211; x_wconf 89' lang='lat' dir='ltr'><strong>non</strong></span> <span class='ocrx_word' id='word_1_91' title='bbox 1891 1155 2056 1227; x_wconf 92' lang='lat' dir='ltr'><strong>prius</strong></span> 
     </span>
    </p>
   </div>
   <div class='ocr_carea' id='block_1_16' title="bbox 403 1242 2057 1315">
    <p class='ocr_par' dir='ltr' id='par_1_16' title="bbox 403 1242 2057 1315">
     <span class='ocr_line' id='line_1_16' title="bbox 403 1242 2057 1315; baseline 0 -17"><span class='ocrx_word' id='word_1_92' title='bbox 403 1242 651 1310; x_wconf 86' lang='lat' dir='ltr'><strong>destitit,</strong></span> <span class='ocrx_word' id='word_1_93' title='bbox 688 1247 754 1298; x_wconf 91' lang='lat' dir='ltr'><strong>ut</strong></span> <span class='ocrx_word' id='word_1_94' title='bbox 788 1242 974 1311; x_wconf 90' lang='lat' dir='ltr'><strong>aiunt,</strong></span> <span class='ocrx_word' id='word_1_95' title='bbox 998 1259 1175 1315; x_wconf 87' lang='lat' dir='ltr'><strong>quam</strong></span> <span class='ocrx_word' id='word_1_96' title='bbox 1201 1242 1367 1298; x_wconf 88' lang='lat' dir='ltr'><strong>illum</strong></span> <span class='ocrx_word' id='word_1_97' title='bbox 1408 1244 1580 1300; x_wconf 82' lang='lat' dir='ltr'><strong>firma</strong></span> <span class='ocrx_word' id='word_1_98' title='bbox 1600 1244 1935 1300; x_wconf 86' lang='lat' dir='ltr'><strong>constantia</strong></span> <span class='ocrx_word' id='word_1_99' title='bbox 1956 1244 2057 1299; x_wconf 88' lang='lat' dir='ltr'><strong>Ee-</strong></span> 
     </span>
    </p>
   </div>
   <div class='ocr_carea' id='block_1_17' title="bbox 406 1331 2058 1405">
    <p class='ocr_par' dir='ltr' id='par_1_17' title="bbox 406 1331 2058 1405">
     <span class='ocr_line' id='line_1_17' title="bbox 406 1331 2058 1405; baseline 0 -18"><span class='ocrx_word' id='word_1_100' title='bbox 406 1331 592 1388; x_wconf 69' lang='lat' dir='ltr'><strong>clesiaa</strong></span> <span class='ocrx_word' id='word_1_101' title='bbox 621 1332 845 1403; x_wconf 88' lang='lat' dir='ltr'><strong>gremio</strong></span> <span class='ocrx_word' id='word_1_102' title='bbox 896 1331 1286 1401; x_wconf 85' lang='lat' dir='ltr'><strong>admovisset;</strong></span> <span class='ocrx_word' id='word_1_103' title='bbox 1344 1348 1557 1404; x_wconf 91' lang='lat' dir='ltr'><strong>magno</strong></span> <span class='ocrx_word' id='word_1_104' title='bbox 1588 1348 1738 1389; x_wconf 76' lang='lat' dir='ltr'><strong>veras</strong></span> <span class='ocrx_word' id='word_1_105' title='bbox 1770 1332 2058 1405; x_wconf 68' lang='lat' dir='ltr'><strong>poeniten-</strong></span> 
     </span>
    </p>
   </div>
   <div class='ocr_carea' id='block_1_18' title="bbox 403 1419 2055 1494">
    <p class='ocr_par' dir='ltr' id='par_1_18' title="bbox 403 1419 2055 1494">
     <span class='ocr_line' id='line_1_18' title="bbox 403 1419 2055 1494; baseline 0 -18"><span class='ocrx_word' id='word_1_106' title='bbox 403 1420 496 1477; x_wconf 67' lang='lat' dir='ltr'><strong>tia:</strong></span> <span class='ocrx_word' id='word_1_107' title='bbox 527 1419 794 1493; x_wconf 86' lang='lat' dir='ltr'><strong>exemplo</strong></span> <span class='ocrx_word' id='word_1_108' title='bbox 825 1420 1449 1494; x_wconf 75' lang='lat' dir='ltr'><strong>exhibito,grandique</strong></span> <span class='ocrx_word' id='word_1_109' title='bbox 1470 1422 1693 1477; x_wconf 83' lang='lat' dir='ltr'><strong>iteratae</strong></span> <span class='ocrx_word' id='word_1_110' title='bbox 1724 1423 2055 1494; x_wconf 87' lang='lat' dir='ltr'><strong>generatio-</strong></span> 
     </span>
    </p>
   </div>
   <div class='ocr_carea' id='block_1_19' title="bbox 406 1509 2057 1584">
    <p class='ocr_par' dir='ltr' id='par_1_19' title="bbox 406 1509 2057 1584">
     <span class='ocr_line' id='line_1_19' title="bbox 406 1509 2057 1584; baseline 0.001 -19"><span class='ocrx_word' id='word_1_111' title='bbox 406 1509 499 1566; x_wconf 88' lang='lat' dir='ltr'><strong>nis</strong></span> <span class='ocrx_word' id='word_1_112' title='bbox 529 1511 907 1577; x_wconf 89' lang='lat' dir='ltr'><strong>documento,</strong></span> <span class='ocrx_word' id='word_1_113' title='bbox 954 1515 1014 1566; x_wconf 81' lang='lat' dir='ltr'><strong>et</strong></span> <span class='ocrx_word' id='word_1_114' title='bbox 1044 1511 1254 1566; x_wconf 62' lang='lat' dir='ltr'><strong>futura;</strong></span> <span class='ocrx_word' id='word_1_115' title='bbox 1310 1512 1761 1568; x_wconf 84' lang='lat' dir='ltr'><strong>resurrectionis</strong></span> <span class='ocrx_word' id='word_1_116' title='bbox 1793 1511 2057 1584; x_wconf 67' lang='lat' dir='ltr'><strong>trophaeo</strong></span> 
     </span>
    </p>
   </div>
   <div class='ocr_carea' id='block_1_20' title="bbox 404 1599 2056 1673">
    <p class='ocr_par' dir='ltr' id='par_1_20' title="bbox 404 1599 2056 1673">
     <span class='ocr_line' id='line_1_20' title="bbox 404 1599 2056 1673; baseline 0 -18"><span class='ocrx_word' id='word_1_117' title='bbox 404 1599 664 1673; x_wconf 85' lang='lat' dir='ltr'><strong>(quando</strong></span> <span class='ocrx_word' id='word_1_118' title='bbox 693 1600 752 1654; x_wconf 91' lang='lat' dir='ltr'><strong>in</strong></span> <span class='ocrx_word' id='word_1_119' title='bbox 784 1599 1296 1656; x_wconf 85' lang='lat' dir='ltr'><strong>consummatione</strong></span> <span class='ocrx_word' id='word_1_120' title='bbox 1328 1600 1523 1656; x_wconf 72' lang='lat' dir='ltr'><strong>saeculi</strong></span> <span class='ocrx_word' id='word_1_121' title='bbox 1555 1599 1746 1672; x_wconf 81' lang='lat' dir='ltr'><strong>angeli</strong></span> <span class='ocrx_word' id='word_1_122' title='bbox 1774 1617 1904 1656; x_wconf 91' lang='lat' dir='ltr'><strong>vere</strong></span> <span class='ocrx_word' id='word_1_123' title='bbox 1937 1618 2056 1672; x_wconf 82' lang='lat' dir='ltr'><strong>pce-</strong></span> 
     </span>
    </p>
   </div>
   <div class='ocr_carea' id='block_1_21' title="bbox 404 1688 2055 1762">
    <p class='ocr_par' dir='ltr' id='par_1_21' title="bbox 404 1688 2055 1762">
     <span class='ocr_line' id='line_1_21' title="bbox 404 1688 2055 1762; baseline 0.002 -19"><span class='ocrx_word' id='word_1_124' title='bbox 404 1690 659 1745; x_wconf 89' lang='lat' dir='ltr'><strong>nitentes</strong></span> <span class='ocrx_word' id='word_1_125' title='bbox 692 1689 747 1744; x_wconf 90' lang='lat' dir='ltr'><strong>in</strong></span> <span class='ocrx_word' id='word_1_126' title='bbox 774 1689 1214 1759; x_wconf 83' lang='lat' dir='ltr'><strong>superccslestia</strong></span> <span class='ocrx_word' id='word_1_127' title='bbox 1243 1688 1582 1745; x_wconf 89' lang='lat' dir='ltr'><strong>habitacula</strong></span> <span class='ocrx_word' id='word_1_128' title='bbox 1612 1690 2055 1762; x_wconf 87' lang='lat' dir='ltr'><strong>deportabunt).</strong></span> 
     </span>
    </p>
   </div>
   <div class='ocr_carea' id='block_1_22' title="bbox 403 1777 2057 1850">
    <p class='ocr_par' dir='ltr' id='par_1_22' title="bbox 403 1777 2057 1850">
     <span class='ocr_line' id='line_1_22' title="bbox 403 1777 2057 1850; baseline 0.001 -17"><span class='ocrx_word' id='word_1_129' title='bbox 403 1778 542 1834; x_wconf 90' lang='lat' dir='ltr'><strong>hinc</strong></span> <span class='ocrx_word' id='word_1_130' title='bbox 571 1777 765 1850; x_wconf 82' lang='lat' dir='ltr'><strong>angeli</strong></span> <span class='ocrx_word' id='word_1_131' title='bbox 796 1777 922 1833; x_wconf 65' lang='lat' dir='ltr'><strong>laete</strong></span> <span class='ocrx_word' id='word_1_132' title='bbox 950 1778 1290 1850; x_wconf 82' lang='lat' dir='ltr'><strong>gestientes,</strong></span> <span class='ocrx_word' id='word_1_133' title='bbox 1339 1778 1671 1850; x_wconf 88' lang='lat' dir='ltr'><strong>laudantes,</strong></span> <span class='ocrx_word' id='word_1_134' title='bbox 1709 1778 1887 1835; x_wconf 65' lang='lat' dir='ltr'><strong>caelos</strong></span> <span class='ocrx_word' id='word_1_135' title='bbox 1916 1794 2057 1850; x_wconf 86' lang='lat' dir='ltr'><strong>ape-</strong></span> 
     </span>
    </p>
   </div>
   <div class='ocr_carea' id='block_1_23' title="bbox 407 1867 2054 1940">
    <p class='ocr_par' dir='ltr' id='par_1_23' title="bbox 407 1867 2054 1940">
     <span class='ocr_line' id='line_1_23' title="bbox 407 1867 2054 1940; baseline 0.001 -18"><span class='ocrx_word' id='word_1_136' title='bbox 407 1868 656 1923; x_wconf 89' lang='lat' dir='ltr'><strong>rientes:</strong></span> <span class='ocrx_word' id='word_1_137' title='bbox 712 1884 828 1939; x_wconf 64' lang='lat' dir='ltr'><strong>pra:</strong></span> <span class='ocrx_word' id='word_1_138' title='bbox 887 1867 1120 1923; x_wconf 90' lang='lat' dir='ltr'><strong>cunctis</strong></span> <span class='ocrx_word' id='word_1_139' title='bbox 1175 1883 1311 1923; x_wconf 89' lang='lat' dir='ltr'><strong>vero</strong></span> <span class='ocrx_word' id='word_1_140' title='bbox 1344 1868 1469 1940; x_wconf 91' lang='lat' dir='ltr'><strong>ipse</strong></span> <span class='ocrx_word' id='word_1_141' title='bbox 1515 1867 1776 1924; x_wconf 83' lang='lat' dir='ltr'><strong>Salvator</strong></span> <span class='ocrx_word' id='word_1_142' title='bbox 1825 1868 2054 1924; x_wconf 89' lang='lat' dir='ltr'><strong>obviam</strong></span> 
     </span>
    </p>
   </div>
   <div class='ocr_carea' id='block_1_24' title="bbox 409 1956 2055 2030">
    <p class='ocr_par' dir='ltr' id='par_1_24' title="bbox 409 1956 2055 2030">
     <span class='ocr_line' id='line_1_24' title="bbox 409 1956 2055 2030; baseline 0.001 -19"><span class='ocrx_word' id='word_1_143' title='bbox 409 1959 598 2013; x_wconf 87' lang='lat' dir='ltr'><strong>factus</strong></span> <span class='ocrx_word' id='word_1_144' title='bbox 613 1956 1042 2013; x_wconf 86' lang='lat' dir='ltr'><strong>humanissime</strong></span> <span class='ocrx_word' id='word_1_145' title='bbox 1060 1956 1333 2029; x_wconf 87' lang='lat' dir='ltr'><strong>suscipit,</strong></span> <span class='ocrx_word' id='word_1_146' title='bbox 1355 1956 1546 2013; x_wconf 89' lang='lat' dir='ltr'><strong>lucem</strong></span> <span class='ocrx_word' id='word_1_147' title='bbox 1572 1959 1861 2030; x_wconf 73' lang='lat' dir='ltr'><strong>praebens,</strong></span> <span class='ocrx_word' id='word_1_148' title='bbox 1878 1974 2055 2029; x_wconf 87' lang='lat' dir='ltr'><strong>quam</strong></span> 
     </span>
    </p>
   </div>
   <div class='ocr_carea' id='block_1_25' title="bbox 410 2044 2059 2119">
    <p class='ocr_par' dir='ltr' id='par_1_25' title="bbox 410 2044 2059 2119">
     <span class='ocr_line' id='line_1_25' title="bbox 410 2044 2059 2119; baseline -0.001 -18"><span class='ocrx_word' id='word_1_149' title='bbox 410 2044 584 2101; x_wconf 75' lang='lat' dir='ltr'><strong>nullae</strong></span> <span class='ocrx_word' id='word_1_150' title='bbox 612 2050 677 2114; x_wconf 48' lang='grc' dir='ltr'>ψ</span> <span class='ocrx_word' id='word_1_151' title='bbox 704 2046 990 2102; x_wconf 81' lang='lat' dir='ltr'><strong>oﬂ‘uscant</strong></span> <span class='ocrx_word' id='word_1_152' title='bbox 1011 2047 1399 2115; x_wconf 65' lang='lat' dir='ltr'><strong>tenebrte,nec</strong></span> <span class='ocrx_word' id='word_1_153' title='bbox 1422 2052 1690 2119; x_wconf 91' lang='lat' dir='ltr'><strong>tempora</strong></span> <span class='ocrx_word' id='word_1_154' title='bbox 1711 2046 1831 2103; x_wconf 89' lang='lat' dir='ltr'><strong>ulla</strong></span> <span class='ocrx_word' id='word_1_155' title='bbox 1858 2047 2059 2103; x_wconf 89' lang='lat' dir='ltr'><strong>interi-</strong></span> 
     </span>
    </p>
   </div>
   <div class='ocr_carea' id='block_1_26' title="bbox 412 2133 2060 2207">
    <p class='ocr_par' dir='ltr' id='par_1_26' title="bbox 412 2133 2060 2207">
     <span class='ocr_line' id='line_1_26' title="bbox 412 2133 2060 2207; baseline 0.001 -17"><span class='ocrx_word' id='word_1_156' title='bbox 412 2139 615 2204; x_wconf 90' lang='lat' dir='ltr'><strong>mant;</strong></span> <span class='ocrx_word' id='word_1_157' title='bbox 645 2137 855 2191; x_wconf 88' lang='lat' dir='ltr'><strong>ductor</strong></span> <span class='ocrx_word' id='word_1_158' title='bbox 881 2137 1004 2207; x_wconf 89' lang='lat' dir='ltr'><strong>ipse</strong></span> <span class='ocrx_word' id='word_1_159' title='bbox 1033 2133 1092 2191; x_wconf 91' lang='lat' dir='ltr'><strong>in</strong></span> <span class='ocrx_word' id='word_1_160' title='bbox 1125 2136 1321 2191; x_wconf 90' lang='lat' dir='ltr'><strong>sinum</strong></span> <span class='ocrx_word' id='word_1_161' title='bbox 1348 2137 1558 2202; x_wconf 88' lang='lat' dir='ltr'><strong>Patris,</strong></span> <span class='ocrx_word' id='word_1_162' title='bbox 1587 2137 1649 2192; x_wconf 89' lang='lat' dir='ltr'><strong>in</strong></span> <span class='ocrx_word' id='word_1_163' title='bbox 1682 2137 1857 2192; x_wconf 90' lang='lat' dir='ltr'><strong>vitam</strong></span> <span class='ocrx_word' id='word_1_164' title='bbox 1889 2142 2060 2193; x_wconf 63' lang='lat' dir='ltr'><strong>aster-</strong></span> 
     </span>
    </p>
   </div>
   <div class='ocr_carea' id='block_1_27' title="bbox 414 2224 2061 2297">
    <p class='ocr_par' dir='ltr' id='par_1_27' title="bbox 414 2224 2061 2297">
     <span class='ocr_line' id='line_1_27' title="bbox 414 2224 2061 2297; baseline 0.001 -18"><span class='ocrx_word' id='word_1_165' title='bbox 414 2242 574 2294; x_wconf 91' lang='lat' dir='ltr'><strong>nam,</strong></span> <span class='ocrx_word' id='word_1_166' title='bbox 622 2225 683 2279; x_wconf 93' lang='lat' dir='ltr'><strong>in</strong></span> <span class='ocrx_word' id='word_1_167' title='bbox 733 2240 981 2297; x_wconf 89' lang='lat' dir='ltr'><strong>regnum</strong></span> <span class='ocrx_word' id='word_1_168' title='bbox 1031 2224 1311 2281; x_wconf 83' lang='lat' dir='ltr'><strong>ccelorum</strong></span> <span class='ocrx_word' id='word_1_169' title='bbox 1354 2225 1464 2281; x_wconf 87' lang='lat' dir='ltr'><strong>iter</strong></span> <span class='ocrx_word' id='word_1_170' title='bbox 1494 2242 1733 2297; x_wconf 89' lang='lat' dir='ltr'><strong>parans.</strong></span> <span class='ocrx_word' id='word_1_171' title='bbox 1778 2226 1899 2282; x_wconf 87' lang='lat' dir='ltr'><strong>Ista</strong></span> <span class='ocrx_word' id='word_1_172' title='bbox 1929 2224 2061 2297; x_wconf 87' lang='lat' dir='ltr'><strong>quis</strong></span> 
     </span>
    </p>
   </div>
   <div class='ocr_carea' id='block_1_28' title="bbox 413 2314 2062 2387">
    <p class='ocr_par' dir='ltr' id='par_1_28' title="bbox 413 2314 2062 2387">
     <span class='ocr_line' id='line_1_28' title="bbox 413 2314 2062 2387; baseline 0.001 -17"><span class='ocrx_word' id='word_1_173' title='bbox 413 2315 634 2380; x_wconf 84' lang='lat' dir='ltr'><strong>credat,</strong></span> <span class='ocrx_word' id='word_1_174' title='bbox 691 2314 985 2387; x_wconf 82' lang='lat' dir='ltr'><strong>fidemque</strong></span> <span class='ocrx_word' id='word_1_175' title='bbox 1043 2330 1177 2369; x_wconf 90' lang='lat' dir='ltr'><strong>cum</strong></span> <span class='ocrx_word' id='word_1_176' title='bbox 1234 2314 1333 2368; x_wconf 86' lang='lat' dir='ltr'><strong>Dei</strong></span> <span class='ocrx_word' id='word_1_177' title='bbox 1389 2314 1712 2385; x_wconf 83' lang='lat' dir='ltr'><strong>discipulis,</strong></span> <span class='ocrx_word' id='word_1_178' title='bbox 1767 2320 1896 2370; x_wconf 88' lang='lat' dir='ltr'><strong>tum</strong></span> <span class='ocrx_word' id='word_1_179' title='bbox 1944 2314 2062 2371; x_wconf 90' lang='lat' dir='ltr'><strong>Deo</strong></span> 
     </span>
    </p>
   </div>
   <div class='ocr_carea' id='block_1_29' title="bbox 414 2403 2062 2476">
    <p class='ocr_par' dir='ltr' id='par_1_29' title="bbox 414 2403 2062 2476">
     <span class='ocr_line' id='line_1_29' title="bbox 414 2403 2062 2476; baseline 0.002 -18"><span class='ocrx_word' id='word_1_180' title='bbox 414 2405 684 2476; x_wconf 87' lang='lat' dir='ltr'><strong>sponsori</strong></span> <span class='ocrx_word' id='word_1_181' title='bbox 699 2404 932 2471; x_wconf 88' lang='lat' dir='ltr'><strong>habeat;</strong></span> <span class='ocrx_word' id='word_1_182' title='bbox 950 2403 1416 2475; x_wconf 84' lang='lat' dir='ltr'><strong>prophetiarum,</strong></span> <span class='ocrx_word' id='word_1_183' title='bbox 1431 2404 2062 2476; x_wconf 84' lang='lat' dir='ltr'><strong>Evangeliorum,apo-</strong></span> 
     </span>
    </p>
   </div>
   <div class='ocr_carea' id='block_1_30' title="bbox 411 2492 2062 2560">
    <p class='ocr_par' dir='ltr' id='par_1_30' title="bbox 411 2492 2062 2560">
     <span class='ocr_line' id='line_1_30' title="bbox 411 2492 2062 2560; baseline 0.001 -12"><span class='ocrx_word' id='word_1_184' title='bbox 411 2494 696 2549; x_wconf 87' lang='lat' dir='ltr'><strong>stolorum</strong></span> <span class='ocrx_word' id='word_1_185' title='bbox 737 2492 929 2548; x_wconf 89' lang='lat' dir='ltr'><strong>dictis.</strong></span> <span class='ocrx_word' id='word_1_186' title='bbox 970 2493 1078 2557; x_wconf 86' lang='lat' dir='ltr'><strong>Qui</strong></span> <span class='ocrx_word' id='word_1_187' title='bbox 1109 2493 1165 2547; x_wconf 86' lang='lat' dir='ltr'><strong>in</strong></span> <span class='ocrx_word' id='word_1_188' title='bbox 1226 2492 1318 2547; x_wconf 85' lang='lat' dir='ltr'><strong>his</strong></span> <span class='ocrx_word' id='word_1_189' title='bbox 1371 2492 1551 2549; x_wconf 89' lang='lat' dir='ltr'><strong>vitam</strong></span> <span class='ocrx_word' id='word_1_190' title='bbox 1610 2494 1898 2560; x_wconf 84' lang='lat' dir='ltr'><strong>instituat,</strong></span> <span class='ocrx_word' id='word_1_191' title='bbox 1952 2511 2062 2549; x_wconf 80' lang='lat' dir='ltr'><strong>au-</strong></span> 
     </span>
    </p>
   </div>
   <div class='ocr_carea' id='block_1_31' title="bbox 410 2581 2063 2655">
    <p class='ocr_par' dir='ltr' id='par_1_31' title="bbox 410 2581 2063 2655">
     <span class='ocr_line' id='line_1_31' title="bbox 410 2581 2063 2655; baseline 0.001 -18"><span class='ocrx_word' id='word_1_192' title='bbox 410 2597 654 2654; x_wconf 87' lang='lat' dir='ltr'><strong>remque</strong></span> <span class='ocrx_word' id='word_1_193' title='bbox 688 2581 940 2654; x_wconf 85' lang='lat' dir='ltr'><strong>praebeat</strong></span> <span class='ocrx_word' id='word_1_194' title='bbox 961 2588 1134 2654; x_wconf 91' lang='lat' dir='ltr'><strong>atque</strong></span> <span class='ocrx_word' id='word_1_195' title='bbox 1156 2597 1334 2653; x_wconf 87' lang='lat' dir='ltr'><strong>opera</strong></span> <span class='ocrx_word' id='word_1_196' title='bbox 1362 2587 1644 2652; x_wconf 81' lang='lat' dir='ltr'><strong>exerceat,</strong></span> <span class='ocrx_word' id='word_1_197' title='bbox 1667 2583 1779 2637; x_wconf 91' lang='lat' dir='ltr'><strong>sub</strong></span> <span class='ocrx_word' id='word_1_198' title='bbox 1811 2581 1939 2655; x_wconf 90' lang='lat' dir='ltr'><strong>ipso</strong></span> <span class='ocrx_word' id='word_1_199' title='bbox 1961 2599 2063 2639; x_wconf 81' lang='lat' dir='ltr'><strong>ex—</strong></span> 
     </span>
    </p>
   </div>
   <div class='ocr_carea' id='block_1_32' title="bbox 408 2670 2060 2743">
    <p class='ocr_par' dir='ltr' id='par_1_32' title="bbox 408 2670 2060 2743">
     <span class='ocr_line' id='line_1_32' title="bbox 408 2670 2060 2743; baseline 0.001 -17"><span class='ocrx_word' id='word_1_200' title='bbox 408 2686 575 2727; x_wconf 87' lang='lat' dir='ltr'><strong>cessu</strong></span> <span class='ocrx_word' id='word_1_201' title='bbox 598 2672 943 2742; x_wconf 88' lang='lat' dir='ltr'><strong>dogmatum</strong></span> <span class='ocrx_word' id='word_1_202' title='bbox 962 2670 1140 2725; x_wconf 84' lang='lat' dir='ltr'><strong>ﬁnem</strong></span> <span class='ocrx_word' id='word_1_203' title='bbox 1164 2670 1473 2743; x_wconf 87' lang='lat' dir='ltr'><strong>ipsamque</strong></span> <span class='ocrx_word' id='word_1_204' title='bbox 1495 2670 1813 2727; x_wconf 84' lang='lat' dir='ltr'><strong>exhibitam</strong></span> <span class='ocrx_word' id='word_1_205' title='bbox 1847 2673 2060 2728; x_wconf 87' lang='lat' dir='ltr'><strong>verita-</strong></span> 
     </span>
    </p>
   </div>
   <div class='ocr_carea' id='block_1_33' title="bbox 2162 878 3822 964">
    <p class='ocr_par' dir='ltr' id='par_1_33' title="bbox 2162 878 3822 964">
     <span class='ocr_line' id='line_1_33' title="bbox 2162 878 3822 964; baseline -0.004 -24"><span class='ocrx_word' id='word_1_206' title='bbox 2162 884 2437 964; x_wconf 80' lang='grc' dir='ltr'>φητείαις,</span> <span class='ocrx_word' id='word_1_207' title='bbox 2485 880 2863 959; x_wconf 80' lang='grc' dir='ltr'>Εὐαγγελίοις,</span> <span class='ocrx_word' id='word_1_208' title='bbox 2906 879 3098 956; x_wconf 80' lang='grc' dir='ltr'>λόγοις</span> <span class='ocrx_word' id='word_1_209' title='bbox 3135 878 3526 942; x_wconf 74' lang='grc' dir='ltr'>ἀποπολικοῖς</span> <span class='ocrx_word' id='word_1_210' title='bbox 3554 900 3569 914; x_wconf 87' lang='grc'><strong>·</strong></span> <span class='ocrx_word' id='word_1_211' title='bbox 3596 878 3822 943; x_wconf 80' lang='grc' dir='ltr'>τούτοις</span> 
     </span>
    </p>
   </div>
   <div class='ocr_carea' id='block_1_34' title="bbox 2161 966 3825 1046">
    <p class='ocr_par' dir='ltr' id='par_1_34' title="bbox 2161 966 3825 1046">
     <span class='ocr_line' id='line_1_34' title="bbox 2161 966 3825 1046; baseline -0.003 -16"><span class='ocrx_word' id='word_1_212' title='bbox 2161 978 2335 1044; x_wconf 82' lang='grc' dir='ltr'><strong>συζῶν</strong></span> <span class='ocrx_word' id='word_1_213' title='bbox 2388 972 2478 1029; x_wconf 85' lang='grc' dir='ltr'><strong>καὶ</strong></span> <span class='ocrx_word' id='word_1_214' title='bbox 2528 973 2596 1028; x_wconf 81' lang='grc' dir='ltr'>τὰ</span> <span class='ocrx_word' id='word_1_215' title='bbox 2641 970 2755 1027; x_wconf 84' lang='grc' dir='ltr'>ὦτα</span> <span class='ocrx_word' id='word_1_216' title='bbox 2798 970 3038 1046; x_wconf 67' lang='grc' dir='ltr'>ὑπέχων,</span> <span class='ocrx_word' id='word_1_217' title='bbox 3072 968 3162 1024; x_wconf 81' lang='grc' dir='ltr'><strong>καὶ</strong></span> <span class='ocrx_word' id='word_1_218' title='bbox 3210 969 3278 1025; x_wconf 77' lang='grc' dir='ltr'><strong>τὰ</strong></span> <span class='ocrx_word' id='word_1_219' title='bbox 3324 966 3459 1045; x_wconf 75' lang='grc' dir='ltr'>ἔργα</span> <span class='ocrx_word' id='word_1_220' title='bbox 3503 968 3705 1038; x_wconf 83' lang='grc' dir='ltr'>ἀσκῶν,</span> <span class='ocrx_word' id='word_1_221' title='bbox 3736 968 3825 1025; x_wconf 79' lang='grc' dir='ltr'><strong>ἐπ’</strong></span> 
     </span>
    </p>
   </div>
   <div class='ocr_carea' id='block_1_35' title="bbox 2162 1054 3821 1133">
    <p class='ocr_par' dir='ltr' id='par_1_35' title="bbox 2162 1054 3821 1133">
     <span class='ocr_line' id='line_1_35' title="bbox 2162 1054 3821 1133; baseline -0.004 -14"><span class='ocrx_word' id='word_1_222' title='bbox 2162 1063 2330 1133; x_wconf 82' lang='grc' dir='ltr'>αὐτῆς</span> <span class='ocrx_word' id='word_1_223' title='bbox 2362 1069 2461 1132; x_wconf 84' lang='grc' dir='ltr'><strong>τῆς</strong></span> <span class='ocrx_word' id='word_1_224' title='bbox 2491 1058 2679 1132; x_wconf 68' lang='grc' dir='ltr'>ἐξόδου</span> <span class='ocrx_word' id='word_1_225' title='bbox 2706 1060 2769 1116; x_wconf 83' lang='grc' dir='ltr'>τὸ</span> <span class='ocrx_word' id='word_1_226' title='bbox 2797 1059 2957 1121; x_wconf 73' lang='grc' dir='ltr'>τέλος</span> <span class='ocrx_word' id='word_1_227' title='bbox 2986 1059 3076 1114; x_wconf 81' lang='grc' dir='ltr'><strong>καὶ</strong></span> <span class='ocrx_word' id='word_1_228' title='bbox 3105 1058 3206 1128; x_wconf 80' lang='grc' dir='ltr'><strong>τήν</strong></span> <span class='ocrx_word' id='word_1_229' title='bbox 3238 1056 3493 1129; x_wconf 78' lang='grc' dir='ltr'>ἐπίδειξιν</span> <span class='ocrx_word' id='word_1_230' title='bbox 3532 1062 3640 1114; x_wconf 85' lang='grc' dir='ltr'><strong>τῶν</strong></span> <span class='ocrx_word' id='word_1_231' title='bbox 3687 1054 3821 1133; x_wconf 78' lang='grc' dir='ltr'>δογ-</span> 
     </span>
    </p>
   </div>
   <div class='ocr_carea' id='block_1_36' title="bbox 2167 1146 3822 1227">
    <p class='ocr_par' dir='ltr' id='par_1_36' title="bbox 2167 1146 3822 1227">
     <span class='ocr_line' id='line_1_36' title="bbox 2167 1146 3822 1227; baseline -0.004 -19"><span class='ocrx_word' id='word_1_232' title='bbox 2167 1154 2352 1227; x_wconf 83' lang='grc' dir='ltr'>μάτων</span> <span class='ocrx_word' id='word_1_233' title='bbox 2385 1148 2596 1226; x_wconf 78' lang='grc' dir='ltr'>ὅψεται.</span> <span class='ocrx_word' id='word_1_234' title='bbox 2627 1151 2689 1208; x_wconf 93' lang='grc' dir='ltr'>Ὁ</span> <span class='ocrx_word' id='word_1_235' title='bbox 2714 1149 2814 1225; x_wconf 77' lang='grc' dir='ltr'><strong>γὰρ</strong></span> <span class='ocrx_word' id='word_1_236' title='bbox 2847 1146 3073 1204; x_wconf 80' lang='grc' dir='ltr'>ἐνταῦθα</span> <span class='ocrx_word' id='word_1_237' title='bbox 3100 1148 3192 1203; x_wconf 85' lang='grc' dir='ltr'><strong>τὸν</strong></span> <span class='ocrx_word' id='word_1_238' title='bbox 3222 1146 3457 1224; x_wconf 80' lang='grc' dir='ltr'>ἄγγελον</span> <span class='ocrx_word' id='word_1_239' title='bbox 3511 1153 3614 1219; x_wconf 85' lang='grc' dir='ltr'><strong>τῆς</strong></span> <span class='ocrx_word' id='word_1_240' title='bbox 3655 1168 3822 1221; x_wconf 75' lang='grc' dir='ltr'>μετα-</span> 
     </span>
    </p>
   </div>
   <div class='ocr_carea' id='block_1_37' title="bbox 2164 1234 3828 1316">
    <p class='ocr_par' dir='ltr' id='par_1_37' title="bbox 2164 1234 3828 1316">
     <span class='ocr_line' id='line_1_37' title="bbox 2164 1234 3828 1316; baseline -0.004 -17"><span class='ocrx_word' id='word_1_241' title='bbox 2164 1246 2314 1306; x_wconf 91' lang='grc' dir='ltr'>νοίας</span> <span class='ocrx_word' id='word_1_242' title='bbox 2337 1244 2449 1316; x_wconf 86' lang='grc'><strong>(53)</strong></span> <span class='ocrx_word' id='word_1_243' title='bbox 2471 1241 2829 1316; x_wconf 73' lang='grc' dir='ltr'>προσιέμενος</span> <span class='ocrx_word' id='word_1_244' title='bbox 2861 1239 2926 1294; x_wconf 84' lang='grc' dir='ltr'>οὐ</span> <span class='ocrx_word' id='word_1_245' title='bbox 2961 1240 3286 1311; x_wconf 70' lang='grc' dir='ltr'><strong>μετανοήσει</strong></span> <span class='ocrx_word' id='word_1_246' title='bbox 3307 1234 3451 1311; x_wconf 83' lang='grc' dir='ltr'>τότε,</span> <span class='ocrx_word' id='word_1_247' title='bbox 3465 1237 3631 1308; x_wconf 79' lang='grc' dir='ltr'>ἡνίκα</span> <span class='ocrx_word' id='word_1_248' title='bbox 3650 1237 3712 1293; x_wconf 74' lang='grc' dir='ltr'><strong>ἃν</strong></span> <span class='ocrx_word' id='word_1_249' title='bbox 3734 1259 3828 1293; x_wconf 79' lang='grc' dir='ltr'>κα-</span> 
     </span>
    </p>
   </div>
   <div class='ocr_carea' id='block_1_38' title="bbox 2162 1326 3827 1407">
    <p class='ocr_par' dir='ltr' id='par_1_38' title="bbox 2162 1326 3827 1407">
     <span class='ocr_line' id='line_1_38' title="bbox 2162 1326 3827 1407; baseline -0.004 -18"><span class='ocrx_word' id='word_1_250' title='bbox 2162 1333 2375 1407; x_wconf 77' lang='grc' dir='ltr'>ταλίπῃ</span> <span class='ocrx_word' id='word_1_251' title='bbox 2403 1333 2467 1386; x_wconf 85' lang='grc' dir='ltr'>τὸ</span> <span class='ocrx_word' id='word_1_252' title='bbox 2497 1334 2678 1404; x_wconf 84' lang='grc' dir='ltr'>σῶμα,</span> <span class='ocrx_word' id='word_1_253' title='bbox 2713 1326 2839 1384; x_wconf 76' lang='grc' dir='ltr'>οὐδὲ</span> <span class='ocrx_word' id='word_1_254' title='bbox 2867 1330 3393 1404; x_wconf 78' lang='grc' dir='ltr'>καταισχυνθήσεται</span> <span class='ocrx_word' id='word_1_255' title='bbox 3438 1328 3533 1383; x_wconf 82' lang='grc' dir='ltr'>τὸν</span> <span class='ocrx_word' id='word_1_256' title='bbox 3588 1330 3827 1404; x_wconf 78' lang='grc' dir='ltr'>Σωτῆρα</span> 
     </span>
    </p>
   </div>
   <div class='ocr_carea' id='block_1_39' title="bbox 2165 1413 3821 1498">
    <p class='ocr_par' dir='ltr' id='par_1_39' title="bbox 2165 1413 3821 1498">
     <span class='ocr_line' id='line_1_39' title="bbox 2165 1413 3821 1498; baseline -0.004 -21"><span class='ocrx_word' id='word_1_257' title='bbox 2165 1421 2465 1498; x_wconf 86' lang='grc' dir='ltr'>προσιόντα</span> <span class='ocrx_word' id='word_1_258' title='bbox 2498 1419 2633 1493; x_wconf 79' lang='grc' dir='ltr'>μετὰ</span> <span class='ocrx_word' id='word_1_259' title='bbox 2659 1426 2763 1488; x_wconf 83' lang='grc' dir='ltr'>τῆς</span> <span class='ocrx_word' id='word_1_260' title='bbox 2794 1417 2959 1473; x_wconf 82' lang='grc' dir='ltr'>αὐτοῦ</span> <span class='ocrx_word' id='word_1_261' title='bbox 2991 1414 3151 1488; x_wconf 83' lang='grc' dir='ltr'>δόξης</span> <span class='ocrx_word' id='word_1_262' title='bbox 3180 1417 3271 1472; x_wconf 83' lang='grc' dir='ltr'><strong>καὶ</strong></span> <span class='ocrx_word' id='word_1_263' title='bbox 3328 1416 3607 1493; x_wconf 82' lang='grc' dir='ltr'>στρατείας</span> <span class='ocrx_word' id='word_1_264' title='bbox 3643 1413 3775 1472; x_wconf 79' lang='grc' dir='ltr'>ἷδων</span> <span class='ocrx_word' id='word_1_265' title='bbox 3806 1434 3821 1449; x_wconf 91' lang='grc'><strong>·</strong></span> 
     </span>
    </p>
   </div>
   <div class='ocr_carea' id='block_1_40' title="bbox 2168 1504 3823 1581">
    <p class='ocr_par' dir='ltr' id='par_1_40' title="bbox 2168 1504 3823 1581">
     <span class='ocr_line' id='line_1_40' title="bbox 2168 1504 3823 1581; baseline -0.002 -15"><span class='ocrx_word' id='word_1_266' title='bbox 2168 1512 2230 1567; x_wconf 81' lang='grc' dir='ltr'>οὐ</span> <span class='ocrx_word' id='word_1_267' title='bbox 2272 1508 2413 1566; x_wconf 77' lang='grc' dir='ltr'>δὲδιε</span> <span class='ocrx_word' id='word_1_268' title='bbox 2459 1510 2523 1564; x_wconf 88' lang='grc' dir='ltr'>τὸ</span> <span class='ocrx_word' id='word_1_269' title='bbox 2566 1512 2694 1580; x_wconf 86' lang='grc' dir='ltr'>πῦρ.</span> <span class='ocrx_word' id='word_1_270' title='bbox 2736 1507 2800 1565; x_wconf 78' lang='grc' dir='ltr'>Εἰ</span> <span class='ocrx_word' id='word_1_271' title='bbox 2852 1504 2909 1563; x_wconf 78' lang='grc' dir='ltr'><strong><em>δέ</em></strong></span> <span class='ocrx_word' id='word_1_272' title='bbox 2955 1527 3040 1569; x_wconf 93' lang='grc' dir='ltr'><strong>τις</strong></span> <span class='ocrx_word' id='word_1_273' title='bbox 3069 1507 3301 1581; x_wconf 76' lang='grc' dir='ltr'>αἱρεῖται</span> <span class='ocrx_word' id='word_1_274' title='bbox 3336 1505 3511 1581; x_wconf 71' lang='grc' dir='ltr'>μένειν</span> <span class='ocrx_word' id='word_1_275' title='bbox 3556 1506 3649 1562; x_wconf 83' lang='grc' dir='ltr'><strong>καὶ</strong></span> <span class='ocrx_word' id='word_1_276' title='bbox 3702 1505 3823 1578; x_wconf 71' lang='grc' dir='ltr'><strong>ἑξα-</strong></span> 
     </span>
    </p>
   </div>
   <div class='ocr_carea' id='block_1_41' title="bbox 2172 1592 3828 1676">
    <p class='ocr_par' dir='ltr' id='par_1_41' title="bbox 2172 1592 3828 1676">
     <span class='ocr_line' id='line_1_41' title="bbox 2172 1592 3828 1676; baseline -0.002 -21"><span class='ocrx_word' id='word_1_277' title='bbox 2172 1603 2458 1676; x_wconf 77' lang='grc' dir='ltr'>μαρτάνειν</span> <span class='ocrx_word' id='word_1_278' title='bbox 2491 1596 2745 1653; x_wconf 68' lang='grc' dir='ltr'>ἑκάστοτε</span> <span class='ocrx_word' id='word_1_279' title='bbox 2776 1595 2863 1651; x_wconf 81' lang='grc' dir='ltr'>ἐπὶ</span> <span class='ocrx_word' id='word_1_280' title='bbox 2890 1600 3012 1658; x_wconf 90' lang='grc' dir='ltr'>ταῖς</span> <span class='ocrx_word' id='word_1_281' title='bbox 3040 1592 3290 1668; x_wconf 76' lang='grc' dir='ltr'>ἡδοναῖς,</span> <span class='ocrx_word' id='word_1_282' title='bbox 3315 1594 3407 1650; x_wconf 82' lang='grc' dir='ltr'><strong>καὶ</strong></span> <span class='ocrx_word' id='word_1_283' title='bbox 3445 1596 3544 1664; x_wconf 74' lang='grc' dir='ltr'>τήν</span> <span class='ocrx_word' id='word_1_284' title='bbox 3599 1595 3828 1652; x_wconf 75' lang='grc' dir='ltr'>ἐνταῦθα</span> 
     </span>
    </p>
   </div>
   <div class='ocr_carea' id='block_1_42' title="bbox 2166 1682 3827 1767">
    <p class='ocr_par' dir='ltr' id='par_1_42' title="bbox 2166 1682 3827 1767">
     <span class='ocr_line' id='line_1_42' title="bbox 2166 1682 3827 1767; baseline -0.002 -22"><span class='ocrx_word' id='word_1_285' title='bbox 2166 1691 2378 1767; x_wconf 76' lang='grc' dir='ltr'>τρυφὴν</span> <span class='ocrx_word' id='word_1_286' title='bbox 2422 1690 2523 1752; x_wconf 83' lang='grc' dir='ltr'>τῆς</span> <span class='ocrx_word' id='word_1_287' title='bbox 2579 1685 2805 1741; x_wconf 70' lang='grc' dir='ltr'>αἰωνίου</span> <span class='ocrx_word' id='word_1_288' title='bbox 2874 1690 3019 1755; x_wconf 83' lang='grc' dir='ltr'>ζωῆς</span> <span class='ocrx_word' id='word_1_289' title='bbox 3094 1689 3365 1761; x_wconf 78' lang='grc' dir='ltr'>προτιμᾷ,</span> <span class='ocrx_word' id='word_1_290' title='bbox 3412 1685 3504 1740; x_wconf 83' lang='grc' dir='ltr'><strong>καὶ</strong></span> <span class='ocrx_word' id='word_1_291' title='bbox 3574 1682 3827 1749; x_wconf 87' lang='grc' dir='ltr'>διδόντος</span> 
     </span>
    </p>
   </div>
   <div class='ocr_carea' id='block_1_43' title="bbox 2167 1772 3825 1853">
    <p class='ocr_par' dir='ltr' id='par_1_43' title="bbox 2167 1772 3825 1853">
     <span class='ocr_line' id='line_1_43' title="bbox 2167 1772 3825 1853; baseline -0.002 -18"><span class='ocrx_word' id='word_1_292' title='bbox 2167 1783 2263 1835; x_wconf 89' lang='grc' dir='ltr'><strong>τοῦ</strong></span> <span class='ocrx_word' id='word_1_293' title='bbox 2314 1776 2577 1852; x_wconf 77' lang='grc' dir='ltr'>Σωτῆρος</span> <span class='ocrx_word' id='word_1_294' title='bbox 2620 1772 2805 1853; x_wconf 78' lang='grc' dir='ltr'>ἄφεσιν</span> <span class='ocrx_word' id='word_1_295' title='bbox 2857 1774 3294 1853; x_wconf 70' lang='grc' dir='ltr'>ἀποστρέφεται·</span> <span class='ocrx_word' id='word_1_296' title='bbox 3344 1776 3487 1848; x_wconf 71' lang='grc' dir='ltr'>μήτε</span> <span class='ocrx_word' id='word_1_297' title='bbox 3538 1776 3633 1831; x_wconf 89' lang='grc' dir='ltr'><strong>τὸν</strong></span> <span class='ocrx_word' id='word_1_298' title='bbox 3690 1775 3825 1831; x_wconf 82' lang='grc' dir='ltr'>Θεὸν</span> 
     </span>
    </p>
   </div>
   <div class='ocr_carea' id='block_1_44' title="bbox 2170 1863 3827 1941">
    <p class='ocr_par' dir='ltr' id='par_1_44' title="bbox 2170 1863 3827 1941">
     <span class='ocr_line' id='line_1_44' title="bbox 2170 1863 3827 1941; baseline -0.002 -16"><span class='ocrx_word' id='word_1_299' title='bbox 2170 1866 2270 1941; x_wconf 82' lang='grc' dir='ltr'>ἔτι,</span> <span class='ocrx_word' id='word_1_300' title='bbox 2306 1869 2445 1941; x_wconf 78' lang='grc' dir='ltr'>μήτε</span> <span class='ocrx_word' id='word_1_301' title='bbox 2475 1867 2566 1921; x_wconf 82' lang='grc' dir='ltr'>τὸν</span> <span class='ocrx_word' id='word_1_302' title='bbox 2598 1864 2860 1932; x_wconf 88' lang='grc' dir='ltr'>πλοῦτον,</span> <span class='ocrx_word' id='word_1_303' title='bbox 2893 1866 3035 1938; x_wconf 79' lang='grc' dir='ltr'>μήτε</span> <span class='ocrx_word' id='word_1_304' title='bbox 3061 1864 3123 1918; x_wconf 84' lang='grc' dir='ltr'>τὸ</span> <span class='ocrx_word' id='word_1_305' title='bbox 3152 1869 3479 1940; x_wconf 77' lang='grc' dir='ltr'>προσπεσεῖν</span> <span class='ocrx_word' id='word_1_306' title='bbox 3538 1863 3827 1937; x_wconf 76' lang='grc' dir='ltr'>αἰτιάσθω,</span> 
     </span>
    </p>
   </div>
   <div class='ocr_carea' id='block_1_45' title="bbox 2167 1952 3831 2029">
    <p class='ocr_par' dir='ltr' id='par_1_45' title="bbox 2167 1952 3831 2029">
     <span class='ocr_line' id='line_1_45' title="bbox 2167 1952 3831 2029; baseline -0.002 -15"><span class='ocrx_word' id='word_1_307' title='bbox 2167 1960 2270 2028; x_wconf 84' lang='grc' dir='ltr'><strong>τήν</strong></span> <span class='ocrx_word' id='word_1_308' title='bbox 2298 1955 2355 2012; x_wconf 75' lang='grc' dir='ltr'>δὲ</span> <span class='ocrx_word' id='word_1_309' title='bbox 2383 1956 2576 2011; x_wconf 71' lang='grc' dir='ltr'>ἑαυτοῦ</span> <span class='ocrx_word' id='word_1_310' title='bbox 2614 1955 2801 2029; x_wconf 75' lang='grc' dir='ltr'>ψυχὴν</span> <span class='ocrx_word' id='word_1_311' title='bbox 2858 1954 3121 2016; x_wconf 72' lang='grc' dir='ltr'>ἑκουσίως</span> <span class='ocrx_word' id='word_1_312' title='bbox 3166 1952 3583 2027; x_wconf 72' lang='grc' dir='ltr'>ἀπολλυμένην.</span> <span class='ocrx_word' id='word_1_313' title='bbox 3615 1956 3710 2029; x_wconf 75' lang='grc' dir='ltr'><strong>Τῷ</strong></span> <span class='ocrx_word' id='word_1_314' title='bbox 3768 1952 3831 2010; x_wconf 81' lang='grc' dir='ltr'>δὶ</span> 
     </span>
    </p>
   </div>
   <div class='ocr_carea' id='block_1_46' title="bbox 2170 2042 3831 2119">
    <p class='ocr_par' dir='ltr' id='par_1_46' title="bbox 2170 2042 3831 2119">
     <span class='ocr_line' id='line_1_46' title="bbox 2170 2042 3831 2119; baseline -0.001 -17"><span class='ocrx_word' id='word_1_315' title='bbox 2170 2042 2522 2103; x_wconf 75' lang='grc' dir='ltr'>ἐπιϐλέποντι</span> <span class='ocrx_word' id='word_1_316' title='bbox 2571 2046 2671 2115; x_wconf 80' lang='grc' dir='ltr'>τὴν</span> <span class='ocrx_word' id='word_1_317' title='bbox 2721 2042 2992 2119; x_wconf 81' lang='grc' dir='ltr'>σωτηρίαν</span> <span class='ocrx_word' id='word_1_318' title='bbox 3051 2042 3143 2098; x_wconf 81' lang='grc' dir='ltr'><strong>καὶ</strong></span> <span class='ocrx_word' id='word_1_319' title='bbox 3191 2044 3478 2114; x_wconf 74' lang='grc' dir='ltr'>ποθοῦντι,</span> <span class='ocrx_word' id='word_1_320' title='bbox 3536 2044 3628 2100; x_wconf 74' lang='grc' dir='ltr'><strong>καὶ</strong></span> <span class='ocrx_word' id='word_1_321' title='bbox 3688 2044 3831 2118; x_wconf 79' lang='grc' dir='ltr'><strong>μετά</strong></span> 
     </span>
    </p>
   </div>
   <div class='ocr_carea' id='block_1_47' title="bbox 2171 2131 3827 2207">
    <p class='ocr_par' dir='ltr' id='par_1_47' title="bbox 2171 2131 3827 2207">
     <span class='ocr_line' id='line_1_47' title="bbox 2171 2131 3827 2207; baseline -0.002 -16"><span class='ocrx_word' id='word_1_322' title='bbox 2171 2134 2438 2197; x_wconf 80' lang='grc' dir='ltr'>ἀναιδείας</span> <span class='ocrx_word' id='word_1_323' title='bbox 2489 2135 2579 2188; x_wconf 84' lang='grc' dir='ltr'><strong>καὶ</strong></span> <span class='ocrx_word' id='word_1_324' title='bbox 2633 2132 2754 2207; x_wconf 85' lang='grc' dir='ltr'>βίας</span> <span class='ocrx_word' id='word_1_325' title='bbox 2814 2131 3054 2187; x_wconf 82' lang='grc' dir='ltr'>αἰτοῦντι</span> <span class='ocrx_word' id='word_1_326' title='bbox 3099 2131 3369 2207; x_wconf 68' lang='grc' dir='ltr'>παρέξειν,</span> <span class='ocrx_word' id='word_1_327' title='bbox 3398 2134 3497 2203; x_wconf 79' lang='grc' dir='ltr'><strong>τήν</strong></span> <span class='ocrx_word' id='word_1_328' title='bbox 3552 2131 3827 2205; x_wconf 75' lang='grc' dir='ltr'>ἀληθινήν</span> 
     </span>
    </p>
   </div>
   <div class='ocr_carea' id='block_1_48' title="bbox 2169 2218 3830 2299">
    <p class='ocr_par' dir='ltr' id='par_1_48' title="bbox 2169 2218 3830 2299">
     <span class='ocr_line' id='line_1_48' title="bbox 2169 2218 3830 2299; baseline -0.004 -17"><span class='ocrx_word' id='word_1_329' title='bbox 2169 2227 2428 2299; x_wconf 80' lang='grc' dir='ltr'>κάθαρσιν</span> <span class='ocrx_word' id='word_1_330' title='bbox 2454 2223 2545 2278; x_wconf 78' lang='grc' dir='ltr'><strong>καὶ</strong></span> <span class='ocrx_word' id='word_1_331' title='bbox 2574 2223 2673 2292; x_wconf 79' lang='grc' dir='ltr'><strong>τήν</strong></span> <span class='ocrx_word' id='word_1_332' title='bbox 2707 2219 2967 2296; x_wconf 71' lang='grc' dir='ltr'>ἄτρεπτον</span> <span class='ocrx_word' id='word_1_333' title='bbox 3022 2222 3167 2291; x_wconf 75' lang='grc' dir='ltr'>ζωὴν</span> <span class='ocrx_word' id='word_1_334' title='bbox 3206 2218 3367 2276; x_wconf 84' lang='grc' dir='ltr'>δώσει</span> <span class='ocrx_word' id='word_1_335' title='bbox 3400 2222 3428 2276; x_wconf 87' lang='grc' dir='ltr'>ὁ</span> <span class='ocrx_word' id='word_1_336' title='bbox 3459 2223 3646 2299; x_wconf 79' lang='grc' dir='ltr'>Πατὴρ</span> <span class='ocrx_word' id='word_1_337' title='bbox 3695 2222 3830 2298; x_wconf 78' lang='grc' dir='ltr'>ἀγά-</span> 
     </span>
    </p>
   </div>
   <div class='ocr_carea' id='block_1_49' title="bbox 2171 2308 3831 2388">
    <p class='ocr_par' dir='ltr' id='par_1_49' title="bbox 2171 2308 3831 2388">
     <span class='ocr_line' id='line_1_49' title="bbox 2171 2308 3831 2388; baseline -0.002 -17"><span class='ocrx_word' id='word_1_338' title='bbox 2171 2316 2264 2377; x_wconf 87' lang='grc' dir='ltr'>θὸς</span> <span class='ocrx_word' id='word_1_339' title='bbox 2292 2316 2320 2371; x_wconf 84' lang='grc' dir='ltr'>ὁ</span> <span class='ocrx_word' id='word_1_340' title='bbox 2348 2313 2400 2369; x_wconf 79' lang='grc' dir='ltr'>ἐν</span> <span class='ocrx_word' id='word_1_341' title='bbox 2431 2318 2549 2376; x_wconf 86' lang='grc' dir='ltr'>τοῖς</span> <span class='ocrx_word' id='word_1_342' title='bbox 2579 2311 2833 2388; x_wconf 81' lang='grc' dir='ltr'>οὐρανοῖς</span> <span class='ocrx_word' id='word_1_343' title='bbox 2864 2331 2876 2344; x_wconf 92' lang='grc'>·</span> <span class='ocrx_word' id='word_1_344' title='bbox 2911 2310 2957 2384; x_wconf 83' lang='grc' dir='ltr'>ᾧ</span> <span class='ocrx_word' id='word_1_345' title='bbox 2983 2308 3072 2366; x_wconf 77' lang='grc' dir='ltr'><strong>διὰ</strong></span> <span class='ocrx_word' id='word_1_346' title='bbox 3096 2315 3194 2365; x_wconf 88' lang='grc' dir='ltr'><strong>τοῦ</strong></span> <span class='ocrx_word' id='word_1_347' title='bbox 3226 2308 3428 2374; x_wconf 80' lang='grc' dir='ltr'>Παιδὸς</span> <span class='ocrx_word' id='word_1_348' title='bbox 3456 2312 3639 2382; x_wconf 80' lang='grc' dir='ltr'>Ἰησοῦ</span> <span class='ocrx_word' id='word_1_349' title='bbox 3682 2317 3831 2387; x_wconf 79' lang='grc' dir='ltr'>Χρι-</span> 
     </span>
    </p>
   </div>
   <div class='ocr_carea' id='block_1_50' title="bbox 2173 2397 3831 2476">
    <p class='ocr_par' dir='ltr' id='par_1_50' title="bbox 2173 2397 3831 2476">
     <span class='ocr_line' id='line_1_50' title="bbox 2173 2397 3831 2476; baseline -0.001 -17"><span class='ocrx_word' id='word_1_350' title='bbox 2173 2408 2322 2475; x_wconf 85' lang='grc' dir='ltr'>στοῦ,</span> <span class='ocrx_word' id='word_1_351' title='bbox 2353 2407 2452 2457; x_wconf 86' lang='grc' dir='ltr'><strong>τοῦ</strong></span> <span class='ocrx_word' id='word_1_352' title='bbox 2503 2401 2700 2476; x_wconf 81' lang='grc' dir='ltr'>Κυρίου</span> <span class='ocrx_word' id='word_1_353' title='bbox 2746 2401 2961 2470; x_wconf 85' lang='grc' dir='ltr'>ζώντων</span> <span class='ocrx_word' id='word_1_354' title='bbox 3019 2401 3111 2455; x_wconf 80' lang='grc' dir='ltr'><strong>καὶ</strong></span> <span class='ocrx_word' id='word_1_355' title='bbox 3167 2404 3396 2476; x_wconf 83' lang='grc' dir='ltr'>νεκρῶν,</span> <span class='ocrx_word' id='word_1_356' title='bbox 3445 2399 3536 2456; x_wconf 87' lang='grc' dir='ltr'><strong>καὶ</strong></span> <span class='ocrx_word' id='word_1_357' title='bbox 3589 2397 3679 2457; x_wconf 82' lang='grc' dir='ltr'>’διά</span> <span class='ocrx_word' id='word_1_358' title='bbox 3725 2406 3831 2458; x_wconf 83' lang='grc' dir='ltr'><strong>τοῦ</strong></span> 
     </span>
    </p>
   </div>
   <div class='ocr_carea' id='block_1_51' title="bbox 2171 2483 3832 2566">
    <p class='ocr_par' dir='ltr' id='par_1_51' title="bbox 2171 2483 3832 2566">
     <span class='ocr_line' id='line_1_51' title="bbox 2171 2483 3832 2566; baseline -0.008 -20"><span class='ocrx_word' id='word_1_359' title='bbox 2171 2492 2329 2566; x_wconf 82' lang='grc' dir='ltr'>ἁγίου</span> <span class='ocrx_word' id='word_1_360' title='bbox 2360 2487 2673 2561; x_wconf 73' lang='grc' dir='ltr'>Ιινεῦματος</span> <span class='ocrx_word' id='word_1_361' title='bbox 2715 2485 2798 2557; x_wconf 83' lang='grc' dir='ltr'><strong>εἷή</strong></span> <span class='ocrx_word' id='word_1_362' title='bbox 2832 2483 2982 2559; x_wconf 76' lang='grc' dir='ltr'>δόξα,</span> <span class='ocrx_word' id='word_1_363' title='bbox 3011 2489 3174 2561; x_wconf 82' lang='grc' dir='ltr'>τιμὴ,</span> <span class='ocrx_word' id='word_1_364' title='bbox 3204 2488 3427 2562; x_wconf 80' lang='grc' dir='ltr'>κράτος,</span> <span class='ocrx_word' id='word_1_365' title='bbox 3458 2488 3684 2554; x_wconf 76' lang='grc' dir='ltr'>αἰώνιος</span> <span class='ocrx_word' id='word_1_366' title='bbox 3731 2512 3832 2564; x_wconf 79' lang='grc' dir='ltr'>με-</span> 
     </span>
    </p>
   </div>
   <div class='ocr_carea' id='block_1_52' title="bbox 2172 2576 3839 2657">
    <p class='ocr_par' dir='ltr' id='par_1_52' title="bbox 2172 2576 3839 2657">
     <span class='ocr_line' id='line_1_52' title="bbox 2172 2576 3839 2657; baseline -0.001 -22"><span class='ocrx_word' id='word_1_367' title='bbox 2172 2578 2491 2657; x_wconf 80' lang='grc' dir='ltr'>γαλειότης,</span> <span class='ocrx_word' id='word_1_368' title='bbox 2521 2578 2611 2632; x_wconf 82' lang='grc' dir='ltr'><strong>καὶ</strong></span> <span class='ocrx_word' id='word_1_369' title='bbox 2641 2576 2731 2631; x_wconf 85' lang='grc' dir='ltr'><strong>νῦν</strong></span> <span class='ocrx_word' id='word_1_370' title='bbox 2764 2577 2854 2632; x_wconf 84' lang='grc' dir='ltr'><strong>καὶ</strong></span> <span class='ocrx_word' id='word_1_371' title='bbox 2890 2576 2992 2646; x_wconf 84' lang='grc' dir='ltr'>ἀεὶ,</span> <span class='ocrx_word' id='word_1_372' title='bbox 3025 2576 3117 2631; x_wconf 80' lang='grc' dir='ltr'><strong>καὶ</strong></span> <span class='ocrx_word' id='word_1_373' title='bbox 3149 2576 3228 2638; x_wconf 80' lang='grc' dir='ltr'><strong>εἰς</strong></span> <span class='ocrx_word' id='word_1_374' title='bbox 3258 2578 3443 2652; x_wconf 76' lang='grc' dir='ltr'>γενεὰς</span> <span class='ocrx_word' id='word_1_375' title='bbox 3491 2583 3716 2654; x_wconf 82' lang='grc' dir='ltr'>γενεῶν,</span> <span class='ocrx_word' id='word_1_376' title='bbox 3743 2579 3839 2635; x_wconf 79' lang='grc' dir='ltr'><strong>καὶ</strong></span> 
     </span>
    </p>
   </div>
   <div class='ocr_carea' id='block_1_53' title="bbox 2174 2666 3273 2741">
    <p class='ocr_par' dir='ltr' id='par_1_53' title="bbox 2174 2666 3273 2741">
     <span class='ocr_line' id='line_1_53' title="bbox 2174 2666 3273 2741; baseline -0.004 -15"><span class='ocrx_word' id='word_1_377' title='bbox 2174 2671 2251 2733; x_wconf 68' lang='grc' dir='ltr'>εἷς</span> <span class='ocrx_word' id='word_1_378' title='bbox 2279 2670 2407 2731; x_wconf 80' lang='grc' dir='ltr'>τοὺς</span> <span class='ocrx_word' id='word_1_379' title='bbox 2441 2669 2637 2729; x_wconf 73' lang='grc' dir='ltr'>αἶ’ῶνας</span> <span class='ocrx_word' id='word_1_380' title='bbox 2660 2671 2768 2722; x_wconf 91' lang='grc' dir='ltr'><strong>τῶν</strong></span> <span class='ocrx_word' id='word_1_381' title='bbox 2801 2666 3039 2723; x_wconf 71' lang='grc' dir='ltr'>αἶώνων.</span> <span class='ocrx_word' id='word_1_382' title='bbox 3075 2667 3273 2741; x_wconf 82' lang='grc' dir='ltr'>Ἀμήν.</span> 
     </span>
    </p>
   </div>
   <div class='ocr_carea' id='block_1_54' title="bbox 407 2757 3842 2835">
    <p class='ocr_par' dir='ltr' id='par_1_54' title="bbox 407 2757 3842 2835">
     <span class='ocr_line' id='line_1_54' title="bbox 407 2757 3842 2835; baseline 0.001 -20"><span class='ocrx_word' id='word_1_383' title='bbox 407 2765 523 2815; x_wconf 89' lang='lat' dir='ltr'><strong>tem</strong></span> <span class='ocrx_word' id='word_1_384' title='bbox 547 2760 886 2832; x_wconf 90' lang='lat' dir='ltr'><strong>conspiciet.</strong></span> <span class='ocrx_word' id='word_1_385' title='bbox 921 2760 1029 2826; x_wconf 87' lang='lat' dir='ltr'><strong>Qui</strong></span> <span class='ocrx_word' id='word_1_386' title='bbox 1054 2760 1236 2832; x_wconf 59' lang='lat' dir='ltr'><strong>enim!</strong></span> <span class='ocrx_word' id='word_1_387' title='bbox 1256 2760 1615 2832; x_wconf 63' lang='lat' dir='ltr'><strong>poenitentiae</strong></span> <span class='ocrx_word' id='word_1_388' title='bbox 1650 2762 1926 2834; x_wconf 89' lang='lat' dir='ltr'><strong>angelum</strong></span> <span class='ocrx_word' id='word_1_389' title='bbox 1952 2766 2125 2834; x_wconf 90' lang='lat' dir='ltr'><strong>plane</strong></span> <span class='ocrx_word' id='word_1_390' title='bbox 2152 2762 2380 2835; x_wconf 90' lang='lat' dir='ltr'><strong>recipit,</strong></span> <span class='ocrx_word' id='word_1_391' title='bbox 2414 2760 2570 2815; x_wconf 89' lang='lat' dir='ltr'><strong>haud</strong></span> <span class='ocrx_word' id='word_1_392' title='bbox 2600 2775 2733 2815; x_wconf 87' lang='lat' dir='ltr'><strong>eum</strong></span> <span class='ocrx_word' id='word_1_393' title='bbox 2766 2762 2906 2814; x_wconf 92' lang='lat' dir='ltr'><strong>tunc</strong></span> <span class='ocrx_word' id='word_1_394' title='bbox 2936 2757 3055 2814; x_wconf 90' lang='lat' dir='ltr'><strong>ulla</strong></span> <span class='ocrx_word' id='word_1_395' title='bbox 3086 2758 3387 2831; x_wconf 71' lang='lat' dir='ltr'><strong>pmnitudo</strong></span> <span class='ocrx_word' id='word_1_396' title='bbox 3421 2760 3671 2833; x_wconf 90' lang='lat' dir='ltr'><strong>incedet,</strong></span> <span class='ocrx_word' id='word_1_397' title='bbox 3702 2778 3842 2818; x_wconf 88' lang='lat' dir='ltr'><strong>cum</strong></span> 
     </span>
    </p>
   </div>
   <div class='ocr_carea' id='block_1_55' title="bbox 408 2847 3839 2922">
    <p class='ocr_par' dir='ltr' id='par_1_55' title="bbox 408 2847 3839 2922">
     <span class='ocr_line' id='line_1_55' title="bbox 408 2847 3839 2922; baseline 0 -16"><span class='ocrx_word' id='word_1_398' title='bbox 408 2866 623 2922; x_wconf 88' lang='lat' dir='ltr'><strong>corpus</strong></span> <span class='ocrx_word' id='word_1_399' title='bbox 654 2850 961 2922; x_wconf 88' lang='lat' dir='ltr'><strong>reliquerit</strong></span> <span class='ocrx_word' id='word_1_400' title='bbox 989 2868 1003 2919; x_wconf 86' lang='lat'><strong>;</strong></span> <span class='ocrx_word' id='word_1_401' title='bbox 1040 2867 1144 2906; x_wconf 93' lang='lat' dir='ltr'><strong>nec</strong></span> <span class='ocrx_word' id='word_1_402' title='bbox 1176 2851 1590 2918; x_wconf 85' lang='lat' dir='ltr'><strong>confundetur,</strong></span> <span class='ocrx_word' id='word_1_403' title='bbox 1624 2851 1766 2906; x_wconf 89' lang='lat' dir='ltr'><strong>dum</strong></span> <span class='ocrx_word' id='word_1_404' title='bbox 1798 2851 2151 2910; x_wconf 85' lang='lat' dir='ltr'><strong>Salvatorem</strong></span> <span class='ocrx_word' id='word_1_405' title='bbox 2183 2869 2316 2909; x_wconf 89' lang='lat' dir='ltr'><strong>cum</strong></span> <span class='ocrx_word' id='word_1_406' title='bbox 2352 2851 2659 2919; x_wconf 84' lang='lat' dir='ltr'><strong>majestate</strong></span> <span class='ocrx_word' id='word_1_407' title='bbox 2698 2865 2806 2904; x_wconf 89' lang='lat' dir='ltr'><strong>sua</strong></span> <span class='ocrx_word' id='word_1_408' title='bbox 2834 2847 3212 2919; x_wconf 82' lang='lat' dir='ltr'><strong>exercituque</strong></span> <span class='ocrx_word' id='word_1_409' title='bbox 3245 2848 3575 2906; x_wconf 87' lang='lat' dir='ltr'><strong>venientem</strong></span> <span class='ocrx_word' id='word_1_410' title='bbox 3607 2851 3839 2908; x_wconf 87' lang='lat' dir='ltr'><strong>viderit.</strong></span> 
     </span>
    </p>
   </div>
   <div class='ocr_carea' id='block_1_56' title="bbox 408 2939 3840 3015">
    <p class='ocr_par' dir='ltr' id='par_1_56' title="bbox 408 2939 3840 3015">
     <span class='ocr_line' id='line_1_56' title="bbox 408 2939 3840 3015; baseline 0 -18"><span class='ocrx_word' id='word_1_411' title='bbox 408 2941 622 2997; x_wconf 88' lang='lat' dir='ltr'><strong>Nullus</strong></span> <span class='ocrx_word' id='word_1_412' title='bbox 672 2940 827 3013; x_wconf 89' lang='lat' dir='ltr'><strong>ignis</strong></span> <span class='ocrx_word' id='word_1_413' title='bbox 882 2942 1196 2997; x_wconf 86' lang='lat' dir='ltr'><strong>exterrebit</strong></span> <span class='ocrx_word' id='word_1_414' title='bbox 1247 2946 1459 2996; x_wconf 89' lang='lat' dir='ltr'><strong>metus.</strong></span> <span class='ocrx_word' id='word_1_415' title='bbox 1520 2940 1621 2996; x_wconf 88' lang='lat' dir='ltr'><strong>Sin</strong></span> <span class='ocrx_word' id='word_1_416' title='bbox 1656 2946 1857 2997; x_wconf 89' lang='lat' dir='ltr'><strong>autem</strong></span> <span class='ocrx_word' id='word_1_417' title='bbox 1917 2943 2213 3015; x_wconf 88' lang='lat' dir='ltr'><strong>quispiam</strong></span> <span class='ocrx_word' id='word_1_418' title='bbox 2245 2960 2310 2999; x_wconf 92' lang='lat' dir='ltr'><strong>eo</strong></span> <span class='ocrx_word' id='word_1_419' title='bbox 2371 2941 2571 2996; x_wconf 89' lang='lat' dir='ltr'><strong>animo</strong></span> <span class='ocrx_word' id='word_1_420' title='bbox 2629 2940 2708 2994; x_wconf 91' lang='lat' dir='ltr'><strong>sit</strong></span> <span class='ocrx_word' id='word_1_421' title='bbox 2740 2944 2807 2993; x_wconf 90' lang='lat' dir='ltr'><strong>ut</strong></span> <span class='ocrx_word' id='word_1_422' title='bbox 2864 2953 3100 2993; x_wconf 88' lang='lat' dir='ltr'><strong>manere</strong></span> <span class='ocrx_word' id='word_1_423' title='bbox 3133 2954 3199 2993; x_wconf 93' lang='lat' dir='ltr'><strong>ac</strong></span> <span class='ocrx_word' id='word_1_424' title='bbox 3257 2939 3525 3010; x_wconf 87' lang='lat' dir='ltr'><strong>quotidie</strong></span> <span class='ocrx_word' id='word_1_425' title='bbox 3558 2939 3617 2995; x_wconf 89' lang='lat' dir='ltr'><strong>in</strong></span> <span class='ocrx_word' id='word_1_426' title='bbox 3672 2940 3840 2998; x_wconf 89' lang='lat' dir='ltr'><strong>volu-</strong></span> 
     </span>
    </p>
   </div>
   <div class='ocr_carea' id='block_1_57' title="bbox 410 3027 3840 3105">
    <p class='ocr_par' dir='ltr' id='par_1_57' title="bbox 410 3027 3840 3105">
     <span class='ocr_line' id='line_1_57' title="bbox 410 3027 3840 3105; baseline 0.001 -20"><span class='ocrx_word' id='word_1_427' title='bbox 410 3030 670 3102; x_wconf 88' lang='lat' dir='ltr'><strong>ptatibus</strong></span> <span class='ocrx_word' id='word_1_428' title='bbox 717 3029 988 3087; x_wconf 88' lang='lat' dir='ltr'><strong>volutans</strong></span> <span class='ocrx_word' id='word_1_429' title='bbox 1046 3031 1392 3103; x_wconf 86' lang='lat' dir='ltr'><strong>delinquere</strong></span> <span class='ocrx_word' id='word_1_430' title='bbox 1444 3030 1606 3100; x_wconf 87' lang='lat' dir='ltr'><strong>velit,</strong></span> <span class='ocrx_word' id='word_1_431' title='bbox 1654 3033 2083 3105; x_wconf 60' lang='lat' dir='ltr'><strong>prasentisque</strong></span> <span class='ocrx_word' id='word_1_432' title='bbox 2112 3035 2245 3089; x_wconf 63' lang='lat' dir='ltr'><strong>vita:</strong></span> <span class='ocrx_word' id='word_1_433' title='bbox 2292 3031 2533 3087; x_wconf 90' lang='lat' dir='ltr'><strong>delicias</strong></span> <span class='ocrx_word' id='word_1_434' title='bbox 2591 3034 2806 3084; x_wconf 64' lang='lat' dir='ltr'><strong>aeterna</strong></span> <span class='ocrx_word' id='word_1_435' title='bbox 2835 3028 2954 3082; x_wconf 88' lang='lat' dir='ltr'><strong>vita</strong></span> <span class='ocrx_word' id='word_1_436' title='bbox 3011 3027 3269 3100; x_wconf 86' lang='lat' dir='ltr'><strong>potiores</strong></span> <span class='ocrx_word' id='word_1_437' title='bbox 3330 3029 3531 3095; x_wconf 89' lang='lat' dir='ltr'><strong>ducat,</strong></span> <span class='ocrx_word' id='word_1_438' title='bbox 3592 3035 3771 3102; x_wconf 88' lang='lat' dir='ltr'><strong>atque</strong></span> <span class='ocrx_word' id='word_1_439' title='bbox 3803 3048 3840 3088; x_wconf 88' lang='lat' dir='ltr'><strong>a</strong></span> 
     </span>
    </p>
   </div>
   <div class='ocr_carea' id='block_1_58' title="bbox 409 3116 3838 3192">
    <p class='ocr_par' dir='ltr' id='par_1_58' title="bbox 409 3116 3838 3192">
     <span class='ocr_line' id='line_1_58' title="bbox 409 3116 3838 3192; baseline 0 -15"><span class='ocrx_word' id='word_1_440' title='bbox 409 3120 712 3177; x_wconf 84' lang='lat' dir='ltr'><strong>Salvatore</strong></span> <span class='ocrx_word' id='word_1_441' title='bbox 762 3120 992 3177; x_wconf 88' lang='lat' dir='ltr'><strong>veniam</strong></span> <span class='ocrx_word' id='word_1_442' title='bbox 1044 3120 1386 3192; x_wconf 88' lang='lat' dir='ltr'><strong>indulgente</strong></span> <span class='ocrx_word' id='word_1_443' title='bbox 1445 3120 1655 3175; x_wconf 89' lang='lat' dir='ltr'><strong>mentis</strong></span> <span class='ocrx_word' id='word_1_444' title='bbox 1687 3136 1861 3177; x_wconf 84' lang='lat' dir='ltr'><strong>sensu</strong></span> <span class='ocrx_word' id='word_1_445' title='bbox 1898 3122 2212 3178; x_wconf 87' lang='lat' dir='ltr'><strong>abhorreat</strong></span> <span class='ocrx_word' id='word_1_446' title='bbox 2242 3142 2255 3190; x_wconf 90' lang='lat'><strong>;</strong></span> <span class='ocrx_word' id='word_1_447' title='bbox 2291 3121 2340 3176; x_wconf 88' lang='lat' dir='ltr'><strong>is</strong></span> <span class='ocrx_word' id='word_1_448' title='bbox 2372 3135 2563 3192; x_wconf 91' lang='lat' dir='ltr'><strong>neque</strong></span> <span class='ocrx_word' id='word_1_449' title='bbox 2594 3119 2806 3188; x_wconf 90' lang='lat' dir='ltr'><strong>Deum,</strong></span> <span class='ocrx_word' id='word_1_450' title='bbox 2858 3133 3042 3188; x_wconf 89' lang='lat' dir='ltr'><strong>neque</strong></span> <span class='ocrx_word' id='word_1_451' title='bbox 3073 3116 3333 3187; x_wconf 82' lang='lat' dir='ltr'><strong>divitias,</strong></span> <span class='ocrx_word' id='word_1_452' title='bbox 3370 3134 3478 3175; x_wconf 89' lang='lat' dir='ltr'><strong>nec</strong></span> <span class='ocrx_word' id='word_1_453' title='bbox 3507 3120 3661 3191; x_wconf 90' lang='lat' dir='ltr'><strong>quod</strong></span> <span class='ocrx_word' id='word_1_454' title='bbox 3697 3127 3838 3178; x_wconf 88' lang='lat' dir='ltr'><strong>ante</strong></span> 
     </span>
    </p>
   </div>
   <div class='ocr_carea' id='block_1_59' title="bbox 413 3205 3839 3283">
    <p class='ocr_par' dir='ltr' id='par_1_59' title="bbox 413 3205 3839 3283">
     <span class='ocr_line' id='line_1_59' title="bbox 413 3205 3839 3283; baseline 0 -17"><span class='ocrx_word' id='word_1_455' title='bbox 413 3210 618 3283; x_wconf 90' lang='lat' dir='ltr'><strong>lapsus</strong></span> <span class='ocrx_word' id='word_1_456' title='bbox 675 3211 753 3265; x_wconf 90' lang='lat' dir='ltr'><strong>sit</strong></span> <span class='ocrx_word' id='word_1_457' title='bbox 801 3210 859 3264; x_wconf 91' lang='lat' dir='ltr'><strong>in</strong></span> <span class='ocrx_word' id='word_1_458' title='bbox 893 3208 1117 3265; x_wconf 88' lang='lat' dir='ltr'><strong>crimen</strong></span> <span class='ocrx_word' id='word_1_459' title='bbox 1176 3213 1363 3274; x_wconf 90' lang='lat' dir='ltr'><strong>vocet,</strong></span> <span class='ocrx_word' id='word_1_460' title='bbox 1423 3211 1522 3265; x_wconf 90' lang='lat' dir='ltr'><strong>sed</strong></span> <span class='ocrx_word' id='word_1_461' title='bbox 1556 3226 1725 3265; x_wconf 90' lang='lat' dir='ltr'><strong>suam</strong></span> <span class='ocrx_word' id='word_1_462' title='bbox 1782 3210 1971 3282; x_wconf 90' lang='lat' dir='ltr'><strong>ipsius</strong></span> <span class='ocrx_word' id='word_1_463' title='bbox 1996 3211 2255 3267; x_wconf 87' lang='lat' dir='ltr'><strong>animam</strong></span> <span class='ocrx_word' id='word_1_464' title='bbox 2314 3226 2443 3282; x_wconf 68' lang='lat' dir='ltr'><strong>qua:</strong></span> <span class='ocrx_word' id='word_1_465' title='bbox 2494 3207 2625 3280; x_wconf 87' lang='lat' dir='ltr'><strong>ipsa</strong></span> <span class='ocrx_word' id='word_1_466' title='bbox 2677 3210 2884 3278; x_wconf 88' lang='lat' dir='ltr'><strong>sponte</strong></span> <span class='ocrx_word' id='word_1_467' title='bbox 2916 3205 3184 3261; x_wconf 83' lang='lat' dir='ltr'><strong>intereat.</strong></span> <span class='ocrx_word' id='word_1_468' title='bbox 3252 3205 3315 3260; x_wconf 85' lang='lat' dir='ltr'><strong>Ei</strong></span> <span class='ocrx_word' id='word_1_469' title='bbox 3341 3222 3478 3263; x_wconf 91' lang='lat' dir='ltr'><strong>vero</strong></span> <span class='ocrx_word' id='word_1_470' title='bbox 3539 3206 3637 3263; x_wconf 88' lang='lat' dir='ltr'><strong>cui</strong></span> <span class='ocrx_word' id='word_1_471' title='bbox 3691 3223 3839 3267; x_wconf 89' lang='lat' dir='ltr'><strong>cura</strong></span> 
     </span>
    </p>
   </div>
   <div class='ocr_carea' id='block_1_60' title="bbox 414 3294 3837 3371">
    <p class='ocr_par' dir='ltr' id='par_1_60' title="bbox 414 3294 3837 3371">
     <span class='ocr_line' id='line_1_60' title="bbox 414 3294 3837 3371; baseline -0.001 -14"><span class='ocrx_word' id='word_1_472' title='bbox 414 3301 626 3357; x_wconf 88' lang='lat' dir='ltr'><strong>salutis</strong></span> <span class='ocrx_word' id='word_1_473' title='bbox 657 3305 743 3355; x_wconf 90' lang='lat' dir='ltr'><strong>est</strong></span> <span class='ocrx_word' id='word_1_474' title='bbox 784 3316 850 3354; x_wconf 90' lang='lat' dir='ltr'><strong>ac</strong></span> <span class='ocrx_word' id='word_1_475' title='bbox 899 3299 1210 3370; x_wconf 76' lang='lat' dir='ltr'><strong>inspectio,</strong></span> <span class='ocrx_word' id='word_1_476' title='bbox 1242 3314 1490 3369; x_wconf 89' lang='lat' dir='ltr'><strong>eamque</strong></span> <span class='ocrx_word' id='word_1_477' title='bbox 1515 3299 1835 3368; x_wconf 88' lang='lat' dir='ltr'><strong>desiderat,</strong></span> <span class='ocrx_word' id='word_1_478' title='bbox 1869 3317 1934 3356; x_wconf 92' lang='lat' dir='ltr'><strong>ac</strong></span> <span class='ocrx_word' id='word_1_479' title='bbox 1959 3318 2105 3371; x_wconf 91' lang='lat' dir='ltr'><strong>pene</strong></span> <span class='ocrx_word' id='word_1_480' title='bbox 2133 3300 2398 3356; x_wconf 83' lang='lat' dir='ltr'><strong>efﬂictim</strong></span> <span class='ocrx_word' id='word_1_481' title='bbox 2427 3299 2660 3369; x_wconf 85' lang='lat' dir='ltr'><strong>vimque</strong></span> <span class='ocrx_word' id='word_1_482' title='bbox 2688 3297 2813 3368; x_wconf 90' lang='lat' dir='ltr'><strong>ipse</strong></span> <span class='ocrx_word' id='word_1_483' title='bbox 2836 3294 3125 3351; x_wconf 88' lang='lat' dir='ltr'><strong>adhibens</strong></span> <span class='ocrx_word' id='word_1_484' title='bbox 3156 3295 3417 3367; x_wconf 64' lang='lat' dir='ltr'><strong>prabere</strong></span> <span class='ocrx_word' id='word_1_485' title='bbox 3448 3301 3635 3370; x_wconf 86' lang='lat' dir='ltr'><strong>rogat,</strong></span> <span class='ocrx_word' id='word_1_486' title='bbox 3661 3300 3837 3355; x_wconf 83' lang='lat' dir='ltr'><strong>Pater</strong></span> 
     </span>
    </p>
   </div>
   <div class='ocr_carea' id='block_1_61' title="bbox 416 3384 3835 3461">
    <p class='ocr_par' dir='ltr' id='par_1_61' title="bbox 416 3384 3835 3461">
     <span class='ocr_line' id='line_1_61' title="bbox 416 3384 3835 3461; baseline -0.001 -15"><span class='ocrx_word' id='word_1_487' title='bbox 416 3390 516 3446; x_wconf 89' lang='lat' dir='ltr'><strong>ille</strong></span> <span class='ocrx_word' id='word_1_488' title='bbox 546 3390 735 3445; x_wconf 91' lang='lat' dir='ltr'><strong>bonus</strong></span> <span class='ocrx_word' id='word_1_489' title='bbox 757 3388 858 3460; x_wconf 92' lang='lat' dir='ltr'><strong>qui</strong></span> <span class='ocrx_word' id='word_1_490' title='bbox 885 3394 977 3444; x_wconf 87' lang='lat' dir='ltr'><strong>est</strong></span> <span class='ocrx_word' id='word_1_491' title='bbox 1002 3387 1062 3443; x_wconf 90' lang='lat' dir='ltr'><strong>in</strong></span> <span class='ocrx_word' id='word_1_492' title='bbox 1085 3386 1270 3454; x_wconf 76' lang='lat' dir='ltr'><strong>caelis,</strong></span> <span class='ocrx_word' id='word_1_493' title='bbox 1303 3403 1501 3443; x_wconf 88' lang='lat' dir='ltr'><strong>veram</strong></span> <span class='ocrx_word' id='word_1_494' title='bbox 1521 3388 1998 3444; x_wconf 86' lang='lat' dir='ltr'><strong>emundationem</strong></span> <span class='ocrx_word' id='word_1_495' title='bbox 2018 3389 2321 3461; x_wconf 87' lang='lat' dir='ltr'><strong>vitamque</strong></span> <span class='ocrx_word' id='word_1_496' title='bbox 2341 3387 2561 3443; x_wconf 90' lang='lat' dir='ltr'><strong>tribuet</strong></span> <span class='ocrx_word' id='word_1_497' title='bbox 2582 3384 2729 3441; x_wconf 87' lang='lat' dir='ltr'><strong>nulli</strong></span> <span class='ocrx_word' id='word_1_498' title='bbox 2756 3384 3065 3440; x_wconf 89' lang='lat' dir='ltr'><strong>mutationi</strong></span> <span class='ocrx_word' id='word_1_499' title='bbox 3087 3384 3431 3453; x_wconf 81' lang='lat' dir='ltr'><strong>obnoxiam;</strong></span> <span class='ocrx_word' id='word_1_500' title='bbox 3460 3385 3552 3440; x_wconf 91' lang='lat' dir='ltr'><strong>cui</strong></span> <span class='ocrx_word' id='word_1_501' title='bbox 3577 3401 3713 3442; x_wconf 90' lang='lat' dir='ltr'><strong>cum</strong></span> <span class='ocrx_word' id='word_1_502' title='bbox 3737 3387 3835 3443; x_wconf 85' lang='lat' dir='ltr'><strong>Fi-</strong></span> 
     </span>
    </p>
   </div>
   <div class='ocr_carea' id='block_1_62' title="bbox 414 3472 3833 3549">
    <p class='ocr_par' dir='ltr' id='par_1_62' title="bbox 414 3472 3833 3549">
     <span class='ocr_line' id='line_1_62' title="bbox 414 3472 3833 3549; baseline -0.001 -13"><span class='ocrx_word' id='word_1_503' title='bbox 414 3479 494 3536; x_wconf 92' lang='lat' dir='ltr'><strong>lio</strong></span> <span class='ocrx_word' id='word_1_504' title='bbox 522 3480 664 3536; x_wconf 87' lang='lat' dir='ltr'><strong>Jesu</strong></span> <span class='ocrx_word' id='word_1_505' title='bbox 724 3478 976 3546; x_wconf 87' lang='lat' dir='ltr'><strong>Christo,</strong></span> <span class='ocrx_word' id='word_1_506' title='bbox 1010 3477 1110 3549; x_wconf 88' lang='lat' dir='ltr'><strong>qui</strong></span> <span class='ocrx_word' id='word_1_507' title='bbox 1166 3476 1426 3532; x_wconf 88' lang='lat' dir='ltr'><strong>vivorum</strong></span> <span class='ocrx_word' id='word_1_508' title='bbox 1476 3482 1534 3532; x_wconf 91' lang='lat' dir='ltr'><strong>et</strong></span> <span class='ocrx_word' id='word_1_509' title='bbox 1562 3475 1928 3534; x_wconf 77' lang='lat' dir='ltr'><strong>mortuorum</strong></span> <span class='ocrx_word' id='word_1_510' title='bbox 1964 3478 2246 3534; x_wconf 91' lang='lat' dir='ltr'><strong>Dominus</strong></span> <span class='ocrx_word' id='word_1_511' title='bbox 2303 3482 2413 3546; x_wconf 90' lang='lat' dir='ltr'><strong>est,</strong></span> <span class='ocrx_word' id='word_1_512' title='bbox 2449 3493 2551 3549; x_wconf 90' lang='lat' dir='ltr'><strong>per</strong></span> <span class='ocrx_word' id='word_1_513' title='bbox 2581 3474 2865 3548; x_wconf 80' lang='lat' dir='ltr'><strong>Spiritum</strong></span> <span class='ocrx_word' id='word_1_514' title='bbox 2916 3478 3213 3539; x_wconf 88' lang='lat' dir='ltr'><strong>sanctum,</strong></span> <span class='ocrx_word' id='word_1_515' title='bbox 3270 3473 3351 3529; x_wconf 89' lang='lat' dir='ltr'><strong>sit</strong></span> <span class='ocrx_word' id='word_1_516' title='bbox 3378 3472 3587 3545; x_wconf 91' lang='lat' dir='ltr'><strong>gloria,</strong></span> <span class='ocrx_word' id='word_1_517' title='bbox 3620 3475 3833 3546; x_wconf 88' lang='lat' dir='ltr'><strong>honor,</strong></span> 
     </span>
    </p>
   </div>
   <div class='ocr_carea' id='block_1_63' title="bbox 412 3562 3835 3641">
    <p class='ocr_par' dir='ltr' id='par_1_63' title="bbox 412 3562 3835 3641">
     <span class='ocr_line' id='line_1_63' title="bbox 412 3562 3835 3641; baseline -0.001 -16"><span class='ocrx_word' id='word_1_518' title='bbox 412 3574 696 3641; x_wconf 88' lang='lat' dir='ltr'><strong>potestas,</strong></span> <span class='ocrx_word' id='word_1_519' title='bbox 744 3571 957 3622; x_wconf 64' lang='lat' dir='ltr'><strong>aeterna</strong></span> <span class='ocrx_word' id='word_1_520' title='bbox 1022 3567 1322 3638; x_wconf 88' lang='lat' dir='ltr'><strong>majestas,</strong></span> <span class='ocrx_word' id='word_1_521' title='bbox 1356 3581 1511 3620; x_wconf 91' lang='lat' dir='ltr'><strong>nunc</strong></span> <span class='ocrx_word' id='word_1_522' title='bbox 1569 3570 1627 3621; x_wconf 91' lang='lat' dir='ltr'><strong>et</strong></span> <span class='ocrx_word' id='word_1_523' title='bbox 1669 3582 1923 3640; x_wconf 89' lang='lat' dir='ltr'><strong>semper,</strong></span> <span class='ocrx_word' id='word_1_524' title='bbox 1956 3571 2013 3624; x_wconf 93' lang='lat' dir='ltr'><strong>et</strong></span> <span class='ocrx_word' id='word_1_525' title='bbox 2043 3568 2104 3624; x_wconf 92' lang='lat' dir='ltr'><strong>in</strong></span> <span class='ocrx_word' id='word_1_526' title='bbox 2160 3565 2570 3640; x_wconf 84' lang='lat' dir='ltr'><strong>generationes</strong></span> <span class='ocrx_word' id='word_1_527' title='bbox 2626 3563 3100 3636; x_wconf 86' lang='lat' dir='ltr'><strong>generationum,</strong></span> <span class='ocrx_word' id='word_1_528' title='bbox 3140 3562 3322 3635; x_wconf 90' lang='lat' dir='ltr'><strong>inque</strong></span> <span class='ocrx_word' id='word_1_529' title='bbox 3377 3562 3592 3620; x_wconf 65' lang='lat' dir='ltr'><strong>secula</strong></span> <span class='ocrx_word' id='word_1_530' title='bbox 3647 3581 3835 3623; x_wconf 60' lang='lat' dir='ltr'><strong>saecu-</strong></span> 
     </span>
    </p>
   </div>
   <div class='ocr_carea' id='block_1_64' title="bbox 406 3658 864 3715">
    <p class='ocr_par' dir='ltr' id='par_1_64' title="bbox 406 3658 864 3715">
     <span class='ocr_line' id='line_1_64' title="bbox 406 3658 864 3715; baseline -0.004 0"><span class='ocrx_word' id='word_1_531' title='bbox 406 3658 622 3715; x_wconf 90' lang='lat' dir='ltr'><strong>lorum.</strong></span> <span class='ocrx_word' id='word_1_532' title='bbox 658 3663 864 3713; x_wconf 85' lang='lat' dir='ltr'><strong>Amen.</strong></span> 
     </span>
    </p>
   </div>
   <div class='ocr_carea' id='block_1_65' title="bbox 509 3773 1275 3841">
    <p class='ocr_par' dir='ltr' id='par_1_65' title="bbox 509 3773 1275 3841">
     <span class='ocr_line' id='line_1_65' title="bbox 509 3773 1275 3841; baseline -0.007 -8"><span class='ocrx_word' id='word_1_533' title='bbox 509 3777 574 3841; x_wconf 63' lang='grc' dir='ltr'><strong>’Χί</strong></span> <span class='ocrx_word' id='word_1_534' title='bbox 602 3781 664 3832; x_wconf 87' lang='grc' dir='ltr'><strong>Ρ.</strong></span> <span class='ocrx_word' id='word_1_535' title='bbox 695 3776 797 3831; x_wconf 84' lang='grc'><strong>951</strong></span> <span class='ocrx_word' id='word_1_536' title='bbox 832 3775 941 3833; x_wconf 88' lang='lat' dir='ltr'><strong>ED.</strong></span> <span class='ocrx_word' id='word_1_537' title='bbox 975 3773 1275 3831; x_wconf 83' lang='lat' dir='ltr'><strong>POTTER.</strong></span> 
     </span>
    </p>
   </div>
   <div class='ocr_carea' id='block_1_66' title="bbox 470 3889 3836 3969">
    <p class='ocr_par' dir='ltr' id='par_1_66' title="bbox 470 3889 3836 3969">
     <span class='ocr_line' id='line_1_66' title="bbox 470 3889 3836 3969; baseline -0.001 -17"><span class='ocrx_word' id='word_1_538' title='bbox 470 3896 584 3969; x_wconf 88' lang='lat'><strong>(53)</strong></span> <span class='ocrx_word' id='word_1_539' title='bbox 615 3893 926 3967; x_wconf 84' lang='lat' dir='ltr'><strong>Respicere</strong></span> <span class='ocrx_word' id='word_1_540' title='bbox 956 3893 1188 3947; x_wconf 90' lang='lat' dir='ltr'><strong>videtur</strong></span> <span class='ocrx_word' id='word_1_541' title='bbox 1219 3891 1573 3963; x_wconf 68' lang='lat' dir='ltr'><strong>paenitentiae</strong></span> <span class='ocrx_word' id='word_1_542' title='bbox 1594 3892 1896 3965; x_wconf 79' lang='lat' dir='ltr'><strong>angelum,</strong></span> <span class='ocrx_word' id='word_1_543' title='bbox 1916 3893 1987 3949; x_wconf 91' lang='lat' dir='ltr'><strong>de</strong></span> <span class='ocrx_word' id='word_1_544' title='bbox 2018 3909 2134 3966; x_wconf 92' lang='lat' dir='ltr'><strong>quo</strong></span> <span class='ocrx_word' id='word_1_545' title='bbox 2166 3895 2443 3965; x_wconf 83' lang='lat' dir='ltr'><strong>frequens</strong></span> <span class='ocrx_word' id='word_1_546' title='bbox 2464 3892 2719 3950; x_wconf 87' lang='lat' dir='ltr'><strong>occurrit</strong></span> <span class='ocrx_word' id='word_1_547' title='bbox 2750 3890 2971 3948; x_wconf 89' lang='lat' dir='ltr'><strong>mentio</strong></span> <span class='ocrx_word' id='word_1_548' title='bbox 3001 3890 3063 3946; x_wconf 91' lang='lat' dir='ltr'><strong>in</strong></span> <span class='ocrx_word' id='word_1_549' title='bbox 3097 3889 3386 3946; x_wconf 80' lang='lat' dir='ltr'><strong>Hermetis</strong></span> <span class='ocrx_word' id='word_1_550' title='bbox 3417 3893 3640 3947; x_wconf 60' lang='lat' dir='ltr'><strong>Postera</strong></span> <span class='ocrx_word' id='word_1_551' title='bbox 3660 3890 3836 3949; x_wconf 77' lang='lat' dir='ltr'><strong>FsLL.</strong></span> 
     </span>
    </p>
   </div>
   <div class='ocr_carea' id='block_1_67' title="bbox 966 4143 3266 4320">
    <p class='ocr_par' dir='ltr' id='par_1_67' title="bbox 966 4143 3266 4320">
     <span class='ocr_line' id='line_1_67' title="bbox 966 4143 3266 4320; baseline -0.001 -2"><span class='ocrx_word' id='word_1_552' title='bbox 966 4147 1276 4319; x_wconf 87' lang='lat' dir='ltr'><strong>EK</strong></span> <span class='ocrx_word' id='word_1_553' title='bbox 1393 4147 1858 4317; x_wconf 84' lang='grc' dir='ltr'><strong>ΤΩΝ</strong></span> <span class='ocrx_word' id='word_1_554' title='bbox 1993 4143 3266 4320; x_wconf 76' lang='grc' dir='ltr'><strong>ΘΕΟΔΟΤΟΥ</strong></span> 
     </span>
    </p>
   </div>
   <div class='ocr_carea' id='block_1_68' title="bbox 1956 4376 2262 4432">
    <p class='ocr_par' dir='ltr' id='par_1_68' title="bbox 1956 4376 2262 4432">
     <span class='ocr_line' id='line_1_68' title="bbox 1956 4376 2262 4432; baseline -0.013 0"><span class='ocrx_word' id='word_1_555' title='bbox 1956 4376 2081 4432; x_wconf 85' lang='grc' dir='ltr'><strong>ΚΑΙ</strong></span> <span class='ocrx_word' id='word_1_556' title='bbox 2119 4379 2262 4431; x_wconf 86' lang='grc' dir='ltr'><strong>ΤΗΣ</strong></span> 
     </span>
    </p>
   </div>
   <div class='ocr_carea' id='block_1_69' title="bbox 751 4494 3454 4595">
    <p class='ocr_par' dir='ltr' id='par_1_69' title="bbox 751 4494 3454 4595">
     <span class='ocr_line' id='line_1_69' title="bbox 751 4494 3454 4595; baseline -0.001 0"><span class='ocrx_word' id='word_1_557' title='bbox 751 4498 1568 4595; x_wconf 83' lang='grc' dir='ltr'><strong>ΑΝΑΤΟΛΙΚΗΣ</strong></span> <span class='ocrx_word' id='word_1_558' title='bbox 1661 4497 2526 4595; x_wconf 88' lang='grc' dir='ltr'><strong>ΚΑΛΟΥΜΕΝΗΣ</strong></span> <span class='ocrx_word' id='word_1_559' title='bbox 2612 4494 3454 4592; x_wconf 85' lang='grc' dir='ltr'><strong>ΔΙΔΑΣΚΑΛΙΑΣ</strong></span> 
     </span>
    </p>
   </div>
   <div class='ocr_carea' id='block_1_70' title="bbox 1454 4646 2740 4705">
    <p class='ocr_par' dir='ltr' id='par_1_70' title="bbox 1454 4646 2740 4705">
     <span class='ocr_line' id='line_1_70' title="bbox 1454 4646 2740 4705; baseline -0.002 -4"><span class='ocrx_word' id='word_1_560' title='bbox 1454 4646 1636 4701; x_wconf 82' lang='grc' dir='ltr'><strong>ΚΑΤΑ</strong></span> <span class='ocrx_word' id='word_1_561' title='bbox 1670 4649 1844 4700; x_wconf 86' lang='grc' dir='ltr'><strong>ΤΟΥΣ</strong></span> <span class='ocrx_word' id='word_1_562' title='bbox 1884 4650 2372 4704; x_wconf 79' lang='grc' dir='ltr'><strong>ΟΥΔΛΕΝἹῚΝΟΥ</strong></span> <span class='ocrx_word' id='word_1_563' title='bbox 2409 4647 2740 4705; x_wconf 80' lang='grc' dir='ltr'>ΧΡΟΝΟΥΣ</span> 
     </span>
    </p>
   </div>
   <div class='ocr_carea' id='block_1_71' title="bbox 1529 4770 2671 4902">
    <p class='ocr_par' dir='ltr' id='par_1_71' title="bbox 1529 4770 2671 4902">
     <span class='ocr_line' id='line_1_71' title="bbox 1529 4770 2671 4902; baseline 0.001 -5"><span class='ocrx_word' id='word_1_564' title='bbox 1529 4770 2671 4902; x_wconf 86' lang='grc' dir='ltr'><strong>ΕΠΙΤΟΜΑΙ.</strong></span> 
     </span>
    </p>
   </div>
   <div class='ocr_carea' id='block_1_72' title="bbox 592 4985 2545 5206">
    <p class='ocr_par' dir='ltr' id='par_1_72' title="bbox 592 4985 2545 5206">
     <span class='ocr_line' id='line_1_72' title="bbox 592 4985 2545 5206; baseline 0.009 -17"><span class='ocrx_word' id='word_1_565' title='bbox 592 5170 621 5189; x_wconf 77' lang='lat'><strong>..</strong></span> <span class='ocrx_word' id='word_1_566' title='bbox 1108 5003 1115 5009; x_wconf 64' lang='grc'><em>’</em></span> <span class='ocrx_word' id='word_1_567' title='bbox 1638 4985 2545 5206; x_wconf 60' lang='lat' dir='ltr'><strong>EXCEi’tPTA</strong></span> 
     </span>
    </p>
   </div>
   <div class='ocr_carea' id='block_1_73' title="bbox 742 5250 3447 5327">
    <p class='ocr_par' dir='ltr' id='par_1_73' title="bbox 742 5250 3447 5327">
     <span class='ocr_line' id='line_1_73' title="bbox 742 5250 3447 5327; baseline 0.001 -13"><span class='ocrx_word' id='word_1_568' title='bbox 742 5253 843 5315; x_wconf 89' lang='lat' dir='ltr'><strong>EX</strong></span> <span class='ocrx_word' id='word_1_569' title='bbox 886 5250 1244 5313; x_wconf 88' lang='lat' dir='ltr'><strong>SCRIPTIS</strong></span> <span class='ocrx_word' id='word_1_570' title='bbox 1288 5250 1691 5327; x_wconf 83' lang='lat' dir='ltr'><strong>THEODOTI</strong></span> <span class='ocrx_word' id='word_1_571' title='bbox 1734 5254 1837 5314; x_wconf 84' lang='lat' dir='ltr'><strong>ET</strong></span> <span class='ocrx_word' id='word_1_572' title='bbox 1881 5254 2286 5316; x_wconf 84' lang='lat' dir='ltr'><strong>DOCTRINA</strong></span> <span class='ocrx_word' id='word_1_573' title='bbox 2328 5252 2515 5324; x_wconf 71' lang='lat' dir='ltr'><strong>QUJE</strong></span> <span class='ocrx_word' id='word_1_574' title='bbox 2557 5253 3026 5318; x_wconf 79' lang='lat' dir='ltr'><strong>OBIENTALIS</strong></span> <span class='ocrx_word' id='word_1_575' title='bbox 3073 5256 3447 5320; x_wconf 80' lang='lat' dir='ltr'><strong>VOCATUB</strong></span> 
     </span>
    </p>
   </div>
   <div class='ocr_carea' id='block_1_74' title="bbox 1533 5375 2645 5417">
    <p class='ocr_par' dir='ltr' id='par_1_74' title="bbox 1533 5375 2645 5417">
     <span class='ocr_line' id='line_1_74' title="bbox 1533 5375 2645 5417; baseline -0.001 -1"><span class='ocrx_word' id='word_1_576' title='bbox 1533 5375 1607 5416; x_wconf 78' lang='lat' dir='ltr'><strong>AD</strong></span> <span class='ocrx_word' id='word_1_577' title='bbox 1649 5375 1953 5416; x_wconf 77' lang='lat' dir='ltr'><strong>VALENTINI</strong></span> <span class='ocrx_word' id='word_1_578' title='bbox 1990 5377 2260 5417; x_wconf 77' lang='lat' dir='ltr'><strong>TEMPORA</strong></span> <span class='ocrx_word' id='word_1_579' title='bbox 2298 5376 2645 5417; x_wconf 76' lang='lat' dir='ltr'><strong>SPECTANTIA</strong></span> 
     </span>
    </p>
   </div>
   <div class='ocr_carea' id='block_1_75' title="bbox 1580 5455 2591 5522">
    <p class='ocr_par' dir='ltr' id='par_1_75' title="bbox 1580 5455 2591 5522">
     <span class='ocr_line' id='line_1_75' title="bbox 1580 5455 2591 5522; baseline 0.001 -16"><span class='ocrx_word' id='word_1_580' title='bbox 1580 5456 1884 5522; x_wconf 85' lang='lat' dir='ltr'><strong>Interprete</strong></span> <span class='ocrx_word' id='word_1_581' title='bbox 1912 5457 2156 5511; x_wconf 82' lang='lat' dir='ltr'><strong>Roberto</strong></span> <span class='ocrx_word' id='word_1_582' title='bbox 2182 5459 2395 5511; x_wconf 72' lang='lat' dir='ltr'><strong>Pmsa</strong></span> <span class='ocrx_word' id='word_1_583' title='bbox 2423 5458 2488 5507; x_wconf 79' lang='grc' dir='ltr'><strong>Α.</strong></span> <span class='ocrx_word' id='word_1_584' title='bbox 2519 5455 2591 5507; x_wconf 86' lang='grc' dir='ltr'><strong>Μ.</strong></span> 
     </span>
    </p>
   </div>
   <div class='ocr_carea' id='block_1_76' title="bbox 398 4012 3836 4047">
    <p class='ocr_par' dir='ltr' id='par_1_76' title="bbox 398 4012 3836 4047">
     <span class='ocr_line' id='line_1_76' title="bbox 398 4012 3836 4047; baseline -0.001 0"><span class='ocrx_word' id='word_1_585' title='bbox 398 4012 3836 4047; x_wconf 62' lang='lat' dir='ltr'><strong>m</strong></span> 
     </span>
    </p>
   </div>
   <div class='ocr_carea' id='block_1_77' title="bbox 440 5672 3804 5754">
    <p class='ocr_par' dir='ltr' id='par_1_77' title="bbox 440 5672 3804 5754">
     <span class='ocr_line' id='line_1_77' title="bbox 440 5672 3804 5754; baseline 0.001 -23"><span class='ocrx_word' id='word_1_586' title='bbox 440 5672 760 5754; x_wconf 76' lang='lat' dir='ltr'><strong>Sequentes</strong></span> <span class='ocrx_word' id='word_1_587' title='bbox 788 5694 857 5735; x_wconf 88' lang='lat' dir='ltr'><strong>ex</strong></span> <span class='ocrx_word' id='word_1_588' title='bbox 884 5677 1184 5735; x_wconf 86' lang='lat' dir='ltr'><strong>Theodoto</strong></span> <span class='ocrx_word' id='word_1_589' title='bbox 1214 5675 1672 5751; x_wconf 69' lang='grc' dir='ltr'>ἐκηογαίιιιγιυπι</span> <span class='ocrx_word' id='word_1_590' title='bbox 1707 5675 1948 5754; x_wconf 87' lang='lat' dir='ltr'><strong>quidem</strong></span> <span class='ocrx_word' id='word_1_591' title='bbox 1965 5681 2022 5754; x_wconf 77' lang='lat' dir='ltr'><strong>et</strong></span> <span class='ocrx_word' id='word_1_592' title='bbox 2050 5678 2294 5754; x_wconf 76' lang='lat' dir='ltr'><strong>phrasin</strong></span> <span class='ocrx_word' id='word_1_593' title='bbox 2344 5676 2663 5737; x_wconf 89' lang='lat' dir='ltr'><strong>Clementis</strong></span> <span class='ocrx_word' id='word_1_594' title='bbox 2693 5680 2903 5751; x_wconf 86' lang='lat' dir='ltr'><strong>majori</strong></span> <span class='ocrx_word' id='word_1_595' title='bbox 2936 5696 3006 5737; x_wconf 86' lang='lat' dir='ltr'><strong>ex</strong></span> <span class='ocrx_word' id='word_1_596' title='bbox 3034 5684 3200 5754; x_wconf 84' lang='lat' dir='ltr'><strong>parte</strong></span> <span class='ocrx_word' id='word_1_597' title='bbox 3231 5679 3570 5754; x_wconf 62' lang='lat' dir='ltr'><strong>praeferunt,</strong></span> <span class='ocrx_word' id='word_1_598' title='bbox 3597 5676 3657 5734; x_wconf 90' lang='lat' dir='ltr'><strong>in</strong></span> <span class='ocrx_word' id='word_1_599' title='bbox 3673 5678 3804 5754; x_wconf 80' lang='lat' dir='ltr'><strong>_do-</strong></span> 
     </span>
    </p>
   </div>
   <div class='ocr_carea' id='block_1_78' title="bbox 366 5747 3801 5827">
    <p class='ocr_par' dir='ltr' id='par_1_78' title="bbox 366 5747 3801 5827">
     <span class='ocr_line' id='line_1_78' title="bbox 366 5747 3801 5827; baseline 0.003 -27"><span class='ocrx_word' id='word_1_600' title='bbox 366 5747 587 5819; x_wconf 87' lang='lat' dir='ltr'><strong>gmatis</strong></span> <span class='ocrx_word' id='word_1_601' title='bbox 635 5751 832 5809; x_wconf 86' lang='lat' dir='ltr'><strong>tamen</strong></span> <span class='ocrx_word' id='word_1_602' title='bbox 865 5768 981 5810; x_wconf 89' lang='lat' dir='ltr'><strong>non</strong></span> <span class='ocrx_word' id='word_1_603' title='bbox 1015 5747 1441 5823; x_wconf 81' lang='lat' dir='ltr'><strong>usquequaque</strong></span> <span class='ocrx_word' id='word_1_604' title='bbox 1470 5747 1841 5806; x_wconf 82' lang='lat' dir='ltr'><strong>consonant:</strong></span> <span class='ocrx_word' id='word_1_605' title='bbox 1875 5755 1942 5809; x_wconf 92' lang='lat' dir='ltr'><strong>ut</strong></span> <span class='ocrx_word' id='word_1_606' title='bbox 1970 5751 2022 5810; x_wconf 91' lang='lat' dir='ltr'><strong>si</strong></span> <span class='ocrx_word' id='word_1_607' title='bbox 2050 5747 2088 5811; x_wconf 67' lang='lat' dir='ltr'><strong>a</strong></span> <span class='ocrx_word' id='word_1_608' title='bbox 2117 5751 2414 5810; x_wconf 88' lang='lat' dir='ltr'><strong>Clemente</strong></span> <span class='ocrx_word' id='word_1_609' title='bbox 2459 5756 2602 5810; x_wconf 87' lang='lat' dir='ltr'><strong>sunt</strong></span> <span class='ocrx_word' id='word_1_610' title='bbox 2643 5747 2909 5827; x_wconf 77' lang='lat' dir='ltr'><strong>excepta,</strong></span> <span class='ocrx_word' id='word_1_611' title='bbox 2952 5747 3072 5812; x_wconf 74' lang='lat' dir='ltr'><strong>non</strong></span> <span class='ocrx_word' id='word_1_612' title='bbox 3102 5753 3173 5811; x_wconf 89' lang='lat' dir='ltr'><strong>de</strong></span> <span class='ocrx_word' id='word_1_613' title='bbox 3207 5747 3562 5826; x_wconf 77' lang='lat' dir='ltr'><strong>Clementis,</strong></span> <span class='ocrx_word' id='word_1_614' title='bbox 3589 5750 3693 5810; x_wconf 81' lang='lat' dir='ltr'><strong>sed</strong></span> <span class='ocrx_word' id='word_1_615' title='bbox 3721 5751 3801 5809; x_wconf 88' lang='lat' dir='ltr'><strong>de</strong></span> 
     </span>
    </p>
   </div>
  </div>
