4124 6406
261 421 376 478 653

1042 422 1283 478 DUBIA.
1316 449 1385 461 —
1422 422 1801 476 EXCERPTA
1853 422 1950 475 EX
1990 422 2315 477 SCRIPTIS
2352 422 2736 488 THEODOTI,
2776 422 2934 479 BTC.

3592 419 3699 475 654

257 547 545 622 Theodoti
563 547 860 622 sententia
881 545 1155 618 pleraque
1177 546 1353 622 relata
1369 547 1928 622 Avideantur.Quade
1953 565 2012 605 re
2035 547 2592 622 intelligentioribus
2614 550 2908 606 calculum
2944 550 3532 622 permitto.Hervetus
3549 565 3693 622 sane

260 621 358 676 illa
389 637 508 675 non
539 625 632 675 est
663 621 1082 692 interpretatus
1114 637 1128 675 :
1161 620 1248 676 vel
1281 620 1420 692 quia
1449 621 1672 692 passim
1705 621 1978 692 mutilata
2021 626 2078 674 et
2109 622 2444 692 depravata,
2477 620 2560 676 vel

2639 622 2733 677 uia
2766 639 2879 677 non
2913 621 3334 694 usquequaque
3364 621 3688 678 orthodoxa

259 703 421 760 sunt,
458 698 523 746 ut
541 708 670 764 quae
684 691 964 764 Basilidis
983 697 1290 764 quoquest
1311 691 1600 746 Valentini
1624 692 1929 762 opiniones
1949 691 2272 764 identidem
2306 691 2580 764 allegent.
2606 691 2883 750 SYLBURG.
2914 725 2983 734 —-
3003 691 3686 751 HicVValentinianorum

195 785 198 789 λ
259 769 416 838 totas
448 763 843 838 expositiones
888 763 1256 838 aliorumque
1284 764 1714 838 hereticorum
1747 764 1979 838 videtur
2006 763 2287 838 Clemens
2309 763 2518 838 sedulo
2537 765 2818 838 adnotare
2840 770 3020 838 atque
3039 781 3348 838 exponere,
3386 770 3450 820 ut
3481 781 3685 820 eorum

260 835 452 908 magis
478 835 748 909 videlicet
765 835 1177 909 commentatio
1209 836 1478 909 videatur
1508 852 1687 909 quam
1719 835 1979 909 ejusdem
2013 835 2326 909 Clementis
2347 853 2423 909 ac
2474 836 2576 909 viri
2609 853 2739 891 vere
2769 835 3138 909 eclesiastici'.
3204 838 3348 896 Nam
3381 847 3688 909 propterea

261 904 732 982 illi—inscriptum
765 923 913 982 opus
941 912 1043 961 aut
1071 906 1249 962 etiam
1286 904 1603 982 breviatori
1642 908 1938 982 Theodoto

2055 907 2102 959 τὰ
2130 905 2257 982 τοὺς
2296 904 2659 982 Οὐαλεντίνου
2689 905 2948 982 χρόνους,
2985 909 3095 982 nisi
3129 910 3323 982 potius
3368 904 3683 982 legendum

261 978 485 1048 αἴῶνας,
541 975 644 1034 εἰη
676 975 1067 1049 ιιὶεΓαὶῐοιίιιη
1125 995 1224 1048 pro
1275 978 1457 1034 altero
1507 983 1565 1032 et
1611 979 1780 1049 quasi
1827 975 2120 1049 συνώνυμα
2151 979 2258 1049 vel
2309 981 2578 1034 Clemens
2625 975 2743 1034 vel"
2773 981 2948 1034 etiam
3003 975 3342 1036 Theodotus
3391 975 3596 1048 voluit,
3622 980 3681 1034 in

265 1058 380 1122 Deo
411 1047 723 1122 etiangelis
757 1051 952 1122 magis
1004 1047 1230 1122 αἰῶνας,
1293 1050 1353 1104 in
1403 1047 1768 1105 θοῶς-κατὰ
1823 1049 1910 1122 τὸν

2060 1047 2210 1120 ητόν,
2272 1055 2330 1105 et
2390 1049 2624 1106 mortali
2684 1050 2794 1107 hoc
2843 1056 3102 1122 tempore
3145 1067 3212 1107 ac
3261 1068 3459 1108 rerum
3515 1047 3677 1106 statu

256 1121 515 1251 ἕρόνους.

279 1203 463 1251 entlni
496 1209 515 1249 ε

601 1127 622 1176 ι
651 1124 730 1176 sit
758 1121 1044 1205 capesitio
1076 1121 1680 1205 locorumfcripturm
1706 1126 1809 1176 aut
1838 1121 2018 1205 etiam
2050 1122 2392 1178 Christianas
2425 1122 2725 1205 religionis
2760 1121 3173 1205 mysteriorum
3197 1125 3271 1205 ad_
3302 1128 3555 1205 mentem
3580 1123 3683 1178 Va-

279 1193 463 1251 satini
496 1194 746 1266 ejusque
775 1193 1024 1266 Eonum
1055 1199 1112 1248 et
1142 1194 1310 1264 quasi
1343 1193 1690 1266 theogonia,
1724 1211 1839 1249 non
1891 1198 2094 1266 contra
2115 1210 2250 1249 eum
2287 1210 2299 1246 :
2336 1195 2491 1264 quod
2525 1193 2708 1249 miror
2738 1193 2888 1266 opus
2921 1212 2953 1250 a
2987 1195 3109 1250 viro
3158 1195 3554 1266 ecclesiastico
3612 1210 3680 1250 eo

256 1284 432 1348 sensu
468 1264 1079 1348 proficisci‘potuisse,
1112 1266 1199 1320 vel
1229 1272 1395 1348 certe
1434 1264 2223 1348 Eusebium.dissimulasse...
2251 1266 2414 1348 Quod
2449 1267 2500 1320 si
2524 1268 2648 1348 ipse
2681 1264 2897 1348 haecut
2938 1273 3318 1348 portentosa,
3341 1273 3399 1322 et
3421 1265 3618 1348 aliena
3649 1282 3686 1322 α

255 1336 910 1409 ιιθειιιειίθοοιθεὶαεῑὶοα,
943 1337 1073 1408 ipsa
1093 1352 1160 1392 ea
1180 1337 1514 1392 narratione
1537 1337 1682 1392 satis
1699 1337 1831 1392 elidi
1863 1336 2252 1401 existamavit,
2281 1338 2363 1391 uti
2389 1338 2505 1392 fere
2530 1337 2899 1409 Epiphanius
2936 1336 3172 1394 laudato
3198 1340 3458 1409 Ancorati
3485 1352 3682 1408 opere,

255 1356 315 1394 re
361 1356 460 1395 uia
488 1356 910 1403 ecclesiastica,
943 1356 1073 1408 ipsa
1093 1356 1160 1392 ea
1180 1356 1514 1392 narratione
1537 1356 1682 1392 satis
1699 1356 1831 1392 eum
1863 1356 2252 1401 exnsramavu,
2281 1356 2363 1391 uu
2389 1356 2505 1392 iere
2531 1356 2899 1409 mpipnamus
2936 1356 3172 1394 laudato
3198 1356 3457 1394 ancorau
3485 1356 3682 1408 opere,

255 1356 461 1467 deiuit
491 1413 650 1481 certe
681 1425 921 1481 sensum
947 1415 1522 1481 mentemquesuam
1557 1409 1898 1464 distinctius
1956 1425 2246 1479 promere,
2277 1414 2334 1481 et
2384 1409 2710 1479 pretiosum
2745 1427 2779 1464 a
2803 1409 2902 1464 vili
2937 1425 3232 1481 separare.
3288 1408 3411 1465 Etsi
3439 1425 3558 1465 non
3593 1424 3682 1481 oa-

249 1487 382 1540 rent
414 1479 579 1538 omni
605 1482 771 1536 venia
798 1480 1003 1551 priscae
1021 1481 1164 1536 adeo
1196 1480 1381 1534 astatis
1413 1481 1706 1547 homines,
1735 1487 1798 1552 et
1824 1481 1923 1551 qui
1955 1480 2129 1551 primi
2161 1480 2599 1551 Scripturarum
2635 1497 2844 1552 agrum
2890 1482 2974 1537 sic
3006 1479 3432 1552 haereticorum
3491 1480 3682 1536 sensi—

249 1556 363 1611 bus
397 1555 733 1624 horrentem
766 1551 1148 1608 excolendum
1183 1552 1678 1623 susceperant,sic
1711 1551 1946 1606 illorum
1969 1569 2083 1607 non
2121 1552 2308 1606 multa
2328 1551 2750 1622 exstirparunt,
2779 1569 3004 1624 suaque
3036 1553 3184 1624 ipsis
3211 1551 3447 1608 illorum
3481 1553 3539 1606 in
3570 1552 3685 1607 isto

252 1644 371 1706 una
397 1623 573 1706 quasi
607 1640 751 1696 pene
777 1624 1034 1706 conflata
1065 1640 1131 1678 ac
1161 1625 1406 1706 confusa
1435 1624 1723 1706 viderunt.
1775 1625 2169 1706 Quanquam"
2191 1624 2554 1706 probabilius
2586 1628 2677 1678 est
2714 1626 2920 1706 majori
2951 1623 3079 1679 luce
3126 1624 3488 1706 Clementem
3513 1639 3682 1680 suam

251 1693 730 1755 lucubrationem
760 1696 1102 1766 digessisse,
1131 1700 1189 1750 et
1223 1695 1364 1766 quid
1383 1695 1845 1751 ecclesiasticum
1878 1693 2094 1766 quidve
2125 1693 2606 1750 Valentinianum
2637 1702 2694 1750 et
2715 1693 3080 1761 heareticum,
3105 1695 3298 1766 magis
3321 1695 3682 1766 insinuasse,

250 1788 379 1843 qua
413 1769 706 1843 brevia‘tor
732 1767 962 1843 sicynon
986 1768 1398 1843 observaverit.
1423 1767 1560 1830 Quis
1592 1768 1704 1843 i_s_te_
1731 1767 2085 1843 Theodotus,
2120 1766 2297 1843 nimis
2346 1767 2672 1843 incer_t_um,_
2692 1783 2826 1822 cum
2860 1767 2954 1821 hic
2985 1767 3160 1822 etiam

3272 1767 3560 1822 heodotus
3593 1765 3680 1821 ci-

252 1837 430 1913 tetur,
462 1838 1087 1913 quiiueritAClemente
1108 1839 1404 1913 antiquior
1434 1845 1584 1913 etnex
1602 1838 1897 1913 Valentini
1923 1845 2100 1913 secta.
2131 1837 2336 1913 Nescio
2365 1855 2455 1913 _an
2479 1837 2815 1913 Theodotus
2838 1845 3205 1913 Ancyramus
3235 1837 3434 1910 Cyrilli
3457 1837 3683 1913 collega

262 1909 544 1970 adversus
572 1910 928 1978 Nestorium,
957 1910 1102 1965 satis
1135 1911 1416 1981 probatus
1451 1909 1774 1980 Nicephoro
1816 1909 2160 1982 patriarchae
2194 1911 2252 1962 in
2285 1909 2430 1982 suis,
2455 1909 2862 1982 Antirrheticis,
2886 1909 2947 1964 in
2982 1909 3113 1982 istis
3144 1909 3379 1979 operam
3414 1909 3684 1982 posuisse

261 1985 376 2041 dici
435 1983 658 2058 possit,_
676 1989 853 2054 atque
885 1982 1019 2058 hinc
1051 1980 1245 2058 naevos
1266 1983 1660 2058 contraxisse,
1681 1989 1745 2036 ut
1768 1980 1883 2058 non
1904 1980 2049 2058 satis
2073 1997 2256 2036 sanus
2280 1981 2337 2034 in
2357 1980 2747 2058 iidepeitatjs
2771 1982 2936 2058 visus
2960 1981 3059 2049 sit,
3087 1987 3154 2036 ut
3174 1997 3365 2058 neque
3389 1981 3679 2058 Eusetiius

265 2075 396 2114 cum
430 2051 532 2112 suo
563 2051 812 2127 Origene
831 2054 924 2127 qui
957 2053 1105 2108 ideis
1134 2061 1235 2108 aut
1263 2055 1501 2127 incertis
1532 2054 1888 2127 conjecturis
1918 2052 2184 2127 animum
2210 2052 2397 2124 pascit
2421 2052 2910 2127 sibiquedivinat,
2937 2069 3052 2127 non
3078 2059 3231 2127 certe
3253 2051 3477 2127 aliquid
3512 2051 3682 2108 affert

262 2131 324 2184 in
356 2145 470 2200 quo
499 2124 1102 2200 lector—conquiescat.
1137 2126 1516 2200 Haccautela
1547 2143 1697 2198 opus
1730 2126 1837 2180 hoc
1859 2124 2274 2200 explicandum
2294 2124 2550 2200 suscepi,
2569 2124 2858 2200 quidquid
2883 2125 2941 2178 in
2967 2124 3110 2179 illud
3139 2141 3173 2180 a
3200 2140 3292 2200 me
3322 2125 3682 2200 conferatur,

263 2206 325 2256 et
351 2195 417 2255 ut
443 2200 526 2254 ita
550 2200 604 2252 in
623 2215 689 2254 eo
711 2195 910 2269 aliqua
942 2196 1320 2269 antiquitatis
1347 2195 1902 2269 lumina'venemur,
1926 2199 2000 2269 ut
2031 2195 2496 2269 incontaminata
2529 2195 2698 2269 nobis
2728 2195 2974 2269 ﬁfdesnac
2996 2195 3594 2269 _vere_ecclesiastica,_
3617 2212 3686 2251 ex

264 2272 666 2327 haereticorum
701 2266 828 2324 illis
850 2267 1062 2323 fabulis
1087 2266 1261 2340 atque
1300 2268 1599 2340 ﬁgmentis
1619 2267 1766 2324 nihil
1791 2266 2130 2340 detrimenti
2153 2266 2561 2340 sentiant,_sed
2588 2267 2664 2340 ad
2694 2267 2972 2340 ridendas
2991 2266 3306 2340 hominum
3325 2284 3459 2324 vere
3481 2266 3690 2340 stulto-

261 2360 396 2399 rum
431 2343 487 2398 in
520 2343 808 2413 sapientia
840 2356 949 2396 sua
979 2337 1200 2395 naeniae
1232 2337 1541 2413 nugaeque
1577 2340 1766 2413 magis
1787 2339 2178 2413 convalescat.
2217 2337 2464 2413 Videpdi
2501 2338 2704 2413 Epiph.
2743 2339 2946 2413 haeresi
2979 2339 3069 2413 3i,
3106 2338 3360 2413 lrenieus
3414 2343 3540 2413 totg
3571 2338 3686 2394 late

258 2432 431 2488 opere
461 2405 728 2492 Adversus
757 2415 1019 2492 harena,
1046 2405 1462 2492 :I‘ertulliavnns'
1480 2417 1538 2492 et
1566 2405 1706 2492 alii."
1720 2412 1882 2492 Quod
1902 2412 1938 2465 Ἀ

2055 2407 2270 2492 ξολικήν
2296 2405 2651 2492 διδασκαλίαν
2678 2410 2888 2492 titulus
2912 2411 3132 2492 profert
3152 2410 3369 2492 indicio
3393 2415 3481 2492 e_s_t
3503 2411 3686 2466 Euro-

255 2481 446 2558 pssum
483 2487 676 2558 potius
709 2485 1009 2558 hominem
1041 2483 1224 2558 fuisse
1254 2485 1352 2558 qui
1384 2485 1467 2538 ita
1497 2484 1820 2558 inscripsit,
1855 2499 1959 2558 seu
1992 2483 2112 2537 sedi
2145 2481 2665 2558 ejususubjectum,
2695 2481 2796 2558 qui
2829 2481 3075 2536 Asianos
3115 2481 3204 2558 vel
3231 2482 3403 2558 Syros
3418 2481 3553 2537 hinc
3575 2498 3684 2558 no-

251 2551 378 2614 tare
407 2551 679 2613 voluerit.
714 2557 809 2628 Sic
840 2556 924 2610 illi
951 2551 1285 2628 avarolixot‘
1325 2571 1395 2628 ex
1425 2556 1642 2628 quibus
1669 2551 2217 2628 Valentinianorum
2251 2551 2360 2607 illas
2395 2553 2559 2628 fasces
2580 2569 2658 2628 ac
2691 2552 3061 2628 reliquorum;
3086 2551 3292 2628 primae
3350 2553 3470 2628 fere
3494 2553 3683 2628 astatis

251 2631 691 2687 hereticorum.
717 2627 966 2684 COMBEF.
996 2627 1359 2683 —Theodoti
1397 2624 1667 2684 meminit
1687 2628 1962 2698 Ignatius
1992 2627 2138 2698 Epist
2161 2624 2459 2698 inter-pol.
2483 2624 2556 2698 ad
2579 2625 2903 2698 Ti'ailianos,
2929 2641 2978 2679 c.
3005 2624 3219 2698 11,7ubi
3242 2626 3397 2681 conf.
3421 2642 3550 2698 qua
3577 2625 3679 2681 ad-

255 2702 482 2760 notavit
509 2700 854 2758 Cotelerius.
880 2699 1044 2754 Conf.
1078 2699 1256 2755 etiam
1303 2716 1433 2771 quae
1482 2695 1757 2770 superius
1785 2715 1816 2754 e
1861 2696 2094 2754 Valesio
2123 2695 2298 2752 allata
2319 2700 2461 2752 sunt
2492 2697 2563 2751 ad
2593 2695 2794 2752 Strom.
2831 2713 2870 2766 ι,
2904 2712 3031 2768 cap.
3053 2697 3143 2752 21.

340 2899 420 2955 Α’.
459 2895 631 2973 Πάτερ
689 2894 846 2973 φησὶ,
901 2893 1267 2971 παρατίθεμαί
1326 2897 1434 2949 σοι’
1470 2893 1545 2956 εἷς
1609 2898 1800 2969 χεῖρας
1854 2893 1919 2948 τὸ

2104 2892 2258 2948 348
2292 2892 2332 2947 Ι.
2354 2895 2538 2960 Pater,
2564 2897 2628 2962 >X<
2644 2891 2747 2962 ait,
2759 2891 2824 2947 in
2842 2908 3041 2948 manus
3061 2900 3182 2948 tuas
3199 2894 3466 2964 spiritum
3504 2908 3690 2949 meum

267 2985 484 3059 πνεῦμά
529 3007 635 3058 μου
664 2985 802 3059 (54).
834 2985 903 3042 ’Ὀ
934 2978 1230 3060 προέϐαλε,
1263 2982 1417 3062 φησὶ,
1453 2981 1668 3058 σαρκίον
1701 2986 1778 3054 τῷ
1811 2982 1923 3038 Λό-

270 3097 356 3152 γῳ
387 3077 423 3145 ἡ
460 3075 661 3149 Σοφία,
690 3074 754 3129 τὸ
780 3072 1145 3146 πνευματικὸν
1197 3068 1432 3147 σπέρμα,
1464 3075 1624 3127 τοῦτο
1677 3069 1927 3126 πολισάι

273 3185 436 3239 μενος
486 3162 754 3234 κατῆλθεν
803 3163 830 3218 ὁ
881 3163 1106 3237 Σωτήρ.
1159 3162 1321 3219 ’Ὁθεν
1375 3159 1430 3215 ἐν
1478 3165 1556 3234 τῷ
1609 3159 1766 3224 πάθει
1825 3161 1924 3229 τήν

272 3253 478 3331 Σοφίαν
527 3251 878 3328 παρατίθεται
925 3254 1006 3323 τῷ
1061 3251 1266 3324 Πατρὶ,
1310 3247 1403 3304 ’ίνα
1451 3249 1618 3318 αὐτὴν
1667 3242 1924 3322 ἀπολάϐῃ

270 3343 421 3420 παρᾶ
447 3347 545 3398 τοῦ
578 3342 808 3415 Πατρὸς,
839 3340 929 3396 καὶ
966 3341 1040 3414 μὴ
1081 3341 1392 3415 κατασχεθῇ
1429 3338 1652 3395 ἐνταῦθα
1687 3339 1790 3393 ὑπὸ
1818 3342 1925 3392 τῶν

270 3432 567 3506 στερίσκειν
617 3428 954 3504 δυναμένων.
997 3428 1156 3486 Οὕτω
1187 3435 1293 3484 πᾶν
1319 3428 1678 3502 πνευματικὸν
1714 3425 1931 3502 σπέρμα

271 3521 401 3584 τοὺς
431 3519 720 3582 ἐκλεκτοὺς
753 3518 842 3574 διὰ
868 3525 968 3590 τῆς
995 3518 1399 3595 προειρημένης
1432 3524 1618 3596 φωνῆς
1649 3515 1932 3591 παρατίθε-

268 3634 392 3668 ται.
465 3612 544 3668 Τὸ
615 3608 868 3665 ἐκλεκτὸν
944 3607 1159 3682 σπέρμα
1234 3609 1406 3684 φαμὲν
1485 3606 1576 3662 καὶ
1655 3611 1930 3680 σπινθῆρα

275 3698 722 3772 ζωοποιοῦμενον
787 3696 892 3752 ὑπὸ
941 3700 1040 3752 τοῦ
1096 3695 1304 3772 Λόγου,
1359 3695 1449 3750 καὶ
1491 3695 1661 3765 κόρην
1721 3694 1928 3772 ὀφθαλ-

279 3792 415 3864 μοῦ,
464 3789 550 3844 καὶ
601 3788 798 3842 κόκκον
851 3787 1140 3857 σινάπεως,
1189 3784 1279 3839 καὶ
1341 3783 1541 3858 ζύμην,
1590 3784 1656 3839 τὰ
1704 3781 1928 3855 δόξαντα

270 3875 703 3954 καταδιῃρῆσθαι
734 3874 864 3952 γένη
900 3873 1222 3931 ἑνοποιοῢσα
1272 3876 1367 3948 [ισ.
1427 3872 1797 3947 ἐνοποιοῦντα]
1854 3871 1930 3936 εἷς

274 3969 484 4024 πίστιν.

353 4059 430 4116 B'.
465 4057 533 4115 Οἱ
564 4053 610 4112 δ’
654 4055 759 4111 ἀπὸ
809 4053 1194 4123 Οὐαλεντίνου,
1254 4053 1609 4122 πλασθέντος,
1653 4052 1804 4132 φασὶ,
1834 4055 1932 4107 τοῦ

275 4150 522 4223 ψυχικοίξ
580 4146 854 4219 σώματος,
910 4147 980 4218 τῇ
1030 4141 1259 4218 ἐκλεκτῇ
1309 4146 1465 4218 ψυχῇ
1499 4142 1631 4218 οὕσῃ
1679 4142 1731 4198 ἐν
1778 4141 1933 4215 ὕπνῳ

2039 2980 2245 3052 depono
2265 2983 2360 3049 (a).
2374 2981 2537 3046 Quod
2564 2981 2798 3036 carnale
2813 2980 3002 3036 Verbo
3018 2981 3290 3053 produxit
3303 2980 3688 3054 Sapientia,in

2039 3071 2186 3142 quit,
2220 3087 2431 3142 nempe
2447 3085 2644 3126 semen
2667 3068 2951 3142 spiritale,
2973 3069 3081 3125 hoc
3120 3070 3364 3126 vestitus
3387 3069 3691 3126 descendit

2037 3158 2320 3214 Salvator.
2388 3158 2534 3213 Hinc
2585 3162 2674 3214 est
2706 3159 2860 3230 quod
2922 3157 2978 3212 in
3014 3158 3285 3230 passione
3329 3159 3688 3231 Sapientiam

2037 3247 2191 3304 Patri
2222 3249 2614 3312 commendat,
2649 3251 2713 3302 ut
2741 3249 3009 3303 eamdem
3041 3248 3260 3303 aPatre
3291 3247 3551 3320 recipiat,
3586 3265 3692 3304 ne-

2039 3354 2150 3409 que
2181 3337 2278 3393 hic
2308 3337 2368 3392 in
2400 3338 2574 3393 terris
2604 3338 2876 3392 detentus
2907 3337 2986 3392 sit
3016 3338 3087 3393 ab
3119 3335 3213 3408 iis,
3246 3337 3347 3409 qui
3389 3337 3693 3410 deprivare

2039 3433 2304 3498 possunt.
2339 3427 2432 3481 Sic
2461 3442 2636 3482 omne
2667 3441 2866 3481 semen
2900 3425 3185 3498 spiritale,
3205 3425 3419 3483 electos
3457 3444 3691 3500 nempe,

2036 3533 2174 3573 voce
2207 3516 2484 3588 praedicta
2510 3515 2573 3578 ἦ(
2594 3517 3002 3571 commendat:
3032 3517 3276 3572 Electum
3291 3517 3566 3586 semen(b)
3598 3535 3694 3574 vo-

2040 3624 2242 3662 camus
2273 3607 2581 3662 scintillam
2623 3621 2656 3660 a
2687 3605 2872 3661 Verbo
2903 3605 3298 3677 viviﬁcandam
3328 3607 3420 3678 (ε),
3451 3611 3508 3662 et
3545 3608 3701 3664 oculi

2035 3697 2312 3769 pupillam
2340 3695 2736 3767 (d),etsinapis
2755 3710 2988 3764 granum
3014 3701 3072 3751 et
3099 3697 3434 3766 [amentum
3455 3699 3693 3767 (e),quaa

2040 3785 2482 3858 etsiappareant
2501 3800 2759 3857 generaa
2783 3800 2846 3841 se
2868 3784 3078 3855 divisa,
3094 3785 3164 3840 ad
3188 3785 3457 3843 eamdem
3488 3789 3689 3843 tamen

2041 3875 2215 3931 ﬁdem
2257 3873 2614 3946 conspirant.

2114 4055 2183 4112 ΙΙ.
2224 4052 2513 4110 Valentini
2572 4057 2769 4108 autem
2823 4069 3106 4125 sequaces
3163 4053 3388 4122 dicunt,
3453 4070 3701 4127 corpore

2044 4141 2283 4200 animali
2317 4143 2588 4208 formato,
2623 4141 2832 4196 animae
2864 4141 3060 4199 electis
3091 4142 3150 4197 in
3201 4159 3409 4198 somno
3439 4142 3699 4199 insatum

275 4237 556 4307 ἐντεθῆναι
605 4235 710 4290 ὑπὸ
766 4237 864 4289 τοῦ
922 4233 1100 4310 Λόγου
1159 4233 1374 4307 σπὲρμα
1426 4232 1738 4308 ἀρρενικὸν,
1799 4231 1930 4306 ὅπερ

2055 4259 2174 4299 esse
2205 4259 2238 4297 a
2266 4241 2454 4296 Verbo
2476 4256 2678 4295 semen
2711 4239 2898 4306 virile,
2953 4242 3108 4310 quod
3141 4239 3394 4312 angelici
3450 4243 3542 4295 est
3597 4239 3702 4295 de-

276 4327 421 4383 ἒστὶν
454 4323 722 4402 ἆπόρῥοια
744 4328 841 4380 τοῦ
871 4321 1188 4398 ἀγγελικοῦ,
1242 4321 1335 4377 ’ίνα
1397 4323 1471 4396 μὴ
1537 4322 1816 4396 ὑστέρημα

274 4416 378 4472 Καὶ
419 4419 581 4471 τοῦτο
626 4413 874 4487 ἐζύμωσε
925 4413 991 4467 τὰ
1025 4409 1252 4482 δόξαντα
1305 4408 1751 4485 καταδιῃρῆσθαι,
1813 4411 1930 4466 ἐνο-

273 4508 472 4562 ποιοῦν
511 4505 611 4573 τήν
661 4503 846 4578 ψυχὴν
895 4500 986 4556 καὶ
1043 4501 1142 4570 τήν
1204 4499 1396 4576 σάρκα,
1455 4497 1488 4554 ἃ
1543 4499 1634 4554 καὶ
1678 4499 1731 4555 ἐν
1782 4521 1933 4575 μερι-

279 4599 407 4669 σμῷ
441 4594 546 4650 ὑπὸ
573 4599 675 4663 τῆς
706 4594 912 4668 Σοφίας
943 4588 1288 4665 προηνέχθη.
1319 4591 1518 4651 Ὕπνος
1553 4587 1610 4643 δὲ
1650 4590 1716 4658 ἦν
1764 4587 1939 4663 Ἀδὰμ

280 4687 319 4754 ἠ
354 4682 501 4754 λήθη
551 4688 653 4752 τῆς
697 4684 908 4757 ψυχῆς,
956 4681 1019 4749 ἣν
1073 4683 1312 4753 συνεῖχε,
1352 4679 1426 4752 μὴ
1462 4675 1804 4749 διαλυθῆναι,
1839 4677 1942 4733 ὥσ-

281 4793 385 4847 περ
416 4772 479 4828 τὸ
509 4769 876 4845 πνευματικὸν
925 4767 1057 4842 ὅπερ
1089 4767 1309 4839 ἐνέθηκε
1338 4767 1407 4842 τῇ
1437 4770 1592 4842 ψυχῇ
1643 4769 1670 4823 ὁ
1721 4770 1938 4844 Σωτήρ.

285 4863 364 4921 Τὸ
396 4859 638 4938 σπέρμα,
669 4858 938 4936 ἀπόρροια
967 4861 1032 4928 ἦν
1062 4862 1159 4913 τοῦ
1209 4855 1428 4934 ἅῤῥενος
1483 4857 1573 4912 καὶ
1624 4857 1939 4933 ἁγγελικοῦο

287 4949 382 5008 διὰ
406 4956 572 5008 τοῦτο
604 4948 750 5027 λέγει
781 4951 810 5005 ὁ
862 4949 1081 5023 Σωτήρο
1117 4947 1306 5018 Σώζου
1337 4946 1400 5002 σὺ
1431 4948 1522 5002 καὶ
1552 4949 1586 5016 ἡ
1619 4949 1772 5023 ψυχή
1820 4969 1942 5008 σου.

362 5043 431 5098 I".
496 5039 707 5104 Ἐλθὼν
768 5036 859 5095 οὗν
920 5039 949 5094 ὁ
996 5039 1217 5112 Σωτὴρ,
1271 5040 1378 5118 τὴν
1426 5039 1611 5113 ψυχὴν
1646 5037 1944 5109 ἐξύπνισεν,

288 5130 456 5204 ἐξῆψε
511 5126 570 5184 δὲ
637 5131 730 5184 τὸν
791 5130 1104 5204 σπινθῆρα.
1166 5123 1404 5198 Δύναμις
1452 5127 1555 5201 γὰρ
1589 5170 1603 5196 ,
1664 5126 1716 5180 οἱ
1789 5124 1947 5202 λόγοι

362 5236 427 5301 ’κ
455 5242 518 5293 Ρ.
550 5237 789 5293 951-956
818 5236 930 5292 ΕΙ).
966 5235 1266 5291 POTTER.
1303 5235 1379 5303 (a)
1414 5234 1526 5291 Luc
1582 5251 1748 5300 χχιιι,
1781 5237 1868 5291 46.

2047 4331 2245 4394 ﬂuxio,
2279 4345 2351 4384 ne
2383 4333 2540 4383 esset
2565 4327 2848 4382 defectus.
2882 4331 2948 4381 Et
2980 4327 3088 4383 hoc
3118 4344 3246 4398 quas
3277 4328 3462 4383 divisa
3519 4345 3704 4400 appa-

2049 4423 2295 4477 ruerunt
2352 4416 2737 4482 fermentavit,
2773 4416 2832 4470 in
2865 4433 3048 4472 unum
3100 4417 3357 4472 animam
3389 4422 3446 4473 et
3492 4434 3704 4489 corpus

2046 4509 2339 4580 redigens,
2422 4522 2548 4576 quae
2611 4505 2928 4575 separatim
2974 4523 3007 4560 a
3061 4506 3360 4578 Sapienlia
3417 4508 3705 4579 producta

2050 4597 2321 4652 fuissent.
2381 4595 2637 4650 Somnus
2663 4611 2795 4649 vero
2839 4595 2972 4651 Adae
3031 4595 3141 4650 fuit
3199 4597 3409 4652 animae
3467 4597 3704 4667 oblivio,

2050 4703 2178 4758 quis
2208 4683 2292 4739 illi
2325 4683 2592 4754 contigit,
2625 4699 2696 4737 ne
2736 4681 3173 4753 dissolveretur,
3221 4684 3394 4741 sicuti
3445 4687 3710 4759 spiritale

2051 4774 2196 4830 illud
2230 4774 2384 4844 quod
2419 4772 2628 4826 animas
2653 4773 2868 4828 indidit
2897 4773 3181 4830 Salvator.
3215 4775 3429 4832 Semen
3461 4777 3713 4834 deﬂuxio

2052 4865 2163 4920 fuit
2194 4861 2440 4918 masculi
2471 4865 2528 4917 et
2560 4861 2832 4932 angelici,
2866 4868 3178 4935 propterea
3208 4865 3352 4921 dicit
3408 4865 3670 4923 Salvator
3698 4884 3712 4922 :

2055 4954 2294 5010 Servare
2335 4959 2392 5008 tu
2425 4959 2480 5007 et
2512 4953 2704 5007 anima
2733 4959 2830 5008 tua
2859 4953 2945 5024 (1).

2126 5044 2224 5098 ΙΙΙ.
2258 5041 2530 5096 Servator
2555 5041 2756 5112 itaque
2787 5042 3026 5098 veniens
3069 5044 3327 5099 animam
3377 5045 3718 5115 expergefa-

2055 5132 2156 5198 oit,
2185 5130 2598 5200 scintillaqu
2653 5130 2939 5186 accendit.
2996 5131 3255 5188 Potentia
3276 5133 3428 5188 enim
3456 5136 3584 5188 sunt
3605 5149 3720 5189 ser-

1900 5237 2032 5312 g<P
2106 5238 2212 5292 957
2244 5236 2362 5312 ΕΙ).
2419 5236 2871 5309 POTTER.(b)I
2931 5238 3050 5294 Pet.
3086 5256 3149 5310 ιι,
3207 5239 3262 5294 9.
3292 5249 3365 5312 (ο)
3417 5242 3512 5296 Isa
3577 5257 3717 5312 xm,

287 5310 324 5366 3
389 5304 469 5381 (ἀ)
503 5308 672 5365 Deut.
697 5325 880 5378 χχχιι,
911 5308 1000 5362 10⁹
1057 5309 1124 5378 (e)
1156 5304 1363 5363 Matth.
1397 5322 1521 5372 xm,
1551 5306 1642 5372 31,
1674 5307 1763 5361 33.
1791 5308 1860 5378 (Ι)
1889 5304 1936 5364 G

2057 5327 2172 5378 χιχ,
2206 5309 2292 5363 17.

364 5407 478 5478 (54)
518 5405 594 5460 Τὸ
625 5402 841 5477 πνεῦμά
878 5423 982 5478 μου
1038 5404 1312 5459 Animam
1358 5421 1527 5478 suam
1587 5403 1746 5459 Patri
1799 5421 1961 5461 com-

296 5475 537 5549 mendat
565 5483 623 5534 et
653 5475 850 5535 nos'in
880 5475 1006 5542 illa,
1035 5492 1360 5549 omnesque
1392 5475 1608 5531 electos
1641 5491 1964 5549 semenque

294 5548 644 5621 electorum,
696 5566 824 5621 quas
856 5553 930 5621 et
961 5546 1288 5617 Athanasii,
1323 5546 1962 5621 Petrumquealiorum

290 5620 353 5677 in
399 5618 638 5678 Catena
682 5618 974 5693 expositio
1022 5623 1134 5693 est,
1179 5634 1292 5693 nec
1335 5619 1514 5693 aliter
1544 5618 1964 5693 intelligendus

293 5693 652 5750 Ambrosius
682 5690 816 5750 cuin
860 5693 980 5747 ait:
1032 5690 1277 5763 Spiritus
1323 5691 1479 5746 Patri
1521 5690 1963 5760 commendatur,

294 5773 358 5823 ut
405 5767 652 5824 cmicstia
683 5779 894 5839 quoque
943 5766 1021 5822 ab
1070 5764 1390 5835 iniquitatis
1427 5764 1652 5819 vinculo
1689 5765 1966 5821 solveren-

2073 5414 2193 5474 tur,
2229 5407 2349 5484 i._e.
2384 5405 2615 5473 animus,
2649 5423 2897 5484 quarum
2933 5406 3204 5478 cwlestis,
3227 5413 3363 5484 _etna
3393 5409 3510 5484 Deo
3540 5411 3724 5484 origo.

2073 5479 2501 5550 Haereticorumr
2541 5477 2812 5548 proclivis
2858 5495 3039 5544 error,
3089 5477 3242 5550 quOd
3296 5481 3492 5536 divina
3522 5487 3580 5538 et
3617 5477 3729 5540 hu-

2075 5568 2252 5606 mana
2283 5550 2340 5604 in
2375 5549 2614 5622 Christo
2637 5566 2751 5604 non
2785 5551 2928 5622 satis
2962 5549 3358 5622 distinguunt,
3392 5557 3640 5622 utraque
3661 5555 3722 5612 in

2075 5622 2304 5678 Christo
2334 5638 2488 5698 vera,
2519 5619 2617 5691 qui
2650 5637 2803 5698 unus
2829 5621 2954 5692 ipse
2982 5619 3316 5698 verus'cum
3351 5629 3520 5681 Patre
3544 5619 3724 5698 Deus,

2075 5709 2366 5772 verusque
2397 5693 2572 5747 homo
2595 5691 2937 5772 nobiscum.
2985 5693 3078 5772 S_ic
3110 5696 3334 5766 passim
3381 5691 3731 5772 Chrysosto;

2077 5783 2210 5824 mus
2241 5765 2458 5837 aliique
2481 5763 2713 5837 probati
2734 5768 2960 5822 Patres.
2990 5763 3244 5824 Compar.
