4124 6404
410 422 520 480 655

1637 412 2051 470 οιιωειντιε
2087 410 2285 465 ALEX
2293 408 2597 465 ANDBINI

3724 398 3838 456 656

410 567 600 608 mones
627 550 864 606 Domini.
918 550 1074 603 Hanc
1144 544 1219 599 ob
1275 557 1511 598 causam
1593 540 1811 612 inquit,
1870 539 2065 609 Splen-

2198 536 2279 588 τοῦ
2334 531 2551 608 Κυρίου,
2613 533 2709 587 Διά
2752 535 2915 587 τοῦτο
2968 529 3196 604 εἴρηκε*
3259 530 3544 604 Λαμψάτω
3598 529 3662 582 τὸ
3719 532 3847 605 φῶς

415 642 542 698 deat
573 641 673 695 lux
697 643 877 696 vestra
896 651 1083 693 coram
1112 631 1429 690 hominibus
1467 630 1564 702 (a).
1617 629 1684 685 Et
1715 632 1849 701 post
1878 642 2071 683 resur-

418 731 731 787 rectionem
766 742 933 782 suam
968 721 1250 796 apostolis
1277 717 1949 793 Spiritumimmittendo
1974 715 2073 786 (b),

419 818 715 891 pulverem
750 814 984 887 quidem
1018 814 1192 869 sicuti
1228 809 1429 867 favilla
1456 812 1601 877 eset,
1633 805 1969 864 eventilavit
2009 820 2076 861 ac

420 906 710 981 separavit
742 922 757 973 ;
787 903 1144 959 accendebat
1181 906 1378 957 autem
1404 896 1723 955 scintillam
1743 911 1810 952 ac
1830 895 2079 951 viviﬁca-

419 996 519 1053 vit.

492 1083 584 1141 IV.
612 1082 921 1151 Dominus,
957 1080 1174 1153 quippe
1211 1078 1466 1133 maxima
1495 1075 1830 1131 humilitate
1866 1073 2077 1145 pradi-

418 1179 537 1241 tus,
570 1189 684 1228 non
712 1177 776 1227 ut
806 1169 1102 1242 angelum,
1133 1168 1235 1223 sed
1259 1172 1323 1222 ut
1353 1164 1652 1221 hominem
1675 1179 1738 1219 se
1767 1164 2080 1235 conspicu-

420 1264 563 1319 dum
600 1261 868 1334 praebuit.
901 1260 972 1315 Et
1000 1274 1130 1313 cum
1165 1258 1223 1311 in
1271 1260 1470 1311 monte
1501 1256 1572 1309 ab
1618 1251 1899 1324 apostolis
1957 1252 2080 1307 suis

422 1351 610 1424 gloria
638 1355 695 1405 et
724 1349 1035 1420 majestate
1050 1348 1211 1401 visus
1234 1350 1325 1401 est
1356 1344 1449 1416 (c),
1474 1359 1589 1398 non
1615 1346 1849 1413 prepter
1870 1345 2081 1396 semet-

421 1443 617 1513 ipsum
652 1439 759 1494 boc
788 1438 942 1503 fecit,
969 1437 1051 1491 uti
1077 1435 1361 1491 nimirum
1393 1436 1578 1489 semet
1607 1433 1944 1499 ostentaret,
1978 1430 2076 1485 sed

425 1527 694 1586 Ecclesiae
725 1543 844 1583 suae
876 1526 1084 1598 gratia,
1117 1541 1244 1596 quae
1282 1538 1455 1594 genus
1484 1522 1720 1577 electum
1760 1524 1837 1576 est
1885 1518 1986 1591 (ά),
2018 1521 2084 1573 ut

428 1619 678 1674 disceret
708 1616 1032 1689 profectum
1065 1614 1197 1684 eius
1246 1616 1379 1684 post
1407 1611 1628 1667 exitum
1661 1624 1691 1665 e
1722 1624 1916 1664 carne.
1952 1610 2083 1679 Ipse

428 1706 585 1764 enim
611 1705 672 1760 in
698 1703 960 1760 cmlolux
992 1702 1121 1771 fuit,
1154 1706 1245 1756 est
1268 1702 1442 1755 etiam
1467 1698 1611 1753 illud
1636 1698 1789 1769 quod
1825 1696 1884 1751 in
1908 1711 2082 1751 carne

427 1794 703 1868 apparuit
730 1811 743 1862 ;
766 1797 824 1849 et
854 1791 1008 1865 quod
1043 1791 1141 1845 hic
1189 1790 1383 1845 visum
1416 1788 1525 1844 fuit
1553 1804 1665 1842 non
1699 1785 1800 1840 illo
1832 1784 1988 1857 quod
2022 1786 2081 1838 in

2187 622 2342 695 ὑμῶν
2405 618 2714 698 ἔμπροσθεν
2741 625 2850 676 τῶν
2890 620 3216 697 ἀνθρώπων.
3254 619 3353 674 Καὶ
3388 620 3524 694 μετὰ
3548 618 3650 688 τὴν
3682 617 3847 678 ἁνάσ-

2183 731 2358 779 τασιν,
2394 708 2650 787 ἐμφυσῷν
2702 711 2765 766 τὸ
2814 711 3035 783 Ηνεῦμα
3062 714 3179 772 τοῖς
3226 707 3584 778 ἀποστόλοις,
3610 710 3704 765 τὸν
3742 708 3842 782 μὲν

2184 803 2346 875 χοῦν,
2386 800 2629 875 καθάπερ
2658 800 2882 877 τὲφραν,
2924 799 3159 878 ἀπέφυσε
3198 798 3289 855 καὶ
3320 797 3608 875 ἰχώριζεν·
3644 797 3849 870 ἐξῆπτε

2186 886 2247 943 δὲ
2281 887 2376 944 τὸν
2408 895 2684 965 σπινθῆρα
2710 889 2802 944 καὶ
2829 887 3144 958 ἐζωοποίει.

2259 1067 2331 1123 Δ’.
2390 1067 2452 1124 Ὀ
2510 1065 2708 1143 Κύριος
2773 1065 2862 1121 διὰ
2908 1064 3129 1135 πολλὴν
3174 1066 3677 1146 ταπεινοφροσύνην
3727 1069 3847 1141 (55)

2189 1153 2297 1230 οὐχ
2343 1156 2417 1217 ὡς
2465 1152 2698 1231 ἄγγελος
2748 1152 2930 1233 ὤφθη,
2970 1156 3098 1212 ἀλλ’
3140 1155 3216 1219 ὡς
3266 1156 3572 1232 ἄνθρωπος’
3617 1157 3705 1213 καὶ
3753 1157 3851 1214 ὅτε

2189 1243 2240 1299 ἐν
2273 1242 2401 1317 δόξῃ
2430 1240 2588 1322 ὤφθη
2635 1250 2755 1306 τοῖς
2799 1242 3133 1307 ἀποστόλοις
3181 1244 3270 1300 ἐπὶ
3298 1250 3398 1302 τοῦ
3441 1240 3626 1322 ὅρους,
3676 1246 3741 1303 οὗ
3771 1244 3851 1302 δι’

2187 1333 2376 1389 δαυτὸν
2426 1333 2654 1404 εποίησε
2698 1333 2911 1399 δεικνυς
2952 1335 3181 1406 δαυτὸν,
3241 1334 3389 1392 ἀλλὰ
3437 1333 3528 1391 διὰ
3572 1339 3675 1407 τήν
3718 1338 3851 1393 Ἐκ-

2186 1421 2447 1490 κλησίαν,
2504 1421 2629 1492 ἥτις
2682 1421 2794 1478 ἐστὶ
2839 1424 2903 1480 τὸ
2960 1425 3115 1498 γένος
3170 1424 3233 1480 τὸ
3294 1423 3571 1496 ἐκλεκτὸν,
3613 1424 3705 1482 ’ἕνα
3741 1425 3846 1502 μά-

2189 1513 2257 1586 θῃ
2288 1513 2385 1581 τὴν
2421 1512 2706 1586 προκοπὴν
2733 1511 2902 1568 αὐτοῦ
2934 1514 3069 1586 μετὰ
3094 1516 3195 1583 τὴν
3244 1521 3344 1585 τῆς
3391 1515 3589 1590 σαρκὸς
3633 1511 3847 1588 ἔξοδον.

2191 1599 2363 1663 Αὐτὸς
2393 1601 2498 1676 γὰρ
2528 1602 2619 1656 καὶ
2650 1598 2762 1657 ἄνω
2792 1606 2907 1679 φῶς
2967 1604 3057 1672 ἦν,
3105 1605 3196 1658 καὶ
3244 1598 3356 1659 ἔστι
3401 1604 3465 1659 τὸ
3495 1603 3749 1683 ἐπιφανὲν
3791 1605 3851 1661 ἐν

2189 1690 2368 1765 σαρκὶ,
2413 1693 2503 1744 καὶ
2542 1692 2606 1745 τὸ
2653 1690 2881 1754 ἐνταῦθα
2937 1690 3121 1769 ὀφθὲν,
3157 1690 3267 1767 οὐχ
3308 1691 3528 1769 ὕστερον
3558 1698 3658 1750 τοῦ
3705 1692 3849 1764 ἄνω,

2192 1777 2317 1833 οὐδὲ
2348 1777 2667 1833 διεκέκοπτο
2715 1778 2753 1853 ᾗ
2799 1779 3000 1834 ἄνωθεν
3054 1781 3281 1852 μετέστη
3333 1779 3512 1856 δεῦρο,
3561 1782 3729 1839 τόπον
3786 1782 3853 1839 ἐκ

428 1888 572 1942 ccelo
604 1862 919 1955 posterius,
951 1897 1140 1952 neque
1171 1879 1434 1936 excisum
1458 1877 1571 1932 fuit
1601 1894 1631 1932 e
1652 1875 1794 1931 coelo
1820 1873 2083 1944 quandiu

2198 1866 2360 1922 τόπου
2387 1862 2637 1939 ἀμεῖϐον.
2695 1868 2768 1930 ὡς
2815 1867 2907 1923 τὸν
2957 1869 3056 1942 μὲν
3086 1864 3391 1940 ἐπιλαϐεῖν,
3449 1872 3543 1927 τὸν
3600 1868 3660 1928 δὶ
3707 1873 3852 1929 ἀπο-

2208 1964 2217 1981 |
2240 1961 2399 1981 __-‘_'_.-
2443 1954 2562 1981 l\\’
2618 1957 2685 1981 λ’..
2744 1959 2796 1981 -.Ξ
2858 1956 3019 1981 -Αιη,η
3094 1957 3145 1981 νγ.
3223 1979 3249 1981 ,Α
3294 1959 3308 1977 \
3346 1980 3367 1981 κ
3392 1978 3439 1981 η-
3463 1960 3481 1981 λ
3553 1965 3581 1975 ~
3649 1966 3693 1981 π
3806 1963 3823 1981 \

428 1974 525 2031 hic
550 1954 617 2029 in,
643 1972 815 2029 terris
857 1971 1223 2038 versabatur,
1256 1968 1498 2040 perinde
1531 1964 1703 2037 quasi
1733 1965 1804 2019 de
1836 1963 1963 2020 loco
2021 1962 2083 2016 in

2198 1961 2399 2011 λιπεῖν
2436 1954 2562 2011 ἀλλ’
2618 1957 2688 2025 ἦν
2740 1959 2804 2012 τὸ
2853 1956 3031 2033 πάντῃ
3089 1957 3172 2029 ὅν,
3220 1959 3311 2014 καὶ
3338 1960 3488 2032 παρὰ
3513 1965 3594 2033 τῷ
3649 1963 3849 2037 Πατρὶ.

428 2063 625 2119 locum
657 2062 1008 2126 discederet,
1040 2062 1145 2114 aut
1176 2058 1332 2113 hunc
1364 2058 1697 2126 occuparet,
1728 2050 1897 2107 illdm
1948 2066 2084 2105 vero

431 2152 791 2222 relinqueret
823 2167 835 2215 ;
873 2149 971 2203 sed
1006 2158 1132 2203 erat
1160 2147 1310 2217 quod
1346 2146 1565 2216 ubique
1596 2152 1707 2207 est,
1742 2158 1876 2196 cum
1929 2139 2085 2211 apud

435 2244 663 2295 Patrem
698 2243 820 2294 tum
854 2238 912 2293 in
942 2236 1138 2302 terris,
1169 2238 1373 2307 utpote
1405 2232 1502 2303 qui
1536 2231 1728 2286 Patris
1758 2235 1850 2285 est
1876 2228 2085 2285 virtus.

436 2330 520 2385 Ad
554 2328 684 2395 hoc,
716 2326 897 2397 imple
911 2325 958 2380 ri
988 2324 1157 2379 illum
1189 2320 1516 2379 Servatoris
1546 2334 1881 2375 sermonem
1912 2333 2086 2387 opor-

431 2417 548 2473 tuit
578 2431 752 2487 quem
787 2412 1108 2486 protulerat
1141 2410 1318 2467 :Sunt
1347 2409 1575 2482 quidam
1602 2424 1675 2463 ex
1700 2407 1818 2461 illis
1846 2405 1944 2477 qui
1998 2405 2089 2460 hic

430 2512 642 2571 astant,
677 2506 774 2577 qui
801 2513 1031 2559 mortem
1088 2516 1200 2556 non
1240 2498 1559 2569 gustabunt,
1606 2495 1910 2569 usquedum
1955 2509 2085 2550 con-

2192 2046 2484 2108 κάνταῦθα·
2532 2042 2762 2118 δύναμις
2806 2047 2913 2122 γὰρ
2961 2048 3030 2116 ἦν
3077 2052 3176 2102 τοῦ
3227 2049 3457 2125 Πατρός.
3514 2048 3740 2116 Ἀλλως
3790 2071 3855 2106 τε

2195 2132 2368 2209 ἐχρῆν
2400 2134 2647 2189 κάκεῖνον
2668 2133 3033 2211 πληρωθῆναι
3079 2136 3172 2191 τὸν
3201 2134 3366 2213 λόγον
3410 2141 3508 2193 τοῦ
3556 2144 3851 2216 Σωτῆρος,

2195 2222 2254 2278 ὃν
2304 2221 2469 2277 εἶπενσ
2515 2220 2637 2279 Εἰσί
2686 2244 2829 2286 τινες
2877 2228 2985 2279 τῶν
3043 2222 3152 2281 ὦδε
3208 2223 3542 2298 ἑστηκότων,
3589 2225 3641 2284 οἵ
3668 2228 3730 2283 οὐ
3769 2230 3850 2303 μὴ

2195 2310 2481 2385 γεύσονται
2512 2313 2771 2381 θανάτου,
2801 2309 2906 2375 ἕως
2937 2312 2998 2368 ἂν
3021 2311 3186 2369 ’ἱδωσι
3214 2315 3307 2370 τὸν
3336 2316 3459 2371 Υῖὸν
3489 2320 3589 2373 τοῦ
3634 2316 3858 2392 ἀνθρώ-

2194 2421 2302 2455 που
2329 2398 2381 2454 ἐν
2415 2397 2566 2474 δόξῃ.
2599 2398 2759 2456 Εἶδον
2789 2399 2882 2456 οὖν
2909 2402 3001 2457 καὶ
3031 2401 3408 2478 ἐκοιμήθησαν
3450 2405 3482 2460 6'
3508 2427 3568 2462 τε
3617 2408 3857 2484 Πέτρος,

2194 2489 2285 2543 καὶ
2314 2484 2593 2556 Ἰάκωϐος,
2626 2489 2716 2545 καὶ
2748 2490 3026 2562 Ἰωάννης.

427 2598 666 2670 spiciam
696 2593 881 2649 Pilum
916 2591 1152 2647 hominis
1183 2592 1245 2645 in
1271 2590 1558 2662 majestate
1576 2603 1679 2643 sua
1694 2585 1791 2658 (ε).
1824 2588 2032 2641 Petrus
2057 2582 2548 2653 itaque,Jacobus
2578 2581 2903 2638 etJoannes
2933 2584 3206 2641 viderunt
3225 2585 3282 2641 in
3314 2585 3525 2658 gloria,
3549 2593 3609 2644 et
3636 2590 3859 2646 obdor-

429 2685 614 2740 mieru
624 2686 706 2736 nt.

472 2773 560 2829 ‘V.
593 2768 896 2836 Quomodo
928 2767 1126 2838 itaque
1144 2768 1351 2822 faciem
1383 2764 1615 2821 Domini
1649 2762 1905 2819 lucidam
1937 2778 2081 2817 con-

424 2862 744 2936 spicientes
767 2876 883 2916 non
943 2860 1174 2915 fuerunt
1208 2862 1448 2929 stupore
1476 2854 1730 2928 perculsi
1767 2872 1781 2923 ;
1816 2858 1877 2908 at
1902 2851 2080 2908 simul

426 2970 493 3010 ac
513 2967 709 3008 vocem
732 2951 861 3021 ejus
884 2948 1232 3005 audiverunt
1259 2946 1318 3001 in
1351 2952 1567 3001 terram
1599 2944 1858 3000 cecidere
1878 2942 1905 2998 ?
1934 2942 2083 3006 Quia

430 3042 715 3098 nimirum
741 3055 913 3095 aures
944 3053 1117 3108 quam
1140 3035 1296 3091 oculi
1319 3051 1352 3090 a
1373 3034 1486 3089 ﬁde
1509 3034 1727 3089 absunt
1747 3031 2002 3101 longius,
2024 3035 2083 3087 et

2262 2758 2336 2812 E'.
2372 2760 2496 2821 Πῶς
2538 2757 2655 2825 οὖν,
2695 2758 2796 2826 τὴν
2851 2758 2951 2831 μευ
2980 2755 3104 2840 ὄψιν
3145 2762 3247 2829 τήν
3278 2764 3546 2840 φωτεινὴν
3612 2761 3854 2835 ΐδόντες,

2191 2843 2291 2899 οὐκ
2340 2843 2747 2921 ἐξεπλάγησαν
2817 2849 2916 2916 τὴν
2973 2846 3032 2904 δὲ
3074 2852 3260 2926 φωνὴν
3322 2851 3671 2922 ἀκούσαντες,
3721 2852 3853 2911 ἔπε-

2190 2954 2284 2989 σον
2362 2934 2446 2989 ἐπὶ
2511 2941 2651 3011 γῆν;
2727 2934 2810 2991 ὅτι
2873 2935 2986 2992 ὦτα
3033 2938 3291 3014 τυγχάνει
3349 2942 3460 3014 (56)
3520 2942 3860 3020 ἃπιστότερα

2194 3020 2523 3101 ὀφθαλμῶν,
2569 3024 2661 3079 καὶ
2710 3028 2745 3094 ἡ
2778 3027 2925 3101 παρᾶ
2956 3023 3111 3097 δόξαν
3144 3030 3300 3106 φωνὴ
3342 3029 3557 3102 μᾶλλον
3604 3030 3858 3105 ἐκπλήσ-

426 3131 711 3189 inusitata
739 3144 845 3185 vox
894 3127 1168 3196 maiorem
1201 3129 1483 3180 terrorem
1531 3121 1763 3178 incutit.
1800 3120 2076 3192 Equidem

2198 3133 2293 3171 σει.
2347 3113 2408 3170 Ὁ
2439 3109 2496 3167 δὶ
2548 3113 2808 3198 Ἰωάνκης
2862 3116 2891 3170 6
2945 3116 3404 3191 βαπτιστὴς,’τῆς
3450 3128 3638 3198 φωνῆς
3692 3123 3861 3178 ἀκού-

432 3235 568 3277 cum
589 3233 788 3274 vocem
812 3195 1308 3271 audiretJoannes
1330 3212 1427 3267 ille
1440 3210 1705 3283 Baptista
1721 3210 1812 3282 (f),
1837 3216 1901 3281 »ιε
1923 3208 2077 3263 haud

2198 3222 2314 3271 σας,
2346 3199 2447 3256 οὐκ
2487 3196 2758 3279 ἐφοϐήθη,
2809 3204 2885 3266 ὡς
2932 3203 2994 3258 ἃν
3040 3204 3095 3260 ἐν
3141 3206 3410 3280 πνεύματι
3441 3195 3673 3274 άκούσας
3725 3232 3858 3267 συν-

432 3306 656 3374 timuit,
688 3305 902 3378 quippe
932 3304 991 3359 in
1024 3302 1235 3375 spiritu
1268 3300 1491 3357 audivit
1549 3299 1697 3371 ipse,
1728 3298 1822 3354 cui
1852 3313 1960 3353 vox
1988 3295 2091 3352 illa

439 3398 661 3453 usitata
690 3412 704 3451 :
729 3401 791 3450 at
820 3409 952 3449 vero
979 3408 1096 3465 qua
1126 3392 1303 3448 homo
1349 3395 1583 3446 tantum
1635 3387 1767 3459 quis
1817 3386 2088 3451 audiens,

437 3484 819 3556 obstupescit.
853 3487 1017 3538 Hanc
1047 3480 1121 3536 ob
1169 3494 1409 3535 causam
1443 3477 1586 3533 dicit
1611 3476 1731 3532 illis
1779 3474 2039 3530 Salvator
2073 3490 2086 3529 :

433 3569 1329 3641 Nemim'dixeritisquodvidislis
1369 3568 1464 3636 (9)-
1513 3571 1587 3621 At
1612 3582 1727 3620 non
1758 3562 1946 3621 oculis
1972 3579 2092 3618 car-

434 3664 672 3719 nalibus
698 3661 893 3715 lumen
928 3661 1384 3729 conspexerant:
1419 3655 1513 3711 his
1543 3654 1700 3710 enim
1736 3652 1883 3708 nihil
1912 3653 2090 3709 aliine

432 3751 524 3807 vel
555 3749 858 3823 proprium
880 3764 1011 3805 cum
1027 3747 1134 3802 hoc
1158 3745 1402 3810 lumine,
1437 3743 1549 3798 nisi
1573 3740 2089 3815 proutServatoris

434 3839 709 3895 voluntas
739 3837 899 3892 carni
934 3834 1151 3889 videnti
1184 3834 1458 3888 virtutem
1510 3831 1886 3897 concesserit,
1919 3831 2089 3885 insu-

433 3945 538 4002 per
562 3929 717 4000 quod
750 3931 809 3981 et
837 3924 1036 3981 anima
1064 3924 1228 3985 vidit,
1282 3923 1442 3977 dedit
1471 3920 1657 3986 carni,
1714 3917 2090 3993 participanti

436 4031 668 4088 nempe,
701 4031 768 4071 eo
802 4014 955 4087 quod
979 4017 1138 4068 arcte
1166 4028 1299 4067 cum
1334 4026 1399 4066 ea
1446 4009 1763 4079 conjuncta
1804 4009 1901 4064 sit.
1937 4007 2089 4062 Illud

436 4123 593 4173 vero,
626 4102 850 4161 Nemini
864 4102 1147 4165 dixeritis,
1182 4116 1253 4157 ne
1284 4100 1429 4155 forte
1447 4098 1787 4169 illud,quod
1807 4096 2092 4153 Dominus

440 4201 566 4252 erat
594 4192 1012 4266 intelligentes,
1045 4191 1105 4246 in
1128 4190 1294 4245 illum
1328 4205 1541 4245 manus
1566 4188 1803 4259 injicere
1831 4186 2092 4242 abstine-

440 4290 571 4342 rent
598 4301 677 4351 se,
711 4287 768 4339 et
797 4282 882 4338 sic
929 4280 1289 4352 dispensatio
1346 4282 1503 4334 esset
1566 4276 1932 4349 imperfecta,
1989 4275 2094 4331 ab-

438 4378 711 4445 essetque
743 4389 773 4427 a
799 4369 1043 4426 Domino
1077 4385 1256 4438 mors,
1311 4373 1374 4423 ut
1403 4366 1507 4439 qui
1576 4366 1797 4421 frustra
1847 4368 2095 4420 conatus

438 4468 530 4517 est
559 4461 712 4533 quod
747 4458 1022 4531 perﬁcere
1045 4475 1160 4514 non
1179 4456 1388 4529 potuit.
1424 4455 1723 4522 Praeterea,
1756 4469 1863 4508 vox
1892 4451 1995 4507 illa
2032 4452 2093 4506 in

2198 3292 2319 3361 ήθει
2374 3297 2475 3359 τῆς
2532 3291 2793 3362 τοιαύτης
2850 3297 3057 3370 φωνῆς’
3111 3297 3246 3360 καθὸ
3306 3294 3365 3354 δὲ
3421 3297 3711 3376 ἄνθρωπός
3769 3301 3860 3364 τίς

2198 3378 2331 3448 ἔστι,
2384 3378 2549 3452 μόνον
2581 3381 2819 3445 ἀκούσας
2864 3384 3208 3462 κατεπλάγη·
3252 3384 3339 3442 διὸ
3369 3389 3459 3444 καὶ
3493 3387 3638 3466 λέγει
3668 3390 3864 3456 αὐτοῖς

2197 3467 2225 3522 6
2300 3470 2518 3544 Σωτήρ·
2601 3467 2810 3540 Μηδενὶ
2881 3469 3071 3543 εἷ’πητε
3140 3475 3169 3529 ὃ
3245 3473 3412 3535 ἳδετε.
3478 3479 3668 3536 Καίτοι
3728 3478 3865 3537 οὐδὲ

2196 3563 2476 3633 σαρκικοῖς
2523 3557 2840 3636 ὀφθαλμοῖς
2887 3561 2952 3616 τὸ
2997 3566 3111 3641 φῶς
3160 3564 3513 3641 ὲωράκεισαν·
3566 3565 3719 3624 οὐδὶν
3751 3570 3861 3647 γὰρ

2197 3648 2447 3721 συγγενὶς
2500 3647 2591 3702 καὶ
2659 3647 2860 3704 οῗκεῖον
2909 3650 3096 3725 ἐκείνῳ
3139 3657 3222 3726 τῷ
3274 3654 3414 3731 φωτί
3469 3655 3559 3712 καὶ
3606 3655 3739 3732 τῇδε
3784 3662 3861 3725 τῆ

2198 3734 2373 3810 σαρκί·
2430 3734 2558 3791 ἀλλ’
2589 3736 2663 3799 ὡς
2709 3739 2744 3808 ἡ
2795 3735 3023 3813 δύναμις
3075 3741 3165 3797 καὶ
3213 3744 3248 3811 ἡ
3286 3742 3555 3818 βούλησις
3584 3750 3683 3801 to")
3732 3753 3860 3803 Σω-

2195 3831 2364 3900 τῆρος
2419 3822 2792 3897 ἐνεδυνάμωσε
2848 3828 2947 3896 τήν
3008 3830 3217 3903 σάρκα,
3287 3831 3363 3894 εἷς
3418 3833 3481 3890 τὸ
3540 3835 3861 3900 θεάσασθιιο

2198 3910 2387 3977 ἄλλως
2434 3934 2493 4003 τε
2537 3914 2629 3969 καὶ
2669 3916 2698 3969 '6
2728 3917 2763 3985 ἡ
2813 3917 2967 3992 ψυχὴ
3017 3915 3147 3987 εἶδε,
3197 3918 3470 3991 μετέδωκε
3513 3926 3859 4003 κοινωνούσῃ

2197 4005 2267 4076 τῇ
2323 4001 2503 4079 σαρκῖ,
2533 4003 2956 4081 συμπεπλέχθαι
2988 4005 3149 4081 αὐτῇ.
3182 4009 3253 4064 Τὸ
3303 4007 3381 4077 δὲ,
3437 4009 3649 4083 Μηδενὶ
3700 4001 3877 4089 εἴπης

2198 4111 2278 4159 τε,
2305 4088 2396 4179 ἵνα
2430 4093 2549 4179 ⁸μὴ,
2608 4091 2639 4146 6'
2667 4091 2807 4147 ἐστιν
2841 4095 2869 4149 6
2897 4094 3103 4170 Κύριος
3143 4100 3457 4171 νοήσαντες,
3508 4088 3887 4179 ἀπόσχωνται

2199 4184 2297 4234 τοῦ
2324 4176 2644 4236 ἐπιϐάλλειν
2690 4183 2770 4255 τῷ
2818 4182 3009 4258 Κυρίῳ
3053 4184 3151 4250 τὰς
3179 4192 3396 4263 χεῖρας,
3440 4190 3533 4246 καὶ
3573 4176 3779 4263 ἀτελὴς
3827 4196 3880 4267 ἠ

2202 4268 2496 4342 οἴκονομία
2551 4271 2773 4345 γένηται
2812 4317 2826 4341 ,
2881 4272 2973 4328 καὶ
3026 4275 3055 4329 6
3113 4277 3339 4342 θάνατος
3396 4278 3715 4356 ἀπόσχηται
3764 4288 3884 4340 τοῦ

2202 4358 2423 4437 Κυρίου,
2475 4359 2551 4422 ὡς
2608 4362 2783 4433 μάτην
2835 4361 3105 4437 πειράζων
3154 4365 3242 4420 ἐπὶ
3290 4367 3565 4443 ἀνηνύτῳ.
3618 4371 3727 4428 Καὶ
3783 4370 3881 4431 ἔτι

2202 4451 2238 4519 ἡ
2293 4449 2386 4523 μὲν
2437 4446 2488 4504 ἰν
2523 4452 2606 4521 τῷ
2636 4446 2753 4525 ὄρει
2783 4452 2936 4528 φωνή
2979 4458 3098 4516 τοῖς
3129 4451 3239 4526 ἤδη
3274 4463 3528 4513 συνιεῖσιν
3578 4459 3881 4528 ἓκλεκτοῖς

434 4554 630 4605 monte
661 4550 887 4621 prolata
915 4546 1117 4603 electis
1146 4544 1249 4617 qui
1285 4544 1612 4616 intelligere
1645 4548 1889 4614 possent
1944 4545 2084 4597 facta

2204 4537 2438 4615 ἐγένετο’
2487 4536 2570 4594 διὸ
2618 4540 2710 4593 καὶ
2759 4538 3069 4614 ἐθαύμασαν
3124 4546 3575 4621 μαρτυρουμένου
3604 4552 3701 4605 τοῦ
3730 4571 3878 4608 πισο

434 4644 560 4707 est;
591 4638 835 4709 ideoque
868 4636 1061 4692 mirati
1096 4638 1260 4698 sunt,
1318 4633 1654 4689 testimonio
1693 4630 1781 4685 illi
1824 4630 1965 4698 lato,
1998 4629 2094 4687 cui

433 4730 491 4783 et
527 4726 639 4799 ipsi
672 4725 1043 4781 crediderant
1075 4739 1088 4778 :
1121 4738 1233 4777 vox
1263 4726 1462 4776 autem
1509 4721 1611 4775 illa
1642 4720 1698 4774 in
1746 4718 1921 4774 ﬂuvio
1950 4718 2091 4775 Jor-

432 4815 584 4871 dane
635 4812 860 4886 prolata
888 4816 978 4867 est
1008 4810 1127 4865 illis
1156 4809 1257 4880 qui
1293 4808 1351 4863 in
1385 4824 1519 4864 eum
1574 4807 1853 4863 credituri
1884 4812 2089 4877 erant;

2200 4626 2518 4702 τευομένου·
2551 4629 2587 4698 ἡ
2616 4624 2675 4685 δὶ
2705 4629 2793 4684 ἐπὶ
2822 4634 2903 4702 τῷ
2929 4636 3166 4706 ποταμῷ
3192 4639 3310 4698 τοῖς
3344 4636 3612 4710 μέλλουσι
3644 4642 3881 4697 πιστεύ-

2204 4736 2305 4772 εινο
2336 4714 2420 4773 διὸ
2450 4717 2539 4772 καὶ
2573 4716 2835 4790 ἠμελήθη
2867 4722 2900 4789 ἠ
2930 4722 3085 4790 φωνὴ
3118 4720 3304 4789 αὐτοῖς
3349 4729 3879 4804 προκατεχομένοις

2202 4804 2290 4859 ἐπὶ
2319 4808 2388 4877 τῇ
2417 4807 2525 4859 τῶν
2557 4804 3049 4880 νομοδιδοσκάλων
3082 4810 3297 4888 ἀγωγῇ.

428 4907 789 4977 quapropter
810 4906 868 4956 et
897 4899 970 4955 ab
1003 4898 1227 4954 eisdem
1262 4895 1371 4951 fuit
1401 4896 1667 4969 neglecta
1708 4912 1836 4963 vox,
1861 4894 1964 4966 qui
1993 4893 2471 4951 institutionibus
2500 4892 2973 4968 legisperitorum
3022 4898 3311 4973 implicati
3351 4901 3802 4965 detinebantur.

502 5098 798 5177 ὥρη-958
823 5094 1291 5177 ED:_PO_TTER.
1326 5095 1415 5177 (gl
1459 5092 1666 5177 Many.
1698 5108 1755 5162 ν,
1816 5091 2023 5177 ιαμλ
2063 5091 2084 5177 λ.

2198 5106 2400 5177 sit-xx,
2455 5091 2648 5177 22,“)
2698 5073 2907 5154 Matth.
2967 5117 3112 5170 xvu,
3178 5102 3296 5159 1-8.
3359 5102 3492 5177 (d)l
3549 5107 3673 5162 Pet.
3710 5108 3854 5176 11,9

432 5148 1202 5245 (θ)ἷιίέιιιιὶῖὶιῆζὲ7“;ἰιιοῖ
1234 5148 1435 5236 ιέμξέί.
1462 5148 1467 5149 ί
1492 5164 1561 5237 (n
1593 5148 1763 5220 Joan’.
1795 5180 1839 5231 ι,
1869 5148 1958 5217 332
1999 5148 2080 5235 ’(g)

2198 5162 2318 5219 .tth.
2348 5148 2485 5236 xvn,
2518 5148 2645 5220 9.”
2698 5148 2907 5154 ”““’“““
2968 5148 3112 5170 ’““··¹
3179 5148 3204 5157 ·
3244 5148 3296 5159 ν·
3360 5148 3436 5177 vv
3466 5148 3492 5158 -
3549 5148 3673 5162 εν..
3710 5148 3778 5176 η,
3815 5148 3878 5177 ν,

500 5363 753 5450 (ἵξῦὶοΔιὰ
794 5359 1013 5450 πολλὴν
1056 5381 1184 5448 ταπ.
1232 5363 1360 5450 Alte
1394 5362 1538 5449 satis
1569 5361 1985 5450 et__ortbodoxe
2011 5363 2081 5424 de

424 5436 641 5495 Christi
673 5436 990 5505 mysteriis,
1022 5437 1123 5508 qui
1156 5453 1219 5493 se
1252 5439 1331 5493 ita
1362 5436 1696 5504 exinanivit,
1734 5441 1797 5493 ut
1828 5455 1943 5494 non
1974 5457 2077 5494 an-

422 5507 596 5592 gelus
622 5508 930 5592 sedi-homo
950 5507 1138 5592 fleret,
1162 5524 1290 5591 quae
1324 5516 1587 5592 extrema
1606 5509 1800 5592 vilitas
1832 5509 1892 5565 in
1916 5527 2077 5592 crea-

420 5578 554 5634 tura
582 5578 964 5653 intelligente.
1010 5578 1343 5653 idem—ipse
1377 5582 1477 5653 qui
1508 5582 1568 5638 in
1601 5581 1764 5638 oculis
1795 5587 1852 5639 et
1882 5584 1983 5653 qui
2014 5584 2075 5639 in

2189 5365 2370 5423 tione.
2394 5367 2655 5424 Comen.

2236 5439 2371 5525 A56)
2403 5438 2539 5527 'Qta
2566 5459 2618 5493 τ.
2651 5442 2927 5527 ῌοτοροιί
2974 5443 3199 5527 dictum
3246 5451 3358 5527 est,
3410 5462 3544 5527 pag.
3590 5449 3666 5527 25
3717 5448 3869 5527 ξΩτα

2186 5509 2291 5595 γὸιρ
2338 5509 2983 5597 τυγχάνει“ᾀν.θρώποισι
3033 5514 3193 5597 ἐόντα
3244 5509 3871 5597 άπιστβτὲραβόφθαλ-

2188 5583 2328 5661 μῶν,
2362 5583 2587 5661 quod}
2608 5583 2851 5643 Philone
2871 5603 3110 5661 quoque
3139 5591 3375 5648 duobus
3406 5592 3467 5649 in
3499 5583 3646 5650 locis
3680 5583 3869 5651 usur-

415 5654 592 5735 terra,
625 5667 729 5735 nec
759 5668 807 5735 θ.⁸
822 5670 884 5709 se
914 5653 1163 5735 divisus,
1202 5653 1673 5735 nempeOdeitate
1703 5671 1822 5735 qua
1851 5653 2074 5735 ubique
2183 5653 2395 5727 patur.‘
2414 5653 2488 5710 Η.
2518 5654 2811 5715 Susum.

421 5722 534 5793 est,
556 5739 671 5779 non
690 5721 774 5780 ita
792 5721 1207 5798 humanitatis,
1231 5721 1363 5800 quae
1392 5721 1844 5799 circumscripta
1863 5721 2072 5797 estia-
