4124 6406
295 493 412 550 657

1085 495 1327 550 DUBIA.
1354 521 1425 534 —
1453 496 1840 551 EXCERPTA
1876 495 1982 551 EX
2021 497 2348 552 SCRIPTIS
2383 499 2763 569 THEODOTI,
2805 502 2961 556 ETC.

3623 503 3731 560 658

370 620 429 688 ζ’.
462 619 565 686 Τὸ,
627 617 713 672 Ἐν
765 618 914 691 ἀρχῇ
971 617 1039 686 ἦν
1100 618 1128 671 6
1186 617 1382 694 Λόγος,
1421 619 1512 673 καὶ
1573 621 1601 674 6
1652 618 1830 694 Λόγος
1885 620 1920 689 ἦ

2146 623 2242 678 VI.
2279 623 2428 678 Illud
2461 640 2473 678 :
2524 628 2591 678 In
2618 626 2902 696 principio
2947 633 3069 683 erat
3122 628 3370 693 Verbum,
3395 638 3445 684 et
3498 631 3725 686 Verbum

292 707 432 784 πρὸς
509 707 603 762 τὸν
675 706 829 776 Θεὸν,
887 707 976 761 καὶ
1054 707 1182 769 Θεὸς
1253 708 1319 776 ἦν
1380 710 1408 763 6
1468 709 1670 783 Λόγος,
1731 711 1782 764 οἱ
1851 709 1921 764 ἀπ

2065 718 2188 768 erat
2214 713 2359 784 apud
2394 714 2583 778 Deum,
2617 724 2668 770 et
2699 717 2832 771 Deus
2861 727 2983 771 erat
3033 718 3259 772 Verbum
3289 720 3398 788 (α),
3428 717 3722 774 Valentini

290 793 664 854 Οὐαλεντίνου
713 793 887 856 οὕτως
936 792 1274 870 ἐκδέχονται.
1309 797 1516 872 Ἀρχὴν
1568 798 1660 870 μὲν
1710 798 1810 874 γὰρ
1861 799 1952 853 τὸν

2066 819 2350 873 sequaces
2399 805 2485 857 sic
2533 803 3010 874 interpretantur.
3063 807 3421 877 Principium
3477 807 3717 878 quidem

291 887 573 960 Μονογενῆ
603 882 877 960 λέγουσιν,
910 884 968 939 ’ὸν
1028 883 1119 938 καὶ
1178 884 1307 939 Θεὸν
1339 888 1855 962 προσαγορεύεσθαι,
1881 888 1921 941 ὡ

2065 890 2443 962 Unigenitum
2489 893 2714 958 dicunt,
2756 909 2923 963 quem
2960 895 3135 950 etiam
3169 901 3353 950 Deum
3401 897 3714 962 nominari,

286 975 381 1031 καὶ
424 973 478 1030 ἐν
529 979 652 1036 τοῖς
701 973 824 1043 ἑξῆς
869 970 1117 1048 ἄντικρυς
1150 976 1278 1029 Θεὸν
1313 975 1474 1030 αὐτὸν
1507 973 1676 1046 δηλοῖ
1724 975 1902 1050 λέγων
1935 995 1948 1009 ⁸

2060 981 2231 1036 sicuti
2267 983 2324 1035 in
2359 981 2430 1036 iis
2457 998 2582 1050 quas
2613 988 2939 1051 sequuntur
2965 989 3149 1038 Deum
3177 1000 3312 1038 eum
3333 1000 3463 1039 esse
3488 985 3714 1055 liquido

285 1066 350 1123 Ὁ
411 1064 711 1140 μονογενὴς
772 1062 900 1125 Θεὸς
934 1065 1070 1136 (57),
1107 1063 1134 1117 6
1183 1061 1256 1118 ὢν
1313 1063 1391 1126 εἷς
1447 1065 1537 1119 τὸν
1601 1063 1808 1120 κόλπον
1854 1085 1916 1120 το

2060 1071 2318 1126 ostendit
2362 1070 2622 1126 Joannes
2647 1072 2887 1127 dicens:
2941 1072 3267 1143 Uuigenitus
3296 1074 3458 1139 Deus,
3509 1073 3714 1144 quiest

284 1155 521 1228 Πατρὸς,
556 1151 762 1214 ἐκεῖνος
823 1151 1172 1227 ἐξηγήσατοο
1222 1154 1313 1208 τὸν
1375 1151 1442 1221 δὴ
1501 1153 1680 1227 Λόγον
1737 1155 1830 1209 τὸν
1893 1151 1947 1209 ἐν

279 1247 350 1316 τῇ
382 1242 532 1317 ἀρχῇ
562 1244 780 1309 τοῦτον,
811 1241 904 1295 τὸν
936 1239 989 1295 έν
1019 1245 1100 1312 τῷ
1136 1243 1456 1316 Μονογενεῖ,
1489 1241 1542 1297 ἐν
1597 1248 1678 1314 τῷ
1727 1247 1805 1314 νῷ
1855 1245 1947 1298 καὶ

277 1336 349 1406 τῇ
380 1331 638 1402 ἀληθείᾳ.
675 1330 1012 1403 μηνύει
1059 1331 1150 1385 τὸν
1207 1331 1437 1402 Χριστὸν
1491 1332 1583 1386 τὸν
1628 1332 1802 1406 Λόγον
1855 1353 1924 1386 κα

275 1422 377 1490 τήν
443 1423 614 1490 ζωήν.
646 1421 807 1484 ’Όθεν
869 1414 1094 1484 εἰκότως
1122 1420 1212 1475 καὶ
1245 1421 1403 1476 αὐτὸν
1462 1423 1590 1476 Θεὸν
1648 1419 1796 1495 λέγει
1849 1421 1941 1476 τὸν

274 1509 329 1565 ἐν
359 1515 440 1582 τῷ
471 1514 590 1581 Θεῷ
619 1513 700 1580 τῷ
718 1513 796 1580 νῷ
825 1504 973 1565 ὅντα.
1001 1511 1068 1566 Ὃ
1098 1504 1319 1584 γέγονεν
1371 1510 1422 1564 ἐν
1458 1510 1612 1582 αὐτῷ
1639 1515 1720 1582 τῷ
1755 1511 1940 1586 Λόγῳ,

274 1601 424 1670 ζωήν
458 1601 526 1669 ἦν
560 1601 595 1668 ἡ
625 1598 860 1672 σύζυγος
894 1617 906 1630 ·
945 1595 1055 1654 διὸ
1087 1600 1176 1654 καὶ
1225 1600 1387 1677 φησὶν
1448 1602 1476 1655 6
1509 1601 1712 1676 Κύριος
1747 1621 1759 1634 ο
1795 1602 1940 1676 Ἐγώ

269 1689 396 1762 εἶμι
427 1691 463 1759 ἡ
495 1690 634 1759 ζωή-

346 1780 418 1836 Ζ’.
463 1780 776 1853 Ἀγνωστος
824 1774 918 1832 οὖν
969 1778 998 1832 6
1047 1779 1232 1852 Πατὴρ
1274 1774 1370 1848 ὣν,
1403 1776 1643 1848 ἠθέλησε
1687 1778 1939 1853 γνωσθῆ-

274 1890 361 1924 ναι
392 1873 512 1930 τοῖς
544 1867 718 1924 Αἰῶσι
744 1885 756 1900 ⁶
790 1867 880 1921 καὶ
909 1864 998 1921 διὰ
1025 1874 1126 1936 τῆς
1161 1869 1542 1940 Ἐνθυμησεως
1573 1875 1673 1936 τῆς
1719 1868 1931 1937 ἑαυτοῦ,

2057 1158 2120 1213 ιη
2131 1161 2261 1214 sinu
2279 1159 2604 1230 Patris,ipsc
2627 1163 2912 1216 enarravit
2936 1161 3033 1233 (b).
3055 1162 3309 1217 Verbum
3334 1163 3558 1218 scilicet
3578 1163 3708 1234 hoc,

2057 1251 2210 1319 quod
2258 1255 2385 1302 erat
2433 1250 2489 1304 in
2525 1250 2833 1319 principio,
2885 1251 3027 1306 illud
3085 1251 3238 1320 quod
3287 1251 3344 1305 in
3381 1251 3708 1324 Unigenito,

2055 1339 2211 1408 quod
2245 1338 2302 1391 in
2339 1343 2551 1402 mente,
2585 1343 2643 1392 et
2688 1341 2843 1409 quod
2878 1341 2939 1393 in
2972 1339 3213 1395 veritate
3246 1339 3376 1405 fuit,
3406 1341 3709 1397 Christum

2057 1425 2306 1480 Verbum
2341 1431 2396 1480 et
2439 1427 2617 1481 vitam
2651 1428 2890 1483 indicat.
2938 1427 3102 1484 Unde
3156 1429 3361 1485 merito
3409 1433 3466 1484 et
3511 1429 3706 1500 ipsum

2053 1515 2318 1570 nominat
2331 1515 2514 1570 Deum
2531 1515 2633 1586 qui
2650 1516 2706 1570 in
2722 1521 2838 1571 Deo
2855 1522 3049 1572 mente
3083 1516 3332 1572 exsistit.
3350 1517 3500 1586 Quod
3520 1517 3574 1572 in
3590 1517 3706 1589 ipso

2053 1603 2218 1658 Verbo
2241 1610 2454 1672 factum
2483 1614 2583 1669 est,
2628 1605 2743 1660 vita
2771 1607 2988 1676 eral(c)
3024 1607 3239 1675 conjux
3271 1623 3284 1674 ;
3317 1609 3702 1677 quamobrem

2046 1698 2105 1748 et
2131 1695 2413 1748 Dominus
2437 1693 2670 1764 inquit:
2706 1697 2823 1762 Ego
2855 1712 2976 1749 sum
3006 1697 3120 1750 vita
3153 1695 3250 1766 (ά).

2119 1782 2270 1836 349
2305 1781 2424 1838 VII.
2464 1787 2670 1837 Parum
2702 1782 2900 1853 itaque
2932 1783 3202 1853 cognitus
3241 1787 3430 1851 Pater,
3465 1784 3536 1839 ab
3569 1785 3697 1841 [Ἐο-

2045 1871 2220 1925 nibus
2251 1871 2525 1941 cognosci
2569 1872 2770 1938 voluit,
2807 1877 2862 1927 et
2893 1889 2996 1943 per
3044 1873 3134 1926 sui
3169 1872 3358 1942 ipsius
3387 1873 3694 1943 Eni/tyme-

275 1957 351 2019 ὡς
400 1955 460 2012 ἃν
513 1957 701 2012 ἑαυτὸν
757 1955 1037 2031 ἐγνωκὼς,
1071 1959 1283 2028 πνεῦμα
1328 1955 1602 2032 γνώσεως,
1650 1953 1817 2026 οὕσης
1876 1955 1921 2011 ἐν

370 2047 379 2059 .
645 2041 698 2059 ,ι
742 2045 759 2059 ς
891 2047 903 2059 .
987 2048 1040 2059 -.
1247 2052 1274 2059 _
1645 2044 1670 2059 ν
1833 2045 1845 2059 .
1907 2047 1920 2059 .

2039 1960 2152 2023 sin,
2186 1966 2386 2030 utpote
2419 1961 2516 2030 qui
2549 1961 2860 2028 segoptime
2893 1962 3136 2030 noverit,
3161 1961 3405 2032 spiritus
3435 1962 3693 2018 scientiae

276 2047 498 2123 γνώσει,
527 2041 802 2122 προέϐαλε
851 2047 944 2100 τὸν
987 2048 1298 2120 Μονογενῆ.
1337 2045 1558 2120 Γέγονεν
1611 2044 1702 2099 οὖν
1758 2045 1849 2100 καὶ
1900 2047 1921 2101 6

2038 2065 2166 2120 quae
2197 2049 2426 2104 exsistit
2456 2049 2514 2103 in
2547 2049 2792 2104 scientia
2828 2051 3100 2121 produxit
3135 2050 3535 2119 Unigenitum.
3559 2051 3693 2107 Fuit

275 2136 384 2192 ἀπὸ
460 2136 728 2211 γνώσεως,
779 2134 1023 2190 τουτέστι
1080 2142 1178 2204 τῆς
1234 2141 1502 2209 πατρικῆς
1548 2136 1929 2206 Ἐνθυμήσεως

274 2225 567 2299 προελθὼν
613 2229 842 2298 γνῶσις,
889 2222 1164 2278 τουτέστιν
1198 2224 1226 2278 6'
1258 2223 1380 2285 Υἱός
1414 2223 1535 2278 ’ὅτι
1596 2221 1666 2276 δι’
1719 2225 1846 2278 Υἰοῦ
1898 2225 1926 2278 6

279 2317 465 2388 Πατὴρ
512 2313 771 2389 ἐγνώσθη.
805 2315 885 2371 Τὸ
936 2311 993 2368 δὲ
1048 2319 1150 2382 τῆς
1204 2312 1417 2386 ἀγάπης
1466 2317 1682 2384 πνεῦμα
1728 2314 1926 2387 κέκρα-

271 2424 359 2459 ται
417 2407 496 2474 τῷ
540 2410 639 2472 τῆς
687 2403 968 2477 γνώσεως,
1021 2402 1096 2464 ὡς
1143 2403 1328 2476 Πατήρ
1378 2402 1507 2473 Υἱῷ,
1537 2401 1623 2456 καὶ
1656 2402 1924 2475 Ἐνούμη-

262 2513 346 2554 σις
373 2491 610 2564 ἀληθείᾳ
642 2523 659 2536 -
691 2491 784 2546 ἀπ’
815 2489 1076 2561 ἀληθείας
1106 2489 1416 2566 προελθὼν,
1447 2491 1520 2551 ὡς
1577 2489 1684 2545 ἀπὸ
1734 2493 1924 2554 Ἐνθυ-

267 2585 490 2654 μήσεως
585 2586 807 2657 γνῶσις.
843 2580 941 2636 Καὶ
975 2581 1003 2635 6
1038 2582 1135 2654 μὲν
1197 2579 1383 2654 μείνας
1448 2581 1748 2654 μονογενὴς
1803 2581 1924 2642 Υἱὸς

261 2670 341 2732 εἷς
382 2671 473 2725 τὸν
523 2670 733 2726 κόλπον
782 2674 880 2724 τοῦ
913 2671 1145 2744 Ηατρὸς,
1176 2671 1275 2737 τὴν
1301 2668 1631 2741 Ἐνθύμησιν
1685 2667 1774 2723 διὰ
1821 2676 1924 2739 τῆς

261 2760 522 2836 γνώσεως
553 2760 821 2834 ἐξηγεῖται
879 2765 996 2820 τοῖς
1054 2757 1280 2829 aiam,
1311 2758 1386 2819 ὡς
1443 2755 1504 2812 ἂν
1555 2759 1644 2813 καὶ
1692 2758 1796 2812 ὑπὸ
1825 2762 1922 2812 τοῦ

260 2849 478 2905 κόλπου
526 2848 694 2904 αὐτοῦ
737 2843 1099 2923 προϐληθείς.
1132 2849 1189 2901 Ὀ
1237 2845 1296 2901 δὲ
1346 2845 1574 2902 ἐνταῦθα
1614 2846 1798 2923 ὀφθεὶς
1825 2845 1924 2901 οὐκ

260 2935 338 2995 ἔτι
375 2939 699 3014 μονογενὴς,
733 2936 864 2992 ἀλλ’
893 2937 968 2998 ὡς
1005 2939 1307 3010 μονογενής
1356 2937 1494 3012 πρὸς
1539 2940 1637 2990 τοῦ
1687 2935 1919 2990 ἀποστό-

261 3027 364 3084 λου
421 3027 906 3103 προσαγορεύεται,
944 3023 1100 3096 δόξαν
1157 3026 1232 3087 ὡς
1288 3028 1627 3099 Μονογενοῦς
1664 3042 1676 3055 °
1711 3026 1816 3090 δτι,
1842 3027 1921 3086 εἷς

257 3117 352 3172 καὶ
401 3118 431 3172 6
475 3116 636 3178 αὐτὸς
688 3114 786 3186 ὣν,
821 3114 874 3170 έν
911 3116 1005 3188 μὶν
1033 3118 1101 3188 τῇ
1132 3117 1320 3184 κτήσει
1376 3113 1729 3188 πρωτότοκός
1777 3113 1917 3168 ἐστιν

259 3207 499 3277 Ἰησοῦς,
561 3205 612 3260 ἐν
671 3202 729 3260 δὶ
786 3204 1130 3281 Πληρὼματι
1187 3206 1300 3277 (59)
1363 3205 1685 3277 μονογενής.
1742 3205 1803 3261 Ὁ
1862 3200 1920 3258 δὲ

260 3295 423 3356 αὐτός
471 3294 606 3366 ἐστι,
665 3299 913 3354 τοιοῦτος
971 3292 1044 3347 ὣν
1097 3291 1305 3366 ἑκάστῳ
1351 3293 1526 3365 τόπῳ,
1583 3296 1699 3356 οἷος
1745 3314 1920 3368 κεχω-

2035 2154 2172 2209 ergo
2203 2155 2236 2192 a
2285 2138 2551 2205 scientia,
2607 2139 2710 2193 hoc
2742 2144 2852 2204 est,
2904 2139 3153 2194 scientia
3183 2141 3427 2194 veniens
3469 2141 3540 2196 ab
3575 2143 3686 2196 En-

2036 2227 2272 2298 thy-mesi
2304 2228 2511 2289 Patris.
2545 2227 2655 2282 hoc
2704 2228 2984 2283 nimirum
3020 2233 3111 2282 est
3141 2228 3346 2290 Filius.
3380 2231 3535 2298 quod
3592 2246 3693 2300 per

2037 2317 2246 2371 Filium
2275 2317 2439 2371 Pater
2489 2316 2660 2372 nobis
2692 2317 2768 2372 sit
2796 2317 3089 2388 cognitus,
3141 2318 3399 2387 Spiritus
3431 2334 3564 2373 vero
3593 2319 3690 2375 ille

2034 2404 2338 2460 charitatis
2368 2403 2452 2459 illi
2487 2404 2744 2460 scientias
2777 2405 3008 2474 spiritui
3053 2405 3264 2460 mistus
3297 2411 3388 2461 est
3426 2407 3496 2460 ad
3529 2423 3690 2462 eum-

2035 2494 2166 2548 dem
2204 2495 2441 2548 modum
2457 2510 2571 2564 quo
2588 2493 2754 2548 Pater
2774 2494 2916 2563 lilio,
2939 2499 2997 2548 et
3027 2494 3380 2565 Enthymesis
3419 2496 3643 2550 veritati
3671 2514 3685 2552 ε

2035 2599 2148 2637 non
2183 2582 2352 2638 aliter
2380 2600 2448 2638 ac
2478 2581 2728 2638 scientia
2757 2585 2828 2638 ab
2848 2584 3182 2650 Enthemesi,
3216 2599 3250 2639 a
3280 2583 3526 2639 veritate
3559 2602 3686 2656 pro-

2032 2672 2294 2727 veniens.
2332 2673 2400 2727 Et
2457 2671 2556 2727 ille
2581 2672 2820 2743 quidem
2851 2672 2952 2743 qui
3004 2672 3063 2726 in
3096 2672 3227 2728 sinu
3280 2673 3470 2729 Patris
3502 2673 3685 2730 Filius

2033 2761 2378 2832 unigenitns
2427 2761 2734 2825 manserit,
2784 2762 3135 2817 Enthcmcsz’n
3197 2761 3344 2817 hanc
3397 2762 3681 2819 Bonibus

2031 2863 2137 2919 per
2165 2848 2474 2904 scientiam
2505 2849 2797 2918 patefacit,
2833 2855 2897 2904 ut
2926 2849 3025 2919 qui
3058 2867 3090 2904 e
3120 2849 3257 2905 sinu
3289 2850 3419 2920 ejus
3457 2866 3684 2920 proces-

2033 2939 2196 2992 serit.
2217 2939 2364 3002 Quid
2381 2954 2510 2994 vero
2535 2939 2626 2992 his
2646 2939 2806 2994 visus
2841 2945 2930 2994 est
2961 2939 3020 2993 in
3047 2939 3240 3003 terris,
3275 2957 3389 2995 non
3421 2939 3679 3012 amplius

2030 3027 2392 3097 unigenitus,
2427 3028 2528 3082 sed
2563 3027 2731 3098 quasi
2766 3027 3106 3098 unigenitus
3138 3029 3210 3083 ab
3244 3029 3512 3099 apostolo
3545 3045 3682 3084 con-

2030 3115 2343 3180 sideratur,
2367 3115 2604 3185 gloriam
2629 3115 2791 3187 quasi
2820 3115 3113 3186 Unigenili
3140 3116 3213 3185 (θ)
3238 3133 3259 3178 ,·
3287 3116 3509 3188 rX<quod
3545 3133 3680 3173 cum

2032 3221 2186 3259 unus
2209 3203 2483 3275 idemque
2506 3204 2602 3270 sit,
2628 3204 2942 3275 separatim
2974 3204 3030 3259 in
3063 3210 3337 3260 creatura
3355 3205 3529 3262 Jesus
3550 3207 3680 3277 qui-

2030 3293 2162 3348 dem
2175 3293 2599 3363 primogenitus,
2615 3294 2671 3347 in
2690 3293 3062 3348 Plenitudine
3078 3309 3210 3348 vero
3235 3295 3556 3364 unigenitus
3589 3296 3678 3366 (Γ).

260 3392 461 3460 ρῆσθαι
513 3382 760 3456 δύναται,
791 3383 882 3438 καὶ
938 3380 1200 3438 οὐδέποτε
1241 3387 1336 3437 τοῦ
1392 3382 1671 3456 μείναντος
1699 3383 1726 3436 6
1757 3404 1921 3437 κατα-

2038 3380 2127 3436 Ille
2182 3387 2379 3436 autem
2410 3382 2562 3436 idem
2615 3387 2724 3448 est,
2760 3399 2969 3453 nempe
3000 3381 3135 3438 talis
3170 3382 3488 3454 unicuique
3531 3383 3678 3451 loco,

257 3469 362 3537 ϐἀς
425 3475 747 3547 μερίζεται·
807 3472 941 3552 φησί
997 3473 1097 3546 γὰρ
1156 3473 1184 3526 6
1241 3470 1582 3534 Ἀπόστολος
1618 3491 1631 3504 ⁶
1692 3473 1752 3529 Ὁ
1813 3474 1912 3546 γὰρ

256 3559 484 3635 ἀναϐὰς,
536 3562 696 3624 αὐτός
752 3561 864 3617 ἐστι
924 3561 1012 3617 καὶ
1070 3562 1098 3616 6
1161 3556 1416 3623 καταϐάς.
1473 3561 1672 3618 Εἰκόνα
1711 3559 1767 3616 δὲ
1818 3565 1915 3616 τοῦ

259 3651 614 3728 Μονογενοῦς
661 3653 755 3708 τὸν
807 3651 1151 3726 Δημιουργὸν
1203 3649 1467 3727 λέγουσι·
1503 3649 1588 3706 διὸ
1635 3652 1724 3706 καὶ
1782 3651 1917 3706 αὐτᾶ

253 3750 360 3813 τῆς
422 3742 630 3804 εἰκόνος
679 3741 746 3796 τὰ
775 3735 922 3818 ἔργα.
955 3743 1119 3805 ’Ὁθεν
1162 3741 1250 3795 καὶ
1293 3741 1319 3794 ὀ
1348 3739 1550 3817 Κύριος
1581 3741 1761 3796 εἰκόνα
1817 3747 1917 3810 τῆς

256 3839 635 3905 πνευματικῆς
685 3831 1022 3892 ἀναστάσεως
1083 3832 1318 3900 ποιήσας
1364 3829 1491 3891 τοὺς
1546 3830 1767 3904 νεκροὺς
1823 3829 1914 3892 οὓς

257 3921 503 3997 ἤγειρεν,
537 3922 644 3976 οὐκ
698 3920 1004 3999 ἀφθάρτους
1051 3921 1152 3989 τήν
1207 3921 1400 3994 σάρκα,
1454 3918 1580 3975 ἀλλ’
1638 3919 1710 3982 ὡς
1764 3919 1915 3984 αὖθις

261 4007 741 4082 ἀποθανουμένους
771 4005 1015 4084 ἤγειρεν.

330 4280 409 4336 H'.
439 4281 629 4351 Ἡμεῖς
659 4273 716 4332 δὲ
745 4277 836 4331 τὸν
870 4275 922 4330 ἐν
961 4274 1251 4345 ταύτότητι
1304 4275 1476 4350 Λόγον
1519 4275 1650 4331 Θεὸν
1699 4275 1750 4332 ἐν
1799 4281 1914 4349 Θεῷ

251 4368 527 4448 φαμιν,ὃς
557 4367 647 4422 καὶ
679 4365 756 4428 εἲς
789 4365 874 4420 τὸν
907 4364 1114 4421 κόλπον
1136 4369 1235 4421 τοῦ
1270 4365 1477 4438 Πατρὸς
1509 4365 1640 4420 εἶναι
1673 4365 1914 4440 λέγεται,

251 4456 596 4528 ἀδιάστατος,
657 4457 974 4529 ἀμέριστος,
1036 4457 1112 4517 εἷς
1176 4454 1326 4518 Θεός.
1393 4455 1571 4509 Πάντα
1629 4453 1700 4509 δι’
1751 4455 1916 4510 αὐτοῦ

250 4546 488 4623 ἐγένετο,
543 4545 683 4601 κατά
735 4547 834 4615 τὴν
895 4550 1145 4619 προσεχῆ
1209 4543 1475 4616 ἐνέργειαν
1505 4547 1601 4597 τοῦ
1632 4542 1684 4597 ἐν
1728 4543 1916 4599 ταύτό·

247 4657 379 4708 τητι
411 4635 611 4711 Λόγου,
641 4633 708 4690 τά
735 4655 795 4689 τε
823 4633 1166 4706 πνευματικά
1193 4633 1280 4687 καὶ
1314 4633 1483 4702 νοητά
1514 4633 1604 4686 καὶ
1661 4632 1908 4702 αἰσθητά.

2027 3469 2302 3542 qualisah
2320 3471 2521 3526 eodem
2541 3471 2917 3542 capitpossit,
2949 3476 3324 3543 etnonquam
3349 3489 3382 3526 a
3408 3477 3682 3529 manente

2025 3559 2123 3616 ille
2145 3561 2245 3630 qui
2268 3560 2590 3626 descendit,
2617 3560 2898 3615 dividitur
2926 3578 2940 3628 ;
2965 3560 3106 3615 dicit
3127 3560 3283 3615 enim
3317 3562 3673 3632 Apostolus:

2026 3650 2131 3718 Qui
2164 3651 2311 3704 enim
2340 3649 2604 3715 ascendit,
2627 3649 2768 3706 idem
2797 3653 2879 3704 est
2911 3651 3012 3723 qui
3035 3649 3314 3705 descendit
3345 3650 3443 3722 (g).
3469 3651 3676 3723 Imagi-

2026 3756 2158 3794 nem
2174 3744 2365 3794 autcm
2383 3739 2676 3810 Unigeniti
2694 3739 3077 3811 Demiurgum
3105 3739 3452 3794 nominant:
3482 3740 3677 3810 proin-

2025 3829 2097 3885 de
2128 3829 2333 3884 eadem
2367 3835 2506 3883 sunt
2553 3828 2830 3900 imaginis
2878 3845 3071 3900 opera.
3119 3828 3266 3884 Hinc
3295 3834 3353 3884 et
3392 3828 3680 3886 Dominus

2025 3917 2472 3974 resurrectionis
2503 3917 2786 3990 spiritalis
2819 3917 3134 3989 imaginem
3167 3918 3486 3974 conﬁciens
3517 3935 3680 3975 mor-

2023 4011 2158 4063 tuos
2190 4022 2336 4079 quos
2369 4005 2694 4072 suscitavit,
2745 4023 2856 4062 non
2891 4023 3066 4062 carne
3096 4024 3128 4061 a
3158 4007 3535 4078 corruptione
3568 4007 3679 4063 im-

2022 4097 2182 4151 muni
2215 4095 2649 4163 suscitavit,sed
2681 4094 2852 4166 quasi
2884 4096 2986 4167 qui
3017 4096 3231 4150 iterum
3251 4100 3500 4152 mortem
3529 4095 3674 4152 sub-

2023 4183 2200 4241 irent.

2098 4285 2249 4338 VIII.
2284 4281 2401 4338 Nos
2432 4285 2628 4338 autem
2660 4281 2846 4336 Deum
2891 4280 3146 4336 Verbum
3179 4296 3282 4351 per
3309 4280 3678 4338 identitatem

2025 4373 2085 4428 in
2113 4379 2230 4428 Deo
2261 4387 2390 4426 esse
2436 4371 2782 4435 asserimus,
2833 4370 2933 4441 qui
2965 4375 3024 4424 et
3057 4370 3111 4424 in
3146 4369 3280 4425 sinu
3322 4371 3516 4426 Patris
3548 4387 3680 4427 esse

2027 4462 2265 4526 dicitur,
2297 4459 2399 4530 qui
2422 4475 2526 4513 nec
2557 4459 2820 4530 separari
2847 4457 2934 4513 vel
2969 4459 3150 4514 dividi
3175 4459 3381 4530 possit,
3402 4460 3502 4515 sed
3528 4476 3680 4517 unus

2026 4556 2118 4607 est
2146 4550 2316 4605 Deus.
2355 4549 2553 4604 Omnia
2571 4564 2669 4619 per
2695 4547 2875 4618 ipsum
2904 4551 3050 4618 [acta
3071 4559 3200 4604 sum
3233 4549 3336 4620 (h),
3368 4566 3472 4621 per
3503 4551 3683 4608 virtu-

2027 4641 2145 4694 tem
2178 4638 2585 4692 immediatam
2605 4636 2797 4700 Verbi,
2817 4637 2970 4708 quod
2989 4639 3046 4692 in
3077 4637 3387 4694 identitate
3408 4645 3518 4707 est,
3545 4657 3681 4697 cum

253 4727 431 4788 Οὗτος
461 4726 552 4780 τὸν
585 4723 798 4779 κόλπον
826 4727 924 4779 τοῦ
974 4723 1185 4795 Πατρὸς
1246 4721 1547 4795 ἐξηγήσατο
1604 4722 1631 4776 6
1693 4724 1910 4798 Σωτήρ.

2038 4726 2344 4799 spiritalia,
2408 4732 2534 4780 tum
2587 4724 3085 4791 intelligibilia,et
3128 4744 3256 4799 qua:
3283 4742 3460 4783 sensu
3496 4730 3682 4800 perci-

253 4815 356 4870 Καὶ
414 4811 642 4876 Ἡσαΐας
672 4830 686 4844 ⁶
734 4813 838 4870 Καὶ
895 4808 1271 4867 ἀνταποδώσω
1327 4810 1393 4865 τά
1450 4809 1584 4886 ἔργα
1621 4810 1795 4866 αὐτῶν
1840 4812 1917 4877 εἷς

2029 4817 2293 4890 piuntur.
2329 4815 2432 4870 Hic
2463 4815 2727 4872 Salvator
2755 4816 2939 4870 Patris
2969 4817 3158 4871 sinum
3192 4817 3461 4889 patefecit
3493 4817 3578 4886 (i).
3613 4819 3684 4874 Et

360 4967 425 5031 »ιι
448 4962 512 5018 Ρ.
544 4962 650 5017 959
676 4962 786 5018 so.
821 4960 1117 5016 POTTER.
1147 4959 1232 5033 (α)
1247 4959 1420 5033 Jeep.
1456 4976 1494 5027 ι,
1530 4964 1578 5016 ι.
1609 4959 1688 5030 (b)
1715 4959 1914 5033 Ibidiri

2038 4963 2080 5029 β)
2113 4962 2259 5017 Ibid.
2297 4962 2347 5016 4.
2383 4961 2464 5033 (d)
2517 4963 2683 5017 Joan.
2735 4978 2814 5031 χι,
2844 4962 2952 5029 25;
2986 4979 3097 5032 xxv,
3127 4962 3182 5017 6.
3215 4961 3288 5033 (θ)
3312 4965 3482 5018 Joan.
3516 4979 3557 5028 ι,
3591 4963 3676 5018 14.

249 5036 319 5108 (f)
351 5034 474 5090 Col.
503 5050 543 5102 ι,
579 5034 666 5089 45.
696 5034 774 5105 (ο)
805 5033 950 5105 Eph.
984 5049 1062 5101 ιν,
1095 5033 1178 5087 10.
1217 5031 1274 5104 (h
1300 5031 1317 5104 )
1342 5031 1513 5087 Joan.
1547 5049 1587 5101 1,
1620 5033 1672 5086 3.
1703 5031 1768 5103 (i)
1805 5031 1950 5088 Ibid.
1985 5031 2072 5089 18.

326 5174 440 5246 (57)
469 5173 531 5229 Ὁ
566 5173 863 5246 μονογενὴς
896 5172 1046 5236 Θεός.
1097 5173 1464 5246 Εἰίᾶῐῐινδγῐκ
1519 5173 1666 5244 Θεός,
1704 5174 1911 5246 reliqui

326 5195 440 5246 im)
488 5195 531 5229 υ
566 5195 702 5246 μονο
742 5195 863 5242 ενης
896 5195 1046 5236 σεος.
1099 5195 1287 5230 uuam
1336 5195 1464 5246 oyr.
1519 5195 1666 5244 σεος,
1704 5195 1910 5246 renqui

253 5246 403 5320 forte
432 5245 645 5320 melius
673 5195 818 5312 Υίός,
851 5246 1196 5320 unigenitus
1229 5245 1590 5320 ﬁliumque;
1642 5263 1754 5320 vox
1796 5263 1910 5302 non

249 5317 395 5373 sinit
452 5319 603 5375 trahi
662 5316 1186 5375 deitatem—Verbi
1240 5318 1310 5372 ad
1356 5316 1908 5373 Valentinianorum

251 5390 592 5463 ὁμωνυμίαν,
625 5392 727 5446 sed
762 5394 824 5463 ut
855 5406 988 5444 vere
1018 5389 1196 5444 Filius
1220 5389 1491 5463 Deosque
1522 5390 1908 5460 intelligatur,

252 5461 663 5535 singularique
697 5461 1153 5535 nativitatequa
1206 5478 1358 5535 unus
1413 5461 1539 5532 ipse
1571 5463 1912 5532 unigenitus

250 5531 624 5591 humanitate
656 5540 714 5589 et
744 5551 940 5600 carne,
973 5531 1127 5587 idem
1155 5531 1580 5602 primogenitae
1613 5531 1911 5590 et’fralres

252 5606 499 5679 habens,
529 5607 749 5679 quibus
782 5621 912 5661 vere
939 5604 1357 5679 communicet:
1387 5604 1652 5676 Reliqua,
1677 5607 1907 5679 etquod

248 5678 450 5751 divina
487 5673 741 5751 quaeque
801 5676 1041 5751 nomina
1091 5691 1182 5729 res
1215 5681 1272 5730 et
1302 5673 1655 5751 Alcime—seu
1693 5673 1910 5751 aliquid

245 5747 602 5822 distinctum
635 5747 890 5822 vereque
914 5747 1203 5804 exsistens
1235 5748 1626 5820 accipiuntur,
1650 5749 1908 5806 Valenti-

249 5821 567 5882 nianorum
598 5820 828 5882 deliria.
861 5820 1116 5881 Coussr.

2094 5175 2205 5247 (58)
2241 5175 2475 5247 Μηνόει.
2506 5180 2596 5247 Sc.
2629 5175 2888 5232 Joannes
2920 5174 3240 5246 apostolus.
3276 5175 3563 5247 SYLsUaG.

2099 5245 2330 5322 (_59)_'Ev
2383 5245 2440 5322 δὲ
2490 5245 2855 5322 [Ιληρώματι.
2891 5245 3009 5322 V_Ox
3058 5251 3148 5302 est
3204 5245 3524 5322 quatmale
3582 5246 3674 5302 usi

2020 5315 2416 5374 Valentiniani
2454 5336 2556 5390 pro
2589 5315 2763 5375 scena
2792 5318 3046 5389 quadam
3069 5323 3123 5372 et
3145 5315 3465 5390 capacitate
3495 5334 3677 5390 supra

2022 5391 2220 5456 caelos,
2256 5392 2340 5445 uti
2400 5387 2484 5446 sic
2537 5390 2682 5445 satis
2715 5387 3025 5460 explicant,
3069 5390 3126 5443 in
3179 5387 3292 5460 quo
3324 5387 3675 5460 Unigenitus

2023 5479 2125 5532 pro
2162 5463 2266 5516 loci
2303 5463 2700 5517 immensitate
2735 5459 3112 5530 m’agnus,hic
3143 5459 3206 5514 in
3235 5459 3403 5514 terris
3439 5476 3670 5531 parvus.

2022 5534 2114 5588 Sic
2148 5535 2313 5589 deliri
2350 5535 2614 5589 homines
2647 5533 2905 5602 nihilque
2936 5533 3133 5586 minus
3166 5548 3343 5602 quam
3375 5547 3506 5585 vere
3529 5533 3674 5588 Gno-

2022 5608 2174 5685 siici.
2269 5621 2317 5660 ο.
2354 5606 2657 5685 sapientes
2689 5602 3116 5685 sacellenti‘que
3146 5602 3390 5657 scientia
3410 5605 3672 5685 praediti,

2023 5679 2122 5732 sed
2157 5677 2328 5748 plane
2359 5673 2832 5748 insipientissimi
2868 5673 3176 5745 bardique,
3211 5691 3316 5730 nec
3370 5673 3539 5732 aliter
3585 5678 3671 5732 eis

2021 5747 2352 5806 intellectus
2383 5751 2550 5806 sinus
2582 5747 2788 5804 Patris.
2811 5750 3059 5802 Comum.
