4124 6406
409 475 520 533 659

1648 477 2060 533 CLEMENTIB
2094 476 2598 533 ALEXANDRINI

3729 476 3842 534 660

417 602 602 660 Isaias
614 602 757 659 dicit
779 619 793 659 :
813 606 877 660 Et
886 600 1118 658 reddam
1137 617 1303 675 opera
1321 618 1510 659 eorum
1529 605 1586 659 in
1604 604 1737 659 sinu
1759 618 1947 659 eorum
1961 601 2061 675 (a),
2095 646 2103 668 λ

2218 600 2269 656 δν
2301 600 2512 656 κόλπον
2571 601 2775 672 αὐτῶν,
2807 601 2885 664 εἷς
2931 603 3031 672 τὴν
3064 599 3274 659 ἔννοιαν
3323 600 3502 658 αὐτῶν
3528 600 3628 671 τὴν
3678 600 3732 659 έν
3770 601 3844 678 τῇ

421 693 483 750 in
515 692 922 767 cogitationem
953 709 1156 749 eorum
1207 710 1335 766 qum
1366 694 1425 749 in
1467 692 1665 749 anima
1714 697 1825 758 est,
1858 710 1927 749 ex
1949 708 2072 763 qua

425 783 619 856 prima
660 787 941 837 creaturae
988 781 1183 839 omnis
1234 782 1662 855 primogenitae
1704 781 2070 854 producitur.

427 871 535 938 Qui
568 886 700 926 vero
728 886 828 943 per
857 870 1226 927 identitatem
1276 871 1631 944 Unigenitus
1674 876 1785 938 est,
1817 886 2073 943 quocum

425 959 685 1016 Salvator
727 960 945 1015 virtute
993 976 1109 1015 non
1154 961 1483 1033 separanda
1527 966 1823 1032 operatur,
1864 959 1958 1014 hic
1987 962 2080 1014 est

2181 690 2359 764 ψυχῇ,
2391 689 2481 763 ἀφ’
2510 691 2577 759 ἧς
2628 691 2853 765 πρώτης
2907 689 3202 768 ἐνεργεῖται
3250 689 3604 765 πρωτότοκος
3657 692 3842 763 πάσης

2182 779 2430 841 κτίσεως.
2464 780 2526 837 Ὁ
2556 776 2613 834 δὲ
2636 778 2690 835 ἐν
2714 779 3006 852 ταύτότητι
3059 782 3399 857 Μονογενής,
3432 780 3497 836 οὗ
3553 783 3691 837 κατά
3745 779 3842 837 δύ-

2184 888 2346 942 ναμιν
2375 865 2695 925 ἀδιάστατον
2720 871 2748 925 6
2771 870 2969 946 Σωτὴρ
3020 868 3240 945 ἐνεργεῖ,
3272 870 3430 933 οὗτός
3462 868 3575 926 ἰστι
3630 871 3696 926 τὸ
3725 875 3844 950 φῶς

2185 960 2285 1022 τῆς
2344 957 2694 1029 Ἐκκλησίας,
2748 967 2851 1029 τῆς
2933 958 3200 1036 πρότερον
3279 958 3332 1015 έν
3390 959 3571 1033 σκότῳ
3626 960 3717 1015 καὶ
3786 960 3842 1017 ἐν

426 1050 528 1106 lux
560 1047 848 1116 Ecclesia,
874 1049 1026 1121 [quo
1060 1049 1225 1121 prius
1255 1050 1315 1104 in
1362 1049 1624 1106 tenebris
1652 1053 1709 1104 et
1740 1049 2079 1121 ignorantia

2218 1045 2378 1123 ;γνοίᾳ
2436 1044 2625 1118 οὔσης.
2674 1048 2779 1105 Καὶ
2829 1050 2865 1119 ἡ
2919 1049 3108 1103 σκοτία
3163 1048 3325 1104 αὐτὸν
3398 1048 3477 1107 οὗ.
3520 1045 3843 1107 κατέλαϐεν.

422 1138 552 1195 fuit.
578 1138 644 1193 Et
664 1137 906 1195 tenebrae
932 1153 1055 1193 eam
1084 1153 1197 1194 non
1225 1137 1757 1209 comprehenderunt
1785 1155 1805 1191 :
1843 1141 2080 1208 aposta-

2188 1136 2256 1194 Οἱ
2313 1136 2787 1208 ἀποστατήσαντες
2831 1137 2923 1195 καὶ
2983 1138 3037 1192 oi.
3094 1135 3287 1193 λοιποὶ
3323 1142 3432 1194 τῶν
3458 1136 3724 1195 τοιούτων
3753 1140 3846 1195 άν-

423 1232 499 1284 ιω
546 1226 830 1283 nimirum
878 1243 943 1283 ac
990 1226 1199 1297 reliqui
1230 1227 1496 1298 ejusdem
1557 1226 1760 1282 farinae
1809 1225 2081 1283 homines

2218 1225 2426 1300 ’ρώπων
2460 1227 2562 1282 οὐκ
2591 1223 2830 1303 ἔγνωσαν
2861 1226 3023 1283 αὐτόν
3055 1244 3069 1259 ⁶
3110 1226 3200 1282 καὶ
3242 1228 3271 1283 6
3300 1229 3525 1293 Θάνατος
3579 1226 3641 1284 οὔ
3697 1226 3852 1285 κατέ-

423 1333 560 1375 eum
601 1333 721 1373 non
772 1320 1013 1382 norunt,
1062 1332 1199 1372 cum
1249 1319 1309 1372 et
1332 1332 1489 1373 mors
1539 1314 1737 1389 ipsum
1784 1332 1899 1371 non
1933 1314 2083 1371 deti-

430 1406 650 1465 nuerit.

504 1497 601 1552 IX.
637 1495 809 1552 Fides
836 1511 956 1551 non
990 1511 1110 1551 una
1139 1499 1250 1563 est,
1281 1495 1383 1551 sed
1416 1495 1671 1551 diversa.
1706 1494 1859 1551 Dicit
1889 1495 2086 1566 itaque

434 1584 735 1642 Salvator:
769 1585 1004 1640 Ε’ίαίιὶὺί
1031 1584 1502 1654 secundumﬂdem
1519 1589 1669 1640 tuam
1691 1584 1793 1656 (ὁ).
1823 1584 1962 1639 Inde
1995 1584 2089 1639 di-

435 1675 609 1741 citur,
644 1674 913 1731 homines
945 1673 1047 1746 qui
1076 1677 1265 1730 vocati
1290 1674 1524 1730 fuerant
1554 1674 1613 1729 in
1646 1675 1902 1730 adventu
1920 1673 2091 1728 Anti-

436 1762 645 1821 christi
675 1763 1041 1819 seducendos
1068 1779 1219 1833 esse,
1252 1762 1622 1835 impossibile
1651 1779 1789 1818 vero
1819 1766 1886 1817 ut
1917 1763 2090 1818 sedu-

435 1858 648 1909 cantur
676 1852 773 1921 qui
799 1852 1018 1908 fuerint
1047 1852 1235 1908 electi.
1261 1852 1507 1908 Proinde
1530 1851 1674 1907 dicit
1699 1869 1711 1906 :
1747 1856 1813 1908 Et
1835 1854 1887 1908 si
1912 1854 2093 1923 possi-

2194 1333 2326 1390 σχεν
2356 1315 2518 1372 αὑτόν
2529 1361 2542 1374 .

2267 1496 2341 1550 Θ’.
2371 1495 2437 1551 Ἠ
2464 1494 2648 1557 πίστις
2680 1493 2744 1549 οὐ
2796 1493 2911 1568 μία,
2944 1492 3092 1550 ἀλλὰ
3147 1491 3422 1573 διέφορος.
3445 1498 3506 1554 '0
3547 1498 3680 1572 γοῦν
3732 1503 3857 1553 Σω-

2196 1584 2301 1655 τήρ
2360 1604 2493 1659 φησι
2527 1602 2540 1616 ’
2599 1586 2894 1655 Γενηθήτω
2953 1583 3236 1641 σου’κατά
3476 1585 3576 1654 τήν
3650 1585 3859 1644 πίστιν.

2198 1673 2353 1735 Ὅθεν
2388 1669 2599 1748 εἴρηται
2625 1673 2754 1735 τοὺς
2787 1673 2881 1747 μὶν
2909 1679 3011 1743 τῆς
3050 1671 3304 1743 κλήσεως
3350 1671 3675 1749 ἀνθρώπους
3722 1675 3863 1731 κατᾶ

2198 1761 2300 1829 τὴν
2331 1760 2629 1835 παρουσίαν
2659 1765 2756 1816 τοῦ
2789 1761 3168 1837 Ἀντιχρίστου
3194 1759 3639 1832 πλανηθήσεσθαι
3674 1781 3688 1794 ’
3724 1760 3861 1818 ἀδύ-

2199 1871 2361 1906 νατον
2394 1847 2452 1905 δὲ
2478 1849 2609 1913 τοὺς
2649 1849 2942 1913 ἐκλεκτούς
2972 1868 2987 1884 '
3021 1848 3107 1906 διὸ
3136 1850 3271 1929 φησί
3303 1870 3316 1883 ’
3351 1851 3480 1922 Καὶ,
3512 1851 3557 1906 εἰ
3611 1848 3864 1927 δυνατὸν,

439 1942 547 1998 bile
570 1945 738 2015 foret,
757 1942 916 1997 electi
937 1943 1049 1997 mei
1063 1942 1159 2013 (c).
1178 1945 1405 1997 Rursus
1431 1958 1565 1996 cum
1592 1942 1708 1997 ait:
1744 1940 2010 1997 Discedite
2030 1941 2096 1996 de

2218 1937 2329 2001 τοὺς
2384 1936 2674 2002 ἐκλεκτούς
2731 1960 2858 2013 μου.
2917 1938 3088 1995 Πάλιν
3139 1938 3265 1995 ὅταν
3344 1938 3515 2015 λέγῃ·
3582 1938 3867 2015 Ἐξέλθατε

435 2032 591 2089 domo
614 2030 799 2087 Patris
823 2031 936 2085 mei
955 2029 1055 2103 (ά),
1088 2030 1309 2086 vocatis
1336 2030 1416 2084 ibi
1445 2030 1608 2086 dicit.
1632 2029 1916 2085 Similiter
1940 2029 2095 2101 quod

2218 2029 2267 2084 ἐκ
2321 2032 2420 2084 τοῦ
2470 2027 2624 2084 οἷ’κου
2677 2033 2777 2084 τοῖ’)
2825 2029 3037 2092 Πατρός
3084 2050 3211 2102 μου,
3243 2035 3362 2092 τοῖς
3391 2028 3621 2100 κλητοῖς
3667 2028 3813 2106 λέγει
3847 2049 3863 2064 ·

437 2121 664 2178 dictum
696 2123 788 2176 est
816 2136 848 2175 a
879 2118 1348 2191 peregrinatione
1392 2120 1686 2185 redeunti,
1734 2118 1821 2174 illi
1847 2119 1946 2190 qui
1973 2134 2096 2174 rem

436 2225 610 2268 suam
635 2208 1039 2283 abligurierat,
1067 2208 1280 2281 cuique
1311 2207 1526 2264 vitulus
1551 2208 1846 2277 saginatus
1870 2210 1941 2279 (ε)
1980 2224 2102 2263 ma-

444 2305 640 2357 ctatus
668 2298 881 2367 fuerat,
910 2298 1276 2355 vocationem
1310 2296 1571 2369 respicit.
1607 2297 1839 2352 Rursus
1871 2297 1969 2352 ubi
2002 2311 2103 2352 rex

447 2406 547 2446 eos
560 2386 1019 2461 quiinviiserant
1044 2388 1109 2459 (Ι)
1135 2386 1206 2442 ad
1232 2386 1572 2459 nuptiarum
1606 2402 1832 2442 ccenam
1855 2386 2101 2443 vocavit.

454 2478 536 2535 Ex
565 2493 733 2549 aequo
755 2475 993 2549 quidem
1026 2475 1212 2531 vocati
1236 2476 1474 2530 fuerunt
1505 2490 1731 2543 omnes,
1762 2474 1980 2546 quippe
2003 2491 2106 2529 su-

454 2583 560 2639 per
580 2567 779 2637 justos
808 2570 863 2621 et
895 2565 1148 2637 injustos
1173 2564 1344 2637 pluit,
1369 2563 1665 2635 solemque
1683 2564 1976 2619 universis
2006 2580 2108 2619 ac-

461 2654 659 2711 cendit
680 2655 787 2727 (g).
814 2653 1132 2725 Eliguntur
1154 2658 1348 2708 autem
1382 2653 1496 2709 ﬁde
1520 2653 1727 2723 majori
1758 2652 2004 2724 praediti,
2038 2652 2111 2709 ad

454 2760 601 2816 quos
632 2742 826 2814 inquit
846 2743 1101 2798 :Patrem
1124 2757 1483 2797 meumncmo
1501 2742 1640 2797 vidit
1668 2742 1781 2797 nisi
1810 2742 1987 2796 Filius
2005 2741 2109 2813 (h),

451 2838 545 2889 et:
584 2833 682 2888 l’os
706 2831 905 2887 mundi
927 2832 1025 2887 lux
1046 2831 1176 2887 estis
1192 2829 1280 2903 (ἱ),
1295 2835 1384 2887 et:
1400 2833 1789 2901 Patersancte,
1813 2831 2109 2902 sancti/ica

457 2935 548 2977 eos
577 2922 640 2976 in
666 2922 893 2977 nomine
920 2928 1013 2977 tuo
1042 2919 1140 2992 (Ic).

523 3010 680 3067 850
710 3012 780 3063 Χ.
801 3009 1003 3081 Neque
1032 3007 1325 3079 spiritalia
1354 3024 1420 3063 ac
1448 3025 1575 3080 quis
1605 3008 1972 3081 intelligunt,
2006 3024 2109 3065 ne-

459 3115 575 3173 que
605 3097 943 3170 archangeli
966 3098 1065 3169 qui
1100 3098 1364 3153 omnium
1387 3098 1558 3169 primi
1583 3097 1763 3153 creati
1780 3104 1938 3165 sunt,
1964 3100 2107 3171 quin

456 3194 516 3246 et
547 3204 653 3245 nec
681 3189 808 3262 ipse
855 3188 1124 3245 informis
1156 3194 1214 3245 et
1241 3188 1343 3261 qui
1387 3189 1517 3245 sine
1543 3189 1608 3254 ›ι‹
1637 3190 1853 3262 specie,
1884 3189 2013 3245 sine
2044 3189 2109 3243 fi-

2207 2117 2375 2174 πάλιν
2405 2123 2483 2190 τῷ
2513 2118 2565 2189 ἐξ
2591 2116 2903 2192 ἀποδημίας
2936 2117 3151 2183 ἐλθόντι
3202 2118 3296 2174 καὶ
3352 2116 3742 2190 κατεδηδοκότι
3797 2121 3869 2177 τὰ

2213 2209 2559 2283 ὑπάηχοντα,
2591 2209 2637 2280 ᾧ
2664 2209 2757 2264 τὸν
2808 2209 3049 2263 σιτευτὸν
3100 2204 3257 2273 ἔθυσε
3310 2207 3545 2283 μόσχον,
3571 2211 3673 2279 τὴν
3723 2209 3872 2281 κλῆ-

2211 2318 2292 2353 σιν
2356 2296 2505 2372 λέγει
2540 2318 2553 2330 ο
2583 2298 2675 2352 καὶ
2735 2295 2874 2352 ὅπου
2918 2297 2947 2351 6
3000 2296 3256 2373 βασιλεὺς
3289 2297 3365 2360 εἷς
3392 2297 3457 2353 τὸ
3496 2294 3720 2354 δεῖπνον
3769 2303 3872 2356 τοῦ

2212 2386 2396 2461 γάμου
2441 2384 2569 2448 τοὺς
2619 2385 2672 2441 ἐν
2718 2390 2839 2449 ταῖς
2890 2383 3040 2449 ὁδοῖς
3065 2383 3320 2457 κέκληκε.
3355 2386 3557 2451 Πάντες
3617 2387 3716 2461 μὲν
3775 2386 3872 2444 οὖν

2213 2475 2509 2546 κέκληνται
2540 2473 2732 2546 ἐπίσης
2766 2494 2779 2508 ’
2817 2476 3005 2552 βρέχει
3034 2475 3135 2550 γὰρ
3166 2474 3254 2531 ἐπὶ
3301 2473 3546 2540 δικαίους
3602 2477 3694 2533 καὶ
3752 2475 3878 2533 άδί-

2214 2586 2365 2634 κους,
2400 2564 2489 2620 καὶ
2521 2565 2610 2620 τὸν
2642 2564 2812 2634 ἥλιον
2845 2564 3142 2639 έπιλάμπιι
3180 2570 3342 2621 πᾶσιν
3376 2585 3390 2599 ο
3439 2564 3765 2643 ἐκλέγονται
3819 2565 3881 2624 δὲ

2218 2655 2272 2710 oi
2306 2652 2522 2728 μᾶλλον
2552 2654 2948 2726 πιστεύσαντες,
2979 2656 3118 2732 πρὸς
3145 2653 3238 2718 οὓς
3272 2653 3417 2733 λέγει
3451 2673 3465 2688 ·
3496 2657 3599 2712 Τὸν
3658 2659 3883 2735 Πατέρα

2223 2766 2328 2818 μου
2360 2741 2537 2807 οὐδεὶς
2598 2744 2858 2818 ἑώρακεν,
2890 2744 2937 2799 εί
2971 2745 3047 2818 μὴ
3080 2744 3109 2799 6
3140 2744 3265 2809 Υἱός
3296 2764 3309 2779 ³
3343 2743 3437 2801 καί
3470 2761 3488 2782 ⁸
3515 2746 3701 2820 Ὑμεῖς
3762 2746 3885 2803 ἐστι

2216 2835 2278 2889 τὸ
2310 2837 2428 2909 φῶς
2453 2837 2550 2887 τοῦ
2578 2832 2792 2907 κόσμου
2816 2851 2830 2865 θ
2861 2832 2953 2889 καὶ
2988 2852 3000 2865 ·
3036 2834 3211 2911 Πάτερ
3242 2834 3380 2910 ἅγιε,
3413 2834 3637 2911 ἁγίασον
3681 2835 3887 2902 αὐτοὺς

2222 2921 2274 2977 έν
2303 2927 2384 2994 τῷ
2414 2920 2643 2995 ὀνόματί
2674 2942 2792 2977 σου.

2292 3012 2347 3069 1’.
2380 3008 2542 3069 Ἀλλ’
2574 3008 2700 3066 οὐδὲ
2753 3010 2823 3066 τὰ
2867 3012 3209 3085 πνευματικὰ
3257 3013 3350 3068 καὶ
3403 3014 3587 3090 νοερὰ,
3647 3010 3777 3070 οὐδὲ
3827 3015 3884 3070 οἱ

2220 3097 2566 3175 ἂρχάγγελοι
2624 3100 2682 3154 οἱ
2731 3102 3153 3175 πρωτόκτιστοι,
3195 3100 3335 3158 οὐδέ¹
3382 3104 3489 3176 μὴν
3547 3100 3665 3159 οὐδ’
3713 3103 3882 3168 αὐτὸς

2219 3188 2467 3265 ἄμορφος
2524 3191 2638 3263 (61)
2694 3189 2784 3244 καὶ
2841 3188 3079 3255 ἀνείδεος
3150 3192 3239 3246 καὶ
3316 3191 3734 3268 ἀσχημάτιστος
3784 3194 3881 3249 καὶ

455 3294 606 3352 gura
634 3283 692 3334 et
718 3294 993 3351 corpore:
1031 3280 1131 3335 sed
1160 3284 1219 3335 et
1241 3279 1486 3335 formam
1510 3279 1684 3334 habet
1708 3280 2027 3351 propriam,
2054 3282 2103 3335 et

2223 3277 2512 3351 ἀσώματός
2571 3278 2714 3333 ἐστιν
2749 3297 2762 3311 '
2795 3277 2942 3335 ἀλλᾶ
2989 3281 3077 3336 καὶ
3138 3282 3355 3359 μορφὴν
3414 3277 3530 3358 ἔχει
3590 3279 3755 3352 ἰδίαν,
3783 3283 3879 3339 καὶ

460 3347 676 3440 corpus
698 3384 805 3440 pro
821 3347 1049 3423 ratione
1077 3367 1434 3424 excellentiae
1464 3347 1849 3440 hujusce—qua
1871 3367 2103 3440 spiritus

2224 3347 2384 3440 σῶμα
2438 3365 2706 3442 ἀνάλογον
2777 3374 2879 3438 τῆς
2966 3347 3271 3446 ὑπεροχῆς.
3319 3347 3883 3445 τῶνηπνευματικῶν

458 3473 635 3513 omne
664 3461 922 3528 superat.
966 3456 1148 3511 Sicuti
1194 3462 1251 3512 et
1282 3456 1380 3528 qui
1414 3457 1590 3528 primi
1625 3462 1767 3512 sunt
1796 3457 1977 3512 creati
2012 3472 2112 3528 pro

456 3546 684 3601 ratione
710 3545 1063 3601 excellentia:
1112 3563 1241 3619 quin
1292 3546 1514 3603 sanctis
1547 3546 1805 3618 quifillis
1835 3548 2110 3617 subsunt,

461 3638 840 3706 exsuperant.
874 3633 1025 3689 Illud
1055 3635 1211 3690 enim
1229 3637 1379 3707 quod
1414 3636 1679 3708 genitum
1711 3641 1820 3701 est,
1846 3632 1961 3691 nun
1986 3652 2112 3692 om-

461 3722 603 3779 nino
618 3723 1146 3791 caretsubstantia,
1166 3724 1436 3796 quamvis
1450 3741 1565 3780 non
1585 3726 1831 3781 formam
1857 3725 2111 3781 similem

460 3816 520 3869 et
550 3828 763 3884 corpus
796 3812 1019 3868 habent
1046 3829 1179 3869 cum
1200 3813 1363 3869 hisce
1384 3814 1731 3886 corporibus
1757 3830 1888 3884 quae
1919 3815 1977 3870 in
2005 3814 2113 3871 hoc

460 3901 684 3957 mundo
738 3906 900 3958 sunt.
952 3902 1214 3959 Mascula
1243 3904 1402 3959 enim
1433 3907 1489 3958 et
1530 3904 1781 3960 feminea
1821 3908 1961 3960 sunt
1987 3921 2113 3975 quis

461 3990 559 4047 hic
609 3990 667 4045 in
711 3995 870 4047 terra
918 3991 1236 4059 exsistunt,
1266 3996 1326 4048 et
1375 3992 1528 4048 inter
1559 4008 1622 4048 se
1651 3993 1938 4049 distincta
1972 4009 1985 4048 :
2020 3996 2113 4049 ast

455 4079 578 4136 illic
613 4079 962 4154 Unigenitus
995 4082 1233 4154 quidem
1260 4086 1316 4136 et
1346 4081 1446 4154 qui
1479 4082 1713 4154 proprie
1744 4081 2114 4156 intelligendi

458 4170 512 4225 vi
543 4170 821 4242 prsiditus
850 4175 960 4237 est,
995 4171 1187 4243 specie
1217 4170 1456 4244 propria
1487 4176 1665 4243 atque
1694 4171 1951 4228 essentia
1980 4188 2113 4246 pro-

458 4259 588 4333 pria
605 4274 838 4315 summe
861 4277 1009 4332 pura
1048 4260 1668 4333 principalissimaque
1689 4261 1894 4329 utitur,
1920 4267 1977 4317 et
2007 4262 2113 4317 Pa-

458 4348 564 4404 tris
593 4348 812 4404 virtute
841 4353 1062 4405 attente
1078 4350 1315 4405 fruitur.
1349 4351 1610 4416 Quivero
1641 4352 1902 4422 primum
1934 4352 2113 4409 creati

457 4442 619 4507 sunt,
653 4453 898 4493 numero
927 4438 1065 4495 licet
1085 4438 1324 4510 diversi,
1358 4441 1415 4495 id
1449 4446 1736 4513 quantum
1760 4458 1960 4498 eorum
1994 4442 2114 4498 sin-

457 4526 580 4599 guli
614 4526 979 4583 definiuntur
1007 4532 1064 4583 et
1093 4529 1684 4599 circumscribuntur,
1721 4531 2112 4589 nihilominus

459 4614 789 4672 similitudo
810 4633 1004 4672 rerum
1024 4619 1311 4675 unitatem
1330 4624 1387 4676 et
1406 4620 1802 4692 aequalitatem
1824 4622 2109 4679 etsimili-

560 4786 623 4851 ’κ
655 4791 713 4843 Ρ.
769 4786 877 4841 960
929 4786 1039 4842 ΕΙ).
1100 4788 1401 4846 POTTER.

1460 4792 1537 4865 (ᾳ)
1572 4792 1848 4865 Isa.i.xv,
1871 4796 1928 4848 7.
1960 4795 2034 4865 (ὸ)
2090 4794 2298 4851 Matth.
2358 4811 2436 4862 ix,
2466 4795 2557 4848 29.
2591 4794 2666 4863 (ε)

2220 3456 2494 3513 ἁπάντων.
2526 3458 2614 3518 Ὠς
2645 3454 2828 3512 δὲκαὶ
2887 3458 2941 3512 οἱ
2998 3460 3400 3534 πρωτόκτιστοι
3455 3460 3722 3537 ἀνάλογον
3775 3468 3883 3532 τῆς

2223 3545 2503 3620 ὑπεροχῆς
2530 3550 2639 3600 τῶν
2703 3546 2793 3624 ὑφ’
2821 3545 2986 3601 αὐτοῦ
3042 3547 3205 3602 ὁσίων
3240 3549 3372 3623 (62).
3403 3546 3587 3612 Ὀλως
3642 3550 3747 3625 γάρ
3812 3550 3882 3605 τὸ

2219 3634 2449 3710 γενητὸν
2480 3636 2585 3690 οὐκ
2613 3633 2863 3691 ἀνούσιον
2898 3635 3015 3709 μὶν,
3049 3636 3160 3712 οὐχ
3191 3637 3384 3709 δμοιον
3419 3634 3478 3693 δὲ
3510 3639 3729 3716 μορφὴν
3782 3630 3883 3693 καὶ

2219 3729 2379 3798 σῶμα
2414 3722 2604 3799 ἔχουσι
2660 3729 2780 3789 τοῖς
2835 3724 2888 3780 ὲν
2938 3722 3081 3797 τῷδε
3107 3729 3189 3798 τῷ
3217 3725 3412 3800 κόσμῳ
3444 3727 3711 3802 σώμασιν.
3743 3728 3882 3804 "Ap-

2222 3815 2346 3891 ῥενά
2383 3834 2441 3869 τε
2469 3813 2571 3890 γὰρ
2600 3815 2690 3869 καὶ
2718 3812 2893 3885 θήλεα
2946 3815 3014 3869 τὰ
3043 3813 3288 3880 ἐνταῦθα,
3320 3817 3412 3872 καὶ
3461 3813 3695 3895 διάφορα
3736 3816 3882 3892 πρὸς

2219 3901 2356 3959 αὒτᾶ
2383 3921 2396 3934 ’
2428 3903 2539 3958 ἐκεῖ
2569 3900 2624 3959 δὶ
2656 3905 2684 3958 6
2719 3904 2815 3977 μὶν
2845 3904 3161 3979 Μονογενής
3191 3905 3279 3960 καὶ
3324 3903 3482 3971 ΐδίως
3527 3906 3736 3981 νοερὸς,
3760 3903 3887 3980 ἰδέᾳ

2225 3992 2337 4066 ἰδίᾳ
2362 3993 2452 4048 καὶ
2485 3993 2641 4049 οὖσία
2670 3990 2781 4064 ΐδίᾳ
2807 3993 3154 4070 κεχρημένος
3212 3990 3416 4071 ἄκρως,
3450 3994 3740 4073 εἰλικρινεῖ
3784 3999 3882 4053 καὶ

2221 4083 2696 4158 ἡγεμονικωτάτη,
2725 4084 2817 4138 καὶ
2848 4087 3141 4160 προσεχῶς
3186 4088 3288 4151 τῆς
3336 4089 3436 4141 τοῦ
3484 4086 3694 4161 Πατρὸς
3745 4086 3886 4142 ἀπο-

2223 4171 2404 4228 λαύων
2435 4169 2717 4247 δυνάμεως
2743 4192 2755 4204 ·
2789 4173 2841 4228 οἱ
2873 4169 2932 4229 δὲ
2961 4173 3384 4249 πρωτόκτιστοι,
3417 4174 3463 4231 εί
3517 4175 3608 4231 καὶ
3657 4176 3885 4253 ἀριθμῷ

2211 4251 2498 4341 διάφοροι,
2532 4259 2621 4317 καί
2671 4263 2700 4318 ὁ
2739 4263 2857 4318 καθ’
2885 4260 3114 4319 ἕκαστον
3163 4264 3519 4341 περιώρισται
3578 4266 3667 4321 καὶ
3696 4251 3885 4341 περι-

2219 4352 2540 4428 γέγραπται,
2574 4348 2704 4407 ἀλλ’
2732 4354 2766 4421 ἡ
2801 4351 3071 4423 ὁμοιότης
3110 4356 3218 4407 τῶν
3263 4354 3597 4429 πραγμάτων
3651 4354 3891 4426 ἑνότητα

2220 4440 2311 4495 καὶ
2362 4438 2586 4511 ἰσότητα
2632 4440 2722 4495 καὶ
2765 4439 3071 4513 ὁμοιότητα
3096 4439 3447 4501 ἐνδείκνυται.
3473 4444 3547 4499 Οὐ
3599 4443 3706 4519 γὰρ
3736 4440 3892 4519 τῷδε

2225 4531 2322 4602 μὲν
2353 4530 2544 4599 πλέον,
2574 4526 2717 4603 τῷδε
2749 4527 2807 4584 δὲ
2835 4532 3000 4599 ἧττον
3030 4531 3373 4607 παρέσχηται
3402 4536 3514 4589 τῶν
3545 4516 3687 4589 έπτά
3712 4552 3726 4567 ο
3759 4516 3894 4588 οὐδ’

2220 4616 2673 4682 ὀπολείπεταίτις
2729 4616 2917 4683 αὐτοῖς
2972 4621 3229 4694 προκοπὴ
3282 4618 3334 4695 ἐξ
3388 4620 3596 4697 ἀρχῆς,
3637 4620 3885 4694 ἀπειλη-

2726 4792 2931 4867 Matth.
2964 4808 3117 4861 xxiv,
3151 4794 3241 4849 24.
3268 4865 3278 4867 ᾼ
3303 4798 3393 4867 (τι),
3436 4795 3611 4853 Joan.
3667 4813 3730 4865 ii,
3791 4799 3887 4856 16.

449 4856 503 4929 (e
536 4857 673 4913 Luc.
731 4874 825 4929 xv,
854 4859 947 4914 25.
979 4859 1043 4930 (Ι)
1073 4861 1277 4917 Matth.
1309 4856 1536 4933 xxn,‘9'.
1569 4865 1644 4934 (g)
1677 4856 1882 4920 Matth.
1917 4856 1976 4932 ν,
2006 4867 2096 4924 45.

2268 4856 2439 4921 ,Ιοεοζ
2474 4882 2513 4933 i,
2551 4856 2734 4937 18.'(i)
2763 4865 2966 4922 Matth.
3025 4882 3081 4936 ν,
3106 4856 3203 4922 ⁷14.
3236 4856 3319 4938 (lci
3364 4856 3543 4925 'Joan.
3607 4856 3747 4940 xv1i,
3789 4872 3887 4929 11.

667 5043 958 5117 Γενηθήτω
1011 5063 1108 5097 σου
1163 5064 1216 5100 κ.
1263 5045 1327 5099 Α.
1380 5045 1608 5117 mavult
1637 5062 1650 5101 :
1679 5047 1969 5117 Γενηθήτω
2026 5066 2111 5102 σοι

453 5114 589 5170 κατὰ
616 5114 715 5185 τὴν
749 5114 1092 5185 πίστινγσουᾲ,
1126 5121 1192 5170 ut
1237 5115 1435 5171 Matth.
1473 5132 1553 5183 ix,
1587 5122 1643 5171 et
1689 5135 1782 5174 xv.
1802 5114 2109 5177 'SvLBURG.

524 5190 637 5263 (61)
669 5183 805 5263 Οὐδ’Δ
839 5184 1002 5263 αὐτρς
1030 5183 1327 5263 ᾇμορφος.
1361 5186 1610 5263 _Videtur
1642 5191 1960 5263 subaudiri
2008 5211 2110 5263 μο-

452 5255 675 5336 νργενῆς
707 5256 838 5336 esca
868 5257 955 5313 vel
987 5255 1134 5317 ἶὶός.
1169 5255 1416 5336 Perinde
1437 5259 1603 5336 enim
1639 5259 1720 5313 illi
1755 5278 1968 5333 corpus
2008 5255 2111 5319 ἀε-

453 5329 643 5403 signat
672 5336 731 5387 et
759 5331 1032 5403 formam,
1069 5345 1136 5403 ac
1166 5329 1454 5403 quidquid
1487 5346 1792 5402 corporum
1826 5329 1935 5389 est.
1953 5338 2021 5390 Et
2042 5336 2114 5391 de

453 5398 681 5475 angelis
713 5400 963 5482 quidem
986 5398 1139 5483 haud
1178 5398 1350 5455 aliter
1380 5398 1829 5473 argumentatur
1853 5409 2111 5463 Joannes

450 5471 1001 5529 ThessalonicenSis
1031 5488 1087 5528 in
1120 5490 1198 5529 vn
1227 5474 1469 5535 synodo.
1504 5474 1584 5529 De
1620 5480 1731 5530 er
1765 5481 1961 5535 autem
2008 5482 2113 5535 aut

451 5489 1001 5529 'l'nessaionicen8is
1031 5489 1087 5528 in
1120 5490 1198 5529 vn
1227 5489 1469 5557 synoao.
1504 5489 1584 5529 ue
1620 5489 1731 5530 ueo
1765 5489 1961 5535 autem
2008 5489 2111 5535 aut

451 5545 644 5617 Verbo
696 5558 863 5617 nemo
889 5546 1010 5617 gest
1040 5544 1488 5617 catholicorum
1522 5547 1622 5617 qui
1656 5564 1769 5603 non
1804 5550 1988 5605 rideat
2043 5568 2111 5607 ac

458 5615 733 5690 despuat,
766 5613 1052 5690 quidquid
1087 5616 1246 5690 olim,
1277 5613 1668 5690 simpliciores
1721 5621 1989 5677 monachi
2051 5624 2110 5679 in

458 5631 733 5697 aespuat,
766 5631 1052 5742 quia/quia
1087 5631 1248 5700 onm_
1277 5631 1668 5700 simpliciores
1713 5631 1989 5701 .monactii
2051 5631 2110 5679 in

456 5686 645 5768 Nitria
672 5690 730 5768 et
761 5701 863 5768 per
906 5694 1201 5768 hgyptum
1234 5690 1570 5768 istiusmodi
1604 5692 1845 5768 faecibus
1865 5711 1978 5768 per
2027 5695 2111 5750 ni-

456 5758 635 5839 iniam
667 5757 1101 5839 simplicitate—in
1122 5763 1218 5834 (ne
1244 5761 1629 5839 stoliditatem
1662 5757 2105 5839 d'icamfpotati.

455 5827 636 5890 Altior
691 5827 860 5888 nobis
905 5832 978 5888 de
1035 5827 1152 5890 Deo
1197 5832 1493 5906 cogitatio.
1527 5851 1704 5908 quem
1738 5827 2105 5898 nullosensu

2224 5050 2512 5128 corporis,
2543 5065 2609 5105 ac
2659 5065 2748 5128 ne
2776 5050 2989 5128 mentis
3038 5050 3428 5128 intelligentia
3472 5053 3585 5128 nisi
3618 5055 3741 5128 ipso
3774 5057 3853 5114 do
3874 5090 3888 5099 -

2226 5122 2499 5197 nantead
2532 5138 2711 5194 seque
2733 5122 3005 5179 trahente
3035 5140 3102 5180 ac
3132 5122 3331 5181 lumen
3361 5122 3675 5197 prebente',
3704 5132 3888 5185 tunc-

2225 5209 2337 5279 que
2359 5193 2663 5279 etiampro
2689 5200 2890 5279 nostro
2924 5196 3161 5279 modulo
3194 5213 3299 5279 nec
3320 5193 3893 5279 comprehendendo

2226 5266 2510 5343 attingere
2542 5265 2714 5323 liceat
2740 5284 2762 5323 :
2796 5268 3085 5343 quomodo
3118 5285 3223 5343 nec
3243 5265 3589 5343 videns'nec
3620 5274 3779 5343 quod
3799 5275 3893 5329 vi-

2224 5340 2394 5414 detur
2424 5355 2642 5414 corpus
2670 5345 2761 5395 est
2791 5354 2859 5395 ex
2893 5339 3119 5414 insulsa
3150 5339 3593 5414 Gnosticorumr
3616 5339 3894 5414 philoso—

2223 5410 2674 5491 p_bia,-:6__w}sp<5v
2706 5416 2761 5491 et
2790 5410 2987 5479 νοητόν
3015 5411 3194 5491 idque
3224 5413 3393 5480 longe
3421 5410 3735 5491 excellens,
3744 5432 3893 5491 qum

2222 5483 2306 5537 sic
2338 5483 2668 5539 vocibus’ex
2698 5483 3137 5556 visuacceptis,
3163 5491 3226 5540 ut
3257 5501 3542 5541 sensuum
3577 5483 3892 5547 nobilissi-

2224 5572 2338 5619 mo,
2375 5561 2572 5611 nostro
2608 5571 2765 5610 more
2797 5555 3217 5625 signiﬁcamus.
3254 5557 3507 5616 Gorneas.

2312 5627 2404 5694 62)
2430 5628 2544 5678 Τῶν
2580 5624 2669 5700 ὑφ’
2697 5624 2871 5680 αὐτοῦί
2924 5626 3111 5681 ὁσίων.
3149 5628 3317 5684 Forte
3366 5632 3472 5682 τῶν
3537 5627 3627 5683 ὑπ’
3676 5627 3887 5694 αὐτοὺς

2221 5696 2386 5751 ὁσίων
2423 5716 2431 5729 ·
2466 5696 2676 5772 eoiuni,
2709 5700 2928 5772 quisng
2957 5701 3039 5755 eis
3084 5709 3239 5769 sunt,
3272 5705 3614 5759 sanctorum.
3651 5701 3886 5763 Ibidem

2223 5787 2353 5827 mox
2386 5772 2469 5842 A.,
2501 5769 2561 5824 τὸ
2590 5769 2866 5845 γεννητόν.
2897 5771 3189 5827 SYLBURG.
