4124 6428
347 493 452 551 661

1138 495 1376 551 DUBIA.
1409 523 1480 535 -—
1509 496 1902 553 EXCEBPTA
1939 497 2040 551 EX
2075 499 2396 554 SCRIPTIB
2431 499 2812 568 THEODOTI,
2851 501 3010 557 ETC.

3675 499 3782 554 662

351 619 536 696 φότων
585 618 650 672 τὸ
696 613 912 672 τέλειον
961 616 1075 690 ἆμα
1121 621 1190 690 τῇ
1239 619 1428 693 πρώτῃ
1476 619 1679 693 γενέσει
1727 619 1872 694 παρᾶ
1915 626 1998 676 τοῐ

2134 623 2399 678 tudinem
2432 622 2842 679 ostendit.Ncn
2875 624 3029 680 enim
3064 625 3199 680 huic
3230 624 3466 696 quidem
3501 625 3776 697 amplius,

346 711 484 764 Θεοῦ
518 705 609 761 διὰ
659 710 758 762 τοῦ
806 707 958 762 Υἱοῦ.
1014 706 1114 761 Καὶ
1159 707 1187 761 6
1240 707 1335 778 μὲν
1367 713 1481 786 φῶς
1531 707 1822 782 ἀπρόσιτον
1856 707 2008 784 εἷ’ρη-

345 816 459 864 ται,
491 796 567 856 ὡς
600 795 901 870 μονογενὴς
950 795 1040 850 καὶ
1087 796 1462 869 πρωτότοκος,
1499 793 1532 850 ἃ
1562 796 1848 874 ὀφθαλμὸς
1900 798 2007 872 (63)

351 886 457 942 οὐκ
525 881 650 952 εἶδε,
702 885 792 940 καὶ
851 885 947 946 οὗς
994 883 1093 940 οὐκ
1146 883 1400 957 ἤκουσεν,
1463 883 1587 940 οὐδὲ
1643 885 1731 940 ἐπὶ
1788 884 2010 960 καρδίαν

354 976 646 1052 ἀνθρώπου
691 968 880 1044 ἀνέϐη·
929 972 1054 1028 οὐδὲ
1102 972 1250 1029 ἔσται
1297 974 1380 1036 τὶς
1408 979 1678 1044 τοιοῦτος,
1729 973 1855 1030 οὐδὲ
1899 981 2008 1031 τῶν

356 1064 801 1140 πρωτοκτίστων,
853 1060 978 1118 οὔτε
1025 1065 1348 1137 ἀνθρώπων·
1401 1065 1451 1118 οἱ
1503 1061 1561 1118 δὲ
1610 1063 1899 1126 διαπαντὸς
1944 1065 2008 1120 τὸ

348 1154 651 1229 πρόσωπον
692 1157 789 1208 τοῦ
838 1154 1049 1227 ΙΙατρὸς
1099 1151 1382 1228 βλέπουσι·
1435 1154 1728 1228 πρόσωπον
1785 1152 1843 1208 δὲ
1893 1160 2006 1208 Πα-

343 1244 476 1319 τρὸς
509 1246 623 1318 (64)
656 1244 684 1298 6
716 1242 865 1312 Υἱὸς,
889 1239 960 1297 δι’
1010 1243 1072 1296 οὗ
1119 1243 1442 1319 γνωρίζεται
1475 1244 1502 1297 6
1534 1245 1745 1318 Πατήρ.
1782 1243 1858 1300 Τὸ
1889 1243 2006 1298 τοί-

345 1355 440 1387 νυν
494 1333 638 1409 ὀρῶν
688 1333 778 1387 καὶ
834 1331 1114 1406 ὁρώμενον
1165 1332 1579 1407 ἀσχημάτιστον
1623 1334 1756 1387 εἶναι
1806 1332 1867 1386 οὐ
1913 1330 2004 1386 δύ-

345 1444 502 1478 ναται
590 1419 716 1477 οὐδὲ
788 1422 1096 1490 ἀσώματον.
1177 1422 1377 1496 Ὀρῶσι
1452 1419 1508 1476 δὲ
1576 1419 1850 1499 ὀφθαλμῷ
1909 1422 2008 1477 οὐκ

346 1512 620 1583 αἰσθητῷ,
655 1510 782 1567 ἀλλ’
816 1509 916 1584 ο⁹ίῳ
946 1511 1216 1586 παρέσχεν
1250 1512 1278 1565 6
1309 1514 1519 1587 Πατὴρ,
1545 1515 1740 1587 νοερῷ.

2120 711 2237 766 illis
2269 728 2399 766 vero
2434 711 2630 766 minus
2659 728 2728 767 ex
2755 721 2959 784 septem
2992 713 3112 769 illis
3154 714 3263 768 fuit
3293 731 3638 771 concessum
3672 716 3772 788 (α),

2122 818 2228 857 nec
2263 800 2418 857 ullus
2446 802 2518 857 iis
2550 802 2708 857 deest
2746 803 3059 873 profectus,
3103 804 3198 874 qui
3256 820 3289 857 a
3321 804 3608 876 principio
3641 821 3768 876 per-

2122 891 2430 945 fectionem
2465 907 2698 945 omnem
2755 893 2870 945 una
2901 908 3032 946 cum
3070 893 3258 962 primo
3297 900 3426 947 ortu
3459 911 3492 946 a
3527 897 3638 948 Deo
3671 909 3773 964 per

2124 980 2328 1034 Filium
2364 984 2736 1052 acceperunt.
2771 981 2840 1034 Et
2871 980 2967 1036 ille
2998 981 3235 1051 quidem
3288 982 3474 1036 lumen
3523 983 3770 1036 inacces-

2117 1086 2242 1124 sum
2269 1073 2512 1124 vocatur
2541 1070 2710 1140 (b),ut
2732 1069 3072 1140 unigenitus
3095 1073 3151 1124 et
3175 1070 3775 1142 primogenitus,quod

2117 1159 2308 1213 oculus
2337 1176 2446 1213 non
2479 1159 2638 1226 vidit,
2670 1175 2772 1212 nec
2799 1158 2955 1213 auris
2983 1159 3218 1223 audivzt,
3249 1175 3349 1213 nec
3379 1163 3438 1214 in
3466 1175 3560 1215 cor
3589 1159 3768 1216 hami.

2117 1249 2206 1302 nis
2231 1247 2474 1302 ascendit
2502 1247 2571 1319 (e)
2606 1265 2618 1302 :
2654 1263 2758 1302 nec
2785 1247 2919 1320 quis
2952 1247 3087 1302 talis
3121 1248 3373 1316 futurus,
3412 1265 3518 1304 nec
3546 1266 3614 1305 ex
3647 1249 3766 1304 illis

2116 1337 2211 1406 qui
2250 1336 2436 1407 primo
2470 1337 2644 1391 creati
2680 1342 2816 1392 sunt
2847 1338 3462 1408 spiritibus,necinter
3482 1337 3768 1393 homines.

2118 1424 2375 1497 Spiritus
2407 1442 2536 1479 vero
2569 1424 2653 1479 illi
2679 1423 2894 1496 semper
2909 1425 3311 1496 videntfaciem
3331 1426 3772 1498 Patris(d):hzec

2118 1519 2316 1569 autem
2348 1514 2536 1570 Patris
2570 1516 2746 1570 facies
2776 1516 2960 1570 Filius
2990 1521 3099 1582 est,
3134 1532 3237 1587 per
3266 1532 3441 1587 quem
3479 1516 3643 1571 Pater
3671 1533 3771 1571 co-

345 1603 675 1677 gnoscitur.
705 1601 854 1658 Illud
886 1603 1082 1672 itaque
1114 1603 1270 1674 quod
1303 1603 1457 1658 videt
1487 1609 1543 1658 et
1574 1605 1727 1674 quod
1761 1602 2012 1674 videtur,
2042 1603 2240 1676 ﬁgurae
2269 1606 2505 1676 quidem
2539 1605 2735 1659 omnis
2767 1610 2868 1659 aut
2913 1605 3172 1677 corporis
3219 1621 3428 1676 expers
3474 1621 3604 1661 esse
3655 1621 3770 1662 non

343 1697 563 1765 potest.
593 1690 807 1748 Vident
835 1698 1034 1746 autem
1063 1708 1178 1746 non
1211 1691 1382 1747 oculo
1412 1693 1698 1759 sensibili,
1732 1693 1832 1747 sed
1868 1693 1964 1747 tali
1999 1693 2230 1765 qualem
2266 1694 2514 1765 praebuit
2545 1699 2734 1762 Pater,
2769 1695 3047 1748 nimirum
3086 1695 3346 1749 mentali.

418 1782 527 1838 IA'.
561 1783 723 1835 Ὅταν
773 1777 866 1834 οὖν
916 1777 1042 1854 ε’ίπῃ
1094 1781 1122 1834 6
1168 1779 1384 1853 Κύριος·
1418 1781 1508 1848 Μὴ
1558 1781 2010 1855 καταφρονήσητε

343 1870 463 1932 ἑνὸς
505 1873 615 1924 τῶν
667 1873 877 1942 μικρῶν
921 1869 1152 1923 τούτων·
1207 1870 1354 1942 ἀμην
1405 1867 1548 1942 λέγω
1601 1870 1754 1942 ὑμῖν,
1799 1869 2006 1923 τούτων

344 1961 398 2015 οἱ
460 1956 685 2035 ἄγγελοι
762 1957 826 2012 τὸ
884 1957 1178 2032 πρόσωπον
1253 1962 1350 2012 τοῦ
1427 1959 1640 2033 Πατρὸς
1719 1955 2010 2022 διαπαντὸς

353 2047 669 2125 βλέπουσιν,
717 2049 832 2102 οἷον
881 2048 941 2102 τὸ
991 2045 1458 2123 προκεντημάτων
1509 2049 1643 2121 (65),
1695 2048 1802 2101 οἷοι
1852 2041 2006 2100 ἔσον-

2189 1783 2455 1838 Xl.Cum
2487 1783 2668 1853 igitur
2702 1784 2983 1838 Dominus
3016 1784 3266 1838 dixerit:
3301 1785 3376 1839 Ne
3401 1787 3769 1840 contemnatis

2118 1888 2294 1927 unum
2322 1889 2393 1927 ea:
2412 1875 2604 1943 parvis
2631 1873 2751 1927 istis
2779 1890 2797 1926 :
2822 1873 2940 1927 dico
2968 1874 3119 1928 enim
3147 1873 3550 1940 vobis,angelos
3579 1889 3767 1928 eorum

2116 1977 2215 2032 per
2243 1977 2401 2016 omne
2440 1967 2657 2032 tempus
2685 1960 2904 2016 intueri
2930 1963 3140 2033 faciem
3168 1962 3349 2016 Patris
3371 1963 3442 2025 (e)
3477 1977 3490 2015 :
3526 1961 3768 2026 indicat,

2119 2052 2272 2122 quod
2309 2050 2502 2121 qualis
2535 2050 2611 2106 sit
2641 2048 3107 2123 προκεντημάτων
3151 2054 3378 2117 natura,
3410 2049 3557 2106 tales
3589 2051 3771 2107 futuri

349 2159 440 2193 ται
471 2139 522 2192 οἱ
564 2136 834 2204 ἐκλεκτοὶ,
882 2137 980 2205 τὴν
1026 2135 1237 2191 τελείαν
1288 2131 1660 2198 ἀπολαϐόντες
1696 2137 1998 2210 προκοπήν·

2117 2139 2308 2208 electi,
2342 2156 2474 2194 cum
2512 2139 2834 2210 profectum
2871 2142 3194 2211 perfectum
3232 2140 3777 2211 acceperint.lnsu-

355 2229 621 2301 Μακάριοι
680 2223 738 2282 δὲ
795 2227 846 2281 οἱ
903 2227 1128 2300 καθαροὶ
1180 2229 1249 2300 τῇ
1307 2222 1522 2298 καρδίᾳ,
1575 2223 1656 2279 ὅτι
1703 2224 1858 2279 αὐτοὶ
1905 2225 1996 2278 τὸν

351 2319 483 2373 Θεὸν
532 2313 772 2390 ὄψονται·
823 2317 1115 2390 πρόσωπον
1169 2312 1226 2369 δὲ
1271 2319 1369 2370 τοῦ
1423 2314 1841 2390 ἀσχηματίστου
1879 2319 1996 2376 πῶς

344 2406 408 2462 ἂν
458 2405 588 2478 εἴης
634 2407 878 2479 Σώματα
924 2405 1054 2480 γοῦν
1102 2403 1392 2480 ἐπουράνια
1437 2402 1684 2481 εὔμορφα
1741 2403 1830 2458 καὶ
1879 2425 1997 2458 νοε-

338 2497 407 2570 ρὰ
598 2493 738 2550 οἶδεν
773 2496 801 2550 6
849 2494 1215 2556 Ἀπόστολος.
1262 2498 1385 2556 Πῶς
1433 2491 1478 2548 δ’
1528 2491 1587 2548 ἃν
1638 2493 1726 2548 καὶ
1759 2492 1999 2565 ὀνόματα

337 2584 578 2661 διάφορα
607 2584 782 2639 αὐτῶν
813 2583 1054 2659 ἐλέγετο,
1108 2583 1154 2638 εἰ
1207 2585 1282 2656 μή
1331 2585 1611 2658 σχήμασιν
1659 2583 1726 2650 ἦν
1777 2603 1996 2657 περιγε-

336 2672 668 2750 γραμμένα,
729 2673 915 2749 μορφῇ
973 2671 1061 2725 καὶ
1123 2673 1334 2743 σώματι
1390 2673 1500 2743 (67)
1549 2689 1562 2740 ;
1619 2667 1806 2740 ’Ἄλλη
1870 2667 1997 2741 δόξα

337 2763 696 2838 ἐπουρανίων,
753 2759 898 2832 ἄλλη
962 2755 1262 2835 ἐπιγείων·
1331 2758 1477 2831 ἄλλη
1535 2758 1784 2833 ἀγγέλων
1821 2802 1834 2827 ,
1896 2757 1994 2813 ἄλ·-

336 2851 411 2923 λη
463 2850 851 2928 ἀρχαγγέλων·
902 2851 977 2913 ὡς
1023 2850 1161 2925 πρὸς
1216 2851 1316 2919 τὴν
1385 2849 1659 2924 σύγκρισιν
1707 2853 1814 2902 τῶν
1864 2845 1996 2922 τῇδε

337 2945 640 3016 σωμάτων,
693 2943 808 2996 οἷον
865 2939 1099 3013 ἄστρων,
1163 2939 1428 3010 ἀσώματα
1480 2937 1569 2992 καὶ
1628 2934 1861 3002 ἀνείδεα,
1921 2937 1996 2998 ὡς

335 3033 476 3104 πρὸς
520 3032 620 3099 τήν
669 3031 945 3106 σύγκρισιν
1003 3033 1102 3083 τοῦ
1149 3025 1278 3082 Υἳοῦ
1336 3028 1563 3099 σώματα
1611 3025 1996 3100 μεμετρημένα

336 3121 430 3177 καὶ
485 3119 742 3191 αἰσθητά.
797 3119 951 3174 Οὕτω
1000 3117 1090 3173 καὶ
1122 3118 1150 3172 6
1180 3118 1297 3192 γὶὸς
1345 3117 1482 3191 πρὸς
1509 3116 1600 3170 τὸν
1654 3117 1860 3190 Πατέρα
1891 3137 1994 3169 πα-

342 3205 784 3286 ραϐαλλόμενος.
839 3210 938 3265 Καὶ
988 3205 1215 3280 δύναμιν
1271 3207 1364 3279 μὲν
1415 3204 1556 3260 ἰδίαν
1606 3203 1721 3281 ἔχει
1769 3201 1993 3260 ἕκαστον

339 3305 451 3355 τῶν
481 3303 865 3372 πνευματικῶν
899 3298 986 3352 καὶ
1037 3294 1175 3351 ἴδίαν
1222 3295 1562 3368 οἰκονομίαν,
1595 3294 1730 3359 καθὸ
1766 3292 1823 3349 δὲ
1856 3296 1996 3368 ὁμοῦ

338 3411 400 3444 τε
453 3389 695 3464 ἐγένοντο
751 3391 914 3463 (68),
973 3385 1063 3442 καὶ
1119 3387 1181 3441 τὸ
1247 3383 1459 3447 ἐντελὲς
1517 3383 1884 3459 ἀπειλήφασιν
1944 3385 1996 3437 οἱ

335 3479 740 3554 πρωτόκτιστοι
777 3521 792 3546 ,
849 3491 1038 3545 κοινην
1115 3476 1216 3544 τήν
1295 3473 1639 3550 λειτουργίαν
1713 3473 1804 3528 καὶ
1871 3471 1995 3546 ἀμέ-

335 3589 542 3646 ριστον.

411 3752 509 3808 ΙΒ’.
559 3751 627 3808 Οἱ
669 3749 1069 3825 πριυτόκτιστοι
1114 3746 1204 3802 06v
1257 3746 1350 3802 τόν
1399 3767 1458 3802 τε
1509 3745 1631 3801 Υἱὸν
1683 3747 1849 3818 ὁρῶσι
1897 3747 1984 3800 καὶ

334 3839 564 3902 ἑαυτοὺς
609 3838 698 3894 καὶ
742 3838 811 3892 τὰ
861 3827 1266 3907 ὑποϐεϐηκότα,
1316 3834 1499 3909 ὣσπερ
1541 3835 1631 3889 καὶ
1674 3835 1724 3889 οἱ
1781 3836 1990 3910 ἀρχάγ-

332 3928 494 4005 γελοι
525 3928 655 3990 τοὺς
702 3931 1173 4004 πρωτοκτίστους·
1201 3927 1262 3983 Ὁ
1314 3923 1372 3980 δὲ
1425 3924 1540 3986 Γὶὸς
1586 3926 1733 3999 ἁρχὴ
1764 3931 1864 3994 τῆς
1893 3945 1992 3978 πα-

328 4026 526 4096 τρικῆς
573 4019 802 4094 ὑράρχει
872 4017 1016 4084 θέας,
1057 4015 1353 4090 πρόσωπον
1412 4018 1510 4069 1:06
1565 4013 1776 4090 Πατρὸς
1832 4013 1990 4089 λεγό-

336 4130 503 4183 μενος
538 4153 552 4168 .
603 4107 702 4163 Καὶ
753 4107 805 4162 οἱ
862 4106 958 4179 μὲν
1027 4103 1252 4180 ἄγγελοι
1308 4103 1493 4180 νοερὸν
1544 4107 1650 4178 πῦρ
1708 4105 1843 4177 (69),
1898 4104 1988 4157 καὶ

405 4263 470 4327 »κ
498 4256 561 4312 Ρ.
591 4256 692 4312 961
736 4256 844 4310 ΕΙ).
874 4252 1184 4327 POTTER.
1220 4324 1226 4327 _
1271 4253 1536 4327 _(u)_Tob.
1568 4253 1790 4327 x11,__15.

332 4324 584 4402 (e)-Ibid.
661 4329 724 4400 (Ι)
755 4326 960 4383 Matth.
992 4341 1046 4392 v,
1078 4325 1135 4380 8.
1211 4324 1340 4396 (9)71
1368 4324 1495 4380 Cor.
1529 4341 1622 4392 xv,
1657 4324 1744 4379 40.

408 4494 522 4565 (63)
544 4491 610 4565 "A_
638 4487 764 4565 6:90:
799 4489 965 4565 Forte
996 4487 1418 4561 congruentius
1447 4486 1474 4539 ὁ
1509 4484 1655 4563 ὀφθ.,
1690 4489 1756 4541 ut
1785 4485 1995 4542 refera-

332 4561 525 4622 turad
563 4561 862 4634 singulare
888 4562 1008 4634 φῶς
1061 4565 1346 4634 Svpsuac.

407 4580 525 4621 raa
563 4580 862 4634 smgmare
935 4580 1008 4620 ως
1061 4580 1346 4614 BYLBURG.

401 4638 517 4708 (65)
550 4631 850 4708 Πρόσῳπον
885 4580 944 4686 ᾖ
975 4631 1204 4708 [ἰατρός.
1238 4631 1352 4708 _Sic
1403 4629 1676 4708 superius
1725 4630 1985 4708 Strgm_at.

333 4697 421 4782 v,i
445 4697 571 4782 pag.
821 4697 1101 4782 ’Ev'te6oev'
1134 4697 1716 4782 πρόσωπον-,εἴρηται
1749 4703 1846 4752 τοῦ
1881 4704 1990 4782 [la—

335 4773 466 4853 τρὸξ
499 4773 866 4853 ὄΥίόςίῙιίηο
893 4777 1077 4833 vultus
1121 4773 1312 4830 Patris
1340 4773 1557 4829 dicitur
1602 4773 1803 4839 Pilius,
1855 4777 1992 4842 etc.,

337 4850 439 4909 ubi
472 4850 626 4907 conf.
661 4851 960 4906 adnotata.

407 4924 522 4996 (65)
552 4921 852 4996 T6_1:90xe.
885 4917 1153 4996 Etiamsi_
1173 4916 1356 4996 divise
1388 4915 1548 4996 legas
1583 4913 1660 4996 .16
1700 4914 1998 4996 προκέντη-

341 4982 424 5068 μα’
455 4982 563 5048 τῶν
603 4994 665 5065 (ἱ.
707 4982 758 5048 e.
817 4991 1048 5059 τούτων)
1097 4990 1207 5042 οἷοι
1252 4982 1472 5041 ἔσονταῖ
1501 4987 1553 5039 οἱ
1581 4982 1850 5068 ἐκλεκτοί,
1909 4994 1996 5040 ta-

340 5059 472 5122 men
495 5083 576 5138 ine
598 5059 684 5138 sio
706 5065 944 5138 quidem
968 5068 1062 5138 sat
1083 5065 1237 5138 recte
1267 5065 1536 5116 constare
1551 5060 1788 5138 videtur
1811 5059 1992 5138 locus:

337 5139 434 5206 Fr.
481 5128 741 5205 Junius;
770 5137 887 5189 οἷον
928 5135 990 5188 τὸ
1021 5129 1396 5206 προκέντημα,
1427 5133 1669 5206 τοιοῦτοι
1703 5128 1914 5206 ἔσονται
1946 5128 1998 5182 οἱ

339 5205 602 5292 ἐκλεκτοί·
653 5203 717 5264 ut
761 5210 858 5260 τοῦ
899 5203 1669 5292 προκεντήματοςῖνοοῑώυιο
1701 5203 1996 5274 signiﬁce-

339 5287 436 5336 tur
465 5281 498 5348 ἡ
530 5284 638 5353 τῷν
669 5281 1094 5353 πρωτοκτίστων
1121 5281 1303 5353 φύσις.
1340 5281 1626 5353 SYhBURG.

553 5345 824 5428 Εὔμορφα
853 5351 944 5428 καὶ
975 5345 1154 5428 voede
1183 5350 1278 5428 Sic
1307 5345 1717 5428 nimirumhvel‘
1734 5345 1999 5399 Clemens

333 5417 425 5479 vel
471 5417 869 5480 Valentiniani
915 5417 1198 5491 colligunt
1261 5419 1520 5491 proﬁteri
1582 5417 1826 5491 Paulum
1904 5431 1997 5491 es-

337 5512 399 5551 se
431 5497 691 5570 cmlestia
723 5512 972 5570 corpora
997 5487 1240 5570 pulchra
1261 5487 1468 5570 specie
1499 5494 1554 5570 et
1588 5487 1997 5570 intelligentia,

340 5568 769 5652 quodjllorum
790 5560 977 5652 .a'liam
998 5560 1060 5652 et
1088 5565 1276 5652 aliam,
1297 5560 1452 5652 δοξαν
1487 5560 2001 5652 dicat,uqu:es‘imli-

337 5625 477 5697 liter
509 5641 709 5696 futura
753 5639 833 5696 sit
886 5643 1222 5694 sanctorum
1265 5625 1724 5700 resurgentium:
1761 5632 1869 5687 Sed
1905 5625 2000 5682 δό-

344 5713 435 5781 ξαν
469 5712 624 5768 hanc
673 5711 820 5767 nihil
849 5710 1028 5781 cogit
1072 5712 1137 5781 ut
1183 5706 1343 5762 aliud
1393 5705 1998 5781 intelligamusquam

344 5773 746 5856 splendorem,
782 5773 1088 5851 fulgorem,
1124 5779 1312 5833 lucem
1347 5782 1404 5832 et
1435 5773 1877 5856 quod"redd'i_di_t
1910 5773 2000 5856 in:

346 5845 577 5929 térpres
608 5845 960 5928 claritatem,
991 5870 1058 5911 ex
1077 5845 1206 5924 'qua
1228 5845 1506 5922 corporea
1525 5852 1582 5904 et
1599 5846 1814 5904 visibili
1836 5845 2003 5902 licuit

1895 4251 1967 4320 (b)
1997 4256 2022 4306 Ι
2051 4251 2199 4306 Tim.
2230 4267 2306 4317 v1,
2341 4249 2427 4304 l6.

2117 2246 2220 2301 per
2252 2245 2264 2283 :
2299 2229 2462 2283 Beati
2491 2227 2691 2283 mundi
2719 2229 2908 2297 corde,
2937 2227 3204 2300 quoniam
3240 2228 3351 2300 ipsi
3402 2230 3570 2283 Deum
3622 2229 3771 2284 vile-

2110 2320 2246 2373 bunt
2277 2317 2365 2387 (ηε
2399 2318 2526 2387 ejus
2559 2321 2755 2371 autem
2789 2333 2902 2387 quo
2935 2322 3102 2388 pacto
3121 2317 3198 2373 sit
3227 2317 3533 2389 facies,qui
3570 2317 3771 2390 ﬁgurae

2107 2423 2314 2478 expers
2347 2405 2473 2462 sit?
2502 2407 2759 2478 Corpora
2790 2405 2976 2478 igitur
3006 2405 3268 2462 caelestia
3299 2407 3554 2462 formosa
3584 2411 3642 2462 et
3671 2407 3762 2462 in-

2108 2496 2432 2568 telligentia
2466 2496 2627 2551 novit
2667 2495 2977 2566 Apostolus
3005 2513 3018 2561 ;
3050 2502 3107 2551 et
3136 2496 3366 2550 diversa
3416 2497 3756 2552 eorumdem

2107 2587 2347 2641 nomina
2395 2585 2688 2656 quomodo
2737 2584 2891 2640 idem
2942 2585 3182 2652 diceret,
3217 2585 3329 2639 nisi
3380 2585 3606 2654 ﬁguris,
3641 2586 3756 2641 nisi

2107 2677 2311 2742 forma,
2347 2674 2403 2728 ni
2440 2673 2694 2743 denique
2727 2689 2961 2744 corpore
2989 2675 3054 2739 >14
3081 2673 3278 2745 aliquo
3310 2673 3756 2744 circumscripta

2106 2766 2296 2820 forent
2320 2767 2342 2818 Ρ
2370 2764 2500 2819 Alz'a
2530 2761 2718 2830 gloria
2747 2763 3062 2827 caelestium,
3095 2763 3210 2818 alia
3238 2762 3608 2828 terrestrium,
3640 2764 3756 2818 alia

2105 2853 2570 2923 angelorum,alia
2603 2851 3060 2921 archangelorum
3082 2855 3187 2920 (g):
3222 2853 3280 2905 in
3313 2857 3598 2923 quantum
3618 2867 3752 2906 cum

2104 2943 2450 3014 corporibus
2480 2939 2880 3004 terrestribus,
2915 2944 3016 2994 aut
3065 2940 3262 3010 qualia
3312 2941 3550 2996 fuerunt
3597 2945 3756 2996 astra

2105 3035 2539 3103 comparentur,
2573 3030 2799 3100 absque
2848 3045 3086 3099 corpore
3119 3035 3172 3083 et
3221 3031 3403 3085 forma
3447 3037 3627 3094 sunt;
3661 3030 3751 3085 sin

2103 3138 2237 3176 vero
2269 3137 2400 3174 cum
2438 3119 2578 3173 Filio
2605 3120 3308 3190 comparaveris,corpora
3339 3119 3578 3190 quidem
3612 3119 3758 3174 deﬁ-

2107 3211 2229 3265 nita
2260 3217 2317 3264 et
2346 3207 2649 3264 sensibilia
2682 3208 2798 3262 dici
2833 3213 3102 3278 possunt.
3129 3208 3223 3263 Sic
3248 3217 3300 3262 et
3334 3207 3517 3262 Filius
3539 3208 3586 3263 si
3620 3224 3753 3262 cum

2106 3301 2272 3354 Patre
2299 3298 2546 3353 collatus
2581 3297 3115 3362 fuerit.Quinetiam
3151 3298 3565 3369 unusquisque
3588 3298 3757 3368 spiri-

2104 3394 2202 3444 tus
2218 3389 2536 3461 potentiam
2553 3387 2914 3458 sibiquidem
2934 3386 3228 3457 propriam
3252 3387 3758 3457 habetpropriam-

2107 3495 2220 3549 que
2251 3475 2753 3548 dispensationem
2781 3495 2795 3543 ;
2833 3479 3008 3546 prout
3036 3492 3170 3530 vero
3203 3475 3380 3531 simul
3428 3477 3560 3530 facti
3595 3480 3753 3543 sunt,

2107 3572 2164 3622 et
2194 3567 2608 3639 perfectionem
2635 3569 2985 3634 acceperunt
3015 3565 3204 3636 primo
3236 3565 3756 3634 creali,commune

2101 3658 2394 3727 quoddam
2430 3671 2648 3710 munus
2681 3654 2899 3709 habent
2928 3659 2984 3708 et
3013 3653 3357 3709 indivisum.

2167 3746 2285 3801 XlI.
2323 3745 2518 3799 Primo
2551 3745 2752 3814 itaque
2782 3743 2957 3798 creati
2993 3747 3051 3798 et
3079 3742 3287 3798 Filium
3321 3742 3542 3809 vident,
3575 3746 3631 3797 et
3664 3757 3753 3797 se-

2097 3836 2282 3906 ipsos,
2319 3839 2376 3888 et
2403 3833 2699 3899 inferiora,
2723 3833 2877 3887 sicut
2901 3836 2958 3886 et
2990 3831 3322 3902 archangeli
3346 3831 3544 3886 vident
3566 3831 3754 3902 primo

2098 3931 2344 3979 creatos.
2383 3925 2456 3978 At
2483 3939 2616 3977 vero
2650 3919 2833 3976 Filius
2868 3925 3091 3976 Patrem
3123 3920 3358 3976 videndi
3400 3919 3753 3992 principium

2099 4018 2211 4080 est,
2244 4013 2468 4086 quique
2502 4011 2678 4066 facies
2709 4011 2898 4065 Patris
2924 4010 3157 4064 dicitur.
3193 4010 3262 4064 Et
3290 4009 3482 4081 angeli
3515 4009 3751 4080 quidem

2100 4109 2242 4159 sunt
2271 4103 2428 4174 ignis
2462 4100 2892 4172 intelligens,et
2922 4099 3248 4155 secundum
3283 4098 3598 4153 essentiam
3632 4099 3755 4170 spi-

2535 4247 2602 4318 (c)
2635 4249 2656 4302 Ι
2685 4249 2816 4302 Cor.
2867 4261 2929 4307 ιι,
2961 4245 3014 4297 9.
3121 4243 3196 4314 (d)
3232 4242 3437 4298 Matth.
3469 4259 3631 4313 xvm,
3665 4245 3753 4299 10.

2103 4483 2284 4539 Paulo
2335 4497 2593 4554 arguere
2630 4480 2699 4554 ad
2746 4477 3078 4554 animarum
3112 4475 3438 4548 spiritalem
3473 4479 3752 4554 majorem

2103 4549 2508 4624 mitioremque
2541 4551 2786 4624 gloriam
2818 4555 2875 4605 et
2906 4549 3386 4624 claritatem,_nec
3417 4549 3756 4624 animarum

2103 4627 2291 4683 solum
2327 4620 2429 4681 sed
2460 4630 2516 4679 et
2543 4620 2872 4689 "corporum
2910 4637 2976 4676 ac
3002 4620 3364 4692 corporalem
3396 4641 3409 4689 ;
3460 4622 3570 4677 erit
3599 4623 3756 4678 enim

2103 4699 2286 4754 altera
2313 4697 2479 4752 alteri
2513 4712 2730 4762 comes,
2764 4695 2864 4748 sed
2903 4692 3003 4747 illa
3033 4693 3210 4762 hujus
3246 4709 3452 4766 parens
3484 4710 3550 4749 ac
3571 4696 3755 4766 origo,

2104 4776 2161 4827 et
2193 4787 2308 4840 quo
2344 4786 2455 4824 non
2491 4767 2639 4840 facit
2659 4767 2820 4840 Pauli
2855 4765 3213 4840 exemplum.
3245 4765 3502 4840 (Comes.

2175 4835 2287 4914 (67)
2321 4841 2524 4914 Μορφῇ
2557 4837 2646 4891 καὶ
2704 4836 2848 4908 σώμ.
2884 4835 3050 4891 Forte
3086 4839 3270 4912 μορφῇ
3300 4855 3358 4889 τε
3396 4835 3486 4888 καὶ
3521 4835 3756 4908 σώματι.

2104 4919 2387 4969 SYLBURG.

2181 4986 2291 5057 (68)
2327 4984 2499 5057 Ὀμρῦ
2528 5001 2586 5034 τε
2616 4978 2894 5057 έγένοντο.
2930 4980 3157 5057 ⁸ΜειΙὶιΞε
3205 4975 3346 5049 ὁμοῦ
3390 4997 3442 5030 τι
3490 4975 3757 5052 ἐγένοντο,

2111 5051 2353 5126 αιὀρυτί
2395 5051 2768 5108 Plutarchum
2806 5061 2863 5126 et
2894 5051 3064 5126 alios.
3099 5052 3389 5126 SyLBpaG.

2180 5118 2289 5198 (69)
2346 5127 2626 5200 'ATfaAot
2672 5123 2858 5200 νοερὸν
2913 5125 3021 5196 πῦρ
3059 5164 3070 5176 .
3145 5122 3302 5200 Ignis
3372 5118 3709 5200 intelligens
3745 5164 3758 5189 ,

2109 5191 2215 5254 nec
2248 5191 2706 5253 a'litcr'ﬁasilius
2743 5191 3054 5267 pluresque
3087 5191 3420 5248 sanctorum
3447 5191 3760 5267 qui_ange-

2110 5273 2197 5327 los
2232 5272 2421 5341 reipsa
2443 5261 2754 5340 corporeos
2771 5261 2991 5333 volunt,
3022 5280 3343 5341 eorumque
3370 5261 3764 5341 subtilissima

2109 5359 2239 5398 esse
2269 5334 2675 5413 corpora,'nec
2707 5341 2978 5413 ejusdem
3007 5335 3248 5390 rationis
3297 5349 3619 5413 sacrasse
3639 5334 3763 5390 haec

2111 5421 2343 5474 nostra;
2375 5405 2442 5467 ex
2485 5405 2598 5482 quo
2631 5413 2696 5466 ﬁt
2735 5405 2803 5464 ut
2843 5417 2900 5482 et
2923 5409 3199 5462 dicantur
3221 5405 3538 5482 _spiritalia,
3568 5410 3630 5482 et
3660 5423 3762 5482 an-

2111 5487 2221 5559 geli
2276 5477 2651 5559 spiritususic
2696 5481 2874 5559 quasi
2912 5477 3367 5559 comparatione,
3402 5492 3518 5559 qua
3548 5477 3756 5559 distin-

2111 5549 2662 5614 Etione'consnlitur
2693 5549 2811 5607 illis
2841 5552 3130 5617 Patribus,
3165 5565 3268 5603 nec
3303 5554 3421 5621 aut
3451 5549 3763 5621 Scriptum

2112 5632 2420 5685 adversum
2473 5627 2802 5690 videantur,
2864 5628 2966 5678 aut
3013 5621 3234 5747 aliguid
3282 5620 3556 5676 docuisse
3585 5620 3760 5694 quod

2112 5707 2312 5747 nnntpa
2345 5699 2600 5747 Ecclesia
2631 5693 3015 5747 damnaverit.
3051 5696 3091 5747 A
3168 5692 3543 5747 Unizenitum
3568 5702 3760 5747 autem

2112 5707 2314 5773 postea
2344 5699 2600 5773 Ecclesia
2631 5693 3015 5773 damnaverit:
3051 5692 3137 5773 Ad
3168 5692 3543 5773 Unigenitum
3568 5692 3762 5773 autem

2113 5764 2266 5845 quod
2297 5772 2539 5826 trahunt
2562 5765 2974 5832 Valentiniani,
2996 5764 3246 5837 impium
3280 5770 3370 5821 cst
3393 5782 3498 5822 nec
3529 5768 3765 5823 audien.

2113 5847 2276 5902 dum.
2310 5846 2558 5900 (Sousse.
