4124 6448
334 488 444 546 663

1562 489 1978 547 CLMMIB
2015 490 2522 546 ALEXANDRINI

3655 486 3768 544 θοι

340 615 492 672 ritus
519 612 915 686 intelligentes
944 615 1005 669 et
1053 610 1387 685 depurgati.
1423 613 1548 670 Lux
1594 629 1730 670 vero
1769 612 1995 670 intelli-

2138 608 2386 684 πνεύματα
2437 608 2600 685 νοερὰ
2654 610 2754 679 τὴν
2814 608 3004 666 οὐσίαν
3059 608 3590 685 ἀποκεκαθαρμὲνοι·
3652 613 3773 689 φῶς

343 720 491 777 gens
520 708 678 772 sunt,
711 702 930 775 quippe
959 700 1257 758 maximus
1287 702 1584 774 profectus
1611 707 1701 758 est
1749 703 1823 759 ab
1864 703 1999 776 igne

345 792 710 866 intelligente
743 791 993 863 perfecte
1024 794 1295 863 purgato,
1312 793 1372 846 in
1402 806 1527 863 quae
1553 793 1784 862 cupiunt
1814 791 2006 861 angeli

345 879 1020 952 introspicere(a),inquit
1048 880 1368 936 Petrus.A’d
1399 881 1719 950 hoc,Filius
1750 880 2004 953 puritate

348 969 559 1041 majori
588 968 838 1039 excellit,
860 972 1062 1039 utpote
1090 970 1187 1040 qui
1218 968 1319 1025 lux
1347 970 1651 1027 inaccessa
1679 970 1758 1026 sit
1789 971 2005 1041 Deique

346 1058 629 1132 potentia,
662 1060 721 1114 et
748 1058 1078 1114 secundum
1126 1057 1484 1130 apostolum,
1514 1060 1669 1131 cujus
1691 1062 1928 1131 pretioso
1954 1066 2007 1114 et

347 1148 705 1204 immaculato
734 1153 786 1205 et
814 1147 1261 1203 incontaminato
1293 1150 1573 1217 sanguine
1606 1149 1881 1219 redempti
1905 1163 2007 1204 su-

348 1236 754 1308 mus(b),cujus
785 1235 1027 1308 quidem
1057 1236 1379 1292 vestimenta
1393 1240 1452 1291 ut
1470 1237 1573 1292 lux
1587 1236 2009 1309 splenduerunl,

352 1324 533 1383 facies
560 1341 695 1382 vero
723 1328 848 1397 ejus
875 1325 1049 1380 sicuti
1077 1324 1161 1380 sol
1192 1324 1354 1397 (c),in
1385 1340 1560 1397 quem
1596 1323 1785 1382 oculis
1807 1326 2010 1382 adver-

351 1415 436 1472 sis
466 1413 684 1470 intueri
714 1412 955 1470 difﬁcile
985 1412 1309 1469 admodum
1340 1413 1436 1469 sit.

427 1505 587 1559 XIII.
611 1503 718 1559 Hic
739 1507 829 1559 est
859 1503 1030 1575 panis
1061 1501 1319 1559 caelestis
1344 1511 1402 1559 et
1434 1502 1600 1559 cibus
1622 1501 1909 1576 spiritalis
1939 1501 2017 1559 vi-

357 1598 479 1650 tam
509 1591 899 1665 suppeditans
929 1607 1065 1647 cum
1097 1591 1487 1649 manducelur
1514 1596 1573 1648 et
1600 1596 2013 1664 cognoscatur.

357 1684 480 1739 Lua:
510 1685 601 1738 est
629 1681 726 1737 ille
756 1682 1068 1749 hominum,
1105 1680 1385 1736 nimirum
1420 1680 1711 1738 Ecclesia.
1742 1681 1850 1746 Qui
1882 1680 2018 1752 qui-

355 1772 492 1828 dem
525 1786 734 1842 panem
769 1769 1067 1826 scelestam
1100 1769 1505 1839 comederunt,
1536 1770 1747 1826 mortui
1772 1769 2015 1842 sunt(d).

2111 696 2168 754 δὶ
2197 698 2407 773 νοερὸν,
2438 701 2474 769 ἡ
2510 697 2737 775 μεγίστη
2769 699 3025 773 προκοπή
3057 698 3164 754 ἀπὸ
3192 701 3294 755 τοῦ
3342 703 3537 775 νοεροῦ
3577 701 3775 773 πυρὸς,

2111 788 2630 862 ἀποκεκαθαρμὲνου
2702 786 2915 861 τέλεον,
2992 787 3071 853 εἰς
3149 787 3182 843 ἃ
3253 787 3616 861 ἐπιθυμοῦσιν
3674 786 3774 865 ἄγ-

2112 874 2270 952 γελοι
2326 877 2662 953 παρακύψαι,
2712 878 2741 933 ὁ
2789 876 2995 954 Ηὲτρος
3053 876 3240 953 φησίν·
3300 878 3330 932 ὁ
3390 874 3450 932 δὲ
3505 879 3632 941 Υἱὸς
3690 873 3772 935 ἔτι

2110 967 2310 1023 τούτου
2366 966 2767 1043 καθαρώτερος,
2826 965 3120 1043 ἀπρόσιτον
3179 970 3314 1045 φῶς,
3371 968 3462 1022 καὶ
3538 965 3775 1042 δύναμις

2116 1060 2273 1124 Θεοῦ,
2317 1054 2430 1123 καὶ,
2469 1055 2607 1110 κατά
2655 1056 2748 1110 τὸν
2799 1054 3131 1126 ἀπόστολον,
3178 1055 3354 1129 τιμίῳ
3402 1054 3495 1111 καὶ
3545 1055 3775 1130 ἀμώμῳ

2115 1145 2205 1200 καὶ
2237 1142 2455 1217 ἀσπίλῳ
2510 1140 2704 1217 αἵματι
2761 1142 3175 1219 ἆλυτρὼθημενο
3206 1145 3275 1200 οὗ
3324 1143 3395 1201 τὰ
3452 1145 3549 1219 μὶν
3580 1146 3779 1219 ἱμάτια

2118 1233 2193 1296 ὡς
2252 1237 2369 1311 φῶς
2424 1231 2661 1307 ἔλαμψε,
2719 1233 2783 1288 τὸ
2832 1232 3128 1309 πρόσωπον
3180 1230 3238 1290 δὶ
3285 1233 3359 1297 ὥς
3410 1234 3440 1289 ὁ
3487 1231 3674 1305 ἥλιος,
3731 1233 3780 1308 ᾧ

2124 1319 2267 1397 μηδὶ
2296 1322 2614 1393 ἀντωπῆσαι
2647 1319 2759 1378 ἔστι
2792 1319 3015 1398 ῥᾳδίως.

2196 1503 2294 1559 II".
2345 1501 2519 1563 Οὗτός
2577 1499 2718 1557 ἐστιν
2768 1500 2929 1575 ἄρτος
2981 1499 3326 1574 ὴουράνιος,
3382 1499 3474 1557 καὶ
3531 1502 3784 1575 πνευμα-

2121 1591 2250 1660 τικὴ
2299 1592 2477 1668 τροφή
2530 1595 2677 1660 ζωῆς
2732 1591 3060 1664 παρεκτική,
3116 1591 3253 1645 κατά
3299 1590 3400 1659 τήν
3452 1590 3659 1667 βρῶσιν
3688 1590 3783 1647 καὶ

2124 1684 2347 1756 γνῶσιν
2381 1679 2445 1734 τὸ
2498 1683 2615 1756 φῶς
2656 1682 2765 1734 τῶν
2815 1680 3139 1755 ἀνθρώπων,
3168 1685 3271 1748 τῆς
3318 1677 3652 1750 Ἐκκλησίας
3680 1676 3784 1751 δη·-

2126 1767 2336 1825 λονότι.
2395 1770 2466 1826 Οἱ
2525 1768 2622 1842 μὲν
2681 1768 2772 1824 οὗν
2838 1768 2933 1825 τὸν
2992 1767 3243 1845 οὐράνιον
3301 1764 3464 1845 ἄρτον
3521 1767 3783 1845 φαγόντες

358 1860 466 1927 Qui
491 1876 626 1916 vero
646 1876 848 1917 verum
872 1858 1042 1915 illum
1065 1857 1323 1930 Spiritus
1354 1875 1568 1931 panem
1591 1859 1868 1927 comedit,
1899 1874 2015 1915 non

2138 1858 2414 1923 ἰπὲθανον·
2476 1858 2505 1913 ὁ
2563 1854 2622 1913 δὲ
2666 1858 2758 1913 τὸν
2807 1857 3071 1929 ἀληθινὸν
3111 1856 3272 1933 ἄρτον
3320 1862 3421 1914 τοῦ
3463 1857 3784 1932 Πνεῦματος

360 1948 848 2005 morietur.Panis
879 1947 1048 2004 vivus
1080 1947 1183 2019 qui
1215 1963 1249 2003 a
1280 1946 1447 2003 Patre
1477 1948 1676 2018 datus,
1689 1946 1875 2004 Filius
1904 1951 2015 2015 est,

2138 1946 2319 2004 ίσθίων
2349 1945 2413 2002 οὐ
2440 1948 2772 2019 τεθνήξεται.
2803 1947 2865 2003 Ὁ
2916 1944 3020 2016 ζῶν
3072 1946 3234 2023 ἄρτος
3277 1946 3314 2001 ’ὁ
3364 1946 3472 2001 ὐπὸ
3516 1949 3615 2001 τοῦ
3668 1948 3788 2003 Πα-

360 2037 438 2094 iis
468 2036 753 2111 nimirum
804 2036 907 2108 qui
960 2036 1319 2091 manducare
1368 2036 1589 2093 volunt.
1638 2038 1811 2093 Panis
1838 2045 2020 2093 autem

2138 2037 2256 2111 πρὸς
2303 2033 2481 2098 δοθεὶς
2531 2036 2561 2090 ὁ
2614 2034 2739 2097 Υἱός
2797 2034 2933 2106 ἐστι,
2982 2040 3101 2098 τοῖς
3148 2033 3339 2099 ἐσθίειν
3394 2033 3787 2111 βουλομένοιςο

365 2142 525 2200 quem
551 2143 656 2198 ego
677 2125 1200 2197 dabo,inquit,caro
1226 2140 1354 2181 mea
1380 2129 1457 2182 est
1482 2128 1576 2195 (θ),
1606 2142 1707 2182 seu
1741 2142 1858 2197 quo
1888 2142 2021 2181 caro

2143 2127 2189 2183 Ο
2248 2122 2306 2180 δὶ
2359 2122 2520 2200 ἄρτος
2588 2123 2647 2178 ’ὸν
2723 2122 2835 2199 ἐγὼ
2888 2120 3072 2191 δώσω,
3131 2124 3295 2198 φησὶν
3331 2166 3347 2195 ,
3397 2126 3435 2194 ὴ
3492 2122 3623 2199 σάρξ
3679 2145 3789 2197 μου

366 2216 631 2273 nutritur
660 2231 764 2288 per
792 2214 1240 2284 eucharistiam,
1270 2213 1358 2270 vel
1390 2215 1546 2286 quod
1578 2219 1636 2271 et
1665 2216 2021 2288 potius,caro

2138 2212 2288 2269 ἐστίν·
2331 2211 2460 2284 ἤτοι
2489 2212 2536 2287 ᾧ
2564 2213 2817 2289 τρέφεται
2867 2215 2903 2283 ἡ
2955 2213 3086 2289 σὰρξ
3129 2210 3221 2269 διὰ
3267 2219 3369 2284 τῆς
3411 2212 3790 2290 εὐχαριστίας·

370 2322 584 2378 corpus
614 2305 744 2375 ejus
774 2308 886 2373 est,
919 2304 1077 2375 quod
1108 2307 1198 2360 est
1228 2303 1509 2370 Ecclesia,
1542 2304 1712 2376 panis
1745 2302 2021 2375 caelestis,

2138 2303 2168 2374 ἢ
2197 2306 2311 2377 (70)
2359 2301 2491 2378 ὅπερ
2537 2301 2628 2358 καὶ
2661 2299 2879 2376 μᾶλλον
2928 2305 3062 2377 (71),
3093 2305 3130 2372 ἡ
3163 2302 3292 2379 σὰρξ
3338 2302 3402 2358 τὺ
3433 2307 3594 2378 σῶμα
3622 2301 3792 2359 αὐτοῦ

371 2409 670 2468 synagoga
700 2393 1025 2449 benedicta.
1055 2393 1219 2448 Forte
1249 2396 1443 2448 autem
1469 2410 1539 2448 ex
1567 2393 1900 2450 substantia
1928 2409 2024 2450 ea-

369 2484 502 2540 dem
534 2487 801 2555 respectu
856 2482 1128 2553 subjecti,
1163 2480 1299 2537 facti
1347 2486 1489 2538 sunt
1516 2481 1707 2552 electi,
1747 2486 1806 2539 et
1851 2482 2026 2554 quasi

370 2572 505 2631 ﬁnis
533 2572 804 2644 ejusdem
838 2570 1153 2642 participes
1185 2570 1391 2626 futuri.

433 2750 583 2808 351
620 2749 767 2805 XIV.
812 2746 1107 2804 Dsemonia
1156 2746 1503 2819 incorporea
1551 2748 1851 2817 dicuntur,
1905 2763 2024 2806 non

366 2844 431 2897 ut
455 2855 672 2911 corpus
729 2855 843 2894 non
906 2837 1148 2893 omnino
1207 2835 1485 2892 habentia
1540 2836 1807 2910 (figuram
1864 2837 2023 2894 enim

363 2929 684 3003 quamdam
733 2927 981 2997 habent,
1011 2931 1068 2982 et
1116 2925 1267 2982 hanc
1311 2926 1385 2982 ob
1436 2942 1674 2983 causam
1726 2927 2023 2985 cruciatus

366 3034 611 3076 sensum
642 3015 1138 3089 percipiunt);sed
1167 3014 1608 3087 comparatione
1639 3016 1790 3071 facta
1820 3032 2024 3088 corpo-

371 3124 503 3165 rum
537 3107 776 3163 illorum
807 3122 937 3178 qua
970 3104 1164 3161 salute
1190 3112 1254 3177 »ια
1284 3105 1528 3177 ρτωόίὶο
1577 3110 1739 3174 sunt,
1788 3105 2022 3179 spirita-

368 3196 517 3253 lium
550 3196 764 3252 umbra
790 3210 925 3250 cum
958 3197 1120 3259 sunt,
1149 3194 1411 3265 corporis
1440 3193 1701 3266 expertia
1719 3195 2019 3253 dicuntur.

369 3286 440 3342 Et
473 3283 700 3357 angelis
729 3287 872 3340 sunt
901 3298 1184 3354 corpora;
1217 3282 1347 3338 visu
1384 3282 1542 3339 enim
1592 3283 2021 3355 percipiuntur.

2133 2392 2302 2462 ἑστιν,
2329 2392 2462 2466 ὅπερ
2508 2392 2649 2447 ἐστὶν
2690 2394 2725 2462 ἡ
2756 2390 3074 2463 Ἐκκλησία,
3108 2388 3271 2467 ἄρτος
3324 2391 3605 2469 οὐράνιος,
3636 2413 3797 2449 συνα-

2131 2484 2287 2558 γωγὴ
2338 2480 2711 2556 εὐλογημένη.
2743 2482 2909 2556 Τάχα
2953 2479 3011 2536 δὲ
3059 2481 3135 2544 ὡς
3167 2479 3228 2536 ἐκ
3270 2487 3372 2551 τῆς
3401 2480 3573 2551 αὐτῆς
3600 2480 3792 2545 οὐσίας

2129 2575 2239 2626 τῶν
2269 2569 2539 2627 ὶκλεκτῶν
2581 2569 2721 2625 κατὰ
2744 2570 2810 2626 τὸ
2839 2569 3200 2644 ὑποκείμενον
3227 2571 3558 2645 γενομὲνων,
3588 2570 3680 2626 καὶ
3709 2572 3791 2635 ὡς

2129 2665 2228 2716 τοῦ
2256 2659 2423 2715 αὐτοῦ
2450 2656 2646 2722 τέλους
2673 2658 3032 2732 τευξομένων.

2202 2750 2303 2806 ΙΔ’.
2335 2748 2416 2806 Τὰ
2463 2745 2726 2819 δαιμόνια
2770 2748 3034 2821 ἀσώματα
3081 2745 3319 2821 εἵρηται,
3362 2748 3475 2824 οὐχ
3522 2747 3600 2811 ὠς
3626 2753 3794 2823 σῶμα

2135 2840 2212 2913 μὴ
2243 2833 2462 2914 ἔχοντα·
2496 2832 2637 2912 (ἔχει
2677 2837 2778 2914 γὰρ
2828 2836 2917 2894 καὶ
2957 2844 3173 2913 σχῆμα·
3221 2834 3308 2893 διδ
3355 2836 3446 2893 καὶ
3491 2836 3795 2909 συναίσθη-

2132 2950 2214 2983 σιν
2272 2926 2549 2989 κολάσεως
2602 2925 2767 3002 ἔχει·)
2829 2923 2955 2982 ἀλλ’
3015 2925 3090 2990 ὠς
3148 2927 3285 3003 πρὸς
3341 2925 3623 3004 σύγκρισιν
3681 2931 3792 2983 τῶν

2131 3017 2454 3091 σωζομένων
2505 3017 2775 3090 σωμάτων
2826 3020 3211 3088 πνευματικῶν
3270 3017 3397 3072 σκιά
3453 3012 3606 3084 ὄντα,
3653 3017 3801 3073 ἀσώ-

2135 3128 2277 3181 ματα
2325 3103 2556 3182 εἴρηται.
2614 3104 2723 3161 Καὶ
2769 3105 2822 3159 oi
2867 3101 3097 3180 ἄγγελοι
3147 3104 3374 3179 σώματά
3429 3107 3545 3178 (72)
3601 3104 3744 3161 εἰσιν
3780 3124 3795 3140 ·

2135 3196 2369 3272 ὁρῶνται
2426 3198 2581 3270 γοῦν.
2643 3191 2824 3250 Ἀλλὰ
2878 3194 2967 3249 καὶ
3029 3195 3065 3264 ἡ
3114 3194 3270 3270 ψυχή
3329 3197 3521 3269 σῶμα’
3577 3195 3605 3251 ὁ
3661 3199 3799 3270 γοῦν

2131 3281 2469 3344 Ἀπόστολος
2510 3302 2522 3315 ·
2584 3280 2873 3358 Σπείρεται
2937 3283 3032 3355 μὶν
3109 3281 3211 3358 γὰρ
3283 3286 3445 3357 σῶμα
3504 3282 3743 3359 ψυχίκὸν
3780 3325 3797 3352 ,

365 3374 517 3439 Quin
549 3378 606 3430 et
631 3372 760 3446 ipsa
806 3370 1046 3443 quidem
1081 3371 1281 3426 anima
1330 3376 1422 3428 est
1472 3388 1788 3444 corporea;
1823 3374 2021 3445 itaque

2138 3372 2394 3450 ἐγείρεται
2453 3374 2568 3445 (73)
2620 3368 2678 3427 δὲ
2734 3375 2898 3445 σῶμα
2954 3373 3345 3445 πνευματικόν.
3409 3374 3532 3435 Ηῶς
3583 3370 3643 3428 δὲ
3698 3374 3796 3429 καὶ

365 3461 686 3535 Apostolus
736 3461 973 3533 inquit:
1007 3459 1329 3517 Seminatur
1373 3459 1597 3531 quidem
1643 3476 1838 3533 corpus
1884 3464 2018 3519 ani-

362 3552 527 3619 male,
558 3555 862 3608 suscitatur
887 3565 1014 3605 vero
1042 3565 1242 3621 corpus
1286 3551 1538 3621 spiritale
1567 3551 1657 3622 (Γ).
1715 3551 2018 3616 Quomodo

361 3661 501 3701 vero
533 3643 745 3699 animae
775 3659 904 3714 quas
936 3640 1261 3712 puniuntur
1292 3643 1720 3711 sentiunt,cum
1755 3659 1869 3698 non
1899 3642 2021 3700 sint

362 3732 483 3789 illis
534 3731 824 3804 corpora?
859 3730 1072 3789 Timete
1116 3747 1277 3803 ergo,
1331 3730 1545 3804 inquit,
1585 3748 1714 3787 eum
1765 3731 1865 3803 qui
1897 3734 2020 3805 post

361 3826 593 3880 mortem
637 3824 810 3893 potest
855 3824 911 3877 et
950 3821 1209 3877 animam
1254 3828 1308 3875 et
1355 3836 1553 3891 corpus
1603 3822 1663 3877 in
1709 3822 2023 3894 gehennam

362 3912 637 3985 conjicere
664 3911 764 3983 (ρ).
798 3910 963 3974 Quod
995 3908 1153 3965 enim
1202 3909 1405 3964 sensui
1454 3915 1717 3982 apparet,
1753 3927 1864 3966 non
1900 3910 2023 3983 igni

367 4005 679 4075 purgatur,
726 4000 827 4056 sed
879 3999 939 4056 in
991 4003 1212 4055 terram
1259 3996 1595 4054 resolvitur.
1625 4003 1844 4056 Contra
1888 4016 2023 4057 vero

364 4089 632 4163 exemplo
661 4088 865 4146 [δαπανί
889 4088 1078 4144 divitis
1106 4086 1187 4159 (h)
1211 4086 1468 4143 animam
1499 4102 1629 4145 esse
1659 4105 2020 4162 corpoream,

367 4195 472 4253 per
502 4179 769 4235 membra
798 4192 1081 4250 corporea
1110 4175 1335 4247 liquido
1366 4176 1719 4235 ostenditur.

437 4268 554 4325 XV.
588 4266 1054 4338 Quemadmodum
1081 4281 1210 4322 vero
1253 4267 1523 4335 gessimus
1570 4265 1878 4339 imaginem
1909 4276 2025 4324 ter-

433 4403 496 4468 ,χι
524 4399 587 4468 p.
618 4395 728 4468 ese
757 4393 869 4449 ED.
902 4392 1204 4468 PQTTER.

362 4464 479 4524 51."
531 4465 599 4538 (Γ)
632 4465 655 4521 Ι
686 4465 817 4522 Cor.
849 4481 942 4536 xv,
972 4465 1061 4521 44.
1138 4469 1213 4537 (g)
1244 4464 1449 4522 Matth.
1482 4482 1541 4534 x,
1570 4466 1660 4521 28.

436 4607 550 4682 (70)
578 4612 674 4665 Ἥ.
710 4608 840 4665 Haec
871 4607 1160 4681 particula
1186 4609 1351 4665 deest
1381 4607 1439 4663 in
1489 4607 1641 4664 Flor.
1692 4608 1834 4667 edit.
1884 4611 2021 4666 Sin.-

371 4696 552 4739 BUBG.

1303 4392 1359 4465 a)
1390 4392 1411 4466 ξ
1444 4396 1567 4449 Pet.
1596 4410 1637 4459 ι,
1670 4393 1759 4450 42.
1836 4394 1911 4466 (ω
1942 4393 2090 4451 Ibid.
2125 4395 2210 4451 19.

1739 4468 1815 4538 (h)
1852 4472 1986 4522 Luc.
2016 4482 2131 4536 xw,
2165 4467 2256 4523 24.

2129 3463 2186 3518 al
2242 3460 2612 3534 κολαζόμεναι
2665 3461 2842 3536 ψυχαὶ
2894 3459 3361 3530 συναισθάνονται,
3424 3462 3500 3535 μή
3559 3462 3795 3535 σώματα

2130 3552 2284 3608 οὗσαι
2346 3570 2359 3620 ;
2422 3545 2719 3621 Φοϐήθητε
2770 3553 2926 3625 γοῦν,
2988 3548 3161 3625 λέγει,
3216 3550 3309 3606 τὸν
3372 3550 3509 3623 μετά
3558 3550 3788 3607 θάνατον

2129 3638 2422 3714 δυνάμενον
2494 3638 2587 3694 καὶ
2664 3640 2851 3714 ψυχὴν
2911 3639 3001 3695 καὶ
3056 3643 3219 3713 σῶμα
3287 3638 3365 3703 εἷς
3418 3640 3629 3716 γέενναν
3688 3641 3790 3716 βα-

2131 3728 2269 3787 λεῖν.
2303 3728 2382 3787 Τὸ
2442 3728 2546 3804 γὰρ
2601 3730 2927 3806 φαινόμενον
2988 3727 3053 3784 οὐ
3099 3727 3233 3805 πυρὶ
3278 3727 3617 3804 καθαίρεται,
3658 3726 3792 3785 ἀλλ’

2132 3817 2207 3881 εἰς
2235 3824 2336 3894 γῆν
2367 3816 2682 3873 ἀναλύεται.
2713 3817 2999 3893 ’Ἃντικρυς
3045 3813 3104 3872 δὲ
3133 3816 3241 3872 ἀπὸ
3269 3820 3367 3871 τοῦ
3413 3818 3667 3891 Λαζάρου
3697 3816 3793 3874 καὶ

2129 3912 2228 3963 τοῦ
2257 3906 2529 3964 πλουσίου
2556 3903 2644 3961 διὰ
2682 3910 2791 3962 τῶν
2843 3911 3172 3980 σωματικῶν
3227 3904 3409 3980 μελῶν
3460 3910 3623 3981 σῶμα
3649 3909 3794 3962 εἷναι

2134 3994 2403 4053 δείκνυται
2433 3998 2468 4066 ἡ
2501 3997 2681 4071 ψυχή.

2210 4267 2309 4324 ΙΕ’.
2370 4266 2457 4327 Ὦς
2511 4262 2569 4320 δὲ
2625 4263 2961 4342 ἐφορὲσαμεν
3012 4264 3113 4333 τήν
3175 4262 3357 4318 εἰκόνα
3408 4266 3507 4319 τοῦ
3564 4260 3796 4340 χοϊκοῦ,

2291 4394 2361 4466 (c)
2395 4393 2604 4449 Matth.
2637 4410 2779 4463 xvn,
2805 4393 2861 4450 2.
2937 4391 3015 4465 (ά)
3045 4391 3217 4449 Joan.
3249 4407 3331 4460 v1,
3371 4392 3460 4448 49.
3537 4390 3610 4465 (e)
3641 4391 3794 4449 Ibid.

2131 4610 2377 4681 corporis
2419 4608 2680 4681 alicujus,
2711 4607 2802 4665 sui
2832 4612 3014 4681 tamen
3045 4608 3289 4681 generis.
3333 4605 3629 4664 Putabant
3675 4608 3792 4681 sci-

2135 4677 2273 4763 licet
2324 4677 2616 4766 nonnulli,
2654 4686 2784 4764 tum
2811 4677 3080 4766 angelos,
3116 4684 3241 4766 tum
3277 4677 3571 4736 humanas
3611 4679 3793 4737 etiam

446 4732 558 4822 ﬁt)
588 4751 756 4823 Ὅπερ
800 4749 887 4804 καὶ
942 4747 1183 4823 μᾶλλον.
1241 4750 1360 4823 Hoc
1391 4748 1581 4821 magis
1632 4755 1692 4805 et
1738 4751 2021 4823 praecipue

2138 4753 2389 4817 animas,
2420 4732 2673 4810 tenuiori
2706 4732 2955 4808 materia
2983 4732 3271 4807 constare.

376 4820 712 4896 signiﬁcare
728 4820 978 4896 'paueui
1004 4823 1174 4878 illum
1207 4820 1520 4896 caelestem:
1535 4820 1848 4896 mysticum
1901 4820 2028 4894 ejus

376 4891 803 4968 corpus,7quod
835 4900 889 4949 et
912 4894 1021 4968 illo
1054 4909 1164 4968 per
1201 4891 1623 4968 eucharistiam
1677 4891 2031 4966 nutriam'ur,

378 4972 446 5025 ut
475 4961 559 5024 sic
587 4961 718 5038 ejus
751 4965 1013 5038 membra
1037 4961 1759 5038 adolescamuslluncque
1789 4961 2032 5023 sensum

381 5035 746 5111 Augustinus
778 5037 1011 5109 egregie
1043 5035 1471 5111 prosequitur._
1493 5036 1722 5111 Maneat
1767 5052 1904 5110 ergo
1948 5038 2033 5095 sic

383 5103 627 5183 anﬁquo
658 5103 1161 5183 auctore,'nut'riri
1199 5120 1299 5183 per
1328 5103 1764 5183 eucharistiam
1796 5103 2028 5165 carnem

383 5176 645 5240 nostram
671 5197 820 5249 pane
851 5179 952 5235 illo
987 5194 1020 5231 a
1051 5176 1219 5231 Patre
1245 5177 1378 5232 dato
1410 5178 1508 5249 qui
1547 5177 1728 5235 Filius
1753 5186 1883 5236 est:
1916 5196 2032 5237 non

383 5257 594 5311 umbra
626 5249 824 5322 aliqua
853 5267 920 5306 ac
952 5249 1169 5322 figura,
1196 5249 1349 5322 quod
1392 5254 1517 5304 erat
1566 5251 1735 5322 panis
1782 5250 2035 5322 caelestis

381 5342 557 5396 quem
590 5320 779 5397 vocat,
811 5338 845 5375 a
868 5336 1087 5376 manna
1116 5320 1445 5397 distinctus
1468 5320 1612 5397 citra
1641 5320 1907 5397 ἀληθινὸν
1936 5322 2031 5397 ἅρ-

380 5393 475 5452 τον
525 5395 1113 5465 Πνεύματοςινοῐυυιῑι
1166 5408 1374 5463 panem
1420 5393 1698 5464 Spiritus,
1749 5393 2036 5464 quivere

383 5469 515 5540 ipsa
543 5464 1025 5540 vitaedentibus,
1061 5468 1124 5519 ut
1149 5480 1283 5540 _non
1329 5469 1663 5540 moriantur
1697 5464 1931 5533 praebet,
1976 5469 2034 5533 et

382 5534 560 5611 quem
593 5534 838 5609 spiritus
866 5535 1079 5607 Deique
1109 5535 1296 5611 virtus
1316 5536 1620 5611 ejusmodi
1653 5551 1865 5605 panem
1890 5553 2033 5606 prae-

384 5605 670 5666 stantiore
701 5623 879 5679 supra
907 5605 1145 5664 munere
1177 5605 1703 5679 efﬁciattComnar.

457 5680 571 5750 ('72)
634 5677 890 5750 Σώμᾶτα.
960 5679 1358 5736 Tertullianus
1414 5678 1487 5732 De
1552 5692 1728 5733 carne
1786 5677 2029 5750 Christi,

387 5748 515 5824 cap.
547 5748 582 5808 6
615 5768 628 5808 :
684 5748 902 5810 Canstal
947 5754 1429 5825 angeloscarnem
1464 5765 1574 5825 non
1613 5748 1912 5825 propriam
1936 5748 2033 5825 ge-E

393 5820 590 5895 διάθες,
621 5828 809 5898 utpote
852 5820 1080 5882 naturas
1108 5821 1435 5882 substantiae
1477 5820 1800 5895 spiritalis:
1859 5820 1956 5895 et,'
1980 5823 2035 5885 si

2215 4825 2326 4893 (73)
2385 4823 2729 4896 ’Eyelperau.
2789 4823 2966 4888 Quasi
3025 4820 3494 4896 resurrectio__in
3552 4837 3621 4878 eo
3677 4822 3798 4879 sita

2143 4897 2242 4961 sit,
2273 4897 2427 4966 quod
2460 4892 2671 4950 animus
2719 4895 2859 4965 ipsa
2898 4910 3144 4966 corpora
3171 4892 3462 4966 spiritalia
3492 4897 3797 4966 terrenum

2144 4963 2359 5038 corpus
2387 4970 2699 5034 exuerunt,
2728 4963 2856 5037 quae
2890 4963 3084 5038 crassa
3112 4963 3345 5023 haeresis
3371 4974 3451 5021 est
3478 4965 3591 5037 ipsi
3619 4966 3797 5023 Paulo

2141 5037 2351 5103 notata,
2388 5039 2435 5092 Il
2467 5038 2614 5110 Tim.
2649 5054 2712 5110 r1,
2747 5039 2841 5110 18,
2865 5041 2960 5109 qui
2987 5037 3178 5110 dicunt
3202 5038 3660 5110 resurrectionem
3669 5039 3796 5110 jam

2141 5125 2256 5164 esse
2278 5112 2504 5178 [actam
2540 5108 2744 5165 Perdet
2772 5107 2945 5165 etiam
2999 5113 3057 5165 et
3104 5108 3301 5164 mittet
3348 5107 3409 5163 in
3458 5107 3793 5178 gehennam

2143 5181 2270 5249 ipsa
2302 5180 2420 5254 haec
2451 5197 2577 5252 qum
2607 5182 2879 5237 videntur
2894 5180 3266 5254 corpora,sed
3288 5179 3386 5236 ubi
3404 5179 3506 5254 illa
3534 5183 3796 5238 resusci-

2142 5250 2371 5323 taverit,
2406 5250 2652 5309 utsicut
2680 5250 3110 5318 scelerumfsic
3140 5257 3198 5306 et
3213 5268 3394 5323 pennis
3422 5253 3543 5309 sint
3558 5254 3795 5310 anima—

2144 5322 2639 5396 busquibuscum
2671 5326 2939 5381 vixerunt
2981 5322 3397 5396 sociaLLazari
3446 5324 3698 5383 historia
3743 5324 3797 5381 si

2144 5391 2379 5465 quidem
2414 5413 2549 5453 vera
2581 5396 2827 5469 historia
2855 5401 2964 5467 est,
3018 5391 3554 5469 sisennyopekui,
3588 5396 3795 5469 uthu-

2144 5483 2321 5523 mana
2368 5470 2543 5525 modo
2592 5465 2960 5540 significetur
3014 5465 3215 5523 divitis
3260 5465 3548 5539 epulonis'
3580 5468 3799 5526 animae

2144 5556 2334 5609 poena,
2369 5556 2498 5611 quae
2528 5541 2821 5612 ipsajarn
2857 5544 3364 5612 veregtorqueatur
3410 5542 3522 5596 etsi
3579 5556 3798 5612 corpus

2144 5557 2334 5609 paena,
2369 5557 2498 5611 quae
2528 5557 2658 5667 Ἔδει
2687 5557 2821 5668 ἐστι]
2857 5557 2989 5596 vere
3016 5557 3364 5610 torqueatur
3410 5557 3522 5596 etsi
3579 5557 3798 5612 corpus

2144 5626 2258 5696 non
2289 5619 2398 5696 est,
2433 5612 2531 5696 qui
2582 5611 2680 5683 qui
2710 5684 2721 5695 θ
2754 5610 3015 5696 mysterii
3044 5611 3143 5696 sit,
3170 5612 3329 5679 quod
3358 5627 3570 5696 corpus
3596 5612 3800 5696 divina

2141 5682 2376 5752 virtute,
2422 5682 2670 5756 ejusque
2708 5682 3171 5740 instrumentum
3218 5700 3349 5740 vere
3378 5682 3628 5756 spiritus
3674 5684 3796 5741 dm-

2143 5770 2350 5814 mones
2382 5760 2440 5811 et
2454 5754 2687 5813 animas
2713 5760 2968 5827 torquet.
2996 5758 3255 5812 Consus.
