4124 6400
380 476 488 533 665

1156 476 1400 532 DUBIA.
1432 502 1501 515 —
1530 473 1916 530 BXCKRPTA
1951 475 2054 528 EX
2088 475 2412 534 SCRIPTIS
2446 478 2829 548 THEODOTI,
2867 479 3024 536 ETC.

3690 473 3799 527 666

371 599 678 678 φορέσομεν
748 600 839 655 καὶ
916 601 1014 668 τήν
1093 596 1278 654 εἱκόνα
1353 601 1448 652 τοῦ
1525 595 1873 672 ἐπουρανίου,
1936 599 2022 650 τοῐ

2151 602 2552 670 reni,geremns
2581 604 2744 658 etiam
2776 605 3077 673 imaginem
3105 603 3334 658 catastis
3359 601 3530 675 (a),et
3559 598 3796 671 spirita-

370 692 746 764 πνευματικοῦ
781 732 794 758 ,
853 688 990 744 κατὰ
1045 687 1332 764 προκοπὴν
1385 685 1766 759 τελειούμενοι
1803 729 1816 743 .
1879 683 2022 755 Ιῐλήη

2145 689 2240 755 lis,
2270 692 2596 747 secundum
2626 695 2944 764 profectum
2979 693 3392 764 perfectionem
3425 689 3644 762 adepti.
3678 689 3792 744 Sed

374 778 540 836 πάλιν
602 778 788 834 εἰκόνα
844 775 1017 853 λέγει,
1079 778 1154 841 ὡς
1203 777 1338 832 εἶναι
1393 777 1623 848 σώματα
1671 775 2029 848 πνευματικά.

373 869 477 928 Καὶ
524 865 712 924 παλιν·
767 869 927 944 Ἄρτι
980 866 1257 942 βλέπομεν
1318 863 1388 920 δι’
1441 863 1708 941 ἐσόπτρου
1759 863 1810 918 έν
1862 861 2032 940 αῗνίγ-

380 979 531 1032 ματι,
603 956 728 1013 τότε
805 954 864 1012 δὲ
932 957 1227 1030 πρόσωπον
1306 955 1442 1030 πρὸς
1521 953 1840 1030 πρόσωπον.
1918 951 2032 1010 Αὐ-

374 1047 501 1105 τίκα
545 1047 649 1123 γὰρ
678 1045 966 1122 ἀρχόμεθα
1024 1046 1332 1121 γινώσκειν·
1393 1040 1535 1102 Οὐδὲ
1567 1043 1862 1117 πρόσωπον
1889 1046 2028 1117 (74),

382 1135 517 1209 ίδέα,
539 1135 630 1191 καὶ
661 1138 877 1211 σχῆμα,
929 1136 1019 1191 καὶ
1050 1139 1230 1208 σῶμα.
1267 1140 1474 1210 Σχῆμα
1509 1133 1603 1207 μὲν
1638 1131 1729 1188 οὖν
1767 1135 2022 1210 σχήματι

373 1229 682 1302 θεωρεῖται,
758 1225 850 1301 κρὶ
925 1223 1220 1298 πρόσωπον
1307 1223 1615 1298 προσώπῳ,
1694 1221 1785 1276 καὶ
1845 1219 2028 1298 ἐπιγι-

367 1315 635 1370 νώσκεται
710 1313 779 1369 τὰ
847 1312 1196 1390 γνωρίσματα
1268 1317 1388 1374 τοῖς
1465 1313 1714 1387 σχήμασι
1768 1311 1854 1366 καὶ
1911 1315 2030 1373 ταῖς

367 1403 602 1466 οὐσίαις.

439 1493 529 1563 Ιζ’.
563 1491 667 1548 Καὶ
699 1493 734 1561 ἡ
764 1489 1055 1566 περιστερά
1081 1487 1138 1546 δὲ
1167 1494 1328 1563 σῶμα
1368 1486 1548 1567 ὤφθησ
1599 1489 1660 1558 ἣν
1713 1489 1765 1543 οἱ
1818 1487 1912 1562 μὲν
1965 1488 2027 1543 τὸ

367 1583 520 1659 ἅγιον
550 1581 772 1653 Πνεῦμά
803 1601 984 1656 φασιν,
1018 1580 1069 1635 οἱ
1101 1577 1159 1634 δὲ
1188 1579 1296 1634 ἀπὸ
1327 1575 1653 1636 Βασιλείδου
1700 1577 1792 1632 τὸν
1841 1575 2027 1632 διάκο-

363 1692 481 1743 νον,
515 1671 566 1724 οἱ
593 1666 652 1725 δὶ
691 1668 795 1724 ἀπὸ
827 1667 1192 1727 Οὐαλεντίνου
1235 1670 1344 1742 (75)
1373 1667 1438 1722 τὸ
1469 1667 1678 1740 πνεῦμα
1706 1669 1805 1735 τῆς
1839 1667 2026 1731 Ἐνθυ-

364 1762 586 1834 μήσεως
616 1762 714 1815 τοῦ
745 1759 977 1833 Πατρὸς,
1009 1759 1110 1828 τὴν
1159 1756 1477 1813 κατέλευσιν
1509 1754 1879 1829 πεποιημένον
1935 1753 2023 1810 ἐπὶ

361 1849 463 1918 τὴν
497 1852 596 1904 τοῦ
628 1846 806 1924 Λόγου
837 1846 1030 1923 σάρκα.

437 2031 532 2084 IZ'.
563 2027 752 2082 ’Έστιν
786 2026 999 2096 Ἰησοῦς
1039 2024 1130 2079 καὶ
1190 2026 1224 2094 ἡ
1287 2021 1588 2094 Ἐκκλησία
1637 2021 1726 2078 καὶ
1771 2024 1806 2092 ἡ
1861 2024 2023 2098 σοφία

375 2113 443 2170 δι’
474 2114 617 2171 ὅλων
672 2118 864 2190 κρᾶσις
921 2117 1029 2169 τῶν
1087 2113 1356 2187 σωμάτων
1417 2110 1642 2182 δυνατὴ,
1701 2112 1838 2167 κατὰ
1893 2111 2020 2176 τοὺς

375 2204 869 2268 Οὐαλεντινιανούς.
931 2205 993 2260 Ἡ
1040 2207 1167 2281 γοῦν
1228 2202 1541 2278 ἀνθρωπίνη
1595 2202 1736 2276 μίξις
1795 2204 1830 2272 ἠ
1885 2201 2023 2257 κατὰ

376 2294 545 2370 γάμον
571 2294 627 2349 ἐκ
653 2291 798 2350 δυεῖν
855 2295 1206 2368 μεμιγμένων
1262 2294 1586 2367 σπερμάτων
1646 2293 1762 2353 ἑνὸς
1815 2292 2019 2366 γένεσιν

369 2381 584 2439 παιδίου
640 2383 919 2440 ἀποτελεῖ·
967 2383 1056 2438 καὶ
1112 2383 1175 2438 τὸ
1223 2387 1404 2457 σῶμα,
1455 2382 1533 2445 είς
1581 2383 1684 2457 γήν
1731 2381 2016 2449 ἀναλυθὶν,

361 2474 618 2548 κέκραται
648 2476 719 2548 τῇ
750 2476 849 2549 γῇ,
880 2474 968 2528 καὶ
997 2472 1059 2527 τὺ
1092 2469 1238 2550 ὕδωρ
1269 2477 1347 2544 τῷ
1377 2470 1530 2544 οἴνῷ,
1590 2473 1670 2530 Τὰ
1701 2469 2020 2548 δὲ’κρείττω

361 2562 452 2618 καὶ
520 2559 904 2642 διαφορώτερα
948 2563 1175 2635 σώματα
1221 2558 1407 2638 ῥᾳδίαν
1457 2558 1611 2636 *ίσχει
1660 2562 1758 2630 τὴν
1805 2567 2017 2636 κρᾶσιν,

362 2651 581 2724 Πνεῦμα
637 2655 770 2725 γοῦν
844 2650 1110 2723 πνεύματι
1189 2648 1464 2725 μίγνυται.
1515 2649 1676 2723 Ἐμοὶ
1755 2647 1814 2705 δὲ
1870 2647 2019 2705 δοκεῖ

361 2740 496 2794 κατά
552 2741 847 2814 παράθεσιν
905 2743 1068 2795 τοῦτο
1120 2741 1384 2815 γενέσθαι,
1435 2737 1562 2794 ἀλλ’
1612 2738 1679 2794 οὐ
1707 2739 1843 2794 κατὰ
1885 2746 2019 2816 κρᾶ-

363 2849 471 2885 σιν.
507 2830 657 2900 Μήτι
717 2830 810 2884 οὗν
869 2831 903 2899 ἡ
954 2827 1072 2893 θεία
1102 2827 1353 2900 δύναμις,
1388 2825 1653 2898 διήκουσα
1680 2829 1781 2898 τὴν
1811 2831 2017 2905 ψυχὴν,

363 2917 572 2994 ἁγιάζει
624 2917 791 2988 αὐτὴν
852 2917 988 2973 κατὰ
1033 2919 1132 2988 τήν
1187 2918 1502 2974 τελευταίαν
1552 2921 1892 2995 προκοπήνς
1958 2921 2020 2979 Ὀ

361 3009 465 3083 γὰρ
525 3005 657 3070 Θεὸς
715 3011 929 3082 πνεῦμα
987 3005 1124 3062 ὅπου
1184 3004 1328 3072 θέλει
1386 3013 1550 3063 πνεῖο
1611 3010 1646 3077 ἡ
1702 3009 1802 3084 γὰρ
1861 3006 2019 3064 δύνα-

368 3116 459 3170 μις
514 3095 576 3152 οὐ
633 3099 750 3152 κατ’
809 3095 994 3152 οὐσίαν
1057 3095 1260 3168 διήκει,
1292 3095 1438 3152 ἀλλὰ
1480 3095 1616 3152 κατὰ
1654 3095 1880 3171 δύναμιν
1930 3098 2022 3153 καὶ

370 3184 552 3261 ίσχύν.
614 3184 939 3260 Παράκειναι
973 3182 1030 3240 δὲ
1057 3186 1119 3242 τὸ
1150 3187 1364 3260 πνεῦμα
1390 3189 1469 3259 τῷ
1512 3184 1798 3260 πνεύματι,
1854 3187 1928 3249 ὡς
1960 3187 2022 3242 τὸ

367 3278 583 3348 πνεῦμα
612 3278 682 3350 τῇ
709 3278 888 3351 ψυχῇ.

437 3453 523 3509 ΙΗ’
579 3455 636 3506 '0
694 3453 892 3526 Σωτὴρ
952 3451 1108 3529 ὤφθη
1157 3450 1358 3507 κατιὼν
1416 3457 1536 3514 τοῖς
1591 3451 1870 3529 ἀγγέλοιςο
1937 3450 2022 3508 διὸ

361 3540 452 3595 καὶ
514 3539 942 3616 εὐηγγελίσαντο
999 3540 1200 3598 αὐτόν.
1263 3538 1440 3598 Ἀλλὰ
1488 3541 1578 3596 καὶ
1634 3546 1713 3613 τῷ
1769 3537 2024 3617 ’Δϐραὰμ

361 3631 450 3685 καὶ
476 3636 592 3694 τοῖς
627 3629 850 3694 λοιποῖς
880 3628 1112 3693 δικαίοις
1165 3635 1281 3692 τοῖς
1334 3629 1386 3684 έν
1443 3634 1512 3705 τῇ
1545 3631 1838 3686 ἀναπαύσει
1866 3630 2019 3686 οὖσιν

363 3717 414 3772 ἐν
445 3724 563 3784 τοῖς
595 3717 793 3791 δεξιοῖς
827 3717 1008 3795 ὤφθη.
1046 3718 1450 3794 Ἠγαλλιάσατο
1506 3723 1632 3796 γὰρ,
1692 3722 1880 3798 φησὶν,
1932 3719 2022 3776 τίνα

365 3803 456 3884 ἴδῃ
505 3809 604 3878 τὴν
675 3810 886 3884 ἡμέραν
945 3810 1044 3878 τὴν
1104 3806 1267 3881 ἐμὴν,
1325 3809 1426 3878 τὴν
1486 3807 1538 3862 ἐν
1599 3810 1753 3882 σαρκὶ
1813 3831 2021 3886 παρου-

369 3898 486 3953 σίαν
523 3942 536 3956 .
594 3899 752 3962 Ὅθεν
814 3898 1043 3961 ἀναστὰς
1105 3899 1134 3953 ὃ
1193 3897 1399 3974 Κύριος
1452 3895 1851 3974 εὐηγγελίσατο
1910 3902 2019 3974 (76)

361 3986 490 4050 τοὺς
521 3984 765 4051 δικαίους
793 3985 923 4048 τοὺς
974 3986 1029 4042 ἐν
1077 3989 1146 4062 τῇ
1177 3987 1496 4057 ἀναπαύσει,
1553 3987 1643 4043 καὶ
1695 3991 2020 4062 μετέττησεν

363 4075 560 4142 αὐτοὺς
589 4078 682 4132 καὶ
749 4078 1031 4150 μετέθηκε,
1065 4075 1154 4131 καὶ
1185 4076 1380 4140 πάντες
1437 4077 1488 4132 έν
1547 4081 1615 4152 τῇ
1677 4083 1800 4150 σκιᾷ
1856 4078 2020 4136 αὐτοῦ

367 4168 651 4237 ζήσονται.
696 4167 833 4221 Σκιὰ
863 4168 964 4240 γὰρ
996 4172 1096 4235 τῆς
1130 4164 1290 4237 δόξης
1322 4171 1419 4221 τοῦ
1452 4173 1714 4241 Σωτῆρος
1743 4175 1843 4237 τῆς
1874 4170 2020 4244 παρὰ

355 4259 436 4328 τῷ
487 4254 657 4330 Πατρὶ
707 4257 743 4326 ἡ
789 4253 1061 4330 παρουσία
1108 4257 1142 4324 ἡ
1195 4253 1440 4311 ἕνταῢθα·
1494 4257 1674 4319 φωτὸς
1710 4254 1767 4312 δὲ
1798 4260 1922 4314 σκιᾶ
1953 4257 2015 4313 οὐ

359 4344 573 4414 σκότος,
606 4343 755 4401 ἀλλά
786 4339 1073 4423 φωτισμός
1100 4343 1265 4402 ἐστιν.

2052 1972 2100 2038 Β

2144 797 2351 835 rursus
2385 781 2698 853 imaginem
2734 782 2894 848 dicit,
2929 782 3097 854 quasi
3130 783 3250 837 sint
3278 795 3520 852 corpora
3550 779 3793 852 spirita-

2141 868 2240 926 lia.
2276 876 2355 925 Ac
2387 871 2600 926 iterum
2635 887 2647 924 :
2684 871 2839 926 Nunc
2869 872 3111 928 videmus
3135 887 3235 942 per
3261 870 3545 941 speculum
3564 870 3624 923 in
3651 869 3794 923 ami-

2140 968 2478 1030 gmate,tunc
2503 977 2635 1016 vero
2663 963 2806 1030 [acie
2835 962 2903 1016 ad
2931 960 3132 1032 faciem
3162 959 3419 1025 (b).lllico
3451 958 3606 1012 enim
3642 956 3790 1012 inci-

2139 1048 2338 1119 pimus
2371 1064 2738 1120 cognoscere.
2774 1054 2887 1105 Nec
2919 1049 3114 1115 facies,
3149 1064 3252 1104 nec
3299 1046 3546 1118 species,
3582 1061 3686 1101 nec
3717 1045 3792 1099 Ii-

2139 1152 2513 1209 gura,neque
2545 1155 2754 1209 corpus
2785 1143 2891 1194 est.
2925 1139 3141 1210 Figura
3170 1153 3306 1209 ergo
3339 1137 3527 1208 ﬁgura
3553 1133 3788 1204 conspi-

2139 1225 2312 1294 citur,
2348 1227 2643 1299 faciesque
2675 1227 2841 1296 iacie,
2894 1233 3071 1300 atque
3104 1243 3138 1282 a
3161 1226 3366 1298 ﬁguris
3413 1231 3471 1280 et
3516 1222 3789 1280 essentiis

2136 1315 2268 1388 ipsa
2297 1315 2517 1372 indicia
2547 1321 2814 1389 notaque
2835 1322 3292 1390 cognoscuntur.

2209 1495 2358 1552 XVI.
2387 1494 2718 1559 Quinetiam
2764 1495 3024 1551 columba
3070 1509 3332 1566 corporea
3375 1497 3441 1564 (ε)
3504 1492 3629 1548 visa
3677 1496 3788 1557 est,

2138 1601 2316 1656 quam
2351 1583 2620 1638 nonnulli
2647 1583 2930 1656 Spiritum
2962 1589 3236 1640 sanctum
3265 1581 3498 1648 dicunt,
3517 1579 3790 1637 Basilidis

2135 1690 2270 1729 vero
2303 1689 2580 1744 sequaces
2609 1673 2944 1728 ministrum
2971 1677 3198 1742 vocant,
3233 1672 3453 1744 quique
3483 1671 3543 1725 in
3575 1669 3788 1724 Valen-

2135 1763 2242 1817 tini
2291 1761 2645 1819 sententiam
2679 1762 2927 1834 pedibus
2959 1767 3101 1817 eunt
3148 1761 3425 1833 spiritum
3474 1760 3791 1831 Entbyme-

2135 1867 2288 1918 seos,
2321 1867 2424 1906 seu
2455 1850 2968 1923 contemplationis
3005 1851 3220 1914 Patris,
3252 1849 3312 1904 in
3345 1847 3516 1904 Verbi
3548 1863 3782 1903 carnem

2136 1955 2196 1994 se
2228 1939 2666 2010 dissolventem,
2699 1955 2764 1995 ac
2797 1939 3267 1994 descendentem.

2202 2028 2377 2084 XVII.
2414 2029 2512 2084 Est
2558 2028 2732 2084 Jesus
2761 2032 2820 2083 et
2849 2026 3105 2083 Ecclesia
3152 2030 3210 2082 et
3257 2025 3548 2098 sapientia
3591 2030 3648 2081 et
3692 2040 3782 2082 se-

2133 2118 2392 2172 cundum
2425 2116 2864 2172 Valentinianos
2895 2133 2996 2186 per
3034 2116 3235 2172 omnia
3284 2131 3528 2186 corpora
3583 2115 3781 2170 mistio

2132 2211 2360 2278 potens.
2392 2206 2585 2262 Mistio
2618 2206 2800 2277 igitur
2849 2205 3110 2261 humana
3139 2203 3420 2274 nuptialis
3449 2220 3518 2258 ex
3549 2203 3780 2258 duobus

2131 2295 2456 2351 seminibus
2490 2295 2679 2350 mistis
2713 2295 2954 2350 infantis
2986 2296 3162 2350 unius
3184 2293 3615 2365 generationem
3649 2309 3779 2364 per-

2132 2385 2252 2441 ﬁcit
2277 2403 2290 2454 ;
2311 2402 2522 2458 corpus
2553 2385 2729 2441 etiam
2754 2384 2813 2440 in
2836 2390 3051 2441 terram
3084 2383 3343 2440 solutum
3376 2387 3540 2437 terrea
3573 2381 3781 2440 misce-

2129 2479 2246 2542 tur,
2279 2478 2337 2530 et
2366 2491 2519 2546 aqua
2548 2475 2702 2529 vino.
2731 2475 2986 2545 Corpora
3031 2489 3166 2529 vero
3198 2471 3440 2528 meliora
3483 2476 3542 2526 et
3590 2472 3775 2529 excel-

2130 2562 2371 2619 lentiora
2425 2551 2756 2620 mistionem
2811 2563 3041 2620 facilem
3119 2562 3466 2618 admittunt.
3521 2561 3775 2634 Spiritus

2129 2653 2310 2726 igitur
2329 2653 2561 2724 spiritui
2588 2652 3034 2709 miscetur.Mibi
3053 2669 3188 2708 vero
3205 2652 3432 2708 videtur
3464 2666 3564 2722 per
3585 2653 3778 2722 juxta-

2129 2742 2482 2815 positionem
2514 2743 2623 2798 boc
2653 2743 2803 2810 ﬁeri,
2832 2748 2890 2798 et
2921 2759 3034 2798 non
3069 2759 3170 2812 per
3217 2740 3575 2796 mistionem.
3609 2747 3775 2795 Anne

2129 2833 2330 2904 itaque
2363 2832 2622 2903 polentia
2648 2831 2842 2887 divina
2873 2831 3273 2904 pertransiens
3304 2829 3588 2897 animam,
3623 2845 3782 2885 eam-

2129 2923 2264 2976 dem
2311 2937 2412 2992 per
2460 2921 2786 2992 profectum
2841 2920 3164 2991 perfectum
3216 2917 3590 2974 sanctiﬁcat?
3641 2921 3782 2974 Deus

2132 3011 2287 3066 enim
2317 3012 2556 3081 spiritus
2584 3009 2682 3064 ubi
2708 3009 2832 3064 vult
2859 3008 3041 3080 spirat
3070 3009 3166 3079 (ά).
3200 3006 3465 3063 Potentia
3495 3006 3780 3062 nimirum

2132 3117 2248 3156 non
2280 3100 2546 3156 essentia;
2582 3102 2868 3171 respectu.
2905 3097 3006 3153 sed
3037 3113 3141 3170 per
3187 3097 3458 3152 virtutem
3490 3100 3548 3152 et
3579 3100 3778 3167 poten-

2131 3189 2274 3244 tiam
2307 3189 2589 3262 pervadit.
2615 3189 2855 3257 Adjacet
2885 3192 3079 3242 autem
3111 3186 3364 3258 Spiritus
3394 3185 3630 3240 divinus
3662 3183 3782 3256 spi-

2135 3277 2273 3334 ritui
2305 3278 2708 3347 alteri,eodem
2741 3277 2911 3349 plane
2943 3278 3116 3332 modo
3145 3292 3262 3347 quo
3294 3273 3538 3346 spiritus
3568 3273 3778 3330 anima

2053 3337 2097 3405 (ἶ
2135 3369 2308 3426 adsit.

2204 3459 2267 3524 ›ι‹
2311 3457 2520 3514 XVIII.
2572 3457 2837 3514 Salvator
2867 3473 3000 3511 cum
3051 3454 3111 3509 in
3160 3458 3351 3508 terras
3399 3452 3782 3508 descenderet

2136 3548 2362 3620 angelis
2391 3547 2555 3603 visus
2603 3551 2712 3612 est,
2747 3545 3134 3618 quamobrem
3179 3547 3238 3599 et
3286 3543 3571 3598 adventus
3621 3540 3782 3596 illius

2133 3637 2247 3692 laati
2279 3639 2514 3693 fuerunt
2547 3635 2759 3692 nuntii.
2793 3637 2898 3690 Sed
2939 3639 2998 3689 et
3045 3631 3372 3688 Abrahamo
3422 3629 3784 3702 reliquisque

2124 3727 2328 3799 justis,
2362 3727 2462 3798 qui
2495 3726 2550 3780 in
2587 3725 2787 3797 requie
2813 3725 2882 3779 ad
2918 3724 3181 3778 dextram
3233 3725 3422 3784 erant,
3453 3718 3614 3775 visus
3641 3723 3734 3775 est
3765 3735 3778 3775 :

2131 3815 2423 3874 Exuttavit
2454 3814 2628 3880 enim,
2661 3813 2877 3886 inquit,
2926 3821 2986 3866 ut
3032 3811 3237 3867 videret
3283 3810 3430 3865 diem
3475 3824 3657 3865 meum
3685 3808 3780 3880 (θ),

2132 3906 2286 3962 diem
2319 3905 2599 3960 nimirum
2633 3903 2748 3958 mei
2779 3903 2836 3956 in
2870 3917 3046 3956 carne
3074 3900 3384 3955 adventus.
3408 3897 3554 3953 Hinc
3582 3914 3780 3953 resur-

2130 4012 2276 4068 gens
2307 3994 2612 4063 Dominus,
2635 3991 2820 4064 justis
2851 3991 2910 4046 in
2942 3989 3139 4062 requie
3185 3986 3621 4060 evangelizavit,
3653 4003 3782 4043 eos-

2131 4085 2381 4158 demque
2414 4081 2732 4148 submovit,
2765 4078 3088 4145 transtulit,
3106 4083 3163 4133 et
3192 4093 3397 4134 omnes
3428 4076 3539 4132 sub
3572 4076 3785 4132 umbra

2129 4175 2258 4245 ejus
2289 4175 2501 4228 vivent.
2547 4170 2861 4227 Praesentia
2905 4169 3061 4225 enim
3112 4165 3431 4222 Salvatoris
3477 4165 3534 4220 in
3583 4164 3776 4236 terris,

2131 4262 2340 4318 umbra
2369 4267 2458 4318 est
2487 4259 2687 4334 gloriae
2733 4258 3001 4328 ejusdem
3033 4271 3162 4326 quae
3217 4255 3368 4325 apud
3403 4258 3632 4308 Patrem
3665 4258 3773 4309 est.

2127 4351 2344 4408 Umbra
2389 4354 2584 4407 autem
2635 4347 2806 4415 lucis,
2843 4363 2956 4402 non
3002 4343 3254 4400 tenebm
3284 4343 3384 4399 sed
3417 4342 3774 4400 illuminatio

2125 4446 2236 4497 est.

434 4525 535 4581 19'.
595 4522 695 4580 Καὶ
754 4524 817 4580 Ὁ
877 4521 1055 4597 Λόγος
1113 4521 1240 4598 σὰρξ
1289 4519 1500 4599 ἐγένετο
1535 4564 1549 4591 ,
1611 4521 1673 4577 οὐ
1723 4525 1860 4580 κατὰ
1914 4527 2014 4595 τὴν

2197 4527 2674 4593 XIX.Quinetiam
2713 4525 2958 4580 Verbum
2985 4537 3113 4579 caro
3130 4523 3342 4593 factum
3366 4531 3446 4578 est
3467 4522 3776 4594 (l),nempe

359 4612 658 4690 παρουσίαν
710 4612 871 4685 μόνον
918 4608 1204 4687 ἅνθρωπος
1245 4610 1559 4685 γενόμενος.
1612 4610 1757 4668 ἀλλά
1811 4615 1902 4668 καὶ
1961 4614 2012 4670 έν

2140 4636 2242 4674 non
2276 4617 2467 4674 solum
2502 4615 2811 4689 praesentia
2840 4631 2951 4670 sua
2983 4613 3157 4668 homo
3188 4612 3411 4668 factum
3443 4615 3552 4680 est,
3571 4627 3773 4666 verum

362 4702 511 4778 ἀρχῇ
568 4703 598 4757 ὁ
651 4699 704 4756 ἐν
764 4699 1057 4770 ταύτότητι
1092 4699 1266 4774 Λόγος
1295 4700 1434 4755 κατὰ
1462 4703 1802 4779 περιγραφὴν
1833 4703 1924 4758 καὶ
1954 4705 2016 4760 οὐ

2140 4708 2304 4765 ιιίιιω
2336 4708 2395 4762 in
2429 4705 2717 4780 principio
2749 4703 3006 4759 Verbum
3053 4701 3358 4758 identitate
3407 4717 3590 4756 unum
3641 4716 3776 4756 cum

360 4793 478 4847 κατ’
510 4791 695 4846 οὐσίαν
729 4788 1047 4866 γενόμενος,
1089 4791 1118 4845 6
1169 4790 1317 4854 Υἱός·
1370 4789 1459 4844 καὶ
1508 4787 1674 4844 πάλιν
1728 4790 1854 4868 σᾶρξ
1901 4794 2018 4869 έγέ-

2140 4803 2321 4864 Patre,
2382 4814 2484 4869 per
2536 4793 3144 4864 circumscriptionem
3199 4807 3316 4846 non
3389 4789 3782 4846 essentialiter

361 4901 510 4952 νετο,
574 4876 664 4935 διὰ
715 4883 1013 4955 προφητῶν
1072 4877 1399 4954 ἐνεργήσας.
1451 4879 1645 4933 Τέκνον
1705 4877 1762 4935 δὲ
1812 4886 1907 4936 τοῦ
1964 4881 2016 4939 ἐν

2140 4890 2303 4944 homo
2336 4888 2578 4953 factum,
2611 4885 2720 4940 hoc
2749 4887 2858 4953 est,
2891 4881 3071 4938 Filius
3105 4898 3118 4936 :
3169 4885 3228 4937 et
3260 4896 3465 4936 rursus
3497 4895 3629 4935 caro
3663 4879 3781 4933 {ao-

363 4971 658 5040 ταύτότητι
686 4968 864 5044 Λόγου
897 4968 924 5024 6
950 4969 1148 5044 Σωτὴρ
1183 4967 1415 5044 ε’ίρηται·
1449 4965 1541 5024 διὰ
1559 4972 1718 5024 τοῦτο
1751 4971 1838 5028 Ἐν
1869 4973 2018 5050 ἀρχῇ

2140 4984 2255 5034 tum
2288 4983 2378 5032 est
2407 4991 2540 5031 cum
2576 4991 2676 5046 per
2702 4971 3020 5046 prophetas
3049 4973 3355 5042 operatum
3388 4967 3780 5024 est.Salvator

361 5064 428 5129 ἦν
488 5061 517 5114 6
575 5059 778 5134 Λόγος,
828 5056 918 5113 καὶ
972 5059 1000 5113 6
1058 5058 1236 5133 Λόγος
1291 5058 1357 5126 ἦν
1408 5057 1546 5132 πρὸς
1597 5059 1689 5113 τὸν
1745 5061 1898 5120 Θεόν.
1952 5064 2020 5122 Ὀ

2140 5074 2326 5124 autem
2345 5065 2652 5123 identitate
2669 5061 3031 5134 Verbi(quod
3047 5076 3180 5116 cum
3199 5063 3368 5116 Patre
3386 5057 3534 5113 idem
3549 5061 3656 5124 est)
3683 5055 3778 5110 Fi-

365 5150 580 5224 γέγονεν
627 5147 682 5204 ἐν
735 5146 906 5219 αὐτῷ,
959 5148 1072 5216 ζωή
1127 5145 1260 5202 ἐστι’
1322 5147 1436 5216 ζωή
1488 5145 1546 5202 δὲ
1576 5150 1604 5203 6
1653 5149 1869 5225 Κύριος.
1920 5154 2019 5208 Καὶ

2140 5158 2248 5213 lius
2270 5153 2725 5226 dicitur,idcirco
2747 5155 2810 5207 In
2831 5152 3114 5224 principio
3134 5154 3259 5204 erat
3290 5147 3537 5214 Verbum,
3561 5149 3611 5201 et
3651 5145 3776 5200 Ver-

429 5328 719 5406 itatem
747 5327 866 5383 eo.
906 5325 1232 5406 ijr'rea._
1289 5327 1364 5400 (a)
1398 5327 1418 5384 1
1448 5328 1576 5406 αρτ.
1608 5347 1700 5400 xv,
1734 5331 1822 5387 49.
1900 5333 2022 5406 (ωι

2140 5354 2184 5394 ι’.
2219 5353 2343 5406 χιιι,
2375 5335 2462 5391 l2.
2541 5335 2609 5406 (ο)
2647 5333 2779 5388 Luc.
2815 5347 2899 5402 ιιι,
2931 5331 3021 5386 22.
3097 5327 3177 5400 (ἁ)
3205 5327 3375 5384 Joan.
3427 5343 3503 5395 ιν,
3547 5325 3658 5395 24,
3692 5340 3778 5394 ιιι,

358 5402 412 5458 8.
446 5398 564 5474 "(0)
590 5404 760 5459 Joan.
791 5415 916 5465 vm,
947 5399 1035 5452 56.
1114 5398 1181 5470 (f)
1203 5398 1370 5456 Joan.
1405 5418 1444 5471 ι,
1480 5405 1566 5456 lt.

426 5600 544 5672 (74)
567 5594 716 5672 ρύδὶ
761 5595 1128 5672 πρόσηῗοτζθ
1180 5595 1285 5668 leg.
1321 5595 1384 5672 τδ
1433 5594 1490 5653 δὶ
1533 5598 1824 5672 πρόσωπον
1871 5597 2013 5656 ῗδέαο

353 5665 490 5728 nam
523 5665 652 5725 οὐδὲ
684 5665 892 5729 parum
926 5665 1040 5722 huc
1076 5665 1264 5723 facere
1293 5670 1538 5727 videtur.
1570 5665 1859 5729 Summe.

425 5744 540 5873 (ἐξ)
573 5743 637 5796 Οἱ
669 5734 726 5798 ει
756 5739 864 5795 ἀπὸ
903 5734 1170 5795 Οὐαλεντ.
1235 5740 1447 5799 Eadem
1517 5746 1690 5816 paulo
1746 5744 1901 5802 infra
1930 5761 2019 5803 re.

357 5831 430 5888 pe
513 5854 526 5871 .

2193 5607 2307 5679 (76)
2340 5598 2973 5679 Eﬁnyyslleato.._gonf;
3005 5613 3130 5669 qua!
3170 5595 3442 5670 superius
3470 5595 3615 5679 dixit
3643 5594 3774 5679 Cle-

2131 5669 2301 5734 mens
2327 5669 2525 5734 Strcr'n'.
2561 5691 2620 5741 ιι,
2647 5692 2700 5744 p.
2735 5671 2878 5738 379;
2937 5670 3137 5725 Strom.
3189 5687 3268 5736 vi,
3315 5685 3446 5742 pag.
3478 5669 3584 5724 637
3635 5669 3774 5725 edit.

2131 5749 2340 5821 Paris.,
2373 5755 2431 5806 et
2461 5764 2587 5820 quas
2618 5745 2698 5801 ibi
2731 5744 3010 5800 adnotata
3040 5746 3199 5797 sunt.
