4124 6444
274 472 375 529 671

1510 480 1926 538 CLEMENTIS
1961 478 2465 535 ALEXANDBINI

3590 477 3703 535 672

278 597 445 655 ritale
493 614 561 655 ex
615 600 835 674 Spiritu
894 604 1098 657 sancto
1149 604 1207 658 et
1264 602 1521 676 Virgine,
1579 619 1647 660 eo
1699 601 1925 660 scilicet

2052 600 2089 655 ἡ
2149 596 2313 671 δεξιοὶ
2373 596 2599 675 ἄγγελοι
2646 601 3027 679 γινώσκουσιν.
3080 598 3256 667 Ἱδίως
3310 598 3416 677 γὰρ
3464 597 3696 665 ἕκαστος

282 689 460 744 modo
491 706 605 760 quo
648 689 838 762 angeli
888 690 1076 745 dextri
1124 696 1507 764 cognoscunt.
1549 691 1742 749 Mente
1772 690 1930 747 enim

283 779 520 850 propria
551 778 866 836 Dominum
911 781 1322 854 unusquisque
1371 781 1690 853 cognoscit,
1724 785 1783 836 at
1814 796 1931 837 non

282 866 557 923 similiter
587 868 778 941 angeli
807 884 1014 925 omnes
1036 869 1242 926 horum
1268 888 1581 944 parvorum
1614 870 1931 927 electorum

280 956 380 1027 qui
425 956 607 1012 futuri
669 963 810 1014 sunt
864 957 923 1013 in
983 960 1189 1016 eadem
1248 961 1574 1018 hereditate
1628 964 1686 1016 et
1742 959 1931 1032 perfe-

280 1047 469 1102 ctione
502 1047 602 1117 (α),
634 1050 840 1116 [aciem
871 1048 1061 1104 Patris
1088 1049 1272 1105 vident
1313 1050 1409 1122 (ὸ).
1444 1050 1716 1106 Fortasse
1754 1049 1931 1105 facies

280 1137 519 1208 quidem
552 1143 609 1192 et
638 1137 766 1209 ipse
819 1137 999 1195 Filius
1044 1144 1134 1197 est
1165 1156 1179 1197 :
1213 1140 1386 1197 sicuti
1418 1141 1591 1197 etiam
1640 1145 1730 1197 est
1780 1138 1929 1194 illud

276 1242 450 1281 omne
507 1226 699 1283 Patris
743 1227 1273 1299 comprehensibile
1328 1231 1487 1303 quod
1567 1246 1669 1301 per
1722 1228 1929 1284 Filium

271 1314 458 1370 edocti
504 1315 723 1373 vident.
765 1317 929 1382 Quod
984 1322 1178 1374 autem
1231 1318 1527 1392 reliquum
1579 1317 1771 1375 Patris
1818 1321 1928 1388 est,

268 1402 535 1476 ignotum
566 1408 675 1461 est.

345 1493 545 1550 XXIV.
595 1494 813 1553 Dicunt
855 1495 1282 1566 Valentiniani,
1332 1497 1489 1570 quod
1540 1497 1799 1570 Spiritus
1830 1495 1929 1552 ille

276 1600 453 1655 quem
487 1584 907 1657 prophetarum
935 1585 1156 1659 singuli
1180 1588 1252 1643 ad
1276 1587 1675 1644 ministerium
1707 1586 1928 1642 habue-

279 1678 437 1740 runt,
468 1689 647 1745 super
670 1690 874 1731 omnes
902 1676 1003 1747 qui
1036 1676 1105 1731 de
1137 1676 1398 1732 Ecclesia
1425 1677 1651 1745 οἱοὶ,εῆ
1677 1675 1927 1746 effusus,

274 1761 546 1835 hancque
577 1763 650 1818 ob
679 1779 919 1820 causam
959 1764 1130 1837 signa
1157 1764 1647 1837 Spiritus,nempe
1667 1763 1926 1821 sanatio-

275 1857 466 1922 nes,et
496 1852 946 1925 prophetiae,per
976 1852 1242 1910 Ecclesiae
1276 1856 1541 1911 membra
1576 1854 1923 1927 ﬁunthno-

2042 688 2296 765 γνωρίζει
2369 689 2479 777 τὸνΧ
2525 689 2753 766 Κύριον,
2804 691 2893 746 καὶ
2951 690 3061 768 οὐχ
3118 691 3328 777 ὁμοίως
3383 689 3577 754 πάντες
3631 690 3696 747 τὸ

2040 777 2335 854 πρόσωπον
2409 776 2508 834 τοῦ
2580 780 2794 855 [ἰατρὸς
2860 781 3062 857 ὁρῶσιν
3138 781 3193 835 οἱ
3266 776 3493 856 ἄγγελοι
3566 778 3693 835 τού·

2038 890 2145 924 των
2204 872 2311 922 τῶν
2367 872 2577 942 μικρῶν
2627 873 2735 924 τῶν
2800 869 3094 940 ἐκλεκτῶν,
3132 874 3241 926 τῶν
3311 868 3584 943 ἐσομένων
3638 868 3692 925 ἐν

2037 962 2107 1031 τῇ
2156 959 2301 1037 ,αὐτῇ
2358 957 2711 1033 κληρονομίᾳ
2764 960 2856 1016 καὶ
2910 957 3241 1031 τελειότητι.
3303 961 3458 1037 Τάχα
3515 956 3574 1014 δὲ
3628 959 3694 1014 τὸ

2038 1034 2331 1123 πρόσωπόν
2391 1047 2503 1104 ἐστι
2563 1048 2661 1122 μὶν
2721 1048 2811 1104 καὶ
2860 1051 2888 1105 6
2938 1050 3102 1112 Υἱός·
3138 1047 3249 1104 ἔστι
3309 1034 3513 1105 δὲίγκαὶ
3568 1047 3698 1104 ὅσον

2037 1135 2391 1208 καταληπτὸν
2486 1141 2582 1193 τοῦ
2662 1139 2874 1216 [ἰατρὸς
2956 1135 3027 1193 δι’
3099 1138 3228 1192 Υἱοῦ
3315 1132 3699 1212 δεδιδαγμένοι

2037 1227 2304 1302 θεωροῦσι
2340 1247 2352 1261 '
2412 1226 2476 1283 τὸ
2536 1224 2594 1283 δὲ
2646 1225 2840 1284 λοιπὸν
2903 1222 3176 1305 ἅγνωστὸν
3244 1226 3356 1283 έστι
3430 1230 3529 1284 τοῦ
3586 1232 3699 1283 Πα-

2034 1316 2185 1389 τρός.

2106 1496 2232 1552 ΚΔ’.
2291 1499 2552 1572 Λέγουσιν
2631 1497 2685 1552 οἱ
2772 1494 3243 1564 Ούαλεντινιανοὶ,
3302 1492 3386 1551 ὅτι
3471 1494 3501 1551 ’ὀ
3562 1492 3703 1550 κατὰ

2038 1588 2115 1648 εἷς
2145 1588 2258 1660 (83)
2296 1590 2405 1641 τῶν
2464 1590 2761 1665 προφητῶν
2818 1582 2980 1660 ἔσχεν
3037 1588 3259 1658 Πνεῦμα
3303 1583 3571 1661 ἐξαίρετον
3623 1581 3703 1645 εἴς

2037 1672 2313 1730 διακονίαν
2360 1678 2497 1750 (84),
2545 1680 2707 1731 τοῦτο
2760 1673 2845 1730 ἐπὶ
2891 1676 3095 1737 πάντας
3137 1672 3268 1737 τοὺς
3325 1679 3426 1743 τῆς
3456 1670 3696 1744 Ἐκκλη-

2037 1763 2155 1826 σίας
2185 1761 2445 1840 έξεχύθη’
2481 1762 2565 1820 διὸ
2594 1765 2685 1819 καὶ
2707 1763 2773 1820 τὰ
2803 1768 3007 1837 σημεῖα
3028 1766 3126 1818 τοῦ
3158 1761 3494 1836 Ηνεύματος,
3527 1760 3699 1828 ἰάσεις

2035 1853 2126 1909 καὶ
2180 1857 2534 1930 προφητεῖαι,
2595 1849 2685 1907 διὰ
2741 1858 2844 1922 τῆς
2896 1849 3229 1922 Ἐκκλησίας
3291 1848 3699 1911 ἐπιτελοῦνται.

273 1947 407 1997 rant
436 1947 630 1999 autem
655 1945 812 2016 quod
845 1945 1318 2019 Paraolstus,qui
1346 1947 1405 2001 in
1438 1945 1696 2002 Ecclesia
1724 1945 1927 2001 imme-

2053 1947 2320 2020 Αγνοοῦσι
2370 1940 2449 2013 δὲ,
2484 1943 2569 1997 δτι
2618 1942 2647 1997 ὁ
2673 1942 3055 2019 ,Παράκλητος
3108 1944 3399 2016 προσεχῶς
3436 1938 3696 2046 ’ἐνεργῶν

273 2031 428 2086 diate
458 2037 752 2103 operatur,
785 2034 1050 2104 ejusdem
1100 2034 1448 2091 substantiae
1497 2041 1554 2091 et
1582 2035 1819 2091 virtutis
1851 2034 1928 2091 sit

2052 2037 2127 2087 νῦν
2184 2036 2254 2107 τῇ
2287 2029 2609 2104 Ἐκκλησία,
2642 2037 2742 2101 τῆς
2798 2030 2964 2085 αὐτοῦ
3023 2029 3213 2092 οὐσίας
3262 2031 3374 2102 (85)
3433 2027 3543 2084 ἐστὶ
3605 2030 3700 2085 καὶ

277 2138 410 2176 cum
445 2120 543 2176 illo
577 2122 678 2195 qui
708 2122 820 2178 sub
856 2124 1047 2179 Veteri
1075 2127 1449 2182 Testamento
1481 2125 1854 2196 cperabatur.

350 2298 803 2370 XXV.Angelum
838 2300 1196 2358 definierunt
1222 2300 1618 2359 Valentiniani
1645 2318 1657 2358 :
1682 2301 1928 2358 verbum

281 2387 617 2443 exsistentis
634 2389 1143 2445 annuntiationem
1168 2389 1636 2448 habens.Dicunt
1657 2400 1851 2446 autem
1874 2392 1931 2444 et

278 2476 491 2531 {Eonas
522 2477 723 2532 eodem
756 2493 873 2549 quo
902 2480 1155 2535 Verbum
1178 2480 1360 2536 Verba
1390 2477 1926 2550 censeri.Apostoli,

279 2564 495 2635 inquit,
525 2565 585 2620 in
619 2566 788 2637 signa
822 2566 1133 2624 duodecim
1163 2568 1434 2625 translati
1465 2573 1625 2624 sunt.
1648 2569 1733 2624 Ad
1761 2584 1926 2624 eum-

278 2654 410 2711 dem
441 2656 599 2711 enim
633 2655 872 2711 modum
898 2672 1015 2728 quo
1047 2656 1255 2714 abillis
1283 2657 1583 2730 perﬁcitur
1612 2674 1807 2714 rerum
1830 2672 1927 2729 ge-

280 2744 528 2807 neratio,
559 2744 641 2799 ita
669 2745 742 2799 ab
776 2745 1058 2816 apostolis
1092 2746 1473 2818 regeneratio.

354 2834 509 2890 353
540 2833 741 2890 XXVI.
775 2833 1022 2890 Videtur
1061 2835 1120 2891 id
1150 2836 1293 2893 Jesu
1338 2836 1493 2908 quod
1544 2840 1635 2893 est
1680 2834 1928 2891 visibile.

285 2922 587 2997 Sapientia
615 2929 672 2980 et
703 2923 958 2981 Ecclesia
989 2925 1222 2982 fuerunt
1252 2927 1323 2982 ab
1355 2926 1660 2983 excellenti
1682 2926 1931 2994 semine,

287 3029 463 3085 quam
496 3013 690 3070 induit
720 3030 821 3087 per
850 3031 1082 3088 corpus,
1117 3015 1200 3073 uti
1232 3015 1412 3072 sentit
1439 3017 1797 3072 Theodotus.
1831 3018 1931 3072 In-

283 3101 511 3159 visibile
538 3119 672 3159 vero
722 3120 934 3160 nomen
990 3105 1144 3176 quod
1196 3109 1286 3161 est
1338 3105 1516 3162 Filius
1565 3105 1930 3178 unigenitus.

285 3190 448 3247 Unde
478 3208 612 3249 cum
647 3192 805 3249 dicat
838 3210 851 3249 :
885 3194 999 3263 Ego
1036 3210 1158 3249 sum
1210 3196 1417 3251 ostium
1448 3194 1540 3268 (c),
1598 3195 1710 3251 hoc
1741 3195 1884 3251 dicit
1914 3212 1929 3252 :

280 3281 433 3351 quod
467 3281 538 3338 ad
571 3298 705 3338 eum
739 3298 926 3353 usque
951 3282 1403 3355 terminum,qui
1432 3301 1539 3357 ego
1570 3284 1929 3351 snm,venie-

280 3373 381 3437 tis,
410 3375 698 3442 quotquot
726 3370 1030 3428 excellenti
1059 3373 1282 3428 semine
1312 3372 1434 3429 nati
1466 3372 1775 3429 sitis.Cum
1798 3389 1933 3430 vero

281 3457 410 3529 ipse
439 3457 997 3531 ingreditur,semen
1028 3476 1261 3533 quoque
1290 3477 1409 3516 una
1442 3477 1576 3517 cum
1608 3460 1708 3517 illo
1738 3461 1934 3534 ingre-

285 3547 446 3603 ditur
475 3548 532 3602 in
565 3547 1023 3620 Plsnitudinem,
1059 3565 1160 3621 per
1188 3549 1408 3606 ostium
1440 3549 1666 3607 scilicet
1695 3550 1932 3624 colliga-

280 3639 410 3692 tum
445 3641 502 3691 et
534 3636 866 3692 inductum.

359 3723 580 3782 XXVII.
627 3727 909 3789 Sacerdos
952 3726 1290 3799 ingrediens
1342 3728 1497 3785 intra
1538 3728 1806 3785 velamen
1839 3747 1936 3787 se-

282 3814 704 3879 cundum,cum
734 3815 1007 3871 laminam
1026 3816 1102 3889 (ἀ)
1119 3817 1292 3888 juxta
1314 3817 1496 3874 altare
1517 3824 1581 3888 ›ι‹
1601 3819 1826 3877 incensi
1847 3821 1939 3876 de-

279 3900 502 3973 posuit,
536 3907 663 3958 tum
691 3906 747 3959 et
777 3903 902 3975 ipse
932 3905 992 3960 in
1023 3904 1259 3962 silentio
1303 3922 1513 3963 nomen
1546 3907 1605 3963 in
1641 3911 1814 3964 corde
1845 3908 1936 3964 in-

282 3989 581 4062 sculptum
613 3991 842 4048 habens
871 3991 1288 4062 ingrediebatur
1318 3996 1407 4066 (ε).
1429 3995 1782 4069 Significans
1802 4014 1936 4071 pos-

209 4099 215 4104 ·
281 4079 500 4136 tionem
535 4078 715 4137 veluti
757 4080 987 4139 laminae
1033 4099 1223 4140 aureis
1274 4101 1432 4157 puris
1480 4085 1743 4158 levisque
1772 4086 1939 4143 factas

286 4187 389 4243 per
420 4173 833 4247 purgationem
859 4174 1027 4247 quasi
1053 4175 1552 4248 corporis,animaa
1583 4177 1937 4250 positionem

287 4277 416 4317 esse
449 4278 462 4316 :
496 4261 557 4318 in
590 4279 706 4335 quo
733 4264 1016 4337 splendor
1059 4269 1120 4322 et
1172 4281 1384 4323 nomen
1433 4265 1628 4322 cultus
1677 4266 1939 4341 religiosi

283 4355 410 4407 erat
440 4349 939 4425 insculptum,per
968 4353 1125 4425 quod
1156 4353 1584 4427 principatibus
1606 4360 1664 4411 et
1685 4360 1939 4427 potesta-

283 4438 465 4507 tibus,
499 4439 601 4509 qui
628 4456 841 4496 nomen
874 4442 1120 4497 sortitus
1166 4448 1274 4509 est,
1308 4442 1589 4501 innotuit.
1626 4444 1800 4501 Ponit
1828 4462 1935 4502 au-

286 4531 405 4582 tem
440 4544 655 4600 corpus
680 4529 1100 4599 hoc,laminam
1121 4532 1470 4603 levem,cum
1494 4533 1651 4590 intra
1673 4533 1938 4591 velamen

287 4616 615 4672 secundum
642 4616 700 4672 in
733 4619 954 4675 mundo
985 4618 1334 4691 inlelligibili
1365 4622 1783 4694 exsistat,quod
1808 4625 1938 4697 qui-

2037 2118 2320 2195 δυνάμεως
2346 2126 2427 2194 τῷ
2456 2124 2747 2198 προσεχῶς
2779 2118 3128 2196 ένεργήσαντι
3156 2119 3294 2175 κατὰ
3322 2118 3421 2187 τήν
3454 2116 3701 2173 Παλαιὰν

2039 2213 2339 2282 Διαθήκην.

2113 2302 2240 2359 KE'.
2295 2300 2399 2359 Τὸν
2461 2296 2690 2376 ἄγγελον
2742 2296 3012 2374 ὡρίσαντο
3045 2298 3097 2352 o't
3129 2296 3237 2352 ἀπὸ
3284 2294 3653 2355 Οὐαλεντίνου
3683 2314 3698 2329 ο

2038 2388 2203 2467 λόγον
2235 2386 2569 2465 ἀπαγγελίαν
2600 2386 2803 2464 ἔχοντα
2843 2391 2941 2442 τοῦ
2991 2382 3166 2449 ὄντος.
3199 2386 3435 2461 Λέγουσι
3490 2382 3550 2441 δὲ
3607 2385 3697 2441 καὶ

2036 2481 2168 2543 τοὺς
2222 2479 2435 2541 Αἱῶνας
2489 2477 2804 2551 ὁμωνύμως
2857 2480 2934 2548 τῷ
2984 2475 3143 2551 Λόγῳ
3191 2474 3426 2549 Λόγους.
3459 2474 3527 2531 Οἱ
3558 2474 3700 2529 ἀπό-

2038 2566 2252 2639 στολοι,
2284 2567 2441 2642 φησὶ,
2478 2564 2835 2639 μετετέθησαν
2884 2568 3000 2626 τοῖς
3061 2558 3288 2618 δεκαδύο
3339 2559 3582 2632 ζωδίοις.
3608 2562 3701 2624 Ὠς

2036 2656 2139 2735 γὰρ
2172 2657 2260 2712 ὑπ’
2291 2654 2511 2712 ἐκείνων
2542 2656 2579 2725 ἡ
2621 2654 2825 2729 γένεσις
2872 2650 3180 2720 διοικεῖται,
3214 2650 3387 2715 οὕτως
3434 2649 3539 2707 ὑπὸ
3584 2653 3696 2706 τῶν

2039 2744 2363 2804 ἀποστόλων
2395 2747 2430 2815 ἡ
2465 2742 2834 2821 ἀναγέννησις.

2111 2839 2222 2901 Κς’.
2257 2838 2477 2909 Ὀρᾶται
2533 2833 2596 2888 τὸ
2654 2833 2847 2910 ὁρατὸν
2887 2836 2985 2888 τοῦ
3027 2833 3228 2900 Ἰησοῦ.
3253 2836 3317 2888 Ἦ
3373 2829 3552 2907 Σοφία
3607 2827 3702 2884 καὶ

2040 2927 2075 2997 ἢ
2109 2921 2412 2994 Ἐκκλησία
2469 2922 2536 2992 ἦν
2595 2926 2704 2977 τῶν
2764 2920 3090 2998 σπερμάτων
3145 2923 3253 2976 τῶν
3310 2915 3702 2998 διαφερόντων,

2040 3015 2102 3085 ἦν
2154 3012 2475 3070 έστολίσατο
2523 3010 2612 3067 διὰ
2640 3015 2736 3066 τοῦ
2767 3008 3014 3082 σαρκίου,
3050 3007 3125 3073 ὥς
3153 3028 3318 3086 φησιν
3350 3008 3380 3062 6
3411 3001 3702 3067 Θεόδοτος.

2042 3104 2123 3163 Τὸ
2172 3101 2230 3158 δὲ
2267 3101 2499 3179 ἀόρατον
2533 3097 2731 3174 ὄνομα,
2764 3098 2896 3174 ὅπερ
2929 3096 3068 3155 ἐστὶν
3101 3100 3129 3154 6
3161 3097 3285 3162 Υἱὸς
3315 3097 3344 3152 ὁ
3377 3094 3703 3170 μονογενής.

2038 3195 2198 3257 Ὅθεν
2262 3189 2388 3247 ὅταν
2444 3188 2599 3265 εἷθπῃ,
2640 3189 2786 3265 Ἐγώ
2838 3187 2955 3262 εἰμι
3010 3188 3047 3257 ἡ
3105 3187 3261 3263 θύρα,
3312 3188 3480 3240 τοῦτο
3529 3179 3704 3258 λέγει,

2045 3281 2131 3339 ὅτι
2191 3281 2356 3359 μέχρι
2401 3284 2500 3336 τοῦ
2545 3280 2701 3355 ὅρου,
2733 3278 2795 3334 οὗ
2845 3278 2960 3351 εἰμι
3014 3275 3143 3353 έγὼ,
3175 3274 3459 3340 ἐλεύσεσθε
3505 3273 3559 3328 0i.
3604 3274 3704 3328 τοῦ

2048 3370 2394 3451 διαφέροντος
2425 3368 2755 3443 σπέρματος.
2769 3368 2934 3425 Ὅταν
2965 3364 3023 3422 δὲ
3049 3366 3140 3421 καὶ
3169 3363 3330 3429 αὐτὸς
3363 3363 3706 3451 εἰσέρχηται,

2040 3449 2233 3518 καὶτὸ
2285 3458 2501 3536 σπέρμα
2548 3457 2960 3533 συνεισέρχηται
3005 3456 3119 3529 (86)
3168 3454 3314 3525 αύτῷ
3353 3451 3435 3517 εἷς
3460 3450 3523 3506 τὸ
3552 3449 3707 3521 Πλή-

2046 3572 2210 3629 ρωμα
2240 3547 2331 3606 διὰ
2355 3556 2457 3620 τῆς
2491 3545 2655 3623 θύρας
2688 3545 2948 3621 συναχθὲν
2980 3545 3069 3600 καὶ
3103 3540 3374 3619 είσαχθέν.

2116 3730 2237 3786 KZ".
2269 3728 2330 3785 Ὁ
2382 3724 2556 3803 ἱερεὺς
2617 3723 2798 3780 εἰσιὼν
2857 3722 3008 3785 ἐντὸς
3062 3725 3160 3778 τοῦ
3216 3720 3704 3793 καταπετάσματος

2042 3822 2145 3875 τοῦ
2176 3815 2452 3892 δευτέρου,
2481 3814 2544 3870 τό
2590 3834 2651 3870 τε
2694 3811 2931 3869 πέταλον
2979 3813 3091 3886 (87)
3146 3809 3386 3875 ἀπετίθει
3438 3807 3587 3883 παρὰ
3624 3810 3706 3879 τῷ

2047 3902 2416 3979 θυσιαστηρίῳ
2471 3906 2568 3957 τοῦ
2624 3902 2990 3974 θυμιάματος,
3023 3899 3183 3961 αὐτὸς
3238 3895 3297 3953 δὶ
3353 3894 3406 3952 έν
3454 3900 3582 3971 σιγῇ
3640 3894 3705 3950 τὸ

2047 3998 2100 4054 έν
2144 3999 2214 4069 τῇ
2271 3989 2465 4067 καρδίᾳ
2517 3988 2991 4067 ἐγκεχαραγμένον
3045 3984 3223 4061 ὄνομα
3276 3981 3423 4062 ἔχων
3481 3983 3655 4059 εἷ’σῄει
3692 4008 3706 4022 ο

2048 4082 2257 4145 δεικνὺς
2309 4083 2411 4151 τὴν
2470 4080 2726 4144 ἀπόθεσιν
2782 4083 2880 4134 τοῦ
2926 4079 3170 4154 καθάπερ
3218 4074 3461 4133 πετάλυν
3491 4077 3709 4151 χρυσοῦ

2048 4175 2285 4249 καθαροῦ
2313 4169 2615 4246 γενομένου
2644 4167 2737 4223 καὶ
2766 4166 2974 4246 κούφου
3019 4164 3110 4222 διὰ
3158 4166 3260 4237 τὴν
3289 4167 3549 4241 κάθαρσιν
3607 4167 3709 4219 τοῦ

2050 4262 2231 4336 ὥσπερ
2282 4261 2560 4333 σώματος,
2608 4264 2708 4328 τῆς
2753 4260 2942 4332 ψυχῆς
2984 4255 3237 4313 ἀπόθεσιν
3275 4274 3287 4287 ·
3321 4254 3375 4310 έν
3403 4252 3449 4327 ᾧ
3477 4252 3711 4331 ἐγκεχα-

2050 4372 2219 4430 ρακτο
2248 4350 2312 4405 τὸ
2338 4348 2572 4425 γάνωμα
2600 4346 2691 4401 καὶ
2717 4346 2779 4401 τὸ
2817 4347 2993 4419 ὅνομα
3037 4351 3140 4416 τῆς
3183 4339 3515 4430 θεοσεϐείας,
3545 4339 3617 4398 δι’
3646 4338 3710 4398 οὗ

2048 4447 2168 4505 ταῖς
2194 4440 2393 4517 ἀρχαῖς
2424 4438 2514 4493 καὶ
2545 4435 2811 4508 ἐξουσίαις
2842 4434 3164 4511 ἰγινώσκετο
3191 4433 3256 4488 τὸ
3276 4429 3454 4506 ὄνομα
3468 4429 3714 4509 περικεί-

2055 4551 2239 4608 μενος.
2273 4516 2614 4585 Ἃποτίθεται
2644 4524 2701 4582 δὲ
2728 4529 2890 4582 τοῦτο
2915 4525 2979 4581 τὸ
3009 4521 3245 4580 πέταλον
3284 4522 3349 4579 τὸ
3377 4516 3594 4597 ἀϐαρὶς,
3621 4540 3714 4598 γε·

2052 4621 2281 4695 νόμενον
2314 4617 2467 4681 ἐντὸς
2496 4620 2594 4672 τοῦ
2622 4614 3104 4688 καταπετάσματος
3134 4617 3232 4668 τοῦ
3271 4609 3527 4687 δευτέρου
3551 4608 3604 4667 έν
3635 4615 3716 4683 τῷ

287 4705 421 4761 dem
455 4705 720 4761 velamen
752 4708 1075 4778 perfectum
1110 4709 1469 4784 plenumque
1497 4716 1589 4768 est
1614 4713 1790 4769 rebus
1814 4715 1932 4771 uni-

2052 4714 2232 4781 νοητῷ
2284 4709 2503 4779 κόσμῳ,
2563 4706 2594 4762 6'
2653 4705 2764 4762 ἐστι
2824 4702 3073 4779 δεύτερον
3121 4701 3421 4779 ὁλοσχερὲς
3472 4698 3712 4757 καταπέ-

284 4794 607 4862 versitatis,
633 4796 805 4866 juxta
834 4797 1018 4854 altare
1047 4799 1295 4873 incensi,
1320 4802 1492 4871 juxta
1533 4803 1773 4876 angelos
1802 4821 1934 4861 ora-

354 4945 419 5011 »Xs
448 4947 510 5002 P.
542 4948 651 5003 966
680 4948 793 5006 ED.
828 4949 1134 5008 POTTER.

354 4954 419 5011 is
448 4954 510 5002 Ρ.
542 4954 651 5003 966
680 4954 793 5006 ED.
828 4954 1134 5008 POTTER.
1251 4954 1329 5027 (α)
1361 4955 1504 5012 Heb.
1531 4972 1573 5011 ι.
1607 4956 1694 5015 14.

284 5017 364 5089 (ε)
392 5018 570 5075 Lavit.
600 5037 718 5087 xvr,
748 5022 803 5076 3.

535 5173 691 5230 Κοττά
746 5176 863 5237 εἷς.
913 5176 1298 5235 Scribendum
1360 5180 1558 5252 potius
1633 5183 1946 5254 conjuncta

284 5264 493 5306 καυεις.

334 5318 473 5402 ,(ξζρ)
527 5316 623 5402 Eic
683 5314 978 5375 διακονίαν.
1040 5321 1202 5378 Conf.
1256 5339 1385 5393 quaa
1444 5322 1621 5396 paulo
1669 5324 1945 5396 superius

291 5389 440 5445 dixit
470 5394 689 5447 auctor.

367 5460 613 5538 (85)Τῆς
671 5460 837 5538 αὐτοῦ
892 5461 1094 5524 οὐσίας.
1128 5463 1561 5538 congruentius
1615 5470 1716 5536 τῆς
1774 5466 1945 5535 αὐτῆς

292 5527 499 5603 οὐσίας,
532 5527 771 5603 ejusdem
802 5537 1155 5594 substantia.
1189 5527 1479 5593 Silanae.

369 5602 963 5689 (86).}:uvstcépxmat.
1016 5608 1184 5689 Forte
1242 5607 1662 5683 συνεισέρχεται,
1707 5613 1773 5664 ut
1819 5626 1949 5667 sen-

294 5688 404 5752 sus
431 5677 684 5754 singula
740 5677 896 5754 vara
925 5678 1045 5751 ipse
1099 5682 1297 5745 intrat,
1325 5677 1526 5754 semei
1565 5695 1777 5754 quoque
1824 5698 1947 5738 cum

289 5757 350 5799 eo
381 5745 695 5827 in‘tratfﬁDe
724 5745 1211 5827 mysticojau‘tem
1241 5753 1479 5827 summi
1515 5745 1839 5827 sacerdotis
1886 5755 1948 5810 in

294 5817 693 5873 sanctuarium
724 5817 1047 5877 introitu’et
1076 5821 1284 5882 habitu
1314 5825 1607 5898 ejusdem,
1633 5823 1815 5883 latius
1846 5842 1947 5886 su-

1809 4958 1885 5030 (b)
1915 4955 2121 5016 Matth.
2153 4968 2315 5020 xvm,
2351 4952 2437 5006 10.

2043 4820 2228 4873 τασμα
2278 4797 2375 4853 τοῦ
2426 4797 2652 4866 παντὸς,
2694 4794 2843 4870 παρὰ
2895 4794 2960 4848 τὸ
3017 4792 3407 4866 θυσιαστήριον
3462 4794 3560 4846 τοῦ
3614 4801 3711 4855 θυ-

2553 4949 2628 5021 (c)
2656 4949 2825 5005 Joan.
2853 4947 2968 5017 x,7.
3085 4945 3167 5019 (Δ)
3199 4945 3381 5002 Exod.
3408 4946 3712 5016 xxvui,36-

2056 5192 2322 5253 pragpag.
2339 5176 2482 5253 240,
2511 5175 2639 5253 241‘.
2672 5177 2959 5253 Bxppuao.

2127 5240 2242 5322 (8'7)
2268 5240 2357 5322 Τό
2377 5265 2443 5322 τε
2467 5240 2723 5322 πέταλρν.
2754 5244 2880 5300 Non
2913 5242 3104 5322 solum
3137 5240 3419 5322 laminam
3447 5252 3713 5322 _auream

2056 5314 2297 5377 nomine
2326 5319 2445 5376 DEI
2476 5318 2821 5390 inscriptam
2853 5316 3117 5390 ponebat
3134 5316 3422 5390 sacerdos
3444 5314 3600 5390 intra
3631 5331 3716 5372 se-

2057 5393 2320 5469 cundum
2358 5391 2549 5469 velum
2583 5385 2964 5463 ingressurus
2994 5387 3054 5444 in
3087 5387 3182 5469 die
3211 5385 3583 5469 expiationis,
3615 5402 3712 5442 ve-

2057 5482 2189 5521 rum
2220 5464 2399 5537 etiam
2432 5462 2728 5537 reliquum
2761 5475 2997 5537 omnem
3020 5464 3290 5537 ornatum
3325 5475 3393 5537 ex
3416 5462 3531 5537 ritu
3551 5474 3713 5537 sum-

2057 5537 2139 5593 mi
2162 5535 2495 5601 sacerdotii,
2513 5529 2666 5606 quod
2689 5533 2883 5606 luctus
2908 5531 3108 5606 habitu
3130 5537 3190 5586 et
3210 5530 3555 5606 pcenitentis
3575 5529 3715 5586 illuc

2057 5609 2485 5682 ingrederetur,
2522 5601 2587 5663 ac
2619 5603 3069 5682 quasisimplex
3100 5601 3717 5682 sacerdos,nul_l_aque

2057 5673 2263 5753 meliori
2299 5673 2513 5753 pompa
2544 5695 2578 5734 a
2606 5673 2889 5747 reliquis:
2915 5673 3043 5748 quae
3074 5691 3212 5753 ver_a_
3237 5691 3304 5753 ac
3336 5673 3607 5753 litterulis
3622 5673 3710 5730 ra-

2057 5746 2169 5821 tio,‘
2193 5746 2317 5808 non
2341 5746 2515 5822 quam
2535 5746 2752 5822 auctor
2782 5763 2847 5822 ea;
2876 5746 2986 5804 sua
3014 5751 3119 5804 aut
3162 5746 3715 5806 Valentinianorum

2057 5818 2308 5899 persona
2331 5818 2429 5882 Hic
2459 5818 2782 5900 ἀλληγορεῖ.
2813 5818 3115 5902 Censes.”
