4124 6458
371 466 479 523 673
1151 462 1395 519 DUBIA.
1417 489 1486 502 —
1515 459 1907 518 EXCERPTA
1945 462 2044 515 EX
2079 462 2400 520 SCRIPTIS
2435 467 2818 534 THEODOTI,
2859 468 3015 522 ETC.
3688 472 3794 527 674

375 592 676 667 μιάματος,
711 586 859 659 παρὰ
903 583 1030 645 τοὺς
1083 581 1437 658 λειτουργοὺς
1469 587 1574 638 τῶν
1610 581 2032 660 ἀναφερομένων

2209 602 2377 643 )num
2414 607 2538 662 quae
2581 589 2786 647 oblata:
2821 590 3036 647 fuerint
3081 591 3402 650 ministros.
3453 595 3623 654 Nuda
3660 615 3794 656 vero

373 681 554 757 εὐχῶν
610 675 904 753 ἀγγέλους.
959 674 1146 747 Γυμνὴ
1178 671 1236 728 δὶ
1264 675 1299 742 ἡ
1350 674 1527 749 ψυχὴ,
1581 671 1632 727 έν
1679 669 1904 746 δυνάμει
1934 674 2031 726 τοῦ

2209 676 2339 732 lima
2368 679 2423 732 in
2447 679 2706 750 potentia
2724 680 3260 738 conscientiasicut
3284 699 3496 757 corpus
3520 691 3792 758 potentiae

373 767 690 829 συνειδότος
716 767 832 820 οἷον
866 767 1026 837 σῶμα
1070 769 1173 832 τῆς
1215 761 1496 835 δυνάμεως
1524 761 1820 849 γενομένη,
1873 780 2030 834 μεταο

2209 766 2448 833 l'ecta,ad
2480 767 2770 840 spiritalia
2800 770 3345 835 transit,rationalis
3379 776 3553 832 verbo
3572 781 3628 833 et
3653 795 3796 849 pon-

377 858 552 918 6αίνει
612 858 724 932 (88)
782 854 860 916 εἴς
902 855 970 908 τὰ
1016 852 1379 937 πνευματικά,
1429 851 1626 928 λογική
1669 856 1750 924 τῷ
1793 847 1904 906 ὄντι
1945 849 2034 904 καὶ

2209 856 2328 911 iicia
2359 858 2632 925 evadens,
2667 858 2872 928 utjam
2908 875 2940 912 a
2994 859 3176 915 Verbo
3223 863 3582 935 immediate,
3619 847 3681 922 ut
3713 869 3796 924 ita

383 947 741 1029 ἀρχιερατική
793 941 1083 1020 γενομένη,
1135 941 1210 1005 ὠς
1259 935 1335 996 ἂν
1366 935 1618 1029 ἔμψυχον
1673 941 1824 1015 μένῃ,
1855 941 1929 1001 ὡς
1958 938 2036 1029 εἰῇ

2209 947 2646 1016 quar,animata
2670 948 3084 1014 maneat,sicut
3104 949 3438 1024 archangeli
3455 956 3798 1026 angelorum

273 1023 275 1025 ί
744 1035 841 1088 τοῖ’)
897 1031 1075 1106 Λόγου
1131 1035 1428 1106 προσεχῶς
1485 1028 1592 1100 ἤδη
1624 1073 1639 1102 ,
1688 1030 1928 1101 καθάπερ
1989 1027 2039 1081 οἱ

2209 1033 2458 1091 intifices
2483 1036 2616 1091 facti
2633 1036 2912 1090 ethorum
2937 1036 3204 1094 similiter
3227 1023 3599 1113 quiprimum
3619 1047 3801 1103 creati

385 1125 727 1205 ἀρχάγγελοι
784 1127 889 1177 τῶν
953 1120 1196 1198 ἀγγέλων
1256 1121 1535 1196 ἀρχιερεῖς
1590 1119 1896 1193 γενόμενοι,
1950 1115 2041 1172 καὶ

2209 1123 2428 1179 mt.Ubi
2462 1141 2594 1179 vero
2641 1125 2832 1180 adhuc
2872 1125 3181 1196 Scriptum
3216 1145 3282 1184 ac
3314 1131 3638 1204 disciplinae
3670 1136 3804 1190 ofﬁ-

383 1221 595 1274 τούτων
624 1213 792 1270 πάλιν
842 1213 894 1267 οἱ
950 1210 1371 1286 πρωτόκτιστοι.
1429 1213 1539 1263 Ποῦ
1589 1205 1646 1263 δὲ
1693 1206 1771 1263 ἔτι
1823 1212 2042 1284 Γραφῆς

2215 1229 2312 1267 um
2347 1212 2556 1269 animae
2591 1213 2672 1268 illi
2707 1230 2834 1284 quae
2866 1231 3013 1285 pura
3043 1215 3140 1283 sit,
3192 1219 3427 1288 quando
3459 1222 3630 1278 etiam
3668 1225 3809 1280 facie

385 1307 475 1366 καὶ
513 1307 804 1380 μαθήσεως
835 1301 1165 1375 κατόρθωμα
1211 1301 1281 1373 τῇ
1322 1301 1477 1374 ψυχῇ
1528 1296 1810 1372 ἐκείνῃ
1839 1299 2046 1384 καθαρᾷ

2209 1303 2228 1354 i
2264 1301 2469 1357 faciem
2488 1303 2669 1358 Deum
2686 1303 2880 1358 videro
2904 1311 3158 1360 meretur
3173 1305 3200 1360 ?
3220 1308 3462 1365 Proinde
3484 1312 3807 1384 angelicam

389 1395 682 1476 γενομένῃ,
737 1393 876 1446 ὅπου
918 1389 1009 1444 καὶ
1062 1389 1302 1461 ἀξιοῦται
1346 1388 1643 1459 πρόσωπον
1681 1387 1817 1476 πρός
1868 1381 2046 1476 πρόσ-

2209 1391 2487 1445 octrinam
2516 1407 2804 1462 superans
2837 1408 3169 1465 nomenque
3200 1393 3346 1451 illud
3400 1381 3808 1474 quod—scripto

397 1473 542 1542 ωπον
593 1484 722 1538 Θεὸν
775 1483 944 1557 ὁρᾷν;
981 1475 1115 1548 τὴν
1173 1481 1302 1554 γοῦν
1352 1476 1652 1552 ἀγγελικὴν
1700 1473 2050 1530 διδασκαλίαν

2209 1483 2425 1545 ocetur,
2477 1481 2547 1535 ad
2602 1480 2994 1553 cognitionem
3047 1488 3105 1538 et
3158 1501 3354 1540 rerum
3425 1473 3809 1560 comprehen-

399 1568 672 1650 ὑπερϐᾶσα
721 1569 811 1626 καὶ
869 1569 933 1623 τὸ
982 1564 1158 1640 ὄνομα
1205 1566 1267 1621 τὸ
1320 1562 1710 1638 διδασκόμενον
1746 1563 2050 1650 ἐγγράφως,

2209 1571 2388 1623 ionem
2444 1569 2617 1636 venit,
2680 1586 2791 1624 non
2828 1569 3081 1642 amplius
3112 1589 3332 1642 sponsa
3375 1577 3477 1632 sed
3523 1578 3650 1648 jam
3685 1581 3815 1636 Ver-

398 1647 615 1731 ὲπὶἺτὴν
661 1663 862 1734 γνῶσιν
909 1655 1000 1712 καὶ
1044 1653 1352 1729 κατάληψιν
1397 1659 1505 1710 τῶν
1537 1655 1871 1731 πραγμάτων
1901 1647 2055 1728 ἔρχε-

2209 1673 2303 1712 um
2341 1657 2514 1723 facta,
2544 1662 2601 1712 et
2631 1658 2784 1728 apud
2819 1675 3104 1730 sponsum
3151 1678 3419 1733 manens,
3454 1647 3589 1722 cum
3623 1670 3813 1740 primo

393 1773 503 1819 ται,
555 1749 658 1805 οὐκ
699 1747 778 1803 ἔτι
828 1747 1039 1824 νύμφη,
1092 1743 1219 1800 ἀλλ’
1271 1741 1380 1814 ἤδη
1434 1743 1609 1817 Λόγος
1651 1743 1916 1819 γενομένη
1965 1741 2056 1796 καὶ

2209 1745 2389 1800 ocatis
2423 1746 2981 1815 creatisque,amicis
3013 1749 3250 1819 quidem
3283 1753 3358 1806 ob
3389 1759 3816 1824 arnorezn,ﬁliis

395 1841 544 1917 παρά
573 1843 654 1912 τῷ
699 1834 921 1914 νυμφίῳ
968 1834 1258 1890 καταλύων
1313 1832 1446 1906 μετὰ
1491 1838 1600 1888 τῶν
1642 1830 2055 1908 πρωτοκλήτων

2209 1851 2302 1888 ero
2332 1833 2404 1888 ob
2436 1834 2762 1889 doctrinam
2798 1841 2852 1888 et
2883 1836 3590 1908 obedientiam,fratribus
3623 1853 3817 1903 autem

395 1931 486 1987 καὶ
518 1927 967 2003 πρωτοκτίστων,
1017 1921 1194 2001 φίλων
1252 1923 1345 1996 μὲν
1395 1920 1463 1976 δι’
1522 1921 1942 2018 ἀγάπην,ιυὶιὲν
2003 1917 2060 2018 δε

2215 1927 2411 1994 ropter
2440 1929 2603 1979 ortus
2646 1925 3143 1980 communionem.
3178 1929 3367 1992 Quare
3400 1929 3544 1987 illud
3577 1935 3818 2005 quidem

402 2019 491 2076 διὰ
521 2020 620 2087 τὴν
653 2013 1006 2072 διδασκαλίαν
1038 2013 1126 2068 καὶ
1171 2013 1436 2080 ὑπακοὴν,
1469 2009 1722 2086 ἀδελφῶν
1774 2007 1830 2064 δὲ
1879 2007 1968 2064 διὰ
1996 2007 2059 2062 τὸ

2211 2013 2628 2084 ispensationis
2659 2018 2802 2082 erat,
2824 2012 3103 2069 laminam
3140 2017 3363 2074 scilicet
3392 2026 3622 2091 gestare
3654 2041 3719 2080 ac
3747 2028 3816 2082 ad

400 2117 501 2181 τῆς
533 2106 791 2185 γενέσεως
821 2102 1027 2160 κοινόν.
1058 2105 1219 2157 ’Ὡστε
1246 2103 1308 2156 τὸ
1343 2101 1437 2175 μὲν
1469 2107 1568 2170 τῆς
1621 2099 1941 2173 οἷ’κονομίας
1971 2097 2058 2168 ἦν,

2209 2102 2473 2157 :ientiam
2506 2101 2731 2157 discere
2764 2118 2776 2155 :
2811 2100 2956 2157 illud
2988 2109 3180 2159 autem
3197 2110 3461 2174 polentia
3477 2114 3632 2181 quod
3650 2112 3822 2170 homo

405 2199 467 2254 τὸ
515 2193 750 2252 πέταλον
810 2196 1168 2268 παρακεῖσθαι
1224 2190 1312 2244 καὶ
1376 2188 1659 2262 μανθάνειν
1717 2189 1793 2251 εἷς
1838 2192 2057 2265 γνῶσιν·

2209 2203 2352 2248 reum
2391 2196 2632 2261 portans
2662 2191 3000 2248 immediate
3031 2195 3103 2249 ab
3128 2196 3331 2252 afﬂatu
3365 2199 3595 2256 Domini
3627 2202 3823 2274 ﬁat,ac

410 2290 474 2344 τὸ
505 2284 561 2341 δὲ
603 2283 902 2356 δυνάμεως,
933 2281 995 2336 τὸ
1046 2281 1308 2354 θεοφόρον
1353 2278 1590 2353 γίνεσθαι
1638 2279 1728 2332 νὸν
1775 2275 2062 2352 ἄνθρωπον

2209 2281 2340 2352 uasi
2373 2281 2499 2350 ejus
2531 2297 2744 2353 corpus
2777 2280 2974 2336 fuerit.

416 2378 702 2452 προσεχῶς
732 2369 1120 2447 ένεργοόμενον
1155 2368 1259 2423 ὑπὸ
1306 2370 1405 2423 τοῦ
1449 2366 1672 2442 Κυρίου,
1703 2367 1790 2420 καὶ
1825 2365 2063 2439 καθάπερ

413 2470 569 2537 σῶμα
600 2463 765 2518 αὐτοῦ
795 2461 918 2536 γινό
930 2479 1110 2532 μενον.

482 2555 614 2610 ΚΗ’.
669 2551 762 2621 Τὸ,
811 2549 939 2610 Θεὸς
998 2543 1293 2608 ἀποδιδοὺς
1347 2543 1435 2600 ἐπὶ
1487 2544 1675 2621 τρίτην
1726 2545 1817 2599 καὶ
1875 2541 2063 2618 τετάρ-

2245 2547 2478 2604 XXVIII.
2513 2547 2734 2617 Nempe
2765 2549 2910 2605 illud
2946 2566 2957 2605 :
2998 2556 3140 2606 Deus
3171 2554 3400 2609 reddens
3430 2556 3489 2612 in
3522 2559 3746 2614 tertiam
3767 2569 3821 2617 et

407 2663 509 2712 την
565 2639 745 2718 γενεὰν
799 2643 918 2699 τοῖς
977 2636 1277 2702 ἀπειθοῦσι,
1339 2635 1498 2709 φασὶν
1560 2635 1612 2689 οἱ
1663 2635 1768 2688 ἀπὸ
1820 2629 2063 2692 Βασιλεί-

2209 2646 2436 2692 ιιίινιιιγη
2447 2639 2856 2706 generationem
2867 2641 3282 2712 incredulis(a),
3294 2643 3633 2702 Basilidiani
3649 2649 3822 2704 inter-

413 2731 511 2788 δου
557 2730 694 2786 κατὰ
721 2729 818 2791 τὰς
865 2725 1304 2798 ἐνσωματώσεις·
1347 2724 1400 2778 oi.
1443 2721 1501 2778 δὲ
1529 2723 1636 2778 ἀπὸ
1683 2721 2063 2790 Οὐαλεντίνου,

2209 2731 2488 2782 pretantur
2518 2727 2588 2781 de
2619 2743 2930 2799 corporum
2966 2745 3234 2802 carcere;
3274 2731 3668 2792 Valentiniani
3699 2755 3832 2794 vero

407 2821 540 2883 ’τοὺς
589 2822 736 2894 τρεῖς
781 2816 990 2877 τόπους
1020 2859 1033 2884 ,
1081 2810 1382 2884 δηλοῦσθαι
1425 2811 1554 2874 τοὺς
1599 2811 1937 2887 ἀριστεροός·
1980 2811 2063 2865 ’τε-

2209 2831 2310 2870 oca
2341 2815 2451 2870 tria
2490 2815 2730 2870 sinistra
2769 2816 3089 2888 signiﬁcari
3137 2822 3521 2892 contendunt,
3555 2831 3827 2896 quartam

413 2911 616 2987 τάρτην
677 2905 736 2962 δὲ
791 2905 1000 2982 γενεὰν,
1045 2903 1113 2959 τά
1169 2901 1453 2976 σπέρματα
1509 2900 1709 2958 αὐτῶν.
1765 2899 1956 2958 Ἔλεον
2021 2897 2063 2954 δῖ

2209 2909 2384 2959 iutem
2417 2904 2877 2976 generationem,
2911 2922 3112 2961 eorum
3146 2909 3397 2967 semina.
3448 2913 3676 2970 Faciem
3703 2931 3830 2971 vero

416 3004 593 3057 ποιῶν
623 2996 702 3059 εἰς
731 2991 1016 3072 χιλιάδας,
1051 2991 1139 3048 ἐπὶ
1164 2993 1231 3047 τὰ
1261 2988 1426 3062 δεξιά.

2209 2991 2635 3048 nisericordiam
2660 2995 2720 3048 in
2751 2992 3007 3060 mitte,de
3040 2995 3112 3050 iis
3143 2997 3243 3067 qui
3274 3001 3345 3054 ad
3379 3000 3639 3058 dextram
3673 3009 3838 3060 sunt.

494 3089 620 3146 KO'.
651 3091 716 3142 Ἠ
751 3083 911 3158 Σιγὴ,
944 3081 1094 3160 φασὶ,
1132 3082 1317 3155 μήτηρ
1366 3080 1504 3134 οὖσα
1533 3080 1749 3134 πάντων
1788 3083 1898 3134 τῶν
1951 3099 2060 3152 προ

2264 3081 2452 3138 XXIX.
2488 3081 2642 3154 Sige,
2677 3082 2902 3152 dicunt,
2935 3101 3038 3140 seu
3087 3084 3417 3157 Silentium,
3470 3108 3596 3162 quae
3649 3100 3837 3150 mater

420 3174 740 3249 ϐληθέντων
792 3173 896 3228 ὑπὸ
937 3175 1036 3226 τοῦ
1076 3171 1307 3240 Βάθους,
1341 3169 1370 3224 θ
1404 3169 1497 3242 μὲν
1543 3168 1641 3224 οὐκ
1687 3163 1844 3245 ἔσχεν
1889 3168 2058 3224 εἰπεῖν

2209 3172 2276 3229 sit
2307 3171 2574 3227 omnium
2601 3189 2727 3244 quae
2756 3190 2787 3227 a
2817 3171 3022 3245 Bytho,
3043 3192 3144 3230 seu
3177 3179 3488 3249 profundo,
3511 3181 3664 3238 facta
3680 3189 3842 3254 sunt,

422 3267 548 3345 περὶ
593 3269 691 3321 τοῦ
738 3261 1014 3338 Ἀῤῥήτου
1063 3258 1359 3334 σεσίγηκεν·
1396 3259 1426 3314 ὃ
1479 3256 1537 3314 δὲ
1582 3254 1868 3329 κατέλαϐε,
1918 3263 2063 3314 τοῦτι

2209 3262 2349 3333 quod
2384 3262 2454 3316 de
2483 3260 2750 3331 Arrheto,
2791 3279 2892 3317 seu
2942 3262 3246 3331 ineffabili,
3279 3266 3441 3338 loqui
3475 3287 3591 3325 non
3634 3276 3842 3342 potuit,

424 3324 628 3413 ἀκατάλ
639 3324 819 3426 ηπτον
838 3324 1279 3426 προσηγόρευσεν
1291 3393 1302 3406 .
1855 3324 1863 3329 ⁷

2209 3324 2417 3420 iacuit;
2449 3351 2600 3419 quod
2633 3324 2766 3406 vero
2797 3324 3377 3423 comprehendit,hoc
3409 3324 3850 3431 incompIreben:

2197 3457 2328 3497 sum
2362 3439 2605 3496 vocavit.

499 3533 576 3589 A'.
610 3530 739 3586 Εἶτα
783 3528 1145 3602 ἐκλαθόμενοι
1195 3534 1295 3597 τῆς
1349 3523 1512 3597 δόξης
1554 3530 1652 3581 τοῦ
1703 3530 1863 3595 Θεοῦ,
1895 3532 2063 3591 παθεῖ⁴

2269 3528 2442 3586 XXX.
2481 3530 2726 3600 Insuper
2753 3529 2950 3602 gloria:
2983 3530 3192 3586 divina
3222 3532 3625 3607 immemores,
3662 3542 3841 3594 Deum

427 3623 594 3678 αὐτὸν
653 3619 907 3696 λέγουσιν
947 3619 1142 3683 ἀθέως.
1196 3618 1265 3674 Ὀ
1319 3617 1422 3692 γὰρ
1480 3617 1840 3700 συνεπάθησεν
1897 3619 2009 3690 (89)
2061 3644 2063 3662 ι

2209 3619 2318 3690 pati
2343 3617 2522 3689 impie
2546 3619 3102 3684 contendunt.Quod
3127 3623 3284 3678 enim
3318 3625 3484 3680 Pater
3507 3643 3855 3700 compassus

435 3713 646 3786 Πατὴρ,
679 3709 894 3783 στερεὸς
927 3705 1001 3762 ὢν
1051 3709 1122 3781 τῇ
1171 3704 1346 3785 φύσει,
1395 3705 1558 3783 φησὶν
1591 3705 1619 3759 ὁ
1660 3697 1922 3766 Θεόδοτος
1954 3708 2063 3780 (90]

2209 3712 2311 3780 est,
2344 3707 2540 3779 inquit
2568 3707 2924 3777 Theodotus,
2948 3709 3045 3782 qui
3081 3715 3290 3767 natura
3322 3731 3430 3770 sua
3459 3697 3670 3772 ﬁrmus
3698 3717 3862 3786 sit,et

433 3800 526 3856 καὶ
580 3795 884 3869 ἀνένδοτος,
937 3793 1223 3868 ἐνδόσιμον
1268 3795 1456 3849 ἑαυτὸν
1511 3794 1812 3870 παρασχὼν
1847 3837 1860 3863 ,
1905 3791 1998 3849 ⁴ἷνα
2055 3816 2063 3844 ε

2209 3798 2260 3852 in
2295 3813 2409 3868 quo
2433 3799 2497 3864 ›ι‹
2526 3796 2690 3852 nulla
2712 3797 2789 3852 sit
2820 3798 3110 3869 remissio,
3142 3803 3468 3872 gratuitum
3504 3805 3859 3878 facilemque

440 3891 580 3965 Σιγὴ
644 3891 810 3944 τοῦτο
869 3889 985 3961 (91)
1037 3878 1349 3959 καταλάϐῃ,
1407 3884 1580 3946 πάθος
1638 3883 1777 3938 ἐστίν
1811 3901 1823 3916 ·
1885 3885 1920 3953 ἡ
1989 3884 2060 3959 γά

2209 3885 2584 3957 semetipsum
2610 3886 2989 3958 praebens,uti
3013 3887 3123 3944 hoc
3147 3888 3280 3962 Sige
3311 3893 3857 3965 comprehenderet,

440 3979 751 4052 συμπάθεια
805 3978 976 4040 πάθος
1031 3975 1180 4037 τινὸς
1235 3971 1324 4028 διὰ
1371 3972 1540 4037 πάθος
1589 3973 1794 4048 ἑτέρου·
1845 3974 1932 4030 ναὶ
1987 3973 2062 4047 μή

2209 3977 2397 4048 passio
2421 3980 2529 4030 est.
2563 3975 2904 4046 Compassio
2935 3993 3091 4032 enim
3115 3979 3422 4049 cujusdam
3455 3983 3652 4053 passio
3675 3991 3767 4039 est
3787 3984 3860 4040 ob

433 4068 652 4124 καὶτοῦ
699 4066 902 4127 πάθους
948 4062 1266 4139 γενομένου,
1311 4063 1373 4117 τὸ
1422 4061 1552 4118 ὅλον
1608 4063 1964 4134 συνεπάθησε,
2004 4083 2063 4118 κα

2209 4065 2450 4123 alterius
2483 4065 2815 4136 passionem
2851 4082 2863 4119 :
2890 4065 3030 4136 quin
3055 4071 3272 4123 etcum
3305 4072 3500 4140 passio
3532 4071 3868 4138 fuerit,uni-

436 4156 634 4220 αὐτοὺς
667 4155 743 4218 εἷς
774 4152 1062 4230 διόρθωσιν
1093 4157 1192 4208 τοῦ
1222 4152 1488 4216 παθόντος
1521 4151 1748 4228 ἤγαγεν.

2209 4171 2440 4212 versum
2491 4171 2725 4226 quoque
2767 4153 3037 4226 passione
3087 4157 3356 4212 affectum
3406 4165 3516 4228 est,
3548 4166 3606 4215 et
3647 4162 3759 4232 ipsi
3791 4163 3862 4217 ad

2209 4243 2678 4302 emendationem
2706 4241 2868 4296 illius
2897 4243 2996 4313 qui
3038 4261 3251 4314 passus
3283 4251 3393 4313 est,
3429 4246 3669 4302 adducti
3701 4255 3864 4305 sunt.

509 4337 634 4393 AA'.
697 4332 882 4389 Ἀλλά
913 4332 1000 4386 καὶ
1045 4329 1095 4385 εἴ
1126 4331 1153 4384 ὁ
1210 4329 1489 4393 κατελθὼν
1549 4326 1784 4386 Εὐδοκία
1836 4329 1933 4384 τοῦ
1964 4329 2063 4387 δλο

2280 4332 2499 4388 XXXI.
2533 4332 2639 4388 Sed
2673 4331 2943 4401 quamvis
2970 4331 3068 4386 ille
3094 4334 3194 4404 qui
3248 4334 3576 4404 descendit,
3613 4339 3866 4394 Eudocia

436 4429 523 4496 ἦν’
559 4423 635 4497 (ἐν
694 4422 845 4493 αὗτῷ
875 4421 978 4496 γὰρ
1031 4424 1136 4474 πᾶν
1185 4420 1248 4474 τὸ
1299 4419 1592 4492 Ιιλήρωμα
1621 4419 1688 4488 ἦν
1722 4426 2053 4491 σωματικῶς

2211 4439 2312 4478 seu
2340 4420 2619 4477 Voluntas
2654 4419 2909 4474 universi
2937 4419 3042 4474 fuit
3063 4420 3143 4490 (in
3179 4421 3306 4492 ipso
3338 4423 3494 4478 enim
3529 4427 3726 4482 omnis
3748 4427 3870 4484 Ple-

437 4509 601 4570 ἔπαθε
657 4510 715 4567 δὲ
763 4511 945 4580 οὗτος,
990 4506 1250 4579 δηλονότι
1290 4507 1379 4561 καὶ
1418 4507 1486 4561 τά
1524 4505 1575 4561 ἐν
1630 4507 1780 4580 αὐτῷ
1819 4507 2063 4583 σπέρματ

2213 4511 2420 4567 nitudo
2449 4505 2826 4580 corporaliter
2853 4508 3077 4563 exstitit
3108 4509 3227 4580 (b);
3261 4509 3355 4566 hic
3387 4528 3623 4586 quoque
3654 4532 3868 4588 passus

439 4604 727 4672 συνέπαθε,
778 4597 848 4654 δι’
889 4599 964 4652 ὧν
1002 4598 1064 4652 τὸ
1106 4595 1235 4652 ὅλον
1275 4595 1366 4650 καὶ
1405 4596 1467 4650 τὸ
1507 4599 1610 4650 πᾶν
1651 4595 1958 4670 εὑρίσκεται
1998 4600 2063 4653 πά

2213 4605 2320 4667 est,
2355 4597 2529 4655 sicuti
2563 4601 2619 4652 et
2651 4596 2780 4668 ipsa
2810 4597 3062 4662 semina,
3114 4615 3243 4669 quae
3288 4601 3345 4656 in
3403 4601 3505 4658 illo
3537 4610 3698 4674 sunt,
3733 4623 3869 4677 pas-

441 4711 602 4768 σχον.
620 4687 800 4746 Ἀλλά
817 4686 908 4742 καὶ
950 4683 1038 4741 διὰ
1056 4692 1155 4756 τῆς
1175 4689 1271 4740 τοῦ
1302 4681 1610 4739 δωδεκάτου
1635 4684 1850 4748 Αἰῶνος
1880 4688 2063 4745 πείσειι

2219 4691 2382 4745 sione
2413 4692 2554 4742 sunt
2584 4686 2809 4756 ati'ecta,
2843 4702 3091 4757 quorum
3123 4689 3311 4758 gratia
3339 4694 3526 4746 totum
3561 4709 3795 4765 quoque
3817 4700 3874 4750 et

440 4781 510 4837 τὰ
567 4778 674 4836 ὅλα
722 4775 1098 4844 παιδευθέντα,
1141 4773 1216 4836 ὥς
1265 4794 1415 4853 φασι,
1456 4775 1808 4846 συνεπάθησε.
1842 4775 1980 4833 Τότε
2007 4781 2063 4855 γό

2224 4780 2561 4836 universum
2597 4775 2716 4848 pati
2748 4774 3066 4833 invenitur.
3108 4777 3220 4832 Sed
3271 4782 3328 4834 et
3369 4782 3644 4852 passione
3671 4785 3873 4841 onnis

514 4908 580 4972 ἄ(
605 4906 667 4963 Ρ.
697 4905 804 4960 967
834 4905 946 4961 ED.
978 4901 1280 4960 POTTER.
1393 4907 1467 4967 (α)
1495 4900 1668 4957 Deut.
1700 4917 1756 4971 v,
1787 4903 1863 4970 9;
1895 4904 2046 4964 Num

2234 4906 2319 4960 18.
2435 4901 2512 4975 (ὁ)
2544 4899 2665 4958 Col.
2700 4900 2850 4969 11,9.

519 5031 633 5104 (88)
688 5022 1040 5104 Μεταϐαινει.
1103 5025 1456 5104 Lactantius
1502 5024 1957 5104 lib._vn,_cap.
2019 5031 2052 5086 8

2224 5027 2412 5104 __(90)_
2466 5028 2662 5104 971°?!
2718 5024 2766 5104 ,ὁ
2827 5021 3122 5104 ρεᾴδοτρς,
3199 5032 3333 5096 etc.,
3415 5029 3672 5104 in_seq.
3742 5032 3881 5090 Esse

519 5046 633 5104 (δυ)
688 5046 1040 5087 Μεταοαινει.
1106 5046 1443 5085 hactanuus
1502 5046 1604 5081 un.
1664 5046 1766 5095 v11,
1827 5046 1895 5084 ca
1944 5071 1957 5085 .
2019 5046 2104 5087 δι
2291 5046 2406 5101 (νυ)
2485 5046 2662 5096 φησιν
2738 5046 2766 5078 o
2837 5046 3122 5095 υεοοοτος,
3199 5046 3333 5096 3:0,,
3415 5046 3474 5086 ιη
3547 5047 3672 5102 δερ,
3743 5046 3877 5090 Esse

449 5106 675 5182 Necesse
721 5117 838 5160 esse
883 5100 946 5182 in
995 5104 1207 5182 terrain
1237 5096 1642 5182 resolvitquod
1671 5099 1840 5182 cuin
1888 5046 2112 5163 famine
2221 5100 2588 5182 Theodotum
2643 5097 2800 5182 inter
2827 5096 3120 5182 Valentini
3161 5099 3721 5182 sequaces_clarum,
3755 5105 3877 5174 qui,

451 5174 840 5247 ponderosum,
883 5176 934 5228 et
981 5170 1334 5247 dissolubile;
1364 5169 1722 5247 quod’autem
1752 5174 1914 5247 tenue
1943 5181 2116 5247 atque
2223 5172 2383 5247 velut
2411 5169 2770 5247 ali_i,sectam_
2794 5169 3418 5247 anaeritacceptaque
3437 5169 3715 5247 dogmata
3743 5169 3878 5232 cum

457 5240 678 5322 subtile,
703 5247 764 5302 id
802 5240 929 5301 vero
957 5259 1072 5322 esse
1101 5240 1476 5322 individuam,
1508 5257 1576 5322 a_c
1600 5242 1892 5322 domicilio
1921 5240 2115 5319 corpo-
2226 5244 2415 5322 astatis
2435 5241 2627 5322 plenae
2655 5241 2867 5322 majori
2893 5240 3643 5322 impietatecumulave'rit.‘
3665 5247 3886 5303 Absur-

458 5318 540 5372 ri:
568 5311 712 5374 velut
737 5331 964 5393 carcere
989 5315 1306 5393 liberatum,
1322 5312 1632 5393 pacatum
1661 5317 1713 5393 et
1741 5313 1816 5369 ad
1844 5311 2116 5393 naturam
2227 5318 2340 5393 dus
2361 5311 2554 5393 igitur
2585 5311 3164 5393 epitomatoriyisus,
3189 5315 3287 5393 qui
3303 5314 3391 5393 3b
3418 5315 3788 5393 illo_notatur
3819 5324 3886 5393 ut

453 5405 612 5446 suam
639 5389 948 5462 pervotare.
994 5389 1124 5462 Hac
1164 5383 1560 5462 fere'Ptatonis
1588 5384 1817 5462 collecta
1849 5388 2114 5462 breviter,
2228 5383 2452 5462 impius
2481 5402 2494 5441 :
2547 5383 2803 5462 et’certe
2827 5383 3267 5462 impiumquod
3291 5384 3417 5462 Deo
3447 5386 3618 5462 πάθος
3640 5389 3883 5462 tribuit.

454 5476 583 5534 qua
609 5454 762 5534 apud
792 5458 972 5530 ipsum
1025 5459 1134 5513 tate
1161 5457 1476 5530 copioseque
1505 5457 1880 5528 explicantur.
1915 5461 1974 5515 In
2023 5477 2063 5518 et

455 5533 581 5590 dem
625 5530 903 5589 sententia
949 5530 1058 5590 fuit
1098 5528 1267 5585 etiam
1296 5529 1654 5590 Pythagoras
1709 5534 1859 5590 ante.
1891 5534 2063 5590 eiusa:

2227 5454 2388 5516 velut
2414 5473 2575 5512 more
2593 5459 2796 5510 nostro
2821 5454 3154 5537 miserando
3180 5458 3556 5526 perturbetur
3578 5459 3892 5533 labemque

2232 5530 2416 5587 ullam
2452 5531 2715 5584 incurrat
2747 5530 2847 5581 aut
2875 5533 3100 5590 Vitium,
3151 5530 3304 5590 quod
3359 5533 3652 5587 utrumvis
3697 5533 3892 5590 (solet)

455 5532 581 5590 dem
625 5532 903 5589 sententia
949 5532 1058 5601 fuit
1098 5532 1267 5585 etiam
1296 5532 1654 5602 Pythagoras
1709 5534 1859 5600 ante,
1891 5534 2063 5605 eiusq:

454 5613 767 5682 praeceptor
800 5601 1159 5682 Pherecydes.
1216 5669 1239 5682 _
1427 5670 1444 5682 _
1649 5671 1700 5682 __
1747 5677 1756 5682 _
1939 5671 1953 5682 .
2062 5674 2063 5678 η

2232 5532 2416 5587 ullam
2452 5532 2715 5584 incurrat
2747 5532 2847 5581 aut
2875 5532 3100 5595 vitium,
3151 5532 3304 5597 quod
3359 5533 3652 5587 utrumvis
3697 5532 3892 5606 (solet)

2233 5603 2496 5682 medere
2515 5599 3013 5682 τεάθοςβριγίθεεο.
3110 5666 3123 5682 ,
3183 5667 3194 5682 ,
3316 5679 3326 5682 _
3394 5673 3408 5682 .

524 5666 750 5750 (89):_"0
808 5673 909 5750 γὰρ
970 5666 1164 5750 σόνεπ..
1216 5669 1554 5750 Legendum
1609 5671 1839 5750 videtur
1898 5671 1960 5728 οὐ
2019 5674 2063 5746 γε

2233 5666 2648 5750 -_(9_1)To§'to.
2687 5670 2898 5750 Aptius
2927 5666 3016 5720 καὶ
3063 5666 3218 5737 αὐτό,
3274 5679 3326 5728 et
3386 5673 3616 5744 ipsum:
3679 5692 3895 5750 nempe

455 5742 847 5880 ξυνεπᾶθησενῖ
882 5742 996 5804 ἰιιιι
1024 5742 1054 5799 ὅ
1083 5743 1502 5815 interrogative
1524 5743 1879 5815 capiendum
1913 5762 2018 5819 pro
2033 5742 2063 5801 ἰ

505 5835 759 5878 nenae.

2232 5743 2296 5800 τὸ
2314 5742 2476 5803 ελον.
2522 5744 2690 5801 SYLB.
2759 5744 2764 5754 ‘

505 5835 759 5878 YLBUBG.
