4124 6410
347 406 456 462 675
1580 409 1975 467 CLEMENTI!

2146 406 2539 466 ΞΧΔΝΒΕΙΝῙ
3658 393 3774 450 676

344 532 683 590 duodecimi
712 531 987 589 universa
1015 530 1397 602 castigata,ut
1427 529 1838 603 loquuntur,et
1860 548 1962 604 pas

2150 530 2444 607 ιτέγνωσαν,
2470 531 2553 586 ὅτι
2585 526 2718 585 εἰσὶν
2752 524 2940 604 χάριτι
2988 527 3086 580 τοῦ
3134 519 3557 614 Πατρὸς,ῃεῖσὶν
3587 513 3778 614 Δὄνομα

345 621 511 678 sione
542 623 764 695 pariter
794 621 1001 677 affecta
1029 625 1186 675 sunt.
1229 620 1391 677 Tunc
1438 621 1596 676 enim
1629 638 1973 695 agnoverun

2152 620 2535 693 νωνόμαστον,
2588 618 2774 696 μορφὴ
2830 615 2921 672 καὶ
2969 617 3189 690 γνῶσις.
3249 612 3312 696 Ὁ
3363 607 3423 666 δὶ
3480 607 3780 685 βουληθεὶς

342 727 475 767 esse
507 728 569 767 se
598 714 790 784 gratia
818 710 1030 774 Patris,
1052 725 1181 765 esse
1210 726 1441 781 quoque
1467 727 1677 767 nomen
1707 710 1863 782 quod
1893 727 1966 766 no

2154 707 2258 765 ,ἰὼν
2312 709 2426 782 (92)
2473 708 2537 763 τὸ
2588 695 2722 782 ὑπὶρ
2769 707 2870 775 τὴν
2909 708 3107 781 γνῶσιν
3170 695 3385 769 λαϐεῖν,
3436 697 3488 754 ἰν
3541 698 3782 775 ἀγνωσία

350 799 560 856 minari
594 817 707 855 non
742 804 951 870 potest,
982 814 1114 855 esse
1143 799 1400 870 denique
1443 800 1688 855 formam
1719 808 1777 855 et
1806 799 1978 855 scient

2147 795 2198 852 αἱ
2230 797 2480 875 ἀμορφία
2526 795 2756 872 ἐγένετο·
2812 794 2928 851 ὅθεν
2980 791 3071 849 καὶ
3118 792 3343 865 κὲνωμα
3381 790 3632 866 γνώσεως
3662 787 3775 862 εἰρ-

340 890 511 945 tiam.
538 889 644 953 Qui
675 905 809 944 vero
838 886 1028 943 voluit
1056 891 1223 955 Eon,
1258 886 1402 943 illud
1438 889 1594 960 quod
1627 889 1875 944 scientia
1895 904 1963 944 su

2150 886 2332 941 τίσατο·
2395 887 2528 960 ὅπερ
2589 885 2702 942 ἐστὶ
2762 885 2887 939 σκιὰ
2940 886 3039 939 τοῦ
3099 880 3387 954 ὀνόματος,
3447 877 3581 954 ὅπερ
3631 875 3778 933 ἆστὶν

339 978 538 1049 perius
569 982 660 1034 est
689 993 914 1049 rapere,
945 977 1294 1049 ignorantiae
1323 993 1388 1033 ac
1418 976 1780 1034 deformitati
1806 978 1962 1033 factu

2153 975 2256 1048 ἰὸς,
2290 975 2483 1050 μορφὴ
2519 978 2628 1030 τῶν
2657 974 2911 1030 Δὶώνων.
2937 968 3112 1033 Οὗτος
3141 970 3205 1025 τὸ
3234 968 3369 1024 κατὰ
3403 967 3569 1043 μέρος
3602 963 3781 1041 ὄνομα

336 1072 429 1122 est
457 1065 789 1134 obnoxius,-
840 1066 997 1122 unde
1024 1071 1082 1122 et
1127 1067 1392 1122 vacuitas
1439 1066 1698 1122 scientia
1744 1066 1964 1122 exstitit

1670 1083 1698 1121 Β
1744 1066 1992 1133 exstitit,
2101 1068 2209 1118 τῶν
2245 1063 2473 1120 Αἰώνων
2507 1059 2702 1137 ἀμέλει
2734 1062 2847 1118 ἐστὶ
2876 1066 2976 1117 τοῦ
3006 1059 3298 1134 ὀνόματος.

333 1156 489 1227 quod
521 1161 611 1211 est
642 1156 852 1212 umbra
884 1154 1165 1227 nominis,
1200 1155 1358 1227 quod
1379 1160 1470 1211 est
1498 1155 1707 1224 Filius,
1739 1155 1835 1228 qoi
1867 1156 2056 1213 torma
2084 1154 2336 1211 onnum
2359 1161 2469 1212 est.
2506 1156 2608 1211 Hic
2639 1154 2949 1228 sigillatim
2982 1157 3229 1210 Eonum
3270 1148 3538 1207 nominis
3570 1147 3779 1221 utique

335 1248 427 1302 est
458 1261 698 1305 nomen.

405 1334 641 1391 XXXII.
686 1334 830 1391 Cum
879 1334 1059 1407 igitur
1105 1336 1164 1390 in
1212 1333 1589 1391 Plenitudine
1638 1336 1716 1391 sit
1767 1333 1986 1406 unitas,

2169 1333 2297 1389 AB'.
2332 1333 2420 1388 ’Ev
2472 1331 2822 1408 ΙΙληρώματι
2872 1328 2963 1386 οὖν
3012 1328 3258 1396 ίνότητος
3307 1324 3499 1397 οὔσης,
3544 1322 3774 1391 ἕκαστος

333 1422 580 1481 (Eanum
613 1423 833 1495 singuli
856 1423 1149 1496 prepriam
1174 1423 1609 1481 Plenitudinem
1639 1425 1961 1496 conjugiun

2140 1422 2204 1476 ὧν
2237 1421 2465 1478 Αἰώνων
2498 1419 2641 1478 ἴδιον
2671 1419 2788 1499 ἔχει
2826 1417 3138 1494 Πλήρωμα,
3168 1418 3268 1486 τήν
3298 1415 3582 1491 συζυγίαν.
3624 1417 3768 1473 ’Όσα

332 1512 573 1569 habent.
605 1512 979 1584 Quaecunque
1010 1512 1193 1586 igitur
1222 1528 1291 1567 ex
1321 1513 1815 1585 conjugio,aiunt,
1850 1529 1960 1585 pro

2142 1511 2190 1566 5v
2248 1510 2309 1565 ἐκ
2367 1511 2660 1587 συζυγίας,
2744 1510 2912 1589 φασὶ,
2971 1509 3307 1583 προέρχεται
3338 1549 3354 1576 ,
3414 1502 3770 1581 πληρώματά

329 1602 597 1667 veniunt,
647 1600 1046 1672 plenitudines
1093 1606 1253 1668 sunt,
1316 1617 1682 1672 quascunque
1732 1618 1867 1657 vero
1915 1618 1957 1658 e:

2137 1619 2260 1654 mv-
2288 1600 2387 1655 ὅσα
2416 1597 2475 1655 δὲ
2505 1600 2611 1655 ἀπὸ
2655 1600 2797 1671 ἑνὸς,
2826 1596 3053 1660 εῗκόνες.
3086 1598 3248 1661 Ὅθεν
3300 1595 3328 1650 6
3377 1590 3645 1658 Θεόδοτος
3670 1593 3765 1650 τὸν

330 1707 470 1756 uno,
505 1689 813 1762 imagines.
865 1688 1024 1745 Unde
1074 1689 1414 1745 Theodotus
1453 1689 1751 1746 Christum
1781 1689 1881 1761 qui
1913 1706 1958 1746 ο]

2138 1689 2320 1763 ριστὸν
2372 1689 2422 1762 ἐξ
2472 1688 2684 1754 ἐννοίας
2736 1686 3075 1764 προελθόντα
3115 1689 3215 1751 τῆς
3278 1682 3484 1763 Σοφίας
3516 1724 3531 1753 ,
3580 1683 3766 1739 ἑίκόνα

326 1778 822 1851 contemplatione
875 1779 1188 1850 Sapientis:
1239 1779 1608 1851 processerit,
1661 1778 1954 1851 imaginen

2136 1782 2183 1833 >6
2211 1776 2600 1854 Πλὴρώματος
2636 1777 2912 1836 ἐκάλεσεν.
2945 1774 3117 1839 Οὗτος
3169 1771 3249 1845 δὲ,
3298 1772 3631 1848 καταλείψας
3658 1774 3764 1844 τὴν

324 1868 718 1924 Plenitudinis
747 1868 1107 1924 vocavit.Hic
1137 1874 1334 1924 autem
1358 1874 1604 1924 matrem
1637 1867 1952 1940 relinquen:

2134 1868 2322 1943 ητίρα,
2374 1864 2617 1933 ἀνελθὼν
2668 1869 2745 1930 εἰς
2790 1869 2853 1923 τὸ
2898 1865 3211 1942 Ιιλήρωμα,
3242 1863 3542 1939 ἐκρατήθη,
3575 1863 3760 1940 ὥσπερ

322 1962 381 2013 et
411 1957 483 2013 ad
517 1956 953 2013 Plenitudinem
986 1959 1312 2013 ascendens
1363 1957 1533 2028 quasi
1566 1957 1639 2012 ab
1688 1957 1950 2014 universi

1688 1957 1978 2016 universis
2010 1980 2057 2047 Β
2086 1962 2203 2019 τοῖς
2234 1955 2412 2023 ὅλοῖς,
2445 1956 2589 2012 οὕτω
2619 1953 2677 2011 δὲ
2707 1954 2798 2012 καὶ
2826 1960 2908 2028 τῷ
2942 1952 3312 2031 Παρακλήτῳ.

318 2047 594 2103 detentus
624 2051 733 2111 est,
764 2046 1092 2117 quinetiam
1125 2052 1185 2101 et
1218 2063 1251 2102 a
1287 2045 1600 2103 Paracleto.

392 2136 548 2193 854
578 2134 847 2191 XXXIII.
893 2136 1219 2207 Adoptatus
1269 2139 1523 2191 attamen
1556 2140 1648 2192 est
1676 2136 1974 2206 Christus,

2159 2142 2279 2192 Al".
2312 2135 2566 2201 Υίόθετος
2622 2136 2808 2209 μέντοι
2853 2135 3071 2211 γέγονεν
3125 2133 3154 2188 6
3186 2130 3442 2207 Χριστὸς,
3484 2130 3560 2192 ὡς
3610 2130 3754 2207 πρὸς

324 2232 387 2280 ut
416 2226 571 2280 inter
600 2223 997 2297 plenitudines
1027 2223 1268 2295 electus,
1296 2228 1354 2280 et
1385 2240 1580 2280 rerum
1626 2227 1829 2282 mundi
1863 2226 1952 2281 hui

2130 2224 2149 2280 ῖι
2191 2224 2546 2299 πληρώματα
2593 2223 2849 2287 ἐκλεκτὸς
2893 2223 3210 2300 γενόμενος,
3257 2219 3349 2276 καὶ
3397 2219 3758 2289 πρωτότοκος

310 2315 484 2386 jusce
516 2313 970 2386 primogenitus.
1011 2318 1109 2368 Est
1138 2312 1335 2383 itaque
1383 2314 1625 2369 verbum
1661 2315 1765 2369 hoc
1798 2332 1935 2386 prav

2121 2318 2194 2369 ὧν
2222 2312 2410 2378 ἐνθάδε
2439 2315 2797 2389 πραγμάτων.
2823 2314 3012 2371 ’Ἐστιν
3035 2310 3128 2366 οὖν
3160 2311 3189 2365 ὁ
3220 2307 3389 2385 λόγος
3412 2309 3570 2370 οὗτος
3600 2328 3749 2385 παρ-

325 2403 510 2458 nostri
543 2401 811 2458 doctrina
854 2418 924 2456 ex
977 2401 1221 2457 materia
1263 2402 1546 2473 subjecta,
1607 2402 1953 2459 Salvatoren

2124 2424 2335 2477 κουσμα
2377 2401 2475 2459 τοῦ
2523 2402 2799 2478 ἡμετέρου
2847 2401 2909 2457 ἐκ
2948 2405 3047 2457 τοῦ
3097 2399 3481 2473 ὑποκειμένου,
3528 2398 3752 2473 πρωτό-

324 2491 788 2564 primogenitum
825 2507 1061 2560 vocans,
1091 2506 1225 2545 cum
1257 2489 1355 2546 ille
1384 2490 1557 2562 quasi
1590 2492 1754 2547 radix
1783 2497 1840 2548 et
1869 2509 1952 2548 ca-

2124 2513 2241 2548 )κον
2271 2491 2445 2569 λέγων
2475 2492 2571 2548 τὸν
2604 2498 2858 2565 Σωτῆρα⁹
2909 2491 2999 2547 καὶ
3055 2488 3197 2546 ἔστιν
3237 2487 3472 2564 ὡσπερεὶ
3505 2486 3627 2562 ῥίζα
3657 2485 3752 2542 καὶ

320 2590 426 2652 put
459 2584 728 2636 nostrum
761 2579 857 2635 sit.
892 2577 1145 2634 Ecclesia
1192 2578 1325 2634 vero
1370 2580 1559 2651 ipsius
1590 2578 1831 2650 Christi,
1880 2582 1948 2637 dii

2120 2578 2290 2658 εφαλὴ
2325 2584 2509 2652 ἡμῶν.
2553 2587 2616 2637 Ἠ
2672 2577 2730 2636 δὶ
2776 2578 3101 2650 Ἐκκλησία,
3149 2577 3351 2655 καρποὶ
3399 2575 3565 2632 αὐτοῦ
3608 2581 3748 2652 Χρι-

316 2673 480 2737 cunt,
512 2668 762 2735 fructus,
795 2671 1065 2724 caventes
1095 2668 1250 2739 quod
1284 2669 1703 2725 inconveniens
1732 2674 1843 2739 est,
1877 2687 1939 2726 re

2119 2673 2228 2738 τοῦ,
2270 2669 2422 2745 φασὶ,
2466 2670 2531 2725 τὸ
2580 2669 2845 2725 ἀνοίκειον
2898 2670 3159 2746 φυγόντες
3210 2668 3350 2741 (93),
3382 2662 3747 2732 συσταλέντος

314 2764 479 2831 cepto
511 2757 569 2813 in
603 2756 1032 2813 Plenitudinem
1063 2757 1165 2829 qui
1192 2773 1262 2814 ex
1300 2757 1797 2830 contemplatione
1837 2776 1942 2815 mat

2118 2760 2155 2823 ἱς
2181 2760 2242 2814 τὸ
2294 2756 2585 2833 [Ιλήρωμα
2630 2758 2690 2815 ἐκ
2733 2761 2831 2828 τῆς
2886 2758 3147 2834 μητρῴας
3177 2754 3473 2834 γενομίνου
3504 2752 3746 2819 ἐννοίας’

315 2852 484 2903 terna
513 2852 679 2903 ortus
705 2851 795 2902 est
826 2863 840 2902 :
876 2850 1061 2902 mater
1080 2863 1289 2904 rursus
1319 2847 1778 2920 dispensationis
1810 2849 1939 2920 prin

2108 2850 2329 2922 ιμήτηρ
2382 2847 2537 2913 αὖθις
2576 2848 2670 2904 τὸν
2718 2855 2820 2918 τῆς
2867 2846 3187 2920 οἰκονομίας
3232 2849 3583 2922 προηγάγετο
3631 2845 3736 2919 ἄρ-

317 2937 505 3009 cipem
536 2936 831 3009 produxit,
865 2935 922 2991 in
954 2935 1212 3008 imagine
1238 2936 1400 2992 illius
1432 2937 1533 3010 qui
1565 2938 1636 2992 ab
1675 2955 1744 2994 ea
1793 2938 1945 3011 fuge-

2098 2956 2263 3013 ζοντα,
2298 2937 2372 2999 εἰς
2398 2937 2566 2993 τύπον
2597 2942 2694 2993 τοῦ
2720 2938 2989 3017 φυγόντος
3020 2935 3190 3005 αὐτὴν
3233 2935 3352 2991 κατ’
3400 2933 3726 3004 ἰπιπόθησιν

317 3030 672 3098 rat,propter
700 3024 1059 3081 desiderium
1092 3024 1255 3081 illius
1285 3026 1387 3097 qui
1422 3027 1594 3082 fuerit
1621 3026 1945 3099 melior,qu1

2110 3027 2240 3083 ὖτοῦ
2267 3026 2575 3101 κρείττονος
2605 3026 2972 3103 ὑπάρχοντος,
3004 3026 3064 3089 ὃς
3095 3028 3161 3094 ἧν
3190 3024 3363 3087 τόπος
3394 3026 3491 3079 τοῦ
3516 3021 3735 3098 Πατρὸς

310 3117 614 3172 character
645 3116 835 3171 Patris
873 3116 1281 3171 universorum
1334 3115 1443 3171 fuit
1471 3133 1485 3171 :
1519 3123 1878 3189 quapropter
1905 3134 1937 3174 e

2103 3119 2176 3170 ὧν
2209 3114 2378 3171 ὅλων
2413 3113 2499 3170 διὸ
2546 3114 2636 3170 καὶ
2683 3114 2866 3185 ἥττων
2917 3114 3144 3189 γίνεται,
3176 3112 3252 3175 ὠς
3301 3111 3362 3167 ἃν
3413 3112 3474 3166 ὲκ
3520 3109 3731 3175 πάθους

312 3204 506 3262 ιιιίιιοι·
532 3204 633 3261 ille
662 3204 955 3278 est,quasi
985 3222 1055 3261 ex
1084 3205 1356 3278 passione
1376 3206 1716 3277 cupiditatis
1743 3208 1940 3263 forma-

2105 3211 2168 3275 ἧς
2199 3203 2487 3277 ἐπιθυμίας
2516 3208 2845 3261 συνεστῶσα,
2884 3204 3205 3278 Ἐμυσάχθη
3244 3202 3427 3276 μέντοι
3477 3196 3733 3257 ἑνιδοῦσα

308 3296 473 3352 verit.
506 3296 857 3352 Abominata
888 3299 1083 3350 tamen
1132 3300 1241 3365 est,
1272 3295 1555 3367 inquiunt
1585 3296 1693 3362 illi,
1725 3313 1859 3352 cum
1891 3295 1930 3353 il

1608 3296 1693 3362 lli,
1725 3313 1859 3352 cum
1891 3295 1959 3353 il-
1991 3351 2033 3373 Λ
2067 3293 2167 3363 τὴν
2199 3293 2503 3369 ἀποτομίαν
2534 3293 2721 3365 αὐτοῦ,
2754 3292 2828 3355 ὣς
2858 3314 3017 3372 φασιν
3051 3291 3227 3373 αὐτοί.

306 3384 425 3441 lius
455 3385 825 3442 severitatem
854 3384 1097 3440 videret.
1989 3384 2032 3421 υ
2790 3450 2795 3455 ἱ

374 3474 636 3531 XXXIV.
667 3473 777 3529 Sed
809 3477 868 3528 et
897 3473 1172 3545 potentiae
1203 3472 1481 3542 sinistrae,
1533 3473 1605 3529 ab
1654 3474 1758 3531 illa
1789 3475 1956 3547 prius

2137 3479 2255 3531 AA'.
2290 3471 2474 3531 ’Δλλὰ
2518 3471 2611 3528 καὶ
2659 3469 2933 3545 εὖώνυμοι
2984 3467 3268 3543 δυνάμεις,
3319 3473 3534 3545 πρῶται
3582 3488 3722 3544 προ-

303 3579 478 3635 quam
528 3563 742 3618 dextris
792 3562 1109 3633 productis,
1142 3561 1350 3617 alucis
1398 3563 1648 3618 adventu
1699 3580 1931 3634 present

2102 3558 2354 3632 ληθεῖσαι
2383 3565 2492 3617 τῶν
2539 3558 2728 3632 δεξιῶν
2776 3560 2861 3616 ὑπ’
2913 3558 3106 3630 αὐτῆς,
3144 3558 3250 3614 ὑπὸ
3291 3564 3394 3627 τῆς
3416 3561 3514 3613 τοῦ
3544 3556 3730 3635 φωτὸς

302 3653 501 3723 tiaque
533 3668 649 3707 non
680 3651 1037 3706 formantur.
1077 3650 1342 3706 Sinistra
1387 3667 1520 3708 vero
1568 3651 1779 3708 relictas
1811 3669 1930 3709 sun'

2099 3650 2359 3720 ἀρουσίας
2405 3651 2473 3706 οὗ
2530 3653 2890 3727 μορφοῢνται’
2936 3646 3367 3719 κατελείφθησαν
3414 3643 3474 3702 δὲ
3517 3647 3573 3701 αἱ
3602 3646 3727 3721 ἀρι-

301 3757 336 3796 a
363 3739 490 3796 loco
522 3739 651 3811 ipso
684 3740 1026 3794 formandis.
1049 3742 1230 3795 Matre
1260 3740 1459 3813 itaque
1493 3757 1608 3796 una
1639 3757 1774 3796 cum
1810 3740 1929 3797 ΡίΙίι

2094 3739 2248 3816 τεραὶ
2302 3740 2408 3795 ὑπὸ
2454 3743 2552 3795 τοῦ
2593 3738 2771 3795 τόπου
2821 3741 3179 3817 μορφοῦνται.
3231 3738 3348 3806 Τῆς
3379 3735 3589 3811 μητρὸς
3628 3732 3722 3791 οὖν

298 3833 359 3892 et
388 3828 722 3885 seminibus
754 3827 812 3882 in
844 3832 909 3897 ιι(
939 3827 1367 3885 Plenitudinem
1398 3830 1840 3902 ingressa,tunc
1871 3832 1926 3888 lo

2089 3829 2200 3884 ιετὰ
2240 3832 2338 3885 τοῦ
2387 3828 2517 3884 Υἱοῦ
2563 3828 2652 3884 καὶ
2700 3831 2809 3882 τῶν
2860 3828 3189 3904 σπερμάτων
3233 3824 3586 3893 εἰσελθούσης
3636 3821 3717 3887 εἲς

298 3933 403 3973 cus
435 3916 642 3973 matris
674 3919 1025 3988 potestatem
1054 3917 1438 3990 ordinemque
1468 3918 1737 3991 accipiet,
1769 3935 1926 3991 quen

2093 3918 2118 3974 ὃ
2149 3915 2461 3993 Πλήρωμα,
2490 3919 2617 3975 τότε
2646 3919 2674 3973 6
2704 3917 2872 3981 τόπος
2919 3919 3020 3987 τήν
3069 3916 3312 3988 ἐξουσίαν
3357 3918 3460 3986 τῆς
3486 3915 3721 3990 ιμητρὸς

296 4022 453 4061 nunc
487 4005 661 4061 habet
692 4012 897 4061 mater.

2054 4008 2144 4064 καὶ
2174 4010 2274 4079 τὴν
2305 4010 2454 4080 τάξιν
2484 4006 2853 4084 ἀπολήψεται,
2884 4009 2946 4078 ἣν
2980 4012 3071 4064 νῦν
3102 4005 3221 4083 ἔχει
3251 4009 3287 4077 ἠ
3324 4008 3531 4083 μήτηρ.

363 4094 581 4152 XXXV.
612 4093 787 4152 Jesus
815 4096 916 4152 lux
955 4101 1173 4162 nostra,
1228 4101 1293 4154 ut
1340 4097 1483 4154 dicit
1513 4097 1816 4170 apostolus
1845 4101 1943 4171 (a).

2129 4100 2257 4155 AB’.
2287 4098 2349 4156 Ὀ
2397 4100 2610 4169 Ἰησοῦς
2665 4099 2729 4154 τὸ
2772 4101 2889 4176 φῶς
2936 4100 3122 4171 ἡμῶν,
3169 4096 3244 4159 ὡς
3290 4095 3441 4172 λέγει
3499 4096 3528 4151 6
3577 4093 3719 4150 ἀπό-

294 4184 557 4257 seipsum
584 4187 914 4242 exinaniem
942 4184 1038 4257 (b),
1068 4185 1177 4242 hoc
1206 4190 1397 4255 est,ut
1426 4185 1549 4242 vult
1580 4187 1920 4243 Theodotus

2087 4184 2274 4256 τολος,
2324 4186 2511 4242 ἑαυτὸν
2560 4176 2827 4260 κενώσας,
2885 4187 3163 4242 τουτέστιν
3214 4183 3366 4248 ἐκτὸς
3423 4188 3524 4240 τοῦ
3581 4182 3715 4259 ὅρου

293 4282 458 4329 extra
486 4273 807 4330 terminum
860 4273 1080 4343 exiens,
1128 4274 1407 4347 quoniam
1456 4275 1704 4349 angelus
1734 4280 1921 4339 oratu

2088 4274 2361 4349 ενόμενος,
2392 4277 2530 4331 κατά
2553 4273 2840 4344 Θεόδοτον,
2873 4274 2989 4332 ἐπεὶ
3021 4273 3257 4351 ἅγγελος
3288 4274 3381 4344 ἦν,
3408 4276 3508 4330 τοῦ
3551 4270 3716 4344 Πλη-

294 4361 667 4419 Plenitudine
731 4363 973 4436 angelos
1021 4364 1268 4421 seminis
1335 4363 1673 4422 excellentis
1740 4381 1922 4422 secun

2087 4365 2310 4438 ώματος
2354 4363 2484 4430 τοὺς
2536 4363 2803 4441 ἆγγὲλους
2852 4369 2950 4420 τοῦ
2995 4361 3348 4442 διαφέροντος
3398 4364 3711 4438 σπέρματος

293 4450 515 4506 eduxit.
565 4449 631 4507 Et
671 4451 798 4526 ipse
842 4454 1083 4526 quidem
1152 4455 1641 4527 redemptionem,
1692 4454 1865 4526 quasi
1908 4472 1921 4510 ι

2084 4453 2409 4530 υνεξήγαγεν
2454 4455 2649 4527 ἱαυτῷ·
2698 4453 2790 4509 καὶ
2839 4453 3001 4515 αὐτὸς
3047 4454 3142 4527 μὶν
3172 4454 3272 4523 τὴν
3326 4450 3597 4528 λύτρωσιν
3631 4449 3712 4515 ὠς

292 4538 664 4597 Plenitudine
692 4558 1064 4616 progressus,
1099 4540 1326 4611 habuit,
1358 4543 1604 4616 angelos
1635 4548 1832 4600 autem
1864 4546 1920 4600 ac

2085 4542 2157 4598 πὸ
2189 4541 2574 4618 Πληρώματος
2621 4542 2908 4620 προελθὼν
2959 4542 3127 4619 εἶχεν,
3177 4540 3306 4605 τοὺς
3350 4538 3410 4597 δὲ
3438 4538 3712 4617 ἀγγέλους

288 4628 536 4685 seminis
564 4631 984 4688 correctionem
1017 4631 1181 4686 duxit
1213 4648 1229 4687 :
1261 4633 1430 4703 quasi
1462 4633 1619 4689 enim
1648 4650 1752 4705 pro
1775 4638 1916 4706 parti

2082 4632 2124 4695 ίς
2181 4631 2472 4708 διόρθωσιν
2512 4636 2612 4689 τοῦ
2654 4631 2972 4709 σπέρματος
3019 4631 3244 4709 ἤγαγεν
3302 4630 3379 4696 ὠς
3420 4631 3524 4707 γὰρ
3572 4629 3710 4705 ὗπὶρ

294 4721 503 4789 rogant
528 4716 959 4790 obsecrantque
986 4717 1196 4788 angeli,
1240 4719 1550 4791 nostrique
1593 4721 1784 4792 gratia
1830 4720 1922 4777 de-

2083 4721 2246 4797 ,ἐρους
2280 4719 2492 4778 δέονται
2535 4723 2624 4777 ναὶ
2676 4718 3076 4799 παρακαλοῦσι,
3119 4719 3210 4776 καὶ
3261 4716 3330 4775 δι’
3365 4720 3509 4793 ἡμᾶς
3552 4738 3711 4776 κατε-

288 4806 456 4874 tenti,
487 4806 717 4880 ingredi
742 4807 1113 4870 festinantes,
1143 4807 1372 4861 veniam
1405 4808 1574 4862 nobis
1606 4815 1916 4879 precantur

2082 4805 2301 4884 μόμενοι,
2335 4805 2662 4872 σπεύδοντες
2693 4808 2980 4878 εἰσελθεῖν,
3012 4807 3198 4887 ἄφεσιν
3226 4810 3365 4882 ἡμῖν
3409 4807 3710 4878 αἰτοῦνται,

294 4899 359 4951 ut
375 4913 493 4953 una
508 4912 644 4951 cum
666 4895 784 4952 illis
799 4912 905 4952 nos
925 4895 1103 4951 etiam
1126 4894 1783 4969 ingrediamur.Quippe
1800 4914 1922 4955 cun:

2078 4919 2135 4953 να
2162 4896 2594 4970 συνεισίλθωμεν
2648 4897 2855 4960 αὐτοῖς’
2905 4896 3101 4975 σχεδὸν
3151 4898 3252 4974 γὰρ
3301 4900 3463 4972 ἡμῶν
3512 4896 3706 4974 χρείαν

289 4983 474 5041 nostri
507 4984 626 5041 fere
656 5001 807 5058 cpus
836 4984 1059 5040 habent
1087 4987 1153 5038 ut
1181 4983 1591 5055 ingrediantur
1630 4987 1917 5058 (quoniau

2087 5006 2272 5062 χοντες
2294 4983 2388 5040 ἵνα
2417 4983 2758 5050 εἰσέλθωσιν·
2792 4986 2932 5059 (ἐπεὶ
2962 4986 3087 5043 ἄνευ
3134 4989 3297 5061 ἡμῶν
3347 4986 3449 5043 οὐκ
3492 4984 3715 5063 ἐπιτρέ-

288 5073 414 5129 sine
441 5074 613 5131 nobis
645 5072 869 5145 ingredi
901 5087 1016 5130 non
1045 5070 1164 5129 illis
1203 5087 1548 5129 concessum
1578 5073 1836 5145 sit,hanc
1861 5075 1916 5132 ol

2084 5095 2205 5129 τται
2254 5073 2464 5137 αὐτοῖς·
2515 5071 2606 5130 διὰ
2654 5077 2816 5131 τοῦτο
2860 5076 2964 5154 γὰρ
3011 5073 3139 5132 οὐδὲ
3167 5078 3203 5147 ἡ
3238 5078 3425 5155 μήτηρ
3474 5075 3712 5149 συνελή-

352 5227 1125 5298 ›χ‹Ρ.968Ει›.ΡοΤΤειι.
1237 5228 1786 5303 (a)Joan.vm,12.
1895 5230 1967 5304 (b)

701 5229 790 5285 BD.
823 5227 1125 5285 POTTEB.
1237 5232 1311 5303 (a)
1341 5228 1510 5288 Joan.
1538 5247 1665 5300 VIII,
1698 5232 1786 5288 12.
1895 5230 1967 5304 (b)
2001 5230 2147 5286 Phil.
2182 5247 2246 5302 ιι,
2275 5230 2329 5286 7.

363 5383 567 5458 (92)_'O
626 5379 684 5436 δὲ
725 5379 1017 5458 βουληθεὶς
1063 5382 1228 5439 Αἷών.
1262 5385 1423 5458 Clare
1470 5385 1581 5443 hoc
1632 5389 1937 5458 peccatum

2078 5401 2154 5441 les
2185 5391 2243 5442 et
2272 5386 2370 5458 qui
2406 5386 2665 5445 scientia
2698 5405 2889 5446 arcem
2921 5394 3119 5445 tenere
3147 5388 3207 5445 in
3239 5388 3594 5447 Christianis
3618 5388 3706 5445 vi-

363 5402 480 5456 (UE)
508 5402 567 5440 ὐ
626 5402 684 5436 οε
725 5402 1017 5455 μουΑηυεις
1063 5402 1228 5439 Λιων.
1262 5402 1423 5442 mare
1473 5402 1581 5443 noc
1632 5402 1937 5458 peccatum
2050 5402 2154 5441 nes
2185 5402 2243 5442 et
2314 5403 2370 5441 ui
2406 5402 2665 5445 scientia
2698 5405 2889 5446 arcem
2921 5402 3207 5445 tenerem
3239 5402 3594 5447 unristlanis
3618 5402 3706 5445 νι-

287 5453 605 5538 diaboliex
636 5455 913 5538 superbia
944 5457 1071 5538 ejus
1106 5474 1273 5538 paena
1303 5457 1712 5538 scelerumque
1734 5473 1811 5538 ex
1841 5457 1943 5538 illa
2051 5458 2186 5514 dere
2213 5402 2449 5538 ve‘ilent,
2478 5461 2541 5538 in
2564 5462 2906 5538 confusione
2937 5478 3045 5517 sua
3069 5461 3316 5538 gloriam
3350 5467 3706 5538 quaererent,

286 5529 695 5607 castigatione,
731 5532 795 5607 ut
825 5544 887 5584 se
918 5529 1198 5607 adversus
1230 5534 1412 5607 Deum
1443 5529 1674 5607 erigant
1695 5534 1752 5584 et
1768 5529 1941 5601 quasi
2049 5546 2299 5607 eamque
2331 5530 2477 5587 inter
2503 5532 2737 5607 _Sa_tanaa
2770 5529 3217 5606 primogen‘itos,
3245 5529 3415 5607 quasi
3448 5532 3708 5606 apostoli

284 5614 410 5673 ase
432 5598 557 5673 sibi
578 5614 713 5673 esse
729 5603 957 5673 etquae
980 5602 1285 5673 possident
1306 5602 1475 5657 dotes
1497 5598 1763 5673 tribuant
1786 5598 1803 5658 Ξ
1835 5617 1941 5673 nec
2049 5598 2295 5659 Joannis
2325 5602 2559 5673 oraculo
2585 5598 2887 5661 haberent.
2919 5598 3173 5662 Causas.

286 5669 401 5750 alia
428 5669 503 5755 in
521 5671 659 5755 istis.
682 5669 1052 5755 desint-verte
1079 5672 1228 5755 ﬁdei.
1257 5688 1538 5755 consona,
1589 5672 1914 5755 sed'fabuli:

2096 5674 2231 5755 _(93)
2266 5671 2564 5755 Φυγόντες.
2597 5674 2780 5755 Haud_
2797 5677 2917 5734 scio
2956 5694 3031 5735 an
3063 5676 3256 5734 verius
3286 5673 3581 5755 φυγόντος,
3609 5691 3706 5752 ge-

283 5739 548 5799 immista
575 5740 815 5820 illisque
842 5743 1075 5815 obruta,
1107 5743 1327 5818 quibus
1355 5743 1442 5801 sic
1471 5739 1713 5817 superbi
1743 5744 1941 5804 homi-
2050 5739 2236 5806 nitivo
2265 5739 2430 5821 casu,
2463 5752 2531 5805 ut
2559 5763 2715 5806 mox.
2745 5748 2913 5808 εγω.
