4124 6410
341 383 452 440 677

1124 382 1368 440 DUBIA'
1399 406 1469 422 -
1496 376 1888 436 EXCEBPTA
1921 379 2024 437 EX
2056 381 2378 438 SCRIPTIS
2413 382 2797 454 THEODOTI,
2837 387 2993 444 E'I‘C.

3659 394 3767 452 678

333 509 491 574 λυθεν
514 506 640 565 ἄνευ
671 513 856 584 ἡμῶν,
891 505 1045 585 φασίν
1164 505 1389 568 εῗκότως
1442 504 1576 582 ὑπὲρ
1619 505 1782 577 ἡμῶν
1845 501 1995 561 δέον-

2124 523 2342 562 :ausam
2367 508 2523 564 enim
2549 526 2619 566 ne
2641 513 2878 582 quidem
2905 518 3094 570 mater
3115 513 3337 587 absque
3361 519 3552 588 nobis,
3571 522 3761 589 aiunt,

336 621 448 658 ται.

406 691 519 754 Λςῖ
552 692 641 747 Ἐν
673 690 884 760 ἑνότητι
916 686 1164 763 μέντοιγε
1194 682 1618 762 προεϐλήθησαν
1669 687 1722 740 οἱ
1772 681 1998 761 ἄγγελοι

334 782 521 853 ἡμῶν,
574 779 759 855 φασὶν,
805 773 1082 849 εἰσιόντες,
1137 777 1211 839 ὡς
1268 777 1374 831 ἀπὸ
1436 776 1554 838 ἑνὸς
1614 774 1996 851 προελθόντες.

337 869 487 928 Ἐπεὶ
519 867 576 924 δὲ
600 871 765 942 ἡμεῖς
794 868 956 941 ἦμεν,
992 868 1043 923 οἱ
1074 865 1488 943 μεμερισμένοι,
1516 862 1608 920 διὰ
1635 869 1801 920 τοῦτο
1829 859 1998 918 ἐϐαπ-

341 959 528 1016 τίσατο
574 959 602 1013 6
653 959 885 1030 Ἰησοῦς,
933 955 996 1011 τό
1054 956 1342 1030 ἀμέριστον
1398 961 1741 1031 μερισθῆναι,
1799 953 1998 1027 μέχρις

342 1052 492 1122 ἡμᾶς
541 1046 716 1122 ένώσῃ
767 1046 953 1110 αὐτοῖς
1000 1045 1077 1110 εἷς
1122 1046 1185 1100 τὸ
1236 1041 1669 1120 Ηλήρωμα,⁹ίνα
1723 1045 1888 1115 ἡμεῖς
1947 1040 2002 1095 οἱ

341 1135 549 1193 πολλοὶ
599 1136 656 1190 ἓν
712 1135 1018 1210 γενόμενοι,
1043 1135 1095 1189 οἱ
1147 1134 1344 1195 πάντες
1389 1138 1469 1205 τῷ
1518 1132 1592 1187 ἑνὶ
1641 1135 1720 1204 τῷ
1752 1129 1822 1186 δι’
1851 1133 2001 1204 ἡμᾶς

345 1227 653 1303 μερισθέντι
684 1227 968 1300 ἀνακραθῶ
977 1245 1070 1299 μεν
1082 1267 1095 1281 .

417 1413 534 1463 AZ’.
568 1407 634 1464 Οἱ
685 1407 791 1462 ἀπὸ
823 1402 1005 1479 Ἀδὰμ
1048 1401 1376 1477 ἐξελθόντες,
1409 1403 1460 1456 οἳ
1514 1401 1608 1476 μὲν
1655 1397 1880 1468 δίκαιοι,
1914 1396 2005 1453 διὰ

339 1500 449 1552 τῶν
483 1495 814 1569 ἐκτισμένων
858 1497 958 1565 τὴν
1011 1492 1136 1550 ὁδὸν
1176 1492 1525 1566 ποιούμενοι,
1557 1489 1704 1566 παρᾶ
1741 1493 1821 1562 τῷ
1849 1489 2005 1561 τόπῳ

339 1585 686 1661 κατείχοντο,
719 1583 856 1640 κατὰ
883 1582 1011 1646 τοὺς
1041 1579 1528 1642 Οὐαλεντινιανοός
1561 1597 1574 1612 ⁸
1609 1579 1665 1633 οἱ
1698 1575 1755 1633 δέ
1801 1575 2003 1654 ἕτεροι,

341 1675 396 1730 έν
420 1679 502 1748 τῷ
528 1679 627 1730 τοῦ
654 1675 851 1729 σκότου
881 1672 1179 1746 ἐκτισμένῳ
1211 1671 1262 1726 ἐν
1294 1676 1413 1733 τοῖς
1444 1670 1750 1744 ἀριστεροῖς
1783 1665 2004 1742 ἔχοντες

344 1765 695 1835 συναίσθησιν
725 1768 822 1820 τοῦ
846 1764 1039 1840 πυρός.

419 1856 551 1911 ΛΗ’.
579 1853 835 1926 Ποταμὸς
864 1851 1211 1930 ἐκπορεύεται
1245 1851 1412 1923 πυρὸς
1446 1850 1702 1904 ὑποκάτω
1755 1851 1854 1951 τρῦ
1886 1845 2011 1951 θρόοῖ
2038 1887 2086 1951 Β

344 1965 441 1998 νου
469 1947 570 1998 τοῦ
597 1943 795 2013 τόπου,
817 1942 907 1997 καὶ
940 1941 1023 2018 ῥεῖ
1053 1941 1128 2003 είς
1159 1941 1221 1996 τὸ
1249 1941 1401 1995 κενὸν
1432 1943 1529 1993 τοῦ
1578 1935 1896 2009 ἐκτισμένου
1929 1955 1942 1967 °
1977 1934 2008 1989 6'

348 2035 493 2090 ἐστιν
554 2036 590 2104 ἡ
639 2032 824 2111 γέεννα
869 2034 977 2088 ἀπὸ
1023 2032 1249 2096 κτίσεως
1293 2035 1390 2086 τοῦ
1436 2030 1608 2105 πυρὸς
1655 2027 1892 2104 ῥέοντος,
1929 2027 2005 2099 μή

351 2124 750 2200 πληρουμένης
782 2125 916 2197 (94).
951 2122 1056 2178 Καὶ
1088 2122 1247 2183 αὐτὸς
1269 2118 1326 2175 δὲ
1355 2122 1384 2175 ὁ
1413 2121 1581 2181 τόπος
1613 2116 1840 2192 πόρινός
1871 2114 2005 2172 ἐστι.

359 2213 453 2268 Διᾶ
505 2217 693 2280 τοῦτο,
720 2211 875 2291 φησὶ,
907 2211 1297 2282 καταπέτασμα
1335 2205 1477 2284 ἔχει,
1520 2206 1612 2262 τίνα
1666 2207 1741 2279 μὴ
1793 2204 1854 2260 ἐκ
1908 2210 2009 2274 τῆς

361 2297 677 2376 προσόψεως
707 2299 966 2375 ἀναλωθῇ
996 2301 1064 2356 τὰ
1092 2299 1405 2376 πράγματα.
1440 2296 1618 2358 Μόνος
1652 2292 1710 2350 δὲ
1740 2296 1768 2350 6
1795 2294 2008 2370 ἀρχάγο

357 2389 517 2464 γέλος
561 2389 866 2466 εἰσέρχεται
916 2391 1052 2466 πρὸς
1111 2389 1295 2457 αὐτὸν,
1330 2387 1394 2442 οὗ
1449 2387 1565 2442 κατ’
1596 2383 1775 2441 εἰκόνα
1829 2383 1921 2438 καὶ
1979 2383 2008 2438 6

353 2479 643 2556 ἀρχιερεὺς
694 2481 830 2551 ἅπαξ
871 2483 970 2534 τοῦ
1019 2475 1263 2534 ἐνιαυτοῦ
1312 2476 1389 2540 εἷς
1432 2477 1501 2531 τὰ
1548 2477 1671 2552 ἅγια
1697 2477 1806 2529 τῶν
1836 2471 2006 2548 ἁγίων

351 2571 547 2644 εἰσῄει.
581 2571 768 2626 Ἔνθεν
799 2569 890 2624 καὶ
923 2569 951 2623 ὁ
981 2570 1194 2638 Ἰησοῦς
1222 2565 1600 2642 παρακληθεὶς
1643 2563 2002 2632 συνεκαθέσθη

347 2664 431 2731 τῷ
484 2657 659 2732 τόπῳ,
685 2655 778 2713 ἵνα
838 2658 974 2733 μένῃ
1023 2657 1093 2712 τὰ
1141 2657 1432 2730 πράγματα
1460 2653 1551 2709 καὶ
1585 2655 1662 2727 μή
1693 2652 2005 2727 προαναστῇ

347 2745 534 2817 αὐτοῦ,
565 2747 655 2802 καὶ
689 2745 780 2802 ’ίνα
814 2747 908 2802 τὸν
951 2745 1119 2802 τόπον
1164 2746 1453 2820 ἡμερώσῃ,
1487 2743 1575 2799 καὶ
1623 2747 1705 2815 τῷ
1735 2743 2006 2816 σπέρματι

351 2833 535 2893 δίοδον
568 2836 647 2902 εἰς
675 2835 967 2913 Πλήρωμα
991 2840 1274 2911 παράσχῃ.

423 2928 542 2983 ΛΘ’.
593 2927 657 2984 Ἦ
694 2929 881 3002 μήτηρ
926 2920 1280 3001 προϐαλοῦσα
1334 2923 1425 2978 τὸν
1475 2921 1704 2996 Χριστὸν
1757 2915 2005 2991 ὁλόκλη-

345 3037 465 3093 ρον,
495 3016 588 3071 καὶ
621 3016 710 3071 ὑπ’
740 3014 906 3071 αὐτοῦ
937 3013 1374 3089 καταλειφθεῖσα,
1405 3016 1504 3067 τοῦ
1535 3009 1735 3066 λοιποῦ
1780 3010 1880 3065 οὐκ
1926 3007 2004 3064 ἔτι

346 3103 501 3161 οὐδέν
535 3100 840 3182 προέϐαλεν
869 3102 1209 3178 ὁλόκληρον,
1239 3101 1387 3157 ἀλλᾶ
1431 3103 1498 3156 τὰ
1529 3098 1729 3156 δυνατὰ
1761 3100 1887 3176 παρ’
1907 3098 2005 3153 αὐ-

342 3199 415 3270 τῇ
451 3194 718 3271 παρέσχεν
739 3214 751 3227 ·
787 3193 925 3249 ὥστε
952 3193 1041 3248 καὶ
1070 3197 1168 3248 τοῦ
1196 3193 1370 3247 τόπου
1399 3191 1490 3245 καὶ
1518 3195 1625 3244 τῶν
1654 3187 1881 3264 κλήρων
1910 3186 2001 3242 οῦν

2106 595 2374 667 ingressa
2404 597 2538 670 est),
2567 600 2882 657 verisimile
2912 608 3001 658 est
3044 606 3196 677 quod
3232 624 3334 678 pro
3369 610 3538 665 nobis
3569 617 3759 667 orent.

2178 685 2436 740 XXXVI.
2490 687 2549 741 In
2601 689 2880 745 unitatem
2933 697 3151 761 tamen,
3185 695 3374 763 aiunt,
3417 699 3605 770 angeli
3660 717 3763 754 no-

2109 775 2211 828 stri
2246 775 2492 846 ingressi
2530 779 2793 848 producti
2827 787 2984 847 sunt,
3022 787 3082 836 ut
3112 783 3212 854 qui
3264 787 3334 840 ab
3380 803 3495 842 uno
3530 804 3764 859 proces-

2110 869 2334 917 serunt.
2369 866 2656 929 Quoniam
2690 884 2819 923 vero
2852 887 2958 924 nos
2988 887 3224 927 eramus
3273 875 3374 945 qui
3425 877 3594 932 divisi
3635 877 3765 932 fue-

2110 968 2330 1020 ramus,
2364 969 2490 1008 eam
2534 957 2606 1009 ob
2647 972 2883 1012 causam
2936 958 3108 1015 Jesus
3161 963 3488 1033 baptizatus
3532 968 3642 1035 est,
3677 965 3762 1020 uti

2109 1043 2260 1111 quod
2298 1042 2407 1096 luit
2438 1042 2756 1100 indivisum
2791 1047 3169 1120 divideretur,
3193 1051 3376 1108 donec
3400 1052 3516 1108 illis
3543 1055 3600 1109 in
3637 1055 3764 1110 Ple-

2112 1128 2381 1184 nitudine
2410 1135 2466 1186 et
2497 1148 2603 1187 nos
2635 1135 2850 1202 uniret,
2885 1140 2948 1190 ut
2995 1154 3099 1192 nos
3147 1139 3315 1193 multi
3368 1158 3550 1197 unum
3605 1143 3760 1212 facti,

2112 1234 2318 1274 omnes
2352 1220 2476 1288 uni,
2501 1222 2597 1293 qui
2623 1240 2729 1294 pro
2751 1226 2921 1281 nobis
2951 1227 3178 1284 divisus
3208 1235 3349 1298 erat,
3376 1234 3764 1292 commiscea-

2115 1324 2270 1363 mur.

2186 1397 2450 1455 XXXVII.
2486 1400 2592 1465 Qui
2627 1401 2864 1472 quidem
2898 1405 3102 1461 Adami
3134 1413 3272 1464 sunt
3303 1411 3542 1482 posteri,
3577 1430 3643 1468 ex
3674 1413 3766 1472 his

2114 1487 2380 1543 nonnulli
2405 1489 2553 1560 justi
2578 1497 2737 1558 sunt,
2763 1494 3043 1550 nimirum
3076 1498 3175 1567 qui
3212 1515 3314 1570 per
3338 1507 3529 1557 creata
3549 1504 3660 1560 iter
3680 1504 3767 1560 fa-

2115 1576 2337 1633 cientes
2385 1596 2418 1633 a
2467 1580 2592 1635 loco
2645 1581 2875 1637 fuerant
2923 1585 3164 1655 detenti,
3198 1590 3525 1646 secundum
3553 1591 3768 1649 Valen-

2115 1665 2223 1719 tini
2257 1683 2541 1737 sequaces
2577 1686 2590 1724 :
2622 1668 2720 1724 alii
2755 1676 2948 1726 autem
2976 1673 3037 1728 in
3070 1677 3448 1735 tenebrarum
3481 1687 3675 1738 creato
3706 1682 3766 1738 in

2115 1753 2396 1824 sinistris,
2427 1757 2526 1828 qui
2559 1758 2714 1829 ignis
2745 1776 2920 1816 sensu
2955 1768 3095 1816 sunt
3123 1765 3334 1820 atl'ecti.

2186 1842 2476 1900 XXXVIII.
2512 1845 2752 1903 Fluvius
2800 1847 3009 1920 igneus
3041 1853 3152 1907 sub
3184 1853 3396 1910 throno
3427 1855 3535 1912 loci
3567 1857 3771 1931 ingre-

2119 1931 2410 2003 diebatur,
2445 1939 2502 1988 et
2534 1934 2666 1990 ﬂuit
2714 1937 2770 1990 in
2824 1939 3128 1995 cavitatem
3162 1944 3359 2012 creati,
3393 1961 3520 2015 qua
3553 1953 3642 2002 est
3666 1964 3766 2020 ge-

2119 2019 2333 2088 henna,
2358 2038 2605 2094 quaeque
2626 2041 2659 2078 a
2683 2033 2960 2098 perpetuo
2983 2029 3137 2100 ignis
3173 2031 3330 2087 fluxu
3363 2033 3518 2089 haud
3551 2019 3770 2108 imple-

2117 2110 2488 2182 tur.lnsuper
2506 2112 2737 2169 locutus
2758 2114 2882 2186 ipse
2902 2116 3110 2188 igneus
3133 2130 3236 2175 esl.
3265 2121 3765 2195 Propterea,dicit,

2117 2201 2379 2256 velamen
2435 2203 2612 2259 habet
2643 2209 2706 2259 ut
2747 2223 2816 2261 ex
2858 2214 3170 2280 conspectu
3234 2229 3325 2269 res
3384 2232 3498 2270 non
3558 2216 3770 2274 dissol-

2118 2295 2350 2346 vantur.
2384 2291 2559 2348 Solus
2591 2310 2723 2351 vero
2753 2296 3138 2370 archangelus
3185 2302 3255 2356 ad
3303 2302 3472 2359 illum
3505 2305 3771 2377 ingredi-

2118 2382 2235 2447 tur,
2268 2381 2380 2436 sub
2412 2382 2583 2452 cujus
2614 2385 2868 2456 imagine
2903 2388 3156 2457 pontifex
3185 2391 3367 2446 semel
3411 2393 3469 2447 in
3521 2411 3674 2449 anno
3706 2396 3767 2450 in

2117 2468 2328 2524 Sancta
2357 2475 2696 2528 sanctorum
2726 2473 3184 2547 ingrediebatur.
3219 2480 3359 2535 Inde
3389 2481 3562 2538 etiam
3595 2483 3771 2540 Jesus

2117 2564 2392 2615 evocatus
2423 2559 2548 2616 loco
2578 2563 2862 2634 consedit,
2889 2570 2950 2619 ut
2981 2582 3073 2620 res
3097 2574 3373 2624 maneant
3402 2576 3459 2626 et
3488 2589 3600 2628 non
3636 2579 3771 2628 ante

2118 2647 2304 2718 ipsum
2339 2654 2602 2722 surgant,
2639 2657 2821 2723 utque
2851 2651 3045 2709 locum
3080 2659 3524 2732 mansuefaciat,
3559 2666 3621 2716 ut
3669 2663 3770 2718 de-

2119 2736 2297 2807 nique
2344 2739 2555 2794 semini
2605 2743 2922 2798 transitum
2971 2743 3030 2798 in
3082 2746 3512 2804 Plenitudinem
3545 2753 3770 2823 praabe-

2117 2831 2222 2881 ret.

2185 2914 2432 2972 XXXlX.
2457 2922 2637 2974 Mater
2657 2924 2970 2991 postquam
2995 2921 3296 2980 Christum
3319 2925 3610 3000 integrum
3638 2945 3771 3000 pro-

2115 3006 2380 3069 duxerat,
2401 3012 2458 3063 et
2480 3009 2551 3063 ab
2564 3009 2762 3064 eodem
2789 3010 2900 3064 fuit
2922 3012 3218 3085 derelicta,
3244 3020 3447 3086 postea
3471 3017 3616 3073 nihil
3641 3035 3766 3076 am-

2116 3095 2271 3166 plius
2294 3096 2587 3169 integrum
2604 3098 2973 3170 protulit,sed
2992 3100 3370 3174 illa,quorum
3388 3121 3668 3163 concessa
3680 3113 3772 3165 est

2115 3183 2198 3238 illi
2235 3185 2503 3251 facultas,
2539 3187 2808 3258 praebuit.
2839 3193 3044 3261 Itaque
3075 3191 3298 3264 absque
3328 3193 3454 3251 loco
3477 3195 3769 3270 clerisque

343 3255 413 3341 τα
462 3255 730 3360 ἀγγελῖκά
772 3283 908 3354 αὐτή
958 3277 1374 3360 προϐάλλουσα,
1427 3280 1554 3356 παρ’
1604 3279 1738 3352 αὐτῇ
1783 3278 2001 3353 κατέχει

2124 3289 2250 3328 cum
2298 3274 2427 3346 ipsa
2467 3255 2706 3347 angelos
2753 3255 3131 3349 produxerat,
3163 3255 3315 3353 apud
3372 3300 3433 3339 se
3483 3255 3765 3354 continet,

341 3377 453 3429 τῶν
512 3372 783 3429 έκλεκτῶν
835 3378 943 3428 τῶν
1001 3370 1308 3448 ἆγγελικῶν
1360 3370 1464 3425 ὑπὸ
1511 3372 1610 3424 τοῦ
1659 3366 1877 3445 ἄρῥενος
1927 3361 2006 3421 ἔτι

350 3463 619 3539 πρότερον
651 3457 1147 3539 προϐεϐλημένων.

423 3555 516 3611 Μ’.
545 3552 622 3607 Τὰ
654 3553 751 3626 μὲν
783 3553 886 3629 γὰρ
921 3550 1066 3625 δεξιὰ
1093 3551 1201 3626 πρὸ
1248 3555 1348 3619 τῆς
1373 3552 1470 3604 τοῦ
1500 3548 1681 3626 φωτὸς
1739 3545 2008 3617 αἰτήσεως

343 3643 670 3720 προηνέχθη
709 3642 812 3698 ὑπὸ
841 3649 940 3712 τῆς
986 3639 1218 3718 μητρός,
1239 3639 1306 3694 τὰ
1337 3636 1394 3693 δὲ
1433 3636 1714 3713 σπέρματα
1741 3643 1843 3706 τῆς
1884 3636 2006 3692 Ἐκ-

345 3731 606 3804 κλησίας,
641 3733 779 3805 μετὰ
827 3733 930 3802 τήν
977 3734 1074 3786 τοῦ
1119 3728 1301 3809 φωτὸς
1344 3726 1578 3798 αἴτησιν,
1612 3727 1702 3782 ὅτε
1752 3725 1855 3781 ὑπὸ
1908 3727 2007 3780 τοῦ

349 3819 578 3899 ἅρῥενος
605 3821 674 3877 τὰ
701 3820 972 3897 ἀγγελικᾶ
998 3824 1108 3876 τῶν
1142 3816 1466 3896 σπερμάτων
1500 3810 1860 3892 προεϐάλετο.

424 3912 560 3969 MA'.
620 3910 704 3968 Τὰ
759 3907 1083 3989 διαφέροντα
1155 3908 1461 3983 σπέρματα,
1518 3906 1673 3984 φησὶ,
1735 3906 1875 3978 μήτε
1933 3903 2008 3967 ὡς

349 3999 523 4073 πάθη,
555 4001 632 4054 ὧν
679 4001 990 4073 Λυομένων,
1020 3997 1289 4068 συνελύθη
1325 3995 1384 4050 ἂν
1421 3995 1510 4050 καὶ
1556 3996 1623 4050 τὰ
1675 3993 1958 4070 σπέρματα
1989 4014 2003 4028 ·

355 4090 497 4161 μήτε
527 4087 602 4150 ὡς
626 4087 801 4143 κτίσιν
834 4085 1293 4162 προεληλυθέναι,
1327 4081 1455 4139 ἀλλ’
1486 4084 1562 4148 ὡς
1588 4084 1766 4140 τέκνα.
1797 4085 2004 4158 Ἀπαρ-

345 4178 640 4250 τιζομένης
669 4177 772 4254 γὰρ
819 4183 921 4246 τῆς
965 4175 1212 4245 κτίσεως,
1244 4172 1648 4248 συναπηρτίσθη
1701 4170 1760 4227 ἂν
1805 4172 1894 4227 καὶ
1942 4171 2011 4226 τὰ

355 4267 636 4343 σπέρματα
659 4286 672 4299 ο
709 4264 793 4322 διὸ
832 4265 921 4320 καί
951 4267 1052 4336 τὴν
1078 4263 1388 4334 οἰκειότητα
1417 4261 1534 4338 ἔχει
1583 4263 1718 4338 πρὸς
1763 4263 1824 4316 τὸ
1867 4265 2006 4338 φῶς,

355 4355 386 4409 '6
415 4361 629 4432 πρῶτον
670 4357 979 4432 προήγαγε,
1007 4353 1252 4410 τουτέστι
1298 4352 1391 4406 τὸν
1439 4353 1673 4422 Ἰησοῦν,
1706 4353 1734 4406 6
1777 4351 2009 4421 αἴτησά-

357 4464 516 4516 μενος
563 4445 692 4507 τοὺς
742 4442 956 4505 Αἶῶνας
1005 4443 1258 4520 Χριστὸς,
1291 4439 1344 4496 ἐν
1373 4441 1419 4513 ᾧ
1460 4437 1815 4510 συνδιυλίσθη
1871 4439 2011 4494 κατὰ

355 4530 581 4608 δύναμιν
631 4535 721 4590 καὶ
777 4533 842 4588 τὰ
896 4531 1180 4609 σπέρματα
1232 4525 1562 4594 συνελθόντα
1610 4527 1759 4602 αὐτῷ
1816 4527 1892 4591 εἰς
1945 4529 2008 4584 τὸ

2114 3362 2314 3418 electis
2344 3363 2686 3436 angelorum
2711 3383 2743 3421 a
2766 3366 3029 3424 masculo
3065 3369 3230 3440 prius
3258 3373 3582 3442 productis.

2185 3541 2296 3597 XL.
2334 3543 2540 3599 Dextra
2583 3543 2818 3614 quidem
2851 3549 2984 3601 ante
3019 3547 3166 3603 lucis
3199 3549 3539 3620 petitionem
3572 3569 3606 3608 a
3638 3570 3767 3610 ma-

2113 3636 2204 3688 tre
2235 3632 2474 3688 fuerunt
2521 3633 2822 3705 producta,
2868 3636 3096 3692 semina
3139 3654 3273 3695 vero
3322 3639 3589 3696 Ecclesia
3639 3645 3773 3714 post

2116 3722 2266 3778 lucis
2298 3722 2662 3794 petitionem,
2695 3738 2829 3779 cum
2861 3741 2894 3780 a
2921 3726 3182 3782 masculo
3231 3729 3459 3786 semina
3506 3731 3773 3804 angelica

2117 3812 2401 3884 producta
2433 3817 2590 3867 sunt.

2186 3907 2250 3972 ›ι‹
2278 3899 2412 3955 XLI.
2438 3899 2794 3956 Excellentia
2825 3903 3067 3968 semina,
3105 3904 3205 3976 ait,
3236 3922 3340 3961 nec
3389 3911 3456 3962 ut
3503 3908 3775 3982 affectus,

2117 3990 2330 4062 quibus
2360 3989 2570 4046 solutis
2603 3995 2660 4046 et
2687 3991 2915 4047 semina
2965 4011 3083 4049 una
3130 3993 3532 4066 solverentur;
3586 4016 3776 4072 neque

2116 4083 2180 4132 ut
2203 4081 2472 4132 creatura
2499 4079 2763 4148 quaedam
2797 4080 3163 4152 prodierunt,
3186 4084 3286 4138 sed
3313 4089 3378 4143 ut
3402 4085 3776 4159 filii.0uippe

2117 4166 2409 4222 creatione
2438 4165 2652 4232 soluta,
2677 4168 2901 4224 semina
2921 4186 3154 4241 quoque
3172 4171 3352 4226 simul
3375 4178 3514 4230 sunt
3535 4173 3770 4232 soluta:

2118 4261 2477 4328 quapr0pter
2495 4255 2670 4311 etiam
2695 4273 2826 4312 cum
2851 4257 2978 4313 luce
3001 4260 3493 4317 necessitudinem
3529 4263 3774 4330 habent,

2119 4361 2296 4418 quam
2331 4345 2520 4417 primo
2553 4345 2846 4416 produxit,
2871 4363 3082 4418 nempe
3109 4347 3336 4413 Jesum,
3367 4350 3638 4408 Christus
3669 4355 3768 4426 qui

2117 4441 2328 4492 Eonas
2359 4433 2543 4504 petiit,
2575 4433 2633 4487 in
2667 4450 2782 4504 quo
2813 4440 2870 4489 et
2899 4435 3127 4491 semina
3156 4453 3289 4492 cum
3325 4454 3392 4494 eo
3423 4439 3482 4494 in
3515 4440 3773 4498 Plenitu-

2120 4525 2314 4580 dinem
2349 4522 2634 4594 ingressa,
2668 4521 2939 4578 similiter
2969 4541 3072 4596 pro
3098 4525 3251 4580 virili
3283 4527 3562 4586 defaecata
3610 4536 3772 4604 sunt,

351 4622 646 4700 Πλήρωμα
678 4643 691 4658 ·
726 4622 866 4679 διότι
897 4622 1003 4698 πρὸ
1044 4615 1359 4689 καταϐολῆς
1389 4618 1602 4692 κόσμου
1643 4617 1868 4681 εἷκότως
1915 4614 2004 4672 λέ-

2124 4611 2392 4686 quoniam
2411 4615 2544 4666 ante
2558 4610 2720 4681 jacta
2751 4613 2958 4667 mundi
2992 4615 3378 4673 fundamenta
3408 4621 3615 4674 merito
3633 4621 3777 4676 dici-

346 4734 498 4790 γεται
529 4715 564 4784 ἡ
599 4712 900 4785 Ἐκκλησία
930 4708 1278 4786 ἐκλελέχθαι.
1312 4711 1402 4766 Ἐν
1432 4707 1581 4783 ἀρχῇ
1630 4708 1812 4762 τοίνυν
1859 4728 2011 4762 συνε-

349 4800 714 4880 λογίσθημεν,
773 4801 924 4880 φασὶ,
970 4801 1061 4856 καὶ
1118 4798 1557 4878 ἐφανερώθημεν.
1616 4797 1715 4852 Διὰ
1764 4799 1931 4853 τοῦτο
1980 4797 2009 4852 6

349 4899 552 4971 Σωτὴρ
585 4891 732 4969 λέγει
767 4911 780 4926 ·
815 4891 1100 4967 Λαμψάτω
1138 4889 1202 4944 τὸ
1233 4892 1347 4967 φῶς
1400 4888 1578 4961 ὑμῶν,
1612 4885 1834 4960 μηνύων
1884 4887 2009 4963 περὶ

342 4987 444 5038 τοῦ
477 4983 661 5059 φωτὸς
714 4986 812 5037 τοῦ
866 4981 1124 5059 φανέντος
1183 4978 1273 5033 καὶ
1322 4977 1737 5055 μορφώσαντος,
1766 4973 1890 5052 περί
1948 4974 2010 5030 οὗ

349 5070 697 5135 Ἀπόστολος
756 5071 926 5148 λέγει,
957 5075 1024 5128 "0
1075 5068 1300 5148 φωτίζει
1345 5067 1521 5122 πάντα
1575 5063 1862 5142 ἄνθρωπον
1921 5064 2013 5141 ἐρ-

351 5177 589 5234 χόμενον
647 5159 726 5223 εἷς
779 5160 872 5215 τὸν
929 5157 1160 5231 κόσμον,
1181 5157 1272 5212 τὸν
1298 5159 1396 5211 τοῦ
1445 5151 1710 5232 διαφόρου
1759 5154 2011 5228 σπέρμα-

347 5268 466 5312 τος.
509 5251 634 5307 Ὅτε
684 5249 788 5327 γὰρ
843 5246 1113 5323 ἐφωτίσθη
1175 5247 1203 5301 6
1255 5246 1567 5318 ἄνθρωπος,
1610 5243 1735 5298 τότε
1791 5241 1867 5308 εἷς
1915 5244 2008 5298 τὸν

344 5336 552 5412 κόσμον
611 5336 772 5409 ἦλθε,
829 5337 1105 5392 τουτέστιν
1164 5334 1353 5391 ἑαυτὸν
1412 5331 1705 5407 έκόσμησε,
1767 5331 2012 5408 χωρίσας

344 5427 514 5485 αὐτοῦ
566 5428 636 5485 τὰ
695 5427 1085 5484 ἐπισκοτοῦντα
1140 5424 1230 5481 καὶ
1290 5422 1806 5498 συναναμεμιγμένα
1861 5419 2010 5495 αὐτῷ

2116 4707 2213 4758 tur
2235 4700 2492 4756 Ecclesia
2513 4700 2696 4756 fuisse
2717 4700 2920 4757 electa.
2948 4703 3144 4774 Itaque
3165 4703 3223 4760 in
3248 4706 3555 4779 principio,
3583 4709 3773 4776 aiunt,

2119 4796 2178 4848 et
2226 4807 2331 4846 nos
2384 4789 2553 4846 electi
2602 4789 3083 4865 manifestatique
3134 4812 3364 4852 sumus.
3400 4799 3548 4854 Dicit
3593 4799 3776 4870 igitur

2120 4881 2381 4938 Salvator
2413 4897 2426 4936 :
2457 4879 2751 4950 Splendeat
2780 4881 2882 4937 lux
2908 4888 3095 4939 vestra
3126 4883 3224 4958 (α),
3249 4885 3518 4944 indicans
3548 4904 3651 4943 seu
3684 4887 3776 4945 lo-

2119 4987 2309 5043 quens
2341 4969 2412 5025 de
2437 4967 2566 5026 luce
2621 4969 2783 5026 illius
2813 4972 2913 5042 qui
2945 4975 3219 5044 apparuit
3239 4980 3294 5030 et
3315 4975 3773 5046 transformavit,

2120 5060 2191 5116 de
2239 5076 2358 5132 quo
2407 5058 2710 5130 apostolus
2756 5060 2994 5131 inquit:
3046 5063 3159 5131 Qui
3214 5063 3505 5119 illuminat
3559 5080 3776 5122 omnem

2121 5150 2397 5206 hominem
2423 5146 2731 5204 venientem
2749 5148 2812 5204 in
2834 5150 3108 5206 mundum
3131 5151 3225 5222 (ὁ),
3247 5153 3354 5208 hoc
3374 5158 3462 5210 est
3481 5154 3772 5211 mundum

2118 5237 2366 5297 seminis
2398 5237 2759 5294 excellentis.
2783 5239 2930 5295 Cum
2961 5243 3117 5296 enim
3149 5239 3520 5298 illuminatus
3549 5247 3639 5298 est
3670 5244 3777 5299 ho-

2121 5347 2240 5397 mo,
2271 5334 2414 5384 tunc
2442 5328 2503 5383 in
2535 5329 2826 5384 mundum
2866 5329 3042 5400 venit,
3074 5329 3182 5386 hoc
3230 5335 3338 5400 est,
3369 5331 3632 5403 seipsum
3678 5349 3774 5388 or-

2120 5419 2284 5476 navit
2311 5417 2600 5490 separatis
2621 5434 2654 5473 ε
2675 5433 2737 5474 se
2773 5418 3026 5474 tenebris
3055 5423 3114 5474 et
3146 5417 3521 5491 passionibus
3551 5419 3637 5476 illi
3671 5421 3776 5477 ad-

423 5576 582 5642 ›ι‹Ρ.
614 5577 723 5632 969
755 5575 874 5632 ED.
909 5571 1206 5631 POTTER.
1284 5570 1362 5643 (α)
1394 5569 1600 5627 Matth.
1635 5585 1692 5636 ν,
1727 5568 1811 5623 16.
1893 5568 2007 5639 (ως

2124 5583 2165 5622 1.
2199 5582 2239 5632 1,
2269 5563 2325 5619 9.

420 5723 534 5796 (94)
566 5719 990 5798 Πληρουμινης.
1023 5716 1412 5777 Scribendum
1444 5714 1646 5789 potius
1676 5710 2004 5788 πληρουμέν

2124 5713 2168 5767 it
2197 5707 2488 5765 referatur
2515 5704 2588 5760 ad
2617 5700 2824 5777 γέεννα.
