  <div class='ocr_page' id='page_1' title='image "/cluster/home/n/w/nwhite01/storage/ocr_20150623/9/coo.31924054872886/347.png"; bbox 0 0 4124 6408; ppageno 0'>
   <div class='ocr_carea' id='block_1_1' title="bbox 373 414 484 470">
    <p class='ocr_par' dir='ltr' id='par_1_1' title="bbox 373 414 484 470">
     <span class='ocr_line' id='line_1_1' title="bbox 373 414 484 470; baseline -0.009 0"><span class='ocrx_word' id='word_1_1' title='bbox 373 414 484 470; x_wconf 83' lang='lat'><strong>679</strong></span> 
     </span>
    </p>
   </div>
   <div class='ocr_carea' id='block_1_2' title="bbox 1606 413 2557 471">
    <p class='ocr_par' dir='ltr' id='par_1_2' title="bbox 1606 413 2557 471">
     <span class='ocr_line' id='line_1_2' title="bbox 1606 413 2557 471; baseline -0.001 0"><span class='ocrx_word' id='word_1_2' title='bbox 1606 413 2017 471; x_wconf 76' lang='lat' dir='ltr'><strong>CLEMENTIB</strong></span> <span class='ocrx_word' id='word_1_3' title='bbox 2052 414 2557 470; x_wconf 76' lang='lat' dir='ltr'><strong>ALEXANDRINI</strong></span> 
     </span>
    </p>
   </div>
   <div class='ocr_carea' id='block_1_3' title="bbox 3690 414 3800 471">
    <p class='ocr_par' dir='ltr' id='par_1_3' title="bbox 3690 414 3800 471">
     <span class='ocr_line' id='line_1_3' title="bbox 3690 414 3800 471; baseline 0 0"><span class='ocrx_word' id='word_1_4' title='bbox 3690 414 3800 471; x_wconf 83' lang='lat'>680</span> 
     </span>
    </p>
   </div>
   <div class='ocr_carea' id='block_1_4' title="bbox 376 533 2017 613">
    <p class='ocr_par' dir='ltr' id='par_1_4' title="bbox 376 535 2008 611">
     <span class='ocr_line' id='line_1_4' title="bbox 376 535 2008 611; baseline -0.004 -14"><span class='ocrx_word' id='word_1_5' title='bbox 376 539 569 598; x_wconf 83' lang='lat' dir='ltr'><strong>mistis</strong></span> <span class='ocrx_word' id='word_1_6' title='bbox 593 540 882 597; x_wconf 82' lang='lat' dir='ltr'><strong>Adamum</strong></span> <span class='ocrx_word' id='word_1_7' title='bbox 913 554 1146 611; x_wconf 90' lang='lat' dir='ltr'><strong>quoque</strong></span> <span class='ocrx_word' id='word_1_8' title='bbox 1176 552 1311 592; x_wconf 89' lang='lat' dir='ltr'><strong>cum</strong></span> <span class='ocrx_word' id='word_1_9' title='bbox 1362 535 1420 592; x_wconf 89' lang='lat' dir='ltr'><strong>in</strong></span> <span class='ocrx_word' id='word_1_10' title='bbox 1473 540 1669 593; x_wconf 80' lang='lat' dir='ltr'>mente</span> <span class='ocrx_word' id='word_1_11' title='bbox 1707 536 2008 592; x_wconf 91' lang='lat' dir='ltr'><strong>continere</strong></span> 
     </span>
    </p>
   </div>
   <div class='ocr_carea' id='block_1_5' title="bbox 2138 533 3801 613">
    <p class='ocr_par' dir='ltr' id='par_1_5' title="bbox 2145 533 3801 613">
     <span class='ocr_line' id='line_1_5' title="bbox 2145 533 3801 613; baseline 0.004 -26"><span class='ocrx_word' id='word_1_12' title='bbox 2145 534 2313 605; x_wconf 86' lang='grc' dir='ltr'>πάθη.</span> <span class='ocrx_word' id='word_1_13' title='bbox 2350 534 2452 591; x_wconf 80' lang='grc' dir='ltr'>Καὶ</span> <span class='ocrx_word' id='word_1_14' title='bbox 2501 536 2594 590; x_wconf 84' lang='grc' dir='ltr'>τὸν</span> <span class='ocrx_word' id='word_1_15' title='bbox 2628 533 2807 610; x_wconf 71' lang='grc' dir='ltr'>Ἀδὰμ</span> <span class='ocrx_word' id='word_1_16' title='bbox 2835 536 2864 591; x_wconf 90' lang='lat'><strong>6</strong></span> <span class='ocrx_word' id='word_1_17' title='bbox 2899 535 3244 613; x_wconf 81' lang='grc' dir='ltr'>Δημιουργὸς</span> <span class='ocrx_word' id='word_1_18' title='bbox 3294 534 3474 609; x_wconf 78' lang='grc' dir='ltr'>ἐννοίᾳ</span> <span class='ocrx_word' id='word_1_19' title='bbox 3514 538 3801 613; x_wconf 80' lang='grc' dir='ltr'><strong>προσχὼν,</strong></span> 
     </span>
    </p>
   </div>
   <div class='ocr_carea' id='block_1_6' title="bbox 376 624 2027 701">
    <p class='ocr_par' dir='ltr' id='par_1_6' title="bbox 376 624 2027 701">
     <span class='ocr_line' id='line_1_6' title="bbox 376 624 2027 701; baseline -0.003 -15"><span class='ocrx_word' id='word_1_20' title='bbox 376 630 752 701; x_wconf 87' lang='lat' dir='ltr'><strong>Demiurgus,</strong></span> <span class='ocrx_word' id='word_1_21' title='bbox 788 645 889 685; x_wconf 86' lang='lat' dir='ltr'><strong>seu</strong></span> <span class='ocrx_word' id='word_1_22' title='bbox 931 644 1127 683; x_wconf 88' lang='lat' dir='ltr'><strong>rerum</strong></span> <span class='ocrx_word' id='word_1_23' title='bbox 1158 625 1448 697; x_wconf 90' lang='lat' dir='ltr'><strong>conditor,</strong></span> <span class='ocrx_word' id='word_1_24' title='bbox 1478 625 1539 681; x_wconf 90' lang='lat' dir='ltr'><strong>in</strong></span> <span class='ocrx_word' id='word_1_25' title='bbox 1571 626 1687 681; x_wconf 83' lang='lat' dir='ltr'><strong>{ine</strong></span> <span class='ocrx_word' id='word_1_26' title='bbox 1716 624 2027 682; x_wconf 83' lang='lat' dir='ltr'><strong>oreationis</strong></span> 
     </span>
    </p>
   </div>
   <div class='ocr_carea' id='block_1_7' title="bbox 375 716 971 791">
    <p class='ocr_par' dir='ltr' id='par_1_7' title="bbox 375 716 971 791">
     <span class='ocr_line' id='line_1_7' title="bbox 375 716 971 791; baseline -0.008 -15"><span class='ocrx_word' id='word_1_27' title='bbox 375 720 644 776; x_wconf 89' lang='lat' dir='ltr'><strong>eumdem</strong></span> <span class='ocrx_word' id='word_1_28' title='bbox 677 716 971 791; x_wconf 81' lang='lat' dir='ltr'><strong>produxit.</strong></span> 
     </span>
    </p>
   </div>
   <div class='ocr_carea' id='block_1_8' title="bbox 450 803 2031 878">
    <p class='ocr_par' dir='ltr' id='par_1_8' title="bbox 450 803 2031 878">
     <span class='ocr_line' id='line_1_8' title="bbox 450 803 2031 878; baseline -0.004 -13"><span class='ocrx_word' id='word_1_29' title='bbox 450 808 624 865; x_wconf 85' lang='lat' dir='ltr'><strong>XLII.</strong></span> <span class='ocrx_word' id='word_1_30' title='bbox 658 812 811 862; x_wconf 83' lang='lat' dir='ltr'><strong>Crux</strong></span> <span class='ocrx_word' id='word_1_31' title='bbox 846 804 1084 862; x_wconf 79' lang='lat' dir='ltr'><strong>termini</strong></span> <span class='ocrx_word' id='word_1_32' title='bbox 1141 805 1390 878; x_wconf 79' lang='lat' dir='ltr'><strong>hujusce</strong></span> <span class='ocrx_word' id='word_1_33' title='bbox 1440 804 1541 878; x_wconf 88' lang='lat' dir='ltr'><strong>qui</strong></span> <span class='ocrx_word' id='word_1_34' title='bbox 1593 805 1651 861; x_wconf 92' lang='lat' dir='ltr'><strong>in</strong></span> <span class='ocrx_word' id='word_1_35' title='bbox 1705 803 2031 861; x_wconf 88' lang='lat' dir='ltr'><strong>Pleromate</strong></span> 
     </span>
    </p>
   </div>
   <div class='ocr_carea' id='block_1_9' title="bbox 379 893 2031 965">
    <p class='ocr_par' dir='ltr' id='par_1_9' title="bbox 379 893 2031 965">
     <span class='ocr_line' id='line_1_9' title="bbox 379 893 2031 965; baseline -0.004 -11"><span class='ocrx_word' id='word_1_36' title='bbox 379 915 480 954; x_wconf 91' lang='lat' dir='ltr'><strong>seu</strong></span> <span class='ocrx_word' id='word_1_37' title='bbox 514 896 883 953; x_wconf 83' lang='lat' dir='ltr'><strong>Plenitudine</strong></span> <span class='ocrx_word' id='word_1_38' title='bbox 913 900 1023 961; x_wconf 89' lang='lat' dir='ltr'><strong>est,</strong></span> <span class='ocrx_word' id='word_1_39' title='bbox 1057 896 1291 965; x_wconf 82' lang='lat' dir='ltr'><strong>signum</strong></span> <span class='ocrx_word' id='word_1_40' title='bbox 1337 900 1460 963; x_wconf 86' lang='lat' dir='ltr'><strong>est;</strong></span> <span class='ocrx_word' id='word_1_41' title='bbox 1512 893 1779 950; x_wconf 81' lang='lat' dir='ltr'><strong>inﬁdeles</strong></span> <span class='ocrx_word' id='word_1_42' title='bbox 1808 893 1965 949; x_wconf 89' lang='lat' dir='ltr'><strong>enim</strong></span> <span class='ocrx_word' id='word_1_43' title='bbox 1997 910 2031 948; x_wconf 91' lang='lat' dir='ltr'><strong>a</strong></span> 
     </span>
    </p>
   </div>
   <div class='ocr_carea' id='block_1_10' title="bbox 378 982 2026 1058">
    <p class='ocr_par' dir='ltr' id='par_1_10' title="bbox 378 982 2026 1058">
     <span class='ocr_line' id='line_1_10' title="bbox 378 982 2026 1058; baseline -0.003 -16"><span class='ocrx_word' id='word_1_44' title='bbox 378 986 652 1043; x_wconf 83' lang='lat' dir='ltr'><strong>ﬁdelibus</strong></span> <span class='ocrx_word' id='word_1_45' title='bbox 701 993 956 1058; x_wconf 89' lang='lat' dir='ltr'><strong>separat,</strong></span> <span class='ocrx_word' id='word_1_46' title='bbox 986 990 1049 1041; x_wconf 89' lang='lat' dir='ltr'><strong>ut</strong></span> <span class='ocrx_word' id='word_1_47' title='bbox 1100 984 1199 1040; x_wconf 91' lang='lat' dir='ltr'><strong>ille</strong></span> <span class='ocrx_word' id='word_1_48' title='bbox 1248 985 1537 1040; x_wconf 92' lang='lat' dir='ltr'><strong>mundum</strong></span> <span class='ocrx_word' id='word_1_49' title='bbox 1570 1001 1604 1040; x_wconf 90' lang='lat' dir='ltr'><strong>a</strong></span> <span class='ocrx_word' id='word_1_50' title='bbox 1636 982 2026 1039; x_wconf 90' lang='lat' dir='ltr'><strong>Plenitudine.</strong></span> 
     </span>
    </p>
   </div>
   <div class='ocr_carea' id='block_1_11' title="bbox 380 1071 2029 1147">
    <p class='ocr_par' dir='ltr' id='par_1_11' title="bbox 380 1071 2029 1147">
     <span class='ocr_line' id='line_1_11' title="bbox 380 1071 2029 1147; baseline -0.002 -16"><span class='ocrx_word' id='word_1_51' title='bbox 380 1077 656 1147; x_wconf 82' lang='lat' dir='ltr'><strong>ﬂancque</strong></span> <span class='ocrx_word' id='word_1_52' title='bbox 676 1077 749 1131; x_wconf 92' lang='lat' dir='ltr'><strong>ob</strong></span> <span class='ocrx_word' id='word_1_53' title='bbox 771 1091 1011 1131; x_wconf 82' lang='lat' dir='ltr'><strong>causam</strong></span> <span class='ocrx_word' id='word_1_54' title='bbox 1035 1075 1266 1130; x_wconf 89' lang='lat' dir='ltr'><strong>semina</strong></span> <span class='ocrx_word' id='word_1_55' title='bbox 1288 1090 1390 1146; x_wconf 91' lang='lat' dir='ltr'><strong>per</strong></span> <span class='ocrx_word' id='word_1_56' title='bbox 1409 1074 1646 1144; x_wconf 85' lang='lat' dir='ltr'><strong>signum</strong></span> <span class='ocrx_word' id='word_1_57' title='bbox 1670 1072 1731 1127; x_wconf 93' lang='lat' dir='ltr'><strong>in</strong></span> <span class='ocrx_word' id='word_1_58' title='bbox 1749 1071 2029 1127; x_wconf 87' lang='lat' dir='ltr'><strong>humeros</strong></span> 
     </span>
    </p>
   </div>
   <div class='ocr_carea' id='block_1_12' title="bbox 375 1160 2030 1236">
    <p class='ocr_par' dir='ltr' id='par_1_12' title="bbox 375 1160 2030 1236">
     <span class='ocr_line' id='line_1_12' title="bbox 375 1160 2030 1236; baseline -0.002 -16"><span class='ocrx_word' id='word_1_59' title='bbox 375 1163 706 1236; x_wconf 80' lang='lat' dir='ltr'><strong>suscipiens</strong></span> <span class='ocrx_word' id='word_1_60' title='bbox 736 1164 932 1232; x_wconf 90' lang='lat' dir='ltr'><strong>Jesus,</strong></span> <span class='ocrx_word' id='word_1_61' title='bbox 957 1164 1013 1218; x_wconf 91' lang='lat' dir='ltr'><strong>in</strong></span> <span class='ocrx_word' id='word_1_62' title='bbox 1043 1161 1477 1219; x_wconf 88' lang='lat' dir='ltr'><strong>Plenitudinem</strong></span> <span class='ocrx_word' id='word_1_63' title='bbox 1509 1161 1775 1217; x_wconf 79' lang='lat' dir='ltr'><strong>induxit:</strong></span> <span class='ocrx_word' id='word_1_64' title='bbox 1813 1160 2030 1232; x_wconf 84' lang='lat' dir='ltr'><strong>quippe</strong></span> 
     </span>
    </p>
   </div>
   <div class='ocr_carea' id='block_1_13' title="bbox 376 1248 2027 1323">
    <p class='ocr_par' dir='ltr' id='par_1_13' title="bbox 376 1248 2027 1323">
     <span class='ocr_line' id='line_1_13' title="bbox 376 1248 2027 1323; baseline -0.004 -13"><span class='ocrx_word' id='word_1_65' title='bbox 376 1253 609 1310; x_wconf 87' lang='lat' dir='ltr'><strong>humeri</strong></span> <span class='ocrx_word' id='word_1_66' title='bbox 639 1253 885 1309; x_wconf 81' lang='lat' dir='ltr'><strong>seminis</strong></span> <span class='ocrx_word' id='word_1_67' title='bbox 911 1252 1083 1308; x_wconf 85' lang='lat' dir='ltr'><strong>Jesus</strong></span> <span class='ocrx_word' id='word_1_68' title='bbox 1126 1252 1360 1318; x_wconf 88' lang='lat' dir='ltr'><strong>dicitur,</strong></span> <span class='ocrx_word' id='word_1_69' title='bbox 1394 1256 1571 1323; x_wconf 89' lang='lat' dir='ltr'><strong>caput</strong></span> <span class='ocrx_word' id='word_1_70' title='bbox 1617 1256 1813 1306; x_wconf 88' lang='lat' dir='ltr'><strong>autem</strong></span> <span class='ocrx_word' id='word_1_71' title='bbox 1859 1248 2027 1306; x_wconf 89' lang='lat' dir='ltr'><strong>Chri-</strong></span> 
     </span>
    </p>
   </div>
   <div class='ocr_carea' id='block_1_14' title="bbox 376 1341 2028 1409">
    <p class='ocr_par' dir='ltr' id='par_1_14' title="bbox 376 1341 2028 1409">
     <span class='ocr_line' id='line_1_14' title="bbox 376 1341 2028 1409; baseline -0.004 -10"><span class='ocrx_word' id='word_1_72' title='bbox 376 1351 522 1400; x_wconf 83' lang='lat' dir='ltr'><strong>stus.</strong></span> <span class='ocrx_word' id='word_1_73' title='bbox 548 1342 714 1399; x_wconf 91' lang='lat' dir='ltr'><strong>Unde</strong></span> <span class='ocrx_word' id='word_1_74' title='bbox 749 1342 971 1398; x_wconf 91' lang='lat' dir='ltr'><strong>dictum</strong></span> <span class='ocrx_word' id='word_1_75' title='bbox 1005 1346 1132 1397; x_wconf 90' lang='lat' dir='ltr'><strong>est:</strong></span> <span class='ocrx_word' id='word_1_76' title='bbox 1182 1342 1289 1409; x_wconf 81' lang='lat' dir='ltr'><strong>Qui</strong></span> <span class='ocrx_word' id='word_1_77' title='bbox 1314 1358 1427 1397; x_wconf 88' lang='lat' dir='ltr'><strong>non</strong></span> <span class='ocrx_word' id='word_1_78' title='bbox 1454 1341 1599 1396; x_wconf 88' lang='lat' dir='ltr'><strong>tollit</strong></span> <span class='ocrx_word' id='word_1_79' title='bbox 1629 1356 1843 1397; x_wconf 79' lang='lat' dir='ltr'><strong>crucem</strong></span> <span class='ocrx_word' id='word_1_80' title='bbox 1871 1355 2028 1394; x_wconf 89' lang='lat' dir='ltr'><strong>suam</strong></span> 
     </span>
    </p>
   </div>
   <div class='ocr_carea' id='block_1_15' title="bbox 376 1427 2030 1503">
    <p class='ocr_par' dir='ltr' id='par_1_15' title="bbox 376 1427 2030 1503">
     <span class='ocr_line' id='line_1_15' title="bbox 376 1427 2030 1503; baseline -0.002 -16"><span class='ocrx_word' id='word_1_81' title='bbox 376 1439 429 1488; x_wconf 86' lang='lat' dir='ltr'><strong>et</strong></span> <span class='ocrx_word' id='word_1_82' title='bbox 459 1434 708 1503; x_wconf 75' lang='lat' dir='ltr'><strong>sequitur</strong></span> <span class='ocrx_word' id='word_1_83' title='bbox 734 1449 843 1501; x_wconf 89' lang='lat' dir='ltr'><strong>me,</strong></span> <span class='ocrx_word' id='word_1_84' title='bbox 872 1447 986 1487; x_wconf 81' lang='lat' dir='ltr'><strong>non</strong></span> <span class='ocrx_word' id='word_1_85' title='bbox 1018 1433 1095 1487; x_wconf 86' lang='lat' dir='ltr'><strong>est</strong></span> <span class='ocrx_word' id='word_1_86' title='bbox 1124 1432 1303 1501; x_wconf 82' lang='lat' dir='ltr'><strong>frater</strong></span> <span class='ocrx_word' id='word_1_87' title='bbox 1332 1446 1485 1486; x_wconf 85' lang='lat' dir='ltr'><strong>meus</strong></span> <span class='ocrx_word' id='word_1_88' title='bbox 1510 1430 1609 1501; x_wconf 75' lang='lat' dir='ltr'><strong>(al.</strong></span> <span class='ocrx_word' id='word_1_89' title='bbox 1642 1428 1804 1486; x_wconf 83' lang='lat' dir='ltr'><strong>Tulit</strong></span> <span class='ocrx_word' id='word_1_90' title='bbox 1846 1427 2030 1500; x_wconf 82' lang='lat' dir='ltr'><strong>igitur</strong></span> 
     </span>
    </p>
   </div>
   <div class='ocr_carea' id='block_1_16' title="bbox 376 1518 1970 1594">
    <p class='ocr_par' dir='ltr' id='par_1_16' title="bbox 376 1518 1970 1594">
     <span class='ocr_line' id='line_1_16' title="bbox 376 1518 1970 1594; baseline -0.003 -17"><span class='ocrx_word' id='word_1_91' title='bbox 376 1538 592 1594; x_wconf 85' lang='lat' dir='ltr'><strong>corpus</strong></span> <span class='ocrx_word' id='word_1_92' title='bbox 619 1520 784 1592; x_wconf 85' lang='lat' dir='ltr'><strong>Jesu,</strong></span> <span class='ocrx_word' id='word_1_93' title='bbox 816 1523 971 1593; x_wconf 89' lang='lat' dir='ltr'><strong>quod</strong></span> <span class='ocrx_word' id='word_1_94' title='bbox 1005 1520 1511 1577; x_wconf 88' lang='lat' dir='ltr'><strong>consubstantiale</strong></span> <span class='ocrx_word' id='word_1_95' title='bbox 1540 1519 1651 1575; x_wconf 76' lang='lat' dir='ltr'><strong>fuit</strong></span> <span class='ocrx_word' id='word_1_96' title='bbox 1680 1518 1970 1575; x_wconf 77' lang='lat' dir='ltr'><strong>Ecclesiae.</strong></span> 
     </span>
    </p>
   </div>
   <div class='ocr_carea' id='block_1_17' title="bbox 448 1698 2024 1771">
    <p class='ocr_par' dir='ltr' id='par_1_17' title="bbox 448 1698 2024 1771">
     <span class='ocr_line' id='line_1_17' title="bbox 448 1698 2024 1771; baseline -0.003 -13"><span class='ocrx_word' id='word_1_97' title='bbox 448 1701 597 1759; x_wconf 70' lang='lat'><strong>855</strong></span> <span class='ocrx_word' id='word_1_98' title='bbox 622 1700 813 1756; x_wconf 86' lang='lat' dir='ltr'><strong>XLIII.</strong></span> <span class='ocrx_word' id='word_1_99' title='bbox 837 1699 1053 1755; x_wconf 89' lang='lat' dir='ltr'><strong>Dicunt</strong></span> <span class='ocrx_word' id='word_1_100' title='bbox 1072 1698 1256 1771; x_wconf 82' lang='lat' dir='ltr'><strong>igitur</strong></span> <span class='ocrx_word' id='word_1_101' title='bbox 1284 1698 1440 1771; x_wconf 89' lang='lat' dir='ltr'><strong>quod</strong></span> <span class='ocrx_word' id='word_1_102' title='bbox 1466 1701 1781 1769; x_wconf 83' lang='lat' dir='ltr'><strong>potestates</strong></span> <span class='ocrx_word' id='word_1_103' title='bbox 1808 1699 2024 1754; x_wconf 69' lang='lat' dir='ltr'><strong>dextrae</strong></span> 
     </span>
    </p>
   </div>
   <div class='ocr_carea' id='block_1_18' title="bbox 372 1787 2023 1863">
    <p class='ocr_par' dir='ltr' id='par_1_18' title="bbox 372 1787 2023 1863">
     <span class='ocr_line' id='line_1_18' title="bbox 372 1787 2023 1863; baseline -0.003 -14"><span class='ocrx_word' id='word_1_104' title='bbox 372 1794 515 1849; x_wconf 89' lang='lat' dir='ltr'><strong>Jesu</strong></span> <span class='ocrx_word' id='word_1_105' title='bbox 547 1795 723 1863; x_wconf 88' lang='lat' dir='ltr'><strong>atque</strong></span> <span class='ocrx_word' id='word_1_106' title='bbox 752 1789 963 1845; x_wconf 78' lang='lat' dir='ltr'><strong>Christi</strong></span> <span class='ocrx_word' id='word_1_107' title='bbox 1010 1787 1251 1845; x_wconf 89' lang='lat' dir='ltr'><strong>nomina</strong></span> <span class='ocrx_word' id='word_1_108' title='bbox 1280 1789 1675 1859; x_wconf 85' lang='lat' dir='ltr'><strong>cognoverint,</strong></span> <span class='ocrx_word' id='word_1_109' title='bbox 1703 1793 1836 1844; x_wconf 90' lang='lat' dir='ltr'><strong>ante</strong></span> <span class='ocrx_word' id='word_1_110' title='bbox 1864 1790 2023 1860; x_wconf 85' lang='lat' dir='ltr'><strong>ejus-</strong></span> 
     </span>
    </p>
   </div>
   <div class='ocr_carea' id='block_1_19' title="bbox 2138 621 3496 704">
    <p class='ocr_par' dir='ltr' id='par_1_19' title="bbox 2138 621 3496 704">
     <span class='ocr_line' id='line_1_19' title="bbox 2138 621 3496 704; baseline 0.004 -27"><span class='ocrx_word' id='word_1_111' title='bbox 2138 621 2223 678; x_wconf 79' lang='grc' dir='ltr'><strong>ἐπὶ</strong></span> <span class='ocrx_word' id='word_1_112' title='bbox 2252 622 2398 679; x_wconf 83' lang='grc' dir='ltr'>τέλει</span> <span class='ocrx_word' id='word_1_113' title='bbox 2428 627 2528 694; x_wconf 78' lang='grc' dir='ltr'><strong>τῆς</strong></span> <span class='ocrx_word' id='word_1_114' title='bbox 2561 621 2928 703; x_wconf 78' lang='grc' dir='ltr'><strong>δημιουργίας</strong></span> <span class='ocrx_word' id='word_1_115' title='bbox 2960 626 3123 683; x_wconf 78' lang='grc' dir='ltr'>αὐτὸν</span> <span class='ocrx_word' id='word_1_116' title='bbox 3153 627 3496 704; x_wconf 73' lang='grc' dir='ltr'><strong>προήγαγεν.</strong></span> 
     </span>
    </p>
   </div>
   <div class='ocr_carea' id='block_1_20' title="bbox 2210 804 3797 882">
    <p class='ocr_par' dir='ltr' id='par_1_20' title="bbox 2210 804 3797 882">
     <span class='ocr_line' id='line_1_20' title="bbox 2210 804 3797 882; baseline 0.001 -21"><span class='ocrx_word' id='word_1_117' title='bbox 2210 806 2338 862; x_wconf 80' lang='grc' dir='ltr'>ΜΒ’.</span> <span class='ocrx_word' id='word_1_118' title='bbox 2370 805 2433 863; x_wconf 78' lang='grc' dir='ltr'><strong>Ὀ</strong></span> <span class='ocrx_word' id='word_1_119' title='bbox 2466 805 2696 877; x_wconf 81' lang='grc' dir='ltr'><strong>σταυρὸς</strong></span> <span class='ocrx_word' id='word_1_120' title='bbox 2725 809 2823 862; x_wconf 93' lang='grc' dir='ltr'><strong>τοῦ</strong></span> <span class='ocrx_word' id='word_1_121' title='bbox 2876 804 2928 862; x_wconf 80' lang='grc' dir='ltr'><strong>έν</strong></span> <span class='ocrx_word' id='word_1_122' title='bbox 2980 804 3329 882; x_wconf 86' lang='grc' dir='ltr'>Πληρώματι</span> <span class='ocrx_word' id='word_1_123' title='bbox 3378 804 3511 882; x_wconf 78' lang='grc' dir='ltr'>ὅρου</span> <span class='ocrx_word' id='word_1_124' title='bbox 3566 807 3797 880; x_wconf 83' lang='grc' dir='ltr'>σημεῖόν</span> 
     </span>
    </p>
   </div>
   <div class='ocr_carea' id='block_1_21' title="bbox 2139 892 3800 972">
    <p class='ocr_par' dir='ltr' id='par_1_21' title="bbox 2139 892 3800 972">
     <span class='ocr_line' id='line_1_21' title="bbox 2139 892 3800 972; baseline 0.001 -24"><span class='ocrx_word' id='word_1_125' title='bbox 2139 892 2280 950; x_wconf 84' lang='grc' dir='ltr'>έστιν</span> <span class='ocrx_word' id='word_1_126' title='bbox 2315 913 2327 926; x_wconf 87' lang='grc'><strong>·</strong></span> <span class='ocrx_word' id='word_1_127' title='bbox 2386 895 2616 972; x_wconf 86' lang='grc' dir='ltr'>χωρίζει</span> <span class='ocrx_word' id='word_1_128' title='bbox 2704 894 2830 958; x_wconf 83' lang='grc' dir='ltr'>τοὺς</span> <span class='ocrx_word' id='word_1_129' title='bbox 2911 895 3170 960; x_wconf 78' lang='grc' dir='ltr'>ἀπίστους</span> <span class='ocrx_word' id='word_1_130' title='bbox 3236 898 3345 951; x_wconf 89' lang='grc' dir='ltr'><strong>τῶν</strong></span> <span class='ocrx_word' id='word_1_131' title='bbox 3432 899 3666 963; x_wconf 80' lang='grc' dir='ltr'>πιστῶν,</span> <span class='ocrx_word' id='word_1_132' title='bbox 3721 897 3800 960; x_wconf 86' lang='grc' dir='ltr'>ὡς</span> 
     </span>
    </p>
   </div>
   <div class='ocr_carea' id='block_1_22' title="bbox 2140 980 3801 1060">
    <p class='ocr_par' dir='ltr' id='par_1_22' title="bbox 2140 980 3801 1060">
     <span class='ocr_line' id='line_1_22' title="bbox 2140 980 3801 1060; baseline 0.002 -23"><span class='ocrx_word' id='word_1_133' title='bbox 2140 982 2342 1046; x_wconf 76' lang='grc' dir='ltr'>ἐκεῖνος</span> <span class='ocrx_word' id='word_1_134' title='bbox 2400 982 2492 1039; x_wconf 81' lang='grc' dir='ltr'>τὸν</span> <span class='ocrx_word' id='word_1_135' title='bbox 2550 980 2755 1059; x_wconf 87' lang='grc' dir='ltr'>κὸσμον</span> <span class='ocrx_word' id='word_1_136' title='bbox 2810 989 2909 1041; x_wconf 91' lang='grc' dir='ltr'><strong>τοῦ</strong></span> <span class='ocrx_word' id='word_1_137' title='bbox 2967 982 3373 1060; x_wconf 82' lang='grc' dir='ltr'>Πληρώματος.</span> <span class='ocrx_word' id='word_1_138' title='bbox 3434 984 3528 1040; x_wconf 87' lang='grc' dir='ltr'><strong>Διὸ</strong></span> <span class='ocrx_word' id='word_1_139' title='bbox 3583 982 3675 1039; x_wconf 85' lang='grc' dir='ltr'><strong>καὶ</strong></span> <span class='ocrx_word' id='word_1_140' title='bbox 3733 984 3801 1041; x_wconf 73' lang='grc' dir='ltr'><strong>τὰ</strong></span> 
     </span>
    </p>
   </div>
   <div class='ocr_carea' id='block_1_23' title="bbox 2138 1070 3795 1147">
    <p class='ocr_par' dir='ltr' id='par_1_23' title="bbox 2138 1070 3795 1147">
     <span class='ocr_line' id='line_1_23' title="bbox 2138 1070 3795 1147; baseline 0.002 -21"><span class='ocrx_word' id='word_1_141' title='bbox 2138 1071 2422 1147; x_wconf 85' lang='grc' dir='ltr'>σπέρματα</span> <span class='ocrx_word' id='word_1_142' title='bbox 2449 1074 2478 1128; x_wconf 89' lang='lat'><strong>6</strong></span> <span class='ocrx_word' id='word_1_143' title='bbox 2511 1072 2723 1143; x_wconf 75' lang='grc' dir='ltr'>Ἰησοῦς</span> <span class='ocrx_word' id='word_1_144' title='bbox 2758 1071 2847 1129; x_wconf 83' lang='grc' dir='ltr'><strong>διὰ</strong></span> <span class='ocrx_word' id='word_1_145' title='bbox 2884 1077 2983 1129; x_wconf 87' lang='grc' dir='ltr'><strong>τοῦ</strong></span> <span class='ocrx_word' id='word_1_146' title='bbox 3033 1073 3265 1147; x_wconf 75' lang='grc' dir='ltr'>σημείου</span> <span class='ocrx_word' id='word_1_147' title='bbox 3316 1072 3403 1129; x_wconf 75' lang='grc' dir='ltr'><strong>ἐπὶ</strong></span> <span class='ocrx_word' id='word_1_148' title='bbox 3461 1077 3569 1129; x_wconf 91' lang='grc' dir='ltr'><strong>σῶν</strong></span> <span class='ocrx_word' id='word_1_149' title='bbox 3625 1070 3795 1147; x_wconf 80' lang='grc' dir='ltr'>ὤμων</span> 
     </span>
    </p>
   </div>
   <div class='ocr_carea' id='block_1_24' title="bbox 2142 1159 3798 1241">
    <p class='ocr_par' dir='ltr' id='par_1_24' title="bbox 2142 1159 3798 1241">
     <span class='ocr_line' id='line_1_24' title="bbox 2142 1159 3798 1241; baseline 0.001 -24"><span class='ocrx_word' id='word_1_150' title='bbox 2142 1161 2409 1238; x_wconf 85' lang='grc' dir='ltr'>βαστάσας</span> <span class='ocrx_word' id='word_1_151' title='bbox 2466 1162 2664 1237; x_wconf 81' lang='grc' dir='ltr'>εἰσάγει</span> <span class='ocrx_word' id='word_1_152' title='bbox 2715 1162 2792 1226; x_wconf 68' lang='grc' dir='ltr'>εἷς</span> <span class='ocrx_word' id='word_1_153' title='bbox 2844 1162 2908 1218; x_wconf 80' lang='grc' dir='ltr'>τὸ</span> <span class='ocrx_word' id='word_1_154' title='bbox 2957 1159 3249 1238; x_wconf 79' lang='grc' dir='ltr'>Πλήρωμα</span> <span class='ocrx_word' id='word_1_155' title='bbox 3282 1182 3296 1197; x_wconf 89' lang='grc'><strong>·</strong></span> <span class='ocrx_word' id='word_1_156' title='bbox 3344 1163 3491 1236; x_wconf 80' lang='grc' dir='ltr'>ὦμοι</span> <span class='ocrx_word' id='word_1_157' title='bbox 3544 1162 3647 1241; x_wconf 79' lang='grc' dir='ltr'><strong>γὰρ</strong></span> <span class='ocrx_word' id='word_1_158' title='bbox 3698 1166 3798 1219; x_wconf 88' lang='grc' dir='ltr'><strong>τοῦ</strong></span> 
     </span>
    </p>
   </div>
   <div class='ocr_carea' id='block_1_25' title="bbox 2137 1246 3795 1328">
    <p class='ocr_par' dir='ltr' id='par_1_25' title="bbox 2137 1246 3795 1328">
     <span class='ocr_line' id='line_1_25' title="bbox 2137 1246 3795 1328; baseline 0.002 -24"><span class='ocrx_word' id='word_1_159' title='bbox 2137 1250 2449 1325; x_wconf 86' lang='grc' dir='ltr'>σπέρματος</span> <span class='ocrx_word' id='word_1_160' title='bbox 2490 1251 2519 1305; x_wconf 96' lang='lat'><strong>6</strong></span> <span class='ocrx_word' id='word_1_161' title='bbox 2551 1252 2762 1321; x_wconf 88' lang='grc' dir='ltr'>Ἰησοῦς</span> <span class='ocrx_word' id='word_1_162' title='bbox 2810 1247 3025 1326; x_wconf 88' lang='grc' dir='ltr'>λέγεται</span> <span class='ocrx_word' id='word_1_163' title='bbox 3062 1270 3074 1283; x_wconf 89' lang='grc'><strong>·</strong></span> <span class='ocrx_word' id='word_1_164' title='bbox 3104 1249 3317 1328; x_wconf 84' lang='grc' dir='ltr'>κεφαλή</span> <span class='ocrx_word' id='word_1_165' title='bbox 3364 1246 3423 1306; x_wconf 77' lang='grc' dir='ltr'>δὶ</span> <span class='ocrx_word' id='word_1_166' title='bbox 3465 1252 3494 1305; x_wconf 87' lang='lat'><strong>6</strong></span> <span class='ocrx_word' id='word_1_167' title='bbox 3537 1251 3795 1328; x_wconf 83' lang='grc' dir='ltr'>Χριστός.</span> 
     </span>
    </p>
   </div>
   <div class='ocr_carea' id='block_1_26' title="bbox 2135 1336 3796 1416">
    <p class='ocr_par' dir='ltr' id='par_1_26' title="bbox 2135 1336 3796 1416">
     <span class='ocr_line' id='line_1_26' title="bbox 2135 1336 3796 1416; baseline -0.001 -19"><span class='ocrx_word' id='word_1_168' title='bbox 2135 1340 2294 1397; x_wconf 83' lang='grc' dir='ltr'>Ὅθεν</span> <span class='ocrx_word' id='word_1_169' title='bbox 2354 1336 2591 1415; x_wconf 77' lang='grc' dir='ltr'>εἷ’ρηται,</span> <span class='ocrx_word' id='word_1_170' title='bbox 2648 1341 2745 1402; x_wconf 87' lang='grc' dir='ltr'>Ὃς</span> <span class='ocrx_word' id='word_1_171' title='bbox 2803 1339 2903 1395; x_wconf 85' lang='grc' dir='ltr'>οὐκ</span> <span class='ocrx_word' id='word_1_172' title='bbox 2955 1339 3095 1416; x_wconf 72' lang='grc' dir='ltr'>αἴρει</span> <span class='ocrx_word' id='word_1_173' title='bbox 3151 1340 3244 1396; x_wconf 88' lang='grc' dir='ltr'><strong>τὸν</strong></span> <span class='ocrx_word' id='word_1_174' title='bbox 3317 1340 3545 1415; x_wconf 87' lang='grc' dir='ltr'>σταυρὸν</span> <span class='ocrx_word' id='word_1_175' title='bbox 3605 1340 3796 1416; x_wconf 76' lang='grc' dir='ltr'>αὐτοῦ,</span> 
     </span>
    </p>
   </div>
   <div class='ocr_carea' id='block_1_27' title="bbox 2134 1425 3797 1506">
    <p class='ocr_par' dir='ltr' id='par_1_27' title="bbox 2134 1425 3797 1506">
     <span class='ocr_line' id='line_1_27' title="bbox 2134 1425 3797 1506; baseline 0.003 -23"><span class='ocrx_word' id='word_1_176' title='bbox 2134 1428 2223 1483; x_wconf 83' lang='grc' dir='ltr'><strong>καὶ</strong></span> <span class='ocrx_word' id='word_1_177' title='bbox 2283 1426 2575 1493; x_wconf 69' lang='grc' dir='ltr'>ἀκολουθεῖ</span> <span class='ocrx_word' id='word_1_178' title='bbox 2627 1449 2742 1502; x_wconf 80' lang='grc' dir='ltr'>μοι,</span> <span class='ocrx_word' id='word_1_179' title='bbox 2802 1428 2902 1484; x_wconf 79' lang='grc' dir='ltr'>οὐκ</span> <span class='ocrx_word' id='word_1_180' title='bbox 2958 1426 3071 1485; x_wconf 82' lang='grc' dir='ltr'>ἔστι</span> <span class='ocrx_word' id='word_1_181' title='bbox 3154 1449 3260 1503; x_wconf 91' lang='grc' dir='ltr'><strong>μου</strong></span> <span class='ocrx_word' id='word_1_182' title='bbox 3337 1425 3576 1504; x_wconf 84' lang='grc' dir='ltr'>ἀδελφός</span> <span class='ocrx_word' id='word_1_183' title='bbox 3781 1472 3797 1488; x_wconf 94' lang='grc'><strong>.</strong></span> 
     </span>
    </p>
   </div>
   <div class='ocr_carea' id='block_1_28' title="bbox 2133 1516 3795 1592">
    <p class='ocr_par' dir='ltr' id='par_1_28' title="bbox 2133 1516 3795 1592">
     <span class='ocr_line' id='line_1_28' title="bbox 2133 1516 3795 1592; baseline 0 -18"><span class='ocrx_word' id='word_1_184' title='bbox 2133 1518 2297 1592; x_wconf 90' lang='grc' dir='ltr'>Ἧρεν</span> <span class='ocrx_word' id='word_1_185' title='bbox 2346 1516 2437 1572; x_wconf 82' lang='grc' dir='ltr'><strong>οῦν</strong></span> <span class='ocrx_word' id='word_1_186' title='bbox 2481 1519 2546 1573; x_wconf 85' lang='grc' dir='ltr'><strong>τὸ</strong></span> <span class='ocrx_word' id='word_1_187' title='bbox 2591 1522 2752 1592; x_wconf 85' lang='grc' dir='ltr'>σῶμα</span> <span class='ocrx_word' id='word_1_188' title='bbox 2790 1521 2889 1574; x_wconf 91' lang='grc' dir='ltr'><strong>τοῦ</strong></span> <span class='ocrx_word' id='word_1_189' title='bbox 2934 1519 3136 1589; x_wconf 85' lang='grc' dir='ltr'>Ἰησοῦ,</span> <span class='ocrx_word' id='word_1_190' title='bbox 3189 1517 3322 1592; x_wconf 77' lang='grc' dir='ltr'>ὅπερ</span> <span class='ocrx_word' id='word_1_191' title='bbox 3373 1518 3672 1592; x_wconf 81' lang='grc' dir='ltr'>ὁμοούσιον</span> <span class='ocrx_word' id='word_1_192' title='bbox 3726 1519 3795 1590; x_wconf 81' lang='grc' dir='ltr'><strong>ἧν</strong></span> 
     </span>
    </p>
   </div>
   <div class='ocr_carea' id='block_1_29' title="bbox 2128 1605 2550 1682">
    <p class='ocr_par' dir='ltr' id='par_1_29' title="bbox 2128 1605 2550 1682">
     <span class='ocr_line' id='line_1_29' title="bbox 2128 1605 2550 1682; baseline 0.009 -21"><span class='ocrx_word' id='word_1_193' title='bbox 2128 1611 2199 1682; x_wconf 79' lang='grc' dir='ltr'><strong>τῇ</strong></span> <span class='ocrx_word' id='word_1_194' title='bbox 2231 1605 2550 1679; x_wconf 81' lang='grc' dir='ltr'>Ἐκκλησίᾳ.</span> 
     </span>
    </p>
   </div>
   <div class='ocr_carea' id='block_1_30' title="bbox 2204 1689 3796 1770">
    <p class='ocr_par' dir='ltr' id='par_1_30' title="bbox 2204 1689 3796 1770">
     <span class='ocr_line' id='line_1_30' title="bbox 2204 1689 3796 1770; baseline 0.002 -20"><span class='ocrx_word' id='word_1_195' title='bbox 2204 1695 2331 1751; x_wconf 72' lang='lat' dir='ltr'><strong>MI&quot;.</strong></span> <span class='ocrx_word' id='word_1_196' title='bbox 2366 1694 2630 1768; x_wconf 77' lang='grc' dir='ltr'>Λέγουσιν</span> <span class='ocrx_word' id='word_1_197' title='bbox 2654 1691 2769 1765; x_wconf 83' lang='grc' dir='ltr'>οῦν,</span> <span class='ocrx_word' id='word_1_198' title='bbox 2794 1693 2878 1750; x_wconf 75' lang='grc' dir='ltr'><strong>ὅτι</strong></span> <span class='ocrx_word' id='word_1_199' title='bbox 2921 1695 2977 1750; x_wconf 74' lang='grc' dir='ltr'>αἱ</span> <span class='ocrx_word' id='word_1_200' title='bbox 3014 1691 3181 1766; x_wconf 80' lang='grc' dir='ltr'>δεειαὶ</span> <span class='ocrx_word' id='word_1_201' title='bbox 3226 1689 3427 1770; x_wconf 74' lang='grc' dir='ltr'>ᾔδεσαν</span> <span class='ocrx_word' id='word_1_202' title='bbox 3476 1699 3575 1752; x_wconf 91' lang='grc' dir='ltr'><strong>τοῦ</strong></span> <span class='ocrx_word' id='word_1_203' title='bbox 3609 1697 3796 1769; x_wconf 82' lang='grc' dir='ltr'>Ἰησοῦ</span> 
     </span>
    </p>
   </div>
   <div class='ocr_carea' id='block_1_31' title="bbox 2132 1783 3791 1863">
    <p class='ocr_par' dir='ltr' id='par_1_31' title="bbox 2132 1783 3791 1863">
     <span class='ocr_line' id='line_1_31' title="bbox 2132 1783 3791 1863; baseline 0.001 -24"><span class='ocrx_word' id='word_1_204' title='bbox 2132 1783 2223 1839; x_wconf 82' lang='grc' dir='ltr'><strong>καὶ</strong></span> <span class='ocrx_word' id='word_1_205' title='bbox 2252 1787 2350 1838; x_wconf 86' lang='grc' dir='ltr'><strong>τοῦ</strong></span> <span class='ocrx_word' id='word_1_206' title='bbox 2388 1785 2623 1859; x_wconf 78' lang='grc' dir='ltr'>Χριστοῦ</span> <span class='ocrx_word' id='word_1_207' title='bbox 2649 1783 2716 1838; x_wconf 79' lang='grc' dir='ltr'>τὰ</span> <span class='ocrx_word' id='word_1_208' title='bbox 2746 1784 3010 1857; x_wconf 86' lang='grc' dir='ltr'>ὀνόματα,</span> <span class='ocrx_word' id='word_1_209' title='bbox 3036 1784 3126 1839; x_wconf 84' lang='grc' dir='ltr'><strong>καὶ</strong></span> <span class='ocrx_word' id='word_1_210' title='bbox 3152 1785 3258 1860; x_wconf 87' lang='grc' dir='ltr'>πρὸ</span> <span class='ocrx_word' id='word_1_211' title='bbox 3290 1791 3393 1856; x_wconf 86' lang='grc' dir='ltr'><strong>τῆς</strong></span> <span class='ocrx_word' id='word_1_212' title='bbox 3439 1785 3742 1863; x_wconf 85' lang='grc' dir='ltr'>παρουσίας</span> <span class='ocrx_word' id='word_1_213' title='bbox 3776 1803 3791 1819; x_wconf 87' lang='grc'><strong>·</strong></span> 
     </span>
    </p>
   </div>
   <div class='ocr_carea' id='block_1_32' title="bbox 372 1869 2017 1968">
    <p class='ocr_par' dir='ltr' id='par_1_32' title="bbox 372 1876 2017 1949">
     <span class='ocr_line' id='line_1_32' title="bbox 372 1876 2017 1949; baseline -0.002 -11"><span class='ocrx_word' id='word_1_214' title='bbox 372 1884 500 1939; x_wconf 91' lang='lat' dir='ltr'><strong>dem</strong></span> <span class='ocrx_word' id='word_1_215' title='bbox 533 1881 849 1938; x_wconf 68' lang='lat' dir='ltr'><strong>adventum</strong></span> <span class='ocrx_word' id='word_1_216' title='bbox 877 1896 890 1935; x_wconf 93' lang='lat'><strong>:</strong></span> <span class='ocrx_word' id='word_1_217' title='bbox 923 1878 1152 1949; x_wconf 89' lang='lat' dir='ltr'><strong>signum</strong></span> <span class='ocrx_word' id='word_1_218' title='bbox 1181 1894 1313 1933; x_wconf 88' lang='lat' dir='ltr'><strong>vero</strong></span> <span class='ocrx_word' id='word_1_219' title='bbox 1345 1877 1549 1932; x_wconf 88' lang='lat' dir='ltr'><strong>dicunt</strong></span> <span class='ocrx_word' id='word_1_220' title='bbox 1570 1876 1847 1933; x_wconf 86' lang='lat' dir='ltr'><strong>virtutem</strong></span> <span class='ocrx_word' id='word_1_221' title='bbox 1908 1895 2017 1935; x_wconf 89' lang='lat' dir='ltr'><strong>non</strong></span> 
     </span>
    </p>
   </div>
   <div class='ocr_carea' id='block_1_33' title="bbox 2138 1869 3790 1968">
    <p class='ocr_par' dir='ltr' id='par_1_33' title="bbox 2138 1869 3790 1968">
     <span class='ocr_line' id='line_1_33' title="bbox 2138 1869 3790 1968; baseline 0.002 -41"><span class='ocrx_word' id='word_1_222' title='bbox 2138 1870 2282 1968; x_wconf 61' lang='grc' dir='ltr'>άλλὰ</span> <span class='ocrx_word' id='word_1_223' title='bbox 2314 1873 2379 1928; x_wconf 85' lang='grc' dir='ltr'>τὸ</span> <span class='ocrx_word' id='word_1_224' title='bbox 2418 1877 2648 1944; x_wconf 85' lang='grc' dir='ltr'>σημεῖον</span> <span class='ocrx_word' id='word_1_225' title='bbox 2690 1873 2790 1928; x_wconf 81' lang='grc' dir='ltr'>οὐκ</span> <span class='ocrx_word' id='word_1_226' title='bbox 2817 1869 3035 1948; x_wconf 74' lang='grc' dir='ltr'>ᾔδεσαν,</span> <span class='ocrx_word' id='word_1_227' title='bbox 3070 1873 3224 1951; x_wconf 75' lang='grc' dir='ltr'>φασὶ,</span> <span class='ocrx_word' id='word_1_228' title='bbox 3258 1870 3489 1948; x_wconf 79' lang='grc' dir='ltr'>δύναμιν</span> <span class='ocrx_word' id='word_1_229' title='bbox 3521 1878 3657 1951; x_wconf 83' lang='grc'>(96).</span> <span class='ocrx_word' id='word_1_230' title='bbox 3691 1876 3790 1934; x_wconf 72' lang='grc' dir='ltr'>Καὶ</span> 
     </span>
    </p>
   </div>
   <div class='ocr_carea' id='block_1_34' title="bbox 371 1966 2021 2039">
    <p class='ocr_par' dir='ltr' id='par_1_34' title="bbox 371 1966 2021 2039">
     <span class='ocr_line' id='line_1_34' title="bbox 371 1966 2021 2039; baseline -0.002 -12"><span class='ocrx_word' id='word_1_231' title='bbox 371 1971 633 2027; x_wconf 89' lang='lat' dir='ltr'><strong>scivisse.</strong></span> <span class='ocrx_word' id='word_1_232' title='bbox 668 1968 851 2024; x_wconf 81' lang='lat' dir='ltr'><strong>Dante</strong></span> <span class='ocrx_word' id='word_1_233' title='bbox 896 1968 1074 2023; x_wconf 89' lang='lat' dir='ltr'><strong>etiam</strong></span> <span class='ocrx_word' id='word_1_234' title='bbox 1124 1966 1344 2039; x_wconf 88' lang='lat' dir='ltr'><strong>Spiritu</strong></span> <span class='ocrx_word' id='word_1_235' title='bbox 1379 1971 1729 2039; x_wconf 84' lang='lat' dir='ltr'><strong>potestatem</strong></span> <span class='ocrx_word' id='word_1_236' title='bbox 1763 1983 2021 2035; x_wconf 92' lang='lat' dir='ltr'><strong>omnem,</strong></span> 
     </span>
    </p>
   </div>
   <div class='ocr_carea' id='block_1_35' title="bbox 372 2053 2024 2130">
    <p class='ocr_par' dir='ltr' id='par_1_35' title="bbox 372 2053 2024 2130">
     <span class='ocr_line' id='line_1_35' title="bbox 372 2053 2024 2130; baseline -0.003 -16"><span class='ocrx_word' id='word_1_237' title='bbox 372 2059 735 2130; x_wconf 83' lang='lat' dir='ltr'><strong>approbante</strong></span> <span class='ocrx_word' id='word_1_238' title='bbox 778 2054 1045 2111; x_wconf 87' lang='lat' dir='ltr'><strong>similiter</strong></span> <span class='ocrx_word' id='word_1_239' title='bbox 1093 2060 1151 2109; x_wconf 90' lang='lat' dir='ltr'><strong>et</strong></span> <span class='ocrx_word' id='word_1_240' title='bbox 1193 2053 1583 2126; x_wconf 88' lang='lat' dir='ltr'><strong>Plenitudine,</strong></span> <span class='ocrx_word' id='word_1_241' title='bbox 1612 2053 1844 2123; x_wconf 80' lang='lat' dir='ltr'><strong>angelus</strong></span> <span class='ocrx_word' id='word_1_242' title='bbox 1892 2070 2024 2111; x_wconf 90' lang='lat' dir='ltr'><strong>con—</strong></span> 
     </span>
    </p>
   </div>
   <div class='ocr_carea' id='block_1_36' title="bbox 370 2142 2021 2217">
    <p class='ocr_par' dir='ltr' id='par_1_36' title="bbox 370 2142 2021 2217">
     <span class='ocr_line' id='line_1_36' title="bbox 370 2142 2021 2217; baseline -0.002 -14"><span class='ocrx_word' id='word_1_243' title='bbox 370 2147 494 2203; x_wconf 85' lang='lat' dir='ltr'><strong>silii</strong></span> <span class='ocrx_word' id='word_1_244' title='bbox 515 2148 589 2217; x_wconf 83' lang='lat' dir='ltr'><strong>(b)</strong></span> <span class='ocrx_word' id='word_1_245' title='bbox 613 2146 834 2200; x_wconf 90' lang='lat' dir='ltr'><strong>missus</strong></span> <span class='ocrx_word' id='word_1_246' title='bbox 859 2148 967 2211; x_wconf 87' lang='lat' dir='ltr'><strong>est,</strong></span> <span class='ocrx_word' id='word_1_247' title='bbox 993 2147 1049 2198; x_wconf 93' lang='lat' dir='ltr'><strong>et</strong></span> <span class='ocrx_word' id='word_1_248' title='bbox 1074 2148 1207 2216; x_wconf 90' lang='lat' dir='ltr'><strong>post</strong></span> <span class='ocrx_word' id='word_1_249' title='bbox 1237 2142 1465 2199; x_wconf 80' lang='lat' dir='ltr'><strong>Patrem</strong></span> <span class='ocrx_word' id='word_1_250' title='bbox 1498 2144 1902 2199; x_wconf 86' lang='lat' dir='ltr'><strong>universorum</strong></span> <span class='ocrx_word' id='word_1_251' title='bbox 1927 2159 2021 2200; x_wconf 89' lang='lat' dir='ltr'><strong>ca-</strong></span> 
     </span>
    </p>
   </div>
   <div class='ocr_carea' id='block_1_37' title="bbox 373 2231 2023 2309">
    <p class='ocr_par' dir='ltr' id='par_1_37' title="bbox 373 2231 2023 2309">
     <span class='ocr_line' id='line_1_37' title="bbox 373 2231 2023 2309; baseline -0.004 -18"><span class='ocrx_word' id='word_1_252' title='bbox 373 2242 480 2309; x_wconf 88' lang='lat' dir='ltr'><strong>put</strong></span> <span class='ocrx_word' id='word_1_253' title='bbox 501 2238 692 2291; x_wconf 86' lang='lat' dir='ltr'><strong>t&#39;actus</strong></span> <span class='ocrx_word' id='word_1_254' title='bbox 712 2238 820 2289; x_wconf 91' lang='lat' dir='ltr'><strong>est.</strong></span> <span class='ocrx_word' id='word_1_255' title='bbox 845 2231 1036 2288; x_wconf 80' lang='lat' dir='ltr'><strong>Omnia</strong></span> <span class='ocrx_word' id='word_1_256' title='bbox 1056 2235 1211 2288; x_wconf 87' lang='lat' dir='ltr'><strong>enim</strong></span> <span class='ocrx_word' id='word_1_257' title='bbox 1231 2232 1293 2287; x_wconf 89' lang='lat' dir='ltr'><strong>in</strong></span> <span class='ocrx_word' id='word_1_258' title='bbox 1311 2235 1427 2304; x_wconf 88' lang='lat' dir='ltr'><strong>ipso</strong></span> <span class='ocrx_word' id='word_1_259' title='bbox 1444 2239 1642 2289; x_wconf 86' lang='lat' dir='ltr'><strong>creata</strong></span> <span class='ocrx_word' id='word_1_260' title='bbox 1664 2235 1793 2288; x_wconf 88' lang='lat' dir='ltr'><strong>sunt</strong></span> <span class='ocrx_word' id='word_1_261' title='bbox 1821 2233 2023 2288; x_wconf 86' lang='lat' dir='ltr'><strong>visibi-</strong></span> 
     </span>
    </p>
   </div>
   <div class='ocr_carea' id='block_1_38' title="bbox 373 2320 2023 2392">
    <p class='ocr_par' dir='ltr' id='par_1_38' title="bbox 373 2320 2023 2392">
     <span class='ocr_line' id='line_1_38' title="bbox 373 2320 2023 2392; baseline -0.005 -10"><span class='ocrx_word' id='word_1_262' title='bbox 373 2327 454 2382; x_wconf 86' lang='lat' dir='ltr'><strong>lia</strong></span> <span class='ocrx_word' id='word_1_263' title='bbox 480 2330 534 2382; x_wconf 88' lang='lat' dir='ltr'><strong>et</strong></span> <span class='ocrx_word' id='word_1_264' title='bbox 564 2321 901 2388; x_wconf 74' lang='lat' dir='ltr'><strong>invisibilia,</strong></span> <span class='ocrx_word' id='word_1_265' title='bbox 932 2322 1136 2391; x_wconf 75' lang='lat' dir='ltr'><strong>throni,</strong></span> <span class='ocrx_word' id='word_1_266' title='bbox 1167 2320 1595 2390; x_wconf 80' lang='lat' dir='ltr'><strong>dominationes,</strong></span> <span class='ocrx_word' id='word_1_267' title='bbox 1627 2337 1818 2392; x_wconf 82' lang='lat' dir='ltr'><strong>regna,</strong></span> <span class='ocrx_word' id='word_1_268' title='bbox 1850 2320 2023 2376; x_wconf 85' lang='lat' dir='ltr'><strong>deita-</strong></span> 
     </span>
    </p>
   </div>
   <div class='ocr_carea' id='block_1_39' title="bbox 371 2408 2023 2481">
    <p class='ocr_par' dir='ltr' id='par_1_39' title="bbox 371 2408 2023 2481">
     <span class='ocr_line' id='line_1_39' title="bbox 371 2408 2023 2481; baseline -0.002 -13"><span class='ocrx_word' id='word_1_269' title='bbox 371 2416 473 2481; x_wconf 88' lang='lat' dir='ltr'><strong>tes,</strong></span> <span class='ocrx_word' id='word_1_270' title='bbox 493 2408 933 2466; x_wconf 87' lang='lat' dir='ltr'><strong>ministrationes</strong></span> <span class='ocrx_word' id='word_1_271' title='bbox 951 2409 1023 2481; x_wconf 85' lang='lat' dir='ltr'><strong>(c)</strong></span> <span class='ocrx_word' id='word_1_272' title='bbox 1045 2426 1063 2462; x_wconf 90' lang='lat'><strong><em>:</em></strong></span> <span class='ocrx_word' id='word_1_273' title='bbox 1085 2424 1256 2481; x_wconf 87' lang='lat' dir='ltr'><strong>quare</strong></span> <span class='ocrx_word' id='word_1_274' title='bbox 1287 2410 1424 2465; x_wconf 86' lang='lat' dir='ltr'><strong>Deus</strong></span> <span class='ocrx_word' id='word_1_275' title='bbox 1452 2409 1622 2465; x_wconf 89' lang='lat' dir='ltr'><strong>etiam</strong></span> <span class='ocrx_word' id='word_1_276' title='bbox 1649 2410 1835 2478; x_wconf 84' lang='lat' dir='ltr'><strong>ipsum</strong></span> <span class='ocrx_word' id='word_1_277' title='bbox 1863 2409 2023 2465; x_wconf 73' lang='lat' dir='ltr'><strong>exal-</strong></span> 
     </span>
    </p>
   </div>
   <div class='ocr_carea' id='block_1_40' title="bbox 373 2496 2020 2569">
    <p class='ocr_par' dir='ltr' id='par_1_40' title="bbox 373 2496 2020 2569">
     <span class='ocr_line' id='line_1_40' title="bbox 373 2496 2020 2569; baseline -0.002 -13"><span class='ocrx_word' id='word_1_278' title='bbox 373 2502 534 2566; x_wconf 85' lang='lat' dir='ltr'><strong>tavit,</strong></span> <span class='ocrx_word' id='word_1_279' title='bbox 564 2498 820 2568; x_wconf 81' lang='lat' dir='ltr'><strong>deditque</strong></span> <span class='ocrx_word' id='word_1_280' title='bbox 849 2496 943 2553; x_wconf 85' lang='lat' dir='ltr'><strong>illi</strong></span> <span class='ocrx_word' id='word_1_281' title='bbox 962 2513 1163 2553; x_wconf 84' lang='lat' dir='ltr'><strong>nomen</strong></span> <span class='ocrx_word' id='word_1_282' title='bbox 1190 2513 1360 2569; x_wconf 83' lang='lat' dir='ltr'><strong>supra</strong></span> <span class='ocrx_word' id='word_1_283' title='bbox 1389 2513 1549 2554; x_wconf 89' lang='lat' dir='ltr'><strong>omne</strong></span> <span class='ocrx_word' id='word_1_284' title='bbox 1567 2514 1790 2568; x_wconf 87' lang='lat' dir='ltr'><strong>nomen,</strong></span> <span class='ocrx_word' id='word_1_285' title='bbox 1812 2503 1874 2552; x_wconf 91' lang='lat' dir='ltr'><strong>ut</strong></span> <span class='ocrx_word' id='word_1_286' title='bbox 1902 2514 2020 2553; x_wconf 86' lang='lat' dir='ltr'><strong>om-</strong></span> 
     </span>
    </p>
   </div>
   <div class='ocr_carea' id='block_1_41' title="bbox 372 2586 2025 2660">
    <p class='ocr_par' dir='ltr' id='par_1_41' title="bbox 372 2586 2025 2660">
     <span class='ocr_line' id='line_1_41' title="bbox 372 2586 2025 2660; baseline -0.001 -16"><span class='ocrx_word' id='word_1_287' title='bbox 372 2605 444 2644; x_wconf 88' lang='lat' dir='ltr'><strong>ne</strong></span> <span class='ocrx_word' id='word_1_288' title='bbox 469 2604 611 2660; x_wconf 88' lang='lat' dir='ltr'><strong>genu</strong></span> <span class='ocrx_word' id='word_1_289' title='bbox 653 2589 930 2659; x_wconf 86' lang='lat' dir='ltr'><strong>ﬂectatur,</strong></span> <span class='ocrx_word' id='word_1_290' title='bbox 963 2586 1250 2658; x_wconf 85' lang='lat' dir='ltr'><strong>omnisque</strong></span> <span class='ocrx_word' id='word_1_291' title='bbox 1282 2586 1475 2658; x_wconf 79' lang='lat' dir='ltr'><strong>lingua</strong></span> <span class='ocrx_word' id='word_1_292' title='bbox 1502 2587 1852 2657; x_wconf 75' lang='lat' dir='ltr'><strong>conﬁteatur,</strong></span> <span class='ocrx_word' id='word_1_293' title='bbox 1884 2586 2025 2659; x_wconf 91' lang='lat' dir='ltr'><strong>quod</strong></span> 
     </span>
    </p>
   </div>
   <div class='ocr_carea' id='block_1_42' title="bbox 372 2674 2025 2748">
    <p class='ocr_par' dir='ltr' id='par_1_42' title="bbox 372 2674 2025 2748">
     <span class='ocr_line' id='line_1_42' title="bbox 372 2674 2025 2748; baseline -0.001 -14"><span class='ocrx_word' id='word_1_294' title='bbox 372 2677 637 2734; x_wconf 87' lang='lat' dir='ltr'><strong>Dominus</strong></span> <span class='ocrx_word' id='word_1_295' title='bbox 663 2675 860 2748; x_wconf 68' lang='lat' dir='ltr'><strong>gloriae</strong></span> <span class='ocrx_word' id='word_1_296' title='bbox 887 2677 1039 2732; x_wconf 78' lang='lat' dir='ltr'><strong>Iesus</strong></span> <span class='ocrx_word' id='word_1_297' title='bbox 1061 2675 1310 2733; x_wconf 81' lang='lat' dir='ltr'><strong>Christus</strong></span> <span class='ocrx_word' id='word_1_298' title='bbox 1332 2675 1585 2731; x_wconf 84' lang='lat' dir='ltr'><strong>Salvator</strong></span> <span class='ocrx_word' id='word_1_299' title='bbox 1610 2675 1712 2747; x_wconf 76' lang='grc' dir='ltr'>(ά),</span> <span class='ocrx_word' id='word_1_300' title='bbox 1736 2674 1885 2732; x_wconf 85' lang='lat' dir='ltr'><strong>idem</strong></span> <span class='ocrx_word' id='word_1_301' title='bbox 1908 2675 2025 2747; x_wconf 86' lang='lat' dir='ltr'><strong>ipse</strong></span> 
     </span>
    </p>
   </div>
   <div class='ocr_carea' id='block_1_43' title="bbox 372 2764 2020 2839">
    <p class='ocr_par' dir='ltr' id='par_1_43' title="bbox 372 2764 2020 2839">
     <span class='ocr_line' id='line_1_43' title="bbox 372 2764 2020 2839; baseline 0 -18"><span class='ocrx_word' id='word_1_302' title='bbox 372 2769 473 2839; x_wconf 88' lang='lat' dir='ltr'><strong>qui</strong></span> <span class='ocrx_word' id='word_1_303' title='bbox 517 2764 778 2835; x_wconf 80' lang='lat' dir='ltr'><strong>ascendit,</strong></span> <span class='ocrx_word' id='word_1_304' title='bbox 815 2767 1016 2839; x_wconf 80' lang='lat' dir='ltr'><strong>quique</strong></span> <span class='ocrx_word' id='word_1_305' title='bbox 1062 2764 1354 2821; x_wconf 78' lang='lat' dir='ltr'><strong>descendit.</strong></span> <span class='ocrx_word' id='word_1_306' title='bbox 1390 2765 1543 2833; x_wconf 86' lang='lat' dir='ltr'><strong>Quod</strong></span> <span class='ocrx_word' id='word_1_307' title='bbox 1587 2780 1717 2820; x_wconf 85' lang='lat' dir='ltr'><strong>vero</strong></span> <span class='ocrx_word' id='word_1_308' title='bbox 1753 2766 2020 2835; x_wconf 77' lang='lat' dir='ltr'><strong>ascendit,</strong></span> 
     </span>
    </p>
   </div>
   <div class='ocr_carea' id='block_1_44' title="bbox 368 2853 2022 2928">
    <p class='ocr_par' dir='ltr' id='par_1_44' title="bbox 368 2853 2022 2928">
     <span class='ocr_line' id='line_1_44' title="bbox 368 2853 2022 2928; baseline 0 -17"><span class='ocrx_word' id='word_1_309' title='bbox 368 2856 502 2928; x_wconf 88' lang='lat' dir='ltr'><strong>quid</strong></span> <span class='ocrx_word' id='word_1_310' title='bbox 527 2859 606 2912; x_wconf 87' lang='lat' dir='ltr'><strong>est</strong></span> <span class='ocrx_word' id='word_1_311' title='bbox 632 2857 749 2912; x_wconf 89' lang='lat' dir='ltr'><strong>nisi</strong></span> <span class='ocrx_word' id='word_1_312' title='bbox 771 2855 917 2927; x_wconf 88' lang='lat' dir='ltr'><strong>quod</strong></span> <span class='ocrx_word' id='word_1_313' title='bbox 946 2858 999 2910; x_wconf 89' lang='lat' dir='ltr'><strong>et</strong></span> <span class='ocrx_word' id='word_1_314' title='bbox 1034 2853 1355 2911; x_wconf 68' lang='lat' dir='ltr'><strong>descendit?</strong></span> <span class='ocrx_word' id='word_1_315' title='bbox 1406 2855 1512 2922; x_wconf 85' lang='lat' dir='ltr'><strong>Qui</strong></span> <span class='ocrx_word' id='word_1_316' title='bbox 1552 2854 1843 2925; x_wconf 82' lang='lat' dir='ltr'><strong>descendit,</strong></span> <span class='ocrx_word' id='word_1_317' title='bbox 1875 2857 2022 2911; x_wconf 85' lang='lat' dir='ltr'><strong>idem</strong></span> 
     </span>
    </p>
   </div>
   <div class='ocr_carea' id='block_1_45' title="bbox 367 2942 2019 3017">
    <p class='ocr_par' dir='ltr' id='par_1_45' title="bbox 367 2942 2019 3017">
     <span class='ocr_line' id='line_1_45' title="bbox 367 2942 2019 3017; baseline -0.001 -15"><span class='ocrx_word' id='word_1_318' title='bbox 367 2955 468 3013; x_wconf 87' lang='lat' dir='ltr'><strong>est,</strong></span> <span class='ocrx_word' id='word_1_319' title='bbox 499 2949 560 3000; x_wconf 89' lang='lat' dir='ltr'><strong>in</strong></span> <span class='ocrx_word' id='word_1_320' title='bbox 586 2949 769 3017; x_wconf 84' lang='lat' dir='ltr'><strong>partes</strong></span> <span class='ocrx_word' id='word_1_321' title='bbox 816 2953 982 3002; x_wconf 66' lang='lat' dir='ltr'><strong>terrae</strong></span> <span class='ocrx_word' id='word_1_322' title='bbox 1023 2942 1268 3011; x_wconf 84' lang='lat' dir='ltr'><strong>inﬁmas,</strong></span> <span class='ocrx_word' id='word_1_323' title='bbox 1299 2951 1350 3000; x_wconf 88' lang='lat' dir='ltr'><strong>et</strong></span> <span class='ocrx_word' id='word_1_324' title='bbox 1393 2945 1489 3016; x_wconf 87' lang='lat' dir='ltr'><strong>qui</strong></span> <span class='ocrx_word' id='word_1_325' title='bbox 1534 2959 1710 3017; x_wconf 78' lang='lat' dir='ltr'><strong>supra</strong></span> <span class='ocrx_word' id='word_1_326' title='bbox 1755 2946 1913 3001; x_wconf 75' lang='lat' dir='ltr'><strong>ctelos</strong></span> <span class='ocrx_word' id='word_1_327' title='bbox 1953 2962 2019 3000; x_wconf 84' lang='lat' dir='ltr'><strong>a-</strong></span> 
     </span>
    </p>
   </div>
   <div class='ocr_carea' id='block_1_46' title="bbox 364 3035 699 3107">
    <p class='ocr_par' dir='ltr' id='par_1_46' title="bbox 364 3035 699 3107">
     <span class='ocr_line' id='line_1_46' title="bbox 364 3035 699 3107; baseline -0.009 -16"><span class='ocrx_word' id='word_1_328' title='bbox 364 3035 577 3091; x_wconf 87' lang='lat' dir='ltr'><strong>scendit</strong></span> <span class='ocrx_word' id='word_1_329' title='bbox 606 3040 699 3107; x_wconf 57' lang='grc' dir='ltr'>κε).</span> 
     </span>
    </p>
   </div>
   <div class='ocr_carea' id='block_1_47' title="bbox 436 3122 2015 3196">
    <p class='ocr_par' dir='ltr' id='par_1_47' title="bbox 436 3122 2015 3196">
     <span class='ocr_line' id='line_1_47' title="bbox 436 3122 2015 3196; baseline 0.001 -16"><span class='ocrx_word' id='word_1_330' title='bbox 436 3123 629 3181; x_wconf 81' lang='lat' dir='ltr'><strong>XLIV.</strong></span> <span class='ocrx_word' id='word_1_331' title='bbox 662 3122 881 3178; x_wconf 89' lang='lat' dir='ltr'><strong>Videns</strong></span> <span class='ocrx_word' id='word_1_332' title='bbox 929 3131 1119 3178; x_wconf 88' lang='lat' dir='ltr'><strong>autem</strong></span> <span class='ocrx_word' id='word_1_333' title='bbox 1168 3122 1468 3196; x_wconf 86' lang='lat' dir='ltr'><strong>Sapientia</strong></span> <span class='ocrx_word' id='word_1_334' title='bbox 1515 3122 1767 3179; x_wconf 88' lang='lat' dir='ltr'><strong>similem</strong></span> <span class='ocrx_word' id='word_1_335' title='bbox 1819 3124 2015 3196; x_wconf 89' lang='lat' dir='ltr'><strong>ipsum</strong></span> 
     </span>
    </p>
   </div>
   <div class='ocr_carea' id='block_1_48' title="bbox 2132 1957 3793 2037">
    <p class='ocr_par' dir='ltr' id='par_1_48' title="bbox 2132 1957 3793 2037">
     <span class='ocr_line' id='line_1_48' title="bbox 2132 1957 3793 2037; baseline 0.002 -21"><span class='ocrx_word' id='word_1_336' title='bbox 2132 1957 2319 2023; x_wconf 84' lang='grc' dir='ltr'>δόντος</span> <span class='ocrx_word' id='word_1_337' title='bbox 2374 1967 2547 2016; x_wconf 83' lang='grc' dir='ltr'>πᾶσαν</span> <span class='ocrx_word' id='word_1_338' title='bbox 2606 1962 2707 2030; x_wconf 76' lang='grc' dir='ltr'><strong>τήν</strong></span> <span class='ocrx_word' id='word_1_339' title='bbox 2767 1960 3012 2032; x_wconf 77' lang='grc' dir='ltr'>ἐξουσίαν</span> <span class='ocrx_word' id='word_1_340' title='bbox 3043 1967 3141 2017; x_wconf 91' lang='grc' dir='ltr'><strong>τοῦ</strong></span> <span class='ocrx_word' id='word_1_341' title='bbox 3173 1962 3509 2037; x_wconf 81' lang='grc' dir='ltr'>Πνεύματος,</span> <span class='ocrx_word' id='word_1_342' title='bbox 3543 1962 3793 2020; x_wconf 72' lang='grc' dir='ltr'>συναινέ-</span> 
     </span>
    </p>
   </div>
   <div class='ocr_carea' id='block_1_49' title="bbox 2131 2048 3791 2126">
    <p class='ocr_par' dir='ltr' id='par_1_49' title="bbox 2131 2048 3791 2126">
     <span class='ocr_line' id='line_1_49' title="bbox 2131 2048 3791 2126; baseline 0.002 -20"><span class='ocrx_word' id='word_1_343' title='bbox 2131 2071 2322 2115; x_wconf 90' lang='grc' dir='ltr'>σαντος</span> <span class='ocrx_word' id='word_1_344' title='bbox 2379 2048 2437 2105; x_wconf 72' lang='grc' dir='ltr'>δὲ</span> <span class='ocrx_word' id='word_1_345' title='bbox 2482 2050 2571 2105; x_wconf 83' lang='grc' dir='ltr'><strong>καὶ</strong></span> <span class='ocrx_word' id='word_1_346' title='bbox 2618 2055 2717 2105; x_wconf 93' lang='grc' dir='ltr'><strong>τοῦ</strong></span> <span class='ocrx_word' id='word_1_347' title='bbox 2764 2049 3172 2126; x_wconf 85' lang='grc' dir='ltr'>Πληρώματος,</span> <span class='ocrx_word' id='word_1_348' title='bbox 3220 2050 3554 2126; x_wconf 73' lang='grc' dir='ltr'><strong>ἐκπέμπεται</strong></span> <span class='ocrx_word' id='word_1_349' title='bbox 3608 2055 3638 2109; x_wconf 89' lang='lat'><strong>6</strong></span> <span class='ocrx_word' id='word_1_350' title='bbox 3686 2059 3791 2125; x_wconf 79' lang='grc' dir='ltr'><strong>τῆς</strong></span> 
     </span>
    </p>
   </div>
   <div class='ocr_carea' id='block_1_50' title="bbox 2136 2136 3795 2218">
    <p class='ocr_par' dir='ltr' id='par_1_50' title="bbox 2136 2136 3795 2218">
     <span class='ocr_line' id='line_1_50' title="bbox 2136 2136 3795 2218; baseline 0.001 -24"><span class='ocrx_word' id='word_1_351' title='bbox 2136 2136 2345 2216; x_wconf 85' lang='grc' dir='ltr'>βουλῆς</span> <span class='ocrx_word' id='word_1_352' title='bbox 2393 2136 2647 2214; x_wconf 72' lang='grc' dir='ltr'>ἄγγελος,</span> <span class='ocrx_word' id='word_1_353' title='bbox 2677 2138 2768 2194; x_wconf 81' lang='grc' dir='ltr'>καὶ</span> <span class='ocrx_word' id='word_1_354' title='bbox 2797 2139 2996 2216; x_wconf 87' lang='grc' dir='ltr'>γίνεται</span> <span class='ocrx_word' id='word_1_355' title='bbox 3038 2138 3250 2218; x_wconf 86' lang='grc' dir='ltr'>κεφαλή</span> <span class='ocrx_word' id='word_1_356' title='bbox 3296 2145 3404 2197; x_wconf 90' lang='grc' dir='ltr'><strong>τῶν</strong></span> <span class='ocrx_word' id='word_1_357' title='bbox 3454 2140 3600 2197; x_wconf 78' lang='grc' dir='ltr'>ὅλων</span> <span class='ocrx_word' id='word_1_358' title='bbox 3655 2140 3795 2215; x_wconf 80' lang='grc' dir='ltr'>μετὰ</span> 
     </span>
    </p>
   </div>
   <div class='ocr_carea' id='block_1_51' title="bbox 2129 2226 3796 2307">
    <p class='ocr_par' dir='ltr' id='par_1_51' title="bbox 2129 2226 3796 2307">
     <span class='ocr_line' id='line_1_51' title="bbox 2129 2226 3796 2307; baseline 0.002 -24"><span class='ocrx_word' id='word_1_359' title='bbox 2129 2228 2222 2283; x_wconf 85' lang='grc' dir='ltr'><strong>τὸν</strong></span> <span class='ocrx_word' id='word_1_360' title='bbox 2280 2226 2511 2302; x_wconf 83' lang='grc' dir='ltr'>Πατέρα.</span> <span class='ocrx_word' id='word_1_361' title='bbox 2543 2227 2723 2283; x_wconf 86' lang='grc' dir='ltr'>Πάντα</span> <span class='ocrx_word' id='word_1_362' title='bbox 2766 2230 2868 2305; x_wconf 75' lang='grc' dir='ltr'><strong>γὰρ</strong></span> <span class='ocrx_word' id='word_1_363' title='bbox 2917 2227 2969 2283; x_wconf 78' lang='grc' dir='ltr'>ἐν</span> <span class='ocrx_word' id='word_1_364' title='bbox 3022 2228 3170 2302; x_wconf 80' lang='grc' dir='ltr'><strong>αὖτῷ</strong></span> <span class='ocrx_word' id='word_1_365' title='bbox 3226 2227 3447 2303; x_wconf 75' lang='grc' dir='ltr'>ἐκτίσθη</span> <span class='ocrx_word' id='word_1_366' title='bbox 3497 2230 3565 2285; x_wconf 77' lang='grc' dir='ltr'><strong>τὰ</strong></span> <span class='ocrx_word' id='word_1_367' title='bbox 3621 2229 3796 2307; x_wconf 78' lang='grc' dir='ltr'>ὁρατὰ</span> 
     </span>
    </p>
   </div>
   <div class='ocr_carea' id='block_1_52' title="bbox 2131 2315 3793 2396">
    <p class='ocr_par' dir='ltr' id='par_1_52' title="bbox 2131 2315 3793 2396">
     <span class='ocr_line' id='line_1_52' title="bbox 2131 2315 3793 2396; baseline 0.001 -24"><span class='ocrx_word' id='word_1_368' title='bbox 2131 2316 2220 2373; x_wconf 85' lang='grc' dir='ltr'><strong>καὶ</strong></span> <span class='ocrx_word' id='word_1_369' title='bbox 2302 2318 2370 2372; x_wconf 79' lang='grc' dir='ltr'>τὰ</span> <span class='ocrx_word' id='word_1_370' title='bbox 2451 2317 2656 2394; x_wconf 77' lang='grc' dir='ltr'>ἀόρατα</span> <span class='ocrx_word' id='word_1_371' title='bbox 2687 2362 2701 2387; x_wconf 93' lang='grc'><strong>,</strong></span> <span class='ocrx_word' id='word_1_372' title='bbox 2762 2317 2981 2392; x_wconf 85' lang='grc' dir='ltr'>θρόνοι,</span> <span class='ocrx_word' id='word_1_373' title='bbox 3037 2318 3362 2394; x_wconf 79' lang='grc' dir='ltr'>κυριότητες</span> <span class='ocrx_word' id='word_1_374' title='bbox 3393 2364 3408 2391; x_wconf 88' lang='grc'><strong>,</strong></span> <span class='ocrx_word' id='word_1_375' title='bbox 3464 2315 3741 2396; x_wconf 85' lang='grc' dir='ltr'>βασιλεῖαι</span> <span class='ocrx_word' id='word_1_376' title='bbox 3776 2364 3793 2392; x_wconf 81' lang='grc'><strong>,</strong></span> 
     </span>
    </p>
   </div>
   <div class='ocr_carea' id='block_1_53' title="bbox 2131 2404 3795 2485">
    <p class='ocr_par' dir='ltr' id='par_1_53' title="bbox 2131 2404 3795 2485">
     <span class='ocr_line' id='line_1_53' title="bbox 2131 2404 3795 2485; baseline 0.002 -24"><span class='ocrx_word' id='word_1_377' title='bbox 2131 2407 2403 2478; x_wconf 90' lang='grc' dir='ltr'>θεότητες,</span> <span class='ocrx_word' id='word_1_378' title='bbox 2435 2404 2816 2483; x_wconf 88' lang='grc' dir='ltr'>λειτουργίαι·</span> <span class='ocrx_word' id='word_1_379' title='bbox 2870 2404 2955 2462; x_wconf 86' lang='grc' dir='ltr'><strong>διὸ</strong></span> <span class='ocrx_word' id='word_1_380' title='bbox 3003 2406 3094 2463; x_wconf 88' lang='grc' dir='ltr'><strong>καὶ</strong></span> <span class='ocrx_word' id='word_1_381' title='bbox 3144 2408 3174 2464; x_wconf 87' lang='lat'><strong>6</strong></span> <span class='ocrx_word' id='word_1_382' title='bbox 3220 2408 3352 2471; x_wconf 83' lang='grc' dir='ltr'>Θεὸς</span> <span class='ocrx_word' id='word_1_383' title='bbox 3409 2407 3572 2464; x_wconf 79' lang='grc' dir='ltr'>αὐτὸν</span> <span class='ocrx_word' id='word_1_384' title='bbox 3628 2410 3795 2485; x_wconf 81' lang='grc' dir='ltr'>ὑπερ-</span> 
     </span>
    </p>
   </div>
   <div class='ocr_carea' id='block_1_54' title="bbox 2133 2490 3794 2574">
    <p class='ocr_par' dir='ltr' id='par_1_54' title="bbox 2133 2490 3794 2574">
     <span class='ocr_line' id='line_1_54' title="bbox 2133 2490 3794 2574; baseline 0.002 -25"><span class='ocrx_word' id='word_1_385' title='bbox 2133 2494 2338 2569; x_wconf 75' lang='grc' dir='ltr'>ύψωσε,</span> <span class='ocrx_word' id='word_1_386' title='bbox 2369 2495 2459 2549; x_wconf 83' lang='grc' dir='ltr'><strong>καὶ</strong></span> <span class='ocrx_word' id='word_1_387' title='bbox 2517 2490 2714 2551; x_wconf 63' lang='grc' dir='ltr'>ἔδωκεν</span> <span class='ocrx_word' id='word_1_388' title='bbox 2776 2496 2927 2569; x_wconf 81' lang='grc' dir='ltr'><strong>αὐτῷ</strong></span> <span class='ocrx_word' id='word_1_389' title='bbox 2981 2492 3155 2570; x_wconf 77' lang='grc' dir='ltr'>ὄνομα</span> <span class='ocrx_word' id='word_1_390' title='bbox 3211 2497 3275 2552; x_wconf 82' lang='grc' dir='ltr'><strong>τὸ</strong></span> <span class='ocrx_word' id='word_1_391' title='bbox 3327 2496 3461 2574; x_wconf 80' lang='grc' dir='ltr'>ὑπὲρ</span> <span class='ocrx_word' id='word_1_392' title='bbox 3513 2502 3617 2552; x_wconf 80' lang='grc' dir='ltr'><strong>πᾶν</strong></span> <span class='ocrx_word' id='word_1_393' title='bbox 3667 2494 3794 2553; x_wconf 74' lang='grc' dir='ltr'>ὄνο-</span> 
     </span>
    </p>
   </div>
   <div class='ocr_carea' id='block_1_55' title="bbox 2134 2581 3793 2661">
    <p class='ocr_par' dir='ltr' id='par_1_55' title="bbox 2134 2581 3793 2661">
     <span class='ocr_line' id='line_1_55' title="bbox 2134 2581 3793 2661; baseline 0.002 -23"><span class='ocrx_word' id='word_1_394' title='bbox 2134 2605 2230 2658; x_wconf 90' lang='grc' dir='ltr'><strong>μα,</strong></span> <span class='ocrx_word' id='word_1_395' title='bbox 2280 2581 2375 2640; x_wconf 61' lang='grc' dir='ltr'>τίνα</span> <span class='ocrx_word' id='word_1_396' title='bbox 2429 2590 2533 2639; x_wconf 79' lang='grc' dir='ltr'>πᾶν</span> <span class='ocrx_word' id='word_1_397' title='bbox 2587 2583 2717 2661; x_wconf 88' lang='grc' dir='ltr'>γόνυ</span> <span class='ocrx_word' id='word_1_398' title='bbox 2772 2586 2983 2660; x_wconf 79' lang='grc' dir='ltr'>κάμψῃ,</span> <span class='ocrx_word' id='word_1_399' title='bbox 3043 2585 3133 2641; x_wconf 80' lang='grc' dir='ltr'><strong>καὶ</strong></span> <span class='ocrx_word' id='word_1_400' title='bbox 3190 2591 3337 2641; x_wconf 82' lang='grc' dir='ltr'>πᾶσα</span> <span class='ocrx_word' id='word_1_401' title='bbox 3393 2585 3616 2661; x_wconf 89' lang='grc' dir='ltr'>γλῶσσα</span> <span class='ocrx_word' id='word_1_402' title='bbox 3666 2584 3793 2658; x_wconf 79' lang='grc' dir='ltr'>έξο-</span> 
     </span>
    </p>
   </div>
   <div class='ocr_carea' id='block_1_56' title="bbox 2135 2671 3795 2750">
    <p class='ocr_par' dir='ltr' id='par_1_56' title="bbox 2135 2671 3795 2750">
     <span class='ocr_line' id='line_1_56' title="bbox 2135 2671 3795 2750; baseline 0.002 -23"><span class='ocrx_word' id='word_1_403' title='bbox 2135 2671 2541 2748; x_wconf 76' lang='grc' dir='ltr'>μολογήσηται,</span> <span class='ocrx_word' id='word_1_404' title='bbox 2568 2671 2651 2728; x_wconf 79' lang='grc' dir='ltr'><strong>ὅτι</strong></span> <span class='ocrx_word' id='word_1_405' title='bbox 2683 2672 2885 2747; x_wconf 81' lang='grc' dir='ltr'>Κύριος</span> <span class='ocrx_word' id='word_1_406' title='bbox 2928 2676 3027 2740; x_wconf 67' lang='grc' dir='ltr'><strong>τῆς</strong></span> <span class='ocrx_word' id='word_1_407' title='bbox 3077 2671 3240 2747; x_wconf 77' lang='grc' dir='ltr'>δόξης</span> <span class='ocrx_word' id='word_1_408' title='bbox 3272 2676 3488 2746; x_wconf 83' lang='grc' dir='ltr'>Ἰησοῦς</span> <span class='ocrx_word' id='word_1_409' title='bbox 3552 2675 3795 2750; x_wconf 83' lang='grc' dir='ltr'>Χριστὸς</span> 
     </span>
    </p>
   </div>
   <div class='ocr_carea' id='block_1_57' title="bbox 2133 2757 3792 2838">
    <p class='ocr_par' dir='ltr' id='par_1_57' title="bbox 2133 2757 3792 2838">
     <span class='ocr_line' id='line_1_57' title="bbox 2133 2757 3792 2838; baseline 0.002 -21"><span class='ocrx_word' id='word_1_410' title='bbox 2133 2764 2353 2838; x_wconf 80' lang='grc' dir='ltr'>Σωτὴρ,</span> <span class='ocrx_word' id='word_1_411' title='bbox 2402 2757 2601 2825; x_wconf 76' lang='grc' dir='ltr'>ἀναϐὰς</span> <span class='ocrx_word' id='word_1_412' title='bbox 2657 2763 2820 2828; x_wconf 80' lang='grc' dir='ltr'>αὐτὸς</span> <span class='ocrx_word' id='word_1_413' title='bbox 2872 2763 2964 2818; x_wconf 84' lang='grc' dir='ltr'><strong>καὶ</strong></span> <span class='ocrx_word' id='word_1_414' title='bbox 3013 2759 3278 2827; x_wconf 76' lang='grc' dir='ltr'>καταϐάς.</span> <span class='ocrx_word' id='word_1_415' title='bbox 3320 2764 3397 2823; x_wconf 85' lang='grc' dir='ltr'>Τὸ</span> <span class='ocrx_word' id='word_1_416' title='bbox 3462 2761 3541 2836; x_wconf 73' lang='grc' dir='ltr'>δὲ,</span> <span class='ocrx_word' id='word_1_417' title='bbox 3593 2759 3792 2838; x_wconf 71' lang='grc' dir='ltr'>ἀνέϐη,</span> 
     </span>
    </p>
   </div>
   <div class='ocr_carea' id='block_1_58' title="bbox 2128 2847 3792 2926">
    <p class='ocr_par' dir='ltr' id='par_1_58' title="bbox 2128 2847 3792 2926">
     <span class='ocr_line' id='line_1_58' title="bbox 2128 2847 3792 2926; baseline 0.002 -20"><span class='ocrx_word' id='word_1_418' title='bbox 2128 2850 2182 2906; x_wconf 91' lang='grc' dir='ltr'><strong>τί</strong></span> <span class='ocrx_word' id='word_1_419' title='bbox 2240 2851 2406 2923; x_wconf 80' lang='grc' dir='ltr'>ἐστιν,</span> <span class='ocrx_word' id='word_1_420' title='bbox 2439 2851 2489 2906; x_wconf 77' lang='grc' dir='ltr'>εἷ</span> <span class='ocrx_word' id='word_1_421' title='bbox 2543 2853 2619 2925; x_wconf 80' lang='grc' dir='ltr'>μὴ</span> <span class='ocrx_word' id='word_1_422' title='bbox 2679 2853 2763 2907; x_wconf 81' lang='grc' dir='ltr'><strong>ὅτι</strong></span> <span class='ocrx_word' id='word_1_423' title='bbox 2822 2851 2913 2908; x_wconf 80' lang='grc' dir='ltr'>καὶ</span> <span class='ocrx_word' id='word_1_424' title='bbox 2943 2847 3181 2926; x_wconf 82' lang='grc' dir='ltr'>κατέ6η;</span> <span class='ocrx_word' id='word_1_425' title='bbox 3214 2855 3278 2911; x_wconf 88' lang='grc' dir='ltr'>Ὁ</span> <span class='ocrx_word' id='word_1_426' title='bbox 3326 2847 3567 2916; x_wconf 75' lang='grc' dir='ltr'>καταϐὰς</span> <span class='ocrx_word' id='word_1_427' title='bbox 3623 2852 3792 2918; x_wconf 79' lang='grc' dir='ltr'>αὐτός</span> 
     </span>
    </p>
   </div>
   <div class='ocr_carea' id='block_1_59' title="bbox 2129 2936 3791 3019">
    <p class='ocr_par' dir='ltr' id='par_1_59' title="bbox 2129 2936 3791 3019">
     <span class='ocr_line' id='line_1_59' title="bbox 2129 2936 3791 3019; baseline 0.001 -22"><span class='ocrx_word' id='word_1_428' title='bbox 2129 2941 2269 2997; x_wconf 82' lang='grc' dir='ltr'>έστιν</span> <span class='ocrx_word' id='word_1_429' title='bbox 2330 2940 2406 3003; x_wconf 81' lang='grc' dir='ltr'>εἰς</span> <span class='ocrx_word' id='word_1_430' title='bbox 2446 2942 2514 2997; x_wconf 81' lang='grc' dir='ltr'>τὰ</span> <span class='ocrx_word' id='word_1_431' title='bbox 2549 2942 2834 2997; x_wconf 85' lang='grc' dir='ltr'>κατώτατα</span> <span class='ocrx_word' id='word_1_432' title='bbox 2887 2948 2989 3012; x_wconf 79' lang='grc' dir='ltr'><strong>τῆς</strong></span> <span class='ocrx_word' id='word_1_433' title='bbox 3020 2949 3146 3017; x_wconf 84' lang='grc' dir='ltr'>γῆς,</span> <span class='ocrx_word' id='word_1_434' title='bbox 3176 2942 3269 2997; x_wconf 73' lang='grc' dir='ltr'><strong>καὶ</strong></span> <span class='ocrx_word' id='word_1_435' title='bbox 3300 2936 3498 3005; x_wconf 74' lang='grc' dir='ltr'>ἀναϐὰς</span> <span class='ocrx_word' id='word_1_436' title='bbox 3535 2941 3791 3019; x_wconf 81' lang='grc' dir='ltr'>ὑπεράνω</span> 
     </span>
    </p>
   </div>
   <div class='ocr_carea' id='block_1_60' title="bbox 2125 3030 2527 3105">
    <p class='ocr_par' dir='ltr' id='par_1_60' title="bbox 2125 3030 2527 3105">
     <span class='ocr_line' id='line_1_60' title="bbox 2125 3030 2527 3105; baseline 0.002 -20"><span class='ocrx_word' id='word_1_437' title='bbox 2125 3035 2234 3085; x_wconf 92' lang='grc' dir='ltr'><strong>τῶν</strong></span> <span class='ocrx_word' id='word_1_438' title='bbox 2268 3030 2527 3105; x_wconf 78' lang='grc' dir='ltr'>οὐρανῶν.</span> 
     </span>
    </p>
   </div>
   <div class='ocr_carea' id='block_1_61' title="bbox 2198 3116 3790 3198">
    <p class='ocr_par' dir='ltr' id='par_1_61' title="bbox 2198 3116 3790 3198">
     <span class='ocr_line' id='line_1_61' title="bbox 2198 3116 3790 3198; baseline 0.001 -22"><span class='ocrx_word' id='word_1_439' title='bbox 2198 3121 2325 3176; x_wconf 80' lang='lat' dir='ltr'><strong>MA&#39;.</strong></span> <span class='ocrx_word' id='word_1_440' title='bbox 2362 3116 2575 3175; x_wconf 79' lang='grc' dir='ltr'>ἰδοῦσα</span> <span class='ocrx_word' id='word_1_441' title='bbox 2631 3118 2691 3175; x_wconf 74' lang='grc' dir='ltr'>δὲ</span> <span class='ocrx_word' id='word_1_442' title='bbox 2746 3118 2907 3175; x_wconf 77' lang='grc' dir='ltr'>αὐτὸν</span> <span class='ocrx_word' id='word_1_443' title='bbox 2962 3121 2998 3190; x_wconf 78' lang='grc' dir='ltr'>ἡ</span> <span class='ocrx_word' id='word_1_444' title='bbox 3049 3121 3227 3198; x_wconf 83' lang='grc' dir='ltr'>Σοφία</span> <span class='ocrx_word' id='word_1_445' title='bbox 3267 3121 3462 3196; x_wconf 79' lang='grc' dir='ltr'>ὅμοιον</span> <span class='ocrx_word' id='word_1_446' title='bbox 3510 3120 3592 3196; x_wconf 76' lang='grc' dir='ltr'><strong>τῷ</strong></span> <span class='ocrx_word' id='word_1_447' title='bbox 3620 3141 3790 3178; x_wconf 88' lang='grc' dir='ltr'>κατα-</span> 
     </span>
    </p>
   </div>
   <div class='ocr_carea' id='block_1_62' title="bbox 363 3209 2017 3289">
    <p class='ocr_par' dir='ltr' id='par_1_62' title="bbox 363 3210 2014 3284">
     <span class='ocr_line' id='line_1_62' title="bbox 363 3210 2014 3284; baseline 0.001 -14"><span class='ocrx_word' id='word_1_448' title='bbox 363 3214 478 3270; x_wconf 91' lang='lat' dir='ltr'><strong>luci</strong></span> <span class='ocrx_word' id='word_1_449' title='bbox 511 3228 643 3284; x_wconf 70' lang='lat' dir='ltr'><strong>quae</strong></span> <span class='ocrx_word' id='word_1_450' title='bbox 686 3212 870 3283; x_wconf 88' lang='lat' dir='ltr'><strong>ipsam</strong></span> <span class='ocrx_word' id='word_1_451' title='bbox 917 3210 1254 3283; x_wconf 85' lang='lat' dir='ltr'><strong>reliquerat,</strong></span> <span class='ocrx_word' id='word_1_452' title='bbox 1279 3214 1571 3284; x_wconf 88' lang='lat' dir='ltr'><strong>cognovit,</strong></span> <span class='ocrx_word' id='word_1_453' title='bbox 1603 3214 1879 3283; x_wconf 89' lang='lat' dir='ltr'><strong>accurrit,</strong></span> <span class='ocrx_word' id='word_1_454' title='bbox 1912 3230 2014 3271; x_wconf 81' lang='lat' dir='ltr'><strong>ex-</strong></span> 
     </span>
    </p>
   </div>
   <div class='ocr_carea' id='block_1_63' title="bbox 2138 3209 3793 3289">
    <p class='ocr_par' dir='ltr' id='par_1_63' title="bbox 2138 3209 3793 3289">
     <span class='ocr_line' id='line_1_63' title="bbox 2138 3209 3793 3289; baseline 0.001 -23"><span class='ocrx_word' id='word_1_455' title='bbox 2138 3210 2351 3267; x_wconf 81' lang='grc' dir='ltr'>λιπόντι</span> <span class='ocrx_word' id='word_1_456' title='bbox 2407 3209 2574 3279; x_wconf 75' lang='grc' dir='ltr'>αὐτὴν</span> <span class='ocrx_word' id='word_1_457' title='bbox 2633 3210 2798 3286; x_wconf 87' lang='grc' dir='ltr'>φωτὶ,</span> <span class='ocrx_word' id='word_1_458' title='bbox 2830 3209 3088 3287; x_wconf 76' lang='grc' dir='ltr'>ἐγνώρισε</span> <span class='ocrx_word' id='word_1_459' title='bbox 3142 3210 3232 3266; x_wconf 79' lang='grc' dir='ltr'>καί</span> <span class='ocrx_word' id='word_1_460' title='bbox 3274 3210 3647 3289; x_wconf 70' lang='grc' dir='ltr'>προσέδραμε,</span> <span class='ocrx_word' id='word_1_461' title='bbox 3694 3211 3793 3269; x_wconf 74' lang='grc' dir='ltr'><strong>καὶ</strong></span> 
     </span>
    </p>
   </div>
   <div class='ocr_carea' id='block_1_64' title="bbox 363 3264 2017 3379">
    <p class='ocr_par' dir='ltr' id='par_1_64' title="bbox 363 3264 2011 3373">
     <span class='ocr_line' id='line_1_64' title="bbox 363 3264 2011 3373; baseline 0 -13"><span class='ocrx_word' id='word_1_462' title='bbox 363 3264 629 3372; x_wconf 53' lang='lat' dir='ltr'><strong>saltavit,</strong></span> <span class='ocrx_word' id='word_1_463' title='bbox 661 3264 996 3373; x_wconf 53' lang='lat' dir='ltr'><strong>etrdenique</strong></span> <span class='ocrx_word' id='word_1_464' title='bbox 1030 3264 1289 3357; x_wconf 46' lang='lat' dir='ltr'><strong>ddorav&#39;it</strong></span> <span class='ocrx_word' id='word_1_465' title='bbox 1322 3264 1628 3373; x_wconf 63' lang='lat' dir='ltr'><strong>:aangelhs</strong></span> <span class='ocrx_word' id='word_1_466' title='bbox 1659 3264 2011 3360; x_wconf 38' lang='lat' dir='ltr'><strong>autemyma-</strong></span> 
     </span>
    </p>
   </div>
   <div class='ocr_carea' id='block_1_65' title="bbox 2138 3264 3795 3379">
    <p class='ocr_par' dir='ltr' id='par_1_65' title="bbox 2138 3264 3795 3379">
     <span class='ocr_line' id='line_1_65' title="bbox 2138 3264 3795 3379; baseline 0.002 -25"><span class='ocrx_word' id='word_1_467' title='bbox 2138 3264 2509 3377; x_wconf 46' lang='lat' dir='ltr'><strong>amitam;</strong></span> <span class='ocrx_word' id='word_1_468' title='bbox 2533 3264 2657 3355; x_wconf 69' lang='grc' dir='ltr'><strong>’καί</strong></span> <span class='ocrx_word' id='word_1_469' title='bbox 2679 3264 3051 3373; x_wconf 44' lang='lat' dir='ltr'><strong>agatis;</strong></span> <span class='ocrx_word' id='word_1_470' title='bbox 3070 3264 3097 3334; x_wconf 65' lang='grc' dir='ltr'>ἒ</span> <span class='ocrx_word' id='word_1_471' title='bbox 3127 3264 3257 3365; x_wconf 52' lang='grc' dir='ltr'>..ἐκ</span> <span class='ocrx_word' id='word_1_472' title='bbox 3283 3264 3345 3356; x_wconf 65' lang='lat' dir='ltr'><strong>si</strong></span> <span class='ocrx_word' id='word_1_473' title='bbox 3360 3264 3795 3379; x_wconf 49' lang='grc' dir='ltr'><strong>’ἐρῥέξαῖὲιγῆξὲἐ</strong></span> 
     </span>
    </p>
   </div>
   <div class='ocr_carea' id='block_1_66' title="bbox 361 3389 2017 3462">
    <p class='ocr_par' dir='ltr' id='par_1_66' title="bbox 361 3389 2017 3462">
     <span class='ocr_line' id='line_1_66' title="bbox 361 3389 2017 3462; baseline -0.001 -13"><span class='ocrx_word' id='word_1_474' title='bbox 361 3390 559 3450; x_wconf 90' lang='lat' dir='ltr'><strong>sculos</strong></span> <span class='ocrx_word' id='word_1_475' title='bbox 589 3407 721 3447; x_wconf 91' lang='lat' dir='ltr'><strong>cum</strong></span> <span class='ocrx_word' id='word_1_476' title='bbox 742 3391 988 3446; x_wconf 87' lang='lat' dir='ltr'><strong>vidisset</strong></span> <span class='ocrx_word' id='word_1_477' title='bbox 1007 3389 1110 3462; x_wconf 89' lang='lat' dir='ltr'><strong>qui</strong></span> <span class='ocrx_word' id='word_1_478' title='bbox 1140 3406 1275 3445; x_wconf 92' lang='lat' dir='ltr'><strong>cum</strong></span> <span class='ocrx_word' id='word_1_479' title='bbox 1309 3390 1408 3445; x_wconf 88' lang='lat' dir='ltr'><strong>illo</strong></span> <span class='ocrx_word' id='word_1_480' title='bbox 1445 3390 1612 3445; x_wconf 86' lang='lat' dir='ltr'><strong>missi</strong></span> <span class='ocrx_word' id='word_1_481' title='bbox 1636 3395 1792 3461; x_wconf 91' lang='lat' dir='ltr'><strong>sunt,</strong></span> <span class='ocrx_word' id='word_1_482' title='bbox 1815 3391 2017 3449; x_wconf 90' lang='lat' dir='ltr'><strong>incan-</strong></span> 
     </span>
    </p>
   </div>
   <div class='ocr_carea' id='block_1_67' title="bbox 361 3478 2019 3551">
    <p class='ocr_par' dir='ltr' id='par_1_67' title="bbox 361 3478 2019 3551">
     <span class='ocr_line' id='line_1_67' title="bbox 361 3478 2019 3551; baseline 0 -14"><span class='ocrx_word' id='word_1_483' title='bbox 361 3481 492 3537; x_wconf 90' lang='lat' dir='ltr'><strong>duit</strong></span> <span class='ocrx_word' id='word_1_484' title='bbox 546 3496 645 3537; x_wconf 89' lang='lat' dir='ltr'><strong>ore</strong></span> <span class='ocrx_word' id='word_1_485' title='bbox 701 3479 899 3545; x_wconf 83' lang='lat' dir='ltr'><strong>rubor,</strong></span> <span class='ocrx_word' id='word_1_486' title='bbox 945 3489 1263 3551; x_wconf 84' lang='lat' dir='ltr'><strong>velumque</strong></span> <span class='ocrx_word' id='word_1_487' title='bbox 1307 3478 1371 3542; x_wconf 67' lang='grc' dir='ltr'><strong>»ια</strong></span> <span class='ocrx_word' id='word_1_488' title='bbox 1416 3479 1718 3551; x_wconf 87' lang='lat' dir='ltr'><strong>imposuit.</strong></span> <span class='ocrx_word' id='word_1_489' title='bbox 1761 3480 2019 3551; x_wconf 84' lang='lat' dir='ltr'><strong>Hujusce</strong></span> 
     </span>
    </p>
   </div>
   <div class='ocr_carea' id='block_1_68' title="bbox 363 3565 2018 3644">
    <p class='ocr_par' dir='ltr' id='par_1_68' title="bbox 363 3565 2018 3644">
     <span class='ocr_line' id='line_1_68' title="bbox 363 3565 2018 3644; baseline 0.001 -18"><span class='ocrx_word' id='word_1_490' title='bbox 363 3569 624 3644; x_wconf 80' lang='lat' dir='ltr'><strong>mysterii</strong></span> <span class='ocrx_word' id='word_1_491' title='bbox 656 3567 846 3640; x_wconf 88' lang='lat' dir='ltr'><strong>gratia</strong></span> <span class='ocrx_word' id='word_1_492' title='bbox 875 3565 1093 3623; x_wconf 90' lang='lat' dir='ltr'><strong>Paulus</strong></span> <span class='ocrx_word' id='word_1_493' title='bbox 1115 3568 1286 3637; x_wconf 84' lang='lat' dir='ltr'><strong>jubet</strong></span> <span class='ocrx_word' id='word_1_494' title='bbox 1314 3576 1376 3622; x_wconf 84' lang='lat' dir='ltr'><strong>ut</strong></span> <span class='ocrx_word' id='word_1_495' title='bbox 1400 3566 1662 3624; x_wconf 82' lang='lat' dir='ltr'><strong>mulieres</strong></span> <span class='ocrx_word' id='word_1_496' title='bbox 1693 3573 2018 3642; x_wconf 84' lang='lat' dir='ltr'><strong>potestatem</strong></span> 
     </span>
    </p>
   </div>
   <div class='ocr_carea' id='block_1_69' title="bbox 359 3656 1594 3731">
    <p class='ocr_par' dir='ltr' id='par_1_69' title="bbox 359 3656 1594 3731">
     <span class='ocr_line' id='line_1_69' title="bbox 359 3656 1594 3731; baseline -0.002 -17"><span class='ocrx_word' id='word_1_497' title='bbox 359 3662 567 3731; x_wconf 85' lang='lat' dir='ltr'><strong>gestent</strong></span> <span class='ocrx_word' id='word_1_498' title='bbox 595 3671 761 3727; x_wconf 89' lang='lat' dir='ltr'><strong>super</strong></span> <span class='ocrx_word' id='word_1_499' title='bbox 788 3659 978 3727; x_wconf 86' lang='lat' dir='ltr'><strong>caput,</strong></span> <span class='ocrx_word' id='word_1_500' title='bbox 1007 3663 1229 3726; x_wconf 82' lang='lat' dir='ltr'><strong>prapler</strong></span> <span class='ocrx_word' id='word_1_501' title='bbox 1257 3656 1477 3727; x_wconf 82' lang='lat' dir='ltr'><strong>angelos</strong></span> <span class='ocrx_word' id='word_1_502' title='bbox 1507 3657 1594 3728; x_wconf 82' lang='lat' dir='ltr'><strong>(f).</strong></span> 
     </span>
    </p>
   </div>
   <div class='ocr_carea' id='block_1_70' title="bbox 429 3745 2013 3819">
    <p class='ocr_par' dir='ltr' id='par_1_70' title="bbox 429 3745 2013 3819">
     <span class='ocr_line' id='line_1_70' title="bbox 429 3745 2013 3819; baseline 0 -14"><span class='ocrx_word' id='word_1_503' title='bbox 429 3748 592 3805; x_wconf 87' lang='lat' dir='ltr'><strong>XLV.</strong></span> <span class='ocrx_word' id='word_1_504' title='bbox 629 3748 759 3804; x_wconf 73' lang='lat' dir='ltr'><strong>Max</strong></span> <span class='ocrx_word' id='word_1_505' title='bbox 789 3746 971 3819; x_wconf 88' lang='lat' dir='ltr'><strong>igitur</strong></span> <span class='ocrx_word' id='word_1_506' title='bbox 1015 3745 1278 3802; x_wconf 81' lang='lat' dir='ltr'><strong>Salvator</strong></span> <span class='ocrx_word' id='word_1_507' title='bbox 1325 3747 1573 3803; x_wconf 85' lang='lat' dir='ltr'><strong>formam</strong></span> <span class='ocrx_word' id='word_1_508' title='bbox 1621 3748 1803 3816; x_wconf 77' lang='lat' dir='ltr'><strong>affert,</strong></span> <span class='ocrx_word' id='word_1_509' title='bbox 1838 3750 2013 3806; x_wconf 87' lang='lat' dir='ltr'><strong>nimi-</strong></span> 
     </span>
    </p>
   </div>
   <div class='ocr_carea' id='block_1_71' title="bbox 361 3836 2010 3912">
    <p class='ocr_par' dir='ltr' id='par_1_71' title="bbox 361 3836 2010 3912">
     <span class='ocr_line' id='line_1_71' title="bbox 361 3836 2010 3912; baseline 0.001 -17"><span class='ocrx_word' id='word_1_510' title='bbox 361 3855 494 3896; x_wconf 90' lang='lat' dir='ltr'><strong>rum</strong></span> <span class='ocrx_word' id='word_1_511' title='bbox 553 3837 868 3894; x_wconf 81' lang='lat' dir='ltr'><strong>aﬂ‘ectuum</strong></span> <span class='ocrx_word' id='word_1_512' title='bbox 923 3836 1354 3892; x_wconf 88' lang='lat' dir='ltr'><strong>damnationem</strong></span> <span class='ocrx_word' id='word_1_513' title='bbox 1403 3842 1579 3909; x_wconf 87' lang='lat' dir='ltr'><strong>atque</strong></span> <span class='ocrx_word' id='word_1_514' title='bbox 1635 3838 2010 3912; x_wconf 88' lang='lat' dir='ltr'><strong>medicinam,</strong></span> 
     </span>
    </p>
   </div>
   <div class='ocr_carea' id='block_1_72' title="bbox 359 3924 2010 4000">
    <p class='ocr_par' dir='ltr' id='par_1_72' title="bbox 359 3924 2010 4000">
     <span class='ocr_line' id='line_1_72' title="bbox 359 3924 2010 4000; baseline -0.001 -14"><span class='ocrx_word' id='word_1_515' title='bbox 359 3929 678 3987; x_wconf 89' lang='lat' dir='ltr'><strong>ostendens</strong></span> <span class='ocrx_word' id='word_1_516' title='bbox 736 3942 866 3998; x_wconf 74' lang='lat' dir='ltr'><strong>qum</strong></span> <span class='ocrx_word' id='word_1_517' title='bbox 914 3943 947 3982; x_wconf 90' lang='lat' dir='ltr'><strong>a</strong></span> <span class='ocrx_word' id='word_1_518' title='bbox 989 3924 1158 3981; x_wconf 87' lang='lat' dir='ltr'><strong>Patre</strong></span> <span class='ocrx_word' id='word_1_519' title='bbox 1201 3924 1464 3999; x_wconf 87' lang='lat' dir='ltr'><strong>ingenito</strong></span> <span class='ocrx_word' id='word_1_520' title='bbox 1512 3926 1570 3981; x_wconf 89' lang='lat' dir='ltr'><strong>in</strong></span> <span class='ocrx_word' id='word_1_521' title='bbox 1623 3927 2010 4000; x_wconf 87' lang='lat' dir='ltr'><strong>Plenitudine,</strong></span> 
     </span>
    </p>
   </div>
   <div class='ocr_carea' id='block_1_73' title="bbox 362 4017 2012 4091">
    <p class='ocr_par' dir='ltr' id='par_1_73' title="bbox 362 4017 2012 4091">
     <span class='ocr_line' id='line_1_73' title="bbox 362 4017 2012 4091; baseline 0.001 -17"><span class='ocrx_word' id='word_1_522' title='bbox 362 4033 611 4091; x_wconf 64' lang='lat' dir='ltr'><strong>quaeque</strong></span> <span class='ocrx_word' id='word_1_523' title='bbox 635 4017 708 4072; x_wconf 88' lang='lat' dir='ltr'><strong>ad</strong></span> <span class='ocrx_word' id='word_1_524' title='bbox 731 4017 921 4089; x_wconf 90' lang='lat' dir='ltr'><strong>ipsam</strong></span> <span class='ocrx_word' id='word_1_525' title='bbox 944 4030 1132 4088; x_wconf 87' lang='lat' dir='ltr'><strong>usque</strong></span> <span class='ocrx_word' id='word_1_526' title='bbox 1150 4020 1384 4073; x_wconf 87' lang='lat' dir='ltr'><strong>essent:</strong></span> <span class='ocrx_word' id='word_1_527' title='bbox 1418 4034 1697 4075; x_wconf 90' lang='lat' dir='ltr'><strong>amovens</strong></span> <span class='ocrx_word' id='word_1_528' title='bbox 1718 4036 1850 4075; x_wconf 89' lang='lat' dir='ltr'><strong>vero</strong></span> <span class='ocrx_word' id='word_1_529' title='bbox 1881 4020 2012 4091; x_wconf 87' lang='lat' dir='ltr'><strong>qui-</strong></span> 
     </span>
    </p>
   </div>
   <div class='ocr_carea' id='block_1_74' title="bbox 359 4103 2010 4178">
    <p class='ocr_par' dir='ltr' id='par_1_74' title="bbox 359 4103 2010 4178">
     <span class='ocr_line' id='line_1_74' title="bbox 359 4103 2010 4178; baseline -0.001 -13"><span class='ocrx_word' id='word_1_530' title='bbox 359 4110 472 4166; x_wconf 86' lang='lat' dir='ltr'><strong>bus</strong></span> <span class='ocrx_word' id='word_1_531' title='bbox 502 4103 865 4164; x_wconf 56' lang='lat' dir='ltr'><strong>laboraverat</strong></span> <span class='ocrx_word' id='word_1_532' title='bbox 893 4106 1153 4175; x_wconf 71' lang='lat' dir='ltr'><strong>affectus,</strong></span> <span class='ocrx_word' id='word_1_533' title='bbox 1188 4105 1375 4176; x_wconf 87' lang='lat' dir='ltr'><strong>ipsam</strong></span> <span class='ocrx_word' id='word_1_534' title='bbox 1425 4106 1663 4178; x_wconf 91' lang='lat' dir='ltr'><strong>quidem</strong></span> <span class='ocrx_word' id='word_1_535' title='bbox 1696 4108 1768 4163; x_wconf 90' lang='lat' dir='ltr'><strong>ab</strong></span> <span class='ocrx_word' id='word_1_536' title='bbox 1800 4108 2010 4165; x_wconf 89' lang='lat' dir='ltr'><strong>iisdem</strong></span> 
     </span>
    </p>
   </div>
   <div class='ocr_carea' id='block_1_75' title="bbox 359 4194 2012 4254">
    <p class='ocr_par' dir='ltr' id='par_1_75' title="bbox 359 4194 2012 4254">
     <span class='ocr_line' id='line_1_75' title="bbox 359 4194 2012 4254; baseline 0 0"><span class='ocrx_word' id='word_1_537' title='bbox 359 4200 687 4254; x_wconf 88' lang='lat' dir='ltr'><strong>immunem</strong></span> <span class='ocrx_word' id='word_1_538' title='bbox 708 4196 859 4252; x_wconf 87' lang='lat' dir='ltr'><strong>fecit.</strong></span> <span class='ocrx_word' id='word_1_539' title='bbox 886 4194 1195 4251; x_wconf 88' lang='lat' dir='ltr'><strong>Passiones</strong></span> <span class='ocrx_word' id='word_1_540' title='bbox 1223 4200 1421 4251; x_wconf 89' lang='lat' dir='ltr'><strong>autem</strong></span> <span class='ocrx_word' id='word_1_541' title='bbox 1455 4194 1797 4253; x_wconf 85' lang='lat' dir='ltr'><strong>discernens</strong></span> <span class='ocrx_word' id='word_1_542' title='bbox 1818 4213 2012 4254; x_wconf 78' lang='lat' dir='ltr'><strong>serva-</strong></span> 
     </span>
    </p>
   </div>
   <div class='ocr_carea' id='block_1_76' title="bbox 359 4283 2015 4356">
    <p class='ocr_par' dir='ltr' id='par_1_76' title="bbox 359 4283 2015 4356">
     <span class='ocr_line' id='line_1_76' title="bbox 359 4283 2015 4356; baseline -0.001 -13"><span class='ocrx_word' id='word_1_543' title='bbox 359 4288 462 4354; x_wconf 85' lang='lat' dir='ltr'><strong>vit,</strong></span> <span class='ocrx_word' id='word_1_544' title='bbox 487 4292 545 4343; x_wconf 91' lang='lat' dir='ltr'><strong>et</strong></span> <span class='ocrx_word' id='word_1_545' title='bbox 576 4302 691 4343; x_wconf 91' lang='lat' dir='ltr'><strong>non</strong></span> <span class='ocrx_word' id='word_1_546' title='bbox 727 4290 793 4340; x_wconf 90' lang='lat' dir='ltr'><strong>ut</strong></span> <span class='ocrx_word' id='word_1_547' title='bbox 822 4284 893 4339; x_wconf 91' lang='lat' dir='ltr'><strong>ab</strong></span> <span class='ocrx_word' id='word_1_548' title='bbox 923 4283 1186 4339; x_wconf 87' lang='lat' dir='ltr'><strong>interiori</strong></span> <span class='ocrx_word' id='word_1_549' title='bbox 1218 4284 1605 4356; x_wconf 89' lang='lat' dir='ltr'><strong>dispositione</strong></span> <span class='ocrx_word' id='word_1_550' title='bbox 1636 4284 1924 4356; x_wconf 87' lang='lat' dir='ltr'><strong>liberavit,</strong></span> <span class='ocrx_word' id='word_1_551' title='bbox 1954 4290 2015 4342; x_wconf 90' lang='lat' dir='ltr'><strong>et</strong></span> 
     </span>
    </p>
   </div>
   <div class='ocr_carea' id='block_1_77' title="bbox 360 4371 2013 4447">
    <p class='ocr_par' dir='ltr' id='par_1_77' title="bbox 360 4371 2013 4447">
     <span class='ocr_line' id='line_1_77' title="bbox 360 4371 2013 4447; baseline 0 -16"><span class='ocrx_word' id='word_1_552' title='bbox 360 4376 697 4447; x_wconf 87' lang='lat' dir='ltr'><strong>diripiebat,</strong></span> <span class='ocrx_word' id='word_1_553' title='bbox 730 4373 832 4429; x_wconf 85' lang='lat' dir='ltr'><strong>sed</strong></span> <span class='ocrx_word' id='word_1_554' title='bbox 861 4377 920 4428; x_wconf 89' lang='lat' dir='ltr'><strong>et</strong></span> <span class='ocrx_word' id='word_1_555' title='bbox 949 4373 1020 4428; x_wconf 91' lang='lat' dir='ltr'><strong>ad</strong></span> <span class='ocrx_word' id='word_1_556' title='bbox 1054 4372 1245 4446; x_wconf 85' lang='lat' dir='ltr'><strong>ipsam</strong></span> <span class='ocrx_word' id='word_1_557' title='bbox 1296 4371 1701 4445; x_wconf 88' lang='lat' dir='ltr'><strong>dispositionis</strong></span> <span class='ocrx_word' id='word_1_558' title='bbox 1743 4375 2013 4431; x_wconf 68' lang='lat' dir='ltr'><strong>secunde</strong></span> 
     </span>
    </p>
   </div>
   <div class='ocr_carea' id='block_1_78' title="bbox 363 4462 2015 4536">
    <p class='ocr_par' dir='ltr' id='par_1_78' title="bbox 363 4462 2015 4536">
     <span class='ocr_line' id='line_1_78' title="bbox 363 4462 2015 4536; baseline -0.001 -15"><span class='ocrx_word' id='word_1_559' title='bbox 363 4462 758 4521; x_wconf 87' lang='lat' dir='ltr'><strong>substantiam</strong></span> <span class='ocrx_word' id='word_1_560' title='bbox 806 4463 1065 4518; x_wconf 81' lang='lat' dir='ltr'><strong>deduxit.</strong></span> <span class='ocrx_word' id='word_1_561' title='bbox 1098 4462 1265 4518; x_wconf 88' lang='lat' dir='ltr'><strong>Hunc</strong></span> <span class='ocrx_word' id='word_1_562' title='bbox 1294 4462 1352 4517; x_wconf 93' lang='lat' dir='ltr'><strong>in</strong></span> <span class='ocrx_word' id='word_1_563' title='bbox 1386 4464 1625 4519; x_wconf 90' lang='lat' dir='ltr'><strong>modum</strong></span> <span class='ocrx_word' id='word_1_564' title='bbox 1674 4480 1779 4536; x_wconf 90' lang='lat' dir='ltr'><strong>per</strong></span> <span class='ocrx_word' id='word_1_565' title='bbox 1823 4464 2015 4521; x_wconf 89' lang='lat' dir='ltr'><strong>Salva-</strong></span> 
     </span>
    </p>
   </div>
   <div class='ocr_carea' id='block_1_79' title="bbox 360 4549 2013 4627">
    <p class='ocr_par' dir='ltr' id='par_1_79' title="bbox 360 4549 2013 4627">
     <span class='ocr_line' id='line_1_79' title="bbox 360 4549 2013 4627; baseline 0.001 -18"><span class='ocrx_word' id='word_1_566' title='bbox 360 4553 506 4610; x_wconf 90' lang='lat' dir='ltr'><strong>toris</strong></span> <span class='ocrx_word' id='word_1_567' title='bbox 536 4549 957 4624; x_wconf 89' lang='lat' dir='ltr'><strong>apparitionem</strong></span> <span class='ocrx_word' id='word_1_568' title='bbox 990 4550 1289 4624; x_wconf 88' lang='lat' dir='ltr'><strong>Sapientia</strong></span> <span class='ocrx_word' id='word_1_569' title='bbox 1317 4556 1408 4608; x_wconf 91' lang='lat' dir='ltr'><strong>est</strong></span> <span class='ocrx_word' id='word_1_570' title='bbox 1435 4552 1737 4622; x_wconf 88' lang='lat' dir='ltr'><strong>producta,</strong></span> <span class='ocrx_word' id='word_1_571' title='bbox 1768 4570 2013 4627; x_wconf 65' lang='lat' dir='ltr'><strong>queque</strong></span> 
     </span>
    </p>
   </div>
   <div class='ocr_carea' id='block_1_80' title="bbox 363 4631 2093 4717">
    <p class='ocr_par' dir='ltr' id='par_1_80' title="bbox 363 4631 2093 4717">
     <span class='ocr_line' id='line_1_80' title="bbox 363 4631 2093 4717; baseline -0.001 -19"><span class='ocrx_word' id='word_1_572' title='bbox 363 4641 619 4699; x_wconf 86' lang='lat' dir='ltr'><strong>exterius</strong></span> <span class='ocrx_word' id='word_1_573' title='bbox 648 4644 791 4696; x_wconf 88' lang='lat' dir='ltr'><strong>sunt</strong></span> <span class='ocrx_word' id='word_1_574' title='bbox 814 4645 1006 4697; x_wconf 86' lang='lat' dir='ltr'><strong>creata</strong></span> <span class='ocrx_word' id='word_1_575' title='bbox 1036 4641 1289 4696; x_wconf 85' lang='lat' dir='ltr'><strong>fuerunt.</strong></span> <span class='ocrx_word' id='word_1_576' title='bbox 1321 4640 1522 4696; x_wconf 86' lang='lat' dir='ltr'><strong>Omnia</strong></span> <span class='ocrx_word' id='word_1_577' title='bbox 1538 4644 1689 4697; x_wconf 78' lang='lat' dir='ltr'><strong>enim</strong></span> <span class='ocrx_word' id='word_1_578' title='bbox 1705 4658 1805 4713; x_wconf 85' lang='lat' dir='ltr'><strong>per</strong></span> <span class='ocrx_word' id='word_1_579' title='bbox 1831 4643 2017 4717; x_wconf 84' lang='lat' dir='ltr'><strong>ipsum</strong></span> <span class='ocrx_word' id='word_1_580' title='bbox 2043 4631 2093 4697; x_wconf 83' lang='lat' dir='ltr'><strong>D</strong></span> 
     </span>
    </p>
   </div>
   <div class='ocr_carea' id='block_1_81' title="bbox 358 4727 1693 4803">
    <p class='ocr_par' dir='ltr' id='par_1_81' title="bbox 358 4727 1693 4803">
     <span class='ocr_line' id='line_1_81' title="bbox 358 4727 1693 4803; baseline 0 -17"><span class='ocrx_word' id='word_1_581' title='bbox 358 4733 507 4803; x_wconf 75' lang='lat' dir='ltr'><strong>facta</strong></span> <span class='ocrx_word' id='word_1_582' title='bbox 534 4733 682 4798; x_wconf 86' lang='lat' dir='ltr'><strong>sunt,</strong></span> <span class='ocrx_word' id='word_1_583' title='bbox 716 4731 919 4802; x_wconf 86' lang='lat' dir='ltr'><strong>absque</strong></span> <span class='ocrx_word' id='word_1_584' title='bbox 947 4730 1046 4786; x_wconf 88' lang='lat' dir='ltr'><strong>illo</strong></span> <span class='ocrx_word' id='word_1_585' title='bbox 1072 4732 1283 4801; x_wconf 78' lang='lat' dir='ltr'><strong>factum</strong></span> <span class='ocrx_word' id='word_1_586' title='bbox 1308 4736 1386 4784; x_wconf 90' lang='lat' dir='ltr'><strong>est</strong></span> <span class='ocrx_word' id='word_1_587' title='bbox 1414 4727 1563 4784; x_wconf 86' lang='lat' dir='ltr'><strong>nihil</strong></span> <span class='ocrx_word' id='word_1_588' title='bbox 1592 4730 1693 4800; x_wconf 87' lang='lat' dir='ltr'><strong>(g).</strong></span> 
     </span>
    </p>
   </div>
   <div class='ocr_carea' id='block_1_82' title="bbox 430 4817 2008 4892">
    <p class='ocr_par' dir='ltr' id='par_1_82' title="bbox 430 4817 2008 4892">
     <span class='ocr_line' id='line_1_82' title="bbox 430 4817 2008 4892; baseline 0.004 -18"><span class='ocrx_word' id='word_1_589' title='bbox 430 4820 625 4877; x_wconf 84' lang='lat' dir='ltr'><strong>XLVI.</strong></span> <span class='ocrx_word' id='word_1_590' title='bbox 658 4818 918 4875; x_wconf 90' lang='lat' dir='ltr'><strong>Primum</strong></span> <span class='ocrx_word' id='word_1_591' title='bbox 950 4819 1149 4888; x_wconf 89' lang='lat' dir='ltr'><strong>itaque</strong></span> <span class='ocrx_word' id='word_1_592' title='bbox 1190 4834 1259 4874; x_wconf 82' lang='lat' dir='ltr'><strong>ex</strong></span> <span class='ocrx_word' id='word_1_593' title='bbox 1304 4817 1513 4873; x_wconf 81' lang='lat' dir='ltr'><strong>aﬂ‘ectu</strong></span> <span class='ocrx_word' id='word_1_594' title='bbox 1560 4818 1902 4892; x_wconf 91' lang='lat' dir='ltr'><strong>incorporeo</strong></span> <span class='ocrx_word' id='word_1_595' title='bbox 1949 4826 2008 4880; x_wconf 91' lang='lat' dir='ltr'><strong>et</strong></span> 
     </span>
    </p>
   </div>
   <div class='ocr_carea' id='block_1_83' title="bbox 357 4905 2008 4985">
    <p class='ocr_par' dir='ltr' id='par_1_83' title="bbox 357 4905 2008 4985">
     <span class='ocr_line' id='line_1_83' title="bbox 357 4905 2008 4985; baseline 0.001 -17"><span class='ocrx_word' id='word_1_596' title='bbox 357 4909 656 4968; x_wconf 87' lang='lat' dir='ltr'><strong>accidente</strong></span> <span class='ocrx_word' id='word_1_597' title='bbox 686 4908 744 4965; x_wconf 92' lang='lat' dir='ltr'><strong>in</strong></span> <span class='ocrx_word' id='word_1_598' title='bbox 775 4907 1212 4980; x_wconf 86' lang='lat' dir='ltr'><strong>incorporeum,</strong></span> <span class='ocrx_word' id='word_1_599' title='bbox 1242 4906 1303 4961; x_wconf 90' lang='lat' dir='ltr'><strong>in</strong></span> <span class='ocrx_word' id='word_1_600' title='bbox 1355 4905 1659 4963; x_wconf 86' lang='lat' dir='ltr'><strong>materiam</strong></span> <span class='ocrx_word' id='word_1_601' title='bbox 1713 4909 1828 4966; x_wconf 68' lang='lat' dir='ltr'><strong>haec</strong></span> <span class='ocrx_word' id='word_1_602' title='bbox 1877 4911 2008 4985; x_wconf 89' lang='lat' dir='ltr'><strong>ipsa</strong></span> 
     </span>
    </p>
   </div>
   <div class='ocr_carea' id='block_1_84' title="bbox 2127 3389 3793 3469">
    <p class='ocr_par' dir='ltr' id='par_1_84' title="bbox 2127 3389 3793 3469">
     <span class='ocr_line' id='line_1_84' title="bbox 2127 3389 3793 3469; baseline 0.002 -23"><span class='ocrx_word' id='word_1_603' title='bbox 2127 3389 2258 3454; x_wconf 90' lang='grc' dir='ltr'>λους</span> <span class='ocrx_word' id='word_1_604' title='bbox 2299 3390 2425 3453; x_wconf 75' lang='grc' dir='ltr'>τοὺς</span> <span class='ocrx_word' id='word_1_605' title='bbox 2475 3391 2567 3446; x_wconf 76' lang='grc' dir='ltr'><strong>σὺν</strong></span> <span class='ocrx_word' id='word_1_606' title='bbox 2604 3391 2756 3464; x_wconf 82' lang='grc' dir='ltr'>αὐτῷ</span> <span class='ocrx_word' id='word_1_607' title='bbox 2803 3390 3206 3468; x_wconf 76' lang='grc' dir='ltr'>ἐκπεμφθέντας</span> <span class='ocrx_word' id='word_1_608' title='bbox 3258 3393 3586 3466; x_wconf 73' lang='grc' dir='ltr'>θεασαμένη,</span> <span class='ocrx_word' id='word_1_609' title='bbox 3619 3413 3793 3469; x_wconf 78' lang='grc' dir='ltr'>κατῃ-</span> 
     </span>
    </p>
   </div>
   <div class='ocr_carea' id='block_1_85' title="bbox 2126 3478 3794 3558">
    <p class='ocr_par' dir='ltr' id='par_1_85' title="bbox 2126 3478 3794 3558">
     <span class='ocr_line' id='line_1_85' title="bbox 2126 3478 3794 3558; baseline 0.001 -22"><span class='ocrx_word' id='word_1_610' title='bbox 2126 3478 2288 3552; x_wconf 86' lang='grc' dir='ltr'>δέσθη</span> <span class='ocrx_word' id='word_1_611' title='bbox 2320 3480 2411 3536; x_wconf 81' lang='grc' dir='ltr'><strong>καὶ</strong></span> <span class='ocrx_word' id='word_1_612' title='bbox 2440 3478 2709 3553; x_wconf 84' lang='grc' dir='ltr'>κάλυμμα</span> <span class='ocrx_word' id='word_1_613' title='bbox 2739 3479 2979 3544; x_wconf 80' lang='grc' dir='ltr'>ἐπέθετο.</span> <span class='ocrx_word' id='word_1_614' title='bbox 3001 3481 3098 3535; x_wconf 81' lang='grc' dir='ltr'><strong>Διὰ</strong></span> <span class='ocrx_word' id='word_1_615' title='bbox 3122 3480 3321 3537; x_wconf 74' lang='grc' dir='ltr'>τούτου</span> <span class='ocrx_word' id='word_1_616' title='bbox 3350 3479 3449 3537; x_wconf 80' lang='grc' dir='ltr'><strong>τοῦ</strong></span> <span class='ocrx_word' id='word_1_617' title='bbox 3483 3480 3794 3558; x_wconf 86' lang='grc' dir='ltr'>μυστηρίου</span> 
     </span>
    </p>
   </div>
   <div class='ocr_carea' id='block_1_86' title="bbox 2126 3567 3792 3647">
    <p class='ocr_par' dir='ltr' id='par_1_86' title="bbox 2126 3567 3792 3647">
     <span class='ocr_line' id='line_1_86' title="bbox 2126 3567 3792 3647; baseline 0.001 -21"><span class='ocrx_word' id='word_1_618' title='bbox 2126 3571 2155 3626; x_wconf 89' lang='lat'><strong>6</strong></span> <span class='ocrx_word' id='word_1_619' title='bbox 2205 3568 2421 3632; x_wconf 85' lang='grc' dir='ltr'>Παῦλος</span> <span class='ocrx_word' id='word_1_620' title='bbox 2465 3567 2675 3624; x_wconf 76' lang='grc' dir='ltr'>κελεύει</span> <span class='ocrx_word' id='word_1_621' title='bbox 2723 3568 2819 3631; x_wconf 72' lang='grc' dir='ltr'><strong>τὰς</strong></span> <span class='ocrx_word' id='word_1_622' title='bbox 2866 3574 3125 3644; x_wconf 85' lang='grc' dir='ltr'>γυναῖκας</span> <span class='ocrx_word' id='word_1_623' title='bbox 3175 3575 3362 3647; x_wconf 80' lang='grc' dir='ltr'>φορεῖν</span> <span class='ocrx_word' id='word_1_624' title='bbox 3420 3570 3665 3645; x_wconf 73' lang='grc' dir='ltr'>ἐξουσίαν</span> <span class='ocrx_word' id='word_1_625' title='bbox 3697 3570 3792 3629; x_wconf 73' lang='grc' dir='ltr'>ἐπὶ</span> 
     </span>
    </p>
   </div>
   <div class='ocr_carea' id='block_1_87' title="bbox 2120 3655 3115 3736">
    <p class='ocr_par' dir='ltr' id='par_1_87' title="bbox 2120 3655 3115 3736">
     <span class='ocr_line' id='line_1_87' title="bbox 2120 3655 3115 3736; baseline 0.002 -21"><span class='ocrx_word' id='word_1_626' title='bbox 2120 3667 2221 3722; x_wconf 64' lang='grc' dir='ltr'>τῖς</span> <span class='ocrx_word' id='word_1_627' title='bbox 2248 3658 2515 3736; x_wconf 79' lang='grc' dir='ltr'>κεφαλῆς,</span> <span class='ocrx_word' id='word_1_628' title='bbox 2548 3655 2637 3713; x_wconf 79' lang='grc' dir='ltr'><strong>διὰ</strong></span> <span class='ocrx_word' id='word_1_629' title='bbox 2663 3657 2791 3721; x_wconf 79' lang='grc' dir='ltr'>τοὺς</span> <span class='ocrx_word' id='word_1_630' title='bbox 2825 3656 3115 3734; x_wconf 71' lang='grc' dir='ltr'>ἀγγέλους.</span> 
     </span>
    </p>
   </div>
   <div class='ocr_carea' id='block_1_88' title="bbox 2194 3744 3785 3830">
    <p class='ocr_par' dir='ltr' id='par_1_88' title="bbox 2194 3744 3785 3830">
     <span class='ocr_line' id='line_1_88' title="bbox 2194 3744 3785 3830; baseline 0.001 -25"><span class='ocrx_word' id='word_1_631' title='bbox 2194 3749 2327 3805; x_wconf 85' lang='lat' dir='ltr'><strong>ME&#39;.</strong></span> <span class='ocrx_word' id='word_1_632' title='bbox 2363 3747 2539 3810; x_wconf 80' lang='grc' dir='ltr'><strong>Εὐθὺς</strong></span> <span class='ocrx_word' id='word_1_633' title='bbox 2589 3744 2682 3801; x_wconf 78' lang='grc' dir='ltr'><strong>οὖν</strong></span> <span class='ocrx_word' id='word_1_634' title='bbox 2716 3748 2744 3801; x_wconf 90' lang='lat'><strong>6</strong></span> <span class='ocrx_word' id='word_1_635' title='bbox 2788 3748 2984 3823; x_wconf 81' lang='grc' dir='ltr'>Σωτὴρ</span> <span class='ocrx_word' id='word_1_636' title='bbox 3040 3747 3283 3828; x_wconf 76' lang='grc' dir='ltr'>ἐπιφέρει</span> <span class='ocrx_word' id='word_1_637' title='bbox 3330 3748 3498 3821; x_wconf 77' lang='grc' dir='ltr'>αὐτὴν</span> <span class='ocrx_word' id='word_1_638' title='bbox 3551 3748 3785 3830; x_wconf 80' lang='grc' dir='ltr'>μόρφω-</span> 
     </span>
    </p>
   </div>
   <div class='ocr_carea' id='block_1_89' title="bbox 2121 3835 3786 3911">
    <p class='ocr_par' dir='ltr' id='par_1_89' title="bbox 2121 3835 3786 3911">
     <span class='ocr_line' id='line_1_89' title="bbox 2121 3835 3786 3911; baseline 0.002 -19"><span class='ocrx_word' id='word_1_639' title='bbox 2121 3858 2204 3892; x_wconf 89' lang='grc' dir='ltr'><strong>σιν</strong></span> <span class='ocrx_word' id='word_1_640' title='bbox 2235 3839 2334 3906; x_wconf 79' lang='grc' dir='ltr'><strong>τήν</strong></span> <span class='ocrx_word' id='word_1_641' title='bbox 2365 3836 2703 3911; x_wconf 88' lang='grc' dir='ltr'>κατάγνωσιν</span> <span class='ocrx_word' id='word_1_642' title='bbox 2732 3836 2821 3892; x_wconf 84' lang='grc' dir='ltr'><strong>καὶ</strong></span> <span class='ocrx_word' id='word_1_643' title='bbox 2853 3835 2995 3892; x_wconf 70' lang='grc' dir='ltr'>ἴασιν</span> <span class='ocrx_word' id='word_1_644' title='bbox 3038 3841 3147 3893; x_wconf 85' lang='grc' dir='ltr'><strong>τῶν</strong></span> <span class='ocrx_word' id='word_1_645' title='bbox 3197 3842 3408 3909; x_wconf 89' lang='grc' dir='ltr'>παθῶν,</span> <span class='ocrx_word' id='word_1_646' title='bbox 3444 3837 3617 3911; x_wconf 80' lang='grc' dir='ltr'>δείξας</span> <span class='ocrx_word' id='word_1_647' title='bbox 3670 3839 3786 3896; x_wconf 77' lang='grc' dir='ltr'><strong>ἀπὸ</strong></span> 
     </span>
    </p>
   </div>
   <div class='ocr_carea' id='block_1_90' title="bbox 2121 3922 3783 4005">
    <p class='ocr_par' dir='ltr' id='par_1_90' title="bbox 2121 3922 3783 4005">
     <span class='ocr_line' id='line_1_90' title="bbox 2121 3922 3783 4005; baseline 0.002 -24"><span class='ocrx_word' id='word_1_648' title='bbox 2121 3925 2332 3998; x_wconf 85' lang='grc' dir='ltr'>Πατρὸς</span> <span class='ocrx_word' id='word_1_649' title='bbox 2385 3925 2684 3999; x_wconf 79' lang='grc' dir='ltr'>ἀγεννήτου</span> <span class='ocrx_word' id='word_1_650' title='bbox 2728 3923 2797 3979; x_wconf 81' lang='grc' dir='ltr'><strong>τὰ</strong></span> <span class='ocrx_word' id='word_1_651' title='bbox 2844 3922 2897 3979; x_wconf 82' lang='grc' dir='ltr'><strong>έν</strong></span> <span class='ocrx_word' id='word_1_652' title='bbox 2946 3924 3296 4000; x_wconf 79' lang='grc' dir='ltr'>Ηλήρώματι</span> <span class='ocrx_word' id='word_1_653' title='bbox 3345 3928 3434 3983; x_wconf 79' lang='grc' dir='ltr'><strong>καὶ</strong></span> <span class='ocrx_word' id='word_1_654' title='bbox 3482 3928 3551 3983; x_wconf 78' lang='grc' dir='ltr'><strong>τὰ</strong></span> <span class='ocrx_word' id='word_1_655' title='bbox 3610 3928 3783 4005; x_wconf 84' lang='grc' dir='ltr'>μέχρι</span> 
     </span>
    </p>
   </div>
   <div class='ocr_carea' id='block_1_91' title="bbox 2120 4009 3785 4087">
    <p class='ocr_par' dir='ltr' id='par_1_91' title="bbox 2120 4009 3785 4087">
     <span class='ocr_line' id='line_1_91' title="bbox 2120 4009 3785 4087; baseline 0.002 -18"><span class='ocrx_word' id='word_1_656' title='bbox 2120 4014 2288 4083; x_wconf 78' lang='grc' dir='ltr'>αὐτῆς</span> <span class='ocrx_word' id='word_1_657' title='bbox 2324 4032 2337 4047; x_wconf 85' lang='grc'>⁶</span> <span class='ocrx_word' id='word_1_658' title='bbox 2372 4014 2684 4083; x_wconf 79' lang='grc' dir='ltr'>ἀποστήσας</span> <span class='ocrx_word' id='word_1_659' title='bbox 2711 4009 2770 4068; x_wconf 71' lang='grc' dir='ltr'>δὲ</span> <span class='ocrx_word' id='word_1_660' title='bbox 2797 4013 2865 4068; x_wconf 81' lang='grc' dir='ltr'><strong>τὰ</strong></span> <span class='ocrx_word' id='word_1_661' title='bbox 2893 4013 3037 4085; x_wconf 86' lang='grc' dir='ltr'>πάθη</span> <span class='ocrx_word' id='word_1_662' title='bbox 3077 4021 3180 4085; x_wconf 87' lang='grc' dir='ltr'><strong>τῆς</strong></span> <span class='ocrx_word' id='word_1_663' title='bbox 3226 4016 3578 4087; x_wconf 85' lang='grc' dir='ltr'>πεπονθυίας,</span> <span class='ocrx_word' id='word_1_664' title='bbox 3609 4015 3785 4087; x_wconf 79' lang='grc' dir='ltr'>αὐτὴν</span> 
     </span>
    </p>
   </div>
   <div class='ocr_carea' id='block_1_92' title="bbox 2125 4101 3783 4184">
    <p class='ocr_par' dir='ltr' id='par_1_92' title="bbox 2125 4101 3783 4184">
     <span class='ocr_line' id='line_1_92' title="bbox 2125 4101 3783 4184; baseline 0.001 -26"><span class='ocrx_word' id='word_1_665' title='bbox 2125 4104 2218 4179; x_wconf 76' lang='grc' dir='ltr'>μὲν</span> <span class='ocrx_word' id='word_1_666' title='bbox 2263 4103 2444 4173; x_wconf 83' lang='grc' dir='ltr'>ἀπαθῆ</span> <span class='ocrx_word' id='word_1_667' title='bbox 2488 4101 2866 4174; x_wconf 78' lang='grc' dir='ltr'>κατεσκεύασε,</span> <span class='ocrx_word' id='word_1_668' title='bbox 2898 4104 2967 4158; x_wconf 83' lang='grc' dir='ltr'>τὰ</span> <span class='ocrx_word' id='word_1_669' title='bbox 3018 4104 3164 4174; x_wconf 88' lang='grc' dir='ltr'>πάθη</span> <span class='ocrx_word' id='word_1_670' title='bbox 3218 4101 3275 4160; x_wconf 71' lang='grc' dir='ltr'>δὲ</span> <span class='ocrx_word' id='word_1_671' title='bbox 3320 4102 3601 4183; x_wconf 83' lang='grc' dir='ltr'>διακρίνας</span> <span class='ocrx_word' id='word_1_672' title='bbox 3650 4104 3783 4184; x_wconf 76' lang='grc' dir='ltr'>ἐφύε-</span> 
     </span>
    </p>
   </div>
   <div class='ocr_carea' id='block_1_93' title="bbox 2122 4185 3787 4273">
    <p class='ocr_par' dir='ltr' id='par_1_93' title="bbox 2122 4185 3787 4273">
     <span class='ocr_line' id='line_1_93' title="bbox 2122 4185 3787 4273; baseline 0.002 -26"><span class='ocrx_word' id='word_1_673' title='bbox 2122 4189 2270 4265; x_wconf 81' lang='grc' dir='ltr'>λαξε,</span> <span class='ocrx_word' id='word_1_674' title='bbox 2293 4192 2381 4247; x_wconf 84' lang='grc' dir='ltr'><strong>καὶ</strong></span> <span class='ocrx_word' id='word_1_675' title='bbox 2435 4191 2543 4267; x_wconf 78' lang='grc' dir='ltr'><strong>οὐχ</strong></span> <span class='ocrx_word' id='word_1_676' title='bbox 2589 4189 2771 4266; x_wconf 80' lang='grc' dir='ltr'>ὥσπερ</span> <span class='ocrx_word' id='word_1_677' title='bbox 2806 4196 2907 4261; x_wconf 80' lang='grc' dir='ltr'><strong>τῆς</strong></span> <span class='ocrx_word' id='word_1_678' title='bbox 2950 4185 3103 4248; x_wconf 77' lang='grc' dir='ltr'>ἔνδον</span> <span class='ocrx_word' id='word_1_679' title='bbox 3153 4194 3265 4267; x_wconf 79' lang='lat'><strong>(97)</strong></span> <span class='ocrx_word' id='word_1_680' title='bbox 3297 4190 3625 4273; x_wconf 76' lang='grc' dir='ltr'>διεφορήθη,</span> <span class='ocrx_word' id='word_1_681' title='bbox 3653 4191 3787 4251; x_wconf 82' lang='grc' dir='ltr'>ἀλλ’</span> 
     </span>
    </p>
   </div>
   <div class='ocr_carea' id='block_1_94' title="bbox 2123 4279 3787 4359">
    <p class='ocr_par' dir='ltr' id='par_1_94' title="bbox 2123 4279 3787 4359">
     <span class='ocr_line' id='line_1_94' title="bbox 2123 4279 3787 4359; baseline 0.003 -22"><span class='ocrx_word' id='word_1_682' title='bbox 2123 4282 2199 4345; x_wconf 79' lang='grc' dir='ltr'>εἷς</span> <span class='ocrx_word' id='word_1_683' title='bbox 2232 4282 2423 4338; x_wconf 80' lang='grc' dir='ltr'>οὐσίαν</span> <span class='ocrx_word' id='word_1_684' title='bbox 2448 4279 2651 4358; x_wconf 78' lang='grc' dir='ltr'>ἤγαγεν</span> <span class='ocrx_word' id='word_1_685' title='bbox 2686 4282 2825 4337; x_wconf 80' lang='grc' dir='ltr'>αὐτά</span> <span class='ocrx_word' id='word_1_686' title='bbox 2851 4302 2911 4337; x_wconf 88' lang='grc' dir='ltr'><strong>τε</strong></span> <span class='ocrx_word' id='word_1_687' title='bbox 2938 4282 3029 4337; x_wconf 85' lang='grc' dir='ltr'><strong>καὶ</strong></span> <span class='ocrx_word' id='word_1_688' title='bbox 3058 4289 3159 4352; x_wconf 86' lang='grc' dir='ltr'><strong>τῆς</strong></span> <span class='ocrx_word' id='word_1_689' title='bbox 3189 4280 3440 4359; x_wconf 75' lang='grc' dir='ltr'>δευτέρας</span> <span class='ocrx_word' id='word_1_690' title='bbox 3468 4282 3787 4348; x_wconf 79' lang='grc' dir='ltr'>διαθέσεως.</span> 
     </span>
    </p>
   </div>
   <div class='ocr_carea' id='block_1_95' title="bbox 2121 4368 3789 4451">
    <p class='ocr_par' dir='ltr' id='par_1_95' title="bbox 2121 4368 3789 4451">
     <span class='ocr_line' id='line_1_95' title="bbox 2121 4368 3789 4451; baseline 0.001 -26"><span class='ocrx_word' id='word_1_691' title='bbox 2121 4369 2280 4430; x_wconf 80' lang='grc' dir='ltr'>Οὕτω</span> <span class='ocrx_word' id='word_1_692' title='bbox 2303 4368 2391 4427; x_wconf 78' lang='grc' dir='ltr'><strong>διὰ</strong></span> <span class='ocrx_word' id='word_1_693' title='bbox 2418 4377 2519 4441; x_wconf 83' lang='grc' dir='ltr'><strong>τῆς</strong></span> <span class='ocrx_word' id='word_1_694' title='bbox 2543 4373 2640 4426; x_wconf 89' lang='grc' dir='ltr'><strong>τοῦ</strong></span> <span class='ocrx_word' id='word_1_695' title='bbox 2664 4373 2925 4447; x_wconf 82' lang='grc' dir='ltr'>Σωτῆρος</span> <span class='ocrx_word' id='word_1_696' title='bbox 2958 4370 3268 4449; x_wconf 72' lang='grc' dir='ltr'>ἐπιφανείας</span> <span class='ocrx_word' id='word_1_697' title='bbox 3296 4374 3331 4443; x_wconf 79' lang='grc' dir='ltr'><strong>ἡ</strong></span> <span class='ocrx_word' id='word_1_698' title='bbox 3360 4372 3535 4451; x_wconf 89' lang='grc' dir='ltr'>Σοφία</span> <span class='ocrx_word' id='word_1_699' title='bbox 3552 4372 3789 4445; x_wconf 85' lang='grc' dir='ltr'>γίνεται,</span> 
     </span>
    </p>
   </div>
   <div class='ocr_carea' id='block_1_96' title="bbox 2120 4457 3788 4539">
    <p class='ocr_par' dir='ltr' id='par_1_96' title="bbox 2120 4457 3788 4539">
     <span class='ocr_line' id='line_1_96' title="bbox 2120 4457 3788 4539; baseline 0.001 -23"><span class='ocrx_word' id='word_1_700' title='bbox 2120 4460 2209 4517; x_wconf 82' lang='grc' dir='ltr'>καί</span> <span class='ocrx_word' id='word_1_701' title='bbox 2237 4460 2306 4516; x_wconf 79' lang='grc' dir='ltr'>τὰ</span> <span class='ocrx_word' id='word_1_702' title='bbox 2346 4457 2446 4533; x_wconf 77' lang='grc' dir='ltr'><strong>ἔξω</strong></span> <span class='ocrx_word' id='word_1_703' title='bbox 2487 4460 2747 4529; x_wconf 87' lang='grc' dir='ltr'>κτίζεται.</span> <span class='ocrx_word' id='word_1_704' title='bbox 2780 4460 2966 4515; x_wconf 86' lang='grc' dir='ltr'>Πάντα</span> <span class='ocrx_word' id='word_1_705' title='bbox 2992 4459 3096 4535; x_wconf 80' lang='grc' dir='ltr'><strong>γὰρ</strong></span> <span class='ocrx_word' id='word_1_706' title='bbox 3132 4457 3202 4515; x_wconf 88' lang='grc' dir='ltr'>δι’</span> <span class='ocrx_word' id='word_1_707' title='bbox 3234 4460 3402 4517; x_wconf 83' lang='grc' dir='ltr'>αὐτοῦ</span> <span class='ocrx_word' id='word_1_708' title='bbox 3455 4462 3660 4539; x_wconf 83' lang='grc' dir='ltr'>γέγονε,</span> <span class='ocrx_word' id='word_1_709' title='bbox 3692 4460 3788 4517; x_wconf 79' lang='grc' dir='ltr'><strong>καὶ</strong></span> 
     </span>
    </p>
   </div>
   <div class='ocr_carea' id='block_1_97' title="bbox 2121 4545 2938 4627">
    <p class='ocr_par' dir='ltr' id='par_1_97' title="bbox 2121 4545 2938 4627">
     <span class='ocr_line' id='line_1_97' title="bbox 2121 4545 2938 4627; baseline 0 -21"><span class='ocrx_word' id='word_1_710' title='bbox 2121 4550 2299 4627; x_wconf 84' lang='grc' dir='ltr'>χωρὶς</span> <span class='ocrx_word' id='word_1_711' title='bbox 2328 4549 2494 4606; x_wconf 80' lang='grc' dir='ltr'>αὐτοῦ</span> <span class='ocrx_word' id='word_1_712' title='bbox 2513 4548 2725 4627; x_wconf 85' lang='grc' dir='ltr'>γέγονεν</span> <span class='ocrx_word' id='word_1_713' title='bbox 2759 4545 2938 4606; x_wconf 77' lang='grc' dir='ltr'>οὐδέν.</span> 
     </span>
    </p>
   </div>
   <div class='ocr_carea' id='block_1_98' title="bbox 2191 4814 3785 4894">
    <p class='ocr_par' dir='ltr' id='par_1_98' title="bbox 2191 4814 3785 4894">
     <span class='ocr_line' id='line_1_98' title="bbox 2191 4814 3785 4894; baseline -0.008 -15"><span class='ocrx_word' id='word_1_714' title='bbox 2191 4820 2313 4889; x_wconf 85' lang='grc' dir='ltr'>Μζ’.</span> <span class='ocrx_word' id='word_1_715' title='bbox 2347 4820 2572 4894; x_wconf 82' lang='grc' dir='ltr'>Πρῶτον</span> <span class='ocrx_word' id='word_1_716' title='bbox 2631 4815 2723 4871; x_wconf 79' lang='grc' dir='ltr'><strong>οῦν</strong></span> <span class='ocrx_word' id='word_1_717' title='bbox 2779 4814 2832 4888; x_wconf 75' lang='grc' dir='ltr'>ἐξ</span> <span class='ocrx_word' id='word_1_718' title='bbox 2891 4815 3188 4890; x_wconf 71' lang='grc' dir='ltr'>ἀσωμάτου</span> <span class='ocrx_word' id='word_1_719' title='bbox 3244 4816 3453 4881; x_wconf 86' lang='grc' dir='ltr'>πάθους</span> <span class='ocrx_word' id='word_1_720' title='bbox 3500 4819 3592 4874; x_wconf 75' lang='grc' dir='ltr'><strong>καὶ</strong></span> <span class='ocrx_word' id='word_1_721' title='bbox 3642 4840 3785 4891; x_wconf 82' lang='grc' dir='ltr'>συμ.</span> 
     </span>
    </p>
   </div>
   <div class='ocr_carea' id='block_1_99' title="bbox 2121 4904 3788 4982">
    <p class='ocr_par' dir='ltr' id='par_1_99' title="bbox 2121 4904 3788 4982">
     <span class='ocr_line' id='line_1_99' title="bbox 2121 4904 3788 4982; baseline -0.006 -17"><span class='ocrx_word' id='word_1_722' title='bbox 2121 4904 2427 4981; x_wconf 76' lang='grc' dir='ltr'>ϐεϐηκότος</span> <span class='ocrx_word' id='word_1_723' title='bbox 2477 4904 2556 4969; x_wconf 78' lang='grc' dir='ltr'><strong>εὶς</strong></span> <span class='ocrx_word' id='word_1_724' title='bbox 2607 4905 2927 4978; x_wconf 84' lang='grc' dir='ltr'>ἀσώματον,</span> <span class='ocrx_word' id='word_1_725' title='bbox 2955 4905 3044 4962; x_wconf 74' lang='grc' dir='ltr'><strong>ἐπὶ</strong></span> <span class='ocrx_word' id='word_1_726' title='bbox 3090 4905 3194 4976; x_wconf 74' lang='grc' dir='ltr'>τὴν</span> <span class='ocrx_word' id='word_1_727' title='bbox 3241 4904 3381 4979; x_wconf 73' lang='grc' dir='ltr'>ὕλην</span> <span class='ocrx_word' id='word_1_728' title='bbox 3411 4906 3547 4963; x_wconf 78' lang='grc' dir='ltr'>αὐτὰ</span> <span class='ocrx_word' id='word_1_729' title='bbox 3580 4910 3788 4982; x_wconf 74' lang='grc' dir='ltr'>μετήν-</span> 
     </span>
    </p>
   </div>
   <div class='ocr_carea' id='block_1_100' title="bbox 427 5029 3789 5109">
    <p class='ocr_par' dir='ltr' id='par_1_100' title="bbox 427 5029 3789 5109">
     <span class='ocr_line' id='line_1_100' title="bbox 427 5029 3789 5109; baseline 0 -19"><span class='ocrx_word' id='word_1_730' title='bbox 427 5035 491 5109; x_wconf 56' lang='grc' dir='ltr'>ιιε</span> <span class='ocrx_word' id='word_1_731' title='bbox 520 5031 1206 5109; x_wconf 12' lang='lat' dir='ltr'><strong>P_._970_ED.7P0TTEB_.</strong></span> <span class='ocrx_word' id='word_1_732' title='bbox 1262 5030 1341 5109; x_wconf 73' lang='grc' dir='ltr'>(α)</span> <span class='ocrx_word' id='word_1_733' title='bbox 1364 5030 1574 5109; x_wconf 60' lang='lat' dir='ltr'><strong>Matth.</strong></span> <span class='ocrx_word' id='word_1_734' title='bbox 1605 5049 1662 5104; x_wconf 73' lang='grc' dir='ltr'>ι,</span> <span class='ocrx_word' id='word_1_735' title='bbox 1688 5033 1782 5109; x_wconf 58' lang='grc'><strong>[39.</strong></span> <span class='ocrx_word' id='word_1_736' title='bbox 1836 5040 1914 5109; x_wconf 84' lang='lat' dir='ltr'><strong>(b)</strong></span> <span class='ocrx_word' id='word_1_737' title='bbox 1946 5040 2060 5098; x_wconf 83' lang='lat' dir='ltr'><strong>Iaa.</strong></span> <span class='ocrx_word' id='word_1_738' title='bbox 2096 5055 2171 5108; x_wconf 82' lang='lat' dir='ltr'><strong>Ix,</strong></span> <span class='ocrx_word' id='word_1_739' title='bbox 2204 5037 2265 5103; x_wconf 15' lang='lat'><strong>6.,</strong></span> <span class='ocrx_word' id='word_1_740' title='bbox 2314 5033 2388 5105; x_wconf 92' lang='lat' dir='ltr'><strong>(c)</strong></span> <span class='ocrx_word' id='word_1_741' title='bbox 2417 5029 2536 5090; x_wconf 87' lang='lat' dir='ltr'><strong>Col.</strong></span> <span class='ocrx_word' id='word_1_742' title='bbox 2572 5048 2612 5099; x_wconf 85' lang='lat'><strong>1,</strong></span> <span class='ocrx_word' id='word_1_743' title='bbox 2649 5032 2737 5088; x_wconf 85' lang='lat'><strong>16.</strong></span> <span class='ocrx_word' id='word_1_744' title='bbox 2791 5033 2879 5104; x_wconf 74' lang='grc' dir='ltr'><strong>(ά)</strong></span> <span class='ocrx_word' id='word_1_745' title='bbox 2908 5032 3058 5089; x_wconf 89' lang='lat' dir='ltr'><strong>Phil.</strong></span> <span class='ocrx_word' id='word_1_746' title='bbox 3090 5049 3155 5106; x_wconf 82' lang='grc' dir='ltr'><strong>ιι,</strong></span> <span class='ocrx_word' id='word_1_747' title='bbox 3184 5032 3241 5103; x_wconf 84' lang='grc'>9,</span> <span class='ocrx_word' id='word_1_748' title='bbox 3274 5033 3361 5104; x_wconf 90' lang='grc'><strong>10,</strong></span> <span class='ocrx_word' id='word_1_749' title='bbox 3390 5032 3478 5091; x_wconf 78' lang='grc'>14.</span> <span class='ocrx_word' id='word_1_750' title='bbox 3533 5036 3605 5107; x_wconf 87' lang='lat' dir='ltr'><strong>(e)</strong></span> <span class='ocrx_word' id='word_1_751' title='bbox 3633 5033 3789 5109; x_wconf 80' lang='lat' dir='ltr'><strong>Eph.</strong></span> 
     </span>
    </p>
   </div>
   <div class='ocr_carea' id='block_1_101' title="bbox 358 5101 1735 5180">
    <p class='ocr_par' dir='ltr' id='par_1_101' title="bbox 358 5101 1735 5180">
     <span class='ocr_line' id='line_1_101' title="bbox 358 5101 1735 5180; baseline -0.001 -17"><span class='ocrx_word' id='word_1_752' title='bbox 358 5123 438 5180; x_wconf 78' lang='grc' dir='ltr'><strong>ιν,</strong></span> <span class='ocrx_word' id='word_1_753' title='bbox 464 5108 522 5180; x_wconf 85' lang='grc'>9,</span> <span class='ocrx_word' id='word_1_754' title='bbox 550 5106 638 5163; x_wconf 78' lang='grc'>40.</span> <span class='ocrx_word' id='word_1_755' title='bbox 718 5105 781 5177; x_wconf 79' lang='lat' dir='ltr'><strong>(f)</strong></span> <span class='ocrx_word' id='word_1_756' title='bbox 813 5109 836 5160; x_wconf 92' lang='grc' dir='ltr'><strong>Ι</strong></span> <span class='ocrx_word' id='word_1_757' title='bbox 865 5108 993 5161; x_wconf 92' lang='lat' dir='ltr'><strong>Cor.</strong></span> <span class='ocrx_word' id='word_1_758' title='bbox 1024 5120 1104 5173; x_wconf 73' lang='lat' dir='ltr'><strong>XI,</strong></span> <span class='ocrx_word' id='word_1_759' title='bbox 1134 5102 1223 5161; x_wconf 84' lang='lat' dir='ltr'><strong>lO.</strong></span> <span class='ocrx_word' id='word_1_760' title='bbox 1271 5101 1380 5176; x_wconf 57' lang='grc' dir='ltr'>⁷(σ)</span> <span class='ocrx_word' id='word_1_761' title='bbox 1408 5101 1575 5161; x_wconf 87' lang='lat' dir='ltr'><strong>Joan.</strong></span> <span class='ocrx_word' id='word_1_762' title='bbox 1608 5101 1654 5177; x_wconf 81' lang='grc' dir='ltr'><strong>ι,</strong></span> <span class='ocrx_word' id='word_1_763' title='bbox 1680 5107 1735 5162; x_wconf 92' lang='grc'>3.</span> 
     </span>
    </p>
   </div>
   <div class='ocr_carea' id='block_1_102' title="bbox 429 5244 2009 5325">
    <p class='ocr_par' dir='ltr' id='par_1_102' title="bbox 429 5244 2009 5325">
     <span class='ocr_line' id='line_1_102' title="bbox 429 5244 2009 5325; baseline 0.001 -17"><span class='ocrx_word' id='word_1_764' title='bbox 429 5251 544 5325; x_wconf 64' lang='grc' dir='ltr'>(9ξ)</span> <span class='ocrx_word' id='word_1_765' title='bbox 576 5247 691 5307; x_wconf 73' lang='grc' dir='ltr'>Οὐκ</span> <span class='ocrx_word' id='word_1_766' title='bbox 738 5245 849 5325; x_wconf 63' lang='grc' dir='ltr'>ἔστι</span> <span class='ocrx_word' id='word_1_767' title='bbox 900 5268 1004 5320; x_wconf 90' lang='grc' dir='ltr'><strong>μου</strong></span> <span class='ocrx_word' id='word_1_768' title='bbox 1035 5244 1291 5325; x_wconf 76' lang='grc' dir='ltr'>ἀδελφός.</span> <span class='ocrx_word' id='word_1_769' title='bbox 1325 5248 1498 5325; x_wconf 73' lang='lat' dir='ltr'><strong>vulg.</strong></span> <span class='ocrx_word' id='word_1_770' title='bbox 1689 5251 1896 5309; x_wconf 80' lang='lat' dir='ltr'><strong>Matth.</strong></span> <span class='ocrx_word' id='word_1_771' title='bbox 1925 5269 1963 5309; x_wconf 75' lang='grc' dir='ltr'><strong>ι</strong></span> <span class='ocrx_word' id='word_1_772' title='bbox 1995 5268 2009 5309; x_wconf 75' lang='grc' dir='ltr'>ε</span> 
     </span>
    </p>
   </div>
   <div class='ocr_carea' id='block_1_103' title="bbox 356 5318 2015 5397">
    <p class='ocr_par' dir='ltr' id='par_1_103' title="bbox 356 5318 2015 5397">
     <span class='ocr_line' id='line_1_103' title="bbox 356 5318 2015 5397; baseline 0.002 -21"><span class='ocrx_word' id='word_1_773' title='bbox 356 5318 470 5377; x_wconf 69' lang='grc' dir='ltr'>Οὐκ</span> <span class='ocrx_word' id='word_1_774' title='bbox 498 5318 615 5397; x_wconf 64' lang='grc' dir='ltr'>ἑστι</span> <span class='ocrx_word' id='word_1_775' title='bbox 650 5339 755 5397; x_wconf 61' lang='grc' dir='ltr'><strong>μου</strong></span> <span class='ocrx_word' id='word_1_776' title='bbox 786 5318 934 5397; x_wconf 74' lang='grc' dir='ltr'>ἄξιος</span> <span class='ocrx_word' id='word_1_777' title='bbox 956 5338 969 5351; x_wconf 84' lang='lat'>&#39;</span> <span class='ocrx_word' id='word_1_778' title='bbox 1003 5318 1497 5397; x_wconf 28' lang='lat' dir='ltr'><strong>atque&#39;ita‘etiafn</strong></span> <span class='ocrx_word' id='word_1_779' title='bbox 1530 5324 1801 5380; x_wconf 86' lang='lat' dir='ltr'><strong>Clemens</strong></span> <span class='ocrx_word' id='word_1_780' title='bbox 1832 5341 2015 5397; x_wconf 83' lang='lat' dir='ltr'><strong>supra</strong></span> 
     </span>
    </p>
   </div>
   <div class='ocr_carea' id='block_1_104' title="bbox 356 5390 2010 5468">
    <p class='ocr_par' dir='ltr' id='par_1_104' title="bbox 356 5390 2010 5468">
     <span class='ocr_line' id='line_1_104' title="bbox 356 5390 2010 5468; baseline 0.001 -16"><span class='ocrx_word' id='word_1_781' title='bbox 356 5411 489 5468; x_wconf 85' lang='lat' dir='ltr'><strong>pag.</strong></span> <span class='ocrx_word' id='word_1_782' title='bbox 523 5390 660 5468; x_wconf 62' lang='lat'><strong>321.</strong></span> <span class='ocrx_word' id='word_1_783' title='bbox 687 5393 839 5449; x_wconf 84' lang='lat' dir='ltr'><strong>Ferri</strong></span> <span class='ocrx_word' id='word_1_784' title='bbox 869 5398 1065 5468; x_wconf 83' lang='lat' dir='ltr'><strong>tamen</strong></span> <span class='ocrx_word' id='word_1_785' title='bbox 1081 5390 1156 5451; x_wconf 57' lang='lat' dir='ltr'><strong>&#39;et</strong></span> <span class='ocrx_word' id='word_1_786' title='bbox 1194 5390 1432 5468; x_wconf 68' lang='grc' dir='ltr'>ἀδελφός</span> <span class='ocrx_word' id='word_1_787' title='bbox 1473 5399 1684 5465; x_wconf 88' lang='lat' dir='ltr'><strong>potest,</strong></span> <span class='ocrx_word' id='word_1_788' title='bbox 1727 5390 2010 5468; x_wconf 68' lang='lat' dir='ltr'><strong>quoniam</strong></span> 
     </span>
    </p>
   </div>
   <div class='ocr_carea' id='block_1_105' title="bbox 357 5461 2011 5541">
    <p class='ocr_par' dir='ltr' id='par_1_105' title="bbox 357 5461 2011 5541">
     <span class='ocr_line' id='line_1_105' title="bbox 357 5461 2011 5541; baseline -0.001 -20"><span class='ocrx_word' id='word_1_789' title='bbox 357 5461 512 5541; x_wconf 72' lang='lat' dir='ltr'><strong>apud</strong></span> <span class='ocrx_word' id='word_1_790' title='bbox 548 5465 764 5541; x_wconf 70' lang='lat' dir='ltr'><strong>Lucam</strong></span> <span class='ocrx_word' id='word_1_791' title='bbox 796 5482 913 5534; x_wconf 71' lang='lat' dir='ltr'><strong>xxv,</strong></span> <span class='ocrx_word' id='word_1_792' title='bbox 943 5467 1033 5538; x_wconf 88' lang='lat'><strong>27,</strong></span> <span class='ocrx_word' id='word_1_793' title='bbox 1061 5472 1151 5523; x_wconf 89' lang='lat' dir='ltr'><strong>est</strong></span> <span class='ocrx_word' id='word_1_794' title='bbox 1197 5464 1259 5519; x_wconf 83' lang='grc' dir='ltr'>οὐ</span> <span class='ocrx_word' id='word_1_795' title='bbox 1318 5461 1537 5519; x_wconf 54' lang='lat' dir='ltr'><strong>eam.</strong></span> <span class='ocrx_word' id='word_1_796' title='bbox 1589 5485 1695 5539; x_wconf 88' lang='grc' dir='ltr'><strong>μου</strong></span> <span class='ocrx_word' id='word_1_797' title='bbox 1740 5461 1874 5520; x_wconf 72' lang='grc' dir='ltr'>εἶναι</span> <span class='ocrx_word' id='word_1_798' title='bbox 1910 5487 2011 5541; x_wconf 86' lang='grc' dir='ltr'>μα-</span> 
     </span>
    </p>
   </div>
   <div class='ocr_carea' id='block_1_106' title="bbox 357 5536 871 5606">
    <p class='ocr_par' dir='ltr' id='par_1_106' title="bbox 357 5536 871 5606">
     <span class='ocr_line' id='line_1_106' title="bbox 357 5536 871 5606; baseline 0.002 -16"><span class='ocrx_word' id='word_1_799' title='bbox 357 5536 497 5606; x_wconf 77' lang='grc' dir='ltr'><strong>θήτή</strong></span> <span class='ocrx_word' id='word_1_800' title='bbox 508 5555 551 5596; x_wconf 87' lang='grc' dir='ltr'><strong>ς.</strong></span> <span class='ocrx_word' id='word_1_801' title='bbox 586 5536 871 5594; x_wconf 73' lang='lat' dir='ltr'><strong>SYLBuaG.</strong></span> 
     </span>
    </p>
   </div>
   <div class='ocr_carea' id='block_1_107' title="bbox 431 5606 2010 5682">
    <p class='ocr_par' dir='ltr' id='par_1_107' title="bbox 431 5606 2010 5682">
     <span class='ocr_line' id='line_1_107' title="bbox 431 5606 2010 5682; baseline 0.002 -19"><span class='ocrx_word' id='word_1_802' title='bbox 431 5608 540 5681; x_wconf 83' lang='lat'><strong>(96)</strong></span> <span class='ocrx_word' id='word_1_803' title='bbox 584 5606 839 5682; x_wconf 74' lang='grc' dir='ltr'>ᾼόναμιν.</span> <span class='ocrx_word' id='word_1_804' title='bbox 875 5606 1112 5682; x_wconf 79' lang='grc' dir='ltr'>Δύναμιν</span> <span class='ocrx_word' id='word_1_805' title='bbox 1159 5608 1565 5682; x_wconf 83' lang='lat' dir='ltr'><strong>accipiendum</strong></span> <span class='ocrx_word' id='word_1_806' title='bbox 1621 5622 1733 5682; x_wconf 18' lang='lat' dir='ltr'><strong>per,</strong></span> <span class='ocrx_word' id='word_1_807' title='bbox 1774 5608 2010 5682; x_wconf 86' lang='lat' dir='ltr'><strong>ellipsin</strong></span> 
     </span>
    </p>
   </div>
   <div class='ocr_carea' id='block_1_108' title="bbox 355 5678 2011 5829">
    <p class='ocr_par' dir='ltr' id='par_1_108' title="bbox 355 5678 2011 5829">
     <span class='ocr_line' id='line_1_108' title="bbox 355 5678 2011 5753; baseline 0.003 -19"><span class='ocrx_word' id='word_1_808' title='bbox 355 5678 790 5753; x_wconf 63' lang='lat' dir='ltr'><strong>praepositionis</strong></span> <span class='ocrx_word' id='word_1_809' title='bbox 828 5679 963 5735; x_wconf 86' lang='grc' dir='ltr'>κατά</span> <span class='ocrx_word' id='word_1_810' title='bbox 994 5678 1144 5738; x_wconf 69' lang='lat' dir='ltr'><strong>&quot;aut</strong></span> <span class='ocrx_word' id='word_1_811' title='bbox 1172 5678 1538 5751; x_wconf 79' lang='lat' dir='ltr'><strong>transposita</strong></span> <span class='ocrx_word' id='word_1_812' title='bbox 1563 5678 1776 5750; x_wconf 86' lang='lat' dir='ltr'><strong>copula</strong></span> <span class='ocrx_word' id='word_1_813' title='bbox 1815 5681 1836 5739; x_wconf 95' lang='lat' dir='ltr'><strong>l</strong></span> <span class='ocrx_word' id='word_1_814' title='bbox 1881 5678 2011 5739; x_wconf 55' lang='lat' dir='ltr'><strong>&#39;en-</strong></span> 
     </span>
     <span class='ocr_line' id='line_1_109' title="bbox 355 5698 2009 5829; baseline -0.005 -21"><span class='ocrx_word' id='word_1_815' title='bbox 355 5751 521 5827; x_wconf 82' lang='lat' dir='ltr'><strong>dum,</strong></span> <span class='ocrx_word' id='word_1_816' title='bbox 555 5748 781 5829; x_wconf 79' lang='grc' dir='ltr'>δόναμιν</span> <span class='ocrx_word' id='word_1_817' title='bbox 831 5749 1019 5817; x_wconf 89' lang='grc' dir='ltr'>δόντος</span> <span class='ocrx_word' id='word_1_818' title='bbox 1060 5751 1149 5808; x_wconf 86' lang='grc' dir='ltr'><strong>καὶ</strong></span> <span class='ocrx_word' id='word_1_819' title='bbox 1196 5753 1369 5805; x_wconf 84' lang='grc' dir='ltr'>πᾶσαν</span> <span class='ocrx_word' id='word_1_820' title='bbox 1413 5749 1515 5820; x_wconf 76' lang='grc' dir='ltr'><strong>τὴν</strong></span> <span class='ocrx_word' id='word_1_821' title='bbox 1562 5698 2009 5825; x_wconf 57' lang='grc' dir='ltr'>ἐξουσίαν.ὃέῖῐ..</span> 
     </span>
    </p>
   </div>
   <div class='ocr_carea' id='block_1_109' title="bbox 504 5784 2009 5827">
    <p class='ocr_par' dir='ltr' id='par_1_109' title="bbox 504 5784 2009 5827">
     <span class='ocr_line' id='line_1_110' title="bbox 504 5784 2009 5827; baseline 0.003 -19"><span class='ocrx_word' id='word_1_822' title='bbox 504 5797 521 5827; x_wconf 72' lang='grc'><strong>,</strong></span> <span class='ocrx_word' id='word_1_823' title='bbox 555 5784 781 5827; x_wconf 70' lang='grc' dir='ltr'>υυναμιν</span> <span class='ocrx_word' id='word_1_824' title='bbox 831 5784 1017 5817; x_wconf 60' lang='grc' dir='ltr'>υυντιυς,</span> <span class='ocrx_word' id='word_1_825' title='bbox 1062 5784 1149 5808; x_wconf 64' lang='grc' dir='ltr'><strong>και</strong></span> <span class='ocrx_word' id='word_1_826' title='bbox 1197 5784 1369 5805; x_wconf 75' lang='grc' dir='ltr'>-ηιιυυιν</span> <span class='ocrx_word' id='word_1_827' title='bbox 1414 5784 1514 5820; x_wconf 65' lang='grc' dir='ltr'><strong>μιν</strong></span> <span class='ocrx_word' id='word_1_828' title='bbox 1562 5784 1821 5825; x_wconf 69' lang='grc' dir='ltr'>τιςυυυιιιν.</span> <span class='ocrx_word' id='word_1_829' title='bbox 1872 5784 2009 5812; x_wconf 67' lang='lat' dir='ltr'><strong>Dlh‘</strong></span> 
     </span>
    </p>
   </div>
   <div class='ocr_carea' id='block_1_110' title="bbox 2126 5266 2302 5309">
    <p class='ocr_par' dir='ltr' id='par_1_110' title="bbox 2126 5266 2302 5309">
     <span class='ocr_line' id='line_1_111' title="bbox 2126 5266 2302 5309; baseline -0.034 0"><span class='ocrx_word' id='word_1_830' title='bbox 2126 5266 2302 5309; x_wconf 78' lang='lat' dir='ltr'><strong>BUBG.</strong></span> 
     </span>
    </p>
   </div>
   <div class='ocr_carea' id='block_1_111' title="bbox 2198 5313 3786 5395">
    <p class='ocr_par' dir='ltr' id='par_1_111' title="bbox 2198 5313 3786 5395">
     <span class='ocr_line' id='line_1_112' title="bbox 2198 5313 3786 5395; baseline 0.001 -22"><span class='ocrx_word' id='word_1_831' title='bbox 2198 5322 2309 5395; x_wconf 78' lang='grc'><strong>(97)</strong></span> <span class='ocrx_word' id='word_1_832' title='bbox 2337 5323 2447 5389; x_wconf 86' lang='grc' dir='ltr'>Τῆς</span> <span class='ocrx_word' id='word_1_833' title='bbox 2472 5315 2644 5395; x_wconf 72' lang='grc' dir='ltr'>ἔνδον.</span> <span class='ocrx_word' id='word_1_834' title='bbox 2674 5319 3249 5395; x_wconf 72' lang='lat' dir='ltr'><strong>Videturopponere</strong></span> <span class='ocrx_word' id='word_1_835' title='bbox 3274 5318 3338 5374; x_wconf 86' lang='grc' dir='ltr'>τὸ</span> <span class='ocrx_word' id='word_1_836' title='bbox 3356 5324 3467 5395; x_wconf 65' lang='grc' dir='ltr'><strong>⁸τῆς</strong></span> <span class='ocrx_word' id='word_1_837' title='bbox 3490 5313 3667 5395; x_wconf 58' lang='grc' dir='ltr'>ἔνδον,</span> <span class='ocrx_word' id='word_1_838' title='bbox 3700 5324 3786 5393; x_wconf 76' lang='grc' dir='ltr'><strong>τῷ</strong></span> 
     </span>
    </p>
   </div>
   <div class='ocr_carea' id='block_1_112' title="bbox 2125 5389 3786 5468">
    <p class='ocr_par' dir='ltr' id='par_1_112' title="bbox 2125 5389 3786 5468">
     <span class='ocr_line' id='line_1_113' title="bbox 2125 5389 3786 5468; baseline 0.001 -20"><span class='ocrx_word' id='word_1_839' title='bbox 2125 5389 2668 5468; x_wconf 13' lang='grc' dir='ltr'>δευτέραςᾲκτίσεως,</span> <span class='ocrx_word' id='word_1_840' title='bbox 2719 5398 2783 5448; x_wconf 91' lang='lat' dir='ltr'><strong>ut</strong></span> <span class='ocrx_word' id='word_1_841' title='bbox 2828 5389 3308 5468; x_wconf 47' lang='lat' dir='ltr'><strong>velit—mundum</strong></span> <span class='ocrx_word' id='word_1_842' title='bbox 3352 5389 3693 5468; x_wconf 60' lang='lat' dir='ltr'><strong>interiorem</strong></span> <span class='ocrx_word' id='word_1_843' title='bbox 3722 5389 3786 5450; x_wconf 75' lang='lat' dir='ltr'><strong>et</strong></span> 
     </span>
    </p>
   </div>
   <div class='ocr_carea' id='block_1_113' title="bbox 2122 5463 3781 5538">
    <p class='ocr_par' dir='ltr' id='par_1_113' title="bbox 2122 5463 3781 5538">
     <span class='ocr_line' id='line_1_114' title="bbox 2122 5463 3781 5538; baseline 0 -17"><span class='ocrx_word' id='word_1_844' title='bbox 2122 5463 2290 5538; x_wconf 85' lang='lat' dir='ltr'><strong>quod</strong></span> <span class='ocrx_word' id='word_1_845' title='bbox 2336 5463 2665 5538; x_wconf 87' lang='lat' dir='ltr'><strong>Pteromate</strong></span> <span class='ocrx_word' id='word_1_846' title='bbox 2703 5464 3068 5538; x_wconf 77' lang='lat' dir='ltr'><strong>continetur,</strong></span> <span class='ocrx_word' id='word_1_847' title='bbox 3110 5463 3411 5538; x_wconf 79' lang='lat' dir='ltr'><strong>quidquid</strong></span> <span class='ocrx_word' id='word_1_848' title='bbox 3444 5463 3781 5538; x_wconf 62' lang='lat' dir='ltr'><strong>_aﬂ:ectuum</strong></span> 
     </span>
    </p>
   </div>
   <div class='ocr_carea' id='block_1_114' title="bbox 2122 5534 3785 5610">
    <p class='ocr_par' dir='ltr' id='par_1_114' title="bbox 2122 5534 3785 5610">
     <span class='ocr_line' id='line_1_115' title="bbox 2122 5534 3785 5610; baseline -0.001 -16"><span class='ocrx_word' id='word_1_849' title='bbox 2122 5534 2231 5606; x_wconf 77' lang='lat' dir='ltr'><strong>est,</strong></span> <span class='ocrx_word' id='word_1_850' title='bbox 2267 5537 2634 5610; x_wconf 86' lang='lat' dir='ltr'><strong>passionum,</strong></span> <span class='ocrx_word' id='word_1_851' title='bbox 2660 5535 2970 5610; x_wconf 57' lang='lat' dir='ltr'><strong>vitiorum,</strong></span> <span class='ocrx_word' id='word_1_852' title='bbox 2985 5534 3403 5610; x_wconf 70' lang='lat' dir='ltr'><strong>aegritudinum</strong></span> <span class='ocrx_word' id='word_1_853' title='bbox 3426 5534 3693 5610; x_wconf 65' lang='lat' dir='ltr'><strong>diiﬂasse</strong></span> <span class='ocrx_word' id='word_1_854' title='bbox 3719 5541 3785 5592; x_wconf 89' lang='lat' dir='ltr'><strong>et</strong></span> 
     </span>
    </p>
   </div>
   <div class='ocr_carea' id='block_1_115' title="bbox 2120 5606 3784 5681">
    <p class='ocr_par' dir='ltr' id='par_1_115' title="bbox 2120 5606 3784 5681">
     <span class='ocr_line' id='line_1_116' title="bbox 2120 5606 3784 5681; baseline -0.003 -15"><span class='ocrx_word' id='word_1_855' title='bbox 2120 5606 2495 5681; x_wconf 76' lang='lat' dir='ltr'><strong>exstirpasse,</strong></span> <span class='ocrx_word' id='word_1_856' title='bbox 2527 5606 2639 5681; x_wconf 82' lang='lat' dir='ltr'><strong>etc.</strong></span> <span class='ocrx_word' id='word_1_857' title='bbox 2693 5606 3416 5681; x_wconf 11' lang='lat' dir='ltr'><strong>Hmcqjalep’tinianorum</strong></span> <span class='ocrx_word' id='word_1_858' title='bbox 3473 5607 3784 5681; x_wconf 82' lang='lat' dir='ltr'><strong>Gnostico-</strong></span> 
     </span>
    </p>
   </div>
   <div class='ocr_carea' id='block_1_116' title="bbox 2120 5677 3782 5753">
    <p class='ocr_par' dir='ltr' id='par_1_116' title="bbox 2120 5677 3782 5753">
     <span class='ocr_line' id='line_1_117' title="bbox 2120 5677 3782 5753; baseline -0.001 -14"><span class='ocrx_word' id='word_1_859' title='bbox 2120 5677 2375 5753; x_wconf 82' lang='lat' dir='ltr'><strong>rumque</strong></span> <span class='ocrx_word' id='word_1_860' title='bbox 2403 5678 2691 5753; x_wconf 81' lang='lat' dir='ltr'><strong>doctrina,</strong></span> <span class='ocrx_word' id='word_1_861' title='bbox 2723 5695 2793 5753; x_wconf 60' lang='grc' dir='ltr'>οξ</span> <span class='ocrx_word' id='word_1_862' title='bbox 2832 5677 2953 5736; x_wconf 90' lang='lat' dir='ltr'><strong>illis</strong></span> <span class='ocrx_word' id='word_1_863' title='bbox 3000 5677 3269 5751; x_wconf 87' lang='lat' dir='ltr'><strong>Origenis</strong></span> <span class='ocrx_word' id='word_1_864' title='bbox 3298 5678 3604 5752; x_wconf 83' lang='lat' dir='ltr'><strong>disputata</strong></span> <span class='ocrx_word' id='word_1_865' title='bbox 3631 5684 3691 5739; x_wconf 91' lang='lat' dir='ltr'><strong>et</strong></span> <span class='ocrx_word' id='word_1_866' title='bbox 3718 5679 3782 5738; x_wconf 90' lang='lat' dir='ltr'><strong>in</strong></span> 
     </span>
    </p>
   </div>
   <div class='ocr_carea' id='block_1_117' title="bbox 2119 5749 3005 5813">
    <p class='ocr_par' dir='ltr' id='par_1_117' title="bbox 2119 5749 3005 5813">
     <span class='ocr_line' id='line_1_118' title="bbox 2119 5749 3005 5813; baseline -0.003 0"><span class='ocrx_word' id='word_1_867' title='bbox 2119 5749 2444 5813; x_wconf 73' lang='lat' dir='ltr'><strong>Ecclesium</strong></span> <span class='ocrx_word' id='word_1_868' title='bbox 2470 5749 2718 5808; x_wconf 86' lang='lat' dir='ltr'><strong>invecta.</strong></span> <span class='ocrx_word' id='word_1_869' title='bbox 2749 5751 3005 5810; x_wconf 69' lang='lat' dir='ltr'><strong>Gemens.</strong></span> 
     </span>
    </p>
   </div>
  </div>
