4124 6404
338 382 442 440 681

1119 388 1356 444 ῡῠΒΙΑ.
1394 417 1463 429 —
1491 390 1876 447 EXCERPTA
1914 392 2013 446 EX
2050 391 2372 448 SCRIPTIS
2408 396 2787 465 THEODOTI,
2827 400 2982 455 ETC.

3653 410 3762 467 682

334 507 536 579 τλησεν
569 504 659 562 καὶ
694 500 1011 580 μετέϐαλεν,
1046 507 1142 571 εἶθ’
1191 508 1368 573 οὕτως
1402 512 1477 573 εἱς
1518 511 1856 590 συγκρίματα
1884 516 1997 587 (98)

2121 514 2329 570 infudit
2381 534 2448 572 ac
2495 521 2818 589 transtulit,
2852 523 2986 580 dein
3036 526 3309 586 similiter
3338 530 3397 587 in
3431 532 3608 591 mista
3638 537 3767 593 ani-

336 598 427 652 xui
489 597 741 671 σώματα·
795 595 1008 672 ἀθρόως
1052 596 1156 673 γὰρ
1198 598 1386 653 οὐσίαν
1446 604 1672 671 ποιῆσαι
1729 603 1796 657 τὰ
1851 604 1996 672 πάθη

340 687 440 743 οὐκ
468 685 612 755 ἐνῆν·
646 686 734 742 καὶ
785 690 903 749 τοῖς
949 686 1167 760 σώμασι
1214 688 1351 743 κατά
1381 689 1539 765 φύσιν
1581 688 1999 763 ἐπιτηδειότητα

341 776 680 847 ἐνεποίησεν.

414 866 546 923 MZ'.
583 868 811 940 Πρῶτος
847 864 941 927 μὶν
975 864 1069 918 οὗν
1104 868 1452 943 Δημιουργὸς
1496 868 1524 922 6
1571 870 1769 944 Σωτὴρ
1793 867 1998 946 γίνεται

340 953 635 1016 καθολικός
671 971 684 986 ’
749 955 785 1022 ἡ
860 951 918 1008 δὲ
978 953 1153 1028 Σοφία
1231 952 1450 1033 δευτέρα
1508 956 1796 1031 οἶκοδομεῖ
1853 959 1997 1013 οἷκον

345 1044 532 1119 ἑαυτῇ,
592 1042 684 1099 καὶ
768 1044 1028 1118 ὑπήρεισε
1104 1043 1334 1106 στύλους
1406 1044 1559 1101 ὲπτά’
1636 1049 1725 1101 καὶ
1782 1053 1998 1123 πρῶτον

344 1133 559 1189 πάντων
602 1127 980 1207 προϐάλλεται
1025 1132 1204 1188 εἰκόνα
1250 1137 1345 1188 τοῦ
1393 1134 1605 1210 Πατρὸς
1654 1137 1806 1205 Θεὸν,
1839 1134 1908 1192 δι’
1939 1137 2001 1192 οὗ

345 1222 572 1295 ἐποίησε
599 1223 691 1277 τὸν
732 1221 965 1297 οὐρανὸν
997 1222 1088 1277 xui
1137 1225 1238 1293 τήν
1279 1231 1405 1300 γῆν,
1443 1224 1689 1280 τουτέστι
1736 1228 1802 1281 τὰ
1833 1226 2000 1303 οὐρά-

345 1335 436 1369 νια
470 1312 561 1367 καὶ
591 1312 659 1368 τὰ
684 1310 917 1387 ἐπίγεια,
947 1312 1016 1367 τὰ
1046 1309 1193 1382 δεξιὰ
1238 1312 1327 1367 καὶ
1370 1314 1436 1369 τὰ
1484 1315 1760 1391 ἀριστερά.
1806 1316 2001 1384 Οὗτος,

353 1404 430 1465 ὡς
488 1401 649 1458 εἰκὼν
697 1401 904 1475 Πατρὸς
938 1448 953 1471 ,
1000 1402 1185 1478 Πατήρ
1242 1403 1496 1479 γίνεται,
1546 1403 1633 1459 καί
1694 1400 2002 1481 προϐάλλει

352 1496 571 1569 πρῶτον
621 1492 713 1548 τὸν
766 1492 1001 1567 ψυχικὸν
1061 1494 1295 1567 Χριστὸν
1350 1494 1479 1549 Υἱοῦ
1538 1495 1718 1550 εἶ’κόνα
1747 1537 1759 1550 .
1820 1493 2006 1551 ἔπειτα

350 1581 479 1643 τοὺς
535 1579 939 1658 ἀρχαγγέλους,
999 1580 1264 1647 αἶ’ώνωνς·
1312 1582 1495 1638 εἰκόνα
1541 1584 1656 1639 εἶτα
1712 1584 2003 1660 ἀγγέλους,

350 1669 622 1747 ἀγγέλων,
674 1670 733 1726 ἐκ
776 1676 878 1741 τῆς
931 1673 1177 1746 ψυχικῆς
1222 1672 1311 1727 καὶ
1356 1681 1627 1751 φωτεινῆς
1675 1672 1885 1744 οὐσίας,
1935 1673 2001 1743 ἦν

350 1782 513 1838 φησιν
568 1760 597 1815 6
646 1760 992 1839 προφητικὸς
1041 1757 1227 1837 λόγος,
1286 1761 1384 1815 Καὶ
1442 1766 1653 1836 πνεῦμα
1703 1767 1838 1818 Θεοῦ
1890 1762 2005 1818 ἐπε·

349 1850 539 1928 φὲρετο
579 1847 762 1905 ἐπάνω
833 1853 941 1905 τῶν
1022 1845 1256 1917 ὑδάτων,
1321 1850 1459 1906 κατὰ
1508 1852 1609 1921 τὴν
1678 1851 2005 1925 συμπλοκὴν

347 1944 457 1996 τῶν
490 1936 586 1994 δύο
621 1938 822 1995 οὐσιῶν
852 1942 961 1994 τῶν
1010 1939 1184 1994 αὐτῶν
1235 1941 1635 2014 πεπεισμένων,
1664 1943 1727 1996 τὸ
1773 1940 2004 2017 εἰλικρι-

349 2030 437 2092 νὶς
494 2028 841 2107 ἐπιφέρεσθαι
892 2026 1081 2084 εἷ’πών·
1130 2028 1194 2084 τὸ
1264 2026 1322 2084 δὲ
1368 2024 1621 2107 ἐμϐριθὶς
1670 2032 1760 2087 xui
1816 2030 2003 2087 ὑλικὸν

347 2117 735 2197 ὐποφέρεσθαι,
782 2118 847 2174 τὸ
902 2115 1129 2195 Θολερὸν
1178 2116 1267 2173 xui
1322 2120 1638 2194 παχυμερίς
1673 2163 1686 2176 .
1747 2120 2006 2193 Ἀσώμα-

348 2230 441 2265 τον
500 2205 558 2264 δὲ
609 2207 700 2264 καὶ
756 2206 960 2279 ταύτην
1016 2206 1069 2262 ἐν
1120 2206 1269 2283 ἀρχῇ
1298 2240 1299 2243 η
1328 2207 1643 2281 αἰνίσσεται,
1674 2209 1736 2264 τὸ
1784 2210 2006 2289 φάσκειν

351 2299 603 2369 ιῖιόρατον⁵
657 2295 780 2353 οῦτε
828 2299 933 2373 γὰρ
977 2296 1252 2377 ἀνθρώπῳ
1297 2301 1377 2370 τῷ
1430 2296 1662 2371 μηδέπω
1694 2295 1807 2353 ὄντι
1838 2298 2007 2375 ἀόρα-

346 2409 443 2451 τος
491 2388 583 2459 ἦν,
635 2384 758 2443 οὕτε
798 2392 879 2461 τῷ
1162 2384 1515 2464 ἐδημιούργει
1564 2390 1687 2464 γάρ·
1746 2386 1891 2443 ἀλλὰ
1945 2390 2008 2443 τὸ

349 2475 599 2556 ἄμορφον
649 2477 743 2532 καὶ
791 2474 1030 2532 ἀνείδεον
1076 2474 1167 2531 καὶ
1215 2476 1631 2553 ἀσχημάτιστον
1665 2476 1855 2549 αὐτῆς,
1901 2476 2010 2533 ὦδε

350 2588 470 2629 πως
501 2565 858 2645 ἐξεφώνησεν.

428 2745 563 2802 MH'.
617 2741 903 2819 Διακρίνας
954 2739 1012 2798 δὶ
1059 2743 1088 2797 6
1133 2744 1483 2819 Δημιουργὸς
1522 2744 1589 2797 τὰ
1644 2744 1853 2820 καθαρά
1904 2743 2011 2800 ἀπὸ

352 2838 452 2889 τοῦ
499 2828 815 2909 ἐμϐριθοῦς,
858 2833 933 2895 ὡς
992 2831 1052 2887 ἃν
1110 2829 1296 2888 ἐνιδὼν
1356 2833 1455 2902 τὴν
1516 2833 1773 2909 ἑκατέρου
1831 2834 2012 2911 φύσιν,

353 2927 470 3004 φῶς
519 2921 766 2994 ἐποίησε,
809 2922 1084 2978 τουτέστιν
1131 2920 1488 3000 ἐφανέρωσεν,
1519 2922 1610 2977 καὶ
1661 2922 1736 2985 εἲς
1770 2928 1886 3001 φῶς
1920 2925 2008 2979 καὶ

2112 604 2400 661 mentium
2436 624 2700 681 corpora,
2735 612 2859 667 ﬁeri
2889 614 3045 671 enim
3074 634 3187 673 non
3221 621 3415 692 potuit
3446 626 3508 679 ut
3538 625 3767 696 passio-

2111 710 2214 749 nes
2247 693 2405 750 illico
2437 696 2837 757 substantiam
2870 702 3147 775 facerent,
3181 713 3239 764 et
3284 693 3628 785 corporibus
3659 716 3766 772 ba-

2109 783 2231 839 bita
2268 789 2486 839 natura;
2519 790 2855 847 eorumdem
2892 794 3110 850 ratione
3140 783 3455 857 utilitatem
3490 803 3723 862 indidit.

2185 873 2404 929 XLVII.
2454 874 2684 932 Primus
2740 879 2943 953 itaque
2999 882 3374 961 Demiurgus,
3420 907 3525 949 ceu
3577 893 3772 967 opifex

2112 962 2461 1019 universalis
2507 964 2768 1023 Salvator
2812 969 3001 1027 factus
3045 979 3153 1043 est,
3188 977 3321 1033 dein
3353 962 3648 1052 Sapientia
3675 1000 3768 1039 se.

2111 1052 2304 1105 cunda
2352 1052 2461 1107 sibi
2498 1053 2719 1111 domum
2768 1057 3007 1129 aediﬁcat
3039 1063 3139 1135 (a),
3172 1066 3416 1124 collocat
3464 1071 3769 1130 columnas

2112 1144 2360 1211 septem,
2397 1142 2774 1216 primumque
2807 1150 3073 1206 omnium
3106 1157 3287 1211 Deum
3330 1160 3517 1216 Patris
3564 1160 3766 1235 imagi-

2113 1244 2246 1283 nem
2283 1230 2574 1301 producit,
2609 1250 2713 1305 per
2752 1251 2927 1307 quem
2977 1238 3114 1296 fecit
3162 1243 3374 1301 ccelum
3422 1252 3478 1303 et
3524 1230 3765 1319 terram,

2113 1316 2223 1373 hoc
2271 1326 2377 1387 est,
2412 1320 2666 1378 coelestia
2697 1328 2874 1397 atque
2905 1331 3227 1401 terrestria,
3260 1334 3462 1392 dextra
3506 1354 3573 1394 ac
3619 1316 3767 1395 sini;

2113 1410 2255 1462 stra.
2293 1408 2392 1464 Hic
2441 1414 2505 1464 ut
2548 1411 2731 1467 Patris
2764 1414 2956 1489 imago
2986 1422 3155 1475 Pater
3187 1422 3377 1479 factus
3410 1429 3516 1497 est,
3550 1430 3607 1482 et
3636 1444 3770 1500 pro-

2113 1494 2276 1551 ducit
2306 1496 2565 1568 primum
2595 1501 2906 1560 animalem
2943 1506 3240 1566 Christum
3275 1494 3771 1589 Filiiimaginem:

2113 1584 2249 1681 dein
2281 1587 2664 1661 archangelos
2683 1591 2930 1649 Eonum
2964 1596 3272 1671 imagines,
3298 1584 3573 1678 deinceps
3602 1623 3772 1681 ange-

2110 1671 2200 1729 los
2228 1675 2569 1748 angelorum
2604 1696 2672 1736 ex
2699 1681 2937 1738 animali
2972 1684 3286 1760 lucidaque
3318 1671 3776 1766 substantiarde

2114 1780 2226 1836 qua
2257 1780 2448 1820 sermo
2480 1768 2859 1841 propheticus
2895 1789 2908 1828 :
2938 1776 3012 1829 Et
3056 1778 3307 1847 Spiritus
3354 1782 3454 1838 Dei
3495 1785 3777 1855 ferebatur

2112 1868 2273 1924 super
2301 1870 2474 1925 aqua:
2505 1856 2601 1927 ib),
2633 1859 2880 1916 duarum
2931 1863 3403 1925 substantiarum
3464 1871 3774 1946 complexu

2119 1958 2245 2013 quae
2276 1944 2496 1999 cedunt
2525 1944 2664 2017 ipsa
2695 1952 2752 2003 et
2782 1951 3208 2025 obsequuntur,
3244 1960 3399 2030 quod
3431 1944 3647 2033 purum
3680 1979 3777 2019 sus

2116 2046 2221 2103 pra
2269 2035 2485 2088 terram
2538 2034 2675 2090 ferri
2727 2036 2953 2109 dicens,
2987 2044 3142 2114 quod
3191 2062 3324 2103 vero
3372 2063 3547 2120 grave
3598 2058 3775 2123 atque

2117 2120 2437 2190 materiale,
2469 2123 2777 2181 turbidum
2808 2143 3195 2204 crassumque
3224 2136 3554 2194 subsidere.
3577 2120 3769 2197 Incor-

2117 2225 2355 2282 poream
2380 2227 2514 2267 vero
2537 2215 2595 2268 et
2616 2212 2769 2271 hanc
2792 2232 2917 2273 esse
2938 2217 2998 2275 in
3020 2220 3333 2296 principio,
3358 2226 3529 2283 nobis
3557 2228 3774 2301 innuit,

2118 2314 2253 2353 cum
2286 2302 2343 2354 et
2373 2298 2728 2357 invisibilem
2785 2306 3070 2363 nominat.
3108 2310 3308 2384 Neque
3334 2314 3490 2371 enim
3523 2298 3775 2389 homini,

2119 2386 2219 2459 qui
2250 2388 2513 2445 nondum
2546 2395 2721 2459 esset,
2745 2392 3062 2452 invisibilis
3092 2404 3432 2475 erat,neque
3464 2386 3777 2479 Demiurgo

2119 2492 2220 2532 ceu
2256 2476 2471 2548 opifici,
2507 2480 2631 2551 ipse
2680 2481 2837 2538 enim
2890 2484 3195 2543 condidit:
3251 2490 3351 2546 sed
3413 2493 3567 2564 quod
3620 2476 3781 2551 illius

2118 2564 2391 2657 informe,
2428 2567 2584 2639 quod
2635 2571 2872 2644 speciei,
2905 2576 3060 2646 quod
3104 2576 3303 2651 figura:
3355 2580 3533 2639 fuerit
3574 2599 3782 2657 expers

2121 2654 2231 2709 hoc
2264 2656 2438 2711 modo
2468 2658 2818 2716 enuntiavit.

2193 2743 2433 2800 XLVIII.
2467 2744 2815 2835 Discernens
2858 2768 2993 2808 vero
3040 2756 3394 2831 Demiurgus
3452 2776 3579 2832 quae
3632 2778 3782 2835 pura

2123 2832 2196 2888 ab
2246 2849 2311 2888 eo
2359 2834 2513 2904 quod
2566 2852 2852 2907 crassum,
2888 2844 2953 2895 ut
2990 2844 3090 2914 qui
3142 2846 3451 2903 amborum
3508 2832 3778 2907 naturam

2125 2921 2345 2994 Optime
2375 2925 2664 2996 cognovit,
2693 2925 2883 2984 lucem
2907 2932 3143 3003 creavit,
3169 2933 3279 2991 hoc
3298 2941 3410 3004 est,
3440 2939 3782 2997 manifesta-

357 3011 506 3069 ίδὲαν
550 3013 915 3089 προσήγαγεν·
979 3009 1095 3066 ἐπεὶ
1150 3010 1274 3087 τόγε
1328 3009 1559 3081 ἡλιακὸν
1618 3012 1706 3066 xui
1763 3011 2004 3101 οὐράνιοι

2122 3010 2228 3075 vit,
2262 3016 2438 3084 atque
2469 3014 2537 3068 ad
2573 3013 2764 3071 lucem
2800 3020 3177 3094 speciemque
3224 3025 3519 3096 produxit.
3551 3027 3777 3101 Quippe

358 3107 475 3182 φῶς
535 3099 737 3174 πολλῷ
792 3100 1012 3176 ὕστερον
1071 3099 1393 3189 εργάζεται·
1453 3101 1541 3189 καὶ
1589 3106 1738 3189 ποιεῖ
1789 3100 1849 3155 ἐκ
1903 3106 2004 3157 τῶν

2124 3100 2224 3155 diu
2257 3107 2389 3173 post
2419 3103 2708 3160 formatur
2753 3105 2893 3163 solis
2941 3109 3187 3183 cmlique
3230 3112 3458 3184 lumen,
3487 3099 3683 3189 idque
3706 3099 3776 3174 ex

359 3190 589 3261 ὑλικῶν,
619 3191 683 3247 τὸ
714 3191 809 3264 μὲν
844 3189 905 3245 ἐκ
940 3192 1041 3254 τῆς
1078 3186 1261 3260 λύπης
1296 3186 1576 3260 οὐσιῶδες,
1619 3188 1802 3259 κτίζον
1850 3211 2004 3244 πνευ-

2125 3190 2453 3248 materiatis
2477 3209 2490 3246 :
2524 3209 2734 3267 nempe
2759 3198 2914 3268 quod
2939 3199 3333 3259 substantiale
3362 3203 3474 3260 fuit
3489 3186 3776 3263 extristi-

356 3280 559 3355 ματικά
606 3286 708 3350 τῆς
756 3278 1023 3367 πονηρίας
1071 3280 1168 3354 (ί),
1198 3279 1337 3367 πρὸς
1382 3278 1496 3367 ειλὴ
1541 3276 1692 3349 πάλη
1729 3282 1890 3353 ἡμῖν,
1925 3277 2004 3335 διὸ

2122 3280 2222 3348 tia,
2258 3281 2522 3337 condidit
2552 3283 2840 3355 spiritalia
2880 3288 3180 3361 nequitiae,
3211 3293 3493 3350 adversus
3541 3302 3605 3367 ult
3651 3312 3778 3367 quae

351 3370 443 3426 xui
474 3367 619 3447 λέγει
664 3369 693 3424 6
738 3365 1099 3429 Ἀπόστολος·
1153 3366 1248 3421 Καὶ
1304 3368 1379 3440 μὴ
1430 3364 1653 3422 λυπεῖτε
1699 3368 1762 3422 τὸ
1794 3372 2004 3441 Πνεῦμα

2121 3368 2292 3423 nobis
2323 3373 2414 3424 est
2443 3368 2621 3442 lucta,
2658 3373 2817 3429 unde
2865 3375 3007 3431 dicit
3030 3378 3343 3450 Apostolus
3380 3398 3393 3436 :
3443 3384 3519 3437 Et
3553 3364 3624 3438 ne
3651 3364 3781 3440 eon-

352 3459 418 3514 16
476 3460 628 3535 ἅγιον
686 3461 785 3513 τοῦ
836 3460 991 3526 Θεοῦ,
1041 3454 1095 3512 ἐν
1154 3455 1200 3529 ᾧ
1257 3455 1669 3534 ἐσφραγίσθητε·
1727 3457 1791 3511 τὸ
1849 3454 1906 3512 δὲ
1953 3456 2013 3513 ἐκ

351 3552 451 3605 τοῦ
500 3542 697 3623 φόϐου,
739 3549 810 3602 τὰ
866 3546 1047 3622 θηρία·
1104 3546 1167 3599 τὸ
1225 3542 1283 3600 δὲ
1340 3544 1398 3600 ἐκ
1453 3552 1554 3615 τῆς
1611 3544 1865 3617 πλήξεως
1917 3548 2008 3602 xui

355 3637 611 3715 ἀπορίας,
658 3638 728 3692 τὰ
773 3639 1023 3711 στοιχεῖα
1067 3635 1166 3691 τοῦ
1212 3635 1443 3708 κόσμου.
1479 3637 1567 3691 Ἐν
1614 3632 1671 3690 δὶ
1718 3641 1835 3698 τοῖς
1864 3634 2007 3708 τρισῖ

356 3726 656 3803 στοιχείοις
709 3726 772 3781 τὸ
820 3729 927 3799 πῦρ
984 3723 1325 3799 ἐναιωρεῖται
1405 3724 1494 3779 καὶ
1553 3722 1868 3802 ἑνέσπαρται
1917 3724 2006 3780 καὶ

344 3816 681 3893 ἰμφωλεύει,
730 3814 820 3871 καὶ
871 3815 975 3870 ὑπὸ
1022 3813 1228 3869 τούτων
1286 3812 1588 3885 ἐξάπτεται,
1645 3815 1736 3869 καὶ
1786 3813 2006 3878 τούτοις

343 3906 768 3978 ὶπαποθνήσκει,
822 3905 900 3979 μὴ
945 3901 1074 3980 ἔχον
1116 3908 1287 3959 τῦπον
1338 3904 1640 3960 ἀποτακτὸν
1689 3909 1768 3974 (2)
1813 3905 2004 3960 ἑαυτοῦ

342 3998 419 4060 ὡς
451 3995 544 4051 xui
589 3996 657 4050 τὰ
704 3992 850 4051 ἄλλα
901 3998 1172 4069 στοιχεῖα,
1204 3992 1256 4064 ἐξ
1307 3994 1381 4049 ὧν
1410 3993 1479 4049 τὰ
1516 3993 1853 4072 συγκρίματα
1904 3991 2003 4066 δη-

347 4091 713 4163 μιουργεῖται.

416 4176 552 4234 ΜΘ’.
584 4174 739 4232 Ἐπεὶ
799 4170 857 4229 δὶ
915 4171 1014 4228 οὐκ
1068 4169 1329 4247 ἐγίνωσκε
1382 4172 1483 4241 τήν
1546 4169 1619 4228 δι’
1666 4172 1830 4228 αὐτοῦ
1856 4172 2002 4249 ἐνερ-

345 4269 560 4339 γοῦσαν,
592 4262 848 4336 οἰόμενος
897 4259 1011 4333 ΐδίᾳ
1058 4258 1283 4334 δυνάμει
1312 4258 1699 4337 δημιουργεῖν,
1740 4260 2000 4340 φιλεργὸς

352 4352 427 4410 ὢν
475 4354 647 4433 φύσει,
698 4349 789 4408 διὰ
834 4352 994 4407 τοῦτο
1054 4351 1196 4406 εἶπεν
1251 4351 1280 4406 6
1329 4350 1688 4414 Ἀπόστολος·
1733 4353 1997 4428 Ὑπετάγη

349 4448 418 4519 τῇ
481 4443 806 4517 ματαιότητι
860 4444 960 4496 τοῦ
1016 4441 1229 4514 κόσμου
1285 4438 1394 4516 οὐχ
1443 4440 1581 4496 ἑκὼν
1618 4485 1632 4510 ,
1691 4438 1839 4497 ἀλλά
1912 4438 2003 4496 διὰ

345 4533 439 4589 τὸν
490 4531 829 4604 ὑποτάξαντα
860 4572 876 4599 ,
923 4527 1007 4585 ἐπ’
1054 4524 1260 4598 ἐλπίδι,
1305 4529 1389 4583 ὅτι
1432 4529 1522 4584 καὶ
1571 4527 1731 4591 αὐτὸς
1778 4526 1999 4593 ἐλευθε-

347 4624 677 4699 ρωθήσεται,
735 4619 861 4676 ὅταν
916 4616 1157 4694 συλλεγῇ
1208 4618 1277 4673 τὰ
1333 4618 1616 4693 σπέρματα
1663 4622 1762 4673 τοῦ
1820 4622 1953 4674 Θεοῦ
1986 4662 2000 4676 .

346 4713 666 4789 Τεκμήριον
714 4707 772 4765 δὲ
820 4707 1060 4783 μάλιστα
1089 4710 1187 4762 τοῦ
1234 4706 1489 4762 ἀκουσίου
1536 4706 1599 4761 τὸ
1647 4706 1893 4784 εὐλογεῖν
1939 4707 2002 4762 τὸ

348 4797 633 4857 Σάϐϐατον
664 4800 756 4856 xui
798 4800 898 4868 τὴν
950 4798 1056 4854 ἀπὸ
1102 4801 1213 4854 τῶν
1258 4795 1440 4853 πόνων
1490 4796 1785 4853 ἀνάπαυσιν
1839 4798 2001 4873 ὑπερ-

349 4892 663 4962 ασπίζεσθαι
692 4891 791 4964 (3).

420 4982 499 5039 N‘.
533 4974 732 5036 Λαϐὼν
757 4982 895 5055 χοῦν
928 4976 1035 5033 ἀπὸ
1064 4982 1166 5047 τῆς
1211 4982 1339 5053 γῆς,
1370 4976 1433 5032 οὐ
1479 4983 1579 5047 τῆς
1628 4976 1815 5054 ξηρᾶς,
1860 4974 2007 5033 ἀλλὰ

348 5076 451 5142 τῆς
506 5068 861 5145 πολυμεροῦς
914 5066 1005 5122 καὶ
1061 5065 1326 5138 ποικίλης
1378 5064 1514 5134 ὕλης
1576 5067 1765 5141 μέρος,
1818 5067 2004 5141 ψυχὴν

428 5192 492 5257 ἰι
517 5188 577 5246 P.
607 5187 710 5243 971
746 5190 857 5244 ED.
891 5184 1183 5243 POTTER.
1278 5184 1356 5258 (a)
1389 5189 1554 5241 Prov.
1590 5201 1667 5254 Ix,
1701 5185 1788 5241 11.

356 5260 432 5334 (e)
460 5259 600 5317 Gen.
633 5276 697 5330 ιι,
721 5260 777 5316 3.

423 5386 538 5460 (98)
570 5380 947 5460 ξυοριρίματα.
981 5380 1261 5460 Eamdem
1290 5397 1491 5438 vocem
1526 5380 1702 5460 paulo
1734 5380 1888 5437 intra
1918 5378 2014 5436 ad-

356 5447 540 5537 hibet;
574 5447 746 5537 ξξῌίδῆ
766 5447 835 5511 τὰ
864 5447 1667 5537 συγκρίματανδημεουργεῖται.

427 5519 544 5604 (99}
721 5530 783 5585 Δ.
818 5519 1164 5604 ευρριοϊτᾷξ
1194 5519 1332 5604 barri.
1355 5519 1882 5604 De'i'uformantem
1915 5540 2015 5604 cu:

350 5594 453 5732 ﬁas
488 5594 713 5659 mentio
744 5594 1190 5669 mox'occurri't,
1224 5597 1356 5654 vide
1395 5600 1454 5653 et
1497 5595 1805 5666 Basiliam,
1854 5611 1911 5667 p.
1963 5594 2016 5650 6.

416 5714 435 5732 .
464 5675 757 5731 SYLBURG.

416 5714 435 5734 .
464 5675 651 5731 ὅπου
661 5688 757 5730 ac.

429 5746 511 5820 (1)
573 5740 922 5818 Ηνευματικὰ
973 5743 1076 5810 τῆς
1135 5758 1197 5795 π.
1256 5736 1427 5797 Forte
1474 5735 1757 5811 πνεύματα
1792 5740 1894 5807 τῆς
1921 5755 2022 5791 πο-

646 5866 918 5928 ΡΑε-ιιοι.
966 5860 1079 5925 Gn.
1124 5858 1233 5923 Ix.

1882 5183 1959 5257 (b)
1988 5183 2133 5241 Gen.
2170 5198 2208 5253 Ι,
2235 5184 2291 5237 2.
2386 5180 2460 5254 (c)
2489 5180 2635 5253 Eph.
2668 5198 2748 5253 v1,
2777 5182 2881 5251 22;
2918 5199 2992 5253 ιν,
3028 5184 3118 5240 30.

2122 3460 2342 3514 cristate
2374 3458 2644 3530 Spiritum
2672 3467 2923 3519 sanctum
2953 3466 3137 3533 Dei,in
3170 3485 3277 3541 quo
3306 3471 3515 3542 signati
3541 3474 3783 3546 estis(e):

2119 3562 2186 3602 ex
2246 3547 2452 3603 timore
2502 3565 2652 3618 vero,
2706 3551 2946 3622 bestias,
2999 3571 3067 3611 ex
3115 3561 3357 3631 stupore
3404 3575 3539 3615 vero
3590 3578 3777 3635 angu-

2117 3636 2368 3707 stisque,
2402 3635 2692 3694 elementa
2717 3642 2944 3697 mundi.
2974 3643 3039 3698 In
3071 3645 3262 3702 tribus
3294 3651 3490 3704 autem
3520 3648 3777 3706 elemen-

2115 3724 2194 3780 tis
2224 3724 2378 3795 ignis
2410 3726 2683 3784 sublimis
2713 3735 2919 3800 exstat,
2952 3737 3010 3788 et
3056 3733 3177 3790 illis
3224 3736 3532 3809 inspersus
3578 3744 3687 3807 est,
3719 3746 3777 3795 et

2114 3812 2173 3868 in
2209 3813 2325 3870 illis
2358 3814 2518 3886 latet,
2552 3821 2610 3872 et
2639 3818 2757 3872 sub.
2782 3818 2993 3877 iisdem
3053 3824 3411 3893 accenditur,
3445 3826 3625 3899 inque
3656 3828 3773 3885 illis

2115 3902 2384 3974 moritur,
2433 3905 2678 3961 formam
2730 3906 2824 3962 sui
2868 3909 3318 3969 determinatam
3370 3931 3487 3971 non
3544 3916 3769 3973 habens

2112 3991 2285 4048 sicuti
2339 3992 2567 4067 reliqua
2610 3994 2917 4066 elementa,
2973 4016 3040 4055 ex
3089 4002 3306 4074 quibus
3356 4004 3529 4061 mista
3568 4006 3769 4063 viven-

2108 4083 2379 4153 tiumque
2406 4100 2651 4157 corpora
2680 4085 3026 4143 formantur.

2184 4170 2370 4227 XLIX.
2406 4174 2693 4238 Quoniam
2722 4192 2860 4231 vero
2886 4179 3204 4249 nesciebat,
3234 4197 3361 4254 qua;
3414 4200 3517 4256 per
3562 4185 3759 4256 ipsum

2108 4262 2480 4334 operabatur,
2508 4262 2725 4318 virtute
2772 4267 3010 4336 propria
3061 4284 3124 4323 se
3179 4285 3271 4324 res
3326 4288 3520 4329 creare
3573 4273 3771 4329 existi-

2108 4366 2300 4419 mans,
2327 4367 2461 4406 cum
2496 4356 2707 4407 natura
2738 4351 2949 4410 lubens
2981 4361 3277 4428 operetur,
3305 4366 3543 4433 propter
3565 4363 3771 4419 hocdi-

2108 4441 2186 4494 xil
2221 4440 2533 4511 Apostolus
2567 4457 2581 4495 :
2630 4442 2955 4512 Subjectum
3003 4460 3119 4501 esse
3167 4450 3407 4505 vanitati
3438 4453 3633 4507 mundi
3663 4469 3774 4509 non

2105 4545 2209 4583 sua
2238 4531 2447 4600 sponte,
2476 4529 2568 4584 sed
2611 4540 2835 4601 propter
2882 4548 3011 4588 cum
3054 4537 3155 4607 qui
3200 4537 3429 4609 subjecit
3459 4541 3517 4595 in
3549 4557 3642 4614 spe
3673 4540 3771 4615 (ά),

2031 4643 2079 4709 D
2109 4618 2263 4689 quod
2299 4617 2425 4689 ipse
2450 4618 2625 4709 etiam
2665 4618 3034 4709 liberabitur,
3055 4640 3184 4679 cum
3211 4626 3311 4681 Dei
3346 4629 3575 4685 semina
3604 4629 3774 4688 colle-

2113 4711 2205 4760 cta
2237 4706 2472 4763 fuerint.
2505 4706 2800 4779 Praecipue
2830 4725 2964 4765 vero
2994 4710 3070 4766 sit
3100 4711 3315 4769 indicio
3348 4718 3503 4788 quod
3549 4718 3771 4774 invitus

2115 4799 2390 4867 operatus
2421 4800 2529 4862 est,
2567 4798 2846 4868 quoniam
2900 4800 3140 4857 Sabbato
3173 4803 3451 4861 benedixit
3479 4809 3574 4877 (e),
3598 4816 3653 4864 et
3680 4825 3766 4863 re-

2117 4884 2316 4957 quiem
2350 4902 2385 4940 a
2415 4884 2717 4941 laboribus
2746 4890 2966 4943 tuetur.

2191 4974 2249 5030 Ι...
2302 4973 2542 5031 Pulvere
2592 4991 2622 5030 e
2668 4979 2825 5031 terra
2853 4983 3088 5049 sumpto
3122 4998 3235 5037 non
3267 4998 3333 5037 ex
3365 4982 3549 5051 arida,
3577 4984 3679 5040 sed
3708 5001 3774 5041 ex

2118 5064 2372 5121 diversis
2404 5065 2674 5137 partibus
2706 5065 2944 5122 dividua
2972 5068 3250 5141 variaque
3298 5073 3545 5128 materia
3592 5079 3770 5131 terre-

3222 5185 3299 5258 (d)
3330 5185 3498 5244 Rom.
3529 5204 3654 5260 vm,
3684 5191 3775 5246 20.

2125 5376 2337 5452 νηρίας.
2367 5381 2651 5434 SYLBURG.

2169 5451 2278 5532 2)
2303 5447 2486 5532 ΔΤόπον
2514 5446 2672 5504 ἀπότ.
2703 5449 2872 5507 Forte
2899 5449 3066 5507 τόπον
3093 5451 3422 5525 ἀποτακτόν,
3467 5456 3648 5514 locum
3678 5474 3775 5515 αε-

2127 5530 2428 5594 signatum.

2147 5595 2281 5666 7(3)
2380 5588 2857 5666 Ὑπερασπίζεσθαι
2893 5636 2905 5649 .
3005 5595 3457 5654 Convenientius
3555 5600 3785 5657 videtur

2136 5658 2622 5740 ὑπὲρασπᾶζεὰθαι,
2648 5664 2915 5733 amplecti
2956 5675 3007 5721 et
3030 5669 3292 5742 praeferri
3320 5670 3617 5729 laboribus.
3649 5673 3785 5731 Su.-

2135 5754 2309 5795 BURG.

3427 5863 3506 5924 22
