4124 6438
263 494 372 552 685
1037 497 1282 553 DUBIA.
1316 526 1384 538 —-
1421 499 1809 556 EXCERPTA
1847 502 1944 555 EX
1980 501 2302 557 SCRIPTIS
2341 501 2721 567 THEODOTI,
2765 504 2922 558 ETC.
3579 502 3688 558 686

264 619 376 684 λως
403 617 728 692 κινούμενος
759 618 864 674 ὑπὸ
919 622 1020 685 τῆς
1079 619 1306 698 Σοφίας,
1344 620 1515 676 οἷέται
1572 621 1913 694 αὐτοκίνητοι

2043 629 2230 696 vetur,
2265 642 2299 681 a
2343 642 2404 682 se
2455 627 2674 683 moveri
2725 626 2852 699 ipse
2884 630 3072 701 putat,
3105 626 3379 684 similiter
3409 630 3465 683 et
3495 627 3691 684 homi-

264 710 396 765 εἶναι
431 728 445 742 ·
483 707 696 782 ὁμοίως
725 709 816 764 καὶ
851 708 901 764 οἱ
952 710 1254 785 ἄνθρωποι.
1286 715 1510 787 Πρῶτον
1563 708 1653 765 οῦν
1715 713 1913 789 σπέρμα

2039 732 2164 771 nes.
2196 714 2466 772 Primum
2499 716 2696 787 itaque
2745 733 2946 774 semen
2995 718 3148 789 quod
3196 717 3256 773 in
3290 717 3518 774 Adamo
3560 717 3692 788 fuit,

262 798 632 873 πνευματικὸν
663 799 726 854 τδ
759 798 814 855 ἐν
843 803 922 872 τῷ
953 797 1136 873 Ἀδὰμ.
1174 796 1476 875 προέϐαλεν
1524 803 1558 871 ἡ
1612 801 1807 877 Σοφία,
1835 800 1913 856 ’ίνο

2037 803 2312 876 produxit
2340 805 2666 877 Sapientia,
2705 809 2770 861 ut
2800 822 2864 863 os
2912 806 3113 863 anima
3164 807 3468 864 rationalis
3510 811 3688 879 atque

259 889 388 966 ᾗτὸ
443 889 636 944 ὀστοῦν
669 890 704 959 ἡ
741 889 944 965 λογική
1005 890 1096 945 καὶ
1146 889 1375 966 οὐρανία
1431 893 1585 967 ψυχὴ
1650 893 1727 966 μὴ
1771 893 1924 965 κενὴ,

261 977 406 1036 ἀλλὰ
439 983 650 1052 μυελοῦ
679 981 924 1055 γὲμουσα
952 985 1345 1053 πνευματικοῦ.

331 1068 452 1123 ΝΔ’.
486 1068 627 1125 Ἀπὸ
677 1065 736 1123 δὲ
792 1071 889 1123 τοῦ
923 1065 1100 1141 Ἀδὰμ
1155 1075 1302 1145 τρεῖς
1360 1072 1545 1146 φύσεις
1578 1075 1874 1145 γεννῶνται
1910 1090 1923 1103 ·

257 1158 451 1234 πρώτη
510 1158 608 1232 μὲν
641 1160 677 1228 ἠ
709 1155 928 1234 ἄλογος,
961 1161 1026 1227 ἧς
1056 1159 1121 1227 ἦν
1156 1157 1314 1230 Κάιν,
1349 1157 1571 1233 δευτέρα
1625 1159 1682 1214 δὲ
1734 1163 1769 1230 ἡ
1821 1158 1920 1216 λο-

253 1248 410 1323 γικὴ,
441 1247 535 1303 καὶ
565 1250 601 1318 ἡ
656 1244 859 1318 δικαία,
892 1249 959 1316 ἧς
996 1247 1062 1316 ἧν
1103 1242 1275 1305 Ἅϐελ
1311 1270 1320 1281 '
1355 1249 1511 1323 τρίτη
1563 1247 1620 1304 δὲ
1663 1253 1698 1320 ἡ
1756 1270 1920 1306 πνευ-

251 1338 484 1411 ματικὴ,
514 1339 580 1406 ἧς
627 1337 694 1406 ἦν
744 1337 885 1407 Σήθ.
913 1337 1012 1392 Καὶ
1057 1337 1085 1391 ὁ
1139 1337 1234 1411 μὲν
1281 1340 1475 1414 χοϊκὸς
1523 1337 1634 1393 ἐστί
1693 1341 1810 1393 κατ’
1843 1339 1918 1393 εἰ·

251 1424 408 1498 κόνα,
443 1427 470 1481 6
532 1423 591 1480 δὲ
637 1426 872 1502 ψυχικὸς
923 1427 1043 1490 καθ’
1076 1427 1346 1500 ὁμοίωσιν
1399 1432 1556 1499 Θεοῦ,
1587 1429 1615 1482 ὁ
1670 1425 1728 1483 δὲ
1756 1449 1918 1484 πνευ-

263 1515 495 1589 ματικὸς
545 1517 662 1570 κατ’
688 1513 825 1570 ἰδίαν
1001 1516 1118 1593 Ἐφ’
1151 1517 1230 1579 οἷς
1283 1518 1456 1592 τρισὶν
1500 1515 1623 1572 ἄνευ
1669 1521 1776 1572 τῶν
1818 1516 1916 1572 ἄλ-

255 1603 374 1659 λων
412 1602 625 1660 παίδων
667 1608 761 1660 τοῦ
793 1602 974 1678 Ἀδὰμ
1003 1603 1216 1682 εἷ’ρηται
1251 1625 1264 1638 ·
1296 1606 1444 1675 Αὕτη
1494 1608 1528 1676 ἡ
1584 1601 1778 1682 βίϐλος
1827 1628 1918 1684 γε·

246 1692 452 1756 νὲσεως
536 1693 864 1768 ἀνθρώπων.
923 1696 1046 1752 ’Ὁτι
1126 1692 1182 1750 δὲ
1264 1696 1631 1769 πνευματικὸς
1688 1698 1716 1751 ὁ
1776 1699 1916 1768 Σὴθ,

244 1780 375 1838 οὔτε
403 1783 685 1856 ποιμαίνει
721 1780 846 1839 οὔτε
872 1789 1128 1860 γεωργεῖ,
1160 1783 1308 1840 ἀλλά
1337 1783 1506 1840 παῖδα
1552 1791 1914 1863 καρποφορεῖ,

238 1872 321 1933 ὡς
348 1871 415 1926 τὰ
445 1871 804 1947 πνευματικᾶ³
837 1873 923 1927 καὶ
957 1873 1243 1944 τοῦτον,’ὀς
1273 1870 1508 1942 ἤλπισεν
1536 1871 1913 1937 ἐπικαλεῖσθαι

2036 893 2288 950 caelestis
2319 897 2494 963 esset,
2528 910 2642 950 non
2673 910 2859 951 vacua
2890 895 2985 950 sed
3022 895 3279 953 medulla
3308 896 3482 968 plena
3511 895 3686 969 spiri-

2031 985 2093 1036 tu
2103 981 2200 1037 ali.

2106 1070 2243 1128 LIV.
2276 1072 2363 1127 Ab
2392 1072 2616 1127 Adamo
2668 1077 2862 1127 autem
2906 1075 3025 1128 tres
3075 1076 3293 1128 naturae
3333 1077 3681 1146 nascuntur,

2033 1161 2221 1231 prima
2246 1162 2483 1233 quidem
2517 1178 2646 1233 qua
2680 1160 2925 1217 rationis
2955 1177 3158 1232 expers
3193 1162 3324 1232 fuit,
3350 1167 3408 1218 et
3438 1163 3508 1219 ad
3533 1162 3684 1220 hanc

2031 1247 2170 1304 Cain
2204 1250 2565 1320 pertinebat;
2601 1250 2858 1306 secunda
2891 1265 3025 1305 vero
3057 1250 3285 1306 ratione
3317 1251 3560 1322 praedita
3581 1251 3680 1323 ju-

2029 1342 2260 1409 steque,
2297 1339 2367 1393 ad
2401 1355 2580 1410 quam
2629 1337 2806 1407 Abel;
2856 1340 3032 1396 tertia
3078 1356 3211 1396 vero
3258 1339 3560 1411 spiritalis,
3610 1340 3682 1395 ad

2027 1445 2202 1500 quam
2225 1429 2380 1484 Seth.
2415 1430 2486 1485 Et
2515 1429 2809 1486 terrestris
2834 1429 3073 1501 quidem
3107 1433 3198 1486 est
3229 1431 3301 1485 ad
3332 1429 3682 1502 imaginem,

2027 1517 2300 1574 animalis
2318 1535 2452 1576 vero
2476 1520 2547 1575 ad
2563 1518 2665 1574 Dei
2683 1517 3497 1591 similitudinem,spiritualis
3520 1519 3682 1575 deni-

2027 1622 2139 1678 que
2169 1608 2236 1662 ad
2266 1609 2582 1680 propriam.
2606 1608 2687 1665 De
2710 1608 2900 1664 tribus
2925 1608 3106 1677 hisce,
3132 1610 3260 1664 sine
3282 1608 3504 1666 caeteris
3524 1609 3674 1666 Ada-

2026 1697 2108 1752 mi
2138 1695 2361 1765 liberis,
2396 1700 2619 1754 dictum
2653 1704 2739 1754 est
2771 1715 2784 1753 :
2813 1697 2913 1754 Hic
2936 1699 3077 1755 liber
3098 1699 3474 1771 generationis
3502 1699 3678 1756 homi-

2022 1802 2156 1840 num
2178 1787 2279 1859 (a).
2315 1788 2480 1855 Quod
2512 1804 2646 1844 vero
2677 1787 2810 1843 Seth
2865 1787 3196 1860 spiritualis
3238 1788 3368 1854 fuit,
3402 1804 3508 1844 nec
3537 1805 3674 1860 pas-

2021 1879 2114 1930 tor
2143 1881 2268 1931 erat
2310 1894 2501 1949 neque
2531 1880 2746 1933 terram
2779 1876 2982 1945 coluit,
3015 1877 3116 1932 sed
3161 1877 3477 1948 spirituum
3511 1891 3675 1934 more

235 1960 309 2016 τὸ
359 1957 534 2035 ὄνομα
584 1961 814 2038 Κυρίου,
848 1963 956 2016 ἅνω
1004 1961 1296 2037 βλέποντα,
1325 1962 1387 2017 οὗ
1413 1962 1474 2017 τὸ
1515 1961 1825 2036 πολίτευμα
1855 1960 1910 2018 ἐν

2031 1964 2244 2036 prolem
2275 1965 2498 2038 genuit,
2531 1982 2781 2038 eamque
2811 1983 2937 2038 quae
2967 1981 3165 2022 nomen
3197 1966 3421 2022 Domini
3451 1968 3671 2023 invoca-

139 2087 144 2089 -
237 2049 462 2127 οὖρανῷ
498 2071 510 2084 ⁸
542 2055 736 2108 τοῦτον
766 2053 794 2107 6
824 2051 1032 2126 κόσμος
1062 2050 1122 2106 οὐ
1155 2056 1352 2128 χωρεῖ.

320 2232 443 2289 NE'.
468 2236 597 2295 Τοῖς
628 2231 802 2308 τρισὶν
837 2230 1151 2306 ἀσωμάτοις
1197 2231 1285 2288 ἐπὶ
1312 2236 1411 2288 τοῦ
1444 2231 1624 2307 Ἀδὰμ
1651 2233 1905 2309 τέταρτον

227 2319 555 2377 ἐπενδῦεται
589 2323 679 2377 τὸν
711 2321 925 2397 χοϊκὸν,
957 2321 1090 2385 τοὺς
1122 2319 1474 2397 δερματίνους
1506 2319 1911 2399 χιτῶνας.οίἱτ³

230 2411 339 2466 οὗν
400 2410 507 2466 ἀπὸ
552 2416 651 2467 τοῦ
710 2411 1019 2485 πνεύματος
1052 2410 1163 2466 οὔτ’
1197 2413 1286 2466 οὗν
1342 2412 1449 2467 ἀπὸ
1509 2412 1907 2490 ἐμφυσήματος

229 2501 454 2578 σπείρει
488 2502 516 2556 6
547 2499 729 2576 Ἀδάμ
760 2519 774 2534 °
810 2507 928 2566 θεῖα
963 2501 1066 2576 γὰρ
1099 2499 1265 2580 ἄμφω
1292 2519 1303 2532 ·
1337 2503 1426 2556 καὶ
1461 2499 1534 2556 δι’
1565 2502 1730 2557 αὐτοῦ
1789 2501 1905 2574 μὲν,

229 2591 361 2666 οὐχ
413 2590 500 2646 ὑπ’
529 2589 694 2645 αὐτοῦ
747 2587 805 2645 δὲ
850 2585 1229 2664 προϐάλλεται
1275 2586 1462 2662 ἄμφω.
1497 2592 1574 2648 Τὸ
1620 2587 1678 2645 δὲ
1721 2589 1907 2645 ὑλικὸν

230 2678 444 2749 αὐτοῦ,
489 2678 698 2756 ἐνεργὸν
759 2679 833 2742 εἰς
894 2681 1111 2755 σπέρμα
1167 2679 1256 2734 καὶ
1315 2679 1547 2755 γένεσιν,
1598 2679 1671 2741 ὡς
1732 2676 1791 2733 ἃν
1830 2681 1910 2751 τῷ

231 2769 526 2844 σπέρματι
593 2769 1050 2844 συγκεγραμὲνον,
1101 2769 1192 2824 καὶ
1267 2769 1470 2840 ταύτης
1521 2767 1572 2824 ἐν
1638 2771 1750 2842 ζωῇ
1807 2774 1906 2838 τῆς

229 2858 519 2932 ἁρμονίας
550 2858 854 2928 ἀποστῆναι
889 2860 964 2932 μὴ
1001 2856 1320 2934 δυνάμενος.
1353 2859 1507 2915 Κατὰ
1535 2861 1697 2912 τοῦτο
1727 2857 1908 2932 πατὴρ

225 2950 266 3020 ἦ
279 2950 412 3022 μῶν
447 2948 474 3002 6
508 2945 705 3022 Ἀδάμ.

317 3128 434 3196 Νζ’.
484 3127 547 3184 Ὀ
605 3130 824 3203 πρῶτος
874 3123 920 3182 δ’
966 3124 1252 3201 ἄνθρωπος
1314 3126 1374 3182 ἐκ
1419 3133 1522 3204 γῆς
1576 3125 1794 3202 χοϊκός.
1846 3125 1908 3182 Εἰ

231 3215 301 3274 δὲ
353 3215 443 3271 καὶ
501 3214 562 3272 ἐκ
613 3219 856 3293 ψυχικοῦ
913 3214 1127 3292 ἔσπειρε
1173 3217 1262 3272 καὶ
1303 3215 1362 3271 ἐκ
1387 3220 1777 3289 πνευματικοῦ,
1807 3236 1905 3270 κα-

231 3309 422 3382 θάπερ
455 3304 506 3376 ἐξ
539 3305 756 3374 ὑλικοῦ,
789 3306 981 3368 πάντες
1010 3303 1070 3360 ἂν
1097 3303 1209 3361 ί¹σοι
1255 3307 1346 3360 καὶ
1396 3303 1594 3360 δίκαιοι
1645 3303 1911 3381 ἐγεγόνει-

1939 2016 1988 2081 Β

2018 2069 2080 2109 re
2103 2054 2178 2125 (b)
2212 2056 2508 2127 speravit;
2541 2072 2666 2127 quae
2716 2072 2956 2112 sursum
3003 2055 3205 2112 oculos
3258 2055 3449 2125 tollat,
3510 2058 3671 2129 cujus

2013 2146 2356 2200 conversatio
2388 2146 2448 2199 in
2473 2145 2608 2200 caelo
2632 2145 2724 2216 (ο),
2757 2160 2932 2216 quam
2964 2145 3224 2200 mundus
3256 2162 3371 2201 non
3404 2146 3580 2218 capit.

2084 2234 2190 2289 LV.
2226 2233 2440 2289 Tribus
2470 2233 2530 2288 in
2565 2234 2790 2290 Adamo
2819 2233 3203 2306 incorporeis,
3229 2238 3507 2306 quartum
3531 2251 3670 2306 quo-

2013 2338 2128 2394 que
2159 2326 2455 2392 terrestre,
2488 2322 2705 2390 induit,
2753 2322 3030 2395 pelliceas
3082 2322 3364 2380 nimirum
3410 2324 3668 2380 tunicas.

2014 2411 2263 2467 Proinde
2295 2429 2399 2468 nec
2431 2429 2498 2468 ex
2529 2411 2738 2483 spiritu
2771 2429 2961 2485 neque
2989 2429 3056 2467 ex
3087 2412 3383 2484 spiraculo
3406 2414 3670 2470 Adamus

2014 2500 2470 2572 seminat,ambo
2502 2500 2717 2574 quippe
2746 2501 3042 2558 divina.Et
3072 2517 3176 2573 per
3205 2501 3374 2558 illum
3406 2502 3668 2575 quidem,

2014 2606 2132 2644 non
2164 2594 2363 2646 autem
2392 2591 2463 2646 ab
2496 2589 2596 2646 illo
2646 2591 3057 2662 producuntur
3095 2590 3291 2646 ambo.
3335 2591 3501 2654 Quod
3531 2608 3667 2648 vero

2013 2677 2178 2734 illius
2208 2681 2297 2734 est
2323 2682 2649 2749 terrenum,
2682 2678 2738 2734 id
2773 2679 2843 2734 ad
2876 2694 3076 2735 semen
3108 2682 3286 2751 atque
3332 2681 3662 2752 generatio-

2015 2783 2149 2822 nem
2182 2766 2388 2822 efﬁcax
2420 2772 2528 2838 est,
2591 2767 2758 2838 quasi
2809 2767 3023 2824 semini
3054 2769 3432 2824 commistum
3485 2774 3665 2840 esset,

2014 2859 2220 2928 estque
2249 2856 2563 2927 ejusmodi,
2599 2860 2663 2912 ut
2693 2857 2765 2913 ab
2792 2856 2895 2913 illa
2925 2874 3054 2929 quae
3087 2858 3144 2913 in
3175 2857 3296 2914 vita
3315 2862 3406 2914 est
3431 2857 3669 2916 harmo-

2014 2945 2113 2999 nia
2148 2945 2461 3001 abscedere
2498 2963 2612 3001 non
2646 2945 2853 3017 possit.
2886 2951 3008 3002 Hoc
3047 2946 3246 3019 itaque
3289 2948 3461 3004 modo
3492 2948 3664 3004 Pater

2014 3037 2214 3090 noster
2238 3035 2499 3090 Adamus
2540 3033 2783 3104 exstitit,
2816 3042 2871 3090 et
2898 3035 3123 3105 genuit.

2090 3122 2221 3178 LVI.
2256 3124 2491 3179 Primus
2524 3124 2687 3180 homo
2718 3125 2793 3181 de
2822 3129 2974 3180 terra
3003 3133 3253 3183 terrenus
3274 3125 3372 3198 (ἀ).
3421 3126 3584 3194 Quod
3612 3126 3662 3182 si

2015 3230 2083 3268 ex
2116 3212 2354 3268 animali
2386 3213 2739 3270 seminasset
2755 3231 2820 3270 ac
2842 3213 3118 3286 spiritali,
3137 3216 3209 3271 ad
3234 3215 3511 3272 eumdem
3536 3232 3666 3272 mo-

2014 3303 2158 3358 dum
2191 3319 2308 3374 quo
2339 3319 2407 3360 ex
2461 3303 2773 3371 materiali,
2815 3320 3020 3362 omnes
3057 3322 3226 3379 pares
3257 3323 3323 3362 ac
3344 3306 3495 3377 justi
3544 3305 3668 3363 nati

231 3417 365 3467 σαν,
395 3396 485 3450 καὶ
518 3395 571 3450 ἐν
599 3400 762 3451 πᾶσιν
794 3394 852 3450 ἂν
882 3397 917 3465 ἡ
961 3392 1166 3471 διδαχή
1216 3395 1306 3465 ἦν.
1341 3395 1438 3450 Διὰ
1486 3399 1650 3450 τοῦτο
1700 3393 1907 3450 πολλοὶ

2031 3409 2309 3459 essemus,
2333 3393 2470 3449 etin
2505 3393 2781 3450 omnibus
2824 3394 3092 3451 doctrina
3127 3401 3191 3466 ᾖ(
3237 3401 3414 3453 esset.
3466 3396 3672 3470 Itaque

232 3489 344 3561 μὶν
408 3485 459 3540 οἱ
495 3484 699 3554 ὑλικοὶ,
734 3484 796 3540 οὗ
828 3482 1035 3540 πολλοὶ
1069 3483 1126 3540 δὲ
1174 3486 1225 3540 οἱ
1274 3484 1506 3559 ψυχικοί
1541 3505 1553 3517 ·
1584 3483 1800 3539 σπάνιοι
1850 3481 1907 3538 δὲ

232 3577 295 3631 οἱ
351 3573 732 3647 πνευματικοί.
759 3573 834 3629 Τὸ
886 3575 980 3647 μὲν
1032 3574 1123 3629 οὗν
1174 3572 1536 3646 πνευματικὸν
1597 3571 1750 3649 φύσει
1799 3593 1909 3626 σω-

240 3665 483 3738 ζόμενον
502 3663 593 3718 ’τὸ
626 3661 684 3718 δὲ
714 3663 974 3738 ψυχικὸν,
1006 3661 1347 3733 αὐτεξούσιον
1377 3660 1458 3732 ὃν,
1491 3659 1909 3732 ἐπιτηδειότητα

239 3752 373 3829 ἔχει
423 3754 559 3829 πρὸς
606 3754 707 3822 τὴν
754 3751 933 3807 πίστιν
979 3752 1070 3808 καὶ
1114 3750 1434 3830 ἀφθαρσίαν,
1466 3750 1554 3806 καὶ
1603 3752 1738 3824 πρὸς
1778 3751 1908 3806 ἀπι-

239 3842 404 3899 στίαν
458 3841 548 3896 καὶ
597 3843 826 3920 φθορὰν,
858 3842 996 3897 κατά
1049 3842 1149 3911 τήν
1202 3840 1401 3895 οῗκείαν
1448 3838 1650 3916 α’ίρεσιν
1688 3859 1701 3873 ·
1732 3840 1794 3894 τὸ
1851 3836 1910 3894 δὲ

247 3930 448 3988 ὑλικὸν
480 3929 635 4010 φύσει
671 3929 1002 3988 ἀπόλλυται.
1035 3932 1200 3988 Ὅταν
1232 3929 1326 3984 οὗν
1357 3930 1422 3984 τὰ
1469 3928 1680 4006 ψυχικᾶ
1725 3927 1909 4004 ἐγκεν-

240 4023 448 4099 τρισθῇ
504 4023 575 4094 τῇ
634 4018 980 4093 καλλιελαίῳ
1055 4019 1130 4082 εἷς
1205 4018 1384 4075 πίστιν
1441 4019 1530 4073 καὶ
1589 4018 1911 4096 ἀφθαρσίαν,

241 4110 342 4167 καὶ
409 4110 658 4185 μετάσχῄ
710 4115 812 4180 τῆς
888 4109 1152 4180 πιότητος
1217 4115 1320 4178 τῆς
1373 4107 1580 4176 ἐλαίας,
1639 4108 1729 4163 καὶ
1785 4107 1910 4163 ὅταν

251 4198 475 4273 εἰσέλθῃ
525 4201 592 4254 τὰ
643 4197 798 4270 ἔθνη,
856 4199 980 4254 τότε
1038 4196 1181 4254 οὕτω
1236 4203 1340 4262 πᾶς
1387 4195 1609 4275 Ἰσραήλ
1819 4199 1916 4252 Ἰσ-

253 4285 406 4361 ραὴλ
437 4285 492 4344 δὲ
520 4287 916 4365 ἀλληγορεῖται
950 4288 977 4342 ὁ
1007 4288 1396 4363 πνευματικὸς,
1431 4288 1458 4342 ὁ
1501 4286 1774 4362 ὀψόμενος
1820 4285 1912 4341 τὸν

254 4377 415 4444 Θεὸν,
449 4378 475 4430 ὁ
521 4382 616 4434 τοῦ
662 4382 860 4433 πιστοῦ
894 4373 1142 4454 Ἀϐραὰμ
1195 4377 1310 4440 υἱὸς
1356 4377 1602 4453 γνήσιος,
1638 4376 1666 4430 ὁ
1715 4375 1775 4430 ἐκ
1816 4382 1916 4446 τῆς

253 4466 569 4540 ἐλευθέρας,
601 4467 708 4544 οὐχ
754 4468 782 4522 6
831 4467 967 4523 κατὰ
1006 4468 1196 4544 σάρκα,
1234 4467 1262 4522 ὁ
1317 4464 1375 4522 ἐκ
1409 4473 1510 4535 τῆς
1561 4462 1765 4535 δούλης
1814 4469 1916 4534 τῆς

247 4555 577 4633 Αἰγυπτίας.

332 4829 452 4888 NZ'.
486 4828 697 4884 Γίνεται
729 4826 821 4882 οὗν
855 4826 914 4881 ἐκ
938 4829 1044 4881 τῶν
1089 4828 1264 4901 γενῶν
1310 4826 1416 4879 τῶν
1458 4825 1649 4898 τριῶν,
1675 4824 1772 4876 τοῦ
1823 4822 1919 4895 μὲν

257 4917 547 4994 μόρφωσίς
605 4920 703 4972 τοῦ
764 4919 1164 4990 πνευματικοῦ,
1220 4917 1319 4969 τοῦ
1377 4909 1435 4969 δὲ
1493 4912 1779 4988 μετάθεσις
1825 4914 1921 4966 τοῦ

246 5010 503 5083 ψυχικοῦ
534 5007 594 5062 ἐκ
624 5003 875 5069 δουλείας
901 5005 978 5069 εἷς
1011 5002 1344 5078 ἐλευθερίαν.

434 5101 444 5118 Ι
615 5095 629 5114 ἵ
740 5095 755 5114 \
920 5099 945 5109 ν
1114 5093 1126 5112 Ι
1690 5087 1702 5107 1

333 5100 640 5152 ΝΗ.Μετα
693 5116 794 5165 την
851 5115 949 5150 του
999 5095 1229 5148 θανατου
1275 5090 1454 5147 τοίνυν
1487 5087 1790 5166 βασιλειαν,
1827 5109 1919 5163 με-

253 5181 446 5262 γάλην
480 5185 574 5258 μὲν
630 5183 721 5239 καὶ
762 5182 1119 5262 εὐπρόσωπον
1164 5182 1265 5252 τὴν
1315 5177 1641 5257 ἐπαγγελίαν
1689 5200 1923 5250 πεποιη-

2014 3481 2186 3537 multi
2220 3485 2360 3538 sunt
2387 3483 2626 3553 terreni,
2661 3499 2777 3539 non
2807 3499 2942 3539 vero
2977 3483 3150 3540 multi
3206 3483 3516 3553 animales,
3548 3484 3673 3541 rari

2014 3588 2151 3628 vero
2183 3571 2285 3644 qui
2316 3572 2654 3643 spirituales
2678 3578 2840 3629 sunt.
2870 3576 3074 3646 Itaque
3097 3574 3252 3646 quod
3278 3575 3515 3646 quidem
3545 3575 3670 3647 spi-

2019 3661 2210 3732 ritale,
2241 3665 2452 3718 natura
2483 3679 2591 3718 sua
2623 3661 2920 3719 salvetur:
2947 3664 3105 3736 quod
3149 3680 3283 3721 vero
3313 3664 3563 3721 animale
3592 3663 3666 3719 li~

2019 3752 2277 3824 beroque
2306 3750 2547 3807 arbitrio
2579 3751 2914 3825 praeditum,
2939 3753 2996 3808 id
3019 3752 3298 3810 idoneum
3322 3758 3412 3810 est
3436 3771 3568 3810 cum
3590 3754 3661 3809 ad

2023 3839 2198 3894 ﬁdem
2230 3845 2357 3896 tum
2394 3841 2466 3895 ad
2489 3839 3010 3912 incorruptionem,
3030 3841 3150 3900 imo
3171 3847 3228 3898 et
3258 3844 3330 3900 ad
3360 3843 3671 3900 inﬁdelita-

2022 3931 2138 3984 tem
2164 3945 2228 3984 ac
2261 3929 2715 4001 corruptionem,
2738 3930 2966 4004 hocque
2985 3947 3053 3987 ex
3075 3931 3356 3989 electione
3373 3950 3439 3988 ac
3458 3933 3671 3988 volun-

2025 4021 2145 4073 tate
2177 4017 2430 4090 propria;
2467 4019 2622 4090 quod
2669 4020 2909 4076 demum
2958 4024 3279 4089 terrenum,
3327 4027 3537 4078 natura
3566 4037 3676 4077 sua

2025 4107 2134 4163 hoc
2164 4106 2382 4164 interit.
2416 4109 2562 4164 Cum
2598 4108 2796 4180 itaque
2825 4126 2951 4180 quae
2986 4125 3056 4165 ex
3088 4110 3328 4166 animali
3361 4115 3504 4166 sunt
3532 4110 3678 4165 sub-

2025 4196 2242 4252 stantia
2271 4199 2487 4252 inserla
2515 4199 2627 4253 sint
2649 4200 2707 4253 in
2727 4199 2926 4254 bonam
2954 4198 3185 4268 olivam,
3215 4199 3274 4254 in
3310 4199 3510 4267 ﬁdem,
3541 4199 3677 4255 etin

2025 4285 2553 4358 incorruptionem,
2576 4296 2736 4358 alque
2756 4287 2921 4344 olivae
2945 4290 3344 4359 pinguedinem
3363 4288 3676 4359 participet,

2024 4391 2151 4430 cum
2181 4376 2420 4447 denique
2443 4385 2628 4447 gentes
2659 4379 2874 4445 fuerint
2906 4377 3190 4448 ingressa},
3217 4381 3356 4433 tunc
3383 4380 3472 4434 ita
3499 4377 3681 4434 omnis

2025 4463 2207 4520 Israel
2233 4465 2424 4520 salvus
2455 4465 2562 4519 erit
2584 4465 2676 4536 (θ).
2711 4465 2888 4521 Israel
2912 4471 3110 4522 autem
3143 4467 3470 4539 spiritualis
3498 4483 3679 4525 sensu

2027 4552 2338 4625 allegorice
2370 4553 2743 4626 intelligitur,
2766 4555 2868 4626 qui
2889 4561 3074 4612 Deum
3109 4556 3186 4611 sit
3216 4557 3475 4629 visurus,
3501 4558 3682 4614 Abra-

2025 4641 2184 4698 hami
2219 4642 2406 4698 ﬁdelis
2439 4642 2596 4698 ﬁlius
2653 4660 2848 4712 verus,
2914 4653 3094 4702 matre
3131 4647 3331 4716 libera,
3361 4663 3472 4704 non
3491 4663 3684 4704 secun-

2027 4730 2159 4786 dum
2189 4747 2415 4787 carnem
2442 4741 2611 4789 natus
2639 4736 2693 4787 et
2722 4749 2792 4788 ex
2820 4734 3031 4790 ancilla
3059 4737 3386 4808 Egyptiaca
3405 4736 3493 4809 (τ’).

2106 4820 2267 4876 LVII.
2297 4821 2388 4876 Fit
2408 4821 2596 4893 igitur
2627 4839 2694 4878 ex
2719 4823 2914 4880 tribus
2945 4826 3288 4897 generibus,
3320 4827 3464 4883 adeo
3497 4828 3560 4881 ut
3581 4825 3688 4882 uni

2033 4910 2273 4984 quidem
2307 4911 2493 4967 forma
2527 4911 2605 4967 sit
2637 4912 2988 4986 spiritualis,
3022 4914 3190 4971 alteri
3235 4933 3370 4972 vero
3416 4914 3692 4972 animalis

2032 5018 2101 5058 ex
2132 5000 2412 5056 servitute
2441 5000 2500 5055 in
2531 4999 2864 5059 libertatem
2897 5004 3231 5060 translatio.

2105 5089 2295 5146 LVIII.
2333 5089 2469 5145 Post
2491 5091 2698 5146 mortis
2717 5091 3273 5165 itaqueimperium,
3297 5093 3691 5165 promissione

2034 5194 2253 5251 magna
2273 5181 2331 5233 et
2360 5178 2630 5250 speciosa
2662 5180 2902 5252 quidem
2936 5182 3284 5254 perfectum,
3319 5198 3444 5254 quae
3476 5180 3692 5238 nihilo-

343 5370 497 5495 ἛΡ.
556 5366 664 5424 973
711 5367 825 5424 ED.
885 5364 1192 5423 POTTER.
1304 5367 1381 5435 (a)
1429 5363 1572 5422 Gen.
1620 5379 1678 5434 ν,
1733 5363 1781 5417 1.
1895 5360 1912 5432 (

267 5437 345 5511 (c)
427 5455 546 5495 om.
581 5457 642 5510 ιι,
673 5440 764 5494 23.
877 5439 946 5511 (Γ)
975 5436 1100 5494 Gal.
1134 5453 1208 5508 iv,
1237 5435 1329 5492 26.

2031 5359 2172 5417 Gen.
2225 5376 2303 5429 ιν,
2350 5316 2439 5415 26.
2554 5359 2626 5432 (ε)
2658 5359 2808 5417 Phil.
2841 5377 2927 5432 m,
2959 5361 3049 5418 20.
3163 5361 3444 5433 (d)ICor
3470 5378 3563 5432 xv,
3596 5362 3688 5422 47.

295 5454 325 5493 ε

427 5455 546 5495 om.
581 5457 642 5510 ιι,
673 5440 764 5494 23.
877 5439 946 5512 (Γ)
975 5436 1100 5494 Gal.
1134 5453 1208 5508 iv,
1237 5435 1329 5492 26.

341 5641 422 5714 (7)
450 5642 578 5698 Κατ’
611 5638 770 5698 ἰδίαν.
803 5646 872 5700 Η.
905 5639 1140 5699 dubitat
1169 5656 1243 5697 an
1273 5639 1469 5696 verius
1497 5637 1576 5695 sit
1616 5635 1734 5691 κατ’
1766 5631 1933 5689 ἰδέαν.

263 5716 565 5772 annuae.

349 5787 430 5858 (8)
463 5791 578 5848 Πᾶς
608 5781 857 5861 Ἰσραήλ.
903 5787 972 5841 Α.

273 5861 454 5930 putat
507 5859 838 5930 σωθήσεται,
873 5873 944 5914 ex

2048 5632 2225 5688 etiam
2259 5631 2449 5701 potest
2477 5646 2547 5686 ex
2576 5630 2942 5687 antecedenti
2971 5632 3233 5688 membro
3270 5636 3511 5693 verbum
3559 5656 3696 5693 εισε-

2050 5701 2322 5769 laesum,
2355 5701 2414 5756 id
2468 5706 2558 5758 est
2606 5706 2734 5757 tunc
2775 5701 2997 5759 demum
3033 5707 3178 5760 totus
3222 5708 3398 5764 Israel
3444 5710 3696 5769 intrabit.

1059 5786 1152 5840 ost
1204 5781 1328 5838 hac
1374 5779 1563 5854 verba
1602 5778 1939 5854 addendum
2051 5776 2133 5854 I_)e
2155 5773 2439 5831 insitione
2468 5777 2664 5831 autem
2697 5773 2872 5832 latius
2903 5779 3220 5834 tractatum
3269 5795 3450 5852 supra
3484 5799 3542 5854 p.
3572 5783 3700 5839 285.

1049 5871 1280 5925 om.x1,
1320 5854 1412 5910 26.
1457 5852 1570 5910 Sed
1629 5849 1942 5909 subaudiri
2054 5849 2342 5905 Susum.
