4124 6410
421 437 528 509 68⁷

1669 434 2010 491 ΟῑιΕΠΕΝΘ
2043 432 2621 491 ALEXANDBINUB

429 562 628 619 minus
678 559 885 619 mortis
927 558 1201 631 ministra
1232 558 1382 615 facta
1413 561 1523 628 est,
1554 555 1715 612 omni
1749 555 2080 629 principatu

2209 554 2389 627 μένην,
2423 550 2576 610 οὐδὲν
2637 550 2694 608 δὲ
2738 556 2903 624 ἧττον
2947 551 3222 611 διακονίαν
3271 551 3507 619 θανάτου
3552 550 3855 628 γεγενημέ-

430 669 497 708 ac
528 651 744 707 deitate
774 649 1080 706 deﬁciente
1110 663 1175 704 ac
1208 646 1534 715 fatiscente,
1570 661 1820 717 magnus
1849 644 1947 701 ille
1980 662 2079 718 pu-

430 739 510 813 gil
534 740 710 796 Jesus
741 737 1085 795 Christusin
1119 738 1317 809 seipso
1348 736 1613 809 potentia
1644 734 1963 793 Ecclesiam
1988 750 2082 791 su-

434 846 619 895 mens,
653 844 863 900 nempe
892 827 1111 884 eleotos
1143 843 1209 882 ac
1244 831 1476 882 vocatos
1508 825 1664 898 quod
1698 823 1934 898 quidem
1958 824 2082 896 spi-

431 917 602 973 ritale
631 934 666 973 a
696 921 957 988 parente,
998 916 1155 988 quod
1207 932 1339 972 vero
1386 913 1641 971 animale
1670 930 1739 971 ex
1782 914 2083 985 dispensa-

433 1006 613 1075 tione,
646 1005 808 1061 salva
839 1004 975 1060 fecit
1003 1009 1062 1060 et
1091 1004 1301 1061 extulit
1332 1019 1697 1076 quacunque
1744 1017 2087 1075 assumpse-

432 1098 545 1161 rat,
574 1111 637 1149 ac
670 1110 775 1166 per
807 1092 909 1150 illa
956 1110 1208 1167 quaeque
1251 1093 1340 1149 bis
1371 1098 1511 1149 sunt
1540 1092 1783 1149 similia.
1828 1092 1889 1148 Si
1932 1093 2089 1148 enim

429 1183 701 1256 primitiae
756 1185 989 1254 sanctae,
1039 1182 1211 1239 etiam
1267 1198 1491 1245 massa;
1546 1183 1597 1238 si
1643 1181 1814 1238 mdia:
1868 1190 2088 1251 saneta,

434 1275 605 1330 etiam
628 1273 798 1329 rami.

510 1363 659 1420 857
682 1360 816 1418 LIX.
838 1361 1101 1418 Primum
1119 1360 1318 1433 itaque
1342 1375 1544 1418 semen
1562 1379 1594 1417 a
1616 1363 1856 1433 parente
1875 1358 2089 1432 induit,

440 1466 558 1507 non
589 1449 690 1522 qui
727 1455 1056 1523 caperetur,
1092 1450 1193 1506 sed
1228 1449 1327 1523 qui
1368 1448 1585 1506 virtute
1630 1456 1885 1522 caperet,
1937 1448 2093 1521 quod

444 1539 731 1613 paulatim
760 1554 864 1613 per
894 1538 1205 1595 scientiam
1237 1540 1542 1595 formatur.
1564 1538 1647 1594 Ad
1669 1537 1863 1595 locum
1898 1544 2094 1595 autem

443 1644 578 1685 cum
609 1628 854 1695 venerit,
880 1627 1323 1684 invenitJesum
1357 1626 1658 1684 Christum
1690 1626 2097 1699 induisse,qui

443 1722 580 1774 ante
601 1716 956 1790 praedicatus
989 1717 1197 1785 fuerat,
1251 1732 1426 1788 quem
1472 1715 1771 1789 prOphetae
1802 1721 1979 1788 atque
2007 1715 2099 1772 lex

444 1805 947 1880 praenuntiabant,
972 1804 1233 1878 etimago
1253 1804 1570 1863 Salvatoris
1592 1811 1736 1862 erat.
1764 1804 2098 1870 Quinetiam

446 1899 505 1951 et
523 1893 800 1952 animalis
824 1893 919 1949 hic
939 1893 1231 1962 Christus,
1258 1911 1433 1967 quem
1465 1894 1759 1962 induerat,
1786 1894 2101 1951 invisibilis

2193 664 2317 715 νην,
2349 642 2528 713 πάσης
2580 642 2924 715 ἀπειπούσης
2976 646 3156 721 ἀρχῆς
3209 643 3300 700 καὶ
3360 642 3643 713 θεότητος,
3677 642 3707 697 6
3756 637 3856 715 μέ-

2191 754 2291 808 γας
2348 732 2651 807 ἀγωνιστὴς
2705 733 2916 804 Ἰησοῦς
2974 735 3216 812 Χριστὸς
3272 731 3324 789 ἰν
3387 733 3559 805 ἑαυτῷ
3630 728 3859 805 δυνάμει

2192 821 2291 889 τήν
2321 817 2650 890 Ἐκκλησίαν
2700 816 3015 890 ἀναλαϐὼν,
3045 823 3109 878 τὸ
3157 819 3413 878 ἐκλεκτὸν
3461 818 3552 877 καὶ
3599 819 3662 875 τὸ
3708 815 3857 890 κλη-

2192 910 2310 982 τὸν,
2342 910 2404 965 τὸ
2448 910 2544 982 μὶν
2598 909 2746 986 παρά
2797 917 2897 981 τῆς
2956 909 3246 982 τεκούσης,
3274 909 3337 967 τὸ
3367 907 3763 983 πνευματικὸν,
3790 904 3857 963 τό

2196 994 2256 1053 δὶ
2313 996 2365 1052 ἐν
2420 1000 2521 1068 τῆς
2579 996 2926 1073 οἰκονομίας,
2973 998 3039 1056 τὸ
3095 998 3413 1076 ψυχικὸν,’ὁ
3469 996 3710 1055 ἀνέσωσε
3764 995 3858 1052 καὶ

2197 1086 2483 1162 ἀνήνεγκεν
2516 1086 2651 1162 ἅπερ
2683 1081 2932 1158 ἀνέλαϐε,
2960 1087 3052 1143 καὶ
3085 1084 3156 1143 δι’
3185 1088 3366 1143 αὐτῶν
3394 1087 3485 1144 καὶ
3540 1087 3609 1143 τά
3632 1084 3858 1149 τούτοις

2198 1176 2519 1250 ὃμοιοῦντα.
2551 1174 2621 1233 Εἴ
2646 1176 2750 1252 γάρ
2780 1177 2817 1247 ἡ
2850 1176 3077 1254 ἀπαρχὴ
3108 1176 3254 1252 ἁγία,
3284 1175 3376 1233 καὶ
3421 1175 3487 1233 τὸ
3513 1174 3737 1256 φύραμα
3759 1194 3774 1209 ·
3806 1173 3863 1231 εἴ

2198 1267 2236 1335 ἡ
2269 1264 2389 1343 ῥίζα
2414 1264 2563 1340 ἁγία,
2591 1264 2683 1320 καὶ
2714 1265 2768 1320 οἱ
2796 1263 3016 1322 κλάδοι.

2272 1354 2400 1412 ΝΘ’.
2432 1354 2663 1430 Σπέρμα
2695 1354 2791 1428 μὶν
2820 1355 2913 1409 οῦν
2967 1357 3187 1430 πρῶτον
3240 1354 3388 1431 παρά
3442 1360 3543 1426 τῆς
3594 1352 3868 1425 τεκούσης

2203 1439 2507 1514 ἰνεδύσατο,
2540 1443 2606 1499 οὐ
2656 1442 2953 1519 χωρισθεὶς
2998 1441 3147 1499 ἀλλά
3193 1445 3457 1521 χωρήσας
3515 1443 3649 1500 αὐτὸ
3696 1439 3865 1498 δυνά-

2210 1552 2321 1606 μει,
2352 1531 2383 1587 ’ὀ
2433 1532 2569 1588 κατά
2616 1532 2810 1607 μικρὸν
2866 1536 3171 1611 μορφοῦται
3230 1530 3321 1589 διὰ
3373 1532 3631 1608 γνώσεως
3662 1550 3676 1566 ⁸
3727 1528 3872 1587 κατά

2207 1617 2266 1676 δὶ
2311 1621 2402 1677 τὸν
2454 1622 2624 1677 τόπον
2664 1620 2976 1699 γενόμενος,
3029 1622 3178 1699 εὗρεν
3224 1623 3436 1694 Ἰησοῦν
3495 1620 3729 1699 Χριστὸν
3786 1619 3867 1676 ἔνο

2208 1706 2467 1775 δύσασθαι
2524 1710 2617 1765 τὸν
2667 1710 3213 1787 προκεκηρυγμένον,
3264 1712 3322 1766 ὃν
3375 1708 3762 1788 κατήγγελλον
3813 1711 3872 1766 οἱ

2207 1802 2486 1878 προφῆται
2541 1799 2631 1855 καὶ
2686 1801 2715 1855 6
2770 1801 2959 1875 νόμος,
3009 1795 3139 1857 ὄντα
3203 1799 3385 1857 εἰκόνα
3436 1805 3534 1856 τοῦ
3583 1806 3873 1877 Σωτῆρος.

2209 1886 2388 1947 Ἀλλά
2442 1889 2532 1945 καὶ
2585 1890 2744 1953 οὗτος
2801 1890 2830 1944 6
2873 1890 3109 1966 ψυχικὸς
3159 1890 3410 1965 Χριστὸς,
3439 1890 3498 1945 ’ὀν
3561 1887 3873 1964 ἔνεδύσατο,

448 1991 593 2042 erat.
609 1983 929 2057 Oportebat
952 1988 1152 2041 autem
1176 1938 1235 2040 ai
1258 1938 1359 2040 ille
1381 1983 1483 2057 qui
1501 1985 1560 2039 in
1582 1938 1872 2040 mundum
1897 1989 2094 2041 ventu-

2210 1938 2554 2053 sagas
2584 1938 2743 2036 ίὲέζῖ
2784 1938 2842 2035 δὲ
2880 1938 3123 2042 ἒὲιῒῖῑς
3159 1938 3410 2054 Ῑιῗςξεζᾷἷ
3445 1938 3873 2060 etiam:

450 2091 555 2131 rus
587 2079 714 2130 erat
741 2074 878 2130 talis
910 2077 1089 2144 esset,
1120 2074 1220 2145 qui
1246 2073 1449 2145 videri,
1481 2074 1581 2145 qui
1616 2072 1822 2142 teneri,
1870 2075 1972 2147 qui
2017 2091 2106 2130 so-

453 2163 602 2219 ciam
630 2162 759 2218 vitae
793 2164 1080 2219 rationem
1131 2161 1301 2231 inire,
1349 2168 1407 2219 et
1446 2164 1686 2219 demum
1749 2163 1849 2235 qui
1893 2180 2107 2236 corpus

452 2251 747 2323 ejusmodi
780 2251 1020 2308 haberet
1048 2252 1204 2323 quod
1238 2267 1419 2309 sensu
1453 2253 1673 2326 percipi
1709 2256 1927 2325 posset.
1960 2252 2107 2309 Hinc

452 2339 637 2413 igitur
666 2339 749 2396 illi
780 2356 993 2413 corpus
1023 2345 1111 2397 est
1141 2357 1211 2396 ex
1240 2339 1522 2397 invisibili
1556 2340 1798 2397 animali
1827 2341 2106 2398 substan-

450 2430 558 2496 tia,
586 2430 799 2486 virtute
829 2445 962 2486 vero
991 2444 1059 2486 ex
1089 2429 1287 2486 divina
1330 2429 1552 2486 fabrica
1581 2434 1939 2502 contextum,
1971 2447 2106 2487 cum

448 2517 511 2574 in
543 2518 833 2574 mundum
865 2518 1207 2574 sensibilem
1238 2516 1478 2574 veniret.

521 2608 632 2664 LX.
665 2611 783 2664 Hoc
816 2607 1015 2679 itaque
1046 2623 1061 2675 ;
1092 2605 1344 2679 Spiritus
1390 2611 1619 2663 sanctus
1667 2606 1729 2662 in
1756 2610 1812 2663 te
1840 2622 2106 2679 superve-

443 2698 585 2765 niet,
615 2695 878 2768 corporis
900 2695 1191 2752 Dominici
1217 2696 1498 2753 fabricam
1523 2696 1775 2764 indicat;
1808 2696 1987 2752 virtus
2007 2714 2103 2754 ve-

444 2804 508 2844 ro
538 2786 812 2843 Altissimi
858 2786 967 2842 tibi
1012 2785 1498 2859 obumbrabit(a),
1559 2786 1967 2843 formationem
2002 2785 2107 2843 Dei

450 2876 615 2945 dicit,
644 2892 775 2947 quas
802 2891 1017 2948 corpus
1048 2875 1109 2930 in
1142 2874 1381 2948 Virgine
1414 2875 1709 2931 formavit.

519 2965 663 3023 LXI.
697 2966 861 3032 Quod
894 2969 1090 3021 autem
1126 2964 1253 3037 ipse
1282 2965 1385 3037 qui
1435 2967 1782 3038 assumpsit,
1837 2966 2107 3022 diversus

451 3054 650 3123 fuerit,
674 3072 743 3111 ex
781 3054 855 3111 iis
894 3055 1273 3111 manifestum
1315 3059 1424 3126 est,
1450 3055 1671 3127 quibus
1700 3056 1918 3112 fatetur
1950 3071 1964 3111 :
1996 3058 2108 3126 Ego

450 3163 576 3203 sum
603 3147 742 3213 vita,
784 3160 882 3215 ego
920 3161 1044 3200 sum
1081 3146 1405 3218 veritas(b),
1431 3152 1494 3217 ιι(
1522 3162 1618 3215 ego
1649 3155 1700 3202 et
1731 3150 1904 3202 Pater
1932 3161 2110 3201 unum

447 3235 754 3309 sumus(c).
795 3233 945 3291 Illud
979 3238 1175 3290 autem
1202 3233 1491 3306 spiritale,
1526 3235 1704 3291 etiam
1738 3240 1795 3291 et
1824 3235 2103 3309 animale,

2211 2067 2294 2147 ἀφ’
2350 2069 2397 2141 ᾧ
2452 2090 2511 2124 τε
2568 2070 2822 2148 ὀφθῆναι,
2875 2075 3237 2145 κρατηθῆναι,
3293 2067 3744 2137 πολιτεύσασθαι,
3776 2069 3875 2125 καὶ

2211 2157 2475 2230 αἰσθητοῦ
2523 2158 2778 2232 σώματος
2829 2157 3146 2234 ἀντέχεσθαι
3182 2180 3193 2193 ·
3252 2162 3414 2230 σῶμα
3468 2157 3646 2216 τοίνυν
3719 2158 3876 2232 αὖτῷ

2215 2246 2408 2323 ὑφάναι
2454 2254 2557 2317 τῆς
2608 2245 2668 2302 ἐκ
2720 2253 2822 2318 τῆς
2875 2248 3110 2326 ἀφανοῦς
3167 2251 3411 2325 ψυχικῆς
3465 2246 3675 2318 οὐσίας,
3709 2244 3877 2303 δυνά-

2217 2356 2307 2409 μει
2364 2333 2423 2391 δὲ
2479 2337 2625 2402 θείας
2682 2335 2741 2391 ἐκ
2796 2343 3134 2408 κατασκευῆς
3188 2336 3263 2401 εἰς
3324 2336 3584 2409 αἰσθητὸν
3663 2338 3877 2413 κόσμον

2212 2428 2536 2505 ἀφιγμένον.

2282 2610 2367 2663 Ξ’.
2396 2607 2475 2664 Τὸ
2505 2604 2620 2665 οῦν.
2653 2610 2874 2681 Πνεῦμα
2906 2607 3055 2684 ἅγιον
3116 2604 3465 2663 ἐπελεύσεται
3515 2603 3606 2663 ἰπὶ
3647 2604 3728 2679 σὲ,
3771 2607 3870 2678 τὴν

2210 2701 2307 2752 τοῦ
2338 2696 2595 2769 σώματος
2622 2700 2720 2752 τοῦ
2751 2696 2957 2770 Κυρίου
2987 2693 3137 2772 λέγει
3293 2695 3528 2771 Δύναμις
3557 2691 3615 2751 δὶ
3643 2696 3879 2772 ὑψίστου

2212 2785 2511 2842 ἐπισκιάσει
2544 2806 2652 2855 σοι,
2680 2786 2779 2855 τήν
2817 2785 3102 2865 μόρφωσιν
3129 2782 3298 2858 δηλοῖ
3344 2788 3443 2841 τοῦ
3482 2789 3641 2857 Θεοῦ,
3673 2787 3709 2857 ἢ
3760 2784 3880 2843 ἑνε-

2209 2874 2428 2931 τύπωσε
2449 2874 2510 2929 τὸ
2542 2878 2702 2946 σῶμα
2731 2874 2784 2928 ἓν
2816 2877 2886 2947 τῇ
2918 2874 3196 2952 Παρθένῳ.

2282 2965 2546 3021 ΞΑ’.Ὂτι
2582 2963 2680 3036 μὶν
2714 2960 2806 3018 οὖν
2837 2963 3002 3025 αὐτὸς
3029 2959 3215 3039 ἕτερος
3246 2962 3314 3033 ἧν
3347 2961 3394 3037 ᾧ
3421 2960 3709 3040 ἀνείληφεν
3732 2965 3877 3039 (10),

2214 3051 2384 3124 δῆλον
2444 3050 2494 3126 ἐξ
2546 3053 2620 3106 ὧν
2679 3050 2971 3127 ὁμολογεῖ,
3004 3052 3146 3128 Ἐγὼ
3193 3054 3229 3122 ἠ
3283 3054 3422 3125 ζωή,
3464 3052 3576 3128 ἐγὼ
3631 3054 3669 3124 ἡ
3727 3051 3879 3125 ἀλήο

2214 3153 2351 3211 θεια,
2385 3140 2490 3218 ἰγὼ
2549 3142 2635 3197 καὶ
2698 3143 2726 3196 6
2784 3143 2970 3218 Ῑιατήρ
3026 3138 3081 3197 ἓν
3142 3140 3324 3217 ἐσμεν.
3374 3141 3446 3197 Τὸ
3504 3139 3562 3198 δὶ
3619 3162 3880 3217 πνευμα-

2210 3231 2361 3286 τικὸν
2407 3230 2437 3285 ’ὀ
2483 3228 2774 3307 ἀνείληφεν
2833 3229 2922 3285 καὶ
2967 3231 3031 3286 τὸ
3078 3231 3315 3308 ψυχικὸν
3362 3230 3536 3295 οὕτως
3567 3231 3825 3311 ἐμφαίνει
3863 3252 3879 3267 ⁸

450 3325 609 3398 quod
632 3305 980 3395 assumpsit,
1005 3323 1163 3379 hunc
1182 3305 1248 3378 in
1266 3324 1508 3380 modum
1537 3330 1742 3380 notum
1765 3323 1933 3380 facit:
1957 3305 2094 3382 Puer

2215 3319 2296 3378 Τὸ
2355 3316 2412 3375 δὲ
2473 3305 2705 3374 παιδίον
2756 3315 2983 3389 ηὔξανεν
3047 3305 3879 3400 καὶήπροέκοπτεινήσφόδρα.

449 3430 579 3472 vero
605 3415 878 3470 crescebat
919 3416 972 3467 et
1013 3413 1345 3484 proﬁciebat
1386 3412 1654 3485 valde(d).
1705 3415 1953 3484 Insuper
2006 3418 2104 3469 8a-

446 3503 680 3576 pientiae
722 3500 854 3568 fuit,
902 3506 966 3556 ut
994 3500 1149 3571 quod
1182 3500 1493 3574 spirituale
1524 3506 1704 3568 esset,
1734 3502 2098 3574 ostenderet;

444 3589 897 3663 magnitudinis,
957 3594 1023 3645 ut
1070 3589 1127 3644 id
1157 3590 1313 3661 quod
1346 3589 1621 3647 animale.
1673 3594 1784 3647 l’er
1834 3591 1937 3647 illa
1966 3607 2101 3649 vero

443 3695 573 3752 quas
602 3695 674 3736 ex
706 3679 878 3735 latere
904 3679 1193 3748 ﬂuxerunt
1242 3678 1337 3750 (e),
1381 3677 1725 3735 ell'luxiones
1780 3679 2099 3737 affectuum

444 3768 879 3836 manifestabat,
940 3772 997 3823 et
1034 3767 1373 3824 affectiones
1400 3784 1470 3824 ex
1502 3768 1837 3826 libidinosis
1871 3770 2099 3842 pravis-

445 3875 560 3929 que
594 3863 786 3913 rectas
817 3857 1169 3927 sedatasque
1200 3856 1386 3912 factas
1417 3858 1808 3927 substantias,
1842 3858 2095 3915 salutem

446 3946 633 4003 luisse
676 3949 1046 4002 consecutae.
1094 3945 1163 4001 Et
1211 3961 1342 4000 cum
1403 3945 1561 4001 dicat
1591 3963 1606 4002 :
1642 3946 1859 4019 Oportet
1888 3948 2098 4004 Filium

446 4035 691 4091 hominis
714 4034 1029 4108 reprobari,
1059 4033 1424 4090 contumeliis
1451 4034 1626 4106 afﬁci,
1650 4042 1703 4091 et
1731 4036 2094 4109 cruci/igﬂf),

447 4125 615 4197 quasi
646 4126 718 4181 de
763 4124 879 4181 alio
909 4124 1146 4179 videtur
1178 4123 1355 4195 loqui,
1389 4140 1600 4197 nempe
1630 4125 1703 4180 de
1730 4141 1796 4180 eo
1827 4126 1925 4197 qui
1956 4142 2093 4199 pas-

444 4215 714 4272 sionibus
739 4215 818 4271 sit
847 4213 1155 4271 obnoxius.
1192 4215 1266 4269 Et
1292 4214 1599 4286 praecedam
1627 4230 1741 4283 vos,
1775 4215 1875 4282 ait,
1929 4218 2092 4272 tertia

440 4305 533 4361 die
560 4306 620 4360 in
653 4303 943 4361 Galilzam
964 4302 1057 4375 (g),
1110 4303 1237 4376 ipse
1268 4302 1424 4359 enim
1454 4304 1655 4361 omnia
1687 4305 1987 4376 praecedit,
2034 4310 2093 4361 et

439 4394 695 4449 animam
732 4393 906 4449 modo
937 4390 1220 4448 invisibili
1260 4390 1547 4448 salvatam
1570 4409 1633 4449 se
1660 4393 2088 4449 suscitaturum

432 4482 1020 4552 indicavit,restituru
1031 4497 1202 4553 mque
1219 4498 1333 4554 quo
1353 4498 1510 4538 nunc
1534 4481 1911 4556 proecedit(h).
1937 4483 2090 4539 Mor-

2210 3407 2414 3487 Σοφίας
2466 3407 2559 3482 μὶν
2614 3407 2717 3483 γάρ
2762 3407 2825 3462 τὸ
2873 3408 3237 3481 πνευματικὸν
3272 3406 3463 3482 δεῖξαι,
3498 3410 3761 3486 μεγέθους
3819 3406 3881 3465 δὲ

2205 3498 2269 3554 τὸ
2326 3496 2585 3574 ψυχικόν.
2619 3497 2717 3552 Διά
2772 3494 2831 3551 δὲ
2884 3500 2993 3553 τῶν
3043 3495 3341 3574 ἐκρυέντων
3394 3496 3456 3554 ἐκ
3498 3505 3599 3570 τῆς
3628 3498 3877 3576 πλευρᾶς

2207 3584 2411 3659 ἐδήλου
2464 3587 2562 3649 τὰς
2599 3583 2840 3662 ἐκρύσεις
2886 3590 2993 3641 τῶν
3048 3587 3255 3659 παθῶν,
3288 3587 3395 3642 ἀπὸ
3448 3592 3558 3644 τῶν
3607 3585 3873 3662 ἱμπαθῶν

2204 3678 2428 3742 ἀπαθεῖς
2486 3676 2783 3752 γενομένας
2838 3676 2937 3741 τὰς
2992 3675 3180 3740 οὐσίας
3239 3677 3525 3735 σεσῶσθαι.
3577 3676 3677 3732 Καὶ
3734 3676 3872 3733 ὅταν

2206 3767 2375 3844 λέγῃ,
2436 3771 2528 3821 Δεῖ
2599 3766 2689 3821 τὸν
2771 3764 2897 3820 Υἱὸν
2979 3768 3082 3820 τοῦ
3160 3764 3450 3841 ἀνθρώπου
3523 3762 3869 3840 ἀποδεκιμλα-

2204 3857 2444 3928 σθῆναι,
2501 3849 2820 3932 ὑϐρισθῆναι
2857 3897 2872 3924 ,
2941 3855 3370 3931 σταυρωθῆναι,
3429 3853 3507 3920 ὡς
3554 3855 3680 3931 περὶ
3760 3852 3866 3910 ἄλ-

2205 3945 2307 4002 λου
2359 3945 2597 4024 φαίνεται
2647 3941 2847 4020 λέγων,
2907 3939 3164 4015 δηλονότι
3217 3947 3317 3999 τοῦ
3386 3942 3688 4019 ἐμπαθοῦς.
3753 3945 3867 4001 Καὶ

2200 4036 2423 4111 προάξω
2481 4034 2643 4108 ὑμᾶς,
2702 4031 2873 4109 λέγει,
2930 4036 3001 4108 τῇ
3075 4031 3234 4109 τρίτῂ
3308 4033 3420 4090 τῶν
3496 4035 3723 4119 ἡμερῶν
3782 4032 3866 4098 είς

2197 4125 2300 4195 τήν
2341 4121 2637 4180 Γαλιλαίαν
2670 4141 2683 4155 ⁸
2717 4122 2881 4185 αὐτὸς
2934 4122 3035 4199 γὰρ
3089 4122 3315 4199 προάγει
3364 4122 3557 4191 πάντα,
3607 4122 3700 4179 καὶ
3754 4123 3864 4195 τὴν

2200 4216 2420 4289 ἀφανῶς
2465 4211 2787 4286 σωζομὲνην
2840 4212 3028 4288 ψυχὴν
3081 4212 3399 4285 ἀναστήσειν
3456 4212 3708 4288 ᾐνίσσετο
3765 4212 3860 4268 καὶ

2198 4303 2661 4373 ἀποκαταστήσειν
2711 4298 2774 4356 οῦ
2819 4303 2915 4357 νῦν
2979 4302 3233 4378 προάγει.
3277 4300 3541 4367 Ἀπέθανε
3593 4298 3675 4371 Si,
3718 4302 3865 4359 ἀπο-

2196 4395 2421 4454 στάντος
2477 4394 2577 4447 τοῦ
2635 4384 2971 4453 καταϐάντος
3020 4389 3104 4445 ἐπ’
3132 4390 3281 4465 αὖτῷ
3336 4388 3425 4447 ἐπὶ
3474 4394 3552 4464 τῷ
3607 4386 3864 4468 Ἰορδάνῃ

2198 4481 2531 4556 Πνεύματος,
2563 4479 2664 4534 οὐκ
2721 4477 2834 4551 ἰδίᾳ
2880 4480 3204 4555 γενομένου,
3261 4476 3408 4535 ἀλλά
3466 4476 3857 4555 συσταλέντος,

431 4575 573 4627 tuus
596 4576 791 4627 autem
814 4575 905 4627 est
941 4571 1158 4643 Spiritu
1191 4571 1291 4643 qui
1325 4587 1502 4644 super
1529 4587 1663 4628 eum
1717 4572 1775 4627 in
1828 4572 2090 4629 Jordano

2209 4571 2288 4629 ίνα
2341 4572 2433 4627 καὶ
2489 4568 2754 4647 ἑνεργησῃ
2803 4568 2833 4623 6
2875 4569 3101 4633 θάνατος
3131 4586 3145 4601 ⁸
3176 4565 3294 4623 ἐπεὶ
3346 4572 3485 4638 πῶς,
3541 4574 3646 4639 τῆς
3705 4573 3861 4641 ζωῆς

432 4660 732 4716 descendit
771 4660 1140 4731 abscedente,
1192 4675 1299 4715 nec
1331 4660 1543 4716 virtute
1591 4661 1827 4733 propria
1860 4661 1969 4718 hoc
1994 4662 2076 4717 fa-

2209 4662 2469 4741 παρούσης
2498 4658 2550 4715 ἐν
2598 4658 2771 4731 αὐτῷ,
2802 4656 3035 4713 ἀπέθανε
3084 4656 3148 4713 τὸ
3196 4658 3399 4732 crispa;
3433 4655 3578 4714 οὕτω
3634 4658 3742 4736 γὰρ
3790 4656 3857 4715 ἂν

431 4755 591 4805 ctum
624 4753 734 4819 est,
762 4749 864 4805 sed
912 4748 1072 4805 illius
1104 4749 1202 4822 qui
1238 4748 1526 4805 subduxit
1550 4765 1634 4810 se.
1659 4755 1725 4805 ut
1752 4750 1871 4806 vim
1905 4767 2077 4808 suam

2209 4752 2274 4808 ιαὶ
2334 4752 2502 4807 αὐτοῦ
2553 4751 2652 4803 τοῦ
2711 4752 2974 4822 Σωτῆρος
3029 4747 3059 4802 6
3106 4747 3341 4810 θάνατος
3389 4746 3687 4823 ἐκράτησεν
3731 4746 3798 4805 ἄν
3840 4768 3856 4783 .

432 4856 592 4897 mors
644 4845 954 4907 exsereret,
1000 4841 1221 4913 quippe
1268 4856 1383 4912 quo
1416 4845 1587 4913 pacto
1616 4842 1736 4898 vita
1793 4847 2080 4916 praesente

2209 4842 2322 4916 ἔπερ
2378 4837 2602 4895 ἄτοπον.
2635 4835 2795 4909 Δόλῳ
2837 4833 2896 4892 δὶ
2942 4836 2972 4892 6
3029 4834 3257 4901 θάνατος
3305 4838 3797 4915 κατεστρατηγήοη
3837 4857 3851 4871 ·

430 4931 577 4988 mori
613 4930 669 4986 in
694 4930 795 4987 illo
828 4930 1021 5003 potuit
1049 4948 1262 5001 corpus
1282 4929 1311 4985 ‘?
1334 4930 1420 4985 sic
1437 4930 1591 4985 enim
1626 4936 1684 4986 et
1709 4947 1868 4989 mors
1891 4935 2078 5005 potita

2209 4929 2552 4987 ὶποθανόντος
2581 4926 2685 5001 γάρ
2713 4928 2811 4980 τοῦ
2860 4923 3114 4999 σώματος
3170 4925 3262 4983 καὶ
3318 4928 3694 5003 κρατήσαντος
3744 4928 3849 4983 αὖ-

424 5020 743 5079 Salvatoris
768 5019 958 5093 ipsius
989 5021 1324 5090 esset,quod
1359 5021 1857 5077 absurdum.Dolo
1880 5028 2075 5078 autem

2209 5019 2277 5074 τὸν
2301 5021 2405 5074 τοῦ
2447 5013 2696 5083 θανάτου,
2731 5014 3053 5077 ἀναστείλας
3106 5015 3207 5085 τὴν
3264 5014 3599 5072 ἆπελθοῦσαν
3657 5016 3856 5075 ἀκτῖνα

428 5125 583 5167 more
648 5114 983 5182 expugnata
1011 5114 1103 5164 est
1137 5124 1151 5163 :
1186 5123 1429 5180 corpore
1485 5109 1643 5165 enim
1693 5100 1978 5167 moriente
2005 5127 2074 5168 ao

2209 5110 2284 5173 ’ἧς
2336 5104 2615 5179 δυνάμεως
2672 5103 2701 5158 ὁ
2761 5103 2982 5180 Σωτὴρ,
3034 5101 3290 5160 ἀπείλεσε
3369 5104 3465 5179 μὶν
3528 5104 3624 5161 τὸν
3681 5103 3853 5162 θάναο

420 5200 618 5272 ipsum
642 5198 955 5272 subigente
977 5202 1185 5264 morte,
1209 5197 1497 5270 Salvator,
1531 5197 1763 5255 radium
1796 5200 2073 5272 potentias

2209 5218 2273 5253 ov
2309 5199 2441 5271 (11),
2471 5196 2535 5252 τὸ
2593 5192 2652 5251 δὲ
2705 5194 2892 5261 θνητὸν
2944 5196 3107 5269 σῶμα
3172 5188 3473 5251 ἀποϐαλὼν
3522 5194 3671 5267 πάθη
3722 5194 3853 5252 ἀνί-

476 5373 546 5440 ›ι‹
574 5369 635 5424 Ρ.
667 5369 774 5424 974
803 5367 917 5424 ED.
949 5366 1257 5441 POTTER.
1372 5369 1450 5441 (a)
1481 5372 1616 5425 Luc.
1658 5386 1701 5434 1,
1748 5369 1839 5441 35.

476 5373 546 5440 ᾧ
574 5369 635 5424 Ρ.
667 5369 774 5424 974
803 5367 917 5424 ED.
949 5366 1257 5424 POTTER.
1372 5369 1450 5441 (a)
1481 5372 1616 5425 Luc.
1658 5386 1701 5434 1,
1748 5369 1839 5424 35.
1954 5369 2031 5438 (b)
2056 5369 2089 5425 J

409 5441 475 5514 (e)
506 5444 674 5498 Joan.
708 5457 826 5510 χιχ,
855 5441 946 5496 34.
1063 5439 1130 5512 (Ῑ)
1163 5440 1303 5497 Luc.
1331 5456 1410 5511 1x,
1440 5442 1528 5495 22.
1639 5441 1720 5514 (g)
1751 5440 1961 5497 Matth.
1990 5457 2094 5497 xxv

2218 5410 2231 5423 .
2274 5384 2392 5436 x1v,
2442 5369 2498 5425 6.
2612 5368 2680 5440 (e)
2708 5365 2880 5423 Joan.
2912 5384 2970 5435 x,
3000 5368 3093 5424 30.

2209 5441 2268 5495 2.
2380 5440 2464 5512 (Ιι)
2494 5441 2620 5496 Aet.
2655 5455 2719 5508 ιι,
2748 5440 2842 5495 24.

1658 5386 1701 5434 ι,
1748 5369 1839 5424 35.
1954 5369 2031 5438 (b)
2056 5369 2089 5425 J

1639 5441 1720 5514 (g)
1751 5440 1961 5497 Matth.
1990 5457 2094 5497 xxv

2218 5410 2231 5423 .
2274 5384 2392 5436 x1v,
2442 5369 2498 5425 6.
2612 5368 2680 5440 (e)
2708 5365 2880 5423 Joan.
2912 5384 2970 5435 x,
3000 5368 3093 5424 30.
3206 5365 3287 5441 (ά)
3318 5365 3453 5423 Lue.
3504 5381 3570 5435 11,
3620 5366 3711 5435 40,
3741 5365 3843 5424 52.

2209 5441 2268 5495 2.
2380 5440 2464 5512 (Ιι)
2494 5441 2620 5496 Aet.
2655 5455 2719 5508 ιι,
2748 5440 2842 5495 24.

472 5607 550 5692 (ρ)
585 5607 765 5692 Λέγει.
790 5611 937 5692 .Pos‘t
966 5606 1077 5690 hoc
1103 5606 1347 5692 verbum
1385 5606 1591 5664 deesse
1635 5606 1872 5662 videtur
1918 5603 2052 5661 σύλ-

407 5679 601 5750 Ληψιν,
633 5678 735 5734 aut
757 5678 950 5735 simile
979 5678 1142 5751 quid.
1175 5678 1466 5736 Sxmuae.

500 5750 588 5823 10)
616 5749 839 5825 Ἕτερος
884 5748 952 5819 ἦν
1002 5747 1050 5824 ᾦ
1089 5749 1172 5805 ἀν.
1213 5749 1650 5824 Congruentius
1698 5749 1845 5809 forte
1872 5745 2055 5829 ἕτερος

2166 5605 2236 5676 ἦν
2296 5605 2358 5661 οῦ
2415 5602 2728 5681 ἀνείληφεν,
2757 5606 2907 5665 alius
2945 5607 3072 5679 (seu
3124 5607 3398 5681 diversus)
3453 5606 3525 5665 ab
3566 5621 3629 5665 eo
3676 5623 3847 5681 qam

2166 5680 2488 5751 assumpsit.
2519 5682 2800 5751 ὃγωυιιο.

2238 5748 2367 5826 (Mf
2403 5749 2689 5807 Ἀπείλεσε
2747 5750 2845 5825 μὶν
2899 5748 2995 5807 τὸν
3064 5749 3316 5815 θάνατον.
3374 5750 3719 5827 Legendnm
3774 5751 3842 5813 vi

613 5992 643 6019 ο
