  <div class='ocr_page' id='page_1' title='image "/cluster/home/n/w/nwhite01/storage/ocr_20150623/9/coo.31924054872886/352.png"; bbox 0 0 4124 6422; ppageno 0'>
   <div class='ocr_carea' id='block_1_1' title="bbox 347 477 462 534">
    <p class='ocr_par' dir='ltr' id='par_1_1' title="bbox 347 477 462 534">
     <span class='ocr_line' id='line_1_1' title="bbox 347 477 462 534; baseline 0 0"><span class='ocrx_word' id='word_1_1' title='bbox 347 477 462 534; x_wconf 79' lang='lat'>689</span> 
     </span>
    </p>
   </div>
   <div class='ocr_carea' id='block_1_2' title="bbox 1126 477 3002 557">
    <p class='ocr_par' dir='ltr' id='par_1_2' title="bbox 1126 477 3002 557">
     <span class='ocr_line' id='line_1_2' title="bbox 1126 477 3002 557; baseline 0.006 -23"><span class='ocrx_word' id='word_1_2' title='bbox 1126 477 1368 535; x_wconf 80' lang='lat' dir='ltr'>DUBIA.</span> <span class='ocrx_word' id='word_1_3' title='bbox 1402 508 1470 520; x_wconf 92' lang='lat'><strong>—</strong></span> <span class='ocrx_word' id='word_1_4' title='bbox 1501 480 1886 534; x_wconf 76' lang='lat' dir='ltr'>EXCERPTA</span> <span class='ocrx_word' id='word_1_5' title='bbox 1922 481 2022 534; x_wconf 80' lang='lat' dir='ltr'>EX</span> <span class='ocrx_word' id='word_1_6' title='bbox 2059 481 2383 538; x_wconf 79' lang='lat' dir='ltr'>SCRIPTIS</span> <span class='ocrx_word' id='word_1_7' title='bbox 2419 487 2804 557; x_wconf 82' lang='lat' dir='ltr'>THEODOTI,</span> <span class='ocrx_word' id='word_1_8' title='bbox 2844 489 3002 545; x_wconf 82' lang='lat' dir='ltr'>ETC.</span> 
     </span>
    </p>
   </div>
   <div class='ocr_carea' id='block_1_3' title="bbox 3672 490 3781 545">
    <p class='ocr_par' dir='ltr' id='par_1_3' title="bbox 3672 490 3781 545">
     <span class='ocr_line' id='line_1_3' title="bbox 3672 490 3781 545; baseline -0.018 0"><span class='ocrx_word' id='word_1_9' title='bbox 3672 490 3781 545; x_wconf 85' lang='lat'>690</span> 
     </span>
    </p>
   </div>
   <div class='ocr_carea' id='block_1_4' title="bbox 349 597 2012 687">
    <p class='ocr_par' dir='ltr' id='par_1_4' title="bbox 349 597 2011 676">
     <span class='ocr_line' id='line_1_4' title="bbox 349 597 2011 676; baseline -0.001 -20"><span class='ocrx_word' id='word_1_10' title='bbox 349 621 540 673; x_wconf 80' lang='grc' dir='ltr'>στησε.</span> <span class='ocrx_word' id='word_1_11' title='bbox 587 599 671 658; x_wconf 82' lang='grc' dir='ltr'><strong>Τᾶ</strong></span> <span class='ocrx_word' id='word_1_12' title='bbox 733 597 948 676; x_wconf 74' lang='grc' dir='ltr'>ψυχικὰ</span> <span class='ocrx_word' id='word_1_13' title='bbox 1019 601 1114 674; x_wconf 72' lang='grc' dir='ltr'>μὲν</span> <span class='ocrx_word' id='word_1_14' title='bbox 1187 598 1284 654; x_wconf 85' lang='grc' dir='ltr'>οῦν</span> <span class='ocrx_word' id='word_1_15' title='bbox 1361 599 1535 663; x_wconf 67' lang='grc' dir='ltr'>οὕτως</span> <span class='ocrx_word' id='word_1_16' title='bbox 1593 599 1868 656; x_wconf 81' lang='grc' dir='ltr'>ἀνίσταται</span> <span class='ocrx_word' id='word_1_17' title='bbox 1922 601 2011 656; x_wconf 78' lang='grc' dir='ltr'>καὶ</span> 
     </span>
    </p>
   </div>
   <div class='ocr_carea' id='block_1_5' title="bbox 2131 597 3775 687">
    <p class='ocr_par' dir='ltr' id='par_1_5' title="bbox 2131 607 3775 687">
     <span class='ocr_line' id='line_1_5' title="bbox 2131 607 3775 687; baseline 0.006 -27"><span class='ocrx_word' id='word_1_18' title='bbox 2131 607 2630 678; x_wconf 83' lang='lat' dir='ltr'>supervenientem</span> <span class='ocrx_word' id='word_1_19' title='bbox 2665 612 3038 682; x_wconf 86' lang='lat' dir='ltr'>contrahens,</span> <span class='ocrx_word' id='word_1_20' title='bbox 3065 619 3314 670; x_wconf 89' lang='lat' dir='ltr'>mortem</span> <span class='ocrx_word' id='word_1_21' title='bbox 3332 613 3572 687; x_wconf 89' lang='lat' dir='ltr'>quidem</span> <span class='ocrx_word' id='word_1_22' title='bbox 3606 616 3775 687; x_wconf 83' lang='lat' dir='ltr'>fuga-</span> 
     </span>
    </p>
   </div>
   <div class='ocr_carea' id='block_1_6' title="bbox 349 687 2010 767">
    <p class='ocr_par' dir='ltr' id='par_1_6' title="bbox 349 687 2010 767">
     <span class='ocr_line' id='line_1_6' title="bbox 349 687 2010 767; baseline 0 -21"><span class='ocrx_word' id='word_1_23' title='bbox 349 691 691 761; x_wconf 84' lang='grc' dir='ltr'>ἆνασώζεται</span> <span class='ocrx_word' id='word_1_24' title='bbox 723 707 736 720; x_wconf 76' lang='grc'><strong>⁸</strong></span> <span class='ocrx_word' id='word_1_25' title='bbox 795 689 1156 745; x_wconf 76' lang='grc' dir='ltr'>πιστεύσαντα</span> <span class='ocrx_word' id='word_1_26' title='bbox 1235 687 1293 745; x_wconf 75' lang='grc' dir='ltr'>δὲ</span> <span class='ocrx_word' id='word_1_27' title='bbox 1357 692 1422 745; x_wconf 80' lang='grc' dir='ltr'>τὰ</span> <span class='ocrx_word' id='word_1_28' title='bbox 1478 691 1819 764; x_wconf 79' lang='grc' dir='ltr'>πνευματικὰ</span> <span class='ocrx_word' id='word_1_29' title='bbox 1875 691 2010 767; x_wconf 75' lang='grc' dir='ltr'>ὑπὲρ</span> 
     </span>
    </p>
   </div>
   <div class='ocr_carea' id='block_1_7' title="bbox 347 777 2009 856">
    <p class='ocr_par' dir='ltr' id='par_1_7' title="bbox 347 777 2009 856">
     <span class='ocr_line' id='line_1_7' title="bbox 347 777 2009 856; baseline 0 -21"><span class='ocrx_word' id='word_1_30' title='bbox 347 779 528 836; x_wconf 78' lang='grc' dir='ltr'>ἐκεῖνα</span> <span class='ocrx_word' id='word_1_31' title='bbox 585 779 838 851; x_wconf 80' lang='grc' dir='ltr'>σώζεται,</span> <span class='ocrx_word' id='word_1_32' title='bbox 895 777 1168 853; x_wconf 78' lang='grc' dir='ltr'>ἐνδύματα</span> <span class='ocrx_word' id='word_1_33' title='bbox 1222 782 1412 856; x_wconf 78' lang='grc' dir='ltr'>γάμων</span> <span class='ocrx_word' id='word_1_34' title='bbox 1488 781 1584 842; x_wconf 73' lang='grc' dir='ltr'>τὰς</span> <span class='ocrx_word' id='word_1_35' title='bbox 1650 781 1833 855; x_wconf 77' lang='grc' dir='ltr'>ψυχὰς</span> <span class='ocrx_word' id='word_1_36' title='bbox 1909 778 2009 835; x_wconf 89' lang='grc' dir='ltr'>λα-</span> 
     </span>
    </p>
   </div>
   <div class='ocr_carea' id='block_1_8' title="bbox 349 864 538 926">
    <p class='ocr_par' dir='ltr' id='par_1_8' title="bbox 349 864 538 926">
     <span class='ocr_line' id='line_1_8' title="bbox 349 864 538 926; baseline 0.005 -2"><span class='ocrx_word' id='word_1_37' title='bbox 349 864 538 926; x_wconf 75' lang='grc' dir='ltr'>ϐάντα.</span> 
     </span>
    </p>
   </div>
   <div class='ocr_carea' id='block_1_9' title="bbox 420 1135 2012 1213">
    <p class='ocr_par' dir='ltr' id='par_1_9' title="bbox 420 1135 2012 1213">
     <span class='ocr_line' id='line_1_9' title="bbox 420 1135 2012 1213; baseline -0.001 -20"><span class='ocrx_word' id='word_1_38' title='bbox 420 1138 546 1196; x_wconf 83' lang='grc' dir='ltr'>ΞΒ’.</span> <span class='ocrx_word' id='word_1_39' title='bbox 575 1137 824 1208; x_wconf 81' lang='grc' dir='ltr'>Κάθηται</span> <span class='ocrx_word' id='word_1_40' title='bbox 871 1136 966 1211; x_wconf 72' lang='grc' dir='ltr'>μὲν</span> <span class='ocrx_word' id='word_1_41' title='bbox 1013 1137 1106 1192; x_wconf 80' lang='grc' dir='ltr'>οὗν</span> <span class='ocrx_word' id='word_1_42' title='bbox 1157 1138 1186 1192; x_wconf 85' lang='grc' dir='ltr'>ὁ</span> <span class='ocrx_word' id='word_1_43' title='bbox 1233 1139 1470 1213; x_wconf 79' lang='grc' dir='ltr'>ψυχικὸς</span> <span class='ocrx_word' id='word_1_44' title='bbox 1516 1138 1749 1211; x_wconf 83' lang='grc' dir='ltr'>Χριστὸς</span> <span class='ocrx_word' id='word_1_45' title='bbox 1779 1137 1830 1192; x_wconf 81' lang='grc' dir='ltr'>έν</span> <span class='ocrx_word' id='word_1_46' title='bbox 1866 1135 2012 1209; x_wconf 80' lang='grc' dir='ltr'>δεξιᾷ</span> 
     </span>
    </p>
   </div>
   <div class='ocr_carea' id='block_1_10' title="bbox 345 1223 2012 1302">
    <p class='ocr_par' dir='ltr' id='par_1_10' title="bbox 345 1223 2012 1302">
     <span class='ocr_line' id='line_1_10' title="bbox 345 1223 2012 1302; baseline 0 -20"><span class='ocrx_word' id='word_1_47' title='bbox 345 1231 446 1282; x_wconf 84' lang='grc' dir='ltr'>τοῦ</span> <span class='ocrx_word' id='word_1_48' title='bbox 476 1224 824 1302; x_wconf 74' lang='grc' dir='ltr'>δημιουργοῦ</span> <span class='ocrx_word' id='word_1_49' title='bbox 855 1247 870 1261; x_wconf 90' lang='grc'><strong>·</strong></span> <span class='ocrx_word' id='word_1_50' title='bbox 905 1225 1038 1290; x_wconf 84' lang='grc' dir='ltr'>καθὸ</span> <span class='ocrx_word' id='word_1_51' title='bbox 1077 1227 1167 1281; x_wconf 81' lang='grc' dir='ltr'>καὶ</span> <span class='ocrx_word' id='word_1_52' title='bbox 1220 1227 1249 1282; x_wconf 80' lang='grc' dir='ltr'><strong>ὁ</strong></span> <span class='ocrx_word' id='word_1_53' title='bbox 1307 1223 1474 1282; x_wconf 75' lang='grc' dir='ltr'>Δαϐὶδ</span> <span class='ocrx_word' id='word_1_54' title='bbox 1514 1227 1688 1302; x_wconf 90' lang='grc' dir='ltr'>λέγει,</span> <span class='ocrx_word' id='word_1_55' title='bbox 1723 1227 1896 1284; x_wconf 80' lang='grc' dir='ltr'>Κάθου</span> <span class='ocrx_word' id='word_1_56' title='bbox 1951 1226 2012 1282; x_wconf 74' lang='grc' dir='ltr'>ἐκ</span> 
     </span>
    </p>
   </div>
   <div class='ocr_carea' id='block_1_11' title="bbox 350 1312 2010 1391">
    <p class='ocr_par' dir='ltr' id='par_1_11' title="bbox 350 1312 2010 1391">
     <span class='ocr_line' id='line_1_11' title="bbox 350 1312 2010 1391; baseline -0.002 -19"><span class='ocrx_word' id='word_1_57' title='bbox 350 1314 539 1390; x_wconf 80' lang='grc' dir='ltr'>δεξιῶν</span> <span class='ocrx_word' id='word_1_58' title='bbox 615 1335 743 1390; x_wconf 86' lang='grc' dir='ltr'>μου,</span> <span class='ocrx_word' id='word_1_59' title='bbox 785 1313 876 1369; x_wconf 84' lang='grc' dir='ltr'>καὶ</span> <span class='ocrx_word' id='word_1_60' title='bbox 930 1315 1000 1370; x_wconf 83' lang='grc' dir='ltr'>τὰ</span> <span class='ocrx_word' id='word_1_61' title='bbox 1047 1314 1168 1388; x_wconf 72' lang='grc' dir='ltr'>ἑξῆς</span> <span class='ocrx_word' id='word_1_62' title='bbox 1199 1333 1212 1348; x_wconf 83' lang='lat'><strong><em>°</em></strong></span> <span class='ocrx_word' id='word_1_63' title='bbox 1256 1314 1488 1386; x_wconf 78' lang='grc' dir='ltr'>κάθηται</span> <span class='ocrx_word' id='word_1_64' title='bbox 1550 1312 1608 1370; x_wconf 81' lang='grc' dir='ltr'>δὲ</span> <span class='ocrx_word' id='word_1_65' title='bbox 1658 1315 1826 1391; x_wconf 83' lang='grc' dir='ltr'>μέχρι</span> <span class='ocrx_word' id='word_1_66' title='bbox 1883 1336 2010 1369; x_wconf 83' lang='grc' dir='ltr'>συν-</span> 
     </span>
    </p>
   </div>
   <div class='ocr_carea' id='block_1_12' title="bbox 343 1400 2010 1475">
    <p class='ocr_par' dir='ltr' id='par_1_12' title="bbox 343 1400 2010 1475">
     <span class='ocr_line' id='line_1_12' title="bbox 343 1400 2010 1475; baseline -0.002 -13"><span class='ocrx_word' id='word_1_67' title='bbox 343 1403 586 1474; x_wconf 71' lang='grc' dir='ltr'>τελείας,</span> <span class='ocrx_word' id='word_1_68' title='bbox 654 1401 748 1459; x_wconf 66' lang='grc' dir='ltr'>’ίνα</span> <span class='ocrx_word' id='word_1_69' title='bbox 819 1400 1006 1458; x_wconf 70' lang='grc' dir='ltr'>ἴδωσιν</span> <span class='ocrx_word' id='word_1_70' title='bbox 1078 1403 1155 1463; x_wconf 77' lang='grc' dir='ltr'>εἷς</span> <span class='ocrx_word' id='word_1_71' title='bbox 1222 1405 1282 1459; x_wconf 89' lang='grc' dir='ltr'>’ὸν</span> <span class='ocrx_word' id='word_1_72' title='bbox 1357 1403 1720 1475; x_wconf 73' lang='grc' dir='ltr'>ἐξεκέντησαν.</span> <span class='ocrx_word' id='word_1_73' title='bbox 1772 1403 2010 1474; x_wconf 76' lang='grc' dir='ltr'>Ἐξεκένο</span> 
     </span>
    </p>
   </div>
   <div class='ocr_carea' id='block_1_13' title="bbox 342 1491 2008 1572">
    <p class='ocr_par' dir='ltr' id='par_1_13' title="bbox 342 1491 2008 1572">
     <span class='ocr_line' id='line_1_13' title="bbox 342 1491 2008 1572; baseline 0.001 -23"><span class='ocrx_word' id='word_1_74' title='bbox 342 1515 514 1565; x_wconf 85' lang='grc' dir='ltr'>τησαν</span> <span class='ocrx_word' id='word_1_75' title='bbox 567 1491 626 1550; x_wconf 76' lang='grc' dir='ltr'>δὲ</span> <span class='ocrx_word' id='word_1_76' title='bbox 679 1494 743 1549; x_wconf 87' lang='grc' dir='ltr'>τὸ</span> <span class='ocrx_word' id='word_1_77' title='bbox 791 1494 1140 1572; x_wconf 79' lang='grc' dir='ltr'>φαινόμενον,</span> <span class='ocrx_word' id='word_1_78' title='bbox 1189 1495 1219 1549; x_wconf 78' lang='grc' dir='ltr'>ὃ</span> <span class='ocrx_word' id='word_1_79' title='bbox 1275 1495 1342 1564; x_wconf 75' lang='grc' dir='ltr'>ἦν</span> <span class='ocrx_word' id='word_1_80' title='bbox 1404 1495 1532 1571; x_wconf 71' lang='grc' dir='ltr'>σὰρξ</span> <span class='ocrx_word' id='word_1_81' title='bbox 1590 1498 1687 1549; x_wconf 88' lang='grc' dir='ltr'>τοῦ</span> <span class='ocrx_word' id='word_1_82' title='bbox 1745 1497 2008 1570; x_wconf 77' lang='grc' dir='ltr'>ψυχικοῦ.</span> 
     </span>
    </p>
   </div>
   <div class='ocr_carea' id='block_1_14' title="bbox 342 1579 2011 1662">
    <p class='ocr_par' dir='ltr' id='par_1_14' title="bbox 342 1579 2011 1662">
     <span class='ocr_line' id='line_1_14' title="bbox 342 1579 2011 1662; baseline -0.001 -22"><span class='ocrx_word' id='word_1_83' title='bbox 342 1587 567 1640; x_wconf 77' lang='grc' dir='ltr'>Ὀστοῦν</span> <span class='ocrx_word' id='word_1_84' title='bbox 624 1582 726 1660; x_wconf 71' lang='grc' dir='ltr'>γὰρ</span> <span class='ocrx_word' id='word_1_85' title='bbox 787 1583 957 1638; x_wconf 84' lang='grc' dir='ltr'>αὐτοῦ</span> <span class='ocrx_word' id='word_1_86' title='bbox 1013 1581 1074 1638; x_wconf 83' lang='grc' dir='ltr'>οὗ</span> <span class='ocrx_word' id='word_1_87' title='bbox 1135 1579 1551 1659; x_wconf 77' lang='grc' dir='ltr'>συντριϐήσεται</span> <span class='ocrx_word' id='word_1_88' title='bbox 1579 1631 1594 1656; x_wconf 84' lang='grc'>,</span> <span class='ocrx_word' id='word_1_89' title='bbox 1628 1583 1761 1662; x_wconf 84' lang='grc' dir='ltr'>φησί</span> <span class='ocrx_word' id='word_1_90' title='bbox 1794 1601 1807 1614; x_wconf 89' lang='grc'><strong>·</strong></span> <span class='ocrx_word' id='word_1_91' title='bbox 1841 1585 2011 1647; x_wconf 82' lang='grc' dir='ltr'>καθά-</span> 
     </span>
    </p>
   </div>
   <div class='ocr_carea' id='block_1_15' title="bbox 343 1669 2010 1751">
    <p class='ocr_par' dir='ltr' id='par_1_15' title="bbox 343 1669 2010 1751">
     <span class='ocr_line' id='line_1_15' title="bbox 343 1669 2010 1751; baseline -0.008 -21"><span class='ocrx_word' id='word_1_92' title='bbox 343 1695 448 1751; x_wconf 84' lang='grc' dir='ltr'>περ</span> <span class='ocrx_word' id='word_1_93' title='bbox 509 1672 599 1730; x_wconf 74' lang='grc' dir='ltr'>ἐπὶ</span> <span class='ocrx_word' id='word_1_94' title='bbox 646 1676 746 1728; x_wconf 90' lang='grc' dir='ltr'>τοῦ</span> <span class='ocrx_word' id='word_1_95' title='bbox 803 1669 985 1747; x_wconf 75' lang='grc' dir='ltr'>Ἀδὰμ</span> <span class='ocrx_word' id='word_1_96' title='bbox 1039 1673 1140 1743; x_wconf 82' lang='grc' dir='ltr'>τήν</span> <span class='ocrx_word' id='word_1_97' title='bbox 1195 1675 1381 1749; x_wconf 78' lang='grc' dir='ltr'>ψυχὴν</span> <span class='ocrx_word' id='word_1_98' title='bbox 1432 1673 1624 1729; x_wconf 81' lang='grc' dir='ltr'>ὀστοῦν</span> <span class='ocrx_word' id='word_1_99' title='bbox 1676 1671 2010 1749; x_wconf 74' lang='grc' dir='ltr'>ἠλληγόρη-</span> 
     </span>
    </p>
   </div>
   <div class='ocr_carea' id='block_1_16' title="bbox 2119 693 3772 774">
    <p class='ocr_par' dir='ltr' id='par_1_16' title="bbox 2119 693 3772 774">
     <span class='ocr_line' id='line_1_16' title="bbox 2119 693 3772 774; baseline 0.007 -27"><span class='ocrx_word' id='word_1_100' title='bbox 2119 693 2221 763; x_wconf 86' lang='lat' dir='ltr'>vit,</span> <span class='ocrx_word' id='word_1_101' title='bbox 2257 697 2504 753; x_wconf 83' lang='lat' dir='ltr'>mortale</span> <span class='ocrx_word' id='word_1_102' title='bbox 2531 716 2666 756; x_wconf 88' lang='lat' dir='ltr'>vero</span> <span class='ocrx_word' id='word_1_103' title='bbox 2689 717 2901 774; x_wconf 89' lang='lat' dir='ltr'>corpus</span> <span class='ocrx_word' id='word_1_104' title='bbox 2923 703 3228 774; x_wconf 81' lang='lat' dir='ltr'>passiones</span> <span class='ocrx_word' id='word_1_105' title='bbox 3250 704 3548 760; x_wconf 84' lang='lat' dir='ltr'>excutiens</span> <span class='ocrx_word' id='word_1_106' title='bbox 3581 705 3772 760; x_wconf 90' lang='lat' dir='ltr'>susci-</span> 
     </span>
    </p>
   </div>
   <div class='ocr_carea' id='block_1_17' title="bbox 2118 785 3766 864">
    <p class='ocr_par' dir='ltr' id='par_1_17' title="bbox 2118 785 3766 864">
     <span class='ocr_line' id='line_1_17' title="bbox 2118 785 3766 864; baseline 0.007 -26"><span class='ocrx_word' id='word_1_107' title='bbox 2118 785 2281 840; x_wconf 82' lang='lat' dir='ltr'>tavit.</span> <span class='ocrx_word' id='word_1_108' title='bbox 2313 789 2447 850; x_wconf 72' lang='lat' dir='ltr'>Quaa</span> <span class='ocrx_word' id='word_1_109' title='bbox 2496 789 2693 861; x_wconf 80' lang='lat' dir='ltr'>itaque</span> <span class='ocrx_word' id='word_1_110' title='bbox 2724 791 3001 847; x_wconf 81' lang='lat' dir='ltr'>animalia</span> <span class='ocrx_word' id='word_1_111' title='bbox 3051 796 3210 864; x_wconf 85' lang='lat' dir='ltr'>sunt,</span> <span class='ocrx_word' id='word_1_112' title='bbox 3245 793 3400 848; x_wconf 87' lang='lat' dir='ltr'>hunc</span> <span class='ocrx_word' id='word_1_113' title='bbox 3434 794 3494 848; x_wconf 89' lang='lat' dir='ltr'>in</span> <span class='ocrx_word' id='word_1_114' title='bbox 3526 795 3766 849; x_wconf 91' lang='lat' dir='ltr'>modum</span> 
     </span>
    </p>
   </div>
   <div class='ocr_carea' id='block_1_18' title="bbox 2121 873 3765 952">
    <p class='ocr_par' dir='ltr' id='par_1_18' title="bbox 2121 873 3765 952">
     <span class='ocr_line' id='line_1_18' title="bbox 2121 873 3765 952; baseline 0.007 -26"><span class='ocrx_word' id='word_1_115' title='bbox 2121 873 2369 929; x_wconf 81' lang='lat' dir='ltr'>suscitat</span> <span class='ocrx_word' id='word_1_116' title='bbox 2388 875 2663 949; x_wconf 88' lang='lat' dir='ltr'>salvaque</span> <span class='ocrx_word' id='word_1_117' title='bbox 2697 879 2867 934; x_wconf 83' lang='lat' dir='ltr'>facit:</span> <span class='ocrx_word' id='word_1_118' title='bbox 2891 880 3182 952; x_wconf 86' lang='lat' dir='ltr'>spiritalia</span> <span class='ocrx_word' id='word_1_119' title='bbox 3215 897 3348 938; x_wconf 88' lang='lat' dir='ltr'>vero</span> <span class='ocrx_word' id='word_1_120' title='bbox 3370 882 3485 938; x_wconf 86' lang='lat' dir='ltr'>ﬁde</span> <span class='ocrx_word' id='word_1_121' title='bbox 3516 883 3765 951; x_wconf 83' lang='lat' dir='ltr'>imbuta,</span> 
     </span>
    </p>
   </div>
   <div class='ocr_carea' id='block_1_19' title="bbox 2119 963 3766 1039">
    <p class='ocr_par' dir='ltr' id='par_1_19' title="bbox 2119 963 3766 1039">
     <span class='ocr_line' id='line_1_19' title="bbox 2119 963 3766 1039; baseline 0.007 -22"><span class='ocrx_word' id='word_1_122' title='bbox 2119 963 2593 1021; x_wconf 81' lang='lat' dir='ltr'>excellentiorem</span> <span class='ocrx_word' id='word_1_123' title='bbox 2647 968 2917 1024; x_wconf 85' lang='lat' dir='ltr'>obtinent</span> <span class='ocrx_word' id='word_1_124' title='bbox 2966 969 3240 1039; x_wconf 88' lang='lat' dir='ltr'>salutem,</span> <span class='ocrx_word' id='word_1_125' title='bbox 3281 972 3630 1029; x_wconf 89' lang='lat' dir='ltr'>vestimenta</span> <span class='ocrx_word' id='word_1_126' title='bbox 3661 990 3766 1028; x_wconf 87' lang='lat' dir='ltr'>nu-</span> 
     </span>
    </p>
   </div>
   <div class='ocr_carea' id='block_1_20' title="bbox 2119 1052 2868 1123">
    <p class='ocr_par' dir='ltr' id='par_1_20' title="bbox 2119 1052 2868 1123">
     <span class='ocr_line' id='line_1_20' title="bbox 2119 1052 2868 1123; baseline 0.011 -18"><span class='ocrx_word' id='word_1_127' title='bbox 2119 1052 2376 1123; x_wconf 90' lang='lat' dir='ltr'>ptiarum</span> <span class='ocrx_word' id='word_1_128' title='bbox 2411 1055 2642 1112; x_wconf 89' lang='lat' dir='ltr'>animas</span> <span class='ocrx_word' id='word_1_129' title='bbox 2678 1062 2868 1113; x_wconf 87' lang='lat' dir='ltr'>nacta.</span> 
     </span>
    </p>
   </div>
   <div class='ocr_carea' id='block_1_21' title="bbox 2194 1142 3770 1220">
    <p class='ocr_par' dir='ltr' id='par_1_21' title="bbox 2194 1142 3770 1220">
     <span class='ocr_line' id='line_1_21' title="bbox 2194 1142 3770 1220; baseline 0.007 -24"><span class='ocrx_word' id='word_1_130' title='bbox 2194 1142 2362 1198; x_wconf 82' lang='lat' dir='ltr'>LXII.</span> <span class='ocrx_word' id='word_1_131' title='bbox 2419 1144 2689 1201; x_wconf 86' lang='lat' dir='ltr'>Christus</span> <span class='ocrx_word' id='word_1_132' title='bbox 2741 1146 2939 1220; x_wconf 86' lang='lat' dir='ltr'>itaque</span> <span class='ocrx_word' id='word_1_133' title='bbox 2990 1148 3257 1204; x_wconf 85' lang='lat' dir='ltr'>animalis</span> <span class='ocrx_word' id='word_1_134' title='bbox 3288 1149 3346 1204; x_wconf 93' lang='lat' dir='ltr'>in</span> <span class='ocrx_word' id='word_1_135' title='bbox 3397 1151 3633 1206; x_wconf 80' lang='lat' dir='ltr'>dextera</span> <span class='ocrx_word' id='word_1_136' title='bbox 3658 1150 3770 1207; x_wconf 89' lang='lat' dir='ltr'>De-</span> 
     </span>
    </p>
   </div>
   <div class='ocr_carea' id='block_1_22' title="bbox 2121 1231 3770 1304">
    <p class='ocr_par' dir='ltr' id='par_1_22' title="bbox 2121 1231 3770 1304">
     <span class='ocr_line' id='line_1_22' title="bbox 2121 1231 3770 1304; baseline 0.006 -20"><span class='ocrx_word' id='word_1_137' title='bbox 2121 1231 2338 1304; x_wconf 88' lang='lat' dir='ltr'>miurgi</span> <span class='ocrx_word' id='word_1_138' title='bbox 2397 1235 2582 1303; x_wconf 88' lang='lat' dir='ltr'>sedet,</span> <span class='ocrx_word' id='word_1_139' title='bbox 2645 1236 2822 1291; x_wconf 86' lang='lat' dir='ltr'>sicuti</span> <span class='ocrx_word' id='word_1_140' title='bbox 2880 1237 3062 1292; x_wconf 87' lang='lat' dir='ltr'>David</span> <span class='ocrx_word' id='word_1_141' title='bbox 3117 1237 3238 1293; x_wconf 89' lang='lat' dir='ltr'>ait:</span> <span class='ocrx_word' id='word_1_142' title='bbox 3274 1238 3408 1294; x_wconf 83' lang='lat' dir='ltr'>Sede</span> <span class='ocrx_word' id='word_1_143' title='bbox 3458 1241 3770 1295; x_wconf 74' lang='lat' dir='ltr'>adexterz&#39;s</span> 
     </span>
    </p>
   </div>
   <div class='ocr_carea' id='block_1_23' title="bbox 2118 1322 3768 1400">
    <p class='ocr_par' dir='ltr' id='par_1_23' title="bbox 2118 1322 3768 1400">
     <span class='ocr_line' id='line_1_23' title="bbox 2118 1322 3768 1400; baseline 0.005 -25"><span class='ocrx_word' id='word_1_144' title='bbox 2118 1324 2255 1377; x_wconf 76' lang='lat' dir='ltr'>meis</span> <span class='ocrx_word' id='word_1_145' title='bbox 2290 1322 2384 1394; x_wconf 91' lang='lat' dir='ltr'>(a),</span> <span class='ocrx_word' id='word_1_146' title='bbox 2419 1328 2476 1379; x_wconf 92' lang='lat' dir='ltr'>et</span> <span class='ocrx_word' id='word_1_147' title='bbox 2505 1341 2630 1397; x_wconf 68' lang='lat' dir='ltr'>qua:</span> <span class='ocrx_word' id='word_1_148' title='bbox 2663 1331 3016 1398; x_wconf 89' lang='lat' dir='ltr'>sequuntur.</span> <span class='ocrx_word' id='word_1_149' title='bbox 3044 1327 3128 1382; x_wconf 66' lang='lat' dir='ltr'>Ad</span> <span class='ocrx_word' id='word_1_150' title='bbox 3148 1331 3670 1385; x_wconf 77' lang='lat' dir='ltr'>conmmmationem</span> <span class='ocrx_word' id='word_1_151' title='bbox 3696 1329 3768 1400; x_wconf 65' lang='grc' dir='ltr'>(ιθ)</span> 
     </span>
    </p>
   </div>
   <div class='ocr_carea' id='block_1_24' title="bbox 2117 1414 3768 1489">
    <p class='ocr_par' dir='ltr' id='par_1_24' title="bbox 2117 1414 3768 1489">
     <span class='ocr_line' id='line_1_24' title="bbox 2117 1414 3768 1489; baseline 0.004 -24"><span class='ocrx_word' id='word_1_152' title='bbox 2117 1427 2254 1466; x_wconf 89' lang='lat' dir='ltr'>vero</span> <span class='ocrx_word' id='word_1_153' title='bbox 2283 1414 2543 1476; x_wconf 84' lang='lat' dir='ltr'>sedet,ut</span> <span class='ocrx_word' id='word_1_154' title='bbox 2565 1415 2795 1470; x_wconf 75' lang='lat' dir='ltr'>videant</span> <span class='ocrx_word' id='word_1_155' title='bbox 2816 1418 2876 1470; x_wconf 73' lang='lat' dir='ltr'>in</span> <span class='ocrx_word' id='word_1_156' title='bbox 2908 1418 3425 1488; x_wconf 74' lang='lat' dir='ltr'>quemconﬁxerunt</span> <span class='ocrx_word' id='word_1_157' title='bbox 3454 1417 3545 1489; x_wconf 88' lang='lat' dir='ltr'>(e).</span> <span class='ocrx_word' id='word_1_158' title='bbox 3576 1417 3768 1472; x_wconf 85' lang='lat' dir='ltr'>Conﬁ-</span> 
     </span>
    </p>
   </div>
   <div class='ocr_carea' id='block_1_25' title="bbox 2118 1505 3768 1577">
    <p class='ocr_par' dir='ltr' id='par_1_25' title="bbox 2118 1505 3768 1577">
     <span class='ocr_line' id='line_1_25' title="bbox 2118 1505 3768 1577; baseline 0.002 -21"><span class='ocrx_word' id='word_1_159' title='bbox 2118 1505 2328 1556; x_wconf 80' lang='lat' dir='ltr'>xerunt</span> <span class='ocrx_word' id='word_1_160' title='bbox 2357 1518 2492 1557; x_wconf 85' lang='lat' dir='ltr'>vero</span> <span class='ocrx_word' id='word_1_161' title='bbox 2548 1505 2700 1575; x_wconf 92' lang='lat' dir='ltr'>quod</span> <span class='ocrx_word' id='word_1_162' title='bbox 2737 1505 3012 1560; x_wconf 88' lang='lat' dir='ltr'>sensibus</span> <span class='ocrx_word' id='word_1_163' title='bbox 3063 1507 3399 1577; x_wconf 88' lang='lat' dir='ltr'>subjectum</span> <span class='ocrx_word' id='word_1_164' title='bbox 3449 1506 3582 1577; x_wconf 77' lang='lat' dir='ltr'>fuit,</span> <span class='ocrx_word' id='word_1_165' title='bbox 3615 1508 3768 1576; x_wconf 89' lang='lat' dir='ltr'>quod</span> 
     </span>
    </p>
   </div>
   <div class='ocr_carea' id='block_1_26' title="bbox 2119 1590 3770 1668">
    <p class='ocr_par' dir='ltr' id='par_1_26' title="bbox 2119 1590 3770 1668">
     <span class='ocr_line' id='line_1_26' title="bbox 2119 1590 3770 1668; baseline 0.004 -25"><span class='ocrx_word' id='word_1_166' title='bbox 2119 1590 2358 1655; x_wconf 89' lang='lat' dir='ltr'>quidem</span> <span class='ocrx_word' id='word_1_167' title='bbox 2394 1591 2505 1648; x_wconf 84' lang='lat' dir='ltr'>fuit</span> <span class='ocrx_word' id='word_1_168' title='bbox 2552 1592 2829 1650; x_wconf 90' lang='lat' dir='ltr'>animalis</span> <span class='ocrx_word' id='word_1_169' title='bbox 2858 1611 3013 1650; x_wconf 87' lang='lat' dir='ltr'>caro.</span> <span class='ocrx_word' id='word_1_170' title='bbox 3067 1596 3135 1651; x_wconf 76' lang='lat'>0.5</span> <span class='ocrx_word' id='word_1_171' title='bbox 3164 1597 3336 1663; x_wconf 80' lang='lat' dir='ltr'>enim,</span> <span class='ocrx_word' id='word_1_172' title='bbox 3392 1595 3491 1663; x_wconf 91' lang='lat' dir='ltr'>ait,</span> <span class='ocrx_word' id='word_1_173' title='bbox 3520 1595 3638 1668; x_wconf 80' lang='lat' dir='ltr'>ejus</span> <span class='ocrx_word' id='word_1_174' title='bbox 3659 1610 3770 1650; x_wconf 83' lang='lat' dir='ltr'>non</span> 
     </span>
    </p>
   </div>
   <div class='ocr_carea' id='block_1_27' title="bbox 2117 1679 3768 1753">
    <p class='ocr_par' dir='ltr' id='par_1_27' title="bbox 2117 1679 3768 1753">
     <span class='ocr_line' id='line_1_27' title="bbox 2117 1679 3768 1753; baseline 0.002 -19"><span class='ocrx_word' id='word_1_175' title='bbox 2117 1679 2634 1753; x_wconf 61' lang='lat' dir='ltr'>comminuetuﬂd),</span> <span class='ocrx_word' id='word_1_176' title='bbox 2649 1682 2820 1737; x_wconf 84' lang='lat' dir='ltr'>sicuti</span> <span class='ocrx_word' id='word_1_177' title='bbox 2836 1683 3009 1737; x_wconf 87' lang='lat' dir='ltr'>etiam</span> <span class='ocrx_word' id='word_1_178' title='bbox 3046 1683 3102 1738; x_wconf 91' lang='lat' dir='ltr'>in</span> <span class='ocrx_word' id='word_1_179' title='bbox 3117 1684 3344 1739; x_wconf 86' lang='lat' dir='ltr'>Adamo</span> <span class='ocrx_word' id='word_1_180' title='bbox 3359 1684 3511 1740; x_wconf 89' lang='lat' dir='ltr'>ossis</span> <span class='ocrx_word' id='word_1_181' title='bbox 3528 1684 3768 1740; x_wconf 90' lang='lat' dir='ltr'>nomine</span> 
     </span>
    </p>
   </div>
   <div class='ocr_carea' id='block_1_28' title="bbox 345 1761 2012 1845">
    <p class='ocr_par' dir='ltr' id='par_1_28' title="bbox 345 1761 2012 1841">
     <span class='ocr_line' id='line_1_28' title="bbox 345 1761 2012 1841; baseline 0 -21"><span class='ocrx_word' id='word_1_182' title='bbox 345 1785 434 1821; x_wconf 86' lang='grc' dir='ltr'>σεν</span> <span class='ocrx_word' id='word_1_183' title='bbox 489 1765 526 1834; x_wconf 82' lang='grc' dir='ltr'>ἠ</span> <span class='ocrx_word' id='word_1_184' title='bbox 587 1762 922 1841; x_wconf 76' lang='grc' dir='ltr'>προφητεία.</span> <span class='ocrx_word' id='word_1_185' title='bbox 951 1761 1101 1831; x_wconf 77' lang='grc' dir='ltr'>Αὖτή</span> <span class='ocrx_word' id='word_1_186' title='bbox 1154 1763 1254 1838; x_wconf 72' lang='grc' dir='ltr'>γὰρ</span> <span class='ocrx_word' id='word_1_187' title='bbox 1301 1766 1336 1833; x_wconf 82' lang='grc' dir='ltr'>ἡ</span> <span class='ocrx_word' id='word_1_188' title='bbox 1383 1765 1536 1840; x_wconf 83' lang='grc' dir='ltr'>ψυχή</span> <span class='ocrx_word' id='word_1_189' title='bbox 1598 1767 1694 1818; x_wconf 90' lang='grc' dir='ltr'>τοῦ</span> <span class='ocrx_word' id='word_1_190' title='bbox 1753 1767 2012 1836; x_wconf 69' lang='grc' dir='ltr'>Χριστοῦ»</span> 
     </span>
    </p>
   </div>
   <div class='ocr_carea' id='block_1_29' title="bbox 2131 1761 3768 1845">
    <p class='ocr_par' dir='ltr' id='par_1_29' title="bbox 2131 1771 3768 1845">
     <span class='ocr_line' id='line_1_29' title="bbox 2131 1771 3768 1845; baseline 0.003 -21"><span class='ocrx_word' id='word_1_191' title='bbox 2131 1783 2295 1824; x_wconf 74' lang='lat' dir='ltr'>sensu</span> <span class='ocrx_word' id='word_1_192' title='bbox 2329 1771 2623 1841; x_wconf 81' lang='lat' dir='ltr'>spirituali</span> <span class='ocrx_word' id='word_1_193' title='bbox 2678 1771 2938 1827; x_wconf 88' lang='lat' dir='ltr'>animam</span> <span class='ocrx_word' id='word_1_194' title='bbox 2989 1773 3222 1827; x_wconf 85' lang='lat' dir='ltr'>induxit</span> <span class='ocrx_word' id='word_1_195' title='bbox 3271 1773 3597 1845; x_wconf 80' lang='lat' dir='ltr'>prophetia.</span> <span class='ocrx_word' id='word_1_196' title='bbox 3633 1773 3768 1844; x_wconf 87' lang='lat' dir='ltr'>Ipsa</span> 
     </span>
    </p>
   </div>
   <div class='ocr_carea' id='block_1_30' title="bbox 345 1853 2009 1929">
    <p class='ocr_par' dir='ltr' id='par_1_30' title="bbox 345 1853 2009 1929">
     <span class='ocr_line' id='line_1_30' title="bbox 345 1853 2009 1929; baseline -0.001 -20"><span class='ocrx_word' id='word_1_197' title='bbox 345 1854 656 1929; x_wconf 72' lang='grc' dir='ltr'>πάσχοντος</span> <span class='ocrx_word' id='word_1_198' title='bbox 687 1857 787 1907; x_wconf 88' lang='grc' dir='ltr'>τοῦ</span> <span class='ocrx_word' id='word_1_199' title='bbox 836 1853 1114 1926; x_wconf 82' lang='grc' dir='ltr'>σώματος,</span> <span class='ocrx_word' id='word_1_200' title='bbox 1148 1853 1342 1924; x_wconf 74' lang='grc' dir='ltr'>ἑαυτήν</span> <span class='ocrx_word' id='word_1_201' title='bbox 1396 1853 1471 1916; x_wconf 85' lang='grc' dir='ltr'>εἰς</span> <span class='ocrx_word' id='word_1_202' title='bbox 1525 1853 1619 1916; x_wconf 79' lang='grc' dir='ltr'>τὰς</span> <span class='ocrx_word' id='word_1_203' title='bbox 1665 1857 1858 1928; x_wconf 85' lang='grc' dir='ltr'>χεῖρας</span> <span class='ocrx_word' id='word_1_204' title='bbox 1911 1857 2009 1908; x_wconf 83' lang='grc' dir='ltr'>τοῦ</span> 
     </span>
    </p>
   </div>
   <div class='ocr_carea' id='block_1_31' title="bbox 2120 1858 3762 1932">
    <p class='ocr_par' dir='ltr' id='par_1_31' title="bbox 2120 1858 3762 1932">
     <span class='ocr_line' id='line_1_31' title="bbox 2120 1858 3762 1932; baseline 0.004 -21"><span class='ocrx_word' id='word_1_205' title='bbox 2120 1858 2278 1912; x_wconf 89' lang='lat' dir='ltr'>enim</span> <span class='ocrx_word' id='word_1_206' title='bbox 2320 1858 2556 1914; x_wconf 87' lang='lat' dir='ltr'>Christi</span> <span class='ocrx_word' id='word_1_207' title='bbox 2589 1860 2787 1916; x_wconf 90' lang='lat' dir='ltr'>anima</span> <span class='ocrx_word' id='word_1_208' title='bbox 2833 1878 3072 1932; x_wconf 89' lang='lat' dir='ltr'>corpore</span> <span class='ocrx_word' id='word_1_209' title='bbox 3105 1861 3379 1932; x_wconf 89' lang='lat' dir='ltr'>patiente,</span> <span class='ocrx_word' id='word_1_210' title='bbox 3416 1862 3669 1932; x_wconf 88' lang='lat' dir='ltr'>seipsam</span> <span class='ocrx_word' id='word_1_211' title='bbox 3703 1861 3762 1917; x_wconf 93' lang='lat' dir='ltr'>in</span> 
     </span>
    </p>
   </div>
   <div class='ocr_carea' id='block_1_32' title="bbox 350 1938 2012 2037">
    <p class='ocr_par' dir='ltr' id='par_1_32' title="bbox 350 1938 2006 2019">
     <span class='ocr_line' id='line_1_32' title="bbox 350 1938 2006 2019; baseline -0.002 -20"><span class='ocrx_word' id='word_1_212' title='bbox 350 1943 564 2019; x_wconf 83' lang='grc' dir='ltr'>Πατρὸς</span> <span class='ocrx_word' id='word_1_213' title='bbox 619 1941 1042 2018; x_wconf 71' lang='grc' dir='ltr'>παρακατέθετο.</span> <span class='ocrx_word' id='word_1_214' title='bbox 1102 1943 1180 1999; x_wconf 88' lang='grc' dir='ltr'>Τὸ</span> <span class='ocrx_word' id='word_1_215' title='bbox 1251 1938 1294 1996; x_wconf 85' lang='grc' dir='ltr'>δ’</span> <span class='ocrx_word' id='word_1_216' title='bbox 1355 1940 1409 1997; x_wconf 81' lang='grc' dir='ltr'>ἐν</span> <span class='ocrx_word' id='word_1_217' title='bbox 1463 1946 1544 2015; x_wconf 79' lang='grc' dir='ltr'>τῷ</span> <span class='ocrx_word' id='word_1_218' title='bbox 1617 1941 1786 2014; x_wconf 85' lang='grc' dir='ltr'>ὀστέῳ</span> <span class='ocrx_word' id='word_1_219' title='bbox 1850 1962 2006 1996; x_wconf 90' lang='grc' dir='ltr'>πνευ-</span> 
     </span>
    </p>
   </div>
   <div class='ocr_carea' id='block_1_33' title="bbox 2131 1938 3765 2037">
    <p class='ocr_par' dir='ltr' id='par_1_33' title="bbox 2131 1948 3765 2022">
     <span class='ocr_line' id='line_1_33' title="bbox 2131 1948 3765 2022; baseline 0.001 -20"><span class='ocrx_word' id='word_1_220' title='bbox 2131 1948 2610 2021; x_wconf 76' lang='lat' dir='ltr'>manuDemiurgi</span> <span class='ocrx_word' id='word_1_221' title='bbox 2645 1950 3350 2022; x_wconf 76' lang='lat' dir='ltr'>commendavit(e).Quod</span> <span class='ocrx_word' id='word_1_222' title='bbox 3387 1967 3519 2007; x_wconf 88' lang='lat' dir='ltr'>vero</span> <span class='ocrx_word' id='word_1_223' title='bbox 3551 1953 3608 2006; x_wconf 92' lang='lat' dir='ltr'>in</span> <span class='ocrx_word' id='word_1_224' title='bbox 3631 1967 3765 2007; x_wconf 86' lang='lat' dir='ltr'>osse</span> 
     </span>
    </p>
   </div>
   <div class='ocr_carea' id='block_1_34' title="bbox 355 2030 2012 2112">
    <p class='ocr_par' dir='ltr' id='par_1_34' title="bbox 355 2030 2001 2108">
     <span class='ocr_line' id='line_1_34' title="bbox 355 2030 2001 2108; baseline -0.001 -19"><span class='ocrx_word' id='word_1_225' title='bbox 355 2033 584 2108; x_wconf 78' lang='grc' dir='ltr'>ματικὸν</span> <span class='ocrx_word' id='word_1_226' title='bbox 673 2033 774 2088; x_wconf 79' lang='grc' dir='ltr'>οὐκ</span> <span class='ocrx_word' id='word_1_227' title='bbox 869 2031 946 2088; x_wconf 84' lang='grc' dir='ltr'>ἔτι</span> <span class='ocrx_word' id='word_1_228' title='bbox 1044 2032 1528 2108; x_wconf 85' lang='grc' dir='ltr'>παρακατατίθεται</span> <span class='ocrx_word' id='word_1_229' title='bbox 1561 2051 1576 2066; x_wconf 74' lang='grc' dir='ltr'><strong><em>ο</em></strong></span> <span class='ocrx_word' id='word_1_230' title='bbox 1639 2030 1766 2088; x_wconf 77' lang='grc' dir='ltr'>ἀλλ’</span> <span class='ocrx_word' id='word_1_231' title='bbox 1839 2031 2001 2095; x_wconf 81' lang='grc' dir='ltr'>αὐτὸς</span> 
     </span>
    </p>
   </div>
   <div class='ocr_carea' id='block_1_35' title="bbox 2131 2030 3766 2112">
    <p class='ocr_par' dir='ltr' id='par_1_35' title="bbox 2131 2035 3766 2112">
     <span class='ocr_line' id='line_1_35' title="bbox 2131 2035 3766 2112; baseline 0.003 -24"><span class='ocrx_word' id='word_1_232' title='bbox 2131 2035 2399 2106; x_wconf 69' lang='lat' dir='ltr'>spiritale,</span> <span class='ocrx_word' id='word_1_233' title='bbox 2465 2053 2574 2091; x_wconf 88' lang='lat' dir='ltr'>non</span> <span class='ocrx_word' id='word_1_234' title='bbox 2636 2037 2891 2110; x_wconf 83' lang='lat' dir='ltr'>amplius</span> <span class='ocrx_word' id='word_1_235' title='bbox 2949 2039 3418 2108; x_wconf 82' lang='lat' dir='ltr'>commendatur,</span> <span class='ocrx_word' id='word_1_236' title='bbox 3480 2040 3579 2095; x_wconf 89' lang='lat' dir='ltr'>sed</span> <span class='ocrx_word' id='word_1_237' title='bbox 3639 2039 3766 2112; x_wconf 89' lang='lat' dir='ltr'>ipse</span> 
     </span>
    </p>
   </div>
   <div class='ocr_carea' id='block_1_36' title="bbox 354 2124 542 2194">
    <p class='ocr_par' dir='ltr' id='par_1_36' title="bbox 354 2124 542 2194">
     <span class='ocr_line' id='line_1_36' title="bbox 354 2124 542 2194; baseline 0.005 -15"><span class='ocrx_word' id='word_1_238' title='bbox 354 2124 542 2194; x_wconf 84' lang='grc' dir='ltr'>σώζει.</span> 
     </span>
    </p>
   </div>
   <div class='ocr_carea' id='block_1_37' title="bbox 426 2209 2003 2286">
    <p class='ocr_par' dir='ltr' id='par_1_37' title="bbox 426 2209 2003 2286">
     <span class='ocr_line' id='line_1_37' title="bbox 426 2209 2003 2286; baseline -0.001 -19"><span class='ocrx_word' id='word_1_239' title='bbox 426 2216 552 2270; x_wconf 73' lang='grc' dir='ltr'>ΞΓ.</span> <span class='ocrx_word' id='word_1_240' title='bbox 600 2213 665 2269; x_wconf 86' lang='grc' dir='ltr'>Ἢ</span> <span class='ocrx_word' id='word_1_241' title='bbox 715 2212 806 2286; x_wconf 73' lang='grc' dir='ltr'>μὲν</span> <span class='ocrx_word' id='word_1_242' title='bbox 864 2209 955 2266; x_wconf 81' lang='grc' dir='ltr'>οῦν</span> <span class='ocrx_word' id='word_1_243' title='bbox 1004 2214 1112 2266; x_wconf 90' lang='grc' dir='ltr'>τῶν</span> <span class='ocrx_word' id='word_1_244' title='bbox 1171 2215 1550 2285; x_wconf 76' lang='grc' dir='ltr'>πνευματικῶν</span> <span class='ocrx_word' id='word_1_245' title='bbox 1596 2212 1892 2273; x_wconf 78' lang='grc' dir='ltr'>ἀνάπαυσις</span> <span class='ocrx_word' id='word_1_246' title='bbox 1949 2210 2003 2266; x_wconf 81' lang='grc' dir='ltr'>έν</span> 
     </span>
    </p>
   </div>
   <div class='ocr_carea' id='block_1_38' title="bbox 357 2297 2004 2377">
    <p class='ocr_par' dir='ltr' id='par_1_38' title="bbox 357 2297 2004 2377">
     <span class='ocr_line' id='line_1_38' title="bbox 357 2297 2004 2377; baseline -0.002 -20"><span class='ocrx_word' id='word_1_247' title='bbox 357 2302 601 2377; x_wconf 82' lang='grc' dir='ltr'>Κυριακῇ</span> <span class='ocrx_word' id='word_1_248' title='bbox 626 2301 676 2356; x_wconf 82' lang='grc' dir='ltr'>ἐν</span> <span class='ocrx_word' id='word_1_249' title='bbox 707 2297 936 2377; x_wconf 70' lang='grc' dir='ltr'>ὀγδοάδι</span> <span class='ocrx_word' id='word_1_250' title='bbox 967 2303 1100 2374; x_wconf 83' lang='grc'>(12),</span> <span class='ocrx_word' id='word_1_251' title='bbox 1133 2302 1168 2371; x_wconf 83' lang='grc' dir='ltr'><strong>ἡ</strong></span> <span class='ocrx_word' id='word_1_252' title='bbox 1202 2302 1447 2376; x_wconf 77' lang='grc' dir='ltr'>Κυριακὴ</span> <span class='ocrx_word' id='word_1_253' title='bbox 1481 2299 1825 2374; x_wconf 81' lang='grc' dir='ltr'>ὀνομάζεται·</span> <span class='ocrx_word' id='word_1_254' title='bbox 1859 2300 2004 2374; x_wconf 80' lang='grc' dir='ltr'>παρὰ</span> 
     </span>
    </p>
   </div>
   <div class='ocr_carea' id='block_1_39' title="bbox 351 2386 2002 2468">
    <p class='ocr_par' dir='ltr' id='par_1_39' title="bbox 351 2386 2002 2468">
     <span class='ocr_line' id='line_1_39' title="bbox 351 2386 2002 2468; baseline -0.003 -20"><span class='ocrx_word' id='word_1_255' title='bbox 351 2395 421 2467; x_wconf 79' lang='grc' dir='ltr'>τῇ</span> <span class='ocrx_word' id='word_1_256' title='bbox 455 2390 619 2468; x_wconf 86' lang='grc' dir='ltr'>μητρὶ</span> <span class='ocrx_word' id='word_1_257' title='bbox 649 2386 849 2466; x_wconf 83' lang='grc' dir='ltr'>ἔχοντα</span> <span class='ocrx_word' id='word_1_258' title='bbox 889 2390 986 2452; x_wconf 80' lang='grc' dir='ltr'>τὰς</span> <span class='ocrx_word' id='word_1_259' title='bbox 1019 2391 1200 2466; x_wconf 75' lang='grc' dir='ltr'>ψυχὰς</span> <span class='ocrx_word' id='word_1_260' title='bbox 1245 2389 1313 2446; x_wconf 75' lang='grc' dir='ltr'>τὰ</span> <span class='ocrx_word' id='word_1_261' title='bbox 1359 2388 1630 2463; x_wconf 79' lang='grc' dir='ltr'>ἐνδύματα</span> <span class='ocrx_word' id='word_1_262' title='bbox 1685 2387 1818 2465; x_wconf 78' lang='grc' dir='ltr'>ἄχρι</span> <span class='ocrx_word' id='word_1_263' title='bbox 1876 2410 2002 2444; x_wconf 88' lang='grc' dir='ltr'>συν-</span> 
     </span>
    </p>
   </div>
   <div class='ocr_carea' id='block_1_40' title="bbox 344 2477 2002 2555">
    <p class='ocr_par' dir='ltr' id='par_1_40' title="bbox 344 2477 2002 2555">
     <span class='ocr_line' id='line_1_40' title="bbox 344 2477 2002 2555; baseline -0.002 -19"><span class='ocrx_word' id='word_1_264' title='bbox 344 2479 645 2543; x_wconf 69' lang='grc' dir='ltr'>τελείαςοαὶ</span> <span class='ocrx_word' id='word_1_265' title='bbox 673 2477 730 2535; x_wconf 76' lang='grc' dir='ltr'>δὲ</span> <span class='ocrx_word' id='word_1_266' title='bbox 760 2477 928 2536; x_wconf 80' lang='grc' dir='ltr'>ἄλλαι</span> <span class='ocrx_word' id='word_1_267' title='bbox 955 2480 1139 2534; x_wconf 83' lang='grc' dir='ltr'>πισταὶ</span> <span class='ocrx_word' id='word_1_268' title='bbox 1171 2480 1343 2555; x_wconf 86' lang='grc' dir='ltr'>ψυχαὶ</span> <span class='ocrx_word' id='word_1_269' title='bbox 1380 2480 1623 2555; x_wconf 80' lang='grc' dir='ltr'>παρᾶτῷ</span> <span class='ocrx_word' id='word_1_270' title='bbox 1640 2481 2002 2555; x_wconf 57' lang='grc' dir='ltr'>Δημιουργῷς·</span> 
     </span>
    </p>
   </div>
   <div class='ocr_carea' id='block_1_41' title="bbox 342 2566 2005 2644">
    <p class='ocr_par' dir='ltr' id='par_1_41' title="bbox 342 2566 2005 2644">
     <span class='ocr_line' id='line_1_41' title="bbox 342 2566 2005 2644; baseline -0.001 -20"><span class='ocrx_word' id='word_1_271' title='bbox 342 2570 468 2644; x_wconf 87' lang='grc' dir='ltr'>περί</span> <span class='ocrx_word' id='word_1_272' title='bbox 527 2567 586 2625; x_wconf 72' lang='grc' dir='ltr'>δὲ</span> <span class='ocrx_word' id='word_1_273' title='bbox 634 2571 733 2640; x_wconf 70' lang='grc' dir='ltr'>τὴν</span> <span class='ocrx_word' id='word_1_274' title='bbox 787 2569 1095 2626; x_wconf 72' lang='grc' dir='ltr'>συντέλειαν</span> <span class='ocrx_word' id='word_1_275' title='bbox 1150 2570 1500 2644; x_wconf 79' lang='grc' dir='ltr'>ἀναχωροῦσι</span> <span class='ocrx_word' id='word_1_276' title='bbox 1565 2569 1654 2623; x_wconf 84' lang='grc' dir='ltr'>καὶ</span> <span class='ocrx_word' id='word_1_277' title='bbox 1722 2570 1874 2624; x_wconf 79' lang='grc' dir='ltr'>αὗται</span> <span class='ocrx_word' id='word_1_278' title='bbox 1929 2566 2005 2630; x_wconf 74' lang='grc' dir='ltr'>εἷς</span> 
     </span>
    </p>
   </div>
   <div class='ocr_carea' id='block_1_42' title="bbox 343 2657 2001 2736">
    <p class='ocr_par' dir='ltr' id='par_1_42' title="bbox 343 2657 2001 2736">
     <span class='ocr_line' id='line_1_42' title="bbox 343 2657 2001 2736; baseline -0.002 -20"><span class='ocrx_word' id='word_1_279' title='bbox 343 2658 602 2736; x_wconf 75' lang='grc' dir='ltr'>ὄγδοᾶδα.</span> <span class='ocrx_word' id='word_1_280' title='bbox 638 2659 768 2716; x_wconf 78' lang='grc' dir='ltr'>Εἶτα</span> <span class='ocrx_word' id='word_1_281' title='bbox 795 2660 858 2716; x_wconf 86' lang='grc' dir='ltr'>τὸ</span> <span class='ocrx_word' id='word_1_282' title='bbox 891 2657 1106 2715; x_wconf 81' lang='grc' dir='ltr'>δεῖπνον</span> <span class='ocrx_word' id='word_1_283' title='bbox 1151 2663 1256 2715; x_wconf 84' lang='grc' dir='ltr'>τῶν</span> <span class='ocrx_word' id='word_1_284' title='bbox 1307 2661 1521 2735; x_wconf 77' lang='grc' dir='ltr'>γάμων,</span> <span class='ocrx_word' id='word_1_285' title='bbox 1554 2659 1736 2714; x_wconf 82' lang='grc' dir='ltr'>κοινὸν</span> <span class='ocrx_word' id='word_1_286' title='bbox 1785 2662 2001 2713; x_wconf 76' lang='grc' dir='ltr'>πάντων</span> 
     </span>
    </p>
   </div>
   <div class='ocr_carea' id='block_1_43' title="bbox 345 2745 2006 2827">
    <p class='ocr_par' dir='ltr' id='par_1_43' title="bbox 345 2745 2006 2827">
     <span class='ocr_line' id='line_1_43' title="bbox 345 2745 2006 2827; baseline -0.002 -21"><span class='ocrx_word' id='word_1_287' title='bbox 345 2757 458 2808; x_wconf 88' lang='grc' dir='ltr'>τῶν</span> <span class='ocrx_word' id='word_1_288' title='bbox 490 2750 846 2825; x_wconf 73' lang='grc' dir='ltr'>σωζομένων,</span> <span class='ocrx_word' id='word_1_289' title='bbox 879 2746 1042 2827; x_wconf 77' lang='grc' dir='ltr'>ἄχρις</span> <span class='ocrx_word' id='word_1_290' title='bbox 1066 2747 1125 2804; x_wconf 73' lang='grc' dir='ltr'>ἂν</span> <span class='ocrx_word' id='word_1_291' title='bbox 1159 2750 1410 2824; x_wconf 77' lang='grc' dir='ltr'>ἀπισωθῇ</span> <span class='ocrx_word' id='word_1_292' title='bbox 1441 2748 1614 2804; x_wconf 80' lang='grc' dir='ltr'>πάντα</span> <span class='ocrx_word' id='word_1_293' title='bbox 1655 2748 1744 2803; x_wconf 85' lang='grc' dir='ltr'>καὶ</span> <span class='ocrx_word' id='word_1_294' title='bbox 1779 2745 2006 2819; x_wconf 81' lang='grc' dir='ltr'>ἄλληλα</span> 
     </span>
    </p>
   </div>
   <div class='ocr_carea' id='block_1_44' title="bbox 343 2839 610 2917">
    <p class='ocr_par' dir='ltr' id='par_1_44' title="bbox 343 2839 610 2917">
     <span class='ocr_line' id='line_1_44' title="bbox 343 2839 610 2917; baseline 0.007 -21"><span class='ocrx_word' id='word_1_295' title='bbox 343 2839 610 2917; x_wconf 80' lang='grc' dir='ltr'>γνωρίσῃ.</span> 
     </span>
    </p>
   </div>
   <div class='ocr_carea' id='block_1_45' title="bbox 419 3015 2007 3092">
    <p class='ocr_par' dir='ltr' id='par_1_45' title="bbox 419 3015 2007 3092">
     <span class='ocr_line' id='line_1_45' title="bbox 419 3015 2007 3092; baseline 0.001 -18"><span class='ocrx_word' id='word_1_296' title='bbox 419 3019 547 3077; x_wconf 87' lang='grc' dir='ltr'>ΞΔ’.</span> <span class='ocrx_word' id='word_1_297' title='bbox 605 3019 677 3074; x_wconf 81' lang='grc' dir='ltr'>Τὸ</span> <span class='ocrx_word' id='word_1_298' title='bbox 733 3015 792 3074; x_wconf 72' lang='grc' dir='ltr'>δὶ</span> <span class='ocrx_word' id='word_1_299' title='bbox 848 3016 1088 3083; x_wconf 79' lang='grc' dir='ltr'>ἐντεῦθεν</span> <span class='ocrx_word' id='word_1_300' title='bbox 1169 3015 1479 3091; x_wconf 82' lang='grc' dir='ltr'>ἀποθέμενα</span> <span class='ocrx_word' id='word_1_301' title='bbox 1543 3019 1610 3072; x_wconf 71' lang='grc' dir='ltr'>τὰ</span> <span class='ocrx_word' id='word_1_302' title='bbox 1665 3020 2007 3092; x_wconf 79' lang='grc' dir='ltr'>πνευματικὰ</span> 
     </span>
    </p>
   </div>
   <div class='ocr_carea' id='block_1_46' title="bbox 343 3106 2004 3187">
    <p class='ocr_par' dir='ltr' id='par_1_46' title="bbox 343 3106 2004 3187">
     <span class='ocr_line' id='line_1_46' title="bbox 343 3106 2004 3187; baseline -0.001 -23"><span class='ocrx_word' id='word_1_303' title='bbox 343 3109 444 3172; x_wconf 75' lang='grc' dir='ltr'>τὰς</span> <span class='ocrx_word' id='word_1_304' title='bbox 493 3109 679 3185; x_wconf 70' lang='grc' dir='ltr'>ψυχὰς</span> <span class='ocrx_word' id='word_1_305' title='bbox 727 3109 840 3182; x_wconf 74' lang='grc' dir='ltr'>ἅμα</span> <span class='ocrx_word' id='word_1_306' title='bbox 888 3110 956 3182; x_wconf 78' lang='grc' dir='ltr'>τῇ</span> <span class='ocrx_word' id='word_1_307' title='bbox 1020 3107 1188 3182; x_wconf 86' lang='grc' dir='ltr'>μητρὶ</span> <span class='ocrx_word' id='word_1_308' title='bbox 1232 3106 1573 3183; x_wconf 70' lang='grc' dir='ltr'>κομιζομένη</span> <span class='ocrx_word' id='word_1_309' title='bbox 1623 3109 1713 3162; x_wconf 90' lang='grc' dir='ltr'>τὸν</span> <span class='ocrx_word' id='word_1_310' title='bbox 1745 3109 2004 3187; x_wconf 80' lang='grc' dir='ltr'>νυμφίον,</span> 
     </span>
    </p>
   </div>
   <div class='ocr_carea' id='block_1_47' title="bbox 346 3195 2007 3273">
    <p class='ocr_par' dir='ltr' id='par_1_47' title="bbox 346 3195 2007 3273">
     <span class='ocr_line' id='line_1_47' title="bbox 346 3195 2007 3273; baseline -0.002 -18"><span class='ocrx_word' id='word_1_311' title='bbox 346 3199 695 3272; x_wconf 79' lang='grc' dir='ltr'>κομιζόμενα</span> <span class='ocrx_word' id='word_1_312' title='bbox 743 3197 833 3252; x_wconf 82' lang='grc' dir='ltr'>καὶ</span> <span class='ocrx_word' id='word_1_313' title='bbox 884 3197 1022 3252; x_wconf 71' lang='grc' dir='ltr'>αὐτὰ</span> <span class='ocrx_word' id='word_1_314' title='bbox 1065 3196 1193 3259; x_wconf 82' lang='grc' dir='ltr'>τοὺς</span> <span class='ocrx_word' id='word_1_315' title='bbox 1251 3195 1519 3273; x_wconf 86' lang='grc' dir='ltr'>νυμφίους</span> <span class='ocrx_word' id='word_1_316' title='bbox 1566 3195 1694 3259; x_wconf 78' lang='grc' dir='ltr'>τοὺς</span> <span class='ocrx_word' id='word_1_317' title='bbox 1745 3197 2007 3272; x_wconf 79' lang='grc' dir='ltr'>ἀγγέλους</span> 
     </span>
    </p>
   </div>
   <div class='ocr_carea' id='block_1_48' title="bbox 347 3285 2004 3365">
    <p class='ocr_par' dir='ltr' id='par_1_48' title="bbox 347 3285 2004 3365">
     <span class='ocr_line' id='line_1_48' title="bbox 347 3285 2004 3365; baseline -0.003 -20"><span class='ocrx_word' id='word_1_318' title='bbox 347 3290 578 3358; x_wconf 71' lang='grc' dir='ltr'>ἑαυτῶν,</span> <span class='ocrx_word' id='word_1_319' title='bbox 612 3286 689 3350; x_wconf 80' lang='grc' dir='ltr'>εἷς</span> <span class='ocrx_word' id='word_1_320' title='bbox 736 3287 828 3342; x_wconf 88' lang='grc' dir='ltr'>τὸν</span> <span class='ocrx_word' id='word_1_321' title='bbox 878 3291 1144 3365; x_wconf 86' lang='grc' dir='ltr'>νυμφῶνα</span> <span class='ocrx_word' id='word_1_322' title='bbox 1189 3285 1340 3350; x_wconf 77' lang='grc' dir='ltr'>ἐντὸς</span> <span class='ocrx_word' id='word_1_323' title='bbox 1375 3289 1473 3340; x_wconf 85' lang='grc' dir='ltr'>τοῦ</span> <span class='ocrx_word' id='word_1_324' title='bbox 1503 3285 1634 3359; x_wconf 79' lang='grc' dir='ltr'>ὅρου</span> <span class='ocrx_word' id='word_1_325' title='bbox 1665 3285 1882 3356; x_wconf 78' lang='grc' dir='ltr'>εἰσίασι,</span> <span class='ocrx_word' id='word_1_326' title='bbox 1915 3287 2004 3342; x_wconf 87' lang='grc' dir='ltr'>καὶ</span> 
     </span>
    </p>
   </div>
   <div class='ocr_carea' id='block_1_49' title="bbox 345 3369 2008 3453">
    <p class='ocr_par' dir='ltr' id='par_1_49' title="bbox 345 3369 2008 3453">
     <span class='ocr_line' id='line_1_49' title="bbox 345 3369 2008 3453; baseline -0.002 -18"><span class='ocrx_word' id='word_1_327' title='bbox 345 3379 488 3452; x_wconf 83' lang='grc' dir='ltr'>πρὸς</span> <span class='ocrx_word' id='word_1_328' title='bbox 519 3380 620 3450; x_wconf 76' lang='grc' dir='ltr'>τὴν</span> <span class='ocrx_word' id='word_1_329' title='bbox 649 3380 748 3434; x_wconf 89' lang='grc' dir='ltr'>τοῦ</span> <span class='ocrx_word' id='word_1_330' title='bbox 778 3375 1094 3451; x_wconf 80' lang='grc' dir='ltr'>Πνεύματος</span> <span class='ocrx_word' id='word_1_331' title='bbox 1121 3370 1246 3451; x_wconf 62' lang='grc' dir='ltr'>ὄψιν</span> <span class='ocrx_word' id='word_1_332' title='bbox 1279 3369 1533 3452; x_wconf 83' lang='grc' dir='ltr'>ἔρχονται</span> <span class='ocrx_word' id='word_1_333' title='bbox 1583 3375 1789 3438; x_wconf 79' lang='grc' dir='ltr'>Αίῶνες</span> <span class='ocrx_word' id='word_1_334' title='bbox 1827 3377 2008 3453; x_wconf 86' lang='grc' dir='ltr'>νοεροὶ</span> 
     </span>
    </p>
   </div>
   <div class='ocr_carea' id='block_1_50' title="bbox 342 3464 2007 3548">
    <p class='ocr_par' dir='ltr' id='par_1_50' title="bbox 342 3464 2007 3548">
     <span class='ocr_line' id='line_1_50' title="bbox 342 3464 2007 3548; baseline -0.002 -23"><span class='ocrx_word' id='word_1_335' title='bbox 342 3469 636 3548; x_wconf 83' lang='grc' dir='ltr'>γενόμενα,</span> <span class='ocrx_word' id='word_1_336' title='bbox 670 3465 747 3531; x_wconf 72' lang='grc' dir='ltr'>είς</span> <span class='ocrx_word' id='word_1_337' title='bbox 794 3465 923 3530; x_wconf 83' lang='grc' dir='ltr'>τοὺς</span> <span class='ocrx_word' id='word_1_338' title='bbox 963 3464 1193 3539; x_wconf 77' lang='grc' dir='ltr'>νοεροῦς</span> <span class='ocrx_word' id='word_1_339' title='bbox 1235 3465 1324 3520; x_wconf 83' lang='grc' dir='ltr'>καὶ</span> <span class='ocrx_word' id='word_1_340' title='bbox 1382 3465 1637 3528; x_wconf 75' lang='grc' dir='ltr'>αἰωνίους</span> <span class='ocrx_word' id='word_1_341' title='bbox 1666 3466 1877 3544; x_wconf 80' lang='grc' dir='ltr'>γάμους</span> <span class='ocrx_word' id='word_1_342' title='bbox 1906 3473 2007 3537; x_wconf 84' lang='grc' dir='ltr'>τῆς</span> 
     </span>
    </p>
   </div>
   <div class='ocr_carea' id='block_1_51' title="bbox 347 3557 629 3634">
    <p class='ocr_par' dir='ltr' id='par_1_51' title="bbox 347 3557 629 3634">
     <span class='ocr_line' id='line_1_51' title="bbox 347 3557 629 3634; baseline 0 -18"><span class='ocrx_word' id='word_1_343' title='bbox 347 3557 629 3634; x_wconf 89' lang='grc' dir='ltr'>συζυγίας.</span> 
     </span>
    </p>
   </div>
   <div class='ocr_carea' id='block_1_52' title="bbox 423 3642 2011 3721">
    <p class='ocr_par' dir='ltr' id='par_1_52' title="bbox 423 3642 2011 3721">
     <span class='ocr_line' id='line_1_52' title="bbox 423 3642 2011 3721; baseline -0.004 -17"><span class='ocrx_word' id='word_1_344' title='bbox 423 3650 550 3706; x_wconf 73' lang='lat' dir='ltr'>EE’.</span> <span class='ocrx_word' id='word_1_345' title='bbox 583 3649 645 3706; x_wconf 93' lang='grc' dir='ltr'>Ὁ</span> <span class='ocrx_word' id='word_1_346' title='bbox 675 3643 733 3702; x_wconf 72' lang='grc' dir='ltr'>δὶ</span> <span class='ocrx_word' id='word_1_347' title='bbox 759 3649 858 3702; x_wconf 85' lang='grc' dir='ltr'>τοῦ</span> <span class='ocrx_word' id='word_1_348' title='bbox 891 3642 1112 3701; x_wconf 86' lang='grc' dir='ltr'>δείπνου</span> <span class='ocrx_word' id='word_1_349' title='bbox 1162 3643 1257 3718; x_wconf 75' lang='grc' dir='ltr'>μὶν</span> <span class='ocrx_word' id='word_1_350' title='bbox 1307 3643 1744 3721; x_wconf 78' lang='grc' dir='ltr'>ἀρχιτρίκλινος,</span> <span class='ocrx_word' id='word_1_351' title='bbox 1774 3648 1882 3700; x_wconf 89' lang='grc' dir='ltr'>τῶν</span> <span class='ocrx_word' id='word_1_352' title='bbox 1909 3645 2011 3721; x_wconf 76' lang='grc' dir='ltr'>γάο</span> 
     </span>
    </p>
   </div>
   <div class='ocr_carea' id='block_1_53' title="bbox 356 3731 2012 3813">
    <p class='ocr_par' dir='ltr' id='par_1_53' title="bbox 356 3731 2012 3813">
     <span class='ocr_line' id='line_1_53' title="bbox 356 3731 2012 3813; baseline -0.002 -21"><span class='ocrx_word' id='word_1_353' title='bbox 356 3759 478 3813; x_wconf 83' lang='grc' dir='ltr'>μων</span> <span class='ocrx_word' id='word_1_354' title='bbox 533 3734 592 3792; x_wconf 70' lang='grc' dir='ltr'>δὲ</span> <span class='ocrx_word' id='word_1_355' title='bbox 639 3735 1032 3812; x_wconf 83' lang='grc' dir='ltr'>παράνυμφος,</span> <span class='ocrx_word' id='word_1_356' title='bbox 1081 3737 1178 3788; x_wconf 89' lang='grc' dir='ltr'>τοῦ</span> <span class='ocrx_word' id='word_1_357' title='bbox 1225 3732 1466 3811; x_wconf 77' lang='grc' dir='ltr'>νυμφίου</span> <span class='ocrx_word' id='word_1_358' title='bbox 1507 3731 1564 3788; x_wconf 73' lang='grc' dir='ltr'>δὲ</span> <span class='ocrx_word' id='word_1_359' title='bbox 1609 3731 1794 3812; x_wconf 88' lang='grc' dir='ltr'>φίλος,</span> <span class='ocrx_word' id='word_1_360' title='bbox 1845 3734 2012 3796; x_wconf 69' lang='grc' dir='ltr'>ἑστὼς</span> 
     </span>
    </p>
   </div>
   <div class='ocr_carea' id='block_1_54' title="bbox 2110 2124 2632 2197">
    <p class='ocr_par' dir='ltr' id='par_1_54' title="bbox 2110 2124 2632 2197">
     <span class='ocr_line' id='line_1_54' title="bbox 2110 2124 2632 2197; baseline 0.004 -17"><span class='ocrx_word' id='word_1_361' title='bbox 2110 2124 2362 2180; x_wconf 88' lang='lat' dir='ltr'>salutem</span> <span class='ocrx_word' id='word_1_362' title='bbox 2393 2130 2632 2197; x_wconf 66' lang='lat' dir='ltr'>praestat</span> 
     </span>
    </p>
   </div>
   <div class='ocr_carea' id='block_1_55' title="bbox 2185 2214 3765 2289">
    <p class='ocr_par' dir='ltr' id='par_1_55' title="bbox 2185 2214 3765 2289">
     <span class='ocr_line' id='line_1_55' title="bbox 2185 2214 3765 2289; baseline 0.003 -21"><span class='ocrx_word' id='word_1_363' title='bbox 2185 2214 2360 2269; x_wconf 83' lang='lat' dir='ltr'>LXII.</span> <span class='ocrx_word' id='word_1_364' title='bbox 2395 2216 2651 2286; x_wconf 84' lang='lat' dir='ltr'>Requies</span> <span class='ocrx_word' id='word_1_365' title='bbox 2701 2216 2900 2289; x_wconf 88' lang='lat' dir='ltr'>itaque</span> <span class='ocrx_word' id='word_1_366' title='bbox 2951 2217 3308 2288; x_wconf 86' lang='lat' dir='ltr'>spiritalium</span> <span class='ocrx_word' id='word_1_367' title='bbox 3343 2219 3402 2273; x_wconf 90' lang='lat' dir='ltr'>in</span> <span class='ocrx_word' id='word_1_368' title='bbox 3446 2216 3765 2286; x_wconf 90' lang='lat' dir='ltr'>Dominica,</span> 
     </span>
    </p>
   </div>
   <div class='ocr_carea' id='block_1_56' title="bbox 2114 2302 3766 2378">
    <p class='ocr_par' dir='ltr' id='par_1_56' title="bbox 2114 2302 3766 2378">
     <span class='ocr_line' id='line_1_56' title="bbox 2114 2302 3766 2378; baseline 0.002 -22"><span class='ocrx_word' id='word_1_369' title='bbox 2114 2302 2172 2356; x_wconf 91' lang='lat' dir='ltr'>in</span> <span class='ocrx_word' id='word_1_370' title='bbox 2206 2304 2468 2376; x_wconf 84' lang='lat' dir='ltr'>ogdoade</span> <span class='ocrx_word' id='word_1_371' title='bbox 2501 2320 2605 2359; x_wconf 90' lang='lat' dir='ltr'>ceu</span> <span class='ocrx_word' id='word_1_372' title='bbox 2640 2311 2860 2373; x_wconf 88' lang='lat' dir='ltr'>octava,</span> <span class='ocrx_word' id='word_1_373' title='bbox 2885 2303 3008 2375; x_wconf 69' lang='lat' dir='ltr'>qua:</span> <span class='ocrx_word' id='word_1_374' title='bbox 3039 2306 3342 2361; x_wconf 90' lang='lat' dir='ltr'>Dominica</span> <span class='ocrx_word' id='word_1_375' title='bbox 3374 2307 3609 2375; x_wconf 87' lang='lat' dir='ltr'>dicitur,</span> <span class='ocrx_word' id='word_1_376' title='bbox 3642 2323 3766 2378; x_wconf 70' lang='lat' dir='ltr'>quae</span> 
     </span>
    </p>
   </div>
   <div class='ocr_carea' id='block_1_57' title="bbox 2115 2393 3765 2464">
    <p class='ocr_par' dir='ltr' id='par_1_57' title="bbox 2115 2393 3765 2464">
     <span class='ocr_line' id='line_1_57' title="bbox 2115 2393 3765 2464; baseline 0.002 -18"><span class='ocrx_word' id='word_1_377' title='bbox 2115 2393 2272 2464; x_wconf 89' lang='lat' dir='ltr'>apud</span> <span class='ocrx_word' id='word_1_378' title='bbox 2331 2398 2578 2448; x_wconf 90' lang='lat' dir='ltr'>matrem</span> <span class='ocrx_word' id='word_1_379' title='bbox 2613 2395 2844 2449; x_wconf 89' lang='lat' dir='ltr'>animas</span> <span class='ocrx_word' id='word_1_380' title='bbox 2893 2395 3242 2450; x_wconf 88' lang='lat' dir='ltr'>indumenta</span> <span class='ocrx_word' id='word_1_381' title='bbox 3273 2395 3494 2451; x_wconf 89' lang='lat' dir='ltr'>habent</span> <span class='ocrx_word' id='word_1_382' title='bbox 3520 2396 3591 2449; x_wconf 80' lang='lat' dir='ltr'>ad</span> <span class='ocrx_word' id='word_1_383' title='bbox 3627 2412 3765 2450; x_wconf 91' lang='lat' dir='ltr'>con-</span> 
     </span>
    </p>
   </div>
   <div class='ocr_carea' id='block_1_58' title="bbox 2114 2483 3765 2554">
    <p class='ocr_par' dir='ltr' id='par_1_58' title="bbox 2114 2483 3765 2554">
     <span class='ocr_line' id='line_1_58' title="bbox 2114 2483 3765 2554; baseline 0.002 -18"><span class='ocrx_word' id='word_1_384' title='bbox 2114 2483 2572 2537; x_wconf 89' lang='lat' dir='ltr'>summationem</span> <span class='ocrx_word' id='word_1_385' title='bbox 2623 2499 2830 2554; x_wconf 89' lang='lat' dir='ltr'>usque,</span> <span class='ocrx_word' id='word_1_386' title='bbox 2883 2489 3098 2539; x_wconf 61' lang='lat' dir='ltr'>caetera;</span> <span class='ocrx_word' id='word_1_387' title='bbox 3130 2499 3262 2539; x_wconf 83' lang='lat' dir='ltr'>vero</span> <span class='ocrx_word' id='word_1_388' title='bbox 3311 2483 3515 2540; x_wconf 86' lang='lat' dir='ltr'>ﬁdeles</span> <span class='ocrx_word' id='word_1_389' title='bbox 3555 2485 3765 2539; x_wconf 75' lang='lat' dir='ltr'>anima:</span> 
     </span>
    </p>
   </div>
   <div class='ocr_carea' id='block_1_59' title="bbox 2115 2571 3766 2644">
    <p class='ocr_par' dir='ltr' id='par_1_59' title="bbox 2115 2571 3766 2644">
     <span class='ocr_line' id='line_1_59' title="bbox 2115 2571 3766 2644; baseline 0.001 -17"><span class='ocrx_word' id='word_1_390' title='bbox 2115 2571 2268 2644; x_wconf 87' lang='lat' dir='ltr'>apud</span> <span class='ocrx_word' id='word_1_391' title='bbox 2304 2571 2726 2644; x_wconf 85' lang='lat' dir='ltr'>Demiurgum:</span> <span class='ocrx_word' id='word_1_392' title='bbox 2763 2573 2818 2627; x_wconf 87' lang='lat' dir='ltr'>in</span> <span class='ocrx_word' id='word_1_393' title='bbox 2870 2573 3381 2629; x_wconf 84' lang='lat' dir='ltr'>consummatione</span> <span class='ocrx_word' id='word_1_394' title='bbox 3429 2590 3563 2629; x_wconf 90' lang='lat' dir='ltr'>vero</span> <span class='ocrx_word' id='word_1_395' title='bbox 3615 2589 3766 2628; x_wconf 86' lang='lat' dir='ltr'>rece-</span> 
     </span>
    </p>
   </div>
   <div class='ocr_carea' id='block_1_60' title="bbox 2119 2660 3761 2735">
    <p class='ocr_par' dir='ltr' id='par_1_60' title="bbox 2119 2660 3761 2735">
     <span class='ocr_line' id='line_1_60' title="bbox 2119 2660 3761 2735; baseline 0.002 -19"><span class='ocrx_word' id='word_1_396' title='bbox 2119 2662 2268 2717; x_wconf 92' lang='lat' dir='ltr'>dunt</span> <span class='ocrx_word' id='word_1_397' title='bbox 2297 2663 2354 2715; x_wconf 90' lang='lat' dir='ltr'>et</span> <span class='ocrx_word' id='word_1_398' title='bbox 2383 2660 2524 2732; x_wconf 65' lang='lat' dir='ltr'>ipsa:</span> <span class='ocrx_word' id='word_1_399' title='bbox 2557 2661 2617 2716; x_wconf 91' lang='lat' dir='ltr'>in</span> <span class='ocrx_word' id='word_1_400' title='bbox 2661 2663 2980 2734; x_wconf 80' lang='lat' dir='ltr'>ogdoadem</span> <span class='ocrx_word' id='word_1_401' title='bbox 3004 2681 3025 2726; x_wconf 85' lang='lat'><em>;</em></span> <span class='ocrx_word' id='word_1_402' title='bbox 3056 2662 3192 2718; x_wconf 88' lang='lat' dir='ltr'>dein</span> <span class='ocrx_word' id='word_1_403' title='bbox 3224 2680 3388 2718; x_wconf 84' lang='lat' dir='ltr'>ccena</span> <span class='ocrx_word' id='word_1_404' title='bbox 3421 2662 3761 2735; x_wconf 88' lang='lat' dir='ltr'>nuptiarum</span> 
     </span>
    </p>
   </div>
   <div class='ocr_carea' id='block_1_61' title="bbox 2114 2749 3767 2824">
    <p class='ocr_par' dir='ltr' id='par_1_61' title="bbox 2114 2749 3767 2824">
     <span class='ocr_line' id='line_1_61' title="bbox 2114 2749 3767 2824; baseline 0.002 -19"><span class='ocrx_word' id='word_1_405' title='bbox 2114 2749 2446 2807; x_wconf 88' lang='lat' dir='ltr'>communis</span> <span class='ocrx_word' id='word_1_406' title='bbox 2476 2751 2740 2806; x_wconf 90' lang='lat' dir='ltr'>omnium</span> <span class='ocrx_word' id='word_1_407' title='bbox 2767 2753 2862 2823; x_wconf 87' lang='lat' dir='ltr'>qui</span> <span class='ocrx_word' id='word_1_408' title='bbox 2897 2751 3152 2808; x_wconf 88' lang='lat' dir='ltr'>salutem</span> <span class='ocrx_word' id='word_1_409' title='bbox 3184 2757 3635 2824; x_wconf 86' lang='lat' dir='ltr'>consequentur,</span> <span class='ocrx_word' id='word_1_410' title='bbox 3669 2753 3767 2809; x_wconf 90' lang='lat' dir='ltr'>do-</span> 
     </span>
    </p>
   </div>
   <div class='ocr_carea' id='block_1_62' title="bbox 2111 2839 3765 2913">
    <p class='ocr_par' dir='ltr' id='par_1_62' title="bbox 2111 2839 3765 2913">
     <span class='ocr_line' id='line_1_62' title="bbox 2111 2839 3765 2913; baseline 0 -15"><span class='ocrx_word' id='word_1_411' title='bbox 2111 2855 2220 2900; x_wconf 83' lang='lat' dir='ltr'>nec</span> <span class='ocrx_word' id='word_1_412' title='bbox 2251 2839 2450 2895; x_wconf 90' lang='lat' dir='ltr'>omnia</span> <span class='ocrx_word' id='word_1_413' title='bbox 2479 2839 2698 2895; x_wconf 86' lang='lat' dir='ltr'>fuerint</span> <span class='ocrx_word' id='word_1_414' title='bbox 2727 2840 2997 2913; x_wconf 67' lang='lat' dir='ltr'>aequalia,</span> <span class='ocrx_word' id='word_1_415' title='bbox 3031 2858 3208 2913; x_wconf 86' lang='lat' dir='ltr'>seque</span> <span class='ocrx_word' id='word_1_416' title='bbox 3240 2841 3354 2897; x_wconf 89' lang='lat' dir='ltr'>alia</span> <span class='ocrx_word' id='word_1_417' title='bbox 3385 2841 3634 2896; x_wconf 89' lang='lat' dir='ltr'>invicem</span> <span class='ocrx_word' id='word_1_418' title='bbox 3669 2859 3765 2898; x_wconf 92' lang='lat' dir='ltr'>co-</span> 
     </span>
    </p>
   </div>
   <div class='ocr_carea' id='block_1_63' title="bbox 2113 2927 3256 3002">
    <p class='ocr_par' dir='ltr' id='par_1_63' title="bbox 2113 2927 3256 3002">
     <span class='ocr_line' id='line_1_63' title="bbox 2113 2927 3256 3002; baseline -0.003 -18"><span class='ocrx_word' id='word_1_419' title='bbox 2113 2927 2443 3002; x_wconf 89' lang='lat' dir='ltr'>gnoverint.</span> <span class='ocrx_word' id='word_1_420' title='bbox 3252 2973 3256 2980; x_wconf 91' lang='lat'>.</span> 
     </span>
    </p>
   </div>
   <div class='ocr_carea' id='block_1_64' title="bbox 2183 3017 3769 3091">
    <p class='ocr_par' dir='ltr' id='par_1_64' title="bbox 2183 3017 3769 3091">
     <span class='ocr_line' id='line_1_64' title="bbox 2183 3017 3769 3091; baseline 0 -18"><span class='ocrx_word' id='word_1_421' title='bbox 2183 3019 2246 3082; x_wconf 79' lang='grc' dir='ltr'>›ι‹</span> <span class='ocrx_word' id='word_1_422' title='bbox 2279 3019 2474 3073; x_wconf 84' lang='lat' dir='ltr'>LXIV.</span> <span class='ocrx_word' id='word_1_423' title='bbox 2511 3017 2726 3073; x_wconf 82' lang='lat' dir='ltr'>Exinde</span> <span class='ocrx_word' id='word_1_424' title='bbox 2758 3034 2893 3075; x_wconf 87' lang='lat' dir='ltr'>vero</span> <span class='ocrx_word' id='word_1_425' title='bbox 2925 3018 3218 3091; x_wconf 85' lang='lat' dir='ltr'>spiritalia</span> <span class='ocrx_word' id='word_1_426' title='bbox 3257 3019 3571 3075; x_wconf 89' lang='lat' dir='ltr'>animabus</span> <span class='ocrx_word' id='word_1_427' title='bbox 3603 3019 3769 3089; x_wconf 87' lang='lat' dir='ltr'>abje-</span> 
     </span>
    </p>
   </div>
   <div class='ocr_carea' id='block_1_65' title="bbox 2116 3107 3771 3180">
    <p class='ocr_par' dir='ltr' id='par_1_65' title="bbox 2116 3107 3771 3180">
     <span class='ocr_line' id='line_1_65' title="bbox 2116 3107 3771 3180; baseline 0 -18"><span class='ocrx_word' id='word_1_428' title='bbox 2116 3107 2506 3163; x_wconf 90' lang='lat' dir='ltr'>ctisunacum</span> <span class='ocrx_word' id='word_1_429' title='bbox 2543 3112 2727 3162; x_wconf 88' lang='lat' dir='ltr'>matre</span> <span class='ocrx_word' id='word_1_430' title='bbox 2751 3124 3034 3179; x_wconf 87' lang='lat' dir='ltr'>sponsum</span> <span class='ocrx_word' id='word_1_431' title='bbox 3059 3113 3392 3176; x_wconf 88' lang='lat' dir='ltr'>consecuta,</span> <span class='ocrx_word' id='word_1_432' title='bbox 3417 3125 3670 3180; x_wconf 88' lang='lat' dir='ltr'>sponsos</span> <span class='ocrx_word' id='word_1_433' title='bbox 3692 3107 3771 3163; x_wconf 89' lang='lat' dir='ltr'>si-</span> 
     </span>
    </p>
   </div>
   <div class='ocr_carea' id='block_1_66' title="bbox 2119 3195 3772 3269">
    <p class='ocr_par' dir='ltr' id='par_1_66' title="bbox 2119 3195 3772 3269">
     <span class='ocr_line' id='line_1_66' title="bbox 2119 3195 3772 3269; baseline 0 -17"><span class='ocrx_word' id='word_1_434' title='bbox 2119 3195 2337 3252; x_wconf 89' lang='lat' dir='ltr'>militer</span> <span class='ocrx_word' id='word_1_435' title='bbox 2388 3195 2630 3269; x_wconf 85' lang='lat' dir='ltr'>angelos</span> <span class='ocrx_word' id='word_1_436' title='bbox 2663 3213 2804 3253; x_wconf 91' lang='lat' dir='ltr'>suos</span> <span class='ocrx_word' id='word_1_437' title='bbox 2834 3202 2892 3252; x_wconf 90' lang='lat' dir='ltr'>et</span> <span class='ocrx_word' id='word_1_438' title='bbox 2939 3197 3068 3269; x_wconf 89' lang='lat' dir='ltr'>ipsa</span> <span class='ocrx_word' id='word_1_439' title='bbox 3099 3203 3435 3268; x_wconf 83' lang='lat' dir='ltr'>consecuta,</span> <span class='ocrx_word' id='word_1_440' title='bbox 3469 3197 3527 3251; x_wconf 93' lang='lat' dir='ltr'>in</span> <span class='ocrx_word' id='word_1_441' title='bbox 3577 3196 3772 3252; x_wconf 84' lang='lat' dir='ltr'>thala-</span> 
     </span>
    </p>
   </div>
   <div class='ocr_carea' id='block_1_67' title="bbox 2121 3284 3775 3358">
    <p class='ocr_par' dir='ltr' id='par_1_67' title="bbox 2121 3284 3775 3358">
     <span class='ocr_line' id='line_1_67' title="bbox 2121 3284 3775 3358; baseline 0.001 -18"><span class='ocrx_word' id='word_1_442' title='bbox 2121 3301 2284 3340; x_wconf 91' lang='lat' dir='ltr'>mum</span> <span class='ocrx_word' id='word_1_443' title='bbox 2318 3285 2472 3340; x_wconf 88' lang='lat' dir='ltr'>intra</span> <span class='ocrx_word' id='word_1_444' title='bbox 2503 3285 2823 3339; x_wconf 86' lang='lat' dir='ltr'>terminum</span> <span class='ocrx_word' id='word_1_445' title='bbox 2872 3284 3313 3357; x_wconf 86' lang='lat' dir='ltr'>ingrediuntur,</span> <span class='ocrx_word' id='word_1_446' title='bbox 3354 3289 3412 3340; x_wconf 86' lang='lat' dir='ltr'>et</span> <span class='ocrx_word' id='word_1_447' title='bbox 3443 3287 3498 3340; x_wconf 92' lang='lat' dir='ltr'>in</span> <span class='ocrx_word' id='word_1_448' title='bbox 3533 3302 3775 3358; x_wconf 88' lang='lat' dir='ltr'>conspe-</span> 
     </span>
    </p>
   </div>
   <div class='ocr_carea' id='block_1_68' title="bbox 2122 3374 3771 3448">
    <p class='ocr_par' dir='ltr' id='par_1_68' title="bbox 2122 3374 3771 3448">
     <span class='ocr_line' id='line_1_68' title="bbox 2122 3374 3771 3448; baseline 0.001 -19"><span class='ocrx_word' id='word_1_449' title='bbox 2122 3377 2282 3430; x_wconf 81' lang='lat' dir='ltr'>ctum</span> <span class='ocrx_word' id='word_1_450' title='bbox 2314 3374 2568 3446; x_wconf 90' lang='lat' dir='ltr'>Spiritus</span> <span class='ocrx_word' id='word_1_451' title='bbox 2611 3374 2873 3445; x_wconf 88' lang='lat' dir='ltr'>veniunt,</span> <span class='ocrx_word' id='word_1_452' title='bbox 2927 3375 3136 3430; x_wconf 69' lang='lat' dir='ltr'>Eones</span> <span class='ocrx_word' id='word_1_453' title='bbox 3167 3375 3567 3448; x_wconf 86' lang='lat' dir='ltr'>intelligentes</span> <span class='ocrx_word' id='word_1_454' title='bbox 3599 3375 3771 3442; x_wconf 82' lang='lat' dir='ltr'>facta,</span> 
     </span>
    </p>
   </div>
   <div class='ocr_carea' id='block_1_69' title="bbox 2119 3461 3771 3536">
    <p class='ocr_par' dir='ltr' id='par_1_69' title="bbox 2119 3461 3771 3536">
     <span class='ocr_line' id='line_1_69' title="bbox 2119 3461 3771 3536; baseline 0 -18"><span class='ocrx_word' id='word_1_455' title='bbox 2119 3463 2179 3518; x_wconf 88' lang='lat' dir='ltr'>in</span> <span class='ocrx_word' id='word_1_456' title='bbox 2213 3461 2510 3535; x_wconf 89' lang='lat' dir='ltr'>spiritales</span> <span class='ocrx_word' id='word_1_457' title='bbox 2542 3462 2766 3518; x_wconf 88' lang='lat' dir='ltr'>scilicet</span> <span class='ocrx_word' id='word_1_458' title='bbox 2813 3469 3178 3536; x_wconf 72' lang='lat' dir='ltr'>aeternaeque</span> <span class='ocrx_word' id='word_1_459' title='bbox 3205 3465 3463 3536; x_wconf 84' lang='lat' dir='ltr'>conjugii</span> <span class='ocrx_word' id='word_1_460' title='bbox 3508 3462 3771 3536; x_wconf 90' lang='lat' dir='ltr'>nuptias.</span> 
     </span>
    </p>
   </div>
   <div class='ocr_carea' id='block_1_70' title="bbox 2196 3642 3770 3715">
    <p class='ocr_par' dir='ltr' id='par_1_70' title="bbox 2196 3642 3770 3715">
     <span class='ocr_line' id='line_1_70' title="bbox 2196 3642 3770 3715; baseline 0.001 -18"><span class='ocrx_word' id='word_1_461' title='bbox 2196 3642 2360 3699; x_wconf 80' lang='lat' dir='ltr'>LXV.</span> <span class='ocrx_word' id='word_1_462' title='bbox 2411 3642 2596 3698; x_wconf 58' lang='lat' dir='ltr'>Cinnae</span> <span class='ocrx_word' id='word_1_463' title='bbox 2627 3659 2760 3699; x_wconf 89' lang='lat' dir='ltr'>vero</span> <span class='ocrx_word' id='word_1_464' title='bbox 2810 3643 3268 3713; x_wconf 87' lang='lat' dir='ltr'>architriclinus,</span> <span class='ocrx_word' id='word_1_465' title='bbox 3319 3660 3387 3700; x_wconf 91' lang='lat' dir='ltr'>ac</span> <span class='ocrx_word' id='word_1_466' title='bbox 3419 3644 3770 3715; x_wconf 79' lang='lat' dir='ltr'>nuptiarum</span> 
     </span>
    </p>
   </div>
   <div class='ocr_carea' id='block_1_71' title="bbox 2123 3731 3772 3805">
    <p class='ocr_par' dir='ltr' id='par_1_71' title="bbox 2123 3731 3772 3805">
     <span class='ocr_line' id='line_1_71' title="bbox 2123 3731 3772 3805; baseline 0.001 -19"><span class='ocrx_word' id='word_1_467' title='bbox 2123 3731 2449 3805; x_wconf 88' lang='lat' dir='ltr'>pronubus,</span> <span class='ocrx_word' id='word_1_468' title='bbox 2483 3733 2669 3804; x_wconf 77' lang='lat' dir='ltr'>sponsi</span> <span class='ocrx_word' id='word_1_469' title='bbox 2696 3747 2821 3788; x_wconf 82' lang='lat' dir='ltr'>vero</span> <span class='ocrx_word' id='word_1_470' title='bbox 2851 3735 3066 3788; x_wconf 74' lang='lat' dir='ltr'>amicus</span> <span class='ocrx_word' id='word_1_471' title='bbox 3095 3734 3185 3805; x_wconf 69' lang='grc' dir='ltr'>(Γ),</span> <span class='ocrx_word' id='word_1_472' title='bbox 3210 3737 3377 3789; x_wconf 88' lang='lat' dir='ltr'>stans</span> <span class='ocrx_word' id='word_1_473' title='bbox 3408 3736 3542 3789; x_wconf 89' lang='lat' dir='ltr'>ante</span> <span class='ocrx_word' id='word_1_474' title='bbox 3573 3731 3772 3788; x_wconf 87' lang='lat' dir='ltr'>thala—</span> 
     </span>
    </p>
   </div>
   <div class='ocr_carea' id='block_1_72' title="bbox 353 3821 2012 3902">
    <p class='ocr_par' dir='ltr' id='par_1_72' title="bbox 353 3821 2012 3902">
     <span class='ocr_line' id='line_1_72' title="bbox 353 3821 2012 3902; baseline -0.011 -18"><span class='ocrx_word' id='word_1_475' title='bbox 353 3824 662 3902; x_wconf 72' lang='grc' dir='ltr'>ἔμπροσθεν</span> <span class='ocrx_word' id='word_1_476' title='bbox 705 3828 804 3880; x_wconf 89' lang='grc' dir='ltr'>τοῦ</span> <span class='ocrx_word' id='word_1_477' title='bbox 860 3827 1174 3900; x_wconf 79' lang='grc' dir='ltr'>νυμφῶνος,</span> <span class='ocrx_word' id='word_1_478' title='bbox 1232 3821 1445 3878; x_wconf 82' lang='grc' dir='ltr'>ἀκούων</span> <span class='ocrx_word' id='word_1_479' title='bbox 1522 3821 1618 3890; x_wconf 71' lang='grc' dir='ltr'>τῆς</span> <span class='ocrx_word' id='word_1_480' title='bbox 1676 3829 1863 3901; x_wconf 75' lang='grc' dir='ltr'>φωνῆς</span> <span class='ocrx_word' id='word_1_481' title='bbox 1917 3827 2012 3878; x_wconf 76' lang='grc' dir='ltr'>τοῦ</span> 
     </span>
    </p>
   </div>
   <div class='ocr_carea' id='block_1_73' title="bbox 2131 3821 3774 3902">
    <p class='ocr_par' dir='ltr' id='par_1_73' title="bbox 2131 3822 3774 3896">
     <span class='ocr_line' id='line_1_73' title="bbox 2131 3822 3774 3896; baseline -0.001 -18"><span class='ocrx_word' id='word_1_482' title='bbox 2131 3839 2311 3892; x_wconf 89' lang='lat' dir='ltr'>mum,</span> <span class='ocrx_word' id='word_1_483' title='bbox 2347 3823 2550 3894; x_wconf 89' lang='lat' dir='ltr'>sponsi</span> <span class='ocrx_word' id='word_1_484' title='bbox 2593 3838 2792 3877; x_wconf 90' lang='lat' dir='ltr'>vocem</span> <span class='ocrx_word' id='word_1_485' title='bbox 2826 3823 3094 3889; x_wconf 90' lang='lat' dir='ltr'>audiens,</span> <span class='ocrx_word' id='word_1_486' title='bbox 3142 3822 3357 3896; x_wconf 87' lang='lat' dir='ltr'>gaudio</span> <span class='ocrx_word' id='word_1_487' title='bbox 3386 3822 3623 3895; x_wconf 85' lang='lat' dir='ltr'>gaudet.</span> <span class='ocrx_word' id='word_1_488' title='bbox 3660 3823 3774 3878; x_wconf 86' lang='lat' dir='ltr'>Hoc</span> 
     </span>
    </p>
   </div>
   <div class='ocr_carea' id='block_1_74' title="bbox 355 3910 2012 3996">
    <p class='ocr_par' dir='ltr' id='par_1_74' title="bbox 355 3911 2012 3996">
     <span class='ocr_line' id='line_1_74' title="bbox 355 3911 2012 3996; baseline -0.003 -24"><span class='ocrx_word' id='word_1_489' title='bbox 355 3915 618 3996; x_wconf 86' lang='grc' dir='ltr'>νυμφίου,</span> <span class='ocrx_word' id='word_1_490' title='bbox 651 3918 800 3991; x_wconf 84' lang='grc' dir='ltr'>χαρᾷ</span> <span class='ocrx_word' id='word_1_491' title='bbox 848 3913 1051 3990; x_wconf 86' lang='grc' dir='ltr'>χαίρει.</span> <span class='ocrx_word' id='word_1_492' title='bbox 1083 3914 1260 3970; x_wconf 89' lang='grc' dir='ltr'>Τοῦτο</span> <span class='ocrx_word' id='word_1_493' title='bbox 1293 3911 1458 3966; x_wconf 78' lang='grc' dir='ltr'>αὐτοῦ</span> <span class='ocrx_word' id='word_1_494' title='bbox 1495 3913 1556 3967; x_wconf 90' lang='grc' dir='ltr'>τὸ</span> <span class='ocrx_word' id='word_1_495' title='bbox 1602 3911 1885 3989; x_wconf 77' lang='grc' dir='ltr'>πλήρωμα</span> <span class='ocrx_word' id='word_1_496' title='bbox 1913 3919 2012 3983; x_wconf 83' lang='grc' dir='ltr'>τῆς</span> 
     </span>
    </p>
   </div>
   <div class='ocr_carea' id='block_1_75' title="bbox 2131 3910 3386 3996">
    <p class='ocr_par' dir='ltr' id='par_1_75' title="bbox 2131 3910 3386 3986">
     <span class='ocr_line' id='line_1_75' title="bbox 2131 3910 3386 3986; baseline 0.001 -19"><span class='ocrx_word' id='word_1_497' title='bbox 2131 3911 2287 3968; x_wconf 89' lang='lat' dir='ltr'>illius</span> <span class='ocrx_word' id='word_1_498' title='bbox 2317 3911 2518 3984; x_wconf 81' lang='lat' dir='ltr'>gaudii</span> <span class='ocrx_word' id='word_1_499' title='bbox 2551 3910 2857 3985; x_wconf 88' lang='lat' dir='ltr'>plenitudo</span> <span class='ocrx_word' id='word_1_500' title='bbox 2887 3916 2944 3968; x_wconf 89' lang='lat' dir='ltr'>et</span> <span class='ocrx_word' id='word_1_501' title='bbox 2975 3911 3189 3984; x_wconf 85' lang='lat' dir='ltr'>quietis</span> <span class='ocrx_word' id='word_1_502' title='bbox 3217 3912 3316 3986; x_wconf 76' lang='grc' dir='ltr'>(ο).</span> <span class='ocrx_word' id='word_1_503' title='bbox 3377 3970 3386 3977; x_wconf 90' lang='lat'><em>_</em></span> 
     </span>
    </p>
   </div>
   <div class='ocr_carea' id='block_1_76' title="bbox 358 4001 1187 4084">
    <p class='ocr_par' dir='ltr' id='par_1_76' title="bbox 358 4001 1187 4084">
     <span class='ocr_line' id='line_1_76' title="bbox 358 4001 1187 4084; baseline -0.005 -20"><span class='ocrx_word' id='word_1_504' title='bbox 358 4012 536 4084; x_wconf 78' lang='grc' dir='ltr'>χαρᾶς</span> <span class='ocrx_word' id='word_1_505' title='bbox 562 4003 657 4062; x_wconf 85' lang='grc' dir='ltr'>καὶ</span> <span class='ocrx_word' id='word_1_506' title='bbox 683 4011 784 4076; x_wconf 83' lang='grc' dir='ltr'>τῆς</span> <span class='ocrx_word' id='word_1_507' title='bbox 814 4001 1187 4066; x_wconf 77' lang='grc' dir='ltr'>ἀναπαύσεως.</span> 
     </span>
    </p>
   </div>
   <div class='ocr_carea' id='block_1_77' title="bbox 432 4088 2018 4168">
    <p class='ocr_par' dir='ltr' id='par_1_77' title="bbox 432 4088 2018 4168">
     <span class='ocr_line' id='line_1_77' title="bbox 432 4088 2018 4168; baseline 0.001 -21"><span class='ocrx_word' id='word_1_508' title='bbox 432 4100 547 4167; x_wconf 87' lang='grc' dir='ltr'>Ξζ’,</span> <span class='ocrx_word' id='word_1_509' title='bbox 578 4095 641 4152; x_wconf 89' lang='grc' dir='ltr'>Ὁ</span> <span class='ocrx_word' id='word_1_510' title='bbox 686 4093 884 4168; x_wconf 80' lang='grc' dir='ltr'>Σωτὴρ</span> <span class='ocrx_word' id='word_1_511' title='bbox 930 4091 1057 4155; x_wconf 77' lang='grc' dir='ltr'>τοῦς</span> <span class='ocrx_word' id='word_1_512' title='bbox 1108 4088 1450 4154; x_wconf 82' lang='grc' dir='ltr'>ἀποστόλους</span> <span class='ocrx_word' id='word_1_513' title='bbox 1498 4088 1764 4164; x_wconf 81' lang='grc' dir='ltr'>ἐδίδασκε,</span> <span class='ocrx_word' id='word_1_514' title='bbox 1802 4091 1872 4146; x_wconf 70' lang='grc' dir='ltr'>τὰ</span> <span class='ocrx_word' id='word_1_515' title='bbox 1922 4092 2018 4164; x_wconf 75' lang='grc' dir='ltr'>μὲν</span> 
     </span>
    </p>
   </div>
   <div class='ocr_carea' id='block_1_78' title="bbox 361 4177 2020 4261">
    <p class='ocr_par' dir='ltr' id='par_1_78' title="bbox 361 4177 2020 4261">
     <span class='ocr_line' id='line_1_78' title="bbox 361 4177 2020 4261; baseline -0.004 -20"><span class='ocrx_word' id='word_1_516' title='bbox 361 4189 555 4261; x_wconf 85' lang='grc' dir='ltr'>πρῶτα</span> <span class='ocrx_word' id='word_1_517' title='bbox 604 4187 852 4248; x_wconf 87' lang='grc' dir='ltr'>τυπικῶς</span> <span class='ocrx_word' id='word_1_518' title='bbox 887 4183 975 4238; x_wconf 77' lang='grc' dir='ltr'>καὶ</span> <span class='ocrx_word' id='word_1_519' title='bbox 1033 4182 1332 4256; x_wconf 81' lang='grc' dir='ltr'>μυστικῶς,</span> <span class='ocrx_word' id='word_1_520' title='bbox 1381 4180 1448 4235; x_wconf 69' lang='grc' dir='ltr'>τὶ</span> <span class='ocrx_word' id='word_1_521' title='bbox 1498 4177 1556 4235; x_wconf 73' lang='grc' dir='ltr'>δὲ</span> <span class='ocrx_word' id='word_1_522' title='bbox 1602 4180 1797 4256; x_wconf 71' lang='grc' dir='ltr'>ὕστερα</span> <span class='ocrx_word' id='word_1_523' title='bbox 1843 4200 2020 4253; x_wconf 87' lang='grc' dir='ltr'>παρα-</span> 
     </span>
    </p>
   </div>
   <div class='ocr_carea' id='block_1_79' title="bbox 2203 4089 3783 4162">
    <p class='ocr_par' dir='ltr' id='par_1_79' title="bbox 2203 4089 3783 4162">
     <span class='ocr_line' id='line_1_79' title="bbox 2203 4089 3783 4162; baseline -0.001 -16"><span class='ocrx_word' id='word_1_524' title='bbox 2203 4090 2396 4146; x_wconf 85' lang='lat' dir='ltr'>LXVI.</span> <span class='ocrx_word' id='word_1_525' title='bbox 2429 4089 2692 4146; x_wconf 85' lang='lat' dir='ltr'>Salvator</span> <span class='ocrx_word' id='word_1_526' title='bbox 2723 4089 3019 4162; x_wconf 88' lang='lat' dir='ltr'>apostolos</span> <span class='ocrx_word' id='word_1_527' title='bbox 3051 4090 3293 4147; x_wconf 83' lang='lat' dir='ltr'>docebat</span> <span class='ocrx_word' id='word_1_528' title='bbox 3323 4089 3512 4162; x_wconf 85' lang='lat' dir='ltr'>primo</span> <span class='ocrx_word' id='word_1_529' title='bbox 3544 4089 3783 4161; x_wconf 87' lang='lat' dir='ltr'>quidem</span> 
     </span>
    </p>
   </div>
   <div class='ocr_carea' id='block_1_80' title="bbox 2130 4178 3784 4256">
    <p class='ocr_par' dir='ltr' id='par_1_80' title="bbox 2130 4178 3784 4256">
     <span class='ocr_line' id='line_1_80' title="bbox 2130 4178 3784 4256; baseline -0.004 -19"><span class='ocrx_word' id='word_1_530' title='bbox 2130 4181 2320 4256; x_wconf 84' lang='lat' dir='ltr'>typice</span> <span class='ocrx_word' id='word_1_531' title='bbox 2350 4197 2414 4236; x_wconf 84' lang='lat' dir='ltr'>ac</span> <span class='ocrx_word' id='word_1_532' title='bbox 2448 4179 2716 4252; x_wconf 85' lang='lat' dir='ltr'>mystice,</span> <span class='ocrx_word' id='word_1_533' title='bbox 2747 4179 2881 4235; x_wconf 87' lang='lat' dir='ltr'>dein</span> <span class='ocrx_word' id='word_1_534' title='bbox 2933 4196 3066 4235; x_wconf 90' lang='lat' dir='ltr'>vero</span> <span class='ocrx_word' id='word_1_535' title='bbox 3094 4178 3390 4250; x_wconf 86' lang='lat' dir='ltr'>parabolis</span> <span class='ocrx_word' id='word_1_536' title='bbox 3439 4183 3612 4250; x_wconf 87' lang='lat' dir='ltr'>atque</span> <span class='ocrx_word' id='word_1_537' title='bbox 3642 4178 3784 4234; x_wconf 72' lang='lat' dir='ltr'>aani-</span> 
     </span>
    </p>
   </div>
   <div class='ocr_carea' id='block_1_81' title="bbox 364 4267 2012 4349">
    <p class='ocr_par' dir='ltr' id='par_1_81' title="bbox 364 4267 2012 4349">
     <span class='ocr_line' id='line_1_81' title="bbox 364 4267 2012 4349; baseline -0.003 -20"><span class='ocrx_word' id='word_1_538' title='bbox 364 4271 606 4338; x_wconf 77' lang='grc' dir='ltr'>ϐολικῶς</span> <span class='ocrx_word' id='word_1_539' title='bbox 627 4272 720 4328; x_wconf 82' lang='grc' dir='ltr'>καὶ</span> <span class='ocrx_word' id='word_1_540' title='bbox 747 4271 1080 4347; x_wconf 74' lang='grc' dir='ltr'>ᾐνιγμένως,</span> <span class='ocrx_word' id='word_1_541' title='bbox 1102 4269 1170 4326; x_wconf 68' lang='grc' dir='ltr'>τὰ</span> <span class='ocrx_word' id='word_1_542' title='bbox 1201 4267 1258 4325; x_wconf 77' lang='grc' dir='ltr'>δὲ</span> <span class='ocrx_word' id='word_1_543' title='bbox 1285 4269 1440 4348; x_wconf 85' lang='grc' dir='ltr'>τρίτα</span> <span class='ocrx_word' id='word_1_544' title='bbox 1469 4274 1653 4349; x_wconf 88' lang='grc' dir='ltr'>σαφῶς</span> <span class='ocrx_word' id='word_1_545' title='bbox 1683 4269 1772 4325; x_wconf 78' lang='grc' dir='ltr'>καὶ</span> <span class='ocrx_word' id='word_1_546' title='bbox 1799 4274 2012 4346; x_wconf 75' lang='grc' dir='ltr'>γυμνῶς</span> 
     </span>
    </p>
   </div>
   <div class='ocr_carea' id='block_1_82' title="bbox 2131 4267 3786 4349">
    <p class='ocr_par' dir='ltr' id='par_1_82' title="bbox 2131 4267 3786 4345">
     <span class='ocr_line' id='line_1_82' title="bbox 2131 4267 3786 4345; baseline -0.004 -19"><span class='ocrx_word' id='word_1_547' title='bbox 2131 4271 2406 4345; x_wconf 88' lang='lat' dir='ltr'>gmatice,</span> <span class='ocrx_word' id='word_1_548' title='bbox 2457 4274 2753 4341; x_wconf 88' lang='lat' dir='ltr'>postremo</span> <span class='ocrx_word' id='word_1_549' title='bbox 2785 4267 2938 4322; x_wconf 90' lang='lat' dir='ltr'>clare</span> <span class='ocrx_word' id='word_1_550' title='bbox 2987 4271 3046 4322; x_wconf 91' lang='lat' dir='ltr'>et</span> <span class='ocrx_word' id='word_1_551' title='bbox 3075 4267 3231 4322; x_wconf 90' lang='lat' dir='ltr'>nude</span> <span class='ocrx_word' id='word_1_552' title='bbox 3273 4267 3520 4322; x_wconf 91' lang='lat' dir='ltr'>seorsim</span> <span class='ocrx_word' id='word_1_553' title='bbox 3556 4281 3786 4321; x_wconf 88' lang='lat' dir='ltr'>assum-</span> 
     </span>
    </p>
   </div>
   <div class='ocr_carea' id='block_1_83' title="bbox 365 4361 859 4436">
    <p class='ocr_par' dir='ltr' id='par_1_83' title="bbox 365 4361 859 4436">
     <span class='ocr_line' id='line_1_83' title="bbox 365 4361 859 4436; baseline 0.002 -18"><span class='ocrx_word' id='word_1_554' title='bbox 365 4361 503 4418; x_wconf 80' lang='grc' dir='ltr'>κατὰ</span> <span class='ocrx_word' id='word_1_555' title='bbox 527 4363 692 4434; x_wconf 84' lang='grc' dir='ltr'>μόνας</span> <span class='ocrx_word' id='word_1_556' title='bbox 723 4362 859 4436; x_wconf 83' lang='grc'>(13).</span> 
     </span>
    </p>
   </div>
   <div class='ocr_carea' id='block_1_84' title="bbox 438 4446 2026 4527">
    <p class='ocr_par' dir='ltr' id='par_1_84' title="bbox 438 4446 2026 4527">
     <span class='ocr_line' id='line_1_84' title="bbox 438 4446 2026 4527; baseline -0.003 -21"><span class='ocrx_word' id='word_1_557' title='bbox 438 4451 562 4507; x_wconf 83' lang='grc' dir='ltr'>ΞΖ’.</span> <span class='ocrx_word' id='word_1_558' title='bbox 595 4451 724 4508; x_wconf 70' lang='grc' dir='ltr'>’Ότι</span> <span class='ocrx_word' id='word_1_559' title='bbox 765 4451 906 4524; x_wconf 81' lang='grc' dir='ltr'>ἦμεν</span> <span class='ocrx_word' id='word_1_560' title='bbox 958 4447 1012 4504; x_wconf 82' lang='grc' dir='ltr'>έν</span> <span class='ocrx_word' id='word_1_561' title='bbox 1058 4451 1127 4514; x_wconf 79' lang='grc' dir='ltr'>τῆ</span> <span class='ocrx_word' id='word_1_562' title='bbox 1175 4449 1357 4525; x_wconf 84' lang='grc' dir='ltr'>σαρκὶ,</span> <span class='ocrx_word' id='word_1_563' title='bbox 1391 4448 1555 4527; x_wconf 85' lang='grc' dir='ltr'>φησὶν</span> <span class='ocrx_word' id='word_1_564' title='bbox 1605 4449 1633 4503; x_wconf 86' lang='grc' dir='ltr'>ὁ</span> <span class='ocrx_word' id='word_1_565' title='bbox 1659 4446 2026 4518; x_wconf 87' lang='grc' dir='ltr'>Ἀπόστολος,</span> 
     </span>
    </p>
   </div>
   <div class='ocr_carea' id='block_1_85' title="bbox 363 4533 2025 4616">
    <p class='ocr_par' dir='ltr' id='par_1_85' title="bbox 363 4533 2025 4616">
     <span class='ocr_line' id='line_1_85' title="bbox 363 4533 2025 4616; baseline -0.003 -21"><span class='ocrx_word' id='word_1_566' title='bbox 363 4537 549 4616; x_wconf 79' lang='grc' dir='ltr'>ὥσπερ</span> <span class='ocrx_word' id='word_1_567' title='bbox 596 4533 697 4612; x_wconf 82' lang='grc' dir='ltr'>ἔξω</span> <span class='ocrx_word' id='word_1_568' title='bbox 735 4542 832 4593; x_wconf 91' lang='grc' dir='ltr'>τοῦ</span> <span class='ocrx_word' id='word_1_569' title='bbox 886 4538 1140 4612; x_wconf 86' lang='grc' dir='ltr'>σώματος</span> <span class='ocrx_word' id='word_1_570' title='bbox 1171 4533 1282 4608; x_wconf 68' lang='grc' dir='ltr'>ἤδη</span> <span class='ocrx_word' id='word_1_571' title='bbox 1314 4533 1524 4591; x_wconf 88' lang='grc' dir='ltr'>λαλῶν.</span> <span class='ocrx_word' id='word_1_572' title='bbox 1562 4535 1744 4613; x_wconf 87' lang='grc' dir='ltr'>Σάρκα</span> <span class='ocrx_word' id='word_1_573' title='bbox 1791 4533 1883 4590; x_wconf 81' lang='grc' dir='ltr'>οῦν</span> <span class='ocrx_word' id='word_1_574' title='bbox 1934 4534 2025 4591; x_wconf 88' lang='grc' dir='ltr'>λέ-</span> 
     </span>
    </p>
   </div>
   <div class='ocr_carea' id='block_1_86' title="bbox 2135 4365 3786 4518">
    <p class='ocr_par' dir='ltr' id='par_1_86' title="bbox 2135 4365 3786 4518">
     <span class='ocr_line' id='line_1_86' title="bbox 2135 4365 3786 4518; baseline -0.001 -16"><span class='ocrx_word' id='word_1_575' title='bbox 2135 4365 2427 4504; x_wconf 60' lang='grc' dir='ltr'>ΡἚὶνιι.</span> <span class='ocrx_word' id='word_1_576' title='bbox 2459 4447 2603 4504; x_wconf 92' lang='lat' dir='ltr'>Cum</span> <span class='ocrx_word' id='word_1_577' title='bbox 2627 4463 2894 4503; x_wconf 83' lang='lat' dir='ltr'>essemus</span> <span class='ocrx_word' id='word_1_578' title='bbox 2919 4445 2974 4500; x_wconf 79' lang='lat' dir='ltr'>in</span> <span class='ocrx_word' id='word_1_579' title='bbox 3007 4445 3286 4517; x_wconf 83' lang='lat' dir='ltr'>carne(h),</span> <span class='ocrx_word' id='word_1_580' title='bbox 3311 4445 3504 4518; x_wconf 92' lang='lat' dir='ltr'>inquit</span> <span class='ocrx_word' id='word_1_581' title='bbox 3536 4447 3786 4518; x_wconf 88' lang='lat' dir='ltr'>Aposto-</span> 
     </span>
    </p>
   </div>
   <div class='ocr_carea' id='block_1_87' title="bbox 2138 4534 3784 4609">
    <p class='ocr_par' dir='ltr' id='par_1_87' title="bbox 2138 4534 3784 4609">
     <span class='ocr_line' id='line_1_87' title="bbox 2138 4534 3784 4609; baseline -0.003 -15"><span class='ocrx_word' id='word_1_582' title='bbox 2138 4539 2252 4607; x_wconf 87' lang='lat' dir='ltr'>lus,</span> <span class='ocrx_word' id='word_1_583' title='bbox 2287 4537 2451 4609; x_wconf 89' lang='lat' dir='ltr'>quasi</span> <span class='ocrx_word' id='word_1_584' title='bbox 2495 4537 2622 4608; x_wconf 89' lang='lat' dir='ltr'>jam</span> <span class='ocrx_word' id='word_1_585' title='bbox 2655 4540 2815 4591; x_wconf 88' lang='lat' dir='ltr'>extra</span> <span class='ocrx_word' id='word_1_586' title='bbox 2867 4551 3080 4607; x_wconf 90' lang='lat' dir='ltr'>corpus</span> <span class='ocrx_word' id='word_1_587' title='bbox 3129 4534 3488 4606; x_wconf 88' lang='lat' dir='ltr'>loqueretur.</span> <span class='ocrx_word' id='word_1_588' title='bbox 3537 4535 3784 4591; x_wconf 89' lang='lat' dir='ltr'>Carnem</span> 
     </span>
    </p>
   </div>
   <div class='ocr_carea' id='block_1_88' title="bbox 362 4622 2012 4708">
    <p class='ocr_par' dir='ltr' id='par_1_88' title="bbox 362 4624 2012 4708">
     <span class='ocr_line' id='line_1_88' title="bbox 362 4624 2012 4708; baseline -0.005 -23"><span class='ocrx_word' id='word_1_589' title='bbox 362 4651 478 4706; x_wconf 84' lang='grc' dir='ltr'>γειν</span> <span class='ocrx_word' id='word_1_590' title='bbox 512 4628 676 4685; x_wconf 76' lang='grc' dir='ltr'>αὐτόν</span> <span class='ocrx_word' id='word_1_591' title='bbox 700 4648 860 4708; x_wconf 85' lang='grc' dir='ltr'>φασιν</span> <span class='ocrx_word' id='word_1_592' title='bbox 889 4625 1100 4699; x_wconf 74' lang='grc' dir='ltr'>ἐκείνην</span> <span class='ocrx_word' id='word_1_593' title='bbox 1145 4627 1246 4696; x_wconf 78' lang='grc' dir='ltr'>τὴν</span> <span class='ocrx_word' id='word_1_594' title='bbox 1293 4624 1595 4694; x_wconf 77' lang='grc' dir='ltr'>ἀσθένειαν,</span> <span class='ocrx_word' id='word_1_595' title='bbox 1623 4627 1723 4694; x_wconf 81' lang='grc' dir='ltr'>τὴν</span> <span class='ocrx_word' id='word_1_596' title='bbox 1775 4626 1880 4680; x_wconf 82' lang='grc' dir='ltr'>ἀπὸ</span> <span class='ocrx_word' id='word_1_597' title='bbox 1929 4631 2012 4694; x_wconf 82' lang='grc' dir='ltr'>τῆ‹</span> 
     </span>
    </p>
   </div>
   <div class='ocr_carea' id='block_1_89' title="bbox 2131 4622 3788 4708">
    <p class='ocr_par' dir='ltr' id='par_1_89' title="bbox 2138 4622 3788 4702">
     <span class='ocr_line' id='line_1_89' title="bbox 2138 4622 3788 4702; baseline -0.002 -20"><span class='ocrx_word' id='word_1_598' title='bbox 2138 4628 2322 4702; x_wconf 87' lang='lat' dir='ltr'>igitur</span> <span class='ocrx_word' id='word_1_599' title='bbox 2361 4631 2551 4694; x_wconf 91' lang='lat' dir='ltr'>vocat,</span> <span class='ocrx_word' id='word_1_600' title='bbox 2582 4625 2883 4696; x_wconf 89' lang='lat' dir='ltr'>inquiunt,</span> <span class='ocrx_word' id='word_1_601' title='bbox 2925 4623 3330 4680; x_wconf 84' lang='lat' dir='ltr'>inﬁrmitatem</span> <span class='ocrx_word' id='word_1_602' title='bbox 3380 4622 3542 4679; x_wconf 89' lang='lat' dir='ltr'>illam</span> <span class='ocrx_word' id='word_1_603' title='bbox 3593 4641 3722 4696; x_wconf 65' lang='lat' dir='ltr'>qua;</span> <span class='ocrx_word' id='word_1_604' title='bbox 3755 4641 3788 4679; x_wconf 89' lang='lat' dir='ltr'>a</span> 
     </span>
    </p>
   </div>
   <div class='ocr_carea' id='block_1_90' title="bbox 364 4712 2012 4796">
    <p class='ocr_par' dir='ltr' id='par_1_90' title="bbox 364 4712 2012 4796">
     <span class='ocr_line' id='line_1_90' title="bbox 364 4712 2012 4796; baseline -0.003 -21"><span class='ocrx_word' id='word_1_605' title='bbox 364 4719 477 4775; x_wconf 80' lang='grc' dir='ltr'>ἂνω</span> <span class='ocrx_word' id='word_1_606' title='bbox 521 4719 795 4796; x_wconf 24' lang='grc' dir='ltr'>,γυναικὸς</span> <span class='ocrx_word' id='word_1_607' title='bbox 844 4712 1155 4792; x_wconf 76' lang='grc' dir='ltr'>προϐολήν.</span> <span class='ocrx_word' id='word_1_608' title='bbox 1206 4715 1309 4772; x_wconf 85' lang='grc' dir='ltr'>Καὶ</span> <span class='ocrx_word' id='word_1_609' title='bbox 1370 4716 1494 4770; x_wconf 78' lang='grc' dir='ltr'>ὅταν</span> <span class='ocrx_word' id='word_1_610' title='bbox 1555 4717 1583 4769; x_wconf 86' lang='grc' dir='ltr'>ὁ</span> <span class='ocrx_word' id='word_1_611' title='bbox 1633 4715 1829 4790; x_wconf 72' lang='grc' dir='ltr'>Σωτὴρ</span> <span class='ocrx_word' id='word_1_612' title='bbox 1886 4715 2012 4788; x_wconf 71' lang='grc' dir='ltr'>πρὸς</span> 
     </span>
    </p>
   </div>
   <div class='ocr_carea' id='block_1_91' title="bbox 2131 4712 3790 4796">
    <p class='ocr_par' dir='ltr' id='par_1_91' title="bbox 2132 4713 3790 4790">
     <span class='ocr_line' id='line_1_91' title="bbox 2132 4713 3790 4790; baseline -0.002 -18"><span class='ocrx_word' id='word_1_613' title='bbox 2132 4715 2454 4790; x_wconf 85' lang='lat' dir='ltr'>propagine</span> <span class='ocrx_word' id='word_1_614' title='bbox 2486 4714 2686 4787; x_wconf 63' lang='lat' dir='ltr'>prima:</span> <span class='ocrx_word' id='word_1_615' title='bbox 2710 4713 2978 4770; x_wconf 84' lang='lat' dir='ltr'>mulieris</span> <span class='ocrx_word' id='word_1_616' title='bbox 3012 4713 3139 4769; x_wconf 84' lang='lat' dir='ltr'>fuit.</span> <span class='ocrx_word' id='word_1_617' title='bbox 3164 4714 3234 4768; x_wconf 87' lang='lat' dir='ltr'>Et</span> <span class='ocrx_word' id='word_1_618' title='bbox 3263 4731 3396 4769; x_wconf 91' lang='lat' dir='ltr'>cum</span> <span class='ocrx_word' id='word_1_619' title='bbox 3427 4713 3688 4769; x_wconf 83' lang='lat' dir='ltr'>Salvator</span> <span class='ocrx_word' id='word_1_620' title='bbox 3708 4714 3790 4768; x_wconf 93' lang='lat' dir='ltr'>ait</span> 
     </span>
    </p>
   </div>
   <div class='ocr_carea' id='block_1_92' title="bbox 368 4802 2025 4882">
    <p class='ocr_par' dir='ltr' id='par_1_92' title="bbox 368 4802 2025 4882">
     <span class='ocr_line' id='line_1_92' title="bbox 368 4802 2025 4882; baseline -0.005 -17"><span class='ocrx_word' id='word_1_621' title='bbox 368 4806 655 4882; x_wconf 75' lang='grc' dir='ltr'>Σαλώμην</span> <span class='ocrx_word' id='word_1_622' title='bbox 718 4809 833 4880; x_wconf 76' lang='grc'>(14)</span> <span class='ocrx_word' id='word_1_623' title='bbox 903 4805 1085 4882; x_wconf 74' lang='grc' dir='ltr'>λέγῃ,</span> <span class='ocrx_word' id='word_1_624' title='bbox 1146 4806 1313 4881; x_wconf 86' lang='grc' dir='ltr'>μέχρι</span> <span class='ocrx_word' id='word_1_625' title='bbox 1379 4803 1504 4860; x_wconf 79' lang='grc' dir='ltr'>τότε</span> <span class='ocrx_word' id='word_1_626' title='bbox 1569 4804 1699 4859; x_wconf 78' lang='grc' dir='ltr'>εἶναι</span> <span class='ocrx_word' id='word_1_627' title='bbox 1777 4802 2025 4872; x_wconf 81' lang='grc' dir='ltr'>θάνατον,</span> 
     </span>
    </p>
   </div>
   <div class='ocr_carea' id='block_1_93' title="bbox 365 4893 2030 4975">
    <p class='ocr_par' dir='ltr' id='par_1_93' title="bbox 365 4893 2030 4975">
     <span class='ocr_line' id='line_1_93' title="bbox 365 4893 2030 4975; baseline -0.002 -22"><span class='ocrx_word' id='word_1_628' title='bbox 365 4897 532 4975; x_wconf 77' lang='grc' dir='ltr'>ἄχρις</span> <span class='ocrx_word' id='word_1_629' title='bbox 564 4896 624 4952; x_wconf 72' lang='grc' dir='ltr'>ἂν</span> <span class='ocrx_word' id='word_1_630' title='bbox 657 4897 712 4952; x_wconf 75' lang='grc' dir='ltr'>αἱ</span> <span class='ocrx_word' id='word_1_631' title='bbox 741 4901 992 4973; x_wconf 81' lang='grc' dir='ltr'>γυναῖκες</span> <span class='ocrx_word' id='word_1_632' title='bbox 1041 4896 1319 4963; x_wconf 83' lang='grc' dir='ltr'>τίκτωσιν,</span> <span class='ocrx_word' id='word_1_633' title='bbox 1361 4893 1424 4949; x_wconf 73' lang='grc' dir='ltr'>οὐ</span> <span class='ocrx_word' id='word_1_634' title='bbox 1469 4895 1570 4964; x_wconf 83' lang='grc' dir='ltr'>τὴν</span> <span class='ocrx_word' id='word_1_635' title='bbox 1617 4895 1824 4970; x_wconf 84' lang='grc' dir='ltr'>γένεσιν</span> <span class='ocrx_word' id='word_1_636' title='bbox 1877 4893 2030 4949; x_wconf 90' lang='grc' dir='ltr'>κακί-</span> 
     </span>
    </p>
   </div>
   <div class='ocr_carea' id='block_1_94' title="bbox 2139 4801 3791 4874">
    <p class='ocr_par' dir='ltr' id='par_1_94' title="bbox 2139 4801 3791 4874">
     <span class='ocr_line' id='line_1_94' title="bbox 2139 4801 3791 4874; baseline -0.004 -10"><span class='ocrx_word' id='word_1_637' title='bbox 2139 4805 2408 4874; x_wconf 73' lang='lat' dir='ltr'>Salomze,</span> <span class='ocrx_word' id='word_1_638' title='bbox 2462 4803 2666 4859; x_wconf 89' lang='lat' dir='ltr'>tandiu</span> <span class='ocrx_word' id='word_1_639' title='bbox 2727 4807 2974 4859; x_wconf 79' lang='lat' dir='ltr'>mostem</span> <span class='ocrx_word' id='word_1_640' title='bbox 3027 4803 3169 4870; x_wconf 80' lang='lat' dir='ltr'>fore,</span> <span class='ocrx_word' id='word_1_641' title='bbox 3205 4803 3468 4874; x_wconf 87' lang='lat' dir='ltr'>quandiu</span> <span class='ocrx_word' id='word_1_642' title='bbox 3514 4801 3791 4858; x_wconf 87' lang='lat' dir='ltr'>mulieres</span> 
     </span>
    </p>
   </div>
   <div class='ocr_carea' id='block_1_95' title="bbox 2140 4892 3788 4968">
    <p class='ocr_par' dir='ltr' id='par_1_95' title="bbox 2140 4892 3788 4968">
     <span class='ocr_line' id='line_1_95' title="bbox 2140 4892 3788 4968; baseline -0.003 -18"><span class='ocrx_word' id='word_1_643' title='bbox 2140 4897 2434 4968; x_wconf 87' lang='lat' dir='ltr'>parerent,</span> <span class='ocrx_word' id='word_1_644' title='bbox 2485 4911 2598 4948; x_wconf 89' lang='lat' dir='ltr'>non</span> <span class='ocrx_word' id='word_1_645' title='bbox 2643 4893 2811 4964; x_wconf 88' lang='lat' dir='ltr'>quasi</span> <span class='ocrx_word' id='word_1_646' title='bbox 2865 4893 3298 4965; x_wconf 87' lang='lat' dir='ltr'>generationem</span> <span class='ocrx_word' id='word_1_647' title='bbox 3351 4892 3788 4958; x_wconf 87' lang='lat' dir='ltr'>criminaretur,</span> 
     </span>
    </p>
   </div>
   <div class='ocr_carea' id='block_1_96' title="bbox 371 4978 2012 5064">
    <p class='ocr_par' dir='ltr' id='par_1_96' title="bbox 371 4981 2012 5064">
     <span class='ocr_line' id='line_1_96' title="bbox 371 4981 2012 5064; baseline -0.002 -22"><span class='ocrx_word' id='word_1_648' title='bbox 371 4992 476 5058; x_wconf 81' lang='grc' dir='ltr'>ζων</span> <span class='ocrx_word' id='word_1_649' title='bbox 523 4983 733 5064; x_wconf 73' lang='grc' dir='ltr'>ἔλεγεν,</span> <span class='ocrx_word' id='word_1_650' title='bbox 764 4984 1074 5062; x_wconf 83' lang='grc' dir='ltr'>ἀναγκαίων</span> <span class='ocrx_word' id='word_1_651' title='bbox 1117 4982 1277 5040; x_wconf 84' lang='grc' dir='ltr'>οῦσαν</span> <span class='ocrx_word' id='word_1_652' title='bbox 1321 4981 1409 5040; x_wconf 77' lang='grc' dir='ltr'>διὰ</span> <span class='ocrx_word' id='word_1_653' title='bbox 1454 4984 1554 5053; x_wconf 84' lang='grc' dir='ltr'>τὴν</span> <span class='ocrx_word' id='word_1_654' title='bbox 1608 4982 1880 5060; x_wconf 77' lang='grc' dir='ltr'>σωτηρίαν</span> <span class='ocrx_word' id='word_1_655' title='bbox 1919 4988 2012 5039; x_wconf 57' lang='grc' dir='ltr'>τῶι</span> 
     </span>
    </p>
   </div>
   <div class='ocr_carea' id='block_1_97' title="bbox 2131 4978 3787 5064">
    <p class='ocr_par' dir='ltr' id='par_1_97' title="bbox 2143 4978 3787 5054">
     <span class='ocr_line' id='line_1_97' title="bbox 2143 4978 3787 5054; baseline -0.005 -15"><span class='ocrx_word' id='word_1_656' title='bbox 2143 4982 2428 5052; x_wconf 73' lang='lat' dir='ltr'>hocdixil,</span> <span class='ocrx_word' id='word_1_657' title='bbox 2464 4998 2590 5054; x_wconf 72' lang='lat' dir='ltr'>qum</span> <span class='ocrx_word' id='word_1_658' title='bbox 2623 4981 2693 5036; x_wconf 89' lang='lat' dir='ltr'>ad</span> <span class='ocrx_word' id='word_1_659' title='bbox 2728 4982 2976 5036; x_wconf 83' lang='lat' dir='ltr'>salutem</span> <span class='ocrx_word' id='word_1_660' title='bbox 3005 4980 3262 5035; x_wconf 87' lang='lat' dir='ltr'>tidelium</span> <span class='ocrx_word' id='word_1_661' title='bbox 3297 4983 3388 5035; x_wconf 90' lang='lat' dir='ltr'>est</span> <span class='ocrx_word' id='word_1_662' title='bbox 3415 4978 3787 5034; x_wconf 79' lang='lat' dir='ltr'>necessaria:</span> 
     </span>
    </p>
   </div>
   <div class='ocr_carea' id='block_1_98' title="bbox 369 5068 2012 5152">
    <p class='ocr_par' dir='ltr' id='par_1_98' title="bbox 369 5069 2012 5152">
     <span class='ocr_line' id='line_1_98' title="bbox 369 5069 2012 5152; baseline -0.003 -21"><span class='ocrx_word' id='word_1_663' title='bbox 369 5076 731 5133; x_wconf 84' lang='grc' dir='ltr'>πιστευόντων</span> <span class='ocrx_word' id='word_1_664' title='bbox 759 5093 774 5111; x_wconf 76' lang='grc' dir='ltr'><strong><em>ο</em></strong></span> <span class='ocrx_word' id='word_1_665' title='bbox 809 5073 891 5131; x_wconf 85' lang='grc' dir='ltr'>δεῖ</span> <span class='ocrx_word' id='word_1_666' title='bbox 925 5075 1026 5152; x_wconf 80' lang='grc' dir='ltr'>γὰρ</span> <span class='ocrx_word' id='word_1_667' title='bbox 1061 5074 1196 5130; x_wconf 78' lang='grc' dir='ltr'>εἶναι</span> <span class='ocrx_word' id='word_1_668' title='bbox 1224 5075 1324 5145; x_wconf 81' lang='grc' dir='ltr'>τὴν</span> <span class='ocrx_word' id='word_1_669' title='bbox 1357 5072 1565 5149; x_wconf 80' lang='grc' dir='ltr'>γένεσιν</span> <span class='ocrx_word' id='word_1_670' title='bbox 1608 5070 1835 5144; x_wconf 76' lang='grc' dir='ltr'>ταύτην,</span> <span class='ocrx_word' id='word_1_671' title='bbox 1866 5069 2012 5149; x_wconf 70' lang='grc' dir='ltr'>ἄχρι.</span> 
     </span>
    </p>
   </div>
   <div class='ocr_carea' id='block_1_99' title="bbox 2131 5068 3785 5152">
    <p class='ocr_par' dir='ltr' id='par_1_99' title="bbox 2141 5068 3785 5145">
     <span class='ocr_line' id='line_1_99' title="bbox 2141 5068 3785 5145; baseline -0.004 -17"><span class='ocrx_word' id='word_1_672' title='bbox 2141 5075 2370 5145; x_wconf 90' lang='lat' dir='ltr'>oportet</span> <span class='ocrx_word' id='word_1_673' title='bbox 2390 5069 2547 5127; x_wconf 87' lang='lat' dir='ltr'>enim</span> <span class='ocrx_word' id='word_1_674' title='bbox 2572 5070 3011 5143; x_wconf 87' lang='lat' dir='ltr'>generationem</span> <span class='ocrx_word' id='word_1_675' title='bbox 3035 5070 3186 5126; x_wconf 85' lang='lat' dir='ltr'>hanc</span> <span class='ocrx_word' id='word_1_676' title='bbox 3206 5083 3356 5138; x_wconf 87' lang='lat' dir='ltr'>esse,</span> <span class='ocrx_word' id='word_1_677' title='bbox 3381 5068 3565 5124; x_wconf 88' lang='lat' dir='ltr'>donec</span> <span class='ocrx_word' id='word_1_678' title='bbox 3585 5082 3785 5123; x_wconf 87' lang='lat' dir='ltr'>semen</span> 
     </span>
    </p>
   </div>
   <div class='ocr_carea' id='block_1_100' title="bbox 470 5304 2012 5386">
    <p class='ocr_par' dir='ltr' id='par_1_100' title="bbox 470 5311 2012 5386">
     <span class='ocr_line' id='line_1_100' title="bbox 470 5311 2012 5386; baseline -0.006 -9"><span class='ocrx_word' id='word_1_679' title='bbox 470 5318 534 5385; x_wconf 68' lang='grc' dir='ltr'>ιι(</span> <span class='ocrx_word' id='word_1_680' title='bbox 564 5318 628 5376; x_wconf 92' lang='grc' dir='ltr'>Ρ.</span> <span class='ocrx_word' id='word_1_681' title='bbox 658 5316 769 5374; x_wconf 85' lang='grc'>975</span> <span class='ocrx_word' id='word_1_682' title='bbox 814 5314 1116 5374; x_wconf 86' lang='lat' dir='ltr'>POTTER.</span> <span class='ocrx_word' id='word_1_683' title='bbox 1167 5314 1276 5370; x_wconf 90' lang='lat' dir='ltr'>ED.</span> <span class='ocrx_word' id='word_1_684' title='bbox 1308 5315 1388 5386; x_wconf 76' lang='grc' dir='ltr'>(α)</span> <span class='ocrx_word' id='word_1_685' title='bbox 1418 5313 1573 5386; x_wconf 85' lang='lat' dir='ltr'>Psal.</span> <span class='ocrx_word' id='word_1_686' title='bbox 1619 5317 1818 5386; x_wconf 13' lang='lat' dir='ltr'>cxx,it.</span> <span class='ocrx_word' id='word_1_687' title='bbox 1850 5311 1923 5386; x_wconf 87' lang='lat' dir='ltr'>(b)</span> <span class='ocrx_word' id='word_1_688' title='bbox 1961 5317 2012 5386; x_wconf 79' lang='lat' dir='ltr'><strong><em>_A</em></strong></span> 
     </span>
    </p>
   </div>
   <div class='ocr_carea' id='block_1_101' title="bbox 2131 5304 3785 5386">
    <p class='ocr_par' dir='ltr' id='par_1_101' title="bbox 2141 5304 3785 5386">
     <span class='ocr_line' id='line_1_101' title="bbox 2141 5304 3785 5386; baseline -0.002 -20"><span class='ocrx_word' id='word_1_689' title='bbox 2141 5327 2228 5372; x_wconf 87' lang='grc' dir='ltr'>ιιι.</span> <span class='ocrx_word' id='word_1_690' title='bbox 2275 5310 2367 5386; x_wconf 57' lang='lat'>2}.</span> <span class='ocrx_word' id='word_1_691' title='bbox 2403 5307 2653 5386; x_wconf 23' lang='lat' dir='ltr'>(c)AZach</span> <span class='ocrx_word' id='word_1_692' title='bbox 2703 5324 2803 5377; x_wconf 88' lang='lat' dir='ltr'>xu,</span> <span class='ocrx_word' id='word_1_693' title='bbox 2840 5309 2924 5386; x_wconf 72' lang='lat'>19.</span> <span class='ocrx_word' id='word_1_694' title='bbox 2958 5307 3040 5380; x_wconf 78' lang='grc' dir='ltr'>(α)</span> <span class='ocrx_word' id='word_1_695' title='bbox 3085 5305 3256 5363; x_wconf 89' lang='lat' dir='ltr'>Joan.</span> <span class='ocrx_word' id='word_1_696' title='bbox 3288 5321 3404 5374; x_wconf 70' lang='lat' dir='ltr'><strong>xxx,</strong></span> <span class='ocrx_word' id='word_1_697' title='bbox 3435 5304 3504 5360; x_wconf 91' lang='lat'>37</span> <span class='ocrx_word' id='word_1_698' title='bbox 3527 5321 3542 5373; x_wconf 89' lang='lat'><strong>;</strong></span> <span class='ocrx_word' id='word_1_699' title='bbox 3575 5307 3656 5360; x_wconf 84' lang='lat' dir='ltr'>Ex</span> <span class='ocrx_word' id='word_1_700' title='bbox 3682 5321 3785 5373; x_wconf 84' lang='lat' dir='ltr'>vn,</span> 
     </span>
    </p>
   </div>
   <div class='ocr_carea' id='block_1_102' title="bbox 362 5379 2012 5463">
    <p class='ocr_par' dir='ltr' id='par_1_102' title="bbox 362 5379 2012 5463">
     <span class='ocr_line' id='line_1_102' title="bbox 362 5379 2012 5463; baseline -0.004 -17"><span class='ocrx_word' id='word_1_701' title='bbox 362 5391 454 5447; x_wconf 74' lang='lat'>46.</span> <span class='ocrx_word' id='word_1_702' title='bbox 485 5379 558 5463; x_wconf 55' lang='lat' dir='ltr'>te)</span> <span class='ocrx_word' id='word_1_703' title='bbox 589 5394 731 5448; x_wconf 82' lang='lat' dir='ltr'>Luc.</span> <span class='ocrx_word' id='word_1_704' title='bbox 763 5405 929 5460; x_wconf 76' lang='lat' dir='ltr'>nm,</span> <span class='ocrx_word' id='word_1_705' title='bbox 957 5387 1045 5444; x_wconf 76' lang='grc'>46.</span> <span class='ocrx_word' id='word_1_706' title='bbox 1081 5387 1148 5460; x_wconf 81' lang='lat' dir='ltr'>(f)</span> <span class='ocrx_word' id='word_1_707' title='bbox 1177 5379 1346 5444; x_wconf 82' lang='lat' dir='ltr'>Joan.</span> <span class='ocrx_word' id='word_1_708' title='bbox 1370 5379 1442 5456; x_wconf 86' lang='grc' dir='ltr'>ἰι,</span> <span class='ocrx_word' id='word_1_709' title='bbox 1473 5385 1548 5450; x_wconf 82' lang='grc'>8;</span> <span class='ocrx_word' id='word_1_710' title='bbox 1580 5401 1666 5453; x_wconf 83' lang='grc' dir='ltr'>ιιι,</span> <span class='ocrx_word' id='word_1_711' title='bbox 1695 5379 1786 5440; x_wconf 83' lang='grc'>29.</span> <span class='ocrx_word' id='word_1_712' title='bbox 1819 5379 1896 5457; x_wconf 68' lang='grc' dir='ltr'>(ῤ)</span> <span class='ocrx_word' id='word_1_713' title='bbox 1951 5383 2012 5440; x_wconf 79' lang='lat' dir='ltr'>J0</span> 
     </span>
    </p>
   </div>
   <div class='ocr_carea' id='block_1_103' title="bbox 2131 5379 2912 5463">
    <p class='ocr_par' dir='ltr' id='par_1_103' title="bbox 2156 5379 2912 5453">
     <span class='ocr_line' id='line_1_103' title="bbox 2156 5379 2912 5453; baseline -0.008 -16"><span class='ocrx_word' id='word_1_714' title='bbox 2156 5398 2270 5450; x_wconf 74' lang='lat' dir='ltr'>xvr,</span> <span class='ocrx_word' id='word_1_715' title='bbox 2301 5379 2507 5453; x_wconf 14' lang='lat' dir='ltr'>24.7(h)</span> <span class='ocrx_word' id='word_1_716' title='bbox 2540 5381 2700 5436; x_wconf 78' lang='lat' dir='ltr'>Rom.</span> <span class='ocrx_word' id='word_1_717' title='bbox 2735 5395 2834 5446; x_wconf 83' lang='lat' dir='ltr'>vn,</span> <span class='ocrx_word' id='word_1_718' title='bbox 2859 5380 2912 5435; x_wconf 90' lang='lat'>5.</span> 
     </span>
    </p>
   </div>
   <div class='ocr_carea' id='block_1_104' title="bbox 366 5616 2030 5694">
    <p class='ocr_par' dir='ltr' id='par_1_104' title="bbox 366 5616 2030 5694">
     <span class='ocr_line' id='line_1_104' title="bbox 366 5616 2030 5694; baseline -0.007 -12"><span class='ocrx_word' id='word_1_719' title='bbox 366 5625 542 5682; x_wconf 82' lang='lat' dir='ltr'>detur</span> <span class='ocrx_word' id='word_1_720' title='bbox 566 5618 969 5694; x_wconf 56' lang='lat' dir='ltr'>ﬂuttlnocptv</span> <span class='ocrx_word' id='word_1_721' title='bbox 999 5622 1079 5694; x_wconf 66' lang='grc' dir='ltr'>τῷ</span> <span class='ocrx_word' id='word_1_722' title='bbox 1130 5616 1638 5694; x_wconf 42' lang='grc' dir='ltr'>θανᾴτῳλτηίηαίιιξ</span> <span class='ocrx_word' id='word_1_723' title='bbox 1685 5620 1765 5674; x_wconf 79' lang='lat' dir='ltr'>est</span> <span class='ocrx_word' id='word_1_724' title='bbox 1792 5616 1984 5694; x_wconf 43' lang='grc' dir='ltr'>-ηιονιὶ</span> <span class='ocrx_word' id='word_1_725' title='bbox 2011 5632 2030 5671; x_wconf 88' lang='grc'>.·</span> 
     </span>
    </p>
   </div>
   <div class='ocr_carea' id='block_1_105' title="bbox 365 5688 2030 5765">
    <p class='ocr_par' dir='ltr' id='par_1_105' title="bbox 365 5688 2030 5765">
     <span class='ocr_line' id='line_1_105' title="bbox 365 5688 2030 5765; baseline -0.006 -13"><span class='ocrx_word' id='word_1_726' title='bbox 365 5695 461 5753; x_wconf 85' lang='lat' dir='ltr'>vel</span> <span class='ocrx_word' id='word_1_727' title='bbox 487 5688 700 5752; x_wconf 81' lang='lat' dir='ltr'>saltem</span> <span class='ocrx_word' id='word_1_728' title='bbox 730 5688 1012 5765; x_wconf 63' lang='grc' dir='ltr'>ἠπείλισε,</span> <span class='ocrx_word' id='word_1_729' title='bbox 1044 5688 1283 5748; x_wconf 74' lang='lat' dir='ltr'>devolvit</span> <span class='ocrx_word' id='word_1_730' title='bbox 1311 5688 1394 5761; x_wconf 88' lang='lat' dir='ltr'>(id</span> <span class='ocrx_word' id='word_1_731' title='bbox 1424 5695 1514 5747; x_wconf 88' lang='lat' dir='ltr'>est</span> <span class='ocrx_word' id='word_1_732' title='bbox 1539 5688 1855 5761; x_wconf 84' lang='lat' dir='ltr'>submovit)</span> <span class='ocrx_word' id='word_1_733' title='bbox 1879 5703 2030 5744; x_wconf 84' lang='lat' dir='ltr'>mor—</span> 
     </span>
    </p>
   </div>
   <div class='ocr_carea' id='block_1_106' title="bbox 373 5772 825 5824">
    <p class='ocr_par' dir='ltr' id='par_1_106' title="bbox 373 5772 825 5824">
     <span class='ocr_line' id='line_1_106' title="bbox 373 5772 825 5824; baseline 0 0"><span class='ocrx_word' id='word_1_734' title='bbox 373 5772 502 5824; x_wconf 71' lang='lat' dir='ltr'>tem.</span> <span class='ocrx_word' id='word_1_735' title='bbox 535 5772 825 5824; x_wconf 67' lang='lat' dir='ltr'>Susum.</span> 
     </span>
    </p>
   </div>
   <div class='ocr_carea' id='block_1_107' title="bbox 450 5819 2034 5914">
    <p class='ocr_par' dir='ltr' id='par_1_107' title="bbox 450 5819 2034 5914">
     <span class='ocr_line' id='line_1_107' title="bbox 450 5819 2034 5914; baseline -0.008 -15"><span class='ocrx_word' id='word_1_736' title='bbox 450 5819 566 5914; x_wconf 67' lang='lat'>(12)</span> <span class='ocrx_word' id='word_1_737' title='bbox 584 5819 965 5914; x_wconf 56' lang='grc' dir='ltr'>τὲῑρῖιῑριακῇ</span> <span class='ocrx_word' id='word_1_738' title='bbox 1013 5833 1064 5891; x_wconf 72' lang='grc' dir='ltr'>ἐν</span> <span class='ocrx_word' id='word_1_739' title='bbox 1109 5829 1229 5911; x_wconf 85' lang='grc' dir='ltr'>ὀγδ.</span> <span class='ocrx_word' id='word_1_740' title='bbox 1263 5819 1648 5893; x_wconf 84' lang='lat' dir='ltr'>Scribendum</span> <span class='ocrx_word' id='word_1_741' title='bbox 1691 5831 1889 5913; x_wconf 86' lang='lat' dir='ltr'>potius</span> <span class='ocrx_word' id='word_1_742' title='bbox 1946 5828 2034 5888; x_wconf 84' lang='lat' dir='ltr'>vi-</span> 
     </span>
    </p>
   </div>
   <div class='ocr_carea' id='block_1_108' title="bbox 2141 5607 3656 5686">
    <p class='ocr_par' dir='ltr' id='par_1_108' title="bbox 2141 5607 3656 5686">
     <span class='ocr_line' id='line_1_108' title="bbox 2141 5607 3656 5686; baseline -0.003 -14"><span class='ocrx_word' id='word_1_743' title='bbox 2141 5615 2315 5671; x_wconf 81' lang='lat' dir='ltr'>detur</span> <span class='ocrx_word' id='word_1_744' title='bbox 2343 5611 2398 5668; x_wconf 83' lang='grc' dir='ltr'>έν</span> <span class='ocrx_word' id='word_1_745' title='bbox 2428 5613 2678 5686; x_wconf 82' lang='grc' dir='ltr'>Κυριακῇ</span> <span class='ocrx_word' id='word_1_746' title='bbox 2713 5607 2958 5686; x_wconf 61' lang='grc' dir='ltr'>ὀγδοαδι,</span> <span class='ocrx_word' id='word_1_747' title='bbox 2989 5611 3050 5666; x_wconf 82' lang='lat' dir='ltr'>in</span> <span class='ocrx_word' id='word_1_748' title='bbox 3076 5609 3364 5686; x_wconf 71' lang='lat' dir='ltr'>Dominica</span> <span class='ocrx_word' id='word_1_749' title='bbox 3393 5609 3656 5686; x_wconf 74' lang='lat' dir='ltr'>ogdoadc.</span> 
     </span>
    </p>
   </div>
   <div class='ocr_carea' id='block_1_109' title="bbox 2213 5680 3635 5757">
    <p class='ocr_par' dir='ltr' id='par_1_109' title="bbox 2213 5680 3635 5757">
     <span class='ocr_line' id='line_1_109' title="bbox 2213 5680 3635 5757; baseline -0.003 -16"><span class='ocrx_word' id='word_1_750' title='bbox 2213 5686 2326 5757; x_wconf 86' lang='grc'>(13)</span> <span class='ocrx_word' id='word_1_751' title='bbox 2360 5680 2724 5757; x_wconf 58' lang='grc' dir='ltr'>Κατὰίμὸνας.</span> <span class='ocrx_word' id='word_1_752' title='bbox 2749 5680 2943 5757; x_wconf 60' lang='lat' dir='ltr'>Malim</span> <span class='ocrx_word' id='word_1_753' title='bbox 2973 5682 3283 5757; x_wconf 70' lang='lat' dir='ltr'>conjuncta</span> <span class='ocrx_word' id='word_1_754' title='bbox 3308 5680 3635 5757; x_wconf 77' lang='grc' dir='ltr'>καταμόνας.</span> 
     </span>
    </p>
   </div>
   <div class='ocr_carea' id='block_1_110' title="bbox 2145 5753 3789 5904">
    <p class='ocr_par' dir='ltr' id='par_1_110' title="bbox 2145 5753 3789 5904">
     <span class='ocr_line' id='line_1_110' title="bbox 2215 5753 3789 5886; baseline -0.001 -73"><span class='ocrx_word' id='word_1_755' title='bbox 2375 5753 2654 5829; x_wconf 78' lang='grc' dir='ltr'>Σαλώμην</span> <span class='ocrx_word' id='word_1_756' title='bbox 2693 5799 2703 5812; x_wconf 93' lang='grc'>.</span> <span class='ocrx_word' id='word_1_757' title='bbox 2766 5755 2956 5813; x_wconf 84' lang='lat' dir='ltr'>Conf.</span> <span class='ocrx_word' id='word_1_758' title='bbox 3007 5753 3320 5812; x_wconf 83' lang='lat' dir='ltr'>Clementis</span> <span class='ocrx_word' id='word_1_759' title='bbox 3401 5753 3590 5815; x_wconf 80' lang='lat' dir='ltr'>Strom</span> <span class='ocrx_word' id='word_1_760' title='bbox 3620 5799 3634 5813; x_wconf 93' lang='lat'>.</span> <span class='ocrx_word' id='word_1_761' title='bbox 3686 5773 3789 5830; x_wconf 86' lang='grc' dir='ltr'>ιιι,</span> 
     </span>
     <span class='ocr_line' id='line_1_111' title="bbox 2145 5847 2356 5904; baseline -0.009 -16"><span class='ocrx_word' id='word_1_762' title='bbox 2145 5847 2200 5904; x_wconf 88' lang='lat' dir='ltr'>p.</span> <span class='ocrx_word' id='word_1_763' title='bbox 2344 5872 2356 5886; x_wconf 94' lang='lat'>.</span> 
     </span>
    </p>
   </div>
  </div>
