4124 6468
370 453 473 511 691
1602 452 1942 510 ΟωκΕΝε
1979 450 2545 507 ΑΒΕΧΔΝΒΒΙΝΠΒ
3695 437 3813 494 692

378 579 535 654 quod
568 582 703 638 ante
731 577 810 634 sit
856 575 1362 650 praedestinatum,
1417 576 1773 649 productum
1806 575 1982 630 fuerit
2014 590 2027 627 :

2165 570 2211 625 ὶν
2238 572 2301 627 τὸ
2332 571 2549 649 σπέρμα
2577 568 2923 644 προσενεχθῇ
2952 566 3016 622 τὸ
3065 552 3573 654 προλελογισμένον
3609 577 3623 591 '
3656 558 3812 620 ἀλλὰ

375 651 478 725 sed
502 669 573 725 de
596 667 785 740 prima
808 665 1053 721 muliere
1078 664 1326 720 obscure
1348 664 1664 737 signiﬁcat,
1688 664 1861 736 cujus
1890 680 2031 736 pas-

2165 663 2269 740 τερὶ
2316 670 2418 734 τῆς
2467 659 2579 718 ἅνω
2627 660 2851 732 θηλείας
2902 657 3216 726 αἰνίττεται,
3246 658 3315 725 ἧς
3362 651 3597 740 τὰπάθη
3631 653 3813 716 κτίσις

378 758 572 815 siones
602 758 873 812 creatura
901 754 1161 821 fuerunt,
1202 756 1260 809 et
1290 770 1419 825 quas
1452 753 1820 810 substantias
1860 753 2039 808 infor-

379 862 506 903 mes
532 844 837 917 producat,
872 858 974 915 per
1006 857 1186 914 quam
1222 846 1283 897 et
1321 841 1612 899 Dominus
1638 843 1763 915 ipse
1793 842 2038 898 descen-

2144 737 2383 830 γέγονεν,
2413 758 2516 822 τῆς
2548 750 2635 807 καθ
2663 751 2758 814 τὰς
2788 748 3077 826 ἀμόρφους
3128 744 3316 806 οὐσίας
3354 737 3818 819 προϐαλλούσης,

2148 840 2219 897 δι’
2246 844 2308 913 ἢν
2365 844 2457 899 καὶ
2506 844 2535 897 ὁ
2586 840 2788 917 Κύριος
2831 837 3131 907 κατῆλθεν,
3160 836 3266 891 ἀπὸ
3317 834 3413 909 μὲν
3457 837 3556 890 τοῦ
3604 835 3815 889 πάθους

378 936 488 1005 dit,
520 938 587 990 ut
615 950 649 989 a
679 932 955 1006 passione
981 948 1089 988 nos
1124 930 1421 1001 liberaret,
1455 936 1513 987 et
1541 931 1925 1004 semetipsum
1951 929 2039 986 illi

2165 934 2294 1006 ίιμᾶς
2324 931 2679 1000 ἀποσπάσων,
2708 928 2897 986 ἑαυτὸν
2932 925 2991 983 δὲ
3019 924 3506 998 εῗσποιησάμενος.

381 1026 683 1081 insereret.

452 1131 608 1189 858
642 1128 897 1185 LXVIII.
930 1129 1243 1195 Quandum
1275 1127 1514 1200 quidem
1545 1126 1777 1183 feminae
1808 1131 2038 1183 tantum

2220 1134 2350 1188 ΞΗ’.
2385 1135 2557 1206 ’Ἄχρι
2591 1129 2689 1203 μὲν
2721 1128 2827 1204 γὰρ
2876 1126 3018 1199 ἦμεν
3067 1129 3168 1194 τῆς
3222 1120 3449 1193 θηλείας
3501 1119 3675 1196 μόνης
3725 1121 3816 1177 τέ-

380 1220 488 1276 ﬁlii
544 1219 796 1288 fuimus,
831 1217 1003 1290 quasi
1037 1216 1315 1290 conjugio
1355 1216 1534 1289 turpi,
1576 1217 1922 1289 imperfecti,
1949 1215 2043 1271 in-

2165 1241 2272 1290 ινα,
2305 1220 2382 1284 ὡς
2429 1217 2493 1275 ἃν
2543 1218 2777 1294 αἰσχρᾶς
2825 1213 3101 1291 συζυγίας,
3149 1214 3320 1278 ἀτελῆ
3369 1212 3460 1267 καὶ
3508 1213 3676 1282 νήπια
3723 1218 3815 1272 καὶ

382 1311 595 1376 fantes,
630 1306 795 1365 stulti
827 1311 885 1362 et
918 1305 1166 1372 infirmi,
1199 1311 1372 1378 atque
1398 1306 1716 1377 ,inl‘ormes,
1749 1306 2040 1362 abortivo-

2153 1310 2364 1387 ἄφρονα
2418 1308 2508 1364 καὶ
2568 1309 2764 1377 ἀσθενῆ
2824 1305 2914 1362 καὶ
2993 1305 3239 1381 ἄμορφα,
3301 1304 3416 1357 οἷον
3493 1299 3822 1378 ἐκτρώματα

387 1415 522 1457 rum
536 1398 810 1455 adinstar
832 1395 1106 1452 mulieris
1136 1393 1245 1450 filii
1262 1396 1671 1468 eramuslediti
1695 1399 2041 1467 ;postquam

2165 1399 2604 1476 προσενεχθέντα,
2659 1402 2761 1467 τῆς
2816 1396 3072 1472 γυναικὸς
3141 1394 3282 1467 ἦμεν
3336 1392 3495 1448 τέκνα
3526 1408 3539 1423 ·
3595 1391 3701 1446 ὑπὸ
3759 1387 3822 1446 δὲ

388 1504 524 1546 vero
557 1505 591 1544 a
619 1486 913 1542 Salvatcre
943 1485 1192 1541 formam
1214 1484 1573 1557 accepimus,
1594 1483 1702 1539 viri
1732 1482 2044 1557 nuptialis-

393 1594 505 1651 que
535 1575 782 1633 thalami
812 1574 921 1630 ﬁlii
953 1573 1273 1631 evasimus.

465 1683 651 1740 LXIX.
684 1685 891 1739 Fatum
941 1679 1180 1752 quidem
1231 1683 1322 1736 est
1366 1695 1690 1736 concursus
1723 1678 2047 1736 multarum

392 1773 625 1845 sibique
654 1771 1084 1828 contrariarum
1118 1769 1427 1825 virtutum.
1451 1769 1550 1825 Hae
1581 1786 1713 1825 vero
1745 1769 2050 1825 suntinvi-

393 1861 598 1920 sibiles
628 1865 686 1917 et
732 1862 1017 1928 obscuras,
1067 1858 1286 1931 quibus
1333 1874 1475 1914 cura
1507 1862 1703 1914 motus
1752 1862 2049 1915 astrorum

2152 1493 2251 1545 τοῦ
2306 1495 2567 1563 Σωτῆρος
2595 1485 2992 1566 μορφωθέντες,
3024 1479 3218 1558 ἀνδρὸς
3259 1480 3351 1537 καὶ
3394 1483 3689 1555 νυμφῶνος
3728 1499 3825 1555 γε-

2156 1580 2392 1656 γόναμεν
2420 1579 2601 1635 τέκνα.

2229 1687 2357 1741 ΞΘ’.
2390 1687 2454 1743 Ἠ
2487 1683 2793 1761 εἱμαρμένη
2825 1682 2938 1738 ἐστὶ
2979 1676 3205 1743 σύνοδος
3253 1675 3485 1734 πολλῶν
3534 1676 3624 1733 καὶ
3672 1675 3826 1733 ἐναν-

2157 1775 2288 1831 τίων
2322 1772 2603 1848 δυνάμεων
2639 1791 2654 1806 ⁸
2686 1773 2842 1829 αὗται
2893 1768 2950 1827 δέ
3002 1769 3134 1825 εἶσιν
3186 1766 3411 1846 ἀόρατοι
3438 1766 3531 1822 καὶ
3575 1766 3824 1844 ἀφανεῖς,

2162 1863 2617 1940 ἒπίτροπεύουσαι
2645 1864 2745 1933 τὴν
2777 1866 2886 1917 τῶν
2916 1861 3126 1935 ἄστρων
3157 1858 3349 1936 φορὰν,
3380 1855 3471 1912 καὶ
3505 1852 3576 1911 δι’
3601 1853 3829 1911 ἐκείνων

392 1951 717 2010 commissa
743 1953 854 2021 est,
888 1965 1107 2021 perque
1138 1947 1238 2003 illa
1268 1948 1586 2020 praesident
1616 1963 1827 2020 resque
1852 1947 2043 2004 admi—

2165 1951 2602 2027 πτολιτευόμεναι.
2636 1953 2781 2010 Καθὸ
2833 1949 2937 2028 γὰρ
2984 1945 3212 2004 ἕκαστον
3257 1946 3433 2002 αὐτῶν
3485 1943 3714 2023 ἔφθακεν
3743 1948 3825 2019 τῇ

392 2042 670 2099 nistrant.
733 2040 855 2106 Quo
887 2037 1044 2094 enim
1104 2041 1275 2110 pacto
1307 2036 1542 2093 illorum
1588 2038 2055 2110 unumquodque

400 2128 609 2188 mundi
639 2132 803 2185 motu
837 2128 1145 2199 abreptum
1179 2142 1297 2182 una
1326 2130 1613 2194 movetur,
1645 2126 1880 2183 illorum
1923 2145 2053 2201 quis

396 2222 725 2281 secundum
753 2220 910 2276 idem
956 2217 1446 2274 inclinamentum
1477 2217 1629 2274 tacta
1699 2224 1862 2291 sunt,
1893 2218 2054 2275 velut

395 2311 589 2385 ipsius
619 2309 877 2365 ﬁliorum
903 2306 1276 2364 dominatum
1308 2306 1582 2363 obtinuit.

471 2419 647 2475 LXX.
678 2417 787 2473 Per
815 2415 1011 2471 sidera
1038 2415 1239 2487 itaque
1267 2430 1386 2470 non
1411 2413 1661 2470 erratica
1680 2413 2053 2489 errantisque

400 2509 724 2582 potestates
750 2502 1079 2561 invisibiles
1107 2520 1236 2576 qua
1267 2503 1361 2558 his
1394 2507 1659 2576 praesunt
1687 2502 2054 2575 invectae,re-

401 2613 534 2653 rum
593 2599 757 2652 ortus
807 2593 1159 2665 dispensant
1206 2596 1382 2663 atque
1430 2591 1818 2665 prospiciunt.
1848 2593 2053 2651 Sidera

396 2703 532 2745 vero
564 2685 695 2759 ipsa
745 2683 828 2740 nil
859 2682 1099 2756 quidem
1149 2682 1394 2751 faciunt,
1425 2682 1542 2737 vim
1575 2686 1773 2739 autem
1810 2687 2052 2756 potesta-

396 2780 527 2833 tum
574 2772 1011 2832 dominantium
1054 2770 1320 2828 indicant
1369 2772 1442 2827 ad
1492 2787 1626 2828 eum
1662 2772 1900 2828 modum
1933 2789 2050 2846 quo

395 2865 627 2924 volatus
659 2862 856 2921 avium
891 2861 1113 2935 aliquid
1145 2861 1462 2933 significat,
1514 2864 1574 2917 at
1604 2860 1752 2918 nihil
1784 2868 2048 2935 prastat.

474 2971 666 3029 LXXI.
700 2969 1025 3027 Duodecim
1057 2968 1240 3041 igitur
1271 2969 1441 3040 signa
1473 2983 1538 3023 ac
1588 2972 1812 3040 septem
1845 2969 2049 3043 stellae,

399 3078 525 3136 qua;
556 3061 993 3135 ingrediuntur,
1044 3057 1288 3129 haecque
1317 3061 1688 3130 percurrunt,
1722 3074 1881 3115 nunc
1920 3060 2050 3131 qui-

398 3153 532 3209 dem
565 3168 682 3208 una
711 3149 1089 3216 comitantur,
1114 3164 1271 3204 nunc
1298 3162 1435 3205 vero
1466 3151 1802 3216 occurrunt,
1836 3148 2047 3206 horum

395 3245 563 3300 ortus
593 3257 722 3314 quae
752 3236 1188 3311 apotestatibus
1215 3236 1618 3306 *moventur,
1648 3242 1875 3294 motum
1909 3240 2050 3296 sub-

2156 2047 2256 2098 τοῦ
2283 2042 2499 2117 κόσμου
2536 2043 2748 2114 κινήσει
2779 2037 3299 2116 συναναφερόμενον,
3328 2037 3439 2092 τῶν
3487 2034 3605 2091 κατ’
3647 2033 3827 2104 αὐτὴν

2155 2133 2256 2201 τὴν
2313 2132 2489 2209 ῥοπὴν
2551 2129 2862 2207 γενομένων
2909 2125 3136 2203 εἷ’ληχεν
3194 2127 3294 2196 τήν
3349 2124 3716 2201 ἐπικράτειαν,
3748 2123 3834 2188 ὡς

2160 2222 2327 2279 αὐτοῦ
2353 2221 2582 2279 τέκνων.

2231 2420 2425 2478 Ο’.Διά
2438 2422 2545 2474 τῶν
2570 2415 2828 2473 ἀπλανῶν
2854 2415 3033 2471 τοίνυν
3073 2415 3164 2471 καὶ
3201 2410 3579 2487 πλανωμένων
3610 2410 3831 2489 ἄστρων

2158 2508 2214 2563 αἱ
2252 2507 2341 2564 ἐπὶ
2372 2506 2579 2563 τούτων
2604 2506 2827 2583 ἀόρατοι
2873 2502 3130 2579 δυνάμεις
3163 2502 3557 2579 ἑποχούμεναι,
3587 2501 3826 2576 ταμίεύ-

2157 2618 2275 2653 ουσι
2305 2598 2403 2661 τὰς
2429 2596 2660 2673 γενέσεις
2698 2594 2786 2651 καὶ
2832 2597 3209 2671 προσκοποῦσι
3240 2611 3253 2626 ·
3282 2592 3352 2647 τά
3380 2588 3439 2647 δὶ
3481 2587 3652 2668 ἄστρα
3682 2592 3818 2665 (15),

2156 2687 2290 2743 αύτά
2324 2687 2418 2761 μὲν
2452 2683 2607 2741 οὐδὲν
2651 2689 2823 2755 ποιεῖ,
2856 2681 3092 2740 δείκνυσι
3141 2680 3199 2739 δὲ
3238 2683 3339 2751 τὴν
3389 2681 3657 2757 ἐνέργειαν
3703 2685 3817 2735 τῶν

2154 2774 2356 2851 κυρίων
2402 2773 2706 2848 δυνάμεων,
2753 2772 2934 2849 ὥσπερ
2982 2772 3073 2829 καὶ
3103 2775 3138 2843 ἡ
3168 2775 3276 2829 τῶν
3330 2771 3560 2848 ὀρνίθων
3611 2775 3817 2841 πτῆσις

2157 2863 2411 2939 σημαίνει
2439 2886 2514 2936 τι,
2549 2863 2679 2939 οὐχὶ
2701 2868 2870 2920 ποιεῖ.

2227 2973 2353 3030 OA'.
2386 2970 2466 3029 Τά
2494 2968 2676 3027 τοίνυν
2706 2966 2935 3026 δεκαδύο
2970 2966 3159 3039 ζώδια,
3192 2966 3283 3023 καὶ
3333 2967 3384 3022 οἱ
3412 2969 3581 3023 ταῦτα
3624 2964 3820 3021 ἔπιόν-

2152 3083 2240 3125 τες
2288 3062 2426 3116 έπτά
2480 3061 2721 3136 ἀστέρες,
2769 3059 2893 3115 τοτὶ
2954 3060 3051 3133 μὲν
3128 3054 3528 3126 συνοδεύοντες,
3578 3055 3703 3112 τοτὶ
3764 3053 3826 3111 δὲ

2156 3151 2567 3223 ὑπαπατῶντες,
2598 3147 2988 3212 ἀνατέλλοντες
3021 3149 3195 3217 οὗτοι,
3225 3147 3361 3222 πρὸς
3386 3151 3494 3202 τῶν
3525 3142 3817 3219 δυνάμεων

2153 3240 2489 3313 κινούμενοι,
2539 3237 2752 3309 κίνησιν
2800 3241 2895 3308 τῆς
2949 3237 3130 3300 οὐσίας
3178 3233 3441 3308 δηλοῦσιν
3488 3234 3566 3299 είς
3605 3236 3821 3311 γένεσιν

394 3332 622 3388 stantia:
681 3329 945 3384 indicant
992 3330 1058 3383 ut
1114 3335 1466 3399 generentur
1518 3326 1819 3397 animalia,
1868 3333 2046 3402 atque

2165 3334 2263 3387 τῶν
2282 3330 2475 3399 ζώων,
2508 3328 2599 3384 καὶ
2628 3330 2728 3398 τὴν
2758 3332 2867 3383 τῶν
2900 3326 3261 3405 περιστάσεων
3283 3328 3519 3404 τροπήν.
3551 3324 3818 3403 Διάφοροι

395 3419 511 3476 sibi
568 3417 994 3475 contrariorum
1073 3416 1539 3472 conversionem.
1606 3416 1854 3473 Diversae
1909 3435 2042 3475 vero

393 3512 535 3564 sunt
566 3524 700 3563 cum
749 3505 932 3562 stella
976 3508 1104 3560 tum
1157 3507 1502 3576 potestates,
1534 3504 1830 3575 benefica),
1864 3507 2046 3563 male-

397 3597 534 3666 !lcze,
568 3596 803 3663 dextris,
839 3593 1130 3651 sinistrae:
1166 3593 1260 3648 his
1303 3608 1619 3648 commune
1652 3596 1741 3649 est
1765 3596 1921 3667 quod
1952 3613 2047 3669 ge-

392 3684 607 3742 nitum.
638 3688 885 3739 ‘Harum
924 3687 1143 3758 ,autem
1175 3680 1481 3753 quodlibet
1518 3683 1756 3755 proprio
1784 3687 2046 3757 tempore

394 3773 678 3843 nascitur,
729 3771 831 3828 illo
863 3772 964 3844 qui
1010 3770 1352 3830 dominatur
1402 3786 1535 3843 quas
1578 3771 1746 3843 juxta
1775 3777 2045 3833 naturam

393 3866 536 3921 sunt
583 3861 943 3935 porﬂciente,
973 3860 1085 3917 hoc
1136 3859 1379 3932 quidem
1430 3860 1490 3916 in
1543 3861 1851 3934 principio,
1898 3863 2046 3922 illud

392 3968 530 4016 vero
560 3952 621 4008 in
651 3951 795 4010 fine.

468 4062 685 4118 LXXII.
717 4060 805 4117 Ab
839 4058 949 4115 hoc
974 4061 1329 4132 potestatum
1356 4057 1602 4116 dissidio
1633 4075 1699 4116 ac
1729 4068 2048 4135 pugnabo.

394 4152 595 4209 minus
626 4166 734 4207 nos
764 4149 996 4219 liberat,
1017 4151 1074 4204 et
1092 4164 1296 4222 pacem
1329 4148 1549 4221 praebet
1578 4149 1650 4205 ab
1681 4151 1805 4207 acie
1824 4151 1935 4208 hac
1962 4153 2048 4210 in-

392 4245 618 4299 structa
650 4243 1013 4313 potestatum
1055 4241 1113 4294 et
1142 4236 1509 4311 angelorum,
1568 4255 1684 4312 qua
1716 4239 1775 4295 hi
1805 4243 2045 4315 quidem

393 4347 497 4404 pro
529 4330 721 4400 nobis,
754 4327 987 4386 illivero
1018 4331 1219 4384 contra
1240 4344 1344 4385 nos
1376 4326 1757 4398 collocantur,
1792 4331 2047 4405 aliiqui-

392 4420 526 4476 dem
559 4418 847 4475 militibus
878 4422 1020 4473 sunt
1049 4417 1274 4474 similes
1298 4418 1399 4489 qui
1432 4416 1605 4475 nobis
1635 4419 1851 4477 auxilio
1883 4427 2044 4489 sunt,

394 4512 460 4564 ut
486 4510 588 4565 Dei
621 4506 875 4563 ministri
903 4524 919 4578 ;
953 4506 1198 4563 aliivero
1229 4506 1582 4565 latronibus.
1616 4508 1722 4575 Qui
1744 4510 1903 4567 enim
1921 4529 2047 4569 ma-

392 4596 487 4653 lus
518 4600 626 4665 est,
662 4612 776 4652 non
811 4614 845 4652 a
867 4611 999 4669 rege
1028 4596 1359 4652 succinctus
1384 4597 1609 4670 accepit
1628 4597 1915 4671 gladium,
1940 4603 2041 4659 sed

391 4685 505 4743 sibi
540 4702 641 4757 per
666 4684 996 4742 vecordiam
1028 4701 1095 4741 ac
1124 4685 1462 4757 superbiam
1496 4686 1622 4759 ipse
1654 4689 1871 4761 rapuit.

466 4880 709 4939 LXXIII.
736 4881 979 4953 Propter
1006 4880 1372 4938 adversarios
1404 4880 1500 4937 alii
1535 4898 1640 4954 per
1675 4898 1890 4957 corpus
1920 4902 2043 4943 res-

391 4990 505 5047 que
535 4978 810 5029 externas
840 4973 1101 5029 animam
1131 4972 1418 5029 invadunt
1463 4974 1844 5048 servitutique
1876 4977 2042 5034 addi-

388 5067 568 5121 cunt:
603 5062 703 5135 qui
735 5077 867 5119 vero
888 5060 1076 5119 dextri
1107 5066 1267 5133 sunt,
1296 5079 1412 5119 non
1446 5063 1641 5121 idonei
1667 5068 1811 5121 sunt
1843 5070 1907 5123 ut
1938 5084 2041 5124 no-

384 5153 616 5212 biscum
665 5152 909 5209 comites
938 5150 1185 5208 salutem
1232 5152 1532 5225 praebeant
1582 5171 1805 5227 nosque
1845 5160 2040 5212 custo-

388 5243 574 5310 diant,
609 5258 725 5298 non
758 5241 917 5297 enim
952 5240 1205 5313 perfecte
1247 5242 1638 5314 prospiciunt,
1669 5244 1822 5301 sicut
1852 5245 2042 5302 bonus

388 5336 596 5391 Pastor
617 5352 631 5403 ;
659 5331 761 5389 sed
782 5329 1133 5388 mercenaria
1155 5330 1367 5388 similis
1387 5330 1658 5406 quisque,
1675 5333 1933 5406 quicum
1954 5335 2042 5390 lu-

492 5493 556 5557 ἰ’
585 5498 649 5550 Ρ.
678 5493 786 5549 976
816 5492 921 5550 ED.
956 5491 1260 5550 POTTER.

460 5649 572 5724 (15)
604 5649 937 5724 'Ac‘tpa.“De
983 5650 1439 5724 astrisquoque
1493 5648 1658 5724 Philo
1707 5666 1840 5724 pag.
1872 5652 1928 5709 6.
1961 5651 2047 5714 οἷς

387 5714 658 5849 ἒζέἷιέϊέ
683 5714 777 5792 μξν
810 5714 1008 5776 ἔδωκεν
1041 5722 1071 5777 ὁ
1101 5714 1254 5791 Gabi,
1289 5714 1358 5777 οὗ
1405 5724 1513 5795 μὴν
1562 5714 1936 5799 αύτοὲρᾶτεῖς.
1971 5728 2039 5781 H.

2156 3417 2202 3475 δ’
2236 3419 2339 3474 είσὶ
2378 3417 2470 3475 καὶ
2519 3420 2571 3474 οἱ
2620 3417 2839 3493 ἀστέρες
2867 3417 2957 3473 καὶ
3013 3417 3069 3473 σί
3114 3414 3371 3491 δυνάμεις
3398 3435 3411 3449 ·
3459 3414 3816 3491 ἀγαθοποιοῖ,

2152 3509 2465 3581 κακοποιΟἰ,
2493 3504 2687 3581 δεξιοὶ,
2717 3507 3021 3583 ἀριστεροί⁸
3046 3507 3120 3561 ὧν
3154 3505 3335 3562 κοινὸν
3366 3504 3430 3561 τὸ
3458 3503 3782 3578 τικτόμενον
3803 3522 3817 3537 ·

2151 3596 2376 3654 ἕκαστον
2408 3601 2524 3669 (16)
2556 3594 2613 3653 δὲ
2643 3596 2819 3653 αὐτῶν
2848 3595 3050 3672 γίνεται
3092 3594 3228 3652 κατά
3265 3596 3454 3672 καιρὸν
3500 3593 3593 3649 τὸν
3646 3590 3813 3666 ἴδιον,
3844 3624 3849 3631 -

2151 3692 2250 3743 τοῦ
2282 3684 2699 3749 δυναστεύοντος
2728 3687 2798 3741 τά
2822 3686 2959 3741 κατά
2984 3685 3143 3760 φύσιν
3174 3682 3591 3755 ἀποτελοῦντος,
3612 3682 3677 3739 τὸ
3711 3681 3811 3756 μὲν

2155 3776 2208 3832 ἂν
2241 3775 2414 3853 ἀρχῇ,
2445 3776 2508 3831 τὸ
2540 3772 2598 3831 δὲ
2628 3774 2717 3831 ἐπὶ
2745 3773 2915 3835 τέλει.

2226 4064 2347 4122 ΟΒ’.
2369 4063 2502 4121 Ἀπὸ
2558 4060 2761 4135 ταύτης
2804 4068 2907 4133 τῆς
2956 4061 3191 4127 στάσεως
3242 4058 3334 4117 καί
3365 4057 3553 4136 μάχης
3576 4056 3686 4117 τῶν
3719 4057 3823 4116 δυ-

2153 4153 2368 4229 νάμεων
2416 4154 2444 4208 ὁ
2495 4151 2690 4228 Κύριος
2732 4154 2880 4227 ἡμᾶς
2919 4151 3123 4229 ῥύεται,
3161 4152 3248 4207 καὶ
3298 4152 3531 4228 παρέχει
3575 4150 3679 4220 τήν
3729 4150 3821 4206 εἶ-

2156 4246 2328 4322 ρήνην
2384 4242 2490 4298 ἀπὸ
2529 4248 2629 4312 τῆς
2674 4245 2782 4297 τῶν
2837 4239 3118 4315 δυνάμεων
3166 4240 3258 4296 καὶ
3285 4246 3388 4311 τῆς
3419 4243 3529 4295 τῶν
3558 4236 3819 4315 ἀγγέλων

2153 4331 2519 4407 παρατάξεως,
2550 4331 2611 4401 ἣν
2659 4332 2710 4386 οἱ
2753 4332 2846 4405 μὲν
2898 4330 3032 4406 ὑπὲρ
3079 4330 3347 4403 ήμῶν,οἱ
3397 4327 3455 4385 δὲ
3501 4330 3619 4385 καθ’
3644 4331 3818 4403 ἡμῶν

2154 4423 2587 4499 παρατάσσονται
2616 4440 2628 4453 ’
2663 4421 2716 4476 οἱ
2750 4421 2844 4494 μὲν
2877 4420 2980 4497 γάρ
3011 4420 3367 4493 στρατιώταις
3411 4418 3640 4486 ἐοίκασι,
3674 4441 3825 4493 συμ-

2158 4515 2461 4588 μαχοῦντες
2519 4512 2680 4585 ἡμῖν,
2713 4510 2789 4573 ὡς
2830 4506 2890 4565 ἂν
2940 4508 3204 4586 ὑπηρέται
3247 4512 3382 4565 Θεοῦ
3414 4527 3428 4542 ·
3470 4509 3523 4565 οἱ
3571 4506 3652 4581 δὲ,
3707 4505 3824 4583 λῃ-

2158 4607 2309 4664 σταῖς
2345 4621 2356 4633 ”
2387 4602 2414 4656 ὁ
2471 4602 2571 4678 γὰρ
2626 4600 2869 4676 πονηρὸς
2926 4597 2988 4654 ού
3040 4599 3186 4673 παρά
3248 4597 3516 4676 βασιλέως
3567 4597 3819 4669 ἐζώσατο

2068 4694 2120 4759 D
2150 4686 2334 4748 λαϐὼν
2383 4692 2485 4761 τὴν
2532 4688 2832 4767 μάχαιραν,
2876 4689 3049 4760 ἑαυτῷ
3100 4684 3159 4742 δὲ
3201 4686 3253 4759 ἐξ
3303 4686 3558 4751 ἀπονοίας
3628 4688 3814 4764 ἀρπά-

2154 4800 2271 4845 σας.

2221 4889 2340 4947 ΟΓ.
2373 4888 2473 4943 Διά
2521 4883 2588 4955 δὴ
2627 4883 2762 4948 τοὺς
2808 4883 3215 4959 ἀντικειμένους
3265 4884 3319 4939 οἱ
3368 4880 3459 4939 διὰ
3483 4887 3582 4939 τοῦ
3614 4885 3816 4958 σώμα-

2149 4998 2244 5041 τος
2276 4978 2363 5033 καὶ
2396 4979 2504 5032 τῶν
2538 4972 2691 5037 ἐκτὸς
2734 4968 3114 5029 ἑπιϐατεύουσι
3169 4981 3271 5044 τῆς
3319 4976 3529 5050 ψυχῆς,
3559 4973 3650 5030 καὶ
3700 4973 3825 5030 ἐνε-

2152 5067 2456 5143 χυράζουσι
2491 5064 2568 5129 εἰς
2598 5061 2872 5121 δουλείαν.
2905 5064 2973 5121 Οἱ
3005 5060 3064 5119 δὲ
3091 5061 3256 5138 δεξιοὶ
3305 5063 3406 5119 οὐκ
3452 5061 3583 5119 εἰσὶν
3629 5064 3821 5122 ἱκανοὶ

2152 5154 2698 5231 παρακολουθοῦντες
2767 5150 2957 5222 σώζειν
3016 5152 3107 5208 καὶ
3164 5151 3456 5231 φυλάσσειν
3501 5156 3695 5227 ἡμᾶς·
3749 5156 3818 5211 οὐ

2152 5244 2256 5320 γάρ
2310 5242 2413 5297 εἶσι
2462 5240 2649 5298 τέλεον
2700 5240 3086 5318 προνοητικοὶ,
3120 5241 3302 5318 ὥσπερ
3350 5243 3378 5296 ὁ
3426 5243 3623 5319 ἀγαθὸς
3675 5248 3812 5298 Ποι-

2156 5334 2264 5407 μήν
2299 5351 2313 5365 ·
2348 5330 2495 5387 ἀλλά
2526 5334 2787 5405 μισθωτῷ
2815 5329 3204 5406 παραπλήσιος
3244 5327 3488 5403 ἕκαστος,
3515 5334 3608 5388 τὸν
3642 5331 3816 5389 λύκον

2154 5651 2646 5782 Βυ(1ἓ)Ἓκαστον.
2684 5650 2833 5709 Flor.
2865 5649 3111 5721 ἑκάστου,
3158 5651 3412 5726 genitivo
3460 5669 3623 5711 casu.
3673 5658 3810 5712 8η-

2236 5741 2274 5781 n
2316 5765 2332 5780 .

2236 5741 2332 5781 BG.
