4124 6404
366 462 474 521 693

1157 468 1404 524 DUBIA.
1435 495 1506 510 -—
1543 469 1926 526 EXCERPTA
1963 469 2067 524 EX
2101 470 2428 526 SCRIPTIB
2465 471 2796 538 TEODOTI,
2837 473 2994 527 ETC.

3687 474 3795 529 694

365 589 565 665 ὁρῶντι
623 584 921 660 προοιόντα
978 588 1063 642 καὶ
1134 587 1410 665 φεύγοντι,
1467 591 1558 645 καί
1626 591 1688 646 οὐ
1751 591 2004 665 προθύμιι

2131 609 2268 664 pum
2300 596 2612 650 venientem
2643 595 2844 651 viderit
2875 596 3186 668 (a),fugam
3211 596 3408 663 init,et
3429 613 3545 654 non
3576 597 3791 673 illi,qui

360 677 462 746 τὴν
520 677 706 751 ψυχὴν
770 675 901 751 ὑπέρ
957 681 1066 732 τῶν
1117 674 1270 732 ἰδίων
1324 673 1614 754 προϐάτων
1695 677 2020 736 ἐπιδιδόναι.

361 767 505 841 Πρὸς
537 765 614 820 ἔτι
650 767 755 838 (17)
805 762 862 819 δὲ
903 766 992 820 καὶ
1026 767 1054 820 6
1105 764 1417 843 ἅνθρωπος,
1459 768 1594 846 ὑπὲρ
1645 769 1704 823 οὗ
1755 771 1789 839 ἡ
1839 771 2020 846 μάχη,

359 855 576 920 ἀσθενὲς
608 856 666 910 ὃν
705 859 866 923 ζῶον,
897 854 1218 934 εὐεπίςρορόν
1251 856 1360 912 ἐστι
1399 859 1537 933 πρὸς
1584 859 1646 914 τὸ
1693 864 1880 934 χεῖρον
1931 861 2018 914 καὶ

360 951 479 1008 τοῖς
533 947 753 1019 μισοῦσι
805 940 1352 1020 συλλαμϐανόμενον’
1407 947 1525 1002 ὅθεν
1571 949 1660 1002 καὶ
1723 947 1899 1003 πλείω
1955 949 2021 1004 τὰ

358 1033 498 1090 κακὰ
548 1034 784 1109 ὑπάρχει
834 1032 1001 1106 αὐτῷ.
1055 1034 1153 1090 Διὰ
1206 1040 1367 1092 τοῦτο
1416 1037 1444 1092 6
1491 1037 1692 1111 Κύριος
1747 1035 2016 1106 κατῆλθεν

360 1126 586 1201 εἰρήνην
620 1125 869 1195 ποιήσων
901 1128 1018 1186 τοῖς
1049 1125 1140 1179 ἀπ’
1167 1124 1408 1201 οὐρανῶν
1459 1127 1592 1201 (18),
1641 1127 1705 1181 οὐ
1746 1131 1864 1191 τοῖς
1910 1125 2017 1181 ἀπὸ

355 1221 482 1289 γῆς,
517 1213 591 1276 ὥς
642 1234 807 1290 φησιν
860 1214 888 1268 6
924 1212 1281 1278 Ἀπόστολος’
1337 1216 1551 1293 Εἷρήρη
1607 1214 1694 1271 ἐπὶ
1743 1222 1842 1286 τῆς
1891 1222 2014 1291 γῆς,

354 1305 446 1359 καὶ
478 1300 606 1374 δόξα
637 1302 688 1358 ἐν
727 1302 999 1377 ὑψίστοις,

429 1393 544 1449 ΟΔ’.
603 1391 699 1447 Διά
743 1395 906 1447 τοῦτο
965 1393 1206 1448 ἀνέτειλε
1265 1393 1408 1464 ξένος
1463 1395 1634 1468 ἀστὴρ
1669 1395 1758 1450 καὶ
1806 1394 2013 1466 καινὸς,

353 1481 643 1539 καταλύων
721 1482 822 1551 τὴν
904 1481 1140 1538 παλαιὰν
1215 1483 1562 1558 ἇστροθεσίαν
1637 1487 1774 1557 (19),
1842 1488 2014 1556 καινῷ

351 1573 516 1652 φωτὶ,
572 1571 634 1628 οὗ
693 1576 948 1646 κοσμικῷ
998 1571 1375 1646 λαμπόμενος,
1419 1574 1447 1628 6
1477 1572 1664 1636 καινὰς
1714 1570 1876 1634 ὁδοὺς
1923 1572 2013 1627 καὶ

353 1663 666 1737 σωτηρίους
731 1660 1094 1736 τρεπόμενοςο
1167 1662 1329 1725 αὐτὸς
1387 1662 1415 1716 ὁ
1465 1661 1663 1737 Κύριος
1710 1663 2009 1735 ἀνθρώπων

350 1749 581 1827 ὑδηγὸς,
617 1751 646 1806 6
677 1749 954 1814 κατελθὼν
985 1749 1062 1812 είς
1102 1753 1222 1826 γῆν,
1267 1748 1364 1806 *ίνα
1415 1753 1620 1825 μεταθῇ
1649 1750 1777 1814 τοὺς
1811 1749 1886 1813 είς
1916 1750 2008 1805 τὸν

351 1842 579 1918 Χριστὸν
637 1839 1027 1904 πιστεύσαντας
1082 1838 1189 1896 ἀπὺ
1245 1847 1347 1911 τῆς
1393 1840 1728 1918 εἷμαρμένης
1786 1839 1861 1903 εἰς
1909 1841 2012 1910 τὴν

351 1931 560 1989 ἐκείνου
589 1931 848 2006 πρόνοιαν
863 1974 876 1987 .

429 2023 709 2080 ΟΕ’.”Οτι
759 2018 818 2075 δὶ
865 2018 999 2089 ἐστι,
1045 2021 1228 2095 φασὶν,
1267 2019 1595 2094 εἱμαρμένη,
1647 2024 1764 2082 τοῖς
1813 2016 2006 2081 ἄλλοις

355 2112 426 2168 τὰ
480 2108 890 2183 ἀποτελέσματα
965 2107 1350 2186 προλεγόμενα
1419 2107 1707 2164 δείκνυσιν·
1771 2109 2003 2183 ἐναργὴς

360 2198 420 2256 δὲ
449 2198 716 2270 ἀπόδειξις
761 2199 850 2254 καὶ
899 2199 935 2268 ἡ
986 2203 1092 2254 τῶν
1143 2200 1482 2273 μαθημάτων
1529 2197 1749 2272 Θεωρία.
1801 2197 2005 2256 Αὐτίκα

356 2291 409 2346 οἱ
444 2289 608 2365 μάγοι
664 2288 724 2343 οὐ
787 2287 952 2362 μόνον
1013 2285 1151 2344 εἶδον
1212 2290 1306 2343 τὸν
1366 2287 1562 2363 ἀστέρα
1612 2291 1710 2342 τοῦ
1770 2287 1998 2360 Κυρίου,

352 2376 498 2435 ἀλλὰ
524 2378 699 2433 καὶτὸ
751 2375 954 2448 ἀληθὲς
1005 2374 1270 2452 ἔγνωσαν,
1324 2377 1408 2432 δτι
1464 2373 1718 2452 βασιλεὺς
1775 2374 1998 2450 ἐτέχθη,

343 2467 433 2523 καὶ
479 2467 551 2522 ὧν
588 2465 868 2542 βασιλεὺς,
919 2465 1003 2522 ὅτι
1051 2461 1314 2522 θεοσεϐῶν
1365 2469 1498 2538 (20).
1549 2466 1686 2523 Τότε
1743 2463 2000 2521 Ἰουδαῖοι

345 2556 504 2631 μόνοι
557 2551 842 2626 διαϐόητοι
904 2557 1040 2626 ἦσαν
1097 2555 1185 2611 ἐπὶ
1225 2550 1519 2626 θεοσεϐείᾳ·
1571 2553 1661 2610 διὰ
1688 2559 1849 2610 τοῦτο
1892 2555 1994 2629 γάρ

344 2645 433 2701 καὶ
465 2647 494 2702 ὁ
527 2647 723 2722 Σωτὴρ
755 2646 892 2722 πρὸς
935 2641 1205 2710 θεοσεϐεῖς
1252 2646 1478 2713 κατιὼν,
1523 2645 1607 2699 ἐπὶ
1639 2643 1864 2706 τούτους
1893 2641 1998 2714 ἧλ-

342 2736 402 2790 θε
433 2736 683 2810 πρώτους
715 2735 843 2799 τοὺς
893 2736 1018 2791 τότε
1066 2734 1154 2791 ἐπὶ
1205 2729 1481 2806 θεοσεϐείᾳ
1530 2731 1684 2805 δόξαν
1731 2735 2001 2812 ἀποφερο-

347 2825 542 2898 μένους
553 2870 567 2884 .

417 3005 532 3076 Οζ’.
581 3005 670 3068 Ὦς
721 3002 811 3059 οὗν
863 3006 898 3074 ἡ
947 3003 1196 3081 γέννησις
1263 3007 1360 3059 τοῦ
1428 3009 1688 3074 Σωτῆρος
1739 3003 1999 3078 γενέσεως

347 3097 498 3169 ἡμᾶς
529 3095 618 3150 καὶ
660 3095 1000 3170 εἱμαρμένης
1050 3088 1320 3167 ἐξέϐαλεν,
1366 3091 1508 3148 οὕτω
1555 3092 1644 3148 καὶ
1691 3093 1752 3148 τὸ
1803 3087 2004 3148 ϐάπτι-

348 3205 461 3258 σμα
508 3183 671 3239 αὑτοῦ
720 3183 892 3258 πυρὸς
942 3185 1091 3257 ἡμᾶς
1124 3181 1381 3255 ἐξείλετο,
1431 3182 1519 3237 καὶ
1551 3182 1614 3237 τὸ
1670 3183 1841 3246 πάθος
1896 3181 2004 3238 πά-

2133 687 2404 756 prompte
2445 689 2502 740 et
2551 685 2750 740 animo
2799 685 2976 741 alacri
3027 703 3130 758 pro
3179 687 3384 743 ovibus
3431 687 3557 744 suis
3604 689 3782 747 vitam

2132 789 2303 830 suam
2339 773 2850 846 deponit.Insuper
2879 781 2934 830 et
2957 775 3131 831 homo
3159 777 3330 847 cujus
3349 778 3535 849 gratia
3558 784 3648 835 est
3671 796 3782 852 pu-

2130 878 2267 935 gna,
2303 863 2525 918 animal
2557 867 2646 918 est
2678 863 3064 934 imbecillum,
3097 869 3154 921 et
3202 866 3358 937 quod
3393 867 3558 923 facile
3590 867 3648 924 in
3682 885 3778 941 ρος

2125 952 2225 1020 jus
2259 956 2614 1022 mutetur,ac
2647 950 2764 1008 illis
2795 953 2895 1024 qui
2928 953 3060 1008 odio
3095 954 3310 1011 habent
3337 956 3622 1012 auxilium
3649 958 3779 1025 fert;

2131 1040 2268 1096 hinc
2298 1045 2388 1097 est
2415 1042 2571 1114 quod
2606 1043 2777 1113 plura
2825 1041 2909 1096 illi
2959 1044 3114 1098 mala
3144 1043 3480 1116 obtingunt.
3519 1051 3676 1104 Hanc
3707 1050 3780 1104 ob

2127 1146 2369 1186 causam
2403 1131 2708 1186 descendit
2752 1131 3057 1200 Dominus,
3094 1137 3157 1187 ut
3201 1131 3297 1190 ille
3345 1136 3443 1206 qui
3475 1151 3505 1190 e
3536 1136 3696 1194 caelis
3727 1143 3783 1194 et

2129 1237 2245 1278 non
2277 1219 2378 1291 qui
2411 1237 2441 1276 e
2473 1225 2626 1276 terra
2653 1236 2858 1292 pacem
2895 1221 3196 1292 praberet,
3240 1223 3326 1278 uti
3359 1225 3498 1280 dicit
3527 1229 3777 1299 Aposto-

2125 1308 2220 1364 lus
2254 1328 2267 1366 :
2304 1315 2429 1364 Pax
2459 1309 2520 1364 in
2551 1315 2722 1377 terra,
2756 1319 2806 1366 et
2837 1311 3019 1382 gloria
3051 1313 3110 1366 in
3133 1312 3361 1368 excelsis
3390 1314 3484 1386 (b).

2201 1398 2430 1455 LXXIV.
2465 1402 2671 1472 Itaque
2702 1398 2876 1456 stella
2907 1417 3055 1456 nova
3103 1417 3168 1456 ac
3227 1399 3466 1458 insolita
3513 1407 3642 1460 orta
3667 1414 3774 1473 est,

2125 1503 2272 1543 nova
2304 1486 2435 1544 luce
2465 1491 2716 1544 veterem
2767 1488 3068 1544 stellarum
3117 1489 3468 1561 positionem
3521 1492 3771 1562 solvens,

2125 1592 2238 1632 non
2271 1575 2400 1632 luce
2432 1593 2559 1648 quas
2584 1578 2790 1632 mundi
2813 1577 2987 1634 fuerit
3009 1577 3338 1648 lucen,sed
3367 1596 3494 1652 qua:
3522 1580 3648 1638 vias
3669 1599 3773 1639 no-

2121 1681 2223 1720 vas
2280 1669 2336 1722 et
2367 1683 2494 1737 quae
2526 1665 2706 1722 saluti
2738 1667 3093 1737 conducunt,
3126 1669 3644 1742 ostendal.Nempe
3666 1677 3773 1728 Do-

2122 1753 2322 1810 minus
2355 1755 2479 1826 ipse
2512 1755 2613 1827 qui
2647 1755 2985 1812 hominibus
3015 1757 3120 1811 vim
3152 1757 3270 1811 dux
3313 1762 3422 1824 est,
3457 1760 3678 1832 quique
3710 1762 3767 1817 in

2119 1847 2340 1900 terram
2372 1845 2694 1912 descendit,
2731 1849 2794 1900 ut
2823 1861 2854 1900 e
2883 1844 2996 1900 fato
3027 1845 3098 1901 ad
3133 1843 3292 1901 illius
3343 1847 3769 1918 providentiam

2039 1967 2087 2034 Β
2120 1932 2248 1989 illos
2276 1933 2389 2034 qui.
2412 1933 2468 1988 in
2502 1931 2806 1989 Christum
2839 1934 3102 2001 credant,
3137 1936 3500 1992 transferret.

2191 2021 2408 2078 LXXV.
2441 2023 2604 2088 Quod
2638 2040 2794 2091 vero,
2828 2023 3054 2093 dicunt,
3087 2025 3165 2080 sit
3195 2025 3540 2098 fatumque
3564 2029 3772 2098 praedi-

2117 2117 2207 2167 cta
2238 2113 2308 2167 de
2338 2111 2470 2168 aliis
2501 2117 2662 2181 sunt,
2704 2117 2981 2184 certoque
3033 2119 3374 2181 evenerunt,
3431 2118 3772 2174 ostendunt.

2116 2201 2386 2257 Probatio
2420 2218 2554 2257 vero
2583 2201 2892 2274 perspicua
2939 2207 3027 2258 est
3079 2202 3460 2259 scientiarum
3513 2211 3775 2264 contem-

2114 2290 2315 2362 platio.
2352 2290 2561 2346 Statim
2594 2291 2744 2363 magi
2782 2307 2897 2347 non
2932 2293 3101 2347 modo
3131 2293 3348 2348 stellam
3381 2297 3610 2350 Domini
3631 2298 3772 2353 vide-

2112 2383 2243 2434 runt
2271 2378 2473 2452 (c),scd
2507 2383 2565 2435 et
2591 2381 2747 2450 quod
2778 2395 2982 2435 verum
3007 2385 3162 2436 esset
3185 2388 3764 2457 cognoverunt,quod

2113 2485 2210 2524 rex
2243 2473 2419 2524 natus
2451 2472 2626 2536 esset,
2659 2474 2715 2523 et
2741 2485 2992 2540 quorum
3047 2487 3142 2525 rex
3193 2471 3385 2540 fuerit,
3421 2488 3628 2544 nempe
3662 2476 3760 2532 Dei

2110 2556 2426 2612 cultorum.
2460 2562 2636 2614 Porro
2667 2558 2852 2614 Judaei
2885 2557 2995 2614 soli
3026 2559 3222 2614 cultus
3274 2561 3457 2616 divini
3489 2569 3756 2633 respectu

2110 2644 2367 2702 celebres
2399 2649 2540 2702 tunc
2573 2647 2958 2702 habebantur.
2993 2647 3063 2702 Et
3093 2647 3245 2704 hanc
3276 2649 3348 2704 ob
3379 2667 3618 2708 causam
3650 2658 3764 2723 est,

2109 2736 2264 2808 quod
2292 2735 2557 2791 Salvator
2577 2737 2650 2791 ad
2684 2735 2784 2792 Dei
2820 2735 3072 2792 cultores
3105 2737 3494 2807 descendens,
3527 2742 3596 2797 ad
3630 2742 3766 2800 illos

2110 2824 2368 2896 primum
2398 2825 2556 2880 venit
2588 2824 2674 2893 ἦε,
2707 2824 2808 2897 qui
2839 2829 2978 2881 tunc
3009 2827 3294 2900 temporis
3327 2829 3399 2884 ob
3431 2829 3658 2888 cultum
3682 2832 3768 2887 di-

2110 2913 2312 2969 vinum
2344 2913 2591 2986 gloriam
2626 2914 2973 2972 retulerunt.

2187 3002 2440 3058 LXXVI.
2494 3007 2674 3058 Prout
2716 3003 2914 3074 itaque
2966 3002 3279 3061 Salvatoris
3329 3007 3605 3064 nativitas
3653 3027 3761 3067 nos

2111 3092 2312 3164 genesi
2342 3091 2604 3164 fatoque,
2647 3092 2732 3148 sic
2763 3097 2821 3148 et
2859 3093 3126 3164 ejusdem
3176 3094 3476 3167 baptisma
3527 3099 3598 3154 ab
3630 3099 3768 3172 igne

2115 3199 2222 3238 nos
2257 3180 2540 3248 liberavit,
2588 3185 2644 3236 et
2692 3181 2887 3254 passio
2919 3197 2952 3236 a
2985 3181 3278 3254 passione,
3313 3188 3376 3239 ut
3403 3185 3459 3240 in
3492 3187 3769 3244 omnibus

349 3276 500 3344 θους,
535 3271 629 3328 ’ίνα
675 3272 815 3328 κατά
862 3274 1037 3327 πάντα
1082 3270 1547 3345 άκολουθήσωμεν
1597 3270 1764 3344 αὐτῷ.
1816 3272 1867 3329 Ὁ
1901 3273 2002 3348 γάρ

2127 3287 2249 3328 eum
2283 3270 2740 3342 sequamur.Qui
2767 3270 2924 3326 enim
2952 3272 3013 3325 in
3040 3275 3216 3327 Deum
3243 3272 3550 3343 baptizatus
3564 3279 3641 3331 est
3661 3277 3766 3349 (ἁ),

347 3363 424 3427 εἷς
481 3364 610 3419 Θεὸν
668 3363 979 3438 βαπτισθεὶς
1032 3360 1109 3425 εἷς
1156 3359 1288 3416 Θεὸν
1349 3343 1655 3437 ἐχώρησεν,
1703 3361 1794 3416 καὶ
1842 3343 2002 3432 εἷ’ληξ

2127 3363 2172 3416 in
2204 3360 2388 3416 Deum
2419 3359 2727 3428 concessit,
2758 3362 3075 3431 accepitque
3104 3365 3422 3432 potestatem
3449 3381 3613 3436 super
3627 3343 3769 3423 scor;

347 3473 441 3532 φεν
518 3449 761 3524 ἐξουσίαν
830 3449 1010 3505 ἐπάνω
1081 3449 1356 3526 σκορπίων
1435 3449 1525 3505 καὶ
1601 3445 1774 3528 ὄφεων
1848 3471 2002 3525 περι-

343 3547 554 3615 πατεῖν,
586 3545 695 3597 τῶν
746 3537 1028 3615 δυνάμεων
1073 3544 1182 3595 τῶν
1241 3545 1527 3616 πονηρῶν.
1581 3539 1680 3597 Καὶ
1709 3545 1828 3602 τοῖς
1861 3540 2000 3594 ἀπο-

344 3630 566 3695 στόλοις
668 3629 1000 3703 ἐντέλλεται,
1106 3630 1414 3704 Περιιόντες
1507 3628 1824 3704 κηρύσοετε,
1910 3628 2000 3684 καὶ

341 3721 472 3784 τοὺς
551 3721 904 3783 πιστεύοντας
987 3717 1274 3795 βαπτίζετε
1361 3717 1438 3782 είς
1538 3713 1712 3792 ὄνομα
1793 3719 2002 3793 Πατρὸς

342 3812 430 3866 καὶ
492 3810 625 3865 Υἱοῦ
695 3810 786 3865 καὶ
846 3807 1005 3884 ἁγίου
1082 3807 1422 3882 Πνεύματος.
1482 3807 1556 3870 εἰς
1615 3807 1708 3871 οὓς
1779 3807 1998 3885 ἀναγεν-

343 3900 589 3976 νώμεθα,
647 3903 757 3956 τῶν
813 3896 1026 3954 λοιπῶν
1061 3895 1344 3973 δυνάμεων
1375 3899 1595 3954 ἁπασῶν
1633 3898 1881 3974 ὑπεράνω
1913 3919 1998 3973 γι-

338 3989 585 4064 νόμενοι.

412 4081 531 4138 ΟΖ’.
563 4077 741 4153 Ταύτῃ
771 4077 997 4143 θάνατος
1034 4077 1124 4131 καὶ
1167 4075 1330 4141 τέλος
1386 4074 1597 4154 λέγεται
1628 4079 1729 4132 τοῦ
1759 4073 2000 4132 παλαιοῦ

347 4171 466 4246 βίου
512 4171 576 4226 τὸ
637 4168 940 4246 βάπτισμα,
992 4168 1447 4242 ὑποτασσομένων
1506 4171 1668 4242 ἡμῶν
1721 4174 1840 4232 τοῖς
1896 4190 1997 4224 πο-

345 4266 537 4336 νηραῖς
569 4260 791 4336 ἀρχαῖςο
829 4261 942 4329 ζωὴ
992 4255 1050 4313 δέ
1077 4259 1214 4314 κατά
1258 4258 1517 4334 Χριστὸν,
1567 4258 1634 4328 ἧς
1681 4258 1845 4332 μόνος
1899 4257 1998 4313 αύ-

345 4349 438 4413 τὸς
469 4348 725 4425 γυριεύει.
755 4350 822 4405 Ἣ
851 4345 1080 4422 δύναμις
1133 4344 1190 4402 δὲ
1239 4350 1340 4413 τῆς
1390 4342 1704 4422 μεταϐολῆς
1748 4352 1845 4403 τοῦ
1903 4348 1997 4424 βα-

323 4438 662 4503 σπτισθέντος
693 4437 753 4493 οὗ
783 4437 910 4514 περὶ
939 4437 1002 4492 τὸ
1062 4440 1242 4510 σῶμα,
1303 4437 1360 4507 (6
1416 4437 1580 4499 αὐτὸς
1614 4437 1716 4513 γὰρ
1778 4432 1997 4492 ἀναϐαί-

338 4531 466 4604 νει·)
497 4525 645 4584 ἀλλὰ
675 4529 796 4606 περὶ
835 4529 1042 4602 ψυχήν.
1096 4522 1311 4584 Αὐτίκα
1361 4522 1558 4588 δοῦλος
1589 4529 1723 4580 Θεοῦ
1756 4526 1869 4598 ἅμα
1920 4530 2000 4598 τῷ

336 4618 582 4675 ἀνελθεῖν
615 4621 712 4672 τοῦ
749 4619 1121 4692 βαπτίσματος
1166 4620 1259 4670 καῖ
1318 4613 1453 4689 πρὸς
1510 4614 1620 4669 τῶν
1679 4615 1995 4690 ἀκαθάρτων

2105 3453 2302 3523 piones
2331 3467 2394 3506 ac
2413 3453 2688 3521 serpentes
2716 3450 2976 3506 calcandi
2998 3450 3210 3522 (e),hoc
3231 3456 3321 3507 est
3350 3453 3408 3508 in
3441 3458 3763 3525 potestates

2110 3539 2424 3612 improbas.
2475 3539 2653 3596 Jubet
2709 3554 2943 3611 quoque
2992 3539 3310 3611 apostolos,
3346 3541 3760 3601 Circumeuntes

2107 3629 2490 3702 praedicata,“
2519 3645 2606 3685 eos
2637 3629 2735 3700 qui
2761 3629 2984 3684 credent
3001 3631 3275 3701 baptizata
3303 3630 3362 3686 in
3394 3637 3619 3689 nomine
3649 3639 3757 3690 Pa-

2107 3718 2216 3775 tris
2244 3723 2295 3776 et
2327 3718 2462 3774 Filii
2489 3727 2540 3774 et
2570 3717 2814 3790 Spiritus
2842 3718 3021 3773 sancti
3053 3717 3121 3791 (/)
3155 3735 3167 3773 :
3203 3719 3261 3775 in
3302 3736 3452 3792 quos
3506 3722 3764 3778 renasci-

2111 3825 2246 3865 mur
2303 3807 2550 3881 reliquis
2606 3807 2884 3864 omnibus
2951 3809 3348 3880 potestatibus
3425 3812 3761 3883 superiores

2109 3897 2268 3955 facti.

2181 4076 2460 4133 LXXVII.
2495 4075 2655 4131 Hanc
2685 4075 2759 4132 ob
2789 4092 3030 4132 causam
3075 4075 3206 4132 vita:
3241 4077 3453 4133 veteris
3483 4093 3640 4134 mors
3672 4083 3762 4136 at-

2109 4185 2220 4241 que
2251 4166 2385 4222 ﬁnis
2419 4165 2714 4237 baptisma
2744 4165 3156 4231 dicitur,nobis
3189 4167 3574 4236 potestatibus
3593 4168 3764 4226 malis

2109 4253 2746 4314 rcnuntiantibus.Vita
2769 4271 2900 4310 vero
2923 4254 3250 4310 secundum
3266 4254 3765 4329 Christum,cuius

2107 4345 2410 4416 solusipse
2423 4344 2700 4399 dominus
2713 4347 2802 4399 est
2817 4361 2828 4397 :
2845 4342 2898 4397 vi
2912 4346 3036 4398 rtus
3059 4347 3253 4398 autem
3271 4345 3618 4403 mutationis
3635 4349 3766 4418 ejus

2108 4436 2208 4508 qui
2243 4433 2576 4507 baptizatus
2606 4437 2712 4500 est,
2757 4449 2868 4487 non
2903 4432 3096 4503 quoad
3146 4448 3365 4505 corpus
3417 4435 3766 4504 attenditur,

2107 4525 2264 4581 idem
2297 4523 2454 4580 enim
2486 4521 2772 4589 ascendit,
2805 4523 2903 4578 sed
2940 4523 3129 4594 quoad
3164 4521 3450 4578 animam.
3481 4523 3641 4581 Illico
3668 4527 3764 4584 Dei

2108 4628 2521 4685 servus,quam
2541 4611 2798 4684 primum
2814 4627 2847 4666 a
2863 4611 3220 4683 baptismate
3245 4613 3578 4670 ascenderit
3593 4615 3766 4687 spiri-

340 4707 558 4784 λέγεται
590 4707 704 4780 (21)
731 4704 1078 4780 πνευμάτων,
1110 4703 1199 4760 καὶ
1249 4703 1325 4766 εἷς
1357 4701 1412 4757 ὅν
1445 4703 1552 4777 πρὸ
1582 4700 1775 4778 ὀλίγου
1833 4701 1990 4778 ἐυήρ-

2129 4704 2262 4760 ibus
2293 4701 2439 4775 ipsis
2460 4700 2712 4772 impuris
2736 4716 2940 4757 aurem
2964 4700 3142 4757 etiam
3169 4703 3475 4774 praebet,et
3501 4704 3558 4760 in
3584 4721 3758 4776 quem

335 4819 494 4875 γουν,
519 4793 712 4853 τοῦτον
744 4792 854 4866 ἤδη
889 4793 1233 4872 φρίσσουσιν.

409 4888 535 4946 OH'.
598 4883 778 4962 Μέχρι
822 4888 922 4940 τοῦ
987 4884 1362 4960 βαπτίσματος
1414 4883 1505 4938 οὖν
1566 4884 1602 4952 ἡ
1659 4879 1998 4957 εἷμαρμένη,

344 4978 503 5056 φασὶν
561 4974 798 5047 ἀληθής.
863 4974 999 5048 μετᾶ
1056 4971 1114 5029 δὲ
1162 4977 1324 5030 τοῦτο
1391 4973 1491 5028 ούκ
1543 4967 1621 5027 ἔτι
1669 4970 1995 5044 ἀληθεύοσιν

447 5159 510 5225 ιιι
543 5155 606 5206 Ρ.
636 5149 886 5225 ΟΤΙ-ΕΙ).
913 5145 1226 5225 ΔΙῩΟᾝΤ-Ε-Η.
1339 5149 1416 5216 (a)
1446 5146 1618 5225 ἔρειο.
1651 5163 1709 5214 x,
1742 5145 1831 5203 11.

341 5223 411 5297 (e)
448 5219 580 5280 lL'uc.
612 5238 672 5292 ι,
706 5221 794 5277 19.
906 5220 972 5293 (Γ)
998 5219 1209 5276 Matth.
1243 5235 1442 5287 xxvm,
1479 5219 1563 5275 19.

411 5379 522 5448 (17)
557 5371 708 5448 Πρός
737 5369 836 5448 ἔτι.
870 5371 1074 5448 Malim
1107 5369 1472 5448 conjunctim
1506 5369 1750 5448 προσέτι.

409 5439 523 5521 (18)
580 5439 724 5521 ’Ᾱπῖ⁸
760 5442 1028 5521 οὐρανῶν.
1101 5444 1162 5498 A.
1217 5439 1323 5495 ⁷ἀπ’
1389 5439 1645 5521 ούρανοῦ,
1714 5440 2002 5521 singulari

342 5511 629 5578 numero:
665 5511 1134 5586 Florfambiguo
1172 5529 1369 5587 errore
1395 5511 1489 5568 ἀπ’
1529 5511 1780 5587 οὐρανόν.
1817 5511 2002 5587 'SvLa.

419 5595 536 5665 (19)
583 5587 988 5663 Ἀοτροθεσίαν.
1048 5587 1188 5643 Post
1244 5586 1396 5665 hanc
1443 5586 1642 5665 vocem
1695 5603 1822 5665 non_
1857 5586 2006 5640 male

349 5655 724 5747 distinxeris,
744 5668 808 5747 ut
825 5675 1076 5747 sequens
1101 5657 1459 5747 commation
1481 5661 1655 5730 καινῷ
1681 5655 1850 5747 φωτί,
1872 5673 2007 5747 ou‘m

349 5735 624 5810 sequenti
656 5728 1288 5810 participiojungatur,
1313 5747 1428 5789 non
1452 5747 1587 5788 cum
1615 5728 2006 5786 antecedenti.

347 5813 642 5868 Susum}.

1941 5145 2019 5218 (ὁ)
2072 5145 2213 5201 Luc.
2270 5159 2336 5211 ιι,
2387 5143 2473 5198 14.

2105 4792 2279 4868 paulo
2311 4795 2448 4848 ante
2478 4790 2751 4862 agebant,
2784 4789 2942 4845 hunc
2967 4791 3092 4862 jam
3127 4791 3334 4848 timent
3359 4795 3765 4867 tremuntque-

2181 4880 2482 4937 LXXVIII.
2513 4880 2596 4935 Ad
2642 4879 3010 4952 baptismum
3061 4880 3261 4952 itaque
3311 4897 3520 4953 usque,
3554 4883 3767 4954 fatum,

2111 4972 2344 5038 dicunt,
2396 4985 2597 5026 verum
2643 4968 2722 5024 sit
2754 4986 2769 5026 :
2804 4973 2862 5024 at
2895 4973 3026 5040 post
3081 4968 3276 5041 ipsum
3330 4970 3450 5026 veri
3499 4970 3645 5026 nihil
3694 4971 3773 5028 lo-

2587 5141 2658 5214 (ε)
2693 5141 2896 5199 Matth.
2958 5159 3021 5209 ιι,
3065 5145 3120 5196 2.
3236 5141 3314 5213 (ά)
3363 5140 3489 5197 Gal.
3543 5158 3628 5209 ιιι,
3679 5143 3769 5197 27·

2179 5368 2294 5438 (20)
2325 5367 2450 5438 ’ξΟτι
2494 5358 2707 5438 θευσεόῘ
2768 5365 2949 5438 Plena
2997 5367 3309 5438 structura
3348 5367 3458 5430 est,
3519 5364 3598 5419 ὅτ.
3654 5365 3775 5419 θεο-

2123 5430 2296 5513 σεδῶν
2329 5437 2526 5513 ἐτέχθη
2565 5434 2841 5513 βασιλεύς.
2875 5434 3012 5513 Τότε
3039 5435 3139 5513 γάρ
3172 5430 3332 5513 Ἰουδ.
3367 5440 3654 5493 SYLBURG.

2195 5512 2306 5584 (21)
2351 5508 2600 5584 Λέγεται.
2653 5508 2882 5584 Λέγεται
2941 5508 3104 5584 terri_
3134 5511 3342 5584 potest,
3404 5524 3621 5584 nempe
3673 5525 3776 5580 pro

2123 5577 2502 5658 ὁμολογεῖται,
2539 5577 2793 5658 siuquis
2833 5587 3026 5636 tamen
3088 5577 3333 5634 λείπεται
3393 5585 3496 5638 aut
3529 5577 3777 5658 ςρεύγέται

2125 5652 2439 5728 ιιιιιιίι,’ρει-
2460 5670 2549 5711 me
2581 5652 2736 5709 licet.
2769 5657 3056 5708 SYLBURG.
