4124 6466
280 525 393 585 eos
1515 527 1853 584 causas
1882 526 2457 584 anuxauoamus
3602 512 3715 570 696

289 656 558 727 quuntur
575 652 1006 726 astrologi.-Est
1041 654 1234 708 autem
1271 667 1385 707 non
1417 650 1606 707 solum
1639 650 1938 707 lavacrum
1968 651 2000 720 Α

2136 645 2496 725 άστρολογοι,
2526 647 2707 703 Ἔστιν
2741 642 2801 702 δὶ
2830 643 2893 700 οὖ
2920 643 2985 700 τὸ
3014 639 3247 718 λουτρὸν
3272 639 3438 715 μόνον
3464 638 3529 695 τὸ
3556 634 3711 695 ἕλευ-

294 740 544 815 quodin
596 740 925 797 libertatem
976 756 1083 797 nos
1133 740 1366 811 asserit,
1424 755 1626 796 verum
1679 740 1857 797 etiam
1887 743 1949 796 et

2119 741 2268 814 ροῦν,
2297 735 2445 794 ἀλλὰ
2494 735 2586 792 καὶ
2635 737 2671 806 ἡ
2716 738 2939 811 γνῶσις·
2988 730 3123 788 τίνει
3172 733 3339 805 ἧμιν,
3385 727 3440 784 τί
3488 727 3716 815 γεγόνα-

297 813 547 887 scientia
574 829 781 902 quales
812 829 1121 901 fuerimus,
1160 829 1298 900 quid
1349 845 1561 886 sumus
1601 828 1814 899 effecti,
1847 829 1946 885 ubi

2118 845 2180 881 ιν·
2226 831 2334 882 ποῦ
2388 827 2552 900 ἦμεν,
2609 823 2646 895 ἢ
2704 827 2811 879 ποῦ
2869 815 3267 894 ἐνεϐλήθημεν’
3324 821 3433 872 ποῦ
3480 813 3719 873 σπεύδο-

296 934 556 991 eramus,
585 901 676 975 vel
703 918 803 974 ubi
836 917 1061 975 fuimus
1086 919 1358 990 conjecti,
1389 935 1507 992 quo
1538 934 1950 992 properamus,

2118 935 2184 985 ιν,
2262 913 2423 971 πόθεν
2498 911 2866 991 λυτρούμεθαο
2936 908 2990 966 τί
3054 906 3327 986 γέννησις,
3381 906 3436 963 τί
3499 901 3717 982 ἀναγίν-

300 1008 456 1065 unde
486 1008 774 1082 redempti
803 1023 1034 1077 sumus,
1077 1007 1219 1081 quid
1259 1007 1576 1080 generatio,
1610 1008 1754 1082 quid
1785 1023 1951 1082 rege-
2062 1024 2241 1076 νησις.

302 1097 549 1154 neratio.
1397 1138 1404 1144 -

375 1187 531 1245 350
579 1186 823 1243 LXXIX.
877 1186 1149 1253 Quandiu
1217 1185 1437 1260 itaque,
1489 1186 1712 1257 dicunt,
1764 1186 1958 1243 adhuc

2139 1182 2262 1241 08'.
2291 1183 2439 1245 Ἕως
2486 1177 2578 1237 οὖν
2628 1179 2984 1258 άμόρφωτον,
3031 1176 3217 1256 φασὶν,
3267 1171 3345 1232 ἔτι
3386 1174 3449 1231 τὸ
3483 1172 3721 1251 σπίρμα,

308 1291 510 1333 semen
541 1279 632 1333 est
678 1276 950 1348 informe,
1005 1274 1233 1332 feminae
1283 1280 1374 1332 est
1403 1275 1562 1333 ﬁlius
1597 1295 1610 1333 :
1647 1280 1958 1350 postquam

2118 1270 2292 1344 ηλείας
2351 1269 2465 1327 ἐστὶ
2518 1271 2722 1327 τὲκνονθ
2788 1267 3073 1348 μορφωθὲν
3105 1263 3184 1340 δὲ,
3235 1266 3493 1350 μιτετεθη
3527 1262 3607 1327 εἷς
3638 1263 3727 1321 ἄν·

308 1381 444 1423 vero
473 1366 649 1423 fuerit
676 1365 1084 1430 formatumjn
1114 1366 1307 1422 virum
1338 1349 1780 1438 transfertur,et
1804 1364 1963 1423 illius

2118 1382 2195 1433 σα,
2237 1360 2328 1417 καὶ
2383 1361 2507 1423 Υἱὸς
2557 1358 2796 1437 νυμφίου
2822 1358 3049 1435 γίνεται,
3084 1354 3185 1413 οὖκ
3238 1349 3319 1411 ἔτι
3356 1353 3583 1424 ἀσθενὴς
3632 1352 3724 1409 καὶ

312 1454 518 1525 sponsi
546 1456 759 1524 ﬂt,nou
792 1454 1048 1529 amplius
1079 1454 1573 1528 infirmus,iisque
1604 1472 1733 1528 quae
1755 1455 1962 1511 mundi

2118 1456 2191 1515 )ἳς
2222 1455 2515 1526 κοσμικαῖς
2552 1448 2909 1523 ὑποκείμενος
2941 1445 3159 1524 ὁρατοῖς
3204 1465 3265 1500 τε
3310 1443 3400 1500 καὶ
3448 1442 3730 1521 άοράτοις,

314 1548 458 1601 sunt
484 1543 821 1601 visibilibus
850 1548 906 1601 et
944 1543 1342 1601 invisibilibus
1386 1545 1714 1617 subjectus,
1749 1545 1849 1601 sed
1878 1544 1967 1603 vir

2118 1539 2202 1598 λλ’
2231 1538 2548 1616 ἀνδρωθεὶς,
2581 1536 2754 1618 ἄρρην
2780 1536 2983 1617 γίνεται
3016 1533 3244 1612 καρπός.

314 1634 527 1704 factus,
558 1634 786 1689 fructus
826 1632 1131 1690 masculus
1160 1649 1392 1707 quoque
1421 1635 1613 1692 factus
1640 1639 1751 1692 est.

389 1724 594 1782 LXXX.
627 1727 810 1792 Quem
839 1725 1031 1798 gignit
1060 1729 1270 1793 mater,
1322 1726 1383 1780 in
1434 1730 1680 1781 mortem
1712 1725 1973 1781 trahitur

319 1818 499 1886 atque
527 1813 586 1869 in
612 1815 899 1871 mundum
933 1831 947 1870 :
981 1830 1158 1887 quem
1180 1831 1317 1871 vero
1340 1818 1647 1883 regenerat
1677 1813 1970 1886 Christus,

2118 1809 2159 1873 ίς
2181 1808 2412 1883 κόσμον
2462 1808 2521 1865 δν
2577 1805 2636 1864 δὶ
2689 1807 2948 1883 άναγεννᾷ
2999 1805 3262 1882 Χριστὸς,
3294 1803 3372 1868 εἷς
3429 1804 3574 1875 ζωὴν
3631 1824 3735 1879 μεμ-

318 1904 380 1958 in
411 1904 589 1960 vitam
620 1904 973 1960 transfertur
1000 1904 1060 1960 in
1082 1904 1494 1976 ogdoadem,et
1523 1904 1582 1960 in
1610 1905 1832 1960 mundo
1850 1903 1976 1976 qui-

2118 1898 2353 1955 ατίθεται
2408 1898 2486 1961 εἷς
2542 1895 2800 1974 ὄγδοάδα·
2875 1895 2966 1952 καὶ
3022 1894 3425 1967 ἀποθνήσκουσι
3501 1893 3598 1968 μὶν
3654 1897 3737 1967 τῷ

325 1992 458 2049 dem
491 1995 850 2062 moriuntur,
879 1998 941 2049 at
969 1992 1083 2049 Deo
1113 1992 1336 2061 vivunt,
1371 1997 1435 2048 ut
1462 2009 1622 2049 mors
1652 1997 1840 2049 morte
1860 1993 1974 2049 dis-

2118 1987 2303 2064 ,όσμῳ,
2339 1992 2470 2090 ζῶσι
2519 1985 2579 2044 δὶ
2627 1991 2702 2060 τῷ
2743 1989 2862 2060 Θεῷ
2901 1983 3018 2090 ἵνα.
3046 1985 3271 2050 θάνατος
3318 1984 3545 2090 θανάτιρ..
3572 1982 3744 2090 λυθῇ,

327 2081 672 2149 solvatur,et
692 2080 1121 2138 resurrectione
1137 2082 1435 2154 corruptio
1467 2082 1981 2155 mutetur.0uippe

2118 2079 2374 2133 εναστάσει
2417 2073 2477 2133 δὶ
2502 2078 2539 2147 ἡ
2573 2075 2766 2155 φθορά.
2815 2074 2913 2131 Διὰ
2956 2073 3060 2152 γάρ
3099 2074 3309 2150 Πατρὸς
3365 2072 3458 2129 καὶ
3488 2072 3618 2128 Υἳοῦ
3651 2071 3748 2128 καὶ

330 2170 393 2226 in
425 2171 663 2227 nomine
693 2171 884 2228 Patris
914 2178 969 2225 et
1000 2170 1129 2226 Filii
1175 2174 1233 2227 et
1259 2169 1513 2243 Spiritus
1561 2171 1751 2227 sancti
1783 2171 1982 2245 signa-

331 2263 453 2329 tus,
484 2258 767 2316 immunis
798 2260 870 2314 ab
896 2258 1057 2314 omni
1089 2258 1205 2314 alia
1231 2259 1447 2315 virtute
1480 2263 1593 2325 est,
1625 2276 1843 2332 perque
1870 2261 1987 2317 tria

333 2348 455 2404 hac
506 2348 747 2404 nomine
798 2347 871 2404 ab
924 2346 1086 2402 omni
1133 2363 1262 2419 qua;
1306 2350 1366 2402 In
1428 2349 1802 2420 corruptione
1849 2349 1982 2422 fuit,

331 2437 520 2493 triade
551 2436 1129 2505 mutatus,liberatus
1157 2440 1290 2507 est;
1324 2436 1462 2493 Cum
1484 2436 1641 2494 enim
1674 2439 1985 2508 imaginem

331 2528 610 2584 terrestris
654 2536 919 2596 gesserat,
961 2528 1044 2583 ita
1093 2535 1224 2582 tunc
1273 2529 1416 2599 gerit
1464 2529 1773 2599 imaginem
1821 2531 1980 2586 cale-

328 2616 429 2673 stis
458 2615 559 2686 (a).

400 2703 644 2763 LXXXI.
675 2704 813 2769 Quae
861 2704 1102 2776 quidem
1151 2704 1308 2776 ignis
1357 2721 1495 2777 pars
1544 2709 1636 2762 est
1668 2702 1981 2780 corporea,

327 2809 573 2866 corpora
593 2793 715 2850 hac
746 2793 949 2849 omnia
978 2793 1214 2866 attingit
1239 2810 1255 2864 ;
1285 2810 1414 2866 qua
1442 2809 1578 2851 vero
1610 2810 1759 2867 pura
1790 2812 1857 2852 ac
1890 2798 1983 2852 in-

330 2898 611 2954 corporea
656 2886 767 2954 est,
816 2882 969 2939 hanc
1015 2882 1222 2939 dicunt
1278 2882 1624 2956 incorporea
1671 2887 1985 2958 attingere,

333 2987 544 3042 nempe
569 2973 889 3043 daemones,
921 2971 1164 3045 angelos
1196 2972 1495 3044 nequitia,
1518 2973 1833 3046 ipsumque
1863 2976 1989 3032 dia-

334 3060 557 3119 bolum.
588 3064 710 3118 Hoc
741 3060 805 3126 ιι(
835 3069 1001 3133 pacto
1029 3061 1185 3134 ignis
1217 3062 1831 3130 subcoelestienatura
1875 3081 1986 3121 sua

333 3148 551 3222 duplex
573 3149 986 3222 est,nimirum
1017 3149 1412 3226 intelligibilis
1440 3155 1499 3207 et.
1526 3152 1828 3209 sensibilis
1861 3170 1875 3209 :
1911 3154 1983 3209 ad

333 3239 608 3296 eumdem
639 3239 882 3295 modum
907 3239 1206 3312 baptisma
1227 3239 1446 3313 duplex
1466 3240 1837 3312 est,alterum
1859 3241 1984 3313 qui-

2152 1722 2357 1780 ﬂ‘."0v
2416 1724 2579 1797 γεννᾷ
2632 1720 2669 1790 ἡ
2733 1718 2943 1795 μήτηρ,
2995 1713 3069 1780 sic
3116 1713 3341 1771 θάνατον
3401 1711 3581 1793 ἄγεται
3641 1715 3734 1771 καὶ

2091 2166 2251 2243 άγίου
2327 2166 2648 2241 Πνεόματος
2728 2165 3097 2243 σφραγισθτὶς,
3166 2161 3539 2235 άντπίληπτός
3633 2160 3751 2220 ἑστι

2091 2258 2234 2332 πάσῃ
2272 2260 2340 2332 τῇ
2400 2253 2549 2333 ἄλλῃ
2611 2253 2858 2328 δυνάμει·
2916 2254 3009 2310 καὶ
3062 2250 3155 2309 διὰ
3208 2256 3378 2330 τριῶν
3436 2249 3751 2326 ὀνομάτων,

2092 2348 2265 2422 πάσῃς
2323 2352 2427 2417 τῆς
2482 2345 2535 2402 ἐν
2586 2347 2764 2424 φθορᾷ
2826 2341 3050 2412 τριάδος
3121 2342 3440 2421 άπηγγάγη·
3501 2341 3752 2420 Φορὲσας

2090 2437 2190 2506 τὴν
2224 2434 2409 2492 εΐκόνα
2462 2438 2561 2492 τοῦ
2619 2438 2841 2511 χοϊκοῦ,
2871 2432 2996 2490 τότε
3041 2438 3202 2513 φορεῖ
3255 2433 3357 2502 τὴν
3412 2430 3597 2487 εἰκόνα
3649 2435 3752 2488 τοῦ

2094 2524 2442 2601 ὶπουρανίου.

2164 2707 2292 2764 IIA'.
2316 2706 2429 2762 Τοῦ
2458 2704 2629 2780 πυρὸς
2656 2703 2720 2759 τὸ
2745 2704 2840 2778 μὶν
2858 2702 3201 2777 σωματικὸν,
3224 2703 3493 2777 σωμάτων
3519 2701 3754 2759 ἅπτεται

2092 2796 2333 2861 πάντων,
2380 2794 2444 2849 τὸ
2491 2790 2551 2849 δὲ
2593 2793 2825 2869 καθαρὸν
2854 2793 2947 2848 καὶ
2976 2792 3265 2866 ἀσώματον
3298 2792 3604 2867 ἀσωμάτων
3645 2812 3751 2871 φα-

2094 2883 2177 2939 σὶν
2205 2884 2481 2949 ἅπτεσθαι,
2537 2883 2653 2937 οἷον
2704 2879 3004 2955 δαιμόνων,
3038 2879 3279 2958 ἀγγέλων
3313 2885 3417 2951 τῆς
3462 2877 3762 2956 πονηρίας,

2093 2972 2258 3029 αὐτοῦ
2298 2973 2398 3027 τοῦ
2441 2965 2728 3029 διαϐόλου.
2761 2968 2951 3033 Οὕτως
3002 2969 3113 3027 ἰστὶ
3164 2969 3229 3025 τὸ
3272 2968 3358 3025 ἐπ’
3388 2968 3613 3046 οὐρανὸν
3644 2971 3758 3044 πῦρ

2095 3060 2277 3119 δισσὸν
2308 3062 2412 3130 τήο
2438 3060 2597 3140 φύσιν
2632 3064 2770 3135 (22),
2800 3060 2863 3116 τὸ
2897 3062 2993 3134 μὲν
3024 3060 3252 3137 νοητὸν,
3290 3060 3356 3116 τὸ
3386 3056 3445 3115 δὲ
3472 3059 3762 3129 αἰσθητόν.

2096 3150 2195 3207 Καὶ
2225 3151 2289 3206 τὸ
2323 3150 2606 3227 βάπτισμα
2649 3148 2744 3205 οὖν
2793 3148 3026 3206 διπλοῦν
3075 3147 3387 3224 ἀναλόγως,
3416 3149 3478 3204 τὸ
3670 3146 3762 3203 αἲ-

2095 3240 2316 3311 σθητὸν,
2349 3237 2419 3295 δι’
2469 3236 2686 3308 ὕδατος,
2732 3242 2833 3295 τοῦ
2875 3238 3140 3309 αἲσθητοῦ
3195 3238 3369 3313 πυρὸς
3409 3231 3761 3308 σϐεστήριον·

331 3329 465 3386 dem
499 3328 960 3401 sensibile,qu0d
993 3345 1096 3401 per
1124 3344 1337 3401 aquam
1361 3329 1604 3400 fit,quod
1629 3329 1827 3402 ignem
1849 3347 1981 3388 sen-

2118 3331 2159 3385 τὸ
2188 3327 2247 3385 δὲ
2282 3330 2506 3399 νοητὸν,
2560 3325 2652 3384 διὰ
2706 3327 3023 3402 Πνεύματος
3073 3328 3211 3402 (23),
3257 3331 3357 3384 τοῦ
3403 3330 3607 3397 νοητοῦ
3655 3347 3768 3383 πυ-

331 3417 564 3475 sibilem
595 3417 1005 3492 exstinguendi
1035 3419 1152 3473 vim
1185 3417 1397 3486 habet;
1431 3417 1681 3475 alterum
1722 3435 1857 3476 vero
1889 3420 1982 3476 in-

2118 3419 2198 3482 >ὸς
2269 3417 2659 3493 ἀλεξητήριον.
2739 3415 2947 3474 Καὶτό
3006 3417 3322 3490 σωματικὸν
3392 3419 3608 3491 πνεῦμα
3669 3419 3771 3472 τοῦ

330 3506 655 3580 telligibile,
688 3523 791 3579 per
819 3505 1131 3580 Spiritum,
1179 3507 1337 3579 quod
1390 3507 1546 3578 ignis
1596 3506 1991 3581 intelligibilis

2118 3507 2371 3579 ιῗσθητοῦ
2450 3508 2626 3582 πυρὸς
2705 3507 2884 3584 τροφή
2969 3507 3061 3562 καὶ
3146 3507 3464 3581 ὑπέκκαυμα
3542 3504 3776 3581 γίνεται,

331 3601 422 3654 est
449 3595 774 3653 remedium
825 3595 1223 3667 eamdemque
1273 3596 1604 3668 depellendi
1637 3597 1756 3652 vim
1791 3597 1987 3654 habet.

331 3684 588 3758 b‘piritus
615 3683 795 3740 etiam
825 3700 1140 3755 corporeus
1191 3700 1295 3741 ceu
1341 3688 1571 3756 ventus,
1608 3685 1763 3758 ignis
1795 3686 1991 3743 sensi-

336 3772 474 3829 bilis
503 3772 672 3829 cibus
702 3777 878 3845 atque
910 3775 1093 3830 lomes
1140 3779 1252 3844 est,
1302 3789 1438 3829 cum
1487 3774 1763 3830 modicus
1796 3775 1993 3847 fuerit,

338 3861 429 3919 sin
466 3865 667 3918 autem
697 3861 832 3934 plus
860 3877 1026 3934 isquo
1058 3862 1236 3919 fuerit
1267 3878 1335 3918 ac
1383 3861 1730 3931 vehemens,
1769 3864 1991 3919 exstin-

2106 3597 2297 3673 ὀλίγον
2329 3592 2413 3652 ὅν·
2466 3594 2659 3653 πλιῖον
2711 3593 2769 3651 δὶ
2815 3596 3132 3672 γενόμενον,
3181 3589 3506 3671 σϐεστήριον
3547 3593 3777 3673 πέφυκε.

2101 3687 2181 3745 Τὸ
2224 3684 2284 3743 δὶ
2311 3684 2516 3751 ἄνωθεν
2561 3682 2716 3741 δοθὲν
2779 3686 2922 3758 ἡμῖν
2961 3687 3195 3758 πνεῦμα,
3242 3683 3534 3757 ἀσώματον
3585 3681 3665 3751 ὃν,
3712 3681 3777 3738 οὗ

2101 3776 2392 3852 στοιχείων
2425 3774 2631 3849 μόνων,
2664 3771 2814 3830 ἀλλὰ
2859 3773 2950 3830 καὶ
2982 3770 3265 3848 δυνάμεων
3294 3777 3486 3850 κραττῖ
3529 3772 3621 3829 καὶ
3664 3772 3763 3850 άρ·

2103 3868 2222 3941 χῶν
2250 3868 2530 3941 πονηρῶν.

339 3951 557 4025 guendi
589 3951 704 4007 vim
737 3950 932 4008 habet.
962 3952 1218 4025 Spiritus
1246 3956 1465 4019 autem,
1497 3953 1598 4023 qui
1632 3968 1662 4008 e
1691 3951 1839 4008 coelo
1869 3953 2039 4011 nobis
2070 3956 2245 4013 datus
2274 3960 2385 4026 est,
2412 3955 2795 4029 incorporeus
2826 3969 2963 4012 cum
2995 3952 3093 4024 sit,
3124 3970 3241 4011 non
3271 3952 3466 4011 solum
3495 3951 3759 4011 elemen-

344 4046 559 4107 torum,
596 4057 798 4098 verum
827 4040 1001 4099 eiiam
1024 4043 1406 4115 potestatum,
1429 4044 1488 4097 et
1517 4039 1956 4114 principatuum
1993 4043 2282 4102 malorum
2314 4044 2631 4117 imperium
2660 4043 2774 4101 sibi
2803 4043 3086 4101 vindicat.

416 4129 691 4188 LXXXII.
729 4135 972 4203 Insuper
1001 4129 1173 4203 panis
1202 4134 1382 4203 atque
1431 4128 1625 4187 oleum
1661 4129 1863 4187 eadem
1899 4146 2001 4188 uo-

343 4220 522 4277 minis
567 4219 781 4276 virtute
842 4220 1311 4290 sanctificantur,
1366 4236 1481 4276 non
1541 4235 1740 4277 revera
1791 4220 1998 4277 eadem

340 4314 517 4385 prout
549 4313 833 4384 apparent
860 4325 987 4384 quae
1020 4313 1162 4366 sunt
1190 4313 1453 4382 accepta,
1486 4309 1590 4366 sed
1622 4309 1835 4368 virtute
1859 4326 2005 4384 qua-

342 4400 478 4457 dam
510 4400 571 4456 in
600 4400 879 4457 virtutem
912 4398 1292 4473 spiritualem
1346 4401 1676 4457 mutantur.
1727 4399 1813 4457 Ad
1841 4399 2003 4458 hunc

346 4490 588 4547 modum
623 4492 682 4545 et
710 4505 866 4562 aqua
895 4505 1026 4561 quae
1074 4487 1438 4546 exorcizatur
1481 4493 1540 4547 et
1588 4490 1890 4564 baptisma
1914 4490 2003 4559 fit,

349 4595 466 4636 non
497 4578 690 4636 solum
722 4578 880 4652 quod
911 4578 1172 4636 deterius
1221 4584 1313 4637 est
1364 4579 1542 4654 capit,
1595 4597 1799 4637 verum
1829 4580 2004 4638 etiam

353 4667 882 4725 sanctiﬁcationem
911 4668 1144 4742 accipit.

427 4758 738 4815 LXXXIII.
772 4757 858 4814 Ad
890 4757 1187 4847 baptisma
1205 4759 1530 4832 gaudentes
1561 4760 1839 4817 accedere
1868 4776 2003 4818 con-
2038 4781 2084 4847 Β

355 4848 643 4906 veniebat.
675 4847 783 4905 Sed
816 4846 1098 4921 quoniam
1142 4863 1545 4920 saepenumero
1595 4849 2008 4906 descendenti-

360 4940 474 4995 bus
506 4936 806 4995 nonnullis
832 4935 1077 5011 spiritus
1109 4936 1284 4993 etiam
1334 4937 1555 5010 impuri
1605 4955 1725 4994 una
1769 4937 2011 4995 descen-

361 5031 532 5098 dunt,
589 5042 848 5100 cumque
903 5026 1146 5084 homine
1221 5027 1398 5098 sigilli
1457 5028 1608 5083 fiunt
1668 5026 2012 5101 participes,

361 5117 725 5175 insanabiles
771 5115 831 5172 in
882 5118 1183 5189 posterum
1214 5114 1370 5171 ~facti
1424 5118 1585 5184 sunt,
1637 5115 1910 5187 hancque
1937 5115 2013 5172 ob

360 5223 599 5266 causam
631 5204 849 5279 gaudio
871 5204 1050 5261 timor
1068 5204 1523 5274 admiscetur,ut
1551 5203 1687 5277 quis
1709 5217 1891 5278 purus
1917 5219 2011 5260 so-

356 5298 452 5355 lus
480 5297 609 5372 ipse
639 5293 1033 5352 descenderit.

2176 4135 2307 4191 IIB’.
2342 4131 2448 4190 Καὶ
2496 4133 2525 4188 ὁ
2557 4129 2720 4208 ἄρτος
2772 4130 2863 4187 καὶ
2892 4132 2956 4187 τὸ
2985 4124 3169 4187 ἔλαιον
3220 4130 3499 4207 ἁγιάζεται
3544 4132 3617 4206 τῇ
3666 4125 3764 4185 δυ-

2107 4221 2267 4295 νάμει
2312 4223 2407 4276 τοῦ
2456 4215 2726 4294 ὀνόματος
2768 4222 2905 4294 (24),
2952 4218 3014 4276 οὐ
3056 4218 3124 4275 τά
3169 4216 3304 4274 αὐτὰ
3346 4213 3475 4275 ὄντα
3519 4216 3660 4274 κατὰ
3699 4217 3764 4273 τὸ

2108 4308 2436 4389 φαινόμενον
2495 4308 2588 4366 οἷα
2643 4306 2885 4385 ἐλήφθη,
2916 4305 3065 4365 ἀλλὰ
3121 4305 3347 4383 δυνάμει
3404 4306 3481 4371 εἰς
3534 4303 3768 4381 δύναμιν

2109 4402 2482 4477 πνευματικὴν
2546 4395 2973 4477 μεταϐέϐληται.
3029 4398 3189 4458 Οὕτω
3245 4398 3335 4456 καὶ
3380 4399 3444 4456 τὸ
3492 4395 3641 4475 ὕδωρ
3669 4398 3761 4454 καὶ

2109 4495 2172 4551 τὸ
2229 4492 2643 4570 ἐξορκιζόμινον
2703 4494 2792 4551 καὶ
2860 4493 2923 4549 τὸ
2994 4493 3278 4569 βάπτισμα
3330 4491 3642 4567 γινόμενον,
3704 4482 3800 4547 οὗ⁹

2115 4585 2282 4658 μόνον
2315 4589 2496 4662 χωρεῖ
2519 4584 2584 4641 τὸ
2615 4588 2829 4660 χεῖρον,
2860 4580 3007 4639 ἀλλὰ
3054 4581 3146 4638 καὶ
3178 4582 3445 4660 άγιασμὸν
3476 4578 3772 4659 προσλαμο

2114 4670 2285 4732 ϐάνει.

2188 4765 2311 4823 IlI".
2345 4764 2470 4822 Ἐπὶ
2497 4763 2561 4819 τὸ
2614 4761 2896 4839 βάπτισμα
2946 4761 3243 4839 χαίροντας
3290 4754 3549 4837 ἔρχεσθαι
3590 4780 3768 4837 προσ-

2118 4857 2271 4923 ἧκεν,
2326 4848 2483 4906 ’Λλλ’
2542 4847 2660 4904 ἐπεὶ
2716 4846 2993 4912 πολλάκις
3049 4841 3462 4923 συγκαταϐαίνει
3512 4847 3622 4902 τισὶ
3675 4844 3771 4901 καὶ

2121 4940 2393 5016 ἀκάθαρτα
2447 4937 2729 5010 πνεῦματα
2783 4939 3328 5014 παρακολουθοῦντα,
3387 4935 3477 4993 καὶ
3528 4934 3772 5013 τυχόντα

2124 5029 2261 5103 μετὰ
2286 5031 2384 5083 τοῦ
2427 5026 2716 5105 ἀνθρώπου
2759 5032 2861 5096 τῆς
2911 5022 3228 5104 σφραγῖδος,
3280 5022 3472 5081 άνίατα
3511 5027 3610 5080 τοῦ
3652 5023 3779 5080 λοι-

2122 5119 2228 5174 ποῦ
2270 5117 2496 5193 γίνεται,
2529 5116 2563 5170 ἅ
2588 5118 2658 5190 τῇ
2717 5119 2863 5191 χαρᾷ
2910 5111 3281 5193 συμπλέκεται
3332 5109 3527 5192 φόϐος,
3553 5111 3648 5170 ’ίια
3691 5133 3782 5175 τις

2127 5192 2295 5273 μόνος
2326 5197 2562 5273 καθαρὸς
2593 5194 2754 5261 αὐτὸς
2780 5192 3042 5270 κατέλθῃ.

467 5396 531 5463 ιι(
559 5398 668 5454 978
695 5394 810 5452 ED.
844 5392 1141 5451 POTTER.
1251 5392 1331 5466 (a)
1364 5392 1387 5448 Ι
1417 5392 1546 5451 Cor.
1587 5408 1679 5465 xv,
1710 5392 1804 5451 49.

430 5498 547 5570 (22)
587 5492 861 5570 Οὕτως...-
891 5491 1096 5570 φύσιν.-
1114 5492 1181 5549 Η.
1229 5507 1369 5570 m_s.,
1403 5486 1578 5570 οὕτως
1593 5488 1720 5570 ἐστὶ
1752 5489 1815 5545 τὸ
1861 5486 2025 5570 ἐπου-

365 5559 549 5647 ράνιον
584 5573 692 5644 πῦρ
723 5559 914 5647 δισσᾷν
937 5564 1037 5647 τῂν
1071 5559 1333 5647 διαφορὰν
1354 5559 1549 5647 ξφόσιν.
1751 5568 2022 5647 qonstru-

366 5630 580 5701 ctionis
612 5630 821 5712 norma
850 5637 926 5712 in_
942 5630 1210 5712 clausula
1237 5630 1503 5710 postulat
1532 5637 1731 5712 potius
1762 5630 2022 5712 διάφορον

374 5714 555 5791 φύσιν,
577 5712 675 5791 vel
707 5707 967 5791 διαφοράν
1015 5706 1220 5791 φρςιει,⁸
1240 5705 1346 5765 aut
1384 5705 1877 5765 accusativorum'
1902 5705 2027 5764 illo-

379 5781 509 5841 i-um
543 5781 821 5838 alteruter
841 5781 1152 5839 redundat.
1185 5781 1475 5838 SYLBURG.

455 5852 568 5928 (23)
597 5852 704 5906 Δτὰ
750 5850 1084 5927 Πνεόματος.
1116 5857 1183 5910 Η.
1234 5849 1326 5909 διὰ
1364 5855 1461 5907 τοῦ
1506 5848 1839 5927 Πνιύματος,
1891 5865 2026 5909 cum

2135 5489 2383 5546 articulo
2412 5488 2701 5546 Susum.

2204 5561 2319 5632 (24)
2361 5557 2675 5634 Ἀγιάζεται
2717 5557 2786 5634 τῇ
2831 5550 3063 5634 δυνάμει
3106 5557 3206 5610 τοῦ
3246 5552 3416 5634 όνόμ.
3465 5552 3788 5634 Gregorius

2135 5628 2790 5706 Nyssenus'homiliain
2813 5645 2862 5686 s.
2897 5628 3211 5701 baptisma.
3242 5631 3315 5706 ῌ.
3348 5628 3431 5686 De
3458 5628 3790 5706 exorcismo

2137 5699 2327 5762 autem
2361 5705 2516 5776 quod
2550 5703 2839 5776 sequitur,
2874 5699 2994 5756 non
3038 5699 3309 5776 congruit
3337 5716 3473 5756 cum
3506 5715 3595 5769 eo,
3629 5699 3785 5772 quod

2136 5793 2320 5851 supra
2344 5771 2547 5833 docuit
2574 5771 2846 5831 Clemens
2874 5787 3006 5846 pag.
3041 5771 3179 5830 177$
3208 5771 3497 5830 Svnsuao.
