4124 6438
327 479 436 537 699

1570 486 1909 543 CIBMENS
1943 486 2516 545 ALBXANDRINUB

3635 478 3747 535 760

329 621 431 662 eos
460 609 758 675 asserunt,
788 605 1125 672 Benedicite,
1150 610 1295 675 cali,
1316 608 1651 677 Dominum;
1686 606 1908 666 laudate
1923 617 1976 666 et

2110 611 2322 682 ιογεῖτε,
2384 608 2435 662 οἱ
2494 606 2737 681 οὐρανοὶ,
2792 606 2884 662 τὸν
2940 603 3158 680 Κύριον·
3216 604 3435 678 ὑμνεῖτε
3461 600 3745 677 καὶδὺπερ-

325 696 737 766 superexaltate
797 696 959 750 illum
1004 695 1065 751 in
1112 696 1348 754 saecula.
1410 698 1598 755 Dein:
1635 700 1972 768 Benedicite,

331 786 540 858 angeli,
573 786 885 841 Dominum.
916 789 1121 843 Porro:
1150 787 1480 859 Benedicile,
1505 805 1683 860 aquas,
1711 793 1761 845 et
1790 790 1979 845 omnia

331 891 451 947 qum
480 891 647 946 super
674 874 832 929 cmlos
877 884 1032 940 sunt,
1084 876 1398 932 Dominum.
1450 877 1543 933 Sic
1593 876 1874 932 nimirum
1905 878 1976 933 de

332 961 718 1033 potestatibus
751 960 916 1034 puris
935 962 1246 1034 Scriptura
1280 970 1665 1020 sacrosanctae
1697 965 1978 1037 interpreo

331 1054 531 1106 tantur
550 1048 723 1106 caelos
744 1066 812 1105 ac
834 1052 1201 1122 aquas,sicut
1221 1058 1277 1109 et
1297 1054 1353 1109 in
1370 1054 1576 1110 Genesi
1601 1054 1824 1125 liquido
1844 1070 1978 1110 con-

332 1142 446 1194 stat
465 1138 563 1210 (α).
600 1138 808 1195 Merito
831 1138 1032 1211 itaque
1064 1141 1224 1196 varia
1248 1144 1408 1198 vocis
1440 1138 1718 1215 δυνάμεως
1748 1142 1977 1216 signiﬁ-

332 1228 484 1284 catio
519 1245 650 1284 cum
684 1228 879 1301 fuerit,
912 1229 1226 1302 subjungit
1254 1231 1491 1289 Daniel:
1520 1233 1832 1290 Benedicito
1861 1250 1976 1289 om-

330 1320 419 1373 nis
447 1327 682 1389 potestas
715 1319 1026 1374 Dominum.
1067 1320 1212 1375 Dein
1245 1321 1449 1377 ordine
1483 1339 1496 1378 :
1531 1324 1843 1380 Benedicite
1898 1325 1978 1380 sol

332 1419 382 1464 et
415 1409 568 1476 luna,
602 1407 918 1477 Dominum;
951 1408 1232 1481 insuper:
1268 1411 1606 1479 Benedzcite,
1636 1413 1805 1469 stellae
1835 1412 1978 1481 ca'li,

332 1497 648 1570 Dominum,
696 1497 1033 1565 Benedicite,
1085 1515 1272 1556 omnes
1328 1500 1611 1572 religiosi,
1645 1501 1980 1572 Dominum,-

330 1589 503 1644 Dcum
532 1587 763 1644 deorum
794 1588 1015 1643 laudate
1044 1598 1095 1645 et
1126 1590 1474 1661 conﬁtemini
1508 1592 1598 1647 illi
1628 1594 1890 1664 quoniam
1920 1591 1978 1648 in

332 1679 523 1735 omm‘a
549 1678 751 1733 saecula
780 1678 1162 1735 misericordia
1211 1681 1326 1751 ejus
1348 1681 1444 1753 (b).
1496 1681 1555 1737 In
1588 1678 1829 1737 Daniele
1859 1681 1983 1739 haec

333 1767 445 1824 ecri
457 1771 554 1839 pta
585 1766 862 1840 reperias,
896 1769 1040 1824 dum
1092 1770 1257 1840 pueri
1287 1775 1405 1826 tres
1436 1770 1497 1826 in
1529 1770 1761 1828 camino
1794 1770 1981 1828 Deum

333 1872 509 1913 suum
540 1856 854 1912 celebrant.

2088 699 2292 771 υψοῢτε
2350 697 2513 753 αὐτὸν
2570 696 2646 759 εἷς
2692 694 2821 759 τοὺς
2880 693 3082 757 αἶ’ῶνας
3117 737 3131 752 .
3181 694 3349 761 Εἶτα,
3410 689 3738 768 Εὑλογεῖτε,

2086 782 2335 862 ἄγγελοι,
2390 787 2481 842 τὸν
2537 785 2732 863 Κύριον
2790 786 2919 861 (26)·
2983 785 3115 855 εἶτα,
3171 783 3515 858 Εὑλογεῖτε,
3573 778 3743 838 ὕδατα

2086 876 2176 931 καὶ
2250 877 2423 932 πάντα
2499 876 2567 932 τὰ
2635 876 2816 932 ἐπάνω
2884 878 2981 930 τοῦ
3057 868 3313 950 ούρανοῦ,
3370 873 3460 929 τὸν
3515 870 3739 948 Κύριον.

2088 964 2277 1029 Οὕτως
2317 964 2403 1022 ἐπὶ
2457 963 2738 1040 δυνάμεων
2785 966 3070 1021 τάσσουσιν
3123 964 3178 1019 αἱ
3232 961 3439 1041 Γραφαὶ
3488 962 3737 1035 καθαρῶν

2085 1055 2212 1119 τοὺς
2245 1054 2511 1131 οὐρανοὺς
2554 1056 2644 1110 καὶ
2676 1056 2741 1109 τὰ
2771 1051 2959 1123 ὕδατα,
3019 1055 3094 1118 ὡς
3147 1055 3238 1109 καί
3297 1051 3385 1108 ἐπὶ
3440 1050 3510 1126 τῇ
3534 1049 3740 1127 γενέσει

2089 1142 2375 1215 δηλοῦται.
2428 1144 2671 1208 Εἰκότως
2728 1142 2820 1199 οὑν
2877 1144 3146 1205 ποικίλως
3174 1149 3274 1212 τῆς
3303 1139 3584 1215 δυνάμεως
3615 1139 3739 1196 ὀνο-

2094 1232 2423 1307 μαζομένης,
2481 1232 2665 1309 ἐπάγει
2722 1230 2948 1303 Δανιήλ·
3007 1230 3326 1308 Εὑλογείτω
3383 1236 3529 1286 πᾶσα
3580 1226 3741 1285 δύνα-

2093 1345 2184 1397 μις
2257 1324 2348 1378 τὸν
2417 1323 2643 1396 Κύριον·
2711 1323 2823 1378 εἶνα
2898 1320 3112 1400 ἐφεξῆς,
3186 1319 3504 1396 Εὖλογεῖτε,
3580 1317 3745 1388 ἥλιος

2088 1412 2179 1470 καὶ
2236 1411 2464 1483 σελήνη,
2524 1411 2615 1468 τὸν
2674 1409 2906 1486 Κύριον·
2965 1410 3078 1480 καὶ,
3129 1408 3445 1486 Εὑλογεῖτε,
3479 1409 3547 1464 τὰ
3575 1404 3746 1485 ἄστρα

2091 1505 2201 1577 (27)
2230 1506 2327 1558 τοῦ
2381 1501 2636 1576 ούρανοῦ,
2668 1502 2759 1556 τὸν
2803 1501 3022 1577 Κύριον·
3071 1496 3388 1576 Εὑλογεῖτε,
3442 1498 3637 1561 πάντες
3690 1498 3745 1553 οἱ

2091 1587 2402 1665 σεϐόμενοι,
2455 1591 2678 1665 Κύριον·
2735 1590 2824 1646 τὸν
2882 1589 3009 1646 Θεὸν
3068 1593 3175 1645 τῶν
3222 1590 3355 1644 θεῶν
3389 1589 3607 1663 ὑμνεῖτε
3653 1585 3746 1643 καὶ

2091 1680 2530 1757 ἐξομολογεῖσθε,
2581 1680 2665 1737 ὅτι
2725 1680 2800 1743 εἴς
2854 1680 3060 1741 πάντας
3086 1677 3214 1743 τοὺς
3239 1677 3441 1741 αἰῶνας
3479 1678 3542 1733 τὸ
3589 1674 3746 1740 ἔλεος

2090 1769 2274 1826 αὑτοῦ·
2313 1769 2365 1825 ἐν
2418 1774 2496 1842 τῷ
2522 1768 2725 1838 Δανιὴλ
2754 1768 3075 1847 γέγραπται,
3105 1771 3214 1824 τῶν
3244 1772 3412 1844 τριῶν
3444 1763 3655 1823 παίδων
3686 1765 3741 1824 ἑν

2090 1865 2159 1937 τῇ
2189 1858 2407 1933 καμίνῳ
2438 1858 2776 1934 ὑμνούντων.

410 1946 479 2000 ll.
512 1944 835 2002 Benedictus
855 1962 933 2017 es,
968 1949 1066 2018 qui
1085 1947 1320 2003 intueris
1334 1949 1581 2022 abyssos,
1610 1949 1800 2006 sedens
1818 1967 1984 2024 super

2162 1951 2240 2007 B'.
2297 1948 2692 2042 Εὐλογημένος
2749 1947 2797 2004 εἶ
2847 1948 2876 2002 6
2928 1945 3160 2042 βλέπων.
3207 1946 3530 2042 ἀούσιτους,Δ
3570 1946 3743 2017 καθή-

333 2034 639 2107 cherubim,
674 2034 887 2107 inquit,
926 2035 1121 2091 Daniel
1145 2036 1237 2109 (c),
1266 2053 1445 2094 sensu
1480 2037 1652 2111 plane
1680 2038 1742 2102 ἰα
1773 2040 1977 2097 eodem

2110 2060 2249 2101 ιενος
2306 2038 2394 2095 ἐπὶ
2446 2033 2744 2116 χερουϐὶμ,
2778 2038 2806 2093 ὁ
2850 2037 3054 2106 Δανιὴλ
3104 2033 3275 2111 λέγει,
3336 2032 3619 2109 ὁμοδοξῶν
3658 2038 3741 2107 τῷ

334 2142 402 2180 ac
432 2125 650 2195 Enocb,
685 2126 782 2196 qui
811 2124 958 2180 dixit
990 2141 1002 2180 :
1037 2129 1102 2182 Et
1132 2125 1252 2182 vidi
1280 2141 1466 2184 omnes
1488 2127 1782 2185 materias.
1809 2130 1986 2201 Abys-

336 2231 438 2272 sus
471 2214 628 2269 enim
661 2218 770 2285 est,
803 2214 959 2285 quod
991 2217 1320 2271 secundum
1366 2217 1764 2274 substantiam
1815 2235 1985 2275 suam

338 2305 605 2376 spectata
624 2301 1073 2359 interminatum
1100 2309 1209 2371 cst,
1234 2303 1333 2360 Dei
1357 2309 1555 2361 autem
1583 2306 1845 2379 potentia
1867 2311 1987 2363 ter-

342 2392 624 2447 minatur.
657 2391 1018 2447 Substantiaa
1061 2392 1260 2465 itaque
1287 2393 1647 2465 materiales,
1679 2413 1748 2452 ex
1770 2395 1987 2468 quibus

341 2496 557 2554 genera
586 2497 651 2536 ac
674 2480 911 2537 illorum
942 2481 1164 2554 species
1193 2499 1262 2539 ex
1292 2487 1457 2555 parte
1485 2483 1856 2557 fiunt,abyssi
1888 2502 1987 2542 vo-

344 2574 571 2627 cantur.
606 2570 828 2643 Quippe
845 2586 964 2627 non
994 2569 1180 2628 solam
1208 2588 1421 2644 aquam
1438 2574 1661 2630 vocavit
1682 2575 1987 2648 abyssum;

344 2658 615 2731 quamvis
636 2663 693 2714 et
731 2675 886 2731 aqua
907 2676 1034 2732 quis
1057 2659 1324 2733 abyssus,
1364 2660 1674 2736 allegorice
1703 2662 1835 2737 ipsa
1866 2680 1987 2720 ma-

344 2748 493 2805 teria
523 2748 960 2820 interpretatur.

418 2836 516 2894 III.
539 2838 600 2894 In
637 2836 915 2909 principio
944 2840 1149 2897 creavit
1178 2840 1320 2897 Deus
1354 2841 1550 2897 ctelum
1569 2845 1622 2899 et
1643 2849 1849 2899 terram
1869 2841 1945 2914 (ά)
1969 2860 1984 2913 ;

346 2926 648 2984 terrestria
679 2928 959 2986 nimirum
996 2947 1062 2987 ac
1094 2930 1373 2990 caelestia.
1427 2933 1587 2999 Quod
1640 2937 1838 2989 autem
1882 2932 1992 2991 hoc

345 3034 548 3074 verum
582 3017 677 3086 sit,
711 3019 781 3074 ad
816 3018 959 3076 Osee
991 3019 1137 3076 dixit
1158 3021 1480 3078 Dominus:
1515 3024 1691 3094 Vade,
1713 3040 1866 3080 sume
1887 3022 1993 3081 tibi

344 3124 572 3164 uxorem
599 3109 1015 3183 fornicationis,
1039 3112 1201 3183 atque
1228 3111 1377 3183 ﬁlios
1405 3114 1822 3185 fornicationis;
1856 3130 1989 3186 quo-

344 3197 501 3254 niam
554 3200 836 3269 fornicans
893 3200 1274 3271 fornicabitur
1345 3206 1495 3260 terra
1549 3220 1583 3259 a
1638 3203 1990 3276 Domino(e).

344 3284 470 3344 Non
521 3288 677 3344 enim
723 3288 1080 3346 elementum
1130 3290 1431 3364 intelligit,
1481 3293 1581 3349 sed
1630 3292 1765 3350 illos
1796 3294 1895 3367 qui
1926 3293 1988 3349 in

344 3376 629 3435 elemento
651 3382 810 3446 sunt,
845 3379 1124 3435 nimirum
1156 3381 1258 3454 qui
1289 3398 1465 3439 sensu
1498 3386 1730 3439 terreno
1762 3384 1988 3456 praediti

349 3471 509 3525 sunt.

419 3556 511 3613 IV.
543 3556 705 3621 Quod
738 3574 874 3614 vero
905 3557 1088 3616 Filius
1107 3560 1186 3615 sit
1215 3560 1570 3634 principium
1599 3578 1664 3619 ac
1698 3567 1898 3634 caput,
1924 3561 1994 3618 1i-

346 3647 525 3719 quido
550 3647 720 3703 docet
750 3646 912 3703 Osee.
944 3649 1021 3704 Et
1049 3648 1155 3707 erit
1182 3651 1243 3706 in
1274 3650 1391 3708 loco
1419 3651 1518 3708 ubi
1543 3650 1753 3708 dictum
1778 3653 1849 3708 sit
1879 3652 1998 3709 eis:

350 3738 469 3794 Non
496 3744 729 3809 pOpulus
783 3753 938 3794 meus
975 3754 1086 3809 vos,
1136 3741 1480 3797 vocabuntur
1508 3758 1573 3797 ac
1601 3741 1713 3813 ipsi
1757 3740 1870 3812 ﬁlii
1900 3744 2003 3799 Dei

349 3828 608 3883 viventis.
642 3828 706 3882 Et
736 3828 1221 3900 congregabantur
1234 3830 1343 3901 ﬁlii
1367 3831 1537 3886 Israel
1566 3832 1757 3899 simul,
1788 3836 1843 3888 et
1869 3848 1998 3889 con-

347 3918 577 3974 stituent
605 3918 720 3974 sibi
744 3922 909 3991 caput
939 3934 1135 3985 unum,
1167 3923 1218 3977 et
1247 3922 1538 3978 ascenderit
1578 3922 1644 3979 de
1692 3931 1844 3979 terra
1875 3938 2001 3996 quo-

347 4009 504 4064 niam
553 4024 793 4078 magnus
833 4008 951 4066 dies
1006 4009 1345 4082 Israelis(f).
1407 4013 1632 4083 Quippe
1677 4012 1771 4067 cui
1816 4012 2002 4068 credit

350 4098 500 4170 quis,
534 4097 693 4153 bunc
723 4098 893 4155 etiam
928 4097 1146 4171 seligit.
1182 4099 1376 4155 Credit
1404 4106 1599 4157 autem
1646 4102 1782 4173 quis
1829 4100 1999 4174 Filio,

349 4187 451 4259 qui
483 4192 571 4244 est
598 4187 955 4261 principium
989 4205 1092 4244 ceu
1119 4194 1316 4261 caput;
1351 4190 1733 4261 quamobrem
1763 4196 1821 4247 et
1852 4190 2000 4248 ulte-

351 4277 476 4334 rius
498 4278 683 4333 dixit:
710 4278 986 4335 Filiorum
1015 4287 1196 4335 autem
1222 4280 1367 4335 Iuda
1398 4280 1718 4349 miserebor,
1770 4297 1836 4338 ac
1884 4282 2000 4337 sal-

350 4368 487 4424 rabo
518 4369 577 4422 in
600 4368 831 4425 Domino
879 4368 986 4424 Deo
1027 4369 1391 4440 ipsorum(g).
1439 4369 1705 4427 Salvator
1750 4386 1883 4427 vero
1913 4374 2005 4427 est

352 4456 452 4529 i]le
484 4457 585 4528 qui
614 4456 809 4513 salvos
841 4456 979 4513 facit
1009 4473 1220 4529 nempe
1249 4457 1434 4515 Filius
1465 4457 1607 4531 Dei;
1656 4459 1751 4516 hic
1802 4459 2004 4532 itaque

353 4545 650 4618 primitiae,
686 4544 1042 4618 principium
1075 4563 1181 4604 ceu
1213 4550 1392 4620 caput
1424 4551 1537 4604 est.

396 4630 493 4688 'V.
527 4633 781 4706 Spiritus
829 4632 973 4690 dicit
1000 4651 1103 4706 per
1133 4634 1281 4691 Osee
1315 4653 1327 4690 :
1355 4636 1461 4708 Ego
1501 4639 1769 4707 magister
1801 4642 1998 4695 vester.

2091 2128 2275 2204 Ἐνὼχ
2322 2130 2456 2201 (28),
2504 2131 2586 2200 τῷ
2640 2124 2906 2203 εἰρηκότι·
2969 2125 3069 2182 Καὶ
3117 2122 3256 2181 εἶδον
3300 2123 3396 2187 τὰς
3455 2122 3590 2186 ὕλας
3630 2124 3742 2179 πά-

2090 2239 2186 2281 σας
2216 2237 2229 2251 ·
2291 2212 2525 2281 ἄϐυσσος
2574 2218 2674 2292 γὰρ
2730 2215 2793 2272 τὸ
2849 2215 3196 2291 ἀπεράτωτον
3247 2214 3387 2270 κατᾶ
3439 2215 3541 2284 τήν
3599 2210 3744 2269 ῗδίαν

2094 2307 2407 2378 ὑπόστασιν,
2466 2306 2863 2381 περαιούμενοε
2911 2301 2969 2360 δὲ
2994 2307 3065 2378 τῇ
3097 2300 3320 2377 δυνάμει
3346 2307 3445 2359 τοῦ
3474 2306 3632 2360 Θεοῦ.
3672 2303 3748 2361 Ai.

2089 2398 2273 2452 τοίνυν
2334 2394 2512 2451 οὐσίαι
2551 2394 2761 2467 ὑλικαὶ,
2819 2394 2910 2469 ἀφ’
2964 2390 3037 2449 ὢν
3095 2393 3164 2449 τὰ
3218 2391 3307 2448 ἐπὶ
3367 2392 3564 2469 μέρους
3613 2389 3746 2467 γένη

2091 2484 2181 2541 καὶ
2232 2487 2301 2540 τὰ
2345 2484 2552 2541 τούτων
2604 2481 2721 2555 ε’ίδη
2752 2483 2976 2561 γίνεται,
3037 2483 3262 2539 ἅουσσοι
3312 2479 3576 2559 ε’ίρηνται·
3627 2479 3750 2538 ἐπεὶ

2098 2574 2262 2648 μόνον
2294 2574 2358 2630 τὸ
2385 2571 2530 2648 ὕδωρ
2555 2574 2654 2630 οὑκ
2683 2574 2742 2629 ἃν
2778 2572 2920 2629 εἶπεν
2954 2567 3207 2629 ἄϐυσσον·
3242 2571 3332 2629 καί
3361 2592 3448 2628 τοι
3477 2571 3568 2629 καὶ
3599 2568 3752 2648 ὕδωρ

2094 2660 2327 2723 ἄϐυσσον
2369 2666 2404 2735 ἡ
2437 2661 2543 2734 ὕλη
2577 2662 2992 2740 ἀλληγορεῖται.

2166 2844 2239 2902 Γ’.
2271 2844 2359 2901 Ἐν
2393 2843 2540 2921 ἀρχῆ
2574 2840 2827 2914 ἐποίησεν
2875 2843 2904 2897 ὁ
2943 2844 3073 2907 Θεὸς
3116 2841 3206 2898 τὸν
3255 2841 3484 2918 οὐρανὸν
3516 2840 3607 2896 καὶ
3646 2841 3749 2911 τήν

2092 2938 2218 3009 γῆν,
2248 2931 2317 2989 τὰ
2341 2935 2505 3008 γήϊνα
2534 2931 2622 2987 καὶ
2662 2931 2730 2986 τὰ
2773 2930 3019 3007 οὐράνια.
3051 2931 3175 2988 ’Ότι
3209 2927 3268 2986 δὶ
3311 2932 3475 2985 τοῦτο
3517 2925 3748 3001 ἀληθὶς.

2095 3023 2237 3078 εἶπεν
2270 3023 2298 3078 ὁ
2331 3021 2528 3098 Κύριος
2568 3021 2706 3097 πρὸς
2738 3022 2919 3091 Ὠσηέ·
2982 3017 3193 3091 Βάδιζε,
3224 3014 3361 3076 λάϐε
3402 3022 3613 3091 σεαυτῷ
3644 3038 3746 3094 γυ-

2093 3115 2251 3165 ναῖκα
2278 3110 2531 3184 πορνείας
2557 3108 2648 3164 καὶ
2674 3109 2834 3164 τὲκνα
2862 3107 3139 3185 πορνείας·
3173 3104 3313 3164 διότι
3343 3105 3749 3182 ἇκπορνεύουσα

2095 3198 2442 3271 ἐκπορνεύσει
2493 3200 2529 3269 ἡ
2560 3205 2629 3275 γῆ
2665 3197 2752 3253 ἐπὶ
2800 3193 3022 3263 ὄπισθεν
3050 3201 3151 3253 τοῦ
3183 3195 3408 3273 Κυρίου.
3439 3195 3513 3252 Οὐ
3549 3195 3653 3274 γὰρ
3682 3195 3747 3253 τὸ

2102 3294 2377 3364 στνιχεῖον
2430 3287 2602 3365 λέγει,
2657 3285 2825 3364 λέγει,
2875 3285 3023 3342 ἀλλὰ
3044 3286 3171 3351 τοὺς
3218 3287 3308 3343 ἐπὶ
3353 3291 3435 3361 τῷ
3463 3285 3754 3362 στοιχείῳ,

2100 3378 2230 3444 τοὺς
2256 3379 2481 3455 γηγενὲς
2513 3378 2770 3456 φρόνημα
2802 3380 2914 3450 (29)
2942 3374 3195 3454 ἔχοντας.

2180 3560 2252 3617 Δ’.
2286 3562 2406 3616 Ὀτι
2441 3555 2500 3613 δὶ
2529 3557 2678 3633 ἀρχὴ
2714 3557 2742 3611 6
2780 3555 2923 3627 Υἱὸς,
2957 3554 3118 3627 Ὠσηὶ
3147 3552 3388 3612 διδάσκει
3422 3558 3625 3633 σαφῶς·
3659 3553 3770 3611 Καὶ

2109 3645 2301 3717 ἔσται,
2360 3646 2409 3703 ἐν
2470 3650 2550 3719 τῷ
2624 3645 2780 3718 τόπῳ
2829 3643 2892 3700 οὑ
2948 3644 3142 3722 ἐῤῥὲθη
3215 3644 3442 3709 αὑτοῖς·
3502 3642 3578 3699 Οὑ
3633 3642 3770 3707 λαὸς

2113 3759 2221 3812 μου
2276 3737 2455 3810 ὑμεῖς,
2514 3735 2885 3807 κληθήσονται
2940 3734 3029 3790 καὶ
3089 3733 3244 3790 αὐτοὶ
3293 3733 3403 3790 υἱοὶ
3463 3736 3600 3791 Θεοῦ
3633 3733 3776 3802 ζῶν-

2110 3849 2202 3891 τος
2241 3870 2254 3884 .
2315 3826 2421 3883 Καὶ
2476 3826 2915 3901 συναχθήσονται
2972 3824 3027 3880 οἱ
3083 3823 3196 3880 υἱοὶ
3276 3825 3503 3901 Ἰσραὴλ
3561 3821 3651 3880 ἐπὶ
3704 3823 3770 3879 τὸ

2110 3917 2277 3989 αὑτὸ,
2353 3915 2442 3971 καὶ
2525 3917 2785 3986 θήσονται
2863 3916 3077 3976 ἑαυτοῖς
3156 3915 3337 3991 ἀρχὴν
3427 3912 3554 3987 μίαν
3580 3958 3595 3981 ,
3673 3911 3768 3968 καὶ

2113 4002 2477 4077 ἀναϐήσονται
2534 4003 2593 4060 ἐκ
2654 4012 2756 4075 τῆς
2812 4010 2957 4079 γῆς·
3019 4002 3105 4060 ὅτι
3156 4001 3369 4079 μεγάλη
3427 4002 3615 4079 ἣμερα
3667 4005 3768 4058 τοῦ

2110 4095 2335 4174 Ἰσραήλ
2568 4100 2633 4175 ᾪ
2678 4095 2778 4171 γάρ
2831 4116 2915 4157 τις
2962 4096 3228 4166 πιστεύει,
3266 4098 3460 4151 τοῦτον
3509 4095 3765 4170 αἱρεῖται,

2113 4185 2357 4245 Πιστεύει
2392 4184 2449 4241 δέ,
2477 4206 2560 4249 τις
2590 4188 2668 4257 τῷ
2698 4187 2832 4256 ne,
2867 4183 2924 4247 ὅς
2954 4184 3095 4240 ἐστιν
3156 4183 3329 4260 ἀρχή·
3361 4181 3447 4239 διὸ
3475 4183 3563 4239 καὶ
3596 4202 3770 4259 προσ-

2112 4283 2283 4334 εἶπεν·
2318 4276 2460 4338 Τοὺς
2492 4272 2549 4331 δὲ
2579 4273 2731 4337 υἱοὺς
2769 4272 2950 4332 Ἰούδα
2979 4274 3214 4345 ἐλεήσω,
3260 4274 3350 4330 καὶ
3383 4274 3545 4329 σώσω
3575 4271 3629 4329 ἐν
3662 4272 3771 4329 Κύ-

2113 4366 2219 4443 ρίῳ
2246 4371 2362 4439 Θεῷ
2411 4364 2612 4422 αὐτῶν.
2666 4366 2862 4439 Σωτὴρ
2895 4362 2952 4419 δὲ
2981 4365 3010 4419 6
3061 4365 3274 4437 σώζων,
3309 4363 3432 4426 Υἱὸς
3478 4366 3576 4418 τοῦ
3611 4366 3771 4419 Θεοῦ·

2113 4456 2279 4519 οὗτος
2312 4451 2416 4532 ἄρα
2443 4457 2478 4525 ἡ
2510 4453 2680 4531 ἀρχή.

2188 4640 2261 4692 E'.
2297 4634 2374 4689 Δι’
2406 4632 2567 4703 Ὠσηὲ
2593 4631 2654 4687 τὸ
2684 4634 2924 4704 πνεῦμα,
2972 4630 3119 4705 Ἐγὼ
3162 4625 3220 4685 δὲ
3249 4625 3544 4698 παιδευτὴς
3594 4627 3773 4703 ὑμῶν,

354 4723 603 4795 Clangite
632 4725 765 4779 tuba
790 4739 955 4795 super
981 4725 1145 4781 colles
1177 4726 1437 4795 Domini;
1489 4730 1679 4787 senate
1719 4743 1883 4801 super
1912 4744 1991 4784 ea:-

2118 4724 2295 4805 φησί..
2345 4722 2656 4779 Σαλπίσατε
2721 4719 2978 4797 σάλπιγγι
3029 4717 3118 4775 ἐπὶ
3171 4718 3301 4783 τοὺς
3373 4717 3606 4795 βουνοὺς
3662 4724 3777 4775 Κυ-

349 4813 497 4870 celsa
512 4813 611 4886 (h).
645 4812 942 4870 Numnam
959 4818 1016 4869 et
1037 4812 1146 4870 hoc
1162 4813 1360 4886 ipsum
1378 4820 1469 4873 est
1491 4816 1813 4889 baptisma,
1845 4818 2002 4890 quod

352 4904 815 4978 regenerationis
836 4908 924 4961 est
952 4903 1212 4977 signum,
1237 4921 1306 4961 ex
1325 4905 1571 4963 materia
1599 4913 1686 4964 est
1705 4923 2003 4976 excessus,

421 5052 485 5116 .x‘
512 5052 576 5104 p.
607 5048 714 5105 980
742 5047 851 5104 ED.
886 5047 1192 5122 porrus.
1303 5048 1363 5122 _(a
1411 5047 1552 5122 Gen.
1586 5049 1711 5122 ια.

351 5122 425 5192 (θ)
453 5125 584 5179 Ose.
616 5138 660 5189 ι,
690 5122 745 5177 2.
860 5121 923 5193 (ί)
954 5120 1102 5178 Ibid.
1134 5120 1225 5188 ιο,
1260 5119 1346 5176 ιι.
1457 5120 1533 5193 (9)
1567 5119 1714 5178 Ibid.
1744 5120 1801 5176 7.

572 5260 863 5339 Εὖλογεῖτε
892 5259 1118 5339 ἄγγελοι
1161 5262 1270 5339 τὸν.
1306 5261 1733 5339 Κύριονκνυζε.
1765 5263 2007 5339 B_i_bl._in

351 5330 574 5428 cuntiqo
599 5330 788 5428 triuin‘
832 5330 1152 5428 puerorum
1192 5330 1469 5428 66.10763918
1526 5330 1754 5424 ἄγγελοι
1805 5333 2007 5428 Ιξυρίου

350 5411 442 5483 τὸν
476 5407 693 5483 Κύριον·
737 5412 794 5465 et
825 5403 976 5483 mox,
1022 5403 1538 5483 Εὑλογεῖτέῦδατα
1576 5403 1753 5461 πάντα
1775 5406 1843 5462 τὰ
1873 5403 2006 5483 ὑπὲρ

354 5478 462 5536 ἄνω
491 5478 587 5536 τοῦ
619 5480 877 5552 οέύρατοῦ,
910 5479 1002 5552 τὸν
1037 5478 1257 5552 Ιξύριον.
1290 5481 1576 5552 SYLBURG.

423 5555 530 5621 (27)
566 5548 881 5624 Εὐλογεϊιτε,
926 5551 995 5606 τὰ
1041 5548 1157 5606 (iet.
1209 5551 1510 5624 Articqlus
1561 5550 1629 5604 τά
1659 5549 1896 5624 additus
1928 5568 1995 5608 ex

352 5616 574 5679 eisdem
606 5616 755 5680 Bibl.
799 5616 1011 5681 Eadem
1064 5639 1199 5696 mox
1233 5622 1285 5677 oi
1316 5616 1602 5696 σεϐόμενοι
1640 5620 1741 5696 τὸν
1784 5621 2004 5696 Κύριον,

354 5710 490 5767 cum
524 5696 794 5767 articulo,
827 5697 938 5752 Sed
974 5713 1087 5751 non
1114 5695 1329 5767 legitur
1358 5694 1467 5753 hoc
1498 5694 1871 5752 canticumin
1902 5699 2007 5753 He-

354 5764 573 5841 braicis
605 5767 849 5841 Bibljis:
901 5769 1148 5841 ideoque
1174 5764 1459 5826 _seorsum
1492 5768 1642 5825 inter
1669 5767 2005 5841 apocrypha

357 5835 692 5895 collocatur.
723 5839 1011 5898 Summe.

1824 5048 1902 5122 (b)
1936 5047 2081 5122 Dan.
2115 5063 2203 5114 ιιι,
2235 5045 2449 5122 64.92,
2478 5045 2571 5113 63,
2601 5043 2693 5099 90.
2805 5041 2876 5110 (ο)
2922 5042 3074 5100 Ibid.
3127 5043 3219 5099 55.

1914 5120 1995 5191 (ἡ)
2023 5118 2154 5176 Ose.
2188 5134 2242 5187 ν,
2271 5118 2330 5187 2,
2358 5116 2413 5171 8.
2747 5134 2750 5137 λ

2116 4814 2258 4893 ρίου·
2318 4814 2573 4888 ἡχήσατε
2633 4808 2721 4867 ἐπὶ
2778 4814 2887 4865 τῶν
2946 4806 3175 4884 ὑψηλῶν
3208 4850 3223 4867 .
3284 4808 3392 4866 Καὶ
3456 4809 3593 4883 μήτι
3640 4807 3774 4864 αὑτὸ

2113 4903 2176 4959 τὸ
2238 4902 2554 4979 βάπτισμα,
2601 4898 3003 4975 ἀναγεννήσεως
3053 4896 3300 4975 ὑπάρχον
3359 4902 3619 4973 σημεῖον,
3670 4904 3775 4969 τῆς

3332 5042 3412 5116 (d)
3440 5042 3588 5101 Gen.
3619 5060 3663 5115 ι,
3713 5043 3768 5100 ι.

2192 5261 2306 5336 (28)
2337 5257 2799 5336 'Evcbx.‘Enocbi
2832 5257 3049 5336 librum
3070 5258 3263 5336 citant
3291 5258 3463 5336 etiam
3492 5257 3777 5336 Qrigenes

2116 5330 2632 5413 De‘principii's'lib.
2657 5348 2734 5413 ιν,
2760 5348 2810 5387 c.
2838 5331 2980 5413 ult;
3013 5330 3272 5413 Hilarius
3290 5330 3536 5413 adpsal.
3560 5330 3775 5413 caxxu;

2116 5402 2349 5464 Constit.
2384 5402 2558 5476 apost.
2608 5408 2812 5476 auctor
2838 5402 2940 5459 lib.
2972 5419 3053 5473 vr,
3084 5419 3134 5476 ο.
3182 5404 3270 5469 16,
3300 5402 3521 5476 aliique
3551 5402 3773 5476 plures.

2189 5477 2302 5551 (29)
2348 5472 2582 5552 Γηγενὶς
2619 5472 2894 5552 φρόνημα.
2928 5477 3009 5552 _ln
3049 5475 3200 5533 Flor.
3233 5472 3475 5546 gemina:
3501 5472 3773 5552 lectionis

2116 5543 2259 5606 sunt
2286 5543 2550 5621 uestigia,
2581 5543 2809 5622 γηγενὲς
2839 5543 3097 5624 φρόνημα
3134 5552 3194 5603 et
3223 5543 3432 5623 γηγενῆ
3482 5547 3770 5625 φρονήμα·

2114 5641 2200 5678 τα.
2231 5627 2519 5677 Βγωυειο.

2188 5694 2301 5767 (30)
2348 5688 2579 5767 Μεγάλῃ
2635 5687 2819 5765 ἡμέρα
2846 5691 2960 5767 ⁸τοῦ
3008 5686 3268 5767 Ἰσραήλἒ
3302 5690 3490 5747 Locus
3539 5688 3609 5747 de
3638 5705 3768 5747 ma-

2111 5762 2225 5836 gna
2253 5762 2476 5823 Israelis
2503 5764 2594 5821 die
2619 5762 2810 5822 exstat
2836 5762 2996 5821 Osee
3026 5778 3067 5833 ι,
3089 5762 3190 5820 Ἠ.
3231 5762 3514 5821 Synnas.
