4124 6402
404 460 504 518 701

1217 462 1463 519 unum.
1494 490 1566 502 --
1601 460 1905 518 acme
1942 461 2045 516 nx
2077 432 2501 520 ecarr'rvais
2536 463 3032 520 PROPHETICIS.

3721 462 3833 517 702

405 583 547 656 ὕλης
598 582 740 643 ἐστὶν
780 579 1019 656 ἔκϐασις,
1068 582 1159 642 διὰ
1200 592 1301 657 τῆς
1346 591 1444 641 τοῦ
1496 590 1754 662 Σωτήρος
1804 583 2059 641 διδασκα-

2191 603 2282 658 per
2293 587 2621 644 doctrinam
2645 590 2983 656 Salvatoris,
3010 606 3291 663 magnum
3309 589 3455 647 illud
3474 606 3541 646 ac
3557 589 3828 662 rapidum

408 672 533 738 λίας
584 672 830 749 μεγάλου
877 674 969 729 καὶ
1019 671 1258 752 σφοδροῦ
1307 675 1578 753 ῥεύματος
1630 677 1708 731 ἀεὶ
1757 675 2061 753 φερομένου

407 763 496 819 καὶ
556 763 966 841 παραφέροντος
1022 765 1171 837 ἡμᾶς
1229 785 1243 835 ;
1304 762 1501 842 ἐξάγων
1553 763 1644 820 οῦν
1692 767 1791 834 τῆς
1846 763 2065 836 ἀταξίας

409 853 560 927 ἡμᾶς
591 851 620 907 6
652 851 871 925 Κύριος,
923 853 1170 931 φωτίζει,
1220 852 1296 917 εἲς
1348 855 1411 910 τὸ
1459 858 1574 933 φῶς
1610 852 1752 932 ἄγων
1784 856 1846 911 τὸ
1878 856 2063 910 ἄσκιον

408 942 496 998 καὶ
532 940 634 997 οὐκ
661 938 739 997 ἔτι
776 939 987 1001 ὑλικόν.

480 1032 539 1102 ζ’.
571 1035 773 1087 Τοῦτον
823 1032 915 1087 τὸν
963 1032 1214 1106 ποταμὸν
1255 1040 1354 1104 τῆς
1402 1033 1542 1106 ὕλης
1573 1035 1685 1109 (31)
1720 1035 1812 1090 καὶ
1839 1036 1937 1105 τήν
1974 1033 2065 1099 θά-

405 1119 605 1177 λασσαν
639 1115 895 1193 διέκοψαν
936 1120 1027 1175 καὶ
1078 1117 1355 1187 διέστησαν
1400 1118 1626 1195 δυνάμει
1676 1122 1880 1196 Κυρίου
1928 1142 2067 1199 προ-

398 1214 567 1287 φῆται
630 1204 753 1277 δύο,
800 1209 1214 1284 περατουμένης
1282 1217 1383 1280 τῆς
1442 1208 1581 1281 ὕλης
1637 1213 1757 1276 καθ’
1813 1212 2063 1287 ἑκάτερον

396 1295 678 1372 διάστημα
707 1294 924 1361 ὕδατοςο
967 1297 1233 1374 βουλήσει
1264 1304 1361 1355 τοῦ
1394 1304 1528 1356 Θεοῦ
1575 1298 1934 1376 διυπηρέτουν
1967 1322 2062 1356 κα-

398 1386 557 1463 θαροὶ
592 1386 892 1464 στρατηγοὶ
943 1388 1133 1462 ἄμφω,
1184 1386 1254 1443 δι’
1303 1390 1375 1445 ὧν
1422 1388 1710 1461 ἐπιστεύθη
1742 1391 1809 1444 τὰ
1840 1395 2067 1463 σημεῖα,

394 1474 489 1533 ’ίνα
518 1475 585 1546 δὴ
620 1477 648 1531 6
681 1473 892 1539 δίκαιος
922 1475 984 1533 ἐκ
1010 1483 1111 1547 τῆς
1144 1476 1283 1549 ὕλης
1309 1477 1558 1555 γένηται,
1590 1477 1661 1534 δι’
1706 1481 1876 1549 αὐτῆς
1910 1477 2069 1535 ὁδεύ-

324 1618 330 1623 .
406 1587 501 1629 σας
547 1566 617 1622 τὰ
661 1571 873 1641 πρῶτα.
923 1565 1142 1644 Θατέρῳ
1194 1569 1288 1641 μέν
1327 1588 1391 1643 γε
1435 1573 1542 1623 τῶν
1596 1573 1936 1645 στρατηγῶν,
1978 1570 2068 1625 καὶ

403 1652 657 1729 τοῦνομα
685 1660 784 1711 τοῦ
816 1662 1078 1732 Σωτῆρος
1107 1658 1270 1730 ἡμῶν
1295 1651 1654 1728 ἐπεϐέϐλητο.

481 1751 550 1803 Ζ’.
583 1743 791 1803 Αὐτίκα
823 1741 893 1800 δι’
923 1743 1117 1808 ὕδατος
1161 1745 1252 1801 καὶ
1297 1745 1600 1820 πνεύματος
1629 1748 1664 1817 ἡ
1698 1747 2066 1824 ἀναγέννησις,

407 1836 650 1912 καθάπερ
681 1834 772 1891 καὶ
817 1836 852 1904 ἡ
902 1839 1047 1890 πᾶσα
1091 1836 1315 1911 γένεσις.
1350 1840 1571 1910 Πνεῦμα
1606 1837 1710 1911 γὰρ
1760 1837 1894 1892 Θεοῦ
1946 1838 2070 1892 ἐπε-

408 1926 601 2007 φέρετο
723 1918 965 2018 ἀόῦσσῳ.
1016 1924 1116 2018 I-{a-i
1167 1922 1256 2018 διὰ
1304 1928 1466 1981 τοῦτο
1516 1927 1543 1981 ὁ
1595 1928 1792 2003 Σωτὴρ
1843 1923 2068 1982 ἐϐαπτί-
2100 1953 2147 2018 Β

405 2036 558 2086 σατο,
594 2015 671 2088 μὴ
704 2012 934 2090 χρῄζων
985 2012 1280 2085 αὐτὸς,⁹ίνα
1325 2020 1444 2080 τοῖς
1492 2015 1958 2092 ἀναγεννωμένοις
2006 2017 2070 2072 τὸ

408 2109 512 2160 πᾶν
545 2101 690 2179 ὕδωρ
722 2104 948 2179 ἁγιάσῃ.
978 2102 1162 2180 Ταύτῃ
1191 2126 1276 2160 τοι
1310 2105 1373 2159 οὑ
1408 2104 1576 2179 μόνον
1606 2106 1668 2161 τὸ
1702 2110 1881 2180 σῶμα,
1924 2105 2073 2162 ἀλλά

411 2195 500 2249 καὶ
533 2194 632 2262 τήν
675 2194 857 2270 ψυχὴν
905 2194 1299 2269 καθαιρόμεθα.
1353 2199 1597 2268 Σημεῖον
1650 2199 1780 2270 γοῦν
1830 2199 1928 2250 τοῦ
1980 2195 2070 2251 καὶ

414 2283 480 2338 τὰ
543 2280 740 2359 ἀόρατα
787 2284 951 2357 ἡμῶν
994 2281 1332 2358 ἀγιάζεσθαι,
1383 2283 1447 2339 τὸ
1494 2284 1584 2340 καὶ
1626 2283 1912 2357 πνεύματα
1960 2287 2072 2359 (32)

416 2372 687 2446 ἀκάθαρτα
732 2369 1198 2447 συμπεπλεγμένα
1243 2375 1313 2448 τῇ
1363 2374 1520 2449 ψυχῇ
1574 2370 1907 2443 διϋλίζεσθαι
1964 2373 2071 2429 ἀπὸ

412 2467 512 2533 τῆς
544 2461 803 2539 γενέσεως
832 2468 934 2532 τῆς
964 2468 1157 2532 καινῆς
1184 2482 1243 2517 τε
1271 2461 1360 2517 καὶ
1390 2469 1787 2537 πνευματικῆς.

493 2640 575 2699 ΙΓ.
613 2637 795 2715 Ὕδωρ
846 2638 1028 2697 ἐπάνω
1072 2643 1170 2696 τοῦ
1218 2638 1471 2714 οὐρανοῦ·
1523 2640 1639 2697 ἐπεὶ
1685 2642 1747 2697 τὸ
1785 2641 2076 2718 βάπτισμα

419 2731 626 2808 γίνεται
679 2727 750 2786 δι’
809 2728 1004 2795 ὕδατος
1062 2732 1150 2787 καὶ
1207 2731 1536 2804 ιινεόματος,
1595 2731 1959 2809 ἀλεξητήριον
2014 2733 2072 2788 ’ὸν

418 2821 589 2897 πυρὸς
642 2824 740 2876 τοῦ
790 2817 998 2889 δισσοῦ,
1046 2824 1144 2877 τοῦ
1190 2841 1249 2877 τε
1299 2824 1408 2877 τῶν
1459 2820 1703 2897 ἀοράτων
1761 2821 2075 2896 ἁπτομένου

415 2909 507 2967 καὶ
535 2914 634 2969 τοῦ
663 2914 770 2966 τῶν
825 2909 1053 2987 ὁρατῶν·
1107 2910 1311 2986 ἀνάγκῃ
1360 2911 1451 2965 καὶ
1501 2914 1599 2966 τοῦ
1648 2907 1840 2973 ὕδατος
1885 2911 1946 2966 τὸ
1975 2912 2071 2985 μέν

412 3021 465 3057 τι
496 2998 720 3072 νοητόν,
751 3000 813 3056 τὸ
866 2996 925 3056 δὲ
969 2999 1225 3071 αἰσθητὸν
1279 2999 1549 3075 ὑπάρχον,
1581 2996 1946 3077 ἀλεξητήριον
1974 3008 2075 3072 τῆς

419 3088 657 3161 διπλόης
682 3094 780 3147 τοῦ
808 3089 1000 3167 πυρός·
1035 3091 1122 3146 καὶ
1156 3089 1218 3145 τὸ
1265 3088 1359 3163 μὲν
1408 3088 1643 3164 ἐπίγειον
1682 3087 1829 3166 ὕδωρ
1870 3092 1934 3146 τὸ
1964 3095 2070 3146 σῶ-

420 3200 495 3254 μα
523 3178 886 3258 ἀποῤῥύπτει,
935 3181 997 3235 τὸ
1045 3176 1104 3235 δὶ
1151 3178 1476 3254 ἐπουράνιον
1505 3175 1673 3254 ὕδωρ,
1726 3176 1815 3235 διὰ
1844 3180 1906 3235 τὸ
1939 3182 2073 3236 εἶναι

415 3270 612 3339 νοητὸν
642 3269 733 3327 καὶ
765 3270 1018 3346 ἀόρατον,
1051 3272 1273 3342 Πνεῦμα
1319 3266 1717 3343 ἀλληγορεῖται
1749 3269 1929 3345 ἅγιον,
1959 3273 2067 3326 τῶν

417 3357 662 3436 ἀοράτων
695 3360 1043 3436 καθαρτικὸν,
1075 3359 1188 3415 οἷον
1218 3360 1316 3413 τοῦ
1347 3355 1660 3428 Πνεόματος
1690 3355 1859 3434 ὕδωρ,
1892 3359 2072 3436 ὥσπερ

418 3447 590 3505 ἐκεῖνο
618 3452 716 3506 τοῦ
745 3450 1021 3524 σώματος.

490 3719 565 3778 8'.
596 3719 659 3776 Ὁ
689 3720 820 3782 Θεὸς
869 3719 960 3775 καὶ
1007 3720 1101 3775 τὸν
1150 3713 1317 3799 φόϐον
1363 3722 1433 3794 τῇ
1480 3720 1779 3796 ἀγαθότητι
1829 3720 2077 3794 συνέμιξε

419 3805 490 3862 δι’
517 3808 850 3880 ἀγαθότητα.
904 3810 982 3868 Τὸ
1033 3809 1137 3886 γὰρ
1169 3809 1443 3888 συμφέρον
1494 3810 1702 3882 ἑκάστῳ
1746 3813 1909 3866 τοῦτο
1962 3807 2072 3881 ἤδη

416 3898 692 3973 παρέχει,
750 3898 828 3961 ὡς
888 3897 1071 3976 ἰατρὸς
1126 3898 1521 3976 ἀῤῥωστοῦντι,
1580 3900 1656 3962 ὡς
1715 3900 1894 3975 πατὴρ
1952 3900 2077 3955 ἀτα-

416 3989 633 4041 κτοῦντι
679 3989 760 4058 τῷ
802 3983 980 4043 παιδί.
1012 3987 1074 4045 Ὁ
1122 3988 1226 4063 γὰρ
1273 3983 1595 4061 φειδόμενος
1640 3994 1741 4058 τῆς
1776 3986 2076 4063 βακτηρίας

416 4072 582 4130 αὗτου
635 4078 785 4148 μισεῖ
836 4073 929 4130 τὸν
986 4075 1104 4131 υἱὸν
1162 4075 1349 4132 αὐτοῦ.
1412 4077 1511 4130 Καὶ
1571 4076 1598 4130 6
1650 4075 1847 4153 Κύριος
1896 4074 1953 4132 δί
1983 4077 2074 4132 καὶ

417 4164 470 4218 οἱ
514 4163 815 4220 ἀπόστολοι
848 4164 1013 4221 αὐτοῦ
1062 4165 1112 4221 ἐν
1166 4161 1321 4243 φόϐῳ
1366 4168 1454 4222 καὶ
1483 4165 1698 4228 ’πόνοις
1738 4165 2073 4245 ἀνεστράφη-

419 4272 535 4308 σαν.
582 4254 747 4311 Ὅταν
797 4250 888 4309 οῦν
937 4258 1132 4310 πιστοῦ
1182 4255 1438 4327 σώματος
1486 4256 1543 4328 ᾖ,
1585 4254 1619 4325 ἢ
1654 4252 1724 4310 δι’
1772 4255 2076 4331 ἁμάρτημά

418 4360 472 4395 τι
501 4343 1002 4418 προημαρτημένον
1073 4341 1436 4419 ἐπιτιμῶντος
1494 4348 1591 4399 τοῦ
1647 4344 1867 4419 Κυρίου,
1899 4345 1935 4415 ἢ
1986 4341 2077 4398 διὰ

424 4425 696 4502 μέλλοντα
747 4433 1238 4511 προφυλαξαμένου
1269 4477 1287 4507 ,
1338 4435 1373 4505 ἢ
1448 4434 1540 4488 καὶ
1616 4434 1732 4489 κατ’
1801 4433 2072 4508 ἐνέργειαν

417 4512 737 4593 προσϐολὴν
794 4524 908 4596 (33)
964 4516 1157 4593 ἔξωθεν
1206 4522 1498 4598 γινομένην
1558 4521 1621 4577 οὐ
1678 4520 2026 4587 κωλύσαντος
2062 4575 2075 4597 ,

416 4605 509 4665 διά
538 4630 589 4664 τι
624 4612 907 4687 χρήσιμον
938 4611 1028 4668 καὶ
1060 4613 1210 4685 αὐτῷ
1239 4613 1327 4667 ναὶ
1354 4616 1470 4673 τοῖς
1499 4609 1667 4676 πέλας
1698 4610 2070 4689 παραδείγμαο

412 4719 508 4762 τος
537 4700 726 4776 χάριν.

486 4971 544 5027 l'.
575 4966 721 5040 ’Ἠδη
756 4966 814 5025 δὶ
845 4971 898 5025 οἱ
929 4968 981 5025 ἐν
1014 4974 1196 5047 σαθρῷ
1224 4969 1498 5034 οἰκοῦντες
1549 4972 1786 5047 σώματι,
1832 4972 2071 5050 καθάπερ

408 5060 465 5116 ἐν
541 5057 729 5133 πλοίῳ
801 5056 1063 5122 πλέοντες
1135 5057 1357 5133 παλαιῷ
1391 5104 1405 5129 ,
1466 5060 1567 5116 οὐκ
1641 5060 1773 5116 εἰσὶν
1835 5061 2069 5134 ὕπτιοι,

2176 676 2485 749 ﬂuentum,
2531 681 2681 751 quod
2745 684 3025 752 perpetuo
3082 678 3369 752 volvatur,
3429 695 3655 751 nosque
3711 695 3829 735 una

2175 766 2408 839 gurgite
2438 770 2586 823 t’erat
2614 768 2642 823 ?
2684 768 2971 825 Dominus
3001 769 3181 842 igitur
3213 788 3319 827 nos
3359 786 3429 827 ex
3483 767 3830 825 confusione

2176 856 2459 923 educens,
2492 856 2810 929 illuminat,
2845 860 2916 913 ad
2948 858 3139 916 lucem
3185 861 3409 917 ducens
3439 875 3619 932 quam
3652 857 3828 914 nullas

2176 946 2491 1003 obscurent
2521 947 2794 1018 tenebra,
2828 951 2886 1004 et
2917 965 3045 1021 quas
3069 949 3192 1020 jam
3225 947 3548 1006 materialis
3572 964 3689 1004 non
3719 950 3826 1005 est.

2246 1053 2340 1110 VI.
2368 1053 2622 1111 Materiae
2680 1054 2922 1111 fluvium
2981 1055 3139 1111 hunc
3171 1072 3331 1112 mare
3377 1056 3722 1113 exciderunt
3749 1054 3828 1126 (a)

2177 1161 2244 1201 ac
2293 1145 2619 1200 diviserunt
2667 1145 2930 1217 potentia
2980 1145 3183 1201 divina
3224 1146 3519 1218 prophetae
3549 1147 3653 1218 (ὁ),
3704 1161 3829 1201 ma-

2175 1233 2324 1290 teria
2354 1234 2672 1291 terminum
2707 1234 2986 1307 utrinque
3036 1235 3448 1305 constituente,
3481 1252 3616 1290 cum
3675 1250 3832 1306 aqua

2176 1324 2364 1380 divisa
2408 1324 2602 1381 fuerit.
2624 1324 2728 1380 Dei
2752 1340 2963 1396 nempe
3007 1323 3293 1381 voluntati
3327 1322 3659 1380 serviebant
3688 1340 3831 1395 pra:-

2177 1412 2319 1470 clari
2349 1414 2463 1470 duo
2492 1415 2693 1481 duces,
2728 1430 2832 1487 per
2860 1430 3009 1486 quos
3058 1413 3278 1470 credita
3324 1417 3465 1469 sunt
3492 1414 3663 1483 signa
3694 1429 3709 1479 ;
3744 1414 3830 1468 uti

2179 1504 2459 1560 nimirum
2488 1506 2691 1574 justus
2721 1522 2790 1561 ex
2823 1505 3063 1562 materia
3091 1505 3275 1573 ﬁeret,
3307 1504 3407 1577 qui
3427 1520 3531 1577 per
3560 1519 3689 1559 eam
3721 1502 3834 1558 iter

2180 1594 2434 1666 primum
2458 1594 2781 1650 habuisset.
2802 1593 3017 1650 Verum
3059 1594 3276 1650 ducum
3301 1593 3488 1662 alteri,
3512 1591 3692 1650 etiam
3726 1607 3829 1648 no-

2179 1699 2311 1738 men
2347 1683 2665 1740 Salvatoris
2698 1684 2878 1740 nostri
2904 1683 3157 1739 inditum
3193 1684 3323 1739 fuit.

2252 1790 2372 1848 VlI.
2410 1790 2568 1847 Illico
2597 1808 2665 1847 ex
2714 1808 2865 1863 aqua
2894 1790 3233 1863 Spirituque
3260 1787 3643 1862 rcgeneratio,
3676 1787 3832 1843 sicut

2178 1885 2235 1937 et
2266 1897 2461 1936 rerum
2493 1881 2757 1937 omnium
2789 1880 3006 1936 creatio
3032 1897 3045 1936 :
3077 1878 3323 1953 Spiritus
3347 1884 3411 1949 ›ι‹
3440 1880 3594 1934 enim
3627 1878 3727 1932 Dei
3751 1879 3831 1946 fs-

2178 1972 2404 2028 rebatur
2426 1987 2593 2042 super
2623 1971 2884 2042 abyssum
2912 1970 3004 2042 (ε).
3038 1976 3321 2041 Haecque
3345 1968 3418 2024 ob
3450 1978 3691 2023 causam
3724 1967 3831 2022 ba-

2179 2060 2431 2135 ptizatus
2450 2066 2537 2117 est
2554 2059 2820 2117 Salvator
2833 2065 3050 2126 noster,
3078 2076 3214 2115 cum
3239 2057 3533 2131 baptismo
3557 2073 3672 2113 non
3696 2071 3833 2128 ege-

2180 2157 2267 2206 ret
2297 2152 2443 2223 ipse,
2478 2156 2542 2206 ut
2561 2150 2654 2206 his
2680 2150 2780 2223 qui
2815 2153 3319 2223 regenerarentur,
3348 2163 3561 2220 aquam
3593 2162 3830 2203 omnem

2181 2238 2594 2296 sanctiticaret.
2638 2242 2841 2312 Itaque
2898 2255 3010 2295 non
3071 2254 3312 2310 corpore
3367 2235 3560 2293 solum
3618 2236 3718 2291 sed
3778 2240 3836 2291 et

2182 2332 2381 2386 anima
2416 2329 2619 2386 mundi
2654 2330 2980 2385 evadimus.
3006 2328 3255 2400 Signum
3277 2343 3412 2382 vero
3436 2326 3592 2398 quod
3617 2330 3675 2381 et
3696 2323 3838 2379 invi-

2180 2418 2378 2475 sibilia
2397 2419 2600 2475 animae
2619 2419 2980 2488 commisti,a
3002 2435 3149 2476 nova
3167 2415 3580 2489 spiritualique
3601 2428 3838 2488 genera-

2182 2510 2221 2566 ti
2230 2522 2339 2565 on'e
2370 2511 2738 2581 separentur.

2249 2616 2400 2673 VIII.
2426 2619 2592 2689 Aqua
2616 2632 2796 2689 super
2817 2614 3050 2684 coelum,
3077 2613 3358 2687 quoniam
3399 2608 3696 2684 baptisma
3735 2625 3836 2681 per

2184 2722 2398 2778 aquam
2430 2705 2494 2760 fit
2524 2711 2697 2778 atque
2745 2704 3028 2778 Spiritum
3063 2721 3078 2773 ;
3115 2703 3267 2775 quod
3300 2706 3357 2758 et
3398 2699 3650 2773 duplicis
3683 2698 3836 2770 ignis

2184 2795 2261 2851 sit
2292 2794 2639 2852 remedium.
2692 2796 2835 2851 Cum
2867 2793 3013 2849 alter
3043 2793 3217 2849 rebus
3249 2790 3408 2847 hisce
3460 2788 3836 2858 accendatur,

2183 2901 2312 2957 quae
2355 2883 2675 2940 invisibilia
2731 2887 2894 2950 sunt,
2928 2882 3074 2939 alter
3125 2883 3286 2938 hisce
3337 2896 3467 2952 quae
3519 2877 3839 2949 conspicua

2183 2978 2361 3041 sunt;
2395 2989 2632 3029 necesse
2654 2971 2763 3029 fuit
2785 2976 2849 3028 ut
2879 2988 3030 3045 aqua
3052 2970 3262 3042 partim
3289 2968 3526 3041 quidem
3569 2964 3845 3037 intelligi.

2182 3063 2341 3131 bilis,
2358 3061 2571 3134 partim
2587 3061 2887 3118 sensibilis
2904 3059 3157 3132 duplicis
3171 3058 3468 3129 bujusque
3481 3056 3633 3129 ignis
3645 3071 3835 3112 reme-

2184 3153 2348 3208 dium
2379 3152 2478 3221 sit,
2510 3168 2576 3207 ac
2603 3150 2911 3222 utriusque
2934 3149 3209 3219 injuriam
3226 3149 3466 3216 avertat,
3491 3148 3565 3200 Ac
3593 3144 3832 3218 quidem

2182 3258 2332 3314 aqua
2362 3246 2597 3296 terrena
2646 3256 2860 3310 corpus
2927 3237 3133 3305 abluit,
3183 3253 3337 3309 aqua
3392 3252 3524 3292 vero
3583 3234 3836 3290 caelestis

2104 3324 2146 3392 C
2187 3329 2465 3404 quoniam
2496 3327 2779 3401 spiritalis
2809 3331 2867 3384 et
2914 3325 3250 3397 invisibilis,
3300 3341 3477 3382 sensu
3528 3322 3839 3395 allegorice

2186 3437 2290 3492 pro
2313 3421 2524 3491 spiritu
2557 3423 2761 3474 sancto
2790 3417 3064 3483 sumitur,
3098 3414 3312 3488 cuique
3342 3417 3506 3470 tanta
3535 3414 3620 3469 vis
3657 3412 3834 3481 inest,

2187 3517 2252 3566 ut
2284 3507 2604 3565 invisibilia
2634 3507 2900 3576 mundet,
2949 3505 3129 3563 veluti
3156 3503 3409 3577 Spiritus
3458 3520 3629 3575 aqua,
3662 3503 3839 3574 prout

2186 3598 2289 3654 illa
2318 3597 2580 3670 corporis
2611 3613 2766 3671 aqua
2791 3596 2985 3653 fuerit.

2258 3706 2360 3763 IX.
2397 3706 2569 3777 Deus,
2602 3707 2768 3760 tanta
2805 3704 2936 3775 ejus
2965 3702 3220 3771 bonitas,
3253 3701 3529 3757 timorem
3587 3697 3839 3756 bonitati

2186 3795 2361 3852 etiam
2395 3794 2732 3852 admiscuit.
2767 3792 2929 3857 Quod
2968 3792 3123 3850 enim
3180 3790 3498 3861 unicuique
3549 3787 3839 3859 convenit,

2186 3885 2298 3941 hoc
2323 3886 2449 3956 jam
2481 3884 2767 3951 concedit,
2789 3883 2862 3939 ad
2886 3882 3158 3939 eumdem
3179 3881 3419 3937 modum
3448 3895 3562 3952 quo
3576 3878 3843 3935 medicus

2185 3974 2446 4044 infirmo,
2478 3979 2582 4030 aut
2612 3972 2767 4028 sicut
2796 3977 2960 4044 pater
2990 3971 3134 4035 ﬁlio.
3166 3969 3341 4027 ofﬁcii
3374 3969 3466 4024 sui
3507 3967 3661 4024 haud
3692 3966 3840 4024 satis

2188 4063 2454 4120 memori.
2476 4062 2584 4132 Qui
2612 4061 2768 4119 enim
2782 4061 2962 4133 parcit
2979 4062 3151 4132 virga:
3163 4075 3299 4128 suae,
3317 4057 3446 4115 odio
3461 4056 3623 4113 habet
3648 4055 3840 4129 ﬁlium

2184 4170 2345 4210 suum
2375 4152 2473 4224 (ά).
2509 4155 2758 4222 Insuper
2778 4150 3062 4206 Dominus
3094 4148 3372 4219 illiusque
3394 4144 3666 4218 apostoli,
3690 4145 3750 4200 in
3774 4146 3842 4201 ti-

2188 4259 2351 4298 more
2379 4258 2445 4297 ac
2476 4240 2775 4296 laboribus
2806 4240 3042 4294 fuerunt
3070 4235 3324 4307 educati.
3358 4235 3503 4290 Cum
3542 4233 3741 4306 itaque
3770 4233 3838 4289 ﬁ-

2187 4331 2337 4387 delis
2369 4329 2623 4400 alicujus
2673 4344 2885 4399 corpus
2917 4326 3085 4382 labor
3129 4324 3221 4380 hic
3262 4323 3616 4395 incesserit,
3648 4323 3843 4380 evenit

2187 4421 2317 4488 hoc,
2349 4418 2437 4475 vel
2488 4418 2643 4490 quod
2676 4416 2963 4472 Dominus
2995 4417 3068 4470 ob
3099 4413 3322 4470 crimen
3379 4412 3614 4482 aliquod
3672 4412 3841 4485 prius

2187 4509 2574 4565 commissum
2598 4522 2800 4578 poenas
2833 4508 3118 4577 reposcat,
3141 4504 3231 4559 vel
3261 4502 3416 4576 quod
3441 4502 3499 4557 in
3538 4506 3840 4574 posterum

2189 4601 2470 4671 maiorem
2496 4586 2697 4652 curam
2715 4595 3012 4666 adhibeat,
3045 4593 3134 4649 vel
3158 4594 3310 4666 quod
3334 4610 3404 4649 ex
3433 4597 3843 4666 potestatesua

2107 4690 2150 4755 D
2185 4690 2299 4745 vim
2330 4687 2697 4745 extrinsecus
2727 4685 2946 4742 illatam
2980 4702 3094 4740 non
3137 4684 3442 4757 impediat,
3476 4688 3540 4739 ut
3594 4684 3835 4740 demum

2188 4778 2332 4835 utile
2405 4776 2627 4848 aliquid
2688 4775 2773 4833 illi
2831 4774 3082 4847 aliisque
3138 4775 3211 4831 ad
3296 4772 3627 4846 exemplum
3702 4790 3840 4846 pro-

2188 4875 2384 4943 ponaL

2255 4976 2402 5032 861
2432 4975 2495 5030 X.
2529 4976 2663 5030 Jam
2695 4990 2829 5030 vero
2860 4971 2961 5045 qui
2990 4977 3265 5045 corrupto
3313 4974 3454 5028 sunt
3482 4984 3722 5043 corpore
3768 4986 3836 5027 ac

2181 5065 2486 5138 languido,
2522 5080 2638 5121 non
2697 5079 2868 5120 secus
2900 5079 2966 5119 ao
3004 5062 3103 5132 qui
3129 5061 3359 5134 navigio
3387 5063 3615 5116 vetusto
3673 5058 3834 5116 navi-

479 5176 545 5241 »ια
568 5177 629 5233 Ρ.
659 5177 763 5233 681
798 5177 912 5233 ED.
946 5176 1250 5233 POTTER.
1287 5177 1364 5249 ta)
1393 5177 1516 5234 Jos.
1548 5194 1635 5248 ιιι,
1672 5179 1758 5234 16.
1793 5180 1869 5252 (b)
1900 5181 2069 5238 Exod

2191 5199 2231 5254 ν,
2251 5182 2341 5237 21.
2374 5181 2448 5253 (ο)
2479 5179 2621 5236 Gen.
2657 5195 2697 5245 ι,
2730 5183 2782 5233 ‘2.
2817 5178 2897 5250 (ἀ)
2927 5183 3070 5233 Prov
3124 5191 3247 5247 xm,
3277 5176 3368 5230 24.

479 5292 878 5421 (31)]1οταμρν
905 5288 1128 5361 τῆςοῦλ.
1174 5292 1429 5365 Respicit
1469 5295 1541 5350 ad
1587 5295 1751 5381 duos
1786 5297 2065 5355 miriﬁcos

479 5380 571 5421 rae
593 5381 645 5421 is
665 5370 958 5421 transitus
984 5382 998 5421 :
1020 5364 1274 5421 alterum
1290 5382 1393 5421 ner
1405 5382 1566 5421 mare
1594 5367 2065 5421 rubrum.Movse

2250 5298 2363 5371 (32)
2394 5292 2700 5371 Πνεῦματα.
2753 5294 3082 5371 Credebant
3125 5309 3154 5348 e
3193 5291 3491 5371 veteribus
3536 5290 3830 5371 nonnulli,

405 5364 645 5450 {creetis
665 5368 958 5450 transitus
984 5364 1566 5450 ;a_lterumpermare
1594 5367 2066 5450 rubrumﬁtloyse
2174 5364 2424 5443 spiritus
2455 5364 2557 5425 seu
2579 5369 2797 5450 _bonos,
2830 5383 2934 5450 seu
2960 5364 3174 5450 palps,
3217 5364 3493 5450 humanis
3520 5364 3829 5450 animabus

403 5437 554 5493 duce
584 5437 766 5493 Exodi
801 5435 949 5509 XIV,
983 5436 1230 5493 alterum
1284 5435 1384 5508 per
1423 5436 1741 5509 Jordanem
1792 5435 2061 5509 fluvium,

403 5509 556 5566 duce
582 5509 788 5578 Josua,
816 5508 1015 5565 Josua:
1058 5523 1201 5579 cap._
1239 5524 1326 5563 ιιι.
1372 5508 1551 5565 Alteri
1596 5514 1790 5567 autem
1853 5511 2062 5569 borum

402 5585 529 5637 tam
560 5577 802 5665 (Lucum,
833 5597 1015 5665 quam
1040 5577 1480 5665 propbetarum,
1506 5582 2064 5665 nempedosueemo-

408 5669 544 5727 men
577 5651 904 5727 Ser_vato_ris_
934 5652 1120 5708 nostri
1135 5651 1374 5727 dicitur
1392 5652 1573 5709 fuisse
1593 5651 1848 5727 inditum
1877 5673 1892 5725 ;
1925 5651 2066 5727 quia

402 5724 624 5808 stipes
655 5722 866 5808 Ἰησοῦς
890 5721 1182 5808 inﬁrmis
1204 5722 1794 5808 Dibliisnappellatur,
1824 5721 2063 5785 sed-ad-

407 5794 921 5871 dito‘discrimine,
951 5795 981 5852 ὁ
1010 5798 1187 5879 risui,
1218 5794 1387 5856 Navae
1419 5794 1597 5879 illius.
1626 5801 1919 5879 Sasona.

2177 5434 2412 5514 semper
2473 5440 2779 5514 assistere,
2829 5436 2996 5514 Conf.
3056 5436 3278 5514 Hermia
3335 5434 3706 5514 [δαείω-...Κίρ
3748 5453 3828 5514 ir.

2178 5505 2379 5569 man'd.
2439 5514 2494 5581 6,
2557 5515 2701 5567 sect.
2755 5513 2835 5577 2,
2895 5513 2952 5564 et
2994 5524 3121 5578 qua:
3170 5508 3251 5562 ibi
3299 5505 3604 5564 adnotavit
3658 5506 3827 5565 Cote-

2174 5583 2377 5642 lerius.

2244 5658 2358 5783 3‘33)
2406 5646 2752 5739 Προσϐολήν.
2812 5650 3146 5721 Legendum
3186 5649 3418 5705 videtur
3474 5649 3656 5707 divise
3684 5648 3824 5721 πρὸς

2288 5728 2377 5783 ἤν.
2411 5734 2513 5783 aut
2535 5742 2671 5783 προς
2702 5715 2995 5783 ἐπιϐολήν,
3027 5738 3131 5779 seu
3171 5714 3495 5783 ἐπιϐουλήν.
3544 5723 3822 5780 εγιευιιο.

2178 5714 2377 5803 βολήν,
2411 5714 2513 5783 aut
2535 5714 2995 5800 πρὸςέπιϐολῖςν,
3027 5738 3131 5779 seu
3171 5714 3495 5791 ἐπιϐουλήν.
3544 5714 3822 5780 εγιΒυίια.
