4124 6410
291 482 401 538 703

1541 489 1878 544 CLEMBNS
1916 486 2490 542 ALEXANDBINUS

3611 482 3721 540 704

293 610 457 679 gant,
492 623 610 664 non
640 611 782 663 sunt
809 606 1028 679 supini,
1061 608 1161 663 sed
1195 625 1428 682 semper
1449 610 1648 667 anima
1676 610 1736 666 in
1768 609 1948 667 Deum

2076 604 2192 662 Ξλλ¹
2250 605 2332 662 ἀεὶ
2393 604 2649 685 εὔχονται
2684 651 2700 675 ,
2759 605 3142 681 ἀνατεταμένοι
3219 604 3359 681 πρὸς
3420 605 3514 661 τὸν
3570 604 3724 661 Θεόν.

299 698 526 753 intenta
557 712 759 768 preces
791 696 1120 753 effundunt.

372 788 471 842 XI.
520 785 791 840 Seniores
849 784 1018 841 valde
1065 788 1387 852 conquesti
1447 793 1608 856 sunt,
1662 789 1773 847 nisi
1808 789 1948 846 mall

299 873 536 947 aliquod
568 873 626 928 in
656 872 780 929 dies
811 875 1038 930 cordori
1059 876 1373 945 accideret,
1405 879 1558 951 quod
1585 879 1810 935 fortiter
1832 878 1950 936 illis

300 962 712 1036 perferendum
745 963 913 1018 foret.
945 963 1256 1021 Timebant
1271 967 1429 1022 enim
1463 983 1535 1024 ne
1566 968 1711 1025 forte
1735 968 1794 1023 in
1830 968 1951 1024 vita

299 1052 408 1108 hac
441 1049 649 1124 pmnis,
679 1041 934 1122 peccatis
984 1051 1221 1109 illorum
1266 1055 1502 1126 debitis,
1533 1073 1647 1112 non
1681 1057 1947 1128 receptis,

299 1156 424 1210 quae
456 1139 697 1212 quidem
749 1140 955 1211 multa,
989 1141 1105 1198 illis
1135 1143 1236 1216 qui
1298 1145 1357 1200 in
1417 1162 1593 1202 carne
1635 1150 1791 1212 sunt,
1851 1163 1953 1219 per

297 1228 693 1302 ignorantiam
750 1230 1125 1300 comitantur,
1185 1233 1398 1291 saeculo
1455 1236 1650 1292 futuro
1718 1253 1951 1308 pcenam

297 1318 606 1376 confertim
631 1320 978 1390 reciperent,
1011 1337 1191 1392 quam
1223 1323 1296 1379 ob
1328 1341 1568 1382 causam
1602 1326 1710 1382 hac
1744 1326 1801 1382 in
1835 1326 1954 1381 vita

298 1406 493 1464 curari
530 1405 840 1464 malebant.
873 1409 1187 1467 Timendus
1244 1411 1443 1485 itaque
1475 1414 1644 1470 nobis
1691 1419 1780 1470 est
1837 1431 1951 1470 non

304 1496 547 1552 morbus
570 1495 822 1552 exterior
852 1499 953 1554 sed
986 1499 1182 1570 potius
1242 1507 1480 1573 peccata
1535 1508 1772 1576 propter
1827 1521 1953 1577 qua

303 1586 547 1642 morbus
568 1586 892 1658 contingit,
920 1587 1248 1662 animaeque
1262 1593 1504 1648 morbus
1525 1609 1638 1648 non
1659 1593 1950 1665 corporis;

2132 789 2233 846 1A"
2285 787 2356 844 Ol.
2409 779 2766 860 πρεσϐύτεροι
2823 781 3034 860 σφόδρα
3084 783 3348 860 ἤχθοντο,
3410 781 3458 838 εἴ
3507 784 3584 858 μή
3636 781 3722 839 ὅτι

2057 879 2325 952 πάσχοιεν
2358 876 2471 949 (34)
2493 873 2630 929 κατὰ
2658 873 2721 928 τὸ
2751 876 2914 946 σῶμα
2960 873 3233 929 ἑκάστοτεο
3264 867 3562 951 ἰφοόοῦντο
3610 871 3716 948 γὰρ

2063 969 2262 1040 μήπως
2319 961 2546 1027 ἐνταῦθα
2597 960 2658 1017 ού
2728 963 3090 1035 κομιζόμενοι
3151 962 3221 1017 τὰ
3289 961 3543 1038 ἀπίχειρα
3611 964 3721 1017 τῶν

2063 1055 2492 1130 ἁμαρτημάτων,
2525 1053 2558 1106 ἅ
2597 1049 2786 1107 πολλᾶ
2839 1056 2955 1114 τοῖς
3013 1051 3065 1107 ἐν
3126 1052 3281 1126 σαρκὶ
3329 1051 3449 1107 κατ’
3495 1048 3722 1128 ἄγνοιαν

2061 1141 2492 1219 παρακολουθεῖ,
2549 1139 2746 1214 ἀθρόαν
2806 1139 2918 1195 ἐκεῖ
2969 1139 3286 1214 κομίσονται
3346 1140 3446 1209 τὴν
3506 1137 3666 1212 δίκην
3704 1159 3720 1173 ο

2062 1232 2200 1289 ὥστε
2228 1228 2416 1287 ἐνθάδε
2446 1227 2830 1305 θεραπεύεσθαι
2880 1227 3088 1302 ἠξίουν.
3141 1223 3423 1300 Φοϐητὲον
3473 1227 3578 1305 ἄρα
3620 1229 3718 1285 οὗ.

2064 1323 2126 1399 χὶ
2157 1323 2314 1377 νόσον
2355 1321 2455 1389 τήν
2502 1316 2717 1393 ἔξωθεν,
2765 1317 2912 1374 ἀλλὰ
2956 1319 3346 1394 ἁμαρτήματα,
3378 1315 3448 1374 δι’
3497 1317 3532 1374 ἃ
3564 1319 3600 1388 ἡ
3632 1317 3722 1374 νό-

2065 1429 2179 1472 σος’
2235 1409 2325 1463 καὶ
2367 1407 2527 1463 νόσον
2579 1409 2790 1482 ψυχῆς,
2841 1408 2906 1463 οὐ
2956 1408 3234 1480 σώματος’
3286 1406 3372 1464 ὅτι
3417 1413 3562 1463 πᾶσα
3591 1407 3722 1483 σὰρξ

2063 1502 2288 1576 χόρτος·
2317 1499 2384 1554 τὰ
2414 1495 2473 1554 δὶ
2501 1498 2788 1572 σωματικά
2817 1499 2906 1554 καὶ
2937 1497 3002 1553 τὰ
3032 1496 3185 1562 ἐκτὸς
3205 1497 3370 1568 καλᾶ,
3392 1496 3721 1576 πρόσκαιραο

2061 1591 2130 1646 τὰ
2159 1587 2216 1644 δὶ
2251 1590 2327 1663 μὴ
2359 1586 2672 1666 βλεπόμενα
2695 1586 2908 1645 αΐώνια.

300 1676 520 1748 quippe
551 1674 730 1730 omnis
754 1692 880 1732 caro
907 1679 1124 1747 fenum.
1159 1680 1236 1751 (a)
1271 1721 1284 1735 .
1317 1683 1566 1754 Insuper
1596 1699 1879 1756 corporea
1933 1698 2182 1754 quaeque
2201 1680 2458 1736 exterius
2494 1683 2638 1736 sunt
2669 1679 2842 1745 bona,
2875 1683 3256 1752 temporanea
3285 1682 3576 1752 sunt,quae
3597 1693 3726 1734 vero

300 1782 409 1822 non
443 1764 720 1831 rideatur,
752 1775 980 1822 eterna.
1014 1767 1112 1838 (b).

373 1854 582 1921 ›ι‹ΧΙι.
618 1854 756 1919 Quae
785 1856 855 1911 ad
889 1855 1193 1913 scientiam
1224 1859 1538 1931 pertinent,
1578 1878 1646 1918 ex
1676 1861 1749 1918 iis
1807 1878 1950 1917 non-

2134 1858 2235 1914 IB'.
2266 1857 2341 1911 Τᾶ
2383 1861 2484 1925 τῆς
2533 1853 2806 1930 γνώσεως,
2853 1856 2921 1912 τὰ
2974 1855 3068 1929 μὶν
3119 1853 3228 1928 ἤδη
3280 1856 3608 1934 μετέχομεν*
3648 1855 3719 1911 τά

307 1942 466 1999 nulla
488 1943 613 2014 jam
650 1942 1042 2015 percipimus;
1068 1946 1182 2004 alia
1202 1965 1355 2014 vero,
1379 1966 1447 2006 ex
1470 1949 1562 2007 bis
1611 1967 1737 2023 qua
1762 1950 1952 2023 possi-

305 2033 536 2098 demus,
565 2031 815 2088 ﬁrmiter
844 2050 1173 2105 speramus.
1209 2040 1406 2109 Neque
1435 2039 1591 2095 enim
1625 2042 1823 2096 omnia
1852 2057 1954 2095 su-

308 2138 442 2177 mus
474 2120 691 2191 adepti,
734 2138 838 2178 nec
868 2123 1146 2180 omnibus
1177 2126 1504 2198 deﬁcimur,
1547 2129 1648 2184 sed
1681 2129 1840 2186 velut
1862 2145 1956 2185 ar-

305 2210 624 2266 rbabcnem
646 2209 932 2266 bonorum
957 2212 1281 2270 ccelestium
1315 2221 1689 2289 paternasque
1709 2218 1959 2274 haeredi-

305 2298 444 2354 tatis
476 2297 830 2369 accepimus.
867 2299 1092 2356 Viatica
1121 2319 1253 2358 vero
1285 2303 1389 2360 viae
1431 2305 1742 2362 Dominicze
1797 2307 1960 2378 ejus-

306 2388 440 2443 dem
473 2387 870 2444 bcatitudines
899 2394 1058 2445 sunt.
1095 2391 1331 2459 Quwrﬂe
1361 2395 1539 2450 enim.
1593 2396 1760 2465 dixit,
1819 2414 1962 2452 cura

307 2475 563 2532 sollicita
592 2476 875 2547 exquirite
929 2496 1165 2552 regnum
1197 2482 1313 2553 Dei,
1362 2491 1412 2539 et
1441 2483 1560 2541 haec
1588 2487 1778 2542 omnia
1809 2487 1960 2559 adji-

306 2565 526 2622 cientur
582 2565 752 2621 vobis.
786 2566 898 2623 Scit
925 2567 1076 2623 enim
1118 2571 1287 2626 Paler
1315 2582 1491 2628 vester
1519 2573 1718 2646 quibus
1747 2575 1962 2648 indige-

309 2654 383 2709 tis
402 2653 507 2726 (ε).
533 2653 749 2726 Sicque
773 2671 885 2711 non
909 2653 1100 2711 solum
1123 2674 1342 2730 vacare,
1364 2661 1464 2716 sed
1497 2665 1554 2716 et
1583 2679 1754 2718 curas
1783 2664 1959 2719 etiam

310 2743 576 2799 conferre
607 2747 780 2800 vetat.
811 2745 930 2800 Non
959 2745 1114 2802 enim
1146 2747 1219 2803 ad
1247 2753 1544 2817 staturam,
1577 2751 1789 2824 inquit,
1820 2769 1962 2809 cura

307 2833 411 2888 hac
436 2831 681 2888 sollicita
709 2833 994 2905 quidpiam
1014 2836 1261 2907 adjicere
1287 2839 1510 2911 potestis
1535 2840 1630 2913 (ά).
1656 2841 1963 2899 Manifesta

309 2921 464 2978 enim
493 2922 792 2993 cognoscit
821 2923 997 2994 Deus,
1030 2942 1298 2997 quaenam
1342 2947 1447 2985 nos
1496 2930 1710 2988 habere
1741 2937 1799 2988 et
1830 2933 1962 3006 qui-

301 3006 421 3067 bus
439 3011 701 3084 indigere
721 3013 1009 3083 expediat.
1038 3015 1204 3072 Curis
1231 3017 1428 3092 itaque
1452 3020 1698 3077 terrenis
1719 3036 1962 3078 evacua-

307 3099 405 3166 tie,
441 3117 548 3155 nos
579 3099 738 3172 ipsos
773 3099 909 3169 illis,
961 3119 1087 3176 quae
1135 3106 1205 3161 ad
1265 3106 1450 3164 Deum
1516 3113 1676 3179 sunt,
1728 3108 1960 3181 impleri

2067 1943 2145 2016 δὲ,
2179 1945 2249 2002 δι’
2279 1947 2353 2001 ὧν
2381 1943 2606 2021 ἔχομεν,
2662 1940 2893 2020 βεϐαίως
2940 1943 3253 2019 ἐλπίζομεν·
3306 1941 3430 2001 οῦτε
3471 1946 3577 2022 γὰρ
3616 1949 3722 2000 πᾶν

2063 2036 2458 2109 κεκομίσμεθα,
2492 2032 2617 2090 οὔτε
2663 2034 2863 2096 παντὸς
2918 2035 3268 2110 ὑστεροῦμεν·
3300 2033 3428 2091 ἀλλ’
3479 2036 3594 2091 οἷον
3627 2033 3728 2110 ἀῤ-

2069 2120 2283 2204 ῥαϐῶνα
2309 2129 2418 2180 τῶν
2451 2123 2687 2179 αἰωνίων
2716 2125 2933 2199 ἀγαθῶν
2980 2123 3072 2180 καὶ
3113 2127 3212 2180 τοῦ
3258 2124 3519 2200 πατρῴου
3549 2121 3728 2179 πλού-

2066 2237 2163 2271 του
2193 2213 2662 2293 προσειλήφαμεν.
2696 2213 2778 2272 Τὰ
2822 2211 2878 2269 Si
2926 2209 3117 2292 ἔφόδία
3160 2220 3261 2285 τῆς
3301 2219 3567 2288 κυριακῆς
3597 2209 3728 2268 ὁδοῦ

2069 2305 2122 2360 οἱ
2178 2303 2515 2380 μακαρισμοὶ
2561 2307 2658 2358 τοῦ
2716 2301 2939 2376 Κυρίου.
2985 2307 3208 2374 Ζητεῖτε
3255 2301 3383 2378 γὰρ,
3440 2300 3577 2373 εἶπε,
3633 2299 3728 2356 καὶ

2074 2399 2371 2469 μεριμνᾶτε
2444 2395 2546 2462 τὴν
2629 2391 2906 2468 βασιλείαν
2983 2395 3082 2447 τοῦ
3153 2395 3308 2463 Θεοῦ,
3387 2392 3476 2447 καὶ
3555 2387 3726 2446 ταῦτα

2069 2486 2246 2540 πάντα
2301 2483 2724 2560 προστεθήσεται
2785 2481 2937 2554 ὑμῖνο
3001 2477 3114 2536 οἶδε
3166 2482 3270 2559 γὰρ
3329 2481 3357 2536 ὁ
3415 2480 3604 2556 Πατὴρ
3650 2480 3727 2534 ὧν

2071 2572 2264 2650 χρείαν
2313 2568 2467 2648 ἔχετε
2521 2568 2709 2632 Οὕτως
2761 2570 2824 2625 οὐ
2876 2565 3038 2643 μόνον
3087 2570 3182 2633 τάς
3235 2569 3528 2647 ἀσχολίας,
3581 2566 3730 2624 ἀλλὰ

2069 2663 2160 2719 καὶ
2214 2662 2310 2725 τὰς
2360 2657 2648 2740 φροντίδας
2706 2660 3048 2738 περιγράφει.
3107 2659 3188 2717 Οὖ
3230 2658 3332 2735 γὰρ
3379 2661 3450 2734 τῇ
3507 2657 3723 2731 ἡλικίᾳ,

2070 2751 2253 2832 φησὶν,
2307 2751 2367 2806 ὲκ
2413 2753 2508 2806 τοῦ
2547 2750 2855 2828 φροντίζειν
2903 2747 3222 2825 προσθεῖναί
3265 2770 3318 2805 τι
3372 2745 3621 2806 δύνασθε.
3663 2749 3724 2808 Ὁ

2069 2843 2174 2919 γὰρ
2232 2843 2360 2905 Θεὸς
2417 2837 2531 2896 οἵδε
2583 2843 2790 2918 σαφῶς,
2830 2837 2953 2894 τίνα
3011 2839 3106 2913 μὲν
3164 2841 3300 2912 ἡμῖν
3347 2833 3515 2914 ἔχειν,
3563 2837 3729 2894 τίνων

2071 2929 2129 2988 δὶ
2182 2933 2405 3008 ἀπορεῖν
2455 2930 2737 3008 συμφέρει.
2800 2929 3150 2993 Κενώσαντας
3196 2928 3287 2984 οὗν
3341 2933 3478 3006 σφᾶς
3535 2926 3737 2994 αὐτοὺς

2067 3026 2179 3078 τῶν
2227 3025 2510 3093 κοσμοκῶν
2560 3015 2890 3098 φροντίδων,
2944 3017 3087 3090 ἀξιοῖ
3115 3016 3464 3094 πληροῦσθαι
3505 3024 3608 3089 τῆς
3658 3017 3738 3082 εἲς

2071 3110 2220 3168 Θεόν.
2292 3112 2488 3184 Ἡμεῖς
2562 3109 2664 3186 γᾶρ
2745 3107 3070 3182 στενάζομεν
3106 3151 3120 3176 ,
3182 3104 3566 3163 ἐπενδύσασθαι
3630 3128 3740 3164 πο-

306 3188 450 3247 vult.
505 3190 712 3263 Quippe
735 3207 830 3248 nos
850 3193 1284 3265 ingemiscimus,
1315 3199 1646 3270 superiudui
1681 3201 1961 3272 cupientes

2076 3203 2292 3264 θοῦντες
2347 3201 2415 3256 τὰ
2471 3195 2712 3277 ἄφθαρτα
2747 3239 2762 3266 ,
2811 3196 2938 3269 πρὶν
3000 3193 3322 3300 ἐκδύσασθαι
3375 3196 3733 3300 τήνῄφθορᾶν

305 3279 1513 3359 quzincorruptibiliasunt(e),priusquam
1529 3289 1961 3362 corruptionem

303 3367 662 3425 exuerimus.
697 3370 894 3427 Effusa
920 3372 1075 3429 enim
1110 3373 1245 3446 ﬁde,
1277 3375 1595 3434 infidelitas
1639 3380 1952 3436 evanescit.

301 3457 386 3514 Ad
411 3459 684 3514 eumdem
719 3461 960 3516 modum
1005 3463 1182 3518 etiam
1216 3463 1276 3519 in
1336 3465 1582 3522 scientia
1611 3483 1679 3524 ac
1699 3468 1956 3540 justitia.

303 3545 544 3618 Oportet
573 3547 768 3617 itaque
791 3565 905 3604 non
939 3549 1128 3606 solum
1155 3553 1415 3609 animam
1439 3571 1956 3628 evacuare,verum

305 3635 484 3692 etiam
521 3635 923 3708 Deoimplere.
956 3638 1155 3711 Neque
1210 3641 1366 3698 enim
1399 3643 1655 3715 amplius
1712 3645 1960 3719 malum,

308 3723 464 3797 quod
497 3740 628 3780 esse
649 3725 861 3797 desiit;
892 3744 1080 3800 neque
1103 3730 1342 3786 omnino
1364 3731 1609 3805 bonum,
1633 3737 1788 3807 quod
1820 3754 1963 3793 non-

311 3813 453 3868 dum
488 3813 710 3885 aliquid
739 3817 1003 3887 accepit:
1035 3819 1189 3889 quod
1223 3835 1354 3876 vero
1388 3839 1492 3878 nec
1523 3823 1742 3880 bonum
1772 3843 1962 3899 neque

313 3901 557 3971 malum,
590 3901 738 3958 nihil
768 3909 878 3960 est.
912 3906 1221 3964 Revertitur
1249 3912 1401 3966 enim
1417 3911 1475 3966 in
1503 3911 1723 3970 domum
1750 3933 1960 3988 purga-

310 3996 428 4048 tam
456 4008 527 4048 ac
554 4009 786 4049 vacuam
813 3994 905 4066 (Γ),
931 3995 1178 4069 inquam
1198 4015 1396 4055 eorum
1428 4001 1588 4058 nulla
1610 4020 1736 4076 quae
1760 4007 1831 4062 ad
1867 4024 1963 4064 sa-

311 4082 494 4138 lutem
518 4086 678 4152 sunt,
707 4082 1194 4157 injectafuerunt,
1214 4089 1491 4163 ubiprius
1505 4093 1748 4166 spiritus
1775 4095 1964 4169 impu-

312 4188 415 4227 rus
474 4170 861 4244 habitaverat,
894 4175 991 4246 qui
1024 4193 1222 4234 secum
1257 4178 1402 4236 alios
1440 4186 1663 4255 septem
1717 4185 1964 4258 spiritus

312 4261 580 4330 impuros
629 4263 900 4320 assumit.
946 4266 1137 4331 Quare
1187 4267 1360 4325 malis
1417 4271 1730 4341 evacuatis,
1763 4278 1826 4330 ut
1851 4279 1964 4331 Deo

317 4349 472 4405 bono
502 4348 767 4408 animum
799 4353 1154 4426 impleamus
1186 4373 1425 4416 necesse
1446 4363 1712 4434 estquod
1744 4368 1836 4419 est
1863 4363 1965 4420 do-

2075 3289 2481 3367 Ἐπιχεομὲνης
2539 3287 2644 3363 γὰρ
2695 3289 2796 3358 τῆς
2855 3287 3115 3354 πίστεως,
3173 3287 3369 3363 ἀπορεῖ
3413 3289 3449 3358 ἡ
3489 3287 3735 3344 ἀπιστία.

2065 3379 2310 3454 Ὁμοίως
2358 3378 2450 3434 καὶ
2491 3376 2579 3434 ἰπὶ
2632 3375 2887 3452 γνώσεως
2929 3375 3018 3432 καὶ
3066 3373 3440 3447 δικαιοσύνης.
3491 3377 3573 3435 Ού
3622 3379 3737 3455 χρὴ

2067 3468 2158 3526 οὖν
2209 3468 2375 3543 μόνον
2417 3470 2652 3523 κενῶσαι
2699 3466 2799 3535 τήν
2851 3465 3060 3540 ψυχὴν,
3113 3462 3261 3521 ἀλλά
3305 3465 3396 3520 καὶ
3440 3462 3740 3542 πληρῶσαι

2067 3563 2223 3617 Θεοῦ.
2270 3555 2407 3612 Οὔτε
2452 3557 2554 3632 γὰρ
2608 3553 2686 3610 ἔτι
2735 3555 2923 3622 κακὸν,
2973 3552 3090 3610 ἐπεὶ
3139 3555 3429 3610 πέπαυταιο
3482 3553 3607 3611 οὔτε
3663 3553 3732 3626 δὴ

2067 3647 2286 3723 ἀγαθὸν,
2339 3645 2456 3702 ὶπεὶ
2511 3640 2742 3718 μηδέπω
2785 3639 3048 3722 εἴληφεν·
3099 3644 3164 3698 τὸ
3213 3640 3272 3698 δὲ
3330 3645 3471 3718 μήτε
3529 3643 3728 3722 ἀγαθὸν

2073 3739 2214 3812 μήτε
2255 3737 2419 3792 κακὸν
2468 3731 2620 3790 οὐδὲν
2669 3732 2808 3789 ἐστιν
2841 3777 2854 3790 .
2905 3731 3181 3790 Ἐπάνεισι
3229 3733 3332 3810 γὰρ
3382 3732 3459 3798 εἷς
3502 3735 3594 3789 τὸν
3643 3755 3729 3790 κε·

2067 3824 2406 3900 καθαρμὲνον
2458 3822 2610 3879 οἷκον
2671 3821 2761 3878 καὶ
2803 3821 2957 3878 κενὸν
2980 3865 2998 3890 ,
3047 3821 3134 3877 ἐὰν
3185 3818 3358 3896 μηδὶν
3399 3826 3506 3878 τῶν
3553 3843 3736 3896 σωτη-

2072 3916 2202 3990 ρίων
2254 3908 2537 3988 ἐμϐληθῇ,
2593 3911 2659 3967 τὸ
2707 3913 3102 3986 προενοικῆσαν
3149 3912 3449 3989 ἀκάθαρτον
3493 3917 3730 3987 πνεῦμα,

2071 3997 2614 4078 συμπαραλαμϐάνον
2667 3997 2816 4057 ἄλλα
2870 3999 3005 4056 ὶπτὰ
3073 4001 3348 4075 ἀκάθαρτα
3402 4002 3688 4077 πνεύματα
3722 4047 3734 4060 .

2072 4093 2166 4150 Διὸ
2194 4093 2530 4154 κενώσαντας
2559 4094 2667 4147 τῶν
2700 4094 2878 4146 κακῶν
2913 4087 2996 4146 δεῖ
3041 4089 3336 4166 πληρῶσαι
3383 4093 3483 4162 τὴν
3540 4094 3730 4169 ψυχὴν

2069 4187 2168 4240 τοῦ
2194 4183 2394 4258 ἀγαθοῦ
2425 4183 2584 4252 Θεοῦ,
2627 4178 2759 4256 ὅπερ
2807 4178 2950 4236 ἐστὶν
2995 4179 3316 4255 οἰκητήριον
3367 4179 3732 4258 ἒπιλελεγμὲ-

2071 4293 2182 4329 νον.
2236 4269 2648 4342 Πληρωθὲντων
2699 4268 2802 4344 γὰρ
2849 4271 2960 4324 τῶν
3007 4273 3191 4340 κενῶν,
3241 4267 3364 4326 τότε
3409 4274 3446 4343 ἡ
3497 4274 3733 4352 σφραγὶς

2075 4359 2460 4430 ἐπακολουθεῖ,
2485 4356 2578 4414 ’ίνα
2608 4355 2948 4438 φυλάσσηται
2979 4362 3058 4432 τῷ
3088 4362 3204 4432 Θεῷ
3233 4361 3295 4416 τὸ
3326 4361 3501 4438 ἅγιον.

319 4436 603 4494 micilium
625 4438 892 4499 electum.
924 4443 1183 4517 lmpletis
1214 4448 1373 4504 enim
1406 4467 1532 4523 quas
1560 4450 1726 4524 prius
1759 4452 1997 4510 fuerunt
2023 4469 2226 4521 vacua,
2264 4455 2405 4508 tunc
2429 4436 2682 4521 sigillum
2711 4449 3116 4524 consequitur,
3148 4453 3215 4507 ut
3245 4436 3620 4510 custodiatur
3674 4453 3736 4510 id

320 4528 475 4599 quod
509 4527 625 4584 Deo
657 4535 925 4588 sanctum
958 4538 1068 4590 est.

385 4617 544 4674 XIII.
580 4619 751 4676 Omne
803 4625 1030 4680 verbum
1085 4625 1344 4696 ﬁrmatur
1395 4629 1604 4686 duobus
1645 4633 1733 4688 vel
1789 4632 2048 4702 trime

315 4707 540 4763 testibus
597 4711 674 4778 (9)
730 4726 744 4765 :
781 4710 888 4768 hoc
919 4717 1029 4781 est,
1053 4714 1110 4770 in
1140 4717 1332 4790 Patre,
1365 4719 1421 4775 in
1456 4719 1619 4795 Filio,
1651 4739 1717 4778 ac
1744 4721 1964 4795 Spiritu

315 4803 548 4854 sancto:
583 4799 801 4870 quibus
822 4802 1139 4862 testibuset
1160 4807 1551 4880 adjutoribus,
1571 4828 1697 4883 quae
1719 4815 1967 4870 manda-

316 4889 376 4940 ta
403 4892 703 4958 vocantur,
738 4891 1296 4968 obscrvarﬁdebent.

388 4974 529 5033 XIV.
569 4977 892 5047 Jejunium,
927 4991 1012 5037 est
1044 5000 1078 5038 a
1107 4984 1237 5041 cibo
1267 4987 1646 5060 abstinentia,
1680 4994 1853 5062 prout
1898 5007 1969 5048 ex

314 5067 445 5137 ipsa
484 5084 621 5124 voce
645 5075 893 5125 constat.
958 5079 1029 5127 At
1059 5074 1227 5131 cibus
1260 5093 1367 5133 nos
1397 5094 1512 5134 non
1549 5079 1737 5151 magis
1769 5082 1968 5150 justos

313 5156 401 5211 vel
433 5158 688 5230 injustos
722 5162 934 5218 reddit.
963 5167 1294 5222 Secundum
1325 5183 1463 5224 vero
1494 5183 1736 5226 sensum
1762 5171 1968 5243 mysti-

2149 4635 2249 4687 II".
2306 4633 2416 4686 Πᾶν
2477 4628 2631 4706 ῥῆμα
2679 4625 2898 4683 ’ίσταται
2958 4624 3047 4683 ἐπὶ
3103 4623 3199 4683 δύο
3244 4626 3335 4683 καὶ
3381 4632 3554 4704 τριῶν
3600 4651 3741 4708 μαρο

2075 4720 2300 4797 τύρων·
2349 4719 2438 4774 ἐπὶ
2490 4717 2702 4795 Πατρὸς
2750 4715 2840 4772 καὶ
2881 4715 3012 4772 Υἱοῦ
3059 4715 3149 4772 καὶ
3198 4716 3356 4792 ἁγίου
3404 4717 3740 4793 Πνεύματοςο

2077 4812 2161 4891 ἐφ’
2191 4814 2265 4868 ὧν
2320 4810 2612 4887 μαρτύρων
2659 4809 2747 4864 καὶ
2810 4809 3029 4884 βοηθῶν
3077 4809 3134 4864 αἱ
3185 4806 3404 4867 ἰντολαὶ
3446 4809 3742 4888 λεγόμεναι

2077 4900 2439 4982 φυλάσσεσθαι
2475 4895 2808 4978 ὀφείλουσιν.

2149 4991 2250 5048 ῙΔ’.
2296 4995 2360 5045 Ἢ
2410 4986 2636 5058 νηστεία
2683 4987 2794 5060 (35)
2845 4986 3033 5062 ἀποχή
3082 4993 3294 5066 τροφῆς
3335 4984 3448 5043 ἐστι
3496 4988 3634 5046 κατὰ
3678 4991 3745 5046 τὸ

2078 5077 2508 5152 σημαινόμενον.
2553 5077 2740 5154 Τροφὴ
2792 5071 2850 5130 δὶ
2895 5071 3050 5130 οὐδὲν
3095 5071 3468 5151 δικαιοτᾶρους
3522 5079 3673 5152 ἡμᾶς
3708 5078 3745 5149 ἢ

2079 5166 2444 5244 ἀδίκωτὲρους
2496 5165 2901 5241 ἀπειργάζεταισ
2950 5165 3088 5221 κατὰ
3134 5161 3193 5221 δὶ
3237 5166 3302 5220 τὸ
3335 5167 3592 5240 μυστικὸν
3647 5166 3749 5236 δη-

303 5266 463 5316 cum,
497 5250 724 5323 liquido
758 5257 1015 5324 constat,
1059 5254 1380 5326 quodvefut
1417 5257 1668 5328 singulis
1726 5259 1846 5315 vita
1901 5274 1961 5316 ex

2080 5255 2174 5314 λοῖ
2225 5254 2332 5326 δτι,
2387 5254 2569 5331 ὥσπερ
2619 5259 2740 5316 τοῖς
2780 5253 2899 5309 καθ’
2944 5250 3039 5309 ἵνα
3094 5253 3154 5310 ἑκ
3192 5261 3401 5333 τροφῆς
3450 5257 3485 5326 ἡ
3537 5259 3675 5329 ζωή,
3709 5261 3746 5329 ἡ

305 5338 437 5394 cibo
468 5345 576 5408 est,
611 5345 670 5396 et
693 5358 807 5396 non
841 5343 1055 5398 nutriri
1107 5344 1318 5400 mortis
1377 5345 1688 5417 indicium,
1726 5348 1812 5404 sic
1861 5363 1970 5404 nos

2082 5344 2131 5401 δ’
2183 5345 2418 5424 ἀτροφία
2451 5346 2683 5400 θανάτου
2730 5337 3036 5416 σύμϐολον
3087 5340 3259 5408 οὕτως
3300 5343 3390 5441 καῇῖ
3439 5347 3588 5420 ⁴ἡμᾶς
3637 5351 3749 5403 τῶν

381 5509 448 5574 ›ι‹
476 5514 533 5564 P.
566 5512 814 5591 68_4_EI).
850 5513 1153 5591 ROTTER.
1190 5515 1266 5586 (a)
1316 5517 1409 5591 Isa
1465 5534 1554 5591 xc.
1586 5518 1643 5575 6.
1677 5518 1752 5591 (ὁ)
1782 5518 1832 5575 II
1863 5521 1961 5574 Cc!

2076 5535 2130 5582 ν,
2154 5519 2241 5574 18.
2297 5518 2369 5591 (c)
2420 5515 2733 5582 Mattb.vx,
2765 5515 2836 5571 33
2891 5519 2951 5572 et
2978 5514 3068 5572 32.
3123 5515 3202 5590 (ἀ)
3257 5517 3572 5591 Matth",
3623 5519 3746 5575 27;

317 5582 455 5636 Luc.
487 5599 589 5649 xu,
620 5586 709 5639 25.
744 5587 819 5658 (e)
850 5589 898 5640 II
925 5588 1055 5643 Cor.
1090 5603 1146 5655 ν,
1190 5582 1255 5644 2.
1278 5590 1348 5662 (f)
1379 5589 1582 5647 Matth.
1613 5582 1718 5656 xxi,
1741 5582 1836 5646 Η.
1863 5591 1937 5664 (g)

2076 5595 2142 5647 it.
2173 5582 2313 5662 xm,
2341 5582 2396 5646 9.

392 5753 509 5840 (34)
554 5751 618 5840 Ρξῖ
662 5755 737 5825 μή
789 5756 872 5840 ὅτι
912 5759 1200 5834 πάσχοιεν.
1252 5761 1591 5838 Legendum
1643 5762 1878 5822 videtur
1927 5759 1979 5818 ετ

323 5825 398 5897 μή
432 5844 484 5878 τι
515 5825 801 5900 πάσχοιεν.
835 5825 1118 5891 δῖωυίῦ.

2154 5762 2269 5836 (35)
2298 5761 2361 5818 Ἦ
2394 5756 2729 5836 νηστείαιρθ
2754 5758 2966 5836 Mucii
2998 5758 3362 5819 abstinentia
3389 5761 3521 5822 vide
3549 5768 3608 5822 et
3639 5765 3750 5823 Ba-

2086 5830 2184 5894 sil'.
2219 5849 2351 5910 pag.
2381 5834 2482 5896 I33
2508 5837 2569 5894 et
2600 5833 2722 5894 13⁸1.
2748 5830 2826 5892 Β.
2845 5830 3136 5894 ﬁrmae.
