4124 6400
396 427 507 485 705

1200 398 1446 480 nvem.
1474 450 1544 464 -
1582 421 1886 481 semen
1922 421 2024 476 sx
2061 420 2486 478 BCBIPTURIS
2521 423 3014 480 ΡΒΟΡΗΕΤΙΟΙΒ.

3716 427 3826 482 706

391 552 677 625 κοσμικῶν
704 545 981 620 νηστεύειν
1012 546 1150 624 χρὴ,
1176 543 1272 601 ’ίνα
1313 549 1394 618 τῷ
1441 544 1635 620 κόσμῳ
1667 543 2052 618 ἀποθάνωμεν,

2188 562 2405 618 ιιιοειιιο
2435 547 2507 603 ab
2539 544 2632 604 his
2656 565 2782 620 quae
2809 547 3012 604 mundi
3034 548 3286 622 hujusce
3316 552 3820 624 suntJejunemus

393 641 484 697 καὶ
535 637 673 714 μετὰ
701 641 864 692 τοῦτο
914 638 1127 712 τροφῆς
1159 632 1303 697 Θείας
1337 630 1736 708 μεταλαϐόντες
1788 638 1904 706 Θεῷ
1955 633 2056 703 ζή-

399 749 610 804 σωμον.
643 725 868 789 Ἀλλως
887 745 947 781 τε
965 729 1123 781 κενοῖ
1137 726 1237 794 τῆς
1271 723 1408 796 ὕλης
1427 725 1527 794 τήν
1551 726 1738 800 ψυχὴν
1773 726 1808 793 ἡ
1841 721 2060 792 νηστεία

398 819 489 876 καὶ
542 817 781 892 καθαρὰν
839 815 930 872 καὶ
978 813 1190 893 κούφην
1243 812 1334 868 σὺν
1379 813 1471 869 καὶ
1515 819 1594 886 τῷ
1642 814 1855 886 σώματι
1898 811 2058 886 παρί-

398 929 556 980 στησι
585 911 706 969 τοῖς
750 903 918 970 θείοις
967 902 1177 979 λόγοις.
1209 904 1395 981 Τροφή
1431 905 1524 978 μὲν
1585 904 1676 958 οῦν
1727 901 1970 976 κοσμικὴ
2032 900 2061 956 ὁ

398 999 663 1076 πρότερος
719 995 840 1072 βίος
885 993 976 1050 καὶ
1020 995 1090 1050 τὰ
1142 993 1531 1070 ἁμαρτήματα·
1563 993 1745 1068 τροφή
1778 988 1836 1046 δὲ
1881 991 2058 1060 θεϊκὴ,

397 1087 603 1160 πίστις,
634 1083 818 1155 ἐλπὶς,
845 1085 1050 1159 ἀγάπη,
1087 1083 1367 1158 ὑπομονὴ,
1417 1088 1647 1160 γνῶσις,
1694 1081 1915 1155 εἴρήνη,
1953 1101 2062 1135 σω-

400 1175 664 1255 φροσύνη.
725 1173 1000 1249 Μακάριοι
1059 1172 1162 1250 γὰρ
1224 1173 1276 1227 οἱ
1324 1177 1615 1235 πεινῶντες
1655 1170 1746 1227 καὶ
1798 1168 2063 1244 διψῶντες

396 1267 499 1336 τήν
533 1262 882 1335 δικαιοσύνην
934 1266 1032 1319 τοῦ
1080 1267 1235 1319 Θεοῦ·
1297 1264 1448 1318 οὗτοι
1502 1263 1607 1338 γάρ
1665 1261 1756 1317 καὶ
1811 1257 2062 1334 ἐμπλησ-

403 1359 719 1428 σθήσονται.
739 1354 910 1428 Ψυχὴ
944 1351 1025 1423 δὲ,
1055 1351 1182 1409 ἀλλ’
1204 1351 1266 1408 ού
1300 1356 1480 1426 σῶμα,
1518 1354 1618 1422 τήν
1655 1347 1829 1428 ὅρεξίν
1855 1349 2056 1421 ταύτην

406 1440 703 1522 λαμϐάνει.

480 1622 559 1680 IE'
605 1621 714 1690 Τῆς
754 1619 989 1680 πίστεως
1037 1618 1137 1688 τὴν
1184 1616 1354 1693 εύχήν
1390 1617 1751 1694 ἰσχυροτέραν
1795 1616 2064 1696 ἀπὲφῃνεν

409 1713 440 1767 ὁ
484 1710 682 1787 Σωτήρ
739 1713 856 1773 τοῖς
909 1713 1126 1772 πιστοῖς
1155 1705 1487 1771 ἀποστόλοις
1547 1707 1635 1764 ἐπί
1685 1729 1830 1772 τινος
1870 1704 2066 1781 δαιμο-

407 1804 656 1870 νιῶντος,
689 1797 748 1854 ’ὸν
779 1798 882 1854 ούκ
904 1794 1138 1873 ’ίσχυσαν
1161 1797 1482 1875 καθαρίσαι,
1515 1796 1708 1868 εἰπὼν,
1737 1799 1813 1852 Τὰ
1842 1801 2069 1852 τοιαῦτα

411 1890 555 1966 εύχῇ
602 1889 982 1962 κατορθοῦται.
1032 1887 1094 1943 Ὁ
1128 1887 1221 1960 μὲν
1271 1888 1558 1949 πιστεύσας
1608 1884 1790 1964 ἄφεσιν
1821 1886 2068 1962 ἆμαρτηο

415 1981 597 2053 μάτων
626 1971 790 2034 ἔλαϐε
819 1977 965 2050 παρᾶ
993 1980 1090 2030 τοῦ
1125 1975 1344 2051 Κύρίου·
1377 1976 1406 2030 ’ὀ
1440 1973 1488 2030 δ’
1518 1975 1571 2031 ἐν
1602 1976 1799 2051 γνώσει
1827 1975 2065 2051 γενόμε-

411 2089 520 2132 νος,
548 2067 640 2122 ἅτε
683 2065 878 2140 μηκέτι
935 2063 1284 2139 ἁμαρτάνων,
1335 2066 1460 2140 παρ’
1491 2065 1683 2120 ἑαυτοῦ
1731 2065 1829 2133 τήν
1879 2061 2065 2140 ἄφεσιν

418 2160 528 2210 τῶν
561 2153 768 2210 λοιπῶν
800 2153 1110 2228 κομίζεται.

498 2422 584 2491 Ιζ’.
614 2421 819 2497 Ὠσπερ
867 2420 924 2475 αἱ
961 2420 1238 2497 θεραπεῖαι
1268 2420 1358 2475 καί
1411 2420 1466 2475 αἱ
1497 2425 1828 2499 προφητεῖαι
1868 2421 1958 2476 καὶ
2005 2422 2074 2476 τὰ

421 2515 644 2586 σημεῖα,
676 2508 853 2572 οὕτως
899 2509 990 2565 καὶ
1038 2511 1075 2580 ἡ
1117 2511 1390 2586 γνωστικὴ
1423 2506 1749 2565 διδασκαλία
1775 2508 1843 2565 δι’
1873 2509 2073 2586 ἀνθρώ-

417 2622 534 2657 πων
594 2598 948 2676 ἐνεργοῦντος
994 2595 1094 2655 τοῦ
1124 2603 1260 2655 Θεοῦ
1309 2596 1659 2655 ἐπιτελεῖται·
1714 2600 1742 2654 ὁ
1789 2599 1892 2676 γὰρ
1942 2601 2071 2664 Θεὸς

415 2689 484 2746 δι’
542 2689 846 2764 ἀνθρώπων
891 2689 992 2759 τὴν
1033 2686 1261 2763 δύναμιν
1292 2687 1672 2746 ἐπιδείκνυται.
1734 2689 1835 2745 Καὶ
1894 2689 2072 2765 ὀρθῶς

416 2782 452 2850 ἡ
500 2777 814 2857 προφητεία
862 2777 1032 2856 φησί’
1102 2779 1200 2834 Καὶ
1249 2777 1538 2834 ἀποστελῶ
1589 2778 1672 2834 ἐπ’
1723 2779 1909 2841 αὐτοῖς

418 2863 703 2942 ἄνθρωπον
771 2863 832 2930 ὅς
889 2865 1050 2921 σώσει
1108 2864 1323 2928 αύτούς.
1402 2865 1578 2928 Αὐτὸς
1646 2867 1736 2920 οὗν
1807 2865 2072 2940 ἐκπέμπει

399 2957 550 3034 ,ποτὶ
610 2956 706 3030 μὲν
747 2955 1057 3034 προφήτας,
1109 2955 1241 3011 ποτὲ
1297 2953 1355 3011 δὲ
1403 2955 1768 3024 ἀποστόλους,
1823 2962 2072 3032 σωτῆρας

418 3049 526 3101 τῶν
586 3045 910 3119 ἀνθρώπων.
964 3042 1124 3102 Οὕτω
1180 3044 1309 3108 Θεὸς
1367 3041 1436 3099 δι’
1495 3045 1798 3120 ἀνθρώπων
1861 3044 2043 3120 εύεργε

418 3139 519 3190 τεῖ·
574 3133 709 3212 ούχὶ
760 3136 866 3211 γὰρ
921 3135 989 3191 τὰ
1050 3135 1144 3210 μὶν
1201 3132 1445 3207 δύναται,
1494 3136 1563 3191 τά
1610 3133 1668 3190 δὲ
1697 3135 1761 3191 ού
1793 3133 2014 3190 δύναται
2047 3135 2074 3190 ὁ

423 3224 574 3298 Θεὸς,
630 3221 756 3280 οὐδὲ
813 3225 1023 3280 ἀσθενεῖ
1075 3245 1208 3280 ποτε
1255 3223 1306 3280 ἐν
1339 3222 1538 3280 ούδενί’
1567 3222 1696 3280 ἀλλ’
1725 3222 1850 3279 οὐδὲ
1877 3224 1944 3279 τὰ
1977 3224 2071 3298 μὲν

423 3313 660 3384 ἐκοντος,
690 3315 758 3370 τὰ
787 3311 845 3370 δὶ
894 3311 1116 3378 ἄκοντος
1148 3315 1316 3370 αὐτοῦ
1345 3314 1568 3392 γίνεταιο
1618 3313 1708 3370 καὶ
1755 3314 1821 3370 τὰ
1853 3315 1948 3388 μὲν
1985 3313 2073 3369 ὑπ’

424 3402 611 3475 αύτοῦ,
640 3403 707 3460 τὰ
737 3402 795 3460 δὲ
839 3404 926 3482 ὑφ’
965 3405 1169 3479 ἕτερον’
1222 3403 1368 3460 ἀλλᾶ
1410 3403 1500 3460 καὶ
1541 3406 1690 3478 ἠμΞὶς
1722 3401 1978 3481 ἐγέννησε
2009 3400 2078 3459 δι’

423 3493 744 3570 ἀνθρώπων,
774 3494 866 3549 καὶ
903 3491 1182 3549 ἐπαίδευσε
1212 3491 1282 3548 δι’
1314 3493 1640 3572 ἀνθρώπων.

497 3763 594 3820 ΙΖ“.
626 3762 689 3819 Ὁ
719 3762 850 3824 Θεὸς
897 3762 1045 3836 ἡμᾶς
1094 3759 1368 3832 ἐποίησεν,
1416 3760 1478 3816 ού
1526 3759 1819 3837 προόντας.
1868 3763 2076 3838 Ἐχρῆν

425 3852 529 3930 γὰρ
558 3851 649 3907 καὶ
677 3846 877 3906 εἰδέναι
905 3853 1054 3923 ἡμᾶς
1083 3849 1221 3905 ὅπου
1263 3851 1406 3924 ἦμεν
1457 3852 1503 3906 εἴ
1533 3859 1807 3928 προῇμεν,
1838 3853 1927 3908 καὶ
1960 3857 2076 3916 πῶς

422 3943 513 3999 καὶ
543 3940 634 3998 διὰ
661 3941 715 3997 τί
744 3939 903 4017 δεῦρο
931 3940 1160 4016 ἥκομεψ
1203 3941 1250 3996 εἰ
1299 3939 1346 3996 δ’
1379 3943 1443 3998 ού
1475 3949 1748 4019 προῇμεν,
1793 3947 1893 4009 τῆς
1926 3945 2078 4021 γενὲ-

424 4053 559 4096 σεως
591 4031 760 4106 μόνος
793 4028 966 4094 α’ίτιος
1011 4032 1040 4086 ὁ
1070 4031 1223 4094 Θεός.
1255 4032 1344 4095 Ὦς
1395 4030 1487 4088 οὗν
1537 4031 1636 4088 ούκ
1679 4030 1838 4097 ὄντας
1888 4033 2079 4106 ἐποίη-

426 4143 536 4195 σεν,
567 4121 742 4184 οὕτως
787 4121 879 4176 καὶ
930 4119 1257 4197 γενομὲνους
1296 4121 1456 4192 σώζει
1487 4125 1557 4196 τῇ
1589 4119 1702 4196 ῗδίᾳ
1745 4124 1957 4200 χάριτι,
1991 4121 2078 4180 ἐὰν

428 4210 568 4284 ἄξιοι
778 4210 870 4266 καὶ
918 4207 1221 4281 ἐπιτήδειοι
1269 4214 1564 4288 φανῶμεν,
1617 4210 1662 4266 εἰ
1717 4214 1793 4287 μή
1848 4215 2081 4289 παρήσει

431 4301 566 4376 πρὸς
590 4300 654 4357 τὸ
676 4299 878 4357 οξκεῖον
903 4299 1084 4364 τὲλος·
1117 4301 1209 4355 καὶ
1237 4299 1338 4378 γὰρ
1363 4301 1580 4372 ζώντων
1613 4301 1725 4358 ἐστὶ
1755 4302 1844 4358 καὶ
1874 4307 2079 4378 νεκρῶν

434 4388 653 4463 Κύριος.

2164 640 2556 706 oportet,eum
2591 654 2804 709 nempe
2835 638 2896 693 in
2930 639 3103 695 finem
3135 645 3199 694 ut
3223 642 3440 696 mundo
3475 641 3822 715 moriamur;

2165 740 2231 779 ac
2252 724 2385 779 dein
2409 725 2748 781 alimoniam
2771 726 3033 783 divinam
3058 729 3506 796 consecuti,Deo
3532 732 3822 790 vivamus.

2165 812 2411 886 Insuper
2433 815 2700 870 animum
2729 833 2762 872 a
2785 816 2919 872 face
2953 818 3752 893 materialilevatjejunium,
3772 828 3828 878 et

2168 919 2384 974 purum
2418 903 2722 976 levemque
2771 921 2905 960 cum
2955 907 3084 979 ipso
3135 924 3374 981 corpore
3405 911 3823 982 constitutum,

2166 993 2539 1050 sermonibus
2571 993 2976 1067 doctrinisque
3007 996 3224 1052 divinis
3252 1003 3454 1070 aptum
3489 1000 3824 1056 reddit.S£e-

2169 1081 2285 1138 culi
2317 1083 2560 1156 proinde
2597 1083 2846 1154 hujusce
2903 1084 3096 1154 cibus,
3152 1086 3272 1142 vita
3323 1089 3614 1159 praeterita
3645 1095 3825 1162 atque

2169 1176 2404 1243 peccata
2433 1175 2612 1242 sunt;
2645 1172 2814 1229 cibus
2847 1189 2982 1228 vero
3016 1173 3272 1245 divinus,
3307 1176 3473 1247 fides,
3498 1195 3652 1248 spes,
3689 1179 3828 1235 cha-

2171 1259 2338 1327 ritas,
2372 1261 2678 1332 patientia,
2714 1259 2984 1329 scientia,
3017 1279 3150 1334 pax,
3202 1265 3614 1335 temperantia.
3667 1268 3831 1324 Beati

2172 1349 2326 1404 enim
2357 1351 2458 1419 qui
2485 1351 2741 1405 esuriant
2770 1368 2835 1406 ac
2880 1349 3086 1406 sitiunt
3124 1353 3415 1423 justitiam
3451 1353 3585 1425 Dei;
3618 1372 3750 1411 nam
3775 1361 3828 1412 et

2170 1436 2283 1508 ipsi
2305 1439 2709 1494 saturabuntur
2737 1439 2836 1512 (a).
2872 1439 2936 1504 ᾧ
2966 1440 3174 1496 Anima
3216 1458 3351 1498 vero
3382 1445 3439 1498 et
3471 1460 3586 1499 non
3619 1461 3833 1518 corpus

2171 1526 2328 1582 hunc
2360 1527 2688 1600 appetitum
2716 1530 2920 1585 sumit.

2243 1614 2364 1670 XV.
2411 1621 2617 1673 Preces
2670 1618 2913 1689 majoris
2964 1635 3095 1675 esse
3137 1617 3370 1677 virtutis
3418 1638 3598 1694 quam
3632 1622 3834 1694 ﬁdem,

2172 1706 2458 1778 apostolis
2491 1706 2765 1763 ﬁdelibus
2797 1707 2978 1764 animi
3009 1709 3101 1765 sui
3149 1726 3391 1766 sensum
3422 1711 3668 1783 protulit
3709 1712 3837 1769 Sal—

2173 1799 2498 1863 vator,cum
2525 1798 2591 1850 de
2608 1795 2955 1853 dmiaco
2984 1796 3223 1870 quodam
3253 1805 3528 1870 ageretur
3555 1801 3836 1874 (b),quem

2177 1883 2466 1939 mundare
2511 1884 2667 1940 haud
2723 1891 3013 1956 poterant,
3059 1887 3283 1958 dicens,
3339 1887 3628 1946 miracula
3675 1891 3835 1962 ejus-

2185 1973 2339 2028 modi
2372 1990 2474 2044 per
2501 1990 2705 2046 preces
2739 1975 3024 2046 praestari.
3066 1977 3293 2049 Quippe
3344 1978 3444 2049 qui
3495 1979 3769 2049 credidit,
3802 1996 3837 2036 a

2180 2061 2430 2118 Domino
2462 2069 2826 2134 peccatorum
2861 2065 3269 2122 remissionem
3301 2069 3544 2140 adeptus
3583 2073 3703 2138 est;
3732 2069 3835 2141 qui

2181 2167 2314 2206 vero
2345 2151 2653 2208 scientiam
2705 2157 2795 2208 est
2842 2162 3218 2223 consecutus,
3271 2156 3492 2227 quique
3542 2174 3659 2212 non
3710 2172 3834 2214 am-

2183 2237 2339 2312 plius
2371 2247 2634 2312 peccat,a
2662 2240 2857 2314 seipso
2891 2243 3298 2299 remissionem
3331 2244 3697 2316 reliquorum
3726 2247 3839 2303 im-

2181 2333 2397 2402 petrat.

2253 2417 2394 2475 XVI.
2429 2418 2594 2476 Sicut
2645 2420 3004 2491 sanationes,
3057 2425 3114 2476 et
3163 2422 3504 2495 prophetiae,
3553 2428 3612 2480 et
3642 2423 3834 2497 signa,

2181 2507 2254 2563 ad
2280 2508 2551 2564 eumdem
2585 2510 2829 2565 modum
2860 2514 2916 2566 et
2947 2510 3212 2566 doctrina
3266 2527 3391 2582 quis
3423 2512 3495 2567 ad
3527 2513 3837 2572 scientiam

2183 2598 2391 2669 tendit,
2427 2615 2528 2670 per
2559 2598 2827 2655 homines
2853 2599 2970 2656 Deo
3000 2600 3320 2672 adjuvante
3351 2607 3409 2657 et
3439 2602 3679 2659 afﬂante
3706 2621 3836 2675 per-

2182 2687 2395 2744 ﬁcitur.
2432 2695 2581 2746 Deus
2626 2689 2784 2746 edim
2838 2707 2942 2762 per
2992 2691 3294 2747 hominem
3351 2709 3520 2748 suam
3577 2694 3836 2750 ostendit

2183 2781 2557 2850 potestatem.
2601 2777 2743 2834 Ilinc
2776 2784 2930 2836 recte
2960 2779 3104 2836 dicit
3154 2781 3463 2853 prophetia
3495 2783 3596 2838 :Et
3621 2785 3838 2838 mittam

2181 2866 2252 2921 ad
2278 2881 2366 2922 eos
2398 2868 2602 2934 virum,
2637 2866 2735 2938 qui
2765 2866 3015 2924 satvabit
3043 2884 3130 2924 eos
3161 2870 3253 2941 (ε).
3302 2872 3432 2942 Ipse
3483 2871 3719 2943 quidem
3752 2875 3842 2928 est

2183 2953 2284 3027 qui
2317 2971 2741 3027 nonnunquam
2771 2957 3113 3028 prOphetas,
3149 2960 3502 3032 quandoque
3533 2976 3665 3016 vero
3697 2978 3839 3033 apo-

2183 3042 2365 3100 stolos
2397 3045 2600 3115 mittit,
2635 3047 2733 3117 qui
2765 3045 3113 3102 hominibus
3147 3048 3401 3104 salutem
3434 3053 3845 3120 parent.Hunc

2182 3133 2243 3189 in
2279 3134 2519 3189 modum
2555 3139 2706 3190 Deus
2759 3152 2863 3207 per
2912 3136 3214 3192 hominem
3267 3137 3552 3194 beneficia
3582 3144 3843 3211 prastat.

2184 3222 2311 3279 Non
2341 3223 2497 3279 enim
2533 3224 2802 3296 quaedam
2829 3224 3059 3280 efﬁcere
3097 3230 3292 3297 potest
3313 3225 3550 3296 Deus,et
3580 3228 3696 3285 alia
3728 3247 3844 3286 non

2189 3317 2418 3385 potest;
2454 3329 2643 3386 neque
2676 3330 2735 3370 re
2764 3313 2885 3370 ulla
2916 3313 3189 3370 infirmus
3214 3319 3323 3372 est.
3355 3317 3466 3373 Sed
3501 3322 3558 3374 et
3587 3335 3691 3374 nec
3713 3317 3843 3391 ipso

2191 3401 2418 3458 volente
2450 3403 2719 3475 quaedam
2752 3403 2920 3472 ﬁunt,
2950 3404 3067 3461 alia
3115 3421 3247 3462 vero
3299 3405 3470 3477 quasi
3502 3407 3630 3480 ipso
3661 3407 3842 3465 invito

2190 3496 2330 3549 sunt
2360 3491 2601 3561 effecta;
2632 3498 2690 3548 et
2721 3492 2842 3549 haec
2874 3493 3116 3565 quidem
3162 3495 3234 3551 ab
3277 3497 3430 3568 ipso,
3462 3495 3575 3553 alia
3605 3515 3738 3555 vero
3769 3499 3844 3555 ab

2192 3581 2347 3651 alio;
2381 3581 2524 3655 quin
2556 3585 2613 3638 et
2643 3598 2749 3639 nos
2779 3599 3017 3656 quoque
3050 3601 3152 3656 per
3182 3585 3454 3642 homines
3487 3589 3849 3661 genuit,per-

2192 3687 2306 3743 que
2337 3671 2608 3728 homines
2633 3672 2871 3728 erudiit.

2264 3761 2418 3818 862
2449 3760 2622 3817 XVII.
2660 3765 2812 3817 Deus
2844 3761 3083 3833 quidem
3117 3780 3223 3819 nos
3255 3765 3644 3834 creavit,cum
3678 3767 3844 3839 prius

2193 3867 2310 3906 non
2339 3867 2629 3906 essemus.
2661 3849 2934 3922 Oportuit
2963 3852 3118 3908 enim
3151 3857 3209 3908 et
3250 3871 3354 3909 nos
3404 3857 3555 3911 scire
3584 3856 3684 3911 ubi
3714 3873 3844 3912 era-

2193 3955 2350 4007 mus,
2399 3940 2448 3996 si
2503 3942 2674 3996 modo
2726 3938 2890 4012 prius
2935 3940 3300 4012 fuissemus;
3340 3947 3398 3998 et
3437 3945 3752 4016 quomodo,
3786 3949 3845 4001 et

2191 4046 2372 4102 quam
2403 4029 2476 4084 ob
2509 4045 2752 4086 causam
2784 4028 2943 4086 hunc
2969 4029 3029 4086 in
3063 4032 3352 4087 mu..dum
3380 4033 3844 4090 venerimus.Sin

2194 4119 2358 4191 prius
2402 4136 2518 4174 non
2552 4118 2977 4186 l‘uimus,ortus
3011 4125 3150 4176 tunc
3182 4119 3370 4177 nostri
3399 4137 3582 4178 causa
3611 4123 3848 4193 quidem

2196 4209 2365 4264 unica
2397 4214 2488 4265 est
2535 4207 2710 4265 Deus.
2752 4208 2912 4264 Sicut
2966 4207 3166 4280 itaque
3215 4227 3348 4266 cum
3390 4211 3654 4266 nondum
3686 4228 3848 4269 esse-

2195 4316 2326 4355 mus
2361 4297 2596 4368 creavit,
2647 4297 2718 4352 ad
2771 4297 3044 4354 eumdem
3098 4299 3340 4354 modum
3389 4315 3521 4354 cum
3557 4299 3612 4355 in
3647 4317 3846 4358 rerum

2196 4394 2402 4447 natura
2455 4386 2642 4443 simus
2688 4385 2823 4457 ipsi,
2875 4386 3066 4458 gratia
3097 4404 3206 4442 sua
3251 4404 3358 4444 nos
3410 4388 3619 4446 salutis
3653 4391 3847 4447 reddit

429 4481 758 4556 participes,
785 4482 834 4540 si
867 4483 1041 4540 modo
1068 4482 1358 4539 fuerimus
1389 4483 1553 4556 digni
1585 4489 1642 4542 et
1672 4485 1865 4543 idonei
1892 4503 1906 4556 ;
1940 4486 1990 4543 si
2022 4503 2138 4544 non
2169 4497 2383 4554 segnes
2413 4479 2602 4535 simus
2635 4477 2708 4533 ad
2742 4477 2922 4543 ﬁnem
2954 4477 3256 4551 proprium
3283 4499 3298 4549 ;
3341 4480 3558 4553 quippe
3590 4481 3843 4539 vivorum

420 4574 500 4628 est
529 4572 625 4629 ille
653 4575 709 4628 et
736 4576 1075 4630 mortuorum
1105 4572 1368 4628 Dominus
1399 4573 1496 4645 (ά).

490 4661 598 4717 ΙΗ’.
649 4660 791 4737 Ὅρα
835 4657 893 4715 δὲ
939 4661 1038 4730 τήν
1089 4656 1316 4732 δύναμιν
1361 4664 1458 4715 τοῦ
1484 4665 1640 4717 Θεοῦ⁶
1695 4661 1758 4719 ού
1794 4665 1960 4738 μόνον
1995 4663 2070 4721 ἐπ’

2262 4658 2459 4716 XVIII.
2489 4657 2636 4713 Vide
2665 4671 2800 4713 vero
2836 4655 2933 4713 Dei
2964 4656 3292 4730 potentiam
3322 4677 3337 4728 ;
3371 4674 3490 4714 non
3517 4663 3749 4717 tantum
3783 4660 3843 4716 in

419 4748 726 4824 ἀνθρώπων
776 4750 852 4824 μή
903 4745 1064 4812 ὄντας
1098 4749 1174 4813 εἰς
1222 4750 1285 4804 τὸ
1317 4750 1450 4805 εἶναι
1499 4753 1780 4829 παράγων,
1830 4755 2078 4819 καὶτοὺς

418 4839 746 4914 γενομὲνους
777 4835 952 4912 αὔξων
1001 4839 1120 4895 καθ’
1169 4837 1392 4909 ἡλικίας
1439 4843 1752 4917 προκοπὴν,
1793 4841 1940 4900 ἀλλὰ
1986 4843 2078 4900 καὶ

419 4926 550 4990 τούς
606 4926 958 4990 πιστεύοντας
1015 4928 1206 4999 σώζων
1259 4929 1398 4984 κατᾶ
1449 4929 1514 4985 τὸ
1569 4928 1773 4986 οἷκεῖον
1827 4931 2076 5006 ἑκάστῳ.

419 5013 565 5086 Ἤδη
612 5013 672 5072 δὲ
702 5012 1038 5091 μεταϐάλλει
1067 5017 1159 5073 καὶ
1203 5017 1374 5092 ὥρας,
1404 5017 1496 5074 καὶ
1524 5019 1770 5096 καιροὺς,
1802 5023 1893 5078 καὶ
1941 5044 2079 5102 καρ-

423 5105 580 5175 ποὺς,
629 5106 721 5162 καὶ
774 5111 1045 5182 στοιχεῖα.
1097 5107 1271 5170 Οὗτος
1302 5109 1405 5184 γὰρ
1433 5110 1512 5174 εἷς
1561 5109 1714 5177 Θεὸς,
1762 5111 1790 5166 ὁ
1839 5111 1932 5168 καὶ
1975 5115 2075 5184 τήν

429 5193 604 5271 ἀρχὴν
648 5194 742 5250 καὶ
788 5196 854 5251 τὸ
898 5196 1062 5261 τέλος
1106 5199 1214 5251 τῶν
1263 5195 1565 5270 γενομένων
1615 5198 1832 5264 οίκείως
1871 5200 2079 5276 ἑκάστῳ

433 5285 602 5361 μετρή
610 5305 707 5348 σας
717 5327 731 5341 .

488 5499 555 5566 »ιι
591 5500 651 5558 r.
681 5501 790 5557 983
815 5500 930 5559 ED.
962 5501 1264 5559 porrus.
1372 5501 1457 5575 (α)
1482 5502 1691 5560 Matth.
1727 5520 1782 5574 v,
1812 5505 1868 5563 6.

491 5623 608 5698 (36)
655 5622 981 5698 Ἀποστελῶ
1025 5623 1367 5698 ἰπίαὺτοῖς.
1419 5627 1588 5684 Forte
1643 5626 1933 5685 ἀποστελῶ
1994 5632 2080 5690 ἐπ’

418 5693 639 5766 αὐτούς,
698 5699 786 5756 vel
845 5696 1206 5754 ἰπαποστελῶ
1255 5697 1440 5764 αὑτοῖς
1470 5717 1482 5730 ·
1541 5704 1645 5758 aut
1695 5700 1779 5756 ἄπ’
1837 5707 2080 5766 omnino

417 5768 686 5829 tollenda
713 5775 824 5830 est.
856 5771 1148 5830 Susum.

1982 5509 2062 5583 (ιι)
2089 5477 2268 5569 Marc.
2303 5530 2383 5583 Ix,
2418 5514 2608 5570 18-28.

2190 4749 2558 4816 hominibus,
2585 4746 2688 4820 qui
2719 4763 2854 4802 cum
2887 4747 3153 4804 nondum
3185 4753 3406 4818 essent,
3457 4748 3513 4805 in
3568 4755 3843 4806 naturam

2187 4839 2462 4904 deducat,
2495 4852 2561 4893 ac
2586 4841 2902 4908 postquam
2932 4836 3150 4892 fuerint
3168 4854 3273 4909 per
3300 4837 3488 4894 astatis
3521 4841 3847 4910 profectum

2187 4928 2261 4985 ad
2306 4926 2647 4984 earumdem
2697 4931 3088 4998 augmentum
3138 4926 3366 4998 evehat,
3417 4944 3618 4984 verum
3669 4929 3846 4986 etiam

2187 5017 2511 5074 secundum
2563 5014 2709 5070 illud
2756 5015 2914 5087 quod
2945 5015 3155 5086 cuique
3207 5032 3536 5088 congruum
3584 5021 3694 5086 est,
3748 5016 3850 5090 qui

2188 5105 2438 5162 credunt
2487 5103 2681 5161 salvos
2714 5103 2927 5160 reddit.
2959 5105 3091 5160 Jam
3125 5120 3260 5160 vero
3291 5110 3348 5160 et
3373 5105 3572 5172 horas,
3611 5111 3669 5162 et
3698 5111 3846 5163 tem-

2188 5211 2352 5267 pora,
2378 5199 2433 5250 et
2467 5195 2788 5262 fructus,ac
2819 5192 3112 5249 elementa
3144 5199 3335 5249 mutat
3365 5193 3513 5265 ipse.
3546 5195 3649 5250 Ille
3688 5197 3846 5256 enim

2185 5288 2277 5342 est
2305 5284 2461 5340 Deus
2493 5281 2782 5355 unus,qui
2814 5281 3169 5355 principium
3194 5298 3260 5338 ac
3285 5282 3464 5340 ﬁnem
3489 5299 3694 5341 eorum
3719 5303 3847 5358 qua

2190 5375 2332 5428 sunt
2364 5371 2702 5444 unicuique,
2738 5369 3155 5427 convenienter
3183 5371 3446 5427 deﬁniat.

2729 5511 2801 5583 (ο)
2829 5516 2942 5568 Isa.
2974 5528 3070 5566 xxx
3125 5513 3220 5567 20.
3332 5513 3421 5584 (d)
3448 5517 3616 5571 Rom.
3648 5532 3765 5585 xxv,
3790 5517 3846 5575 9.

2261 5639 2379 5714 (ΞΠ)
2404 5637 2526 5694 Ἐὰν
2557 5633 2763 5714 a’i_£._Sic
2791 5652 3026 5714 quoque
3057 5637 3364 5714 distingui
3394 5638 3573 5714 locus
3614 5643 3846 5714 poterit,

2261 5639 2352 5707 (37
2404 5639 2526 5694 Ἐὰν
2557 5639 2638 5705 ἄξ.
2669 5639 2763 5692 Sic
2793 5652 3026 5762 quoque
3057 5639 3344 5710 distingui
3394 5639 3561 5697 locus
3614 5643 3844 5714 poterit,

2189 5706 2278 5787 ξᾲν
2319 5639 2460 5787 ᾅέιοι
2508 5709 2620 5787 καὶ
2645 5705 2802 5787 ἐπιτή
2845 5707 3367 5787 ειοχφανῶμενοᾲεί
3417 5711 3494 5782 μή
3543 5713 3622 5781 (id
3653 5719 3765 5787 est,
3797 5713 3844 5770 εί

2188 5777 2248 5839 δὶ
2278 5776 2382 5858 μὴ)
2411 5781 2644 5859 παρήσει
2674 5777 2810 5856 πρὸς
2838 5779 2902 5836 τὸ
2931 5776 3040 5839 cii.
3070 5776 3251 5845 τέλος.
3281 5776 3570 5844 Βηέυὲιό.
