4124 6418
287 447 396 503 707

1521 448 1855 506 CLEMENS
1895 443 2481 501 ALEXANDRINUS

3601 435 3712 492 708

362 573 518 630 XIX.
551 573 737 631 Homo
768 573 866 646 qui
899 590 968 629 ex
1017 573 1129 629 fide
1162 576 1220 629 et
1247 571 1459 630 timore
1511 572 1580 628 ad
1635 569 1929 629 scientiam

2129 567 2224 624 16'.
2262 567 2360 624 Ἐκ
2390 565 2622 629 πίστεως
2670 565 2760 622 καὶ
2811 557 2983 645 φόϐου
3039 563 3321 640 προκόψας
3371 558 3450 626 εἷς
3507 565 3710 638 γνῶσιν

291 663 596 736 processit,
628 679 742 720 non
775 667 842 718 ut
870 677 1074 718 servus
1106 661 1268 718 novit
1307 663 1519 730 dicere,
1554 663 1800 732 Domine,
1838 661 1941 716 Do-

287 754 448 809 mine
465 769 487 816 ,ο
517 755 617 809 sed
651 756 715 808 ut
745 751 906 808 filius
951 751 1225 808 invocare
1269 751 1496 819 didicil,
1530 754 1696 809 Pater
1722 757 1944 810 noster;

287 841 568 898 nimirum
599 858 632 897 a
662 842 873 914 spiritu
905 842 1208 898 servitutis
1230 841 1517 898 liberatus
1537 840 1636 914 qui
1670 840 1738 895 ad
1775 839 1944 895 timo-

286 947 408 987 rem
443 931 724 997 tendit,ac
755 946 860 1003 per
888 929 1240 986 charitatem
1272 931 1340 987 ad
1379 930 1636 986 ﬁliorum
1675 927 1940 1000 adoptio-

284 1035 416 1075 nem
450 1019 514 1084 ›ι‹
535 1019 1068 1092 translatus,atque
1087 1036 1244 1076 nunc
1261 1035 1328 1075 ex
1351 1020 1632 1076 charitate
1651 1018 1818 1074 illum
1844 1033 1940 1072 co-

282 1107 386 1180 lat,
420 1125 596 1182 quem
627 1109 792 1182 prius
822 1109 1042 1165 timuit.
1083 1109 1208 1166 Non
1243 1109 1400 1165 enim
1453 1109 1634 1166 timor
1682 1105 1939 1179 amplius

284 1197 342 1254 in
375 1214 554 1255 causa
585 1201 696 1266 cst,
729 1198 884 1271 quod
917 1215 951 1254 a
977 1199 1174 1255 vetitis
1201 1196 1635 1264 abstineat,scd
1666 1194 1936 1252 charitati

282 1287 688 1358 tribuendum,
721 1287 876 1359 quod
909 1288 978 1342 ad
1032 1289 1311 1343 mandata
1361 1287 1623 1344 animum
1657 1283 1936 1358 appellat.

284 1377 429 1448 Ipse,
481 1375 700 1449 inquit,
750 1375 992 1449 Spiritu:
1055 1375 1443 1433 testimonium
1481 1375 1758 1450 perhibet,
1809 1389 1936 1430 cum

284 1465 522 1522 dicimus
553 1483 570 1520 :
601 1465 774 1535 Abba,
811 1471 982 1522 Pater
1008 1465 1114 1538 (a).

358 1555 469 1611 XX.
503 1554 805 1627 Sanguine
834 1571 968 1610 vero
1011 1553 1528 1626 pretiosojredimit
1577 1569 1683 1610 nos
1731 1552 1934 1609 Domi-

289 1661 423 1701 nus:
459 1645 530 1701 ab
562 1643 720 1700 heris
768 1643 908 1699 olim
959 1643 1186 1699 acerbis
1234 1649 1466 1699 nosmet
1513 1643 1792 1714 liberans,
1825 1642 1934 1698 hoc

283 1737 374 1791 est
404 1751 437 1790 a
476 1733 752 1808 peccatis,
802 1749 1048 1804 quorum
1105 1747 1279 1789 causa
1336 1731 1628 1804 spiritalia
1659 1730 1930 1804 nequitiis

283 1823 452 1880 nobis
494 1824 731 1879 fuerunt
768 1821 1012 1878 domini.
1052 1822 1211 1876 Ducit
1260 1823 1460 1894 itaque
1491 1822 1561 1877 ad
1597 1821 1928 1877 libertatem

281 1911 445 1969 illam
477 1928 605 1985 quas
636 1915 726 1968 est
755 1909 964 1979 Patris,
1010 1911 1342 1967 coheredes
1387 1910 1535 1966 ﬁlios
1578 1915 1636 1966 et
1686 1911 1924 1966 amicos.

280 2002 501 2058 Fratres
529 2004 684 2058 enim
714 2002 842 2072 mei,
877 2001 960 2056 ait
991 1999 1300 2068 Dominus,
1353 2008 1404 2056 ct
1443 2000 1750 2058 coheredes
1779 2007 1926 2067 sunt,

281 2093 377 2162 qui
400 2093 618 2163 faciunt
644 2091 984 2147 voluntatem
1015 2088 1201 2144 Patris
1230 2090 1345 2144 mei
1393 2087 1486 2162 (b).
1517 2088 1706 2144 Nolite
1751 2088 1932 2160 igitur

276 2196 480 2236 vocare
513 2180 679 2236 vobis
711 2183 933 2252 patrem
968 2193 1148 2249 super
1176 2182 1414 2233 terram.
1469 2178 1608 2233 Sunt
1641 2178 1800 2233 enim
1834 2194 1929 2232 su-

277 2286 382 2342 per
411 2275 627 2326 terram
659 2273 718 2324 et
749 2268 910 2337 heri;
943 2266 1003 2322 in
1031 2266 1190 2323 cmlis
1223 2271 1419 2322 autem
1469 2271 1640 2322 Pater
1688 2273 1797 2334 est,
1857 2284 1926 2322 ex

279 2375 395 2431 quo
425 2357 695 2430 cognatio
725 2358 918 2413 omnis
948 2373 1082 2412 cum
1117 2356 1176 2411 in
1207 2356 1368 2412 caelis
1394 2361 1521 2412 tum
1555 2355 1612 2411 in
1650 2361 1805 2412 terra
1835 2356 1928 2428 (c).

277 2447 632 2520 Spontaneis
665 2446 820 2502 enim
853 2461 920 2500 ac
949 2443 1282 2502 volentibus
1322 2445 1572 2516 imperat
1619 2445 1880 2501 charitas
1913 2462 1926 2501 :

281 2541 374 2594 ast
402 2535 520 2592 illis
553 2535 652 2609 qui
686 2539 922 2608 pareant
957 2534 1144 2605 inviti,
1176 2533 1356 2590 timor
1402 2534 1566 2590 hicne
1598 2534 1792 2590 malus
1823 2535 1928 2591 do.

281 2626 546 2684 minatur
577 2643 590 2682 :
625 2624 723 2698 qui
751 2641 886 2680 vero
918 2623 988 2680 ad
1023 2623 1239 2678 bonum
1274 2623 1589 2679 cruditoria
1619 2611 1934 2696 vicea'sup-

281 2715 425 2789 plet,
452 2715 523 2772 ad
556 2713 854 2771 Christum
887 2712 1070 2780 ducit,
1105 2711 1477 2786 maximeque
1509 2712 1790 2770 salutaris
1821 2717 1930 2769 est.

350 2805 492 2861 XXI.
526 2805 583 2858 Si
614 2819 747 2860 vero
787 2802 921 2875 quis
973 2806 1154 2857 Deum
1199 2801 1499 2874 intelligit,
1555 2817 1932 2875 nequaquam

279 2909 421 2952 sane
451 2909 555 2966 pro
587 2892 872 2966 dignitate
903 2907 1007 2946 sua
1039 2894 1148 2946 est.
1200 2891 1336 2956 Qum
1384 2891 1540 2947 enim
1596 2897 1685 2947 est
1714 2890 1814 2948 Dei
1847 2893 1932 2947 di-

283 2981 526 3056 gnitas?
583 2987 686 3038 aut
740 2995 1012 3053 quaenam
1063 2977 1149 3034 illi
1227 2980 1565 3051 praestantia
1619 2983 1779 3052 par?
1831 2981 1930 3036 sed

280 3076 505 3145 quanta
530 3085 809 3128 concessa
840 3071 931 3125 est
960 3067 1044 3123 illi
1091 3067 1365 3136 facultas,
1415 3068 1708 3141 intelligat
1734 3069 1934 3125 lumen

282 3177 588 3236 magnum,
623 3164 980 3233 captumque
1010 3173 1318 3230 superans,
1351 3162 1410 3214 et
1443 3156 1934 3230 pulcherrimum,

281 3253 805 3322 inaccessumque:
840 3246 1063 3317 lumen,
1113 3248 1382 3319 inquam,
1432 3247 1747 3319 ejusmodi,
1776 3248 1930 3318 quod

281 3357 514 3399 omnem
541 3339 866 3414 potentiam
899 3336 1138 3407 bonam,
1171 3336 1326 3409 quod
1374 3335 1652 3392 virtutem
1695 3353 1930 3393 omnem

281 3432 606 3505 elegantem
638 3428 916 3484 sortitum
947 3425 1060 3494 sit;
1093 3425 1248 3498 quod
1272 3423 1356 3480 illi
1383 3441 1534 3480 cura:
1567 3424 1687 3481 sint
1715 3426 1930 3494 omnia,

2057 656 2363 731 ἅνθρωπος,
2398 653 2541 711 οἶδεν
2599 653 2793 728 εἶπεῖν,
2844 653 3034 730 Κύριε,
3089 652 3272 732 Κύριε·
3348 649 3476 709 ἀλλ’
3506 651 3614 727 οὐχ
3635 649 3712 714 ὡς

2052 744 2081 799 6
2141 741 2365 813 δοῦλος,
2424 741 2590 820 ἔμαθε
2645 741 2848 821 λέγειν,
2908 745 3084 820 Πάτερ
3141 745 3326 816 ἡμῶνο
3387 742 3450 797 τὸ
3499 741 3713 816 πνεῦμα

2049 841 2152 905 τῆς
2200 831 2455 898 δουλείας
2500 833 2563 890 τὸ
2593 833 2670 897 εἷς
2701 829 2870 913 φόϐον
2906 831 3297 907 ἐλευθερώσας,
3354 832 3446 888 καὶ
3479 828 3549 886 δι’
3580 829 3710 909 ἀγάο

2051 944 2159 996 πης
2189 924 2472 1000 προκόψας
2500 924 2577 987 είς
2619 921 2912 996 υἱοθεσίαν,
2964 919 3290 997 αίδοόμενος
3333 919 3444 994 ἤδη
3477 917 3546 977 δι’
3577 919 3709 997 ἀγά-

2050 1035 2157 1083 πην
2191 1013 2250 1068 ὃν
2283 1008 2531 1090 ἐφοϐεῖτο
2561 1011 2852 1090 πρότερον’
2888 1013 2952 1068 οὐ
2995 1011 3096 1088 γὰρ
3141 1006 3218 1067 ἔτι
3257 1009 3346 1066 διὰ
3371 1005 3540 1090 φόϐον
3574 1011 3704 1067 ἀπέ-

2051 1119 2209 1176 χεται
2237 1107 2344 1157 τῶν
2373 1100 2665 1180 ἀφεκτέων,
2716 1099 2864 1158 ἀλλά
2893 1099 2959 1157 δι’
2993 1100 3209 1178 ἀγάπην
3238 1099 3424 1177 ἔχεται
3469 1105 3579 1156 τῶν
3620 1099 3705 1157 ἐν·

2046 1190 2247 1248 τολῶν.
2281 1191 2447 1260 Αὐτὸ,
2472 1191 2622 1268 φησὶ,
2649 1192 2711 1247 τὸ
2729 1196 2950 1265 Πνεῦμα
2975 1195 3256 1270 μαρτυρεῖ,
3277 1188 3403 1246 ὅταν
3423 1189 3702 1270 λέγωμενο

2047 1273 2221 1337 Ἀϐϐἆ
2246 1279 2274 1334 6
2303 1282 2513 1354 Πατήρ.

2119 1550 2192 1606 K'.
2246 1549 2530 1624 Ἀγοράζει
2608 1545 2665 1604 δὲ
2741 1550 2891 1622 ἡμᾶς
2969 1548 3174 1626 Κύριος
3244 1549 3416 1624 τιμίῳ
3487 1547 3701 1624 αἵματι,

2045 1637 2322 1696 δεσποτῶν
2379 1639 2552 1696 πάλαι
2583 1645 2690 1696 τῶν
2723 1644 2936 1715 πικρῶν
2967 1638 3334 1697 ἀπαλλάσσων
3395 1642 3701 1718 ἁμαρτιῶν,

2044 1723 2114 1781 δι’
2145 1727 2206 1790 ἃς
2234 1727 2303 1783 τὰ
2332 1729 2672 1802 πνευματικά
2702 1735 2800 1799 τῆς
2847 1729 3115 1806 πονηρίας
3167 1727 3470 1806 ἐκυρίευσεν
3515 1731 3702 1806 ἡμῶν.

2040 1819 2194 1890 νΑγει
2230 1815 2321 1872 οὖν
2355 1818 2432 1880 εἷς
2483 1817 2788 1894 ἐλευθερίαν
2819 1820 2918 1889 τήν
2942 1823 3075 1874 ’τοῦ
3124 1819 3333 1896 Πατρὸς
3386 1817 3701 1897 συγκληρο-

2043 1904 2246 1980 νόμους
2307 1906 2460 1971 υἱοὺς
2514 1909 2601 1964 καὶ
2664 1907 2880 1986 φίλους.
2916 1905 3170 1988 Ἀδελφοί
3205 1930 3311 1984 μου
3341 1909 3469 1986 γὰρ,
3511 1908 3700 1990 φησὶν,

2044 1995 2073 2048 6
2132 1995 2353 2071 Κύριος,
2408 1997 2498 2052 καὶ
2553 1995 3000 2074 συγ-κληρονόμοι
3059 1998 3114 2053 οἱ
3162 2001 3450 2064 ποιοῦντες
3498 1997 3562 2054 τὸ
3621 1996 3704 2063 θέ-

2041 2082 2200 2158 λημα
2250 2088 2348 2139 τοῦ
2409 2085 2619 2161 Πατρός
2683 2107 2808 2160 μου.
2870 2087 2964 2157 Μὴ
3023 2085 3294 2160 καλέσητε
3347 2087 3439 2144 οὗν
3485 2087 3702 2151 ἑαυτοῖς

2039 2172 2246 2248 πατέρα
2293 2173 2383 2230 ἐπὶ
2427 2181 2527 2244 τῆς
2586 2181 2710 2249 γῆς·
2758 2172 3017 2231 δεσπόται
3062 2175 3162 2250 γὰρ
3213 2174 3302 2230 επὶ
3331 2181 3433 2245 τῆς
3458 2177 3583 2251 γῆς·
3643 2173 3698 2231 ἐν

2041 2261 2100 2320 δὲ
2129 2265 2386 2339 οὐρανοῖς
2421 2265 2450 2319 6
2479 2264 2692 2340 Πατὴρ,
2725 2264 2776 2336 ἐξ
2809 2264 2872 2320 οὗ
2910 2271 3054 2320 π’ἇσα
3081 2266 3285 2341 πατριὰ
3338 2260 3391 2321 ἔν
3447 2285 3508 2320 τε
3536 2265 3700 2342 οὖρα-

2041 2359 2156 2416 νοῖς
2207 2354 2300 2409 καὶ
2333 2353 2422 2409 ἐπὶ
2468 2360 2570 2424 τῆς
2599 2360 2723 2429 γῆς.
2769 2352 2983 2430 ’Δγάπη
3039 2355 3145 2432 γὰρ
3199 2354 3457 2410 ἑκουσίων
3508 2351 3696 2432 ἄρχει·

2041 2441 2284 2498 ἀκόντων
2343 2440 2400 2498 δὲ
2455 2444 2484 2498 6
2533 2437 2704 2519 φόϐος
2735 2441 2892 2506 οὗτος
2934 2445 2963 2499 ὁ
3011 2443 3243 2520 φαῦλοςο
3296 2444 3324 2500 ὁ
3371 2440 3427 2499 δὶ
3459 2443 3534 2506 εἰς
3566 2445 3700 2520 ἀγα-

2043 2532 2134 2597 θὸν
2191 2529 2564 2609 παιδαγωγῶν
2625 2531 2700 2595 εἰς
2756 2533 2990 2609 Χριστὸν
3049 2530 3202 2610 ἄγει,
3261 2531 3352 2589 καὶ
3403 2527 3516 2589 ἔστι
3583 2553 3700 2589 σω-

2041 2623 2256 2699 τήριος.

2117 2801 2247 2858 KA'.
2285 2798 2352 2857 Et
2381 2797 2446 2870 δή
2478 2820 2560 2862 τις
2593 2803 2714 2854 νοεῖ
2743 2799 2892 2874 Θεὸν,
2944 2800 3064 2856 κατ’
3093 2799 3242 2874 ἀξίαν
3284 2799 3380 2875 μὲν
3414 2797 3702 2876 “sam-'3‘.

2041 2888 2124 2951 τίς
2154 2889 2254 2964 γὰρ
2297 2880 2509 2964 γένοιτο
2558 2888 2678 2960 ἀξία
2729 2889 2896 2960 Θεοῦ;
2957 2887 3086 2945 ἀλλ’
3137 2889 3212 2954 ὡς
3273 2887 3496 2946 δυνατόν
3563 2889 3702 2964 ἐστι,

2042 2977 2237 3034 νοείτω
2289 2979 2425 3054 μέγα
2485 2978 2572 3034 καὶ
2638 2976 2998 3055 ἀπερινόητον
3047 2980 3136 3035 καὶ
3199 2977 3497 3036 κάλλιστον
3557 2985 3699 3058 φῶς,

2044 3066 2379 3144 ἀπρόσιτον,
2439 3072 2612 3122 πᾶσαν
2668 3065 2896 3142 δύναμιν
2957 3068 3186 3146 ἀγαθήν,
3248 3075 3421 3124 πᾶσαν
3483 3069 3702 3126 ἀστείαν

2043 3156 2238 3232 ἀρετὴν
2319 3155 2863 3233 συγκεκληρωμένον,
2937 3159 3153 3214 πάντων
3219 3155 3528 3234 κηδόμενον
3609 3181 3701 3239 ιρι-

2045 3244 2394 3320 λοικτίρμον,
2456 3246 2676 3316 ἀπαθὲς,
2736 3247 2976 3322 ἀγαθὸν,
3045 3249 3219 3304 πάντα
3271 3245 3438 3320 εἷδὸς,
3496 3270 3700 3327 προγι-

2043 3340 2254 3392 νῶσκον
2319 3335 2526 3407 πάντα,
2588 3334 2904 3412 εἰλικρινὲς,
2961 3335 3156 3416 γλυκὺ,
3217 3337 3498 3415 λαμπρὸν,
3556 3340 3694 3413 ἀκή-

2043 3445 2227 3501 ρατον.

275 3521 430 3594 quod
463 3519 540 3577 sit
571 3516 925 3584 misericors,
959 3515 1182 3587 absque
1213 3513 1607 3586 passionibus,
1639 3514 1902 3572 bonitate
1922 3531 2157 3572 summa
2189 3517 2498 3590 praeditum
2529 3535 2542 3574 :
2577 3519 2730 3590 quod
2763 3517 2964 3576 omnia
2993 3518 3163 3589 sciat,
3194 3523 3520 3594 praenoscat
3547 3519 3688 3577 uni-

270 3627 476 3678 versa;
505 3608 658 3681 quod
691 3605 946 3678 denique
975 3603 1294 3670 sincerum,
1316 3603 1506 3670 dulce,
1541 3603 1938 3677 splendidum,
1976 3611 2151 3679 atque
2181 3607 2589 3680 incorruptum
2621 3607 2715 3664 sit.

345 3716 526 3774 XXII.
558 3713 722 3782 Quod
753 3729 820 3770 ex
849 3728 913 3768 se
945 3715 1246 3768 moveatur
1274 3709 1494 3781 anima,
1538 3709 1648 3766 hoc
1671 3709 1769 3766 Dei
1791 3728 1921 3784 gra-

273 3809 368 3864 tiis
420 3809 726 3878 acceptum
772 3803 985 3858 referre
1032 3799 1224 3867 debet,
1285 3800 1438 3870 quod
1489 3817 1557 3855 ex
1606 3817 1667 3856 se
1714 3799 1928 3858 habeat

277 3895 496 3962 anima,
530 3908 740 3964 nempe
771 3887 980 3963 agendi
1031 3887 1374 3960 potentiam,
1434 3888 1506 3944 ab
1559 3904 1627 3944 ca
1665 3890 1926 3961 exposcit

273 3983 444 4057 quasi
476 3980 808 4057 symbolum
841 3979 912 4036 ad
937 3975 1354 4034 salutem.Vult
1382 3976 1536 4032 enim
1570 3978 1776 4033 animas
1800 3995 1926 4051 pro-

274 4074 471 4148 prium
503 4089 634 4130 esse
663 4070 884 4127 bonum
917 4067 1086 4137 illud,
1113 4066 1266 4140 quod
1300 4065 1351 4121 ei
1382 4065 1589 4122 tribuit
1619 4067 1920 4126 Dominus.

275 4164 500 4238 Quippe
531 4178 708 4218 sensu
739 4174 948 4233 parum
973 4160 1226 4227 caret,ut
1257 4155 1410 4212 sicut
1440 4173 1656 4229 corpus
1682 4157 1920 4214 feratur.

275 4252 522 4310 Proinde
551 4251 790 4318 habere,
821 4247 983 4305 illius
1019 4250 1108 4303 est
1137 4245 1236 4319 qui
1271 4245 1433 4318 prius
1464 4247 1789 4318 acceperit;
1827 4264 1922 4303 ac-

272 4343 468 4415 cipere
514 4357 648 4398 vero
692 4339 853 4396 illius
905 4335 1006 4410 qui
1051 4335 1302 4392 voluerit
1351 4341 1524 4408 atque
1571 4335 1916 4408 appetierit;

273 4437 472 4488 tenere
501 4445 636 4486 vero
668 4428 822 4502 quod
858 4424 1268 4499 accepit,illius
1297 4429 1387 4481 est
1407 4424 1506 4498 qui
1539 4429 1738 4480 tenere
1770 4425 1922 4499 cogi.

270 4519 480 4577 taverit
509 4523 567 4575 et
595 4520 1090 4590 possit.Hancque
1121 4514 1193 4571 ob
1225 4530 1463 4570 causam
1498 4513 1708 4570 animas
1741 4514 1922 4571 {acul-

2111 3713 2236 3770 KB'.
2271 3713 2419 3770 Ἐπεὶ
2453 3711 2505 3786 ἐξ
2537 3713 2730 3786 ἑαυτῆς
2761 3719 2989 3770 κινεῖται
3038 3716 3074 3785 ἡ
3128 3717 3307 3792 ψυχὴ,
3357 3719 3392 3788 ἡ
3436 3717 3599 3793 χάρις
3649 3718 3686 3787 ἡ

2035 3804 2134 3855 τοῦ
2191 3806 2345 3873 Θεοῦ,
2405 3803 2434 3858 ’ὁ
2488 3799 2603 3879 ἔχει
2653 3806 2687 3873 ἡ
2735 3805 2913 3880 ψυχὴ,
2972 3805 3072 3874 τήν
3127 3805 3436 3882 προθυμίαν
3469 3805 3691 3862 ἀπαιτεῖ

2035 3893 2164 3966 παρ’
2221 3891 2414 3961 ἑαυτῆς
2445 3935 2462 3962 ,
2515 3895 2630 3948 οἷον
2679 3890 2865 3969 ἔρανον
2915 3893 2991 3956 είς
3048 3895 3356 3969 σωτηρίαν.
3422 3894 3690 3952 Βοόλεται

2033 3979 2134 4054 γὰρ
2165 3987 2264 4051 τῆς
2309 3984 2495 4057 ψυχῆς
2531 3979 2667 4038 ἷ’διον
2701 3982 2930 4038 εἶναιτὸ
2961 3984 3180 4059 ἀγαθὸν,
3214 3985 3243 4041 ’ὀ
3276 3981 3498 4041 δίδωσιν
3545 3984 3688 4061 αὐτῇ

2035 4068 2064 4122 6
2095 4068 2314 4143 Κύριος·
2350 4069 2411 4124 οὐ
2454 4071 2556 4146 γάρ
2609 4069 2748 4126 ἐστιν
2796 4070 3142 4145 ἀναίσθητος,
3181 4071 3274 4128 ἳνα
3324 4074 3552 4153 φέρηται
3607 4073 3686 4130 ὡς

2035 4161 2215 4231 σῶμα.
2247 4159 2326 4215 Τὸ
2352 4159 2447 4232 μὲν
2479 4159 2574 4214 οὗν
2619 4155 2789 4237 ἔχειν,
2818 4165 2916 4217 τοῦ
2967 4156 3255 4225 λαϐόντος·
3291 4161 3353 4218 τὸ
3387 4157 3574 4219 λαϐεῖν
3605 4159 3688 4236 δὲ,

2030 4244 2128 4302 τοῦ
2155 4247 2484 4318 θελήσαντος
2514 4249 2604 4304 καὶ
2637 4247 2981 4327 ὀρεχθέντος·
3026 4251 3088 4307 τὸ
3131 4257 3345 4329 κρατεῖν
3375 4250 3433 4308 δὶ
3481 4254 3511 4308 ὂ
3556 4251 3687 4310 ’ἐλα-

2032 4329 2144 4406 ϐεν,
2188 4341 2287 4392 τοῦ
2323 4342 2537 4414 κρατεῖν
2603 4337 3010 4412 μελετήσαντος
3055 4341 3148 4396 καὶ
3198 4338 3532 4416 δυναμένου.
3588 4342 3692 4398 Διά

2027 4429 2188 4480 τοῦτο
2221 4423 2308 4482 ἐπὶ
2337 4430 2406 4502 τῇ
2451 4431 2607 4503 ψυχῇ
2657 4429 2685 4483 ὁ
2717 4430 2848 4493 Θεὸς
2897 4430 2996 4499 τήν
3043 4427 3249 4507 α’ίρεσιν
3294 4427 3552 4503 δέδωκεν,
3592 4427 3694 4488 ἵνα

2029 4513 2188 4578 αὐτὸς
2241 4515 2336 4590 μὲν
2391 4517 2604 4593 μηνύσῃ
2654 4517 2718 4574 τὸ
2768 4513 2912 4590 δέον,
2962 4520 2998 4590 ἡ
3032 4515 3110 4593 δὶ,
3161 4519 3424 4595 ἑλομένη,
3467 4516 3688 4596 δέξηται

274 4614 457 4667 tatem
488 4589 745 4680 eligendi
774 4605 936 4662 dedit
965 4611 1140 4675 Deus,
1175 4608 1236 4659 ut
1267 4603 1398 4676 ipse
1455 4603 1694 4676 quidem
1745 4604 1920 4661 ofﬁcii
1954 4589 1999 4656 D
2027 4604 2118 4660 καὶ
2147 4589 2385 4683 κατάχῃ.

275 4697 369 4756 sui
421 4697 754 4764 admoneat,
824 4693 926 4750 illa
987 4709 1120 4750 vero
1164 4691 1390 4766 eligens
1457 4693 1710 4766 accipiat
1759 4698 1924 4752 tene-

275 4791 370 4844 ate
383 4804 472 4843 ue.

339 4805 544 4932 ἓὸῗίῐῐ.
595 4871 774 4929 Sicuti
823 4888 924 4944 per
984 4887 1198 4945 corpus
1243 4871 1510 4928 Salvator
1555 4870 1790 4928 locutus
1837 4875 1928 4930 est

275 4971 643 5040 aegrotosque
674 4961 996 5031 sanavit,ad
1030 4961 1305 5018 eumdem
1340 4961 1578 5018 modum
1613 4960 1922 5035 priusqui-

278 5055 411 5112 dem
437 5069 542 5127 per
563 5052 859 5126 prophetas
885 5051 996 5124 (d);
1032 5066 1188 5106 nunc
1213 5054 1403 5106 autem
1434 5065 1534 5122 per
1564 5051 1834 5121 apostolos
1861 5065 1926 5106 ac

277 5143 536 5202 doctores.
572 5141 784 5198 Virtuti
817 5140 974 5198 enim
1005 5139 1237 5196 Domini
1292 5137 1591 5194 ministrat
1625 5138 1877 5196 Ecclesia
1907 5157 1920 5195 :

275 5235 411 5292 inde
441 5239 584 5290 tunc
613 5246 844 5304 quoque
872 5229 1171 5286 hominem
1204 5227 1554 5300 assumpsit,
1574 5232 1639 5283 ut
1665 5244 1767 5300 per
1787 5244 1922 5284 eum

273 5323 562 5381 voluntati
583 5321 772 5378 Patris
793 5321 1081 5382 serviret;
1112 5317 1232 5374 imo
1251 5316 1551 5373 hominem
1587 5330 1820 5388 semper
1839 5315 1924 5373 in-

277 5413 407 5469 duit
437 5418 590 5468 Deus
621 5409 943 5478 humanus,
976 5407 1332 5475 misericors,
1366 5409 1430 5460 ut
1468 5402 1808 5462 hominibus
1841 5422 1925 5463 sa-

271 5500 458 5559 lutem
487 5498 864 5569 conciliaret;
895 5497 1062 5571 prius
1102 5495 1344 5568 quidem
1394 5493 1732 5567 prophetas,
1767 5512 1925 5553 nunc

378 5707 443 5771 ›ι‹
471 5710 532 5762 Ρ.
561 5705 668 5761 984
694 5705 808 5762 ED.
841 5702 1145 5760 POTTER.

272 5775 353 5848 (ἀ)
381 5774 525 5832 Heb.
558 5793 602 5848 ι,
632 5777 684 5833 1.

1258 5700 1340 5774 (a)
1364 5705 1543 5763 Rom.
1570 5716 1697 5772 vm,
1732 5700 1837 5772 l5;
1869 5702 1994 5760 Gal.
2028 5720 2103 5776 Iv,
2127 5705 2184 5760 6.

2103 4877 2226 4934 Kl".
2268 4874 2474 4950 Ὥσπερ
2506 4869 2596 4928 ’διά
2624 4877 2722 4929 τοῦ
2753 4876 3008 4948 σώματος
3057 4876 3087 4932 ὁ
3135 4877 3331 4954 Σωτὴρ
3363 4875 3551 4942 ἐλάλει
3596 4880 3690 4937 καὶ

2035 4959 2191 5046 ἰᾶτο,
2250 4960 2394 5017 οὕτω
2449 4963 2541 5017 καὶ
2585 4962 2849 5039 πρότερον
2899 4965 2994 5039 μὲν
3056 4961 3146 5021 διὰ
3199 4971 3309 5022 τῶν
3358 4973 3690 5046 προφητῶν,

2033 5053 2124 5105 νῦν
2179 5045 2238 5105 δὲ
2295 5047 2386 5105 διὰ
2439 5055 2546 5106 τῶν
2607 5050 2927 5108 ἀποστόλων
2983 5053 3074 5110 καὶ
3127 5059 3238 5111 τῶν
3297 5045 3686 5116 διδασκάλων

2031 5141 2066 5226 ἡ
2110 5137 2435 5226 Ἐκκλησίαν
2461 5139 2568 5216 γὰρ
2618 5140 2879 5218 ὑπηρετεῖ
2922 5146 2991 5218 τῇ
3038 5147 3138 5200 τοῦ
3185 5144 3386 5222 Κυρίου
3423 5145 3685 5226 ἐνεργεια.

2035 5225 2178 5283 ἔνθεν
2228 5227 2319 5283 καὶ
2374 5225 2498 5285 τότε
2554 5227 2836 5307 ἄνθρωπον
2893 5227 3185 5304 ἀνέλαϐεν,
3242 5231 3337 5290 ’ίνα
3394 5232 3466 5292 δι’
3517 5225 3687 5295 αὖτοῦ

2033 5317 2351 5395 ὑπηρετήσῃ
2397 5323 2478 5392 τῷ
2536 5319 2806 5395 θελήματι
2857 5319 2954 5377 τοῦ
3011 5323 3255 5402 Πατρός⁶
3307 5325 3398 5380 καὶ
3452 5327 3690 5386 πάντοτε

2031 5407 2319 5483 ἄνθρωπον
2353 5409 2381 5463 6
2409 5406 2796 5486 φιλάνθρωπος
2824 5407 3064 5469 ἐνδύεται
3123 5413 3255 5478 Θεὸς
3316 5412 3396 5477 εἰς
3448 5415 3550 5486 τὴν
3589 5415 3687 5473 ἀν-

2033 5497 2270 5573 θρώπων
2323 5497 2598 5570 σωτηρίαν
2621 5539 2636 5568 ,
2690 5499 2958 5578 πρότερον
3019 5501 3115 5576 μὲν
3165 5501 3298 5566 τοὺς
3352 5505 3641 5584 προφήτας
3672 5548 3690 5578 ,

2297 5704 2374 5778 (b)
2403 5705 2612 5763 Matth.
2636 5707 2852 5778 xn,50;
2885 5723 3046 5783 mn,
3078 5709 3134 5768 9.
3247 5711 3324 5786 (c)
3351 5709 3692 5798 Eph.m,15.
