4124 6408
325 409 443 469 700

1135 421 1376 476 DUBIA.
1400 446 1469 460 -
1502 421 1806 480 ECLOGB
1836 423 1935 480 EX
1971 425 2399 487 SCRIPTURIS
2436 433 2940 495 PROPHETICIS.

3646 447 3761 503 710

326 535 442 592 νυνὶ
501 533 562 593 δὶ
606 538 708 608 τήν
740 535 1092 609 Ἐκκλησίαν.
1127 541 1205 598 Τὸ
1260 540 1361 620 γὰρ
1421 542 1614 617 ὅμοιον
1671 550 1751 618 τῷ
1805 545 1983 620 ὁμοίῳ

2105 554 2292 608 autem
2324 554 2666 614 Ecclesium.
2697 560 2762 625 ›ι‹
2799 562 3023 635 Quippe
3055 564 3312 623 similem
3354 569 3425 625 ad
3477 569 3754 639 salutem,

326 626 674 704 ἐξυπηρετεῖν
749 625 1107 701 κατάλληλον
1165 630 1305 708 πρὸς
1374 633 1474 703 τὴν
1547 634 1743 709 ὁμοίαν
1809 657 1987 707 σωτη-

368 717 471 773 ίαν.

329 735 518 864 ριῗέλκ
545 808 677 865 Ὅτε
726 808 912 884 χοϊκοί
951 807 1156 883 ἧμεν...
1190 812 1399 887 Καῖσαρ
1449 809 1508 868 δὲ
1555 813 1694 868 ἐστιν
1742 814 1771 868 6
1827 814 1993 889 πρόσ-

328 915 517 971 καιρος
565 896 780 973 ἅρχων,
817 897 878 953 οὗ
924 898 1014 953 καὶ
1066 897 1227 954 εἰκὼν
1277 902 1311 971 ἦ
1357 903 1526 978 χοΐκὴ
1561 904 1589 957 6
1620 902 1855 967 παλαιὸς
1897 903 1992 960 ἄν·

332 997 573 1063 θρωπος,
606 985 685 1051 εἷς
706 986 765 1041 ὃν
796 984 1293 1063 ἐπαλινδρόμησεν.
1325 990 1516 1064 Τούτῳ
1566 990 1658 1047 οὖν
1712 992 1780 1048 τά
1822 994 1994 1068 χοϊκὰ

330 1072 653 1158 ἀποδοτέον,
685 1074 719 1130 ’ὰ
772 1075 1150 1154 πεφορέκαμεν
1201 1076 1254 1133 ἐν
1303 1082 1372 1145 τῆ
1424 1079 1594 1135 εἰκόνι
1640 1085 1739 1136 τοῦ
1768 1087 1989 1158 χοϊκοῦ,

327 1167 420 1222 καὶ
474 1150 542 1221 τὰ
577 1170 677 1222 τοῦ
720 1171 857 1224 Θεοῦ
902 1172 984 1242 τῷ
1014 1174 1131 1242 Θεῷ
1164 1189 1177 1204 ·
1207 1167 1435 1227 ἕκασσον
1483 1173 1589 1249 γὰρ
1637 1178 1744 1230 τῶν
1804 1176 1989 1230 παθῶν

330 1256 514 1332 ὥσπερ
582 1254 818 1333 γράμμα
879 1255 970 1313 καὶ
1030 1257 1295 1336 χάραγμα
1359 1263 1497 1335 ἡμῖν
1566 1262 1658 1317 καὶ
1733 1269 1988 1337 σημεῖον.

328 1343 509 1402 Ἀλλο
552 1346 822 1422 χάραγμα
871 1350 963 1402 νῦν
1015 1348 1044 1402 6
1099 1348 1292 1424 Κύριος
1338 1352 1501 1424 ἡμῖν,
1532 1351 1622 1407 καὶ
1681 1349 1827 1407 ἄλλα
1873 1352 1991 1407 ὀνό-

331 1456 474 1509 ματα
509 1436 601 1492 καὶ
648 1437 953 1514 γράμματα
1008 1437 1407 1513 ἐνσημαίνεται,
1457 1442 1639 1496 πίστιν
1690 1442 1807 1497 ἀντὶ
1863 1444 1990 1498 ἀπι-

325 1526 503 1595 στίας,
532 1524 625 1581 καὶ
675 1526 744 1582 τὰ
791 1526 933 1598 ἑξῆς.
965 1526 1156 1591 Οὕτως
1211 1529 1317 1584 ἀπὸ
1365 1534 1473 1585 τῶν
1519 1528 1725 1586 ὑλικῶν
1787 1531 1875 1587 ἐπὶ
1923 1531 1991 1587 τὰ

323 1615 669 1689 πνευματικὰ
715 1616 1077 1691 μεταγόμεθα,
1122 1618 1450 1696 φορέσαντες
1505 1620 1606 1690 τὴν
1665 1620 1848 1677 εἰκόνα
1890 1619 1989 1678 τοῦ

326 1702 681 1780 δπουρανίου.

398 1886 524 1943 KE’.
554 1884 616 1942 Ὅ
648 1885 902 1956 Ἰωάννης
951 1886 1139 1964 φησὶν,
1180 1887 1286 1958 ὅτι,
1323 1887 1468 1964 Ἐγὼ
1531 1889 1626 1962 μὲν
1686 1889 1827 1964 ὑμᾶς
1860 1890 1986 1947 ὕδα-

327 1993 381 2028 τι
416 1971 683 2049 βαπτίζω,
716 1970 935 2048 ἔρχεται
987 1969 1046 2029 δέ
1096 1995 1202 2048 μου
1253 1973 1432 2030 ὀπίσω
1474 1979 1589 2051 (38)
1620 1978 1646 2031 6
1712 1976 1987 2051 βαπτίζων

338 2064 482 2137 ὑμᾶς
535 2062 587 2119 ἐν
646 2061 917 2136 πνεύματι
976 2063 1066 2118 καὶ
1124 2064 1274 2139 πυρί.
1309 2065 1447 2142 [lupi
1505 2062 1563 2121 δὲ
1619 2064 1809 2122 οὐδένα
1863 2063 1989 2123 ἐϐά-

336 2173 547 2210 πτισεν.
578 2153 752 2210 Ἔνιοι
787 2149 867 2224 δὲ,
901 2152 975 2216 ὥς
1025 2174 1189 2229 φησιν
1222 2154 1536 2225 Ἡρακλέων
1585 2157 1720 2230 (39),
1753 2157 1883 2231 πυρὶ
1925 2157 1993 2213 τὰ

340 2242 457 2296 ὦτα
496 2245 602 2296 τῶν
650 2242 1094 2319 σφραγιζομὲνων
1142 2243 1564 2317 κατεσημήνατο
1612 2246 1724 2320 (40)
1761 2265 1772 2280 ⁸
1815 2245 1990 2309 οὕτως

342 2329 659 2393 ἂκούσαντες
712 2331 776 2385 τὸ
832 2329 1250 2388 ἀποστολικόντ
1298 2332 1369 2387 Τὸ
1408 2333 1524 2409 γὰρ
1582 2337 1749 2389 πτῦον
1810 2332 1864 2389 ἐν
1918 2339 1988 2409 τῇ

337 2418 483 2496 χειρί
529 2417 718 2488 αὐτοῦ,
775 2422 877 2474 τοῦ
934 2416 1254 2496 διακαθᾶραι
1310 2422 1409 2492 τὴν
1469 2419 1588 2477 ἅλω
1621 2441 1634 2455 ·
1695 2425 1786 2478 καὶ
1826 2424 1988 2479 συνά-

330 2509 405 2581 ξει
458 2510 550 2566 τὸν
596 2515 748 2567 σῖτον
800 2508 878 2574 εἷς
924 2512 1026 2581 τὴν
1077 2512 1395 2584 ἀποθήκην
1430 2513 1494 2569 τὸ
1527 2510 1585 2569 δὲ
1633 2510 1840 2591 ἄχυρον
1887 2534 1988 2570 κα-

325 2598 582 2656 τακαύσει
640 2599 774 2676 πυρῖ
831 2595 1098 2675 ἀσϐέστῳ.
1157 2601 1482 2679 Πρόσκειται
1557 2604 1648 2658 οὗν
1734 2608 1815 2677 τῷ
1893 2604 1991 2659 Διὰ

327 2690 523 2769 πυρὸς,
553 2690 618 2744 τὸ
659 2690 759 2745 Διά
806 2689 1117 2763 πνεύματος
1149 2734 1162 2746 .
1210 2688 1400 2762 ἐπειδὴ
1430 2692 1494 2749 τὸ
1525 2697 1674 2748 σῖτον
1728 2692 1834 2748 ἀπὸ
1891 2696 1989 2749 τοῦ

330 2778 543 2857 ἆχύρου
573 2776 860 2857 διακρίνει,
892 2781 1165 2837 τουτέστιν
1214 2780 1323 2838 ἀπὸ
1364 2786 1464 2837 τοῦ
1516 2779 1711 2838 ὑλικοῦ
1755 2780 1989 2857 ἐνδύμα-

327 2889 421 2932 τος
455 2866 547 2927 διὰ
582 2868 920 2943 πνεύματος·
952 2870 1044 2926 καὶ
1073 2872 1137 2927 τὸ
1167 2869 1373 2947 ἄχυρον
1407 2873 1703 2949 χωρίζεται
1754 2870 1846 2927 διὰ
1890 2877 1989 2930 τοῦ

327 2959 641 3033 πνεύματος
681 2956 1034 3034 λικμώμενον
1069 2980 1083 2995 ·
1116 2958 1291 3025 οὕτως
1341 2960 1405 3016 τὸ
1454 2965 1670 3034 πνεῦμα
1718 2958 1987 3039 διαχωρι-

328 3050 519 3119 στικήν
549 3046 668 3125 ἔχει
700 3045 930 3123 δύναμιν
962 3048 1245 3126 ἐνεργειῶν
1285 3049 1512 3107 ὑλικῶν.
1535 3051 1685 3109 Ἐπεὶ
1711 3049 1768 3106 δὲ
1791 3052 1858 3107 τὰ
1890 3052 1985 3126 μὶν

325 3136 378 3213 ἐξ
433 3138 700 3216 ἀγενήτου
729 3141 845 3214 (41)
893 3138 985 3194 καὶ
1034 3140 1315 3216 ἀφθάρτου
1373 3139 1584 3216 γέγονε.
1617 3141 1685 3196 τὰ
1741 3161 1984 3219 σπερμα-

322 3227 454 3285 τικὰ
484 3232 650 3299 ζωῆς,
685 3228 715 3284 6
745 3229 917 3305 πυρὸς
945 3230 1035 3284 καὶ
1065 3230 1405 3299 ἀποτίθεται,
1434 3230 1499 3286 τὸ
1530 3228 1588 3285 δὲ
1648 3229 1860 3299 ὑλικὸν,
1897 3232 1985 3305 μὲ-

2100 640 2296 697 simile
2328 642 2510 700 simili
2541 648 2877 707 subservire
2910 653 3165 712 maxime
3196 658 3487 716 convenit.

2172 818 2361 877 XXIV.
2394 822 2540 880 Cum
2576 828 2790 886 terreni
2826 829 3181 891 fuerimus...
3215 837 3406 893 Caesar
3436 844 3635 898 autem
3668 845 3762 899 est

2102 910 2374 984 princeps
2404 917 2845 988 temporaneus,
2877 922 3048 992 cujus
3075 928 3131 979 et
3160 924 3344 999 imago
3378 933 3605 986 terrena
3655 931 3754 1004 (a),

2101 997 2384 1058 nimirum
2414 1006 2586 1060 vetus
2617 1005 2893 1072 homo,ad
2927 1026 3100 1081 quem
3126 997 3365 1085 quidem
3392 1035 3621 1075 reversa
3643 1024 3752 1077 est.

2101 1086 2246 1144 Huic
2277 1089 2474 1164 itaque
2500 1109 2627 1164 quis
2659 1101 2800 1151 sunt
2832 1102 3063 1156 terrena
3094 1103 3394 1161 reddenda
3424 1112 3585 1176 sunt,
3626 1126 3756 1181 qua:

2098 1177 2159 1232 in
2192 1178 2464 1252 ;imagine
2512 1185 2729 1240 terreni
2779 1187 3114 1258 gessimus;
3161 1195 3220 1246 et
3269 1210 3397 1265 quas
3442 1202 3583 1253 sunt
3630 1177 3755 1267 hei,

2100 1265 2236 1322 Deo.
2270 1269 2559 1328 Aifectum
2591 1274 2750 1330 enim
2783 1276 3005 1349 singuli
3039 1280 3203 1350 quasi
3239 1280 3452 1351 littera,
3487 1292 3645 1357 nota,
3698 1265 3758 1344 et

2100 1354 2338 1429 signum
2372 1361 2542 1417 nobis
2570 1362 2929 1435 impressum
2962 1373 3121 1423 sunt.
3156 1368 3346 1427 Aliam
3376 1389 3536 1429 nunc
3584 1354 3756 1434 nobis

2099 1449 2300 1502 notam
2335 1448 2642 1519 Dominus,
2676 1453 2790 1509 alia
2822 1454 3080 1524 nomina,
3110 1456 3455 1532 litterasque
3484 1463 3629 1520 alias
3658 1465 3756 1520 ob-

2099 1534 2316 1607 signat,
2341 1553 2551 1612 nempe
2575 1541 2757 1597 ﬁdem-
2776 1560 2877 1616 pro
2905 1544 3337 1620 incredulitate,
3370 1568 3439 1607 ac
3471 1552 3557 1608 sic
3588 1553 3756 1610 dein-

2098 1638 2234 1695 ceps
2261 1626 2505 1699 reliqua.
2540 1629 2705 1687 Hunc
2732 1631 2788 1687 in
2817 1634 3054 1691 modum
3080 1653 3114 1692 a
3135 1639 3512 1696 terrestribus
3536 1642 3605 1697 ad
3630 1642 3757 1715 spi-

2098 1713 2291 1770 ritalia
2322 1733 2530 1776 sumus
2557 1721 2761 1789 evecti,
2791 1723 2933 1779 dum
2963 1726 3198 1782 caelestis
3229 1728 3535 1799 imaginem
3572 1713 3755 1805 por—Ie-

2097 1818 2218 1859 mus
2246 1803 2347 1877 (b).

2167 1893 2320 1950 868
2353 1895 2527 1952 XXV.
2562 1897 2721 1955 Dixit
2760 1904 3019 1959 Joannes
3049 1920 3063 1959 :
3100 1908 3216 1975 Ego
3260 1907 3485 1978 quidem
3541 1910 3758 1983 baptizo

2098 1997 2189 2038 vos
2215 2000 2396 2055 aqua;
2428 1988 2579 2043 venit
2606 1993 2795 2046 autem
2822 1995 2941 2063 post
2970 2009 3074 2062 me,
3109 1996 3208 2067 qui
3236 2012 3328 2053 vos
3354 1998 3656 2071 baptizabit
3692 2001 3759 2057 in

2098 2070 2299 2140 spiritu
2327 2079 2381 2128 et
2409 2072 2471 2127 in
2500 2074 2626 2144 igni
2652 2076 2892 2150 (c).Igne
2923 2096 3059 2137 vero
3091 2084 3384 2141 neminem
3420 2070 3755 2161 baptizavit.

2099 2158 2349 2222 Quidam
2381 2167 2784 2238 autem,prout
2812 2170 3025 2226 asserit
3056 2173 3394 2242 Heraclecn,
3420 2158 3553 2249 igne
3583 2195 3759 2238 aures

2100 2263 2303 2305 eorum
2333 2252 2855 2329 obsignarunt,qui
2886 2257 3137 2331 hujusce
3171 2264 3551 2335 baptismatis
3581 2268 3756 2340 sigil-

2102 2336 2225 2394 lum
2254 2348 2639 2413 acceperant:
2673 2345 2784 2401 hoc
2812 2347 3093 2405 nimirum
3130 2357 3295 2423 pacto
3325 2356 3577 2426 apostoli
3608 2336 3757 2415 illud

2107 2426 2508 2502 intelligentes
2540 2451 2559 2487 :
2595 2433 2972 2493 l’entilabrum
3000 2441 3153 2495 enim
3186 2443 3248 2497 in
3299 2460 3473 2501 manu
3513 2450 3656 2519 ejus,
3686 2447 3761 2504 ad

2100 2532 2289 2574 aream
2314 2521 2697 2593 purgandum;
2725 2542 2791 2581 ac
2818 2530 3172 2601 congregabit
3219 2533 3469 2590 triticum
3515 2537 3577 2592 in
3623 2537 3755 2593 hor-

2097 2622 2289 2678 reum;
2319 2611 2543 2680 paleam
2569 2628 2702 2671 vero
2721 2616 2998 2674 comburet
3026 2620 3152 2690 igne
3175 2622 3632 2696 inexslinguibiii
3653 2627 3755 2700 (ά).

2096 2697 2456 2770 Adjungitur
2484 2701 2685 2775 itaque
2715 2704 2854 2761 huic
2881 2721 2983 2778 per
3013 2710 3229 2781 ignem,
3263 2711 3407 2769 illud
3438 2730 3540 2786 per
3584 2697 3754 2788 spiri-

2097 2788 2251 2849 tum;
2279 2804 2406 2844 eam
2440 2806 2652 2864 nempe
2680 2793 2755 2849 ob
2784 2810 3026 2852 causam
3061 2799 3218 2870 quod
3258 2801 3520 2858 triticum
3568 2822 3602 2860 a
3652 2822 3752 2878 pa-

2096 2873 2188 2930 lea
2216 2876 2546 2948 discernat;
2581 2881 2690 2938 hoc
2719 2886 2810 2939 est
2841 2884 2915 2940 ab
2963 2885 3318 2945 indumento
3373 2893 3606 2950 terreno
3652 2873 3759 2966 per

2099 2964 2576 3036 spiritum.Palea
2606 2970 2883 3029 similiter
2914 2991 2947 3030 a
2974 2980 3146 3032 vento
3182 2992 3286 3033 seu
3318 2980 3532 3050 spiritu
3566 2964 3751 3039 venti-

2098 3053 2255 3111 lante
2302 3061 2630 3127 separatur.
2678 3060 2775 3117 Sic
2823 3062 3071 3134 spiritus
3118 3065 3364 3124 virtutes
3415 3071 3752 3129 materiales

2097 3145 2412 3217 separandi
2443 3147 2563 3204 vim
2594 3148 3088 3218 habet.Quoniam
3120 3171 3252 3211 vero
3284 3157 3400 3214 alia
3421 3160 3658 3231 quidem
3681 3178 3751 3219 ex

2097 3234 2356 3291 increato
2387 3240 2565 3309 atque
2595 3238 3029 3314 incorruptibili
3062 3243 3212 3301 facta
3254 3251 3413 3318 sunt,
3465 3248 3749 3308 nimirum

324 3338 425 3395 χρι
452 3316 659 3374 σύνεστι
698 3321 779 3391 τῷ
821 3317 1112 3393 κρείττονι,
1150 3319 1297 3393 μὲνει
1332 3336 1346 3350 ⁸
1381 3319 1508 3375 ὅταν
1554 3317 1763 3375 ἐκείνου
1805 3338 1986 3395 χωριε-

2105 3339 2226 3396 quae
2259 3324 2387 3380 vitae
2418 3308 2559 3383 sunt
2584 3328 2832 3398 semina,
2867 3331 3231 3390 frumentum
3265 3337 3440 3393 etiam
3482 3340 3751 3395 recondi-

324 3409 450 3483 σθῇ,
482 3405 792 3463 ἀπόλλυται
828 3425 841 3441 ·
874 3406 930 3463 ἐν
985 3408 1154 3482 ἑτάρῳ
1202 3408 1306 3485 γὰρ
1358 3409 1475 3484 εἶχε
1526 3409 1589 3464 τὸ
1619 3409 1776 3467 εἶναι.
1810 3412 1987 3467 Τοῦτο

319 3503 451 3577 γοῦν
483 3500 817 3575 χωριστικὸν
853 3499 949 3574 μὲν
992 3495 1221 3573 δυνάμει
1267 3500 1331 3556 τὸ
1380 3505 1616 3575 πνεῦμα,
1649 3500 1988 3558 ἀναλωτικὸν

326 3587 387 3646 ὃὶ
414 3590 481 3645 τὸ
508 3593 618 3667 πῦρ
653 3610 666 3624 ο
701 3594 807 3665 πῦρ
841 3588 899 3646 δὶ
934 3591 998 3645 τὸ
1029 3588 1218 3645 ὑλικὸν
1268 3589 1513 3661 νοητέον.
1549 3588 1704 3649 Ἀλλ’
1731 3590 1845 3647 ἐπεὶ
1894 3592 1987 3666 μὲν

323 3680 390 3736 τὸ
421 3680 735 3754 σωζόμενον
762 3679 896 3753 σίτῳ
926 3677 1122 3746 ἔοικεν,
1152 3680 1216 3735 τὸ
1248 3677 1305 3735 δὲ
1335 3677 1667 3756 διαπεφυκὸς
1715 3685 1785 3756 τῇ
1835 3684 1989 3756 ψυχῇ

325 3772 412 3843 τῷ
441 3767 661 3845 ἀχόρῳ,
689 3768 782 3824 καὶ
822 3770 887 3825 τὸ
941 3769 1036 3842 μὲν
1089 3767 1403 3842 ἀσώματον,
1429 3769 1490 3824 τὸ
1523 3766 1580 3824 δὲ
1610 3770 1990 3847 χωριζόμενον

335 3856 528 3915 ὑλικόν
560 3856 701 3913 ἐστιν
737 3876 751 3889 ·
785 3856 1075 3929 ἀντέθηκεν
1106 3861 1185 3930 τῷ
1216 3854 1312 3931 ut»
1336 3858 1615 3933 ἀσωμάτῳ
1661 3861 1724 3915 τὸ
1758 3864 1991 3933 πνεῦμα,

332 3945 536 4003 λεπτὸν
577 3946 669 4003 καὶ
716 3947 949 4023 καθαρὸν
1005 3944 1203 4022 σχεδὸν
1253 3947 1386 4022 ὑπὲρ
1434 3952 1580 4020 νοῦν,
1608 3952 1688 4022 τῷ
1728 3946 1786 4004 δὲ
1816 3946 1992 4022 ὑλικῷ

331 4038 395 4093 τὸ
423 4040 557 4115 πῦρ,
584 4035 648 4092 οὗ
678 4036 919 4113 πονηρὸν
953 4033 1079 4092 οὐδὲ
1110 4037 1272 4092 κακὸν
1326 4035 1595 4114 ὑπάρχον,
1630 4036 1856 4114 ἰσχυρὸν
1902 4039 1992 4093 καὶ

332 4128 505 4181 κακοῦ
532 4125 860 4201 καθαρτικόν
891 4141 905 4157 ⁶
936 4124 1114 4202 ἀγαθὴ
1167 4125 1270 4203 γὰρ
1303 4123 1534 4201 δύναμις
1560 4127 1622 4182 τὸ
1650 4132 1757 4202 πῦρ
1787 4133 1992 4183 νοεῖται

336 4215 425 4271 καὶ
455 4213 684 4292 ῗσχυρὰ,
716 4215 986 4292 φθαρτικὴ
1014 4218 1126 4269 τῶν
1162 4216 1433 4291 χειρόνων
1486 4217 1574 4271 καὶ
1611 4218 1850 4287 σωοτική
1882 4220 1990 4273 τῶν

2101 3419 2195 3468 tur
2224 3429 2238 3468 :
2272 3416 2427 3486 quod
2449 3432 2582 3472 vero
2605 3420 2904 3476 terrenum
2935 3425 3022 3478 est
3054 3424 3315 3495 quandiu
3350 3426 3575 3483 meliori
3606 3445 3748 3486 con-

2090 3502 2387 3575 jungitur,
2405 3511 2729 3577 permanet;
2753 3524 2931 3580 quam
2959 3511 3215 3591 primum
3236 3530 3371 3571 vero
3396 3516 3469 3572 ab
3493 3516 3592 3573 illo
3623 3518 3752 3575 fue-

2100 3592 2177 3648 rit
2208 3598 2570 3666 separatum,
2603 3597 2783 3668 perit:
2817 3597 2876 3654 in
2908 3599 3022 3657 alio
3052 3594 3210 3658 enim
3244 3604 3400 3675 quod
3431 3611 3609 3674 esset,
3644 3608 3750 3665 ha-

2101 3681 2250 3738 buit.
2285 3681 2472 3755 Hujus
2506 3686 2703 3757 itaque
2733 3688 3047 3760 separandi
3080 3692 3196 3747 vim
3249 3691 3424 3749 habet
3469 3695 3750 3769 spiritus;

2102 3774 2491 3830 consumendi
2515 3790 2646 3831 vero
2678 3776 2820 3843 vim,
2851 3777 3026 3852 ignis;
3062 3780 3217 3853 ignis
3250 3786 3444 3840 autem
3481 3787 3753 3850 materia-

2103 3859 2177 3917 lis
2199 3861 2292 3918 hic
2316 3862 2754 3937 intelligendus.
2786 3868 2893 3923 Ast
2913 3869 3189 3940 quoniam
3223 3871 3281 3927 id
3313 3875 3469 3946 quod
3501 3876 3752 3933 salutem

2103 3952 2506 4024 consequitur,
2531 3954 2730 4010 tritico
2761 3956 3000 4028 quidem
3033 3963 3122 4015 est
3149 3959 3527 4035 simile,quod
3560 3969 3754 4023 autem

2103 4041 2315 4098 animae
2345 4042 2638 4099 adhzsreat
2668 4060 2735 4100 ac
2772 4061 2887 4102 una
2915 4053 3210 4117 nascatur,
3244 4050 3421 4122 paleae
3453 4069 3569 4109 non
3601 4054 3757 4111 absi-

2105 4131 2243 4186 mile
2291 4130 2530 4203 quidem
2582 4137 2704 4202 est;
2755 4139 2813 4189 et
2858 4134 2966 4191 hoc
3013 4137 3254 4208 quidem
3318 4139 3752 4214 incorporeum,

2104 4219 2260 4290 quod
2293 4236 2427 4275 vero
2456 4224 3089 4292 separatur,terrenum
3123 4229 3231 4297 est,
3265 4230 3541 4298 opposuit
3564 4229 3757 4287 incor-

340 4303 639 4378 ἀμεινόνων
674 4323 687 4337 ’
721 4301 807 4360 διὸ
834 4304 926 4360 καὶ
957 4304 1226 4383 φρόνιμον
1259 4307 1375 4381 (42)
1415 4303 1633 4383 λέγεται
1682 4308 1830 4381 παρὰ
1874 4312 1989 4371 τοῖς

2105 4325 2278 4382 porco
2308 4308 2861 4381 spiritum,tenuem
2896 4328 3249 4386 purumque,
3283 4315 3498 4389 quippe
3528 4319 3631 4390 qui
3661 4335 3756 4377 vs-

337 4394 645 4471 προφήταις
673 4398 834 4450 τοῦτο
869 4394 934 4451 τὸ
964 4398 1094 4471 πῦρ.

2105 4397 2216 4453 luti
2246 4412 2413 4453 mens
2441 4402 2565 4465 est;
2596 4400 2857 4454 terrestri
2887 4417 3040 4472 vero,
3073 4402 3293 4475 ignem,
3328 4421 3444 4462 non
3478 4406 3579 4479 qui
3628 4424 3754 4465 ma-

335 4484 454 4553 lus,
487 4488 591 4541 aut
615 4501 826 4558 pravus
858 4486 956 4555 sit,
988 4489 1087 4544 sed
1121 4486 1222 4559 qui
1258 4486 1447 4557 fortis,
1480 4487 1701 4559 quique
1733 4486 1872 4543 mali
1902 4487 2195 4562 purgandi
2228 4486 2344 4542 vim
2377 4485 2611 4543 habeat.
2641 4487 2867 4560 Quippe
2896 4488 3084 4549 virtus
3130 4492 3284 4550 bona
3332 4495 3487 4568 ignis
3533 4496 3755 4555 intelli-

331 4572 494 4646 gitur
523 4572 828 4646 ibrtisque,
880 4574 1141 4645 potentia
1188 4573 1478 4630 deteriora
1525 4575 1940 4646 corrumpendi
1994 4575 2260 4648 praedita,
2314 4576 2821 4648 conservandique
2874 4577 3137 4636 meliora.
3189 4582 3555 4656 Quapropter
3600 4585 3754 4658 ignis

332 4660 496 4717 hisee
525 4661 587 4717 in
620 4661 1041 4735 prophetarum
1074 4660 1313 4734 scriptis
1346 4661 1606 4733 prudens
1637 4663 1825 4719 audit.

404 4750 498 4772 τινα
553 4748 705 4772 ΛΗ-..
731 4770 742 4772 ,
817 4754 868 4772 μ’*
896 4771 900 4772 ,
933 4770 960 4772 η
991 4754 1025 4772 ,9
1059 4748 1106 4772 υ-
1130 4770 1150 4772 ,_
1219 4749 1234 4772 ς
1287 4749 1377 4772 Δ-)
1401 4769 1414 4772 -
1456 4746 1514 4772 Ἅι
1549 4771 1572 4772 η
1606 4770 1662 4772 mn
1759 4753 1833 4772 J84
2172 4751 2344 4772 νυτγῐ
2411 4751 2500 4772 n3-
2559 4751 2752 4772 11___n_
2824 4770 2875 4772 ,η
3043 4763 3054 4772 .
3119 4757 3160 4772 n
3351 4759 3363 4772 ο

404 4750 517 4820 KC.
551 4748 744 4813 Οὕτως
772 4754 905 4825 γοῦν
931 4754 1025 4806 καῖ
1053 4748 1180 4806 ὅταν
1212 4749 1241 4804 6
1285 4749 1414 4812 Θεὸς
1456 4746 1687 4825 λέγηται
1733 4753 1843 4825 πῦρ
1894 4770 1989 4806 κα-

2171 4751 2365 4809 XXVI.
2410 4751 2505 4808 Sic
2559 4751 2759 4824 itaque
2814 4770 2949 4811 cum
3004 4763 3062 4813 et
3118 4757 3273 4817 Deus
3339 4759 3496 4835 ignis
3558 4779 3756 4820 consu-

330 4812 684 4911 ταναλίσκον,
852 4838 1064 4913 κακίας,
1119 4836 1268 4895 ἀλλὰ
1325 4812 1607 4913 δυνάμεως
1682 4812 1859 4914 ὄνομα
1899 4838 1989 4896 καὶ

2105 4856 2255 4898 mens
2281 4842 2347 4912 (e)
2375 4844 2633 4912 vocatur,
2660 4812 2785 4899 non
2819 4845 3078 4918 malitias,
3112 4812 3216 4905 sed
3248 4812 3518 4922 potgntiae
3550 4851 3616 4916 ›Χ‹
3646 4868 3758 4908 no~

333 4924 617 5003 σύμϐολον
677 4927 984 4987 ἐκλεκτέον.
1040 4929 1130 4992 Ὠς
1193 4929 1298 5007 γὰρ
1351 4929 1414 4985 τὸ
1452 4926 1580 5006 ’πῦρ
1628 4928 1989 5006 ΐσχυρότατον

2105 4947 2237 4987 men
2270 4947 2338 4987 ac
2368 4929 2604 5002 signum
2640 4932 3112 5007 intelligendum.
3145 4938 3231 4994 Ad
3270 4941 3544 4997 eumdem
3594 4941 3753 4998 enim

328 5022 437 5073 τῶν
501 5018 793 5095 στοιχείων
869 5019 958 5074 καὶ
1034 5018 1253 5074 πάντων
1309 5022 1565 5095 κρατοῦν,
1616 5017 1759 5076 οὕτω
1813 5018 1904 5075 καὶ
1961 5019 1989 5075 6

2105 5021 2348 5077 modum
2378 5036 2497 5092 quo
2526 5020 2685 5093 ignis
2713 5021 3138 5116 elementorum
3193 5033 3283 5085 est
3334 5030 3752 5100 fortissimum,

402 5177 555 5250 is}.
584 5174 697 5231 985
872 5173 1174 5250 PQTTER.
1270 5173 1589 5250 (alMatth.
1605 5192 1761 5250 3m,
1777 5176 1910 5250 21.-
1977 5175 1989 5244 (

2105 5176 2116 5250 i_
2125 5177 2261 5250 991:.
2294 5190 2390 5245 xv,
2422 5173 2512 5230 49.
2610 5175 2682 5248 (c)
2713 5176 2922 5234 Matth.
2957 5180 3041 5250 ui,
3089 5180 3175 5235 11.

3595 5226 3607 5239 .
3662 5198 3728 5238 ιιι

402 5181 467 5243 is
496 5181 555 5230 P.
584 5181 697 5231 985
726 5181 839 5231 ED.
872 5181 1174 5230 POTTER.
1270 5181 1347 5247 (a)
1377 5181 1589 5231 Matth.
1621 5192 1761 5241 XXII,
1792 5181 1882 5231 21.
1977 5181 1989 5244 (

333 5244 437 5313 42;
471 5245 609 5303 Luc.
641 5262 730 5317 ιιι,
760 5248 848 5302 17.
926 5247 1002 5319 (e)
1032 5250 1202 5303 Deut.
1235 5263 1315 5318 1v,
1344 5247 1434 5303 24.
1508 5246 1573 5311 ’κ
1602 5246 1664 5302 Ρ.
1694 5247 1802 5302 986
1830 5246 1944 5303 ΕΙ).
1977 5249 1989 5302 1

2105 5181 2269 5303 ,‘
2294 5190 2390 5245 xv,
2422 5181 2512 5230 49.
2610 5181 2682 5248 (c)
2713 5181 2922 5234 Matth.
2957 5181 3041 5250 ui,
3089 5181 3175 5235 11.
3277 5181 3350 5252 (d)
3402 5181 3607 5239 Matth.
3662 5198 3754 5253 ιιι,

401 5414 516 5487 (38)
545 5415 669 5472 Μου
699 5412 899 5472 ὀπίσω.
930 5415 1103 5489 Vulg.
1140 5415 1310 5486 Bibl.,
1334 5414 1510 5470 ὀπίσω
1538 5434 1668 5488 μου,
1687 5416 1988 5490 Μαιιιωιι,

408 5529 421 5543 .
452 5487 585 5544 Luc.
622 5505 711 5544 III.
743 5490 813 5544 46
842 5488 1011 5544 Joan.
1042 5505 1085 5544 ι.
1114 5489 1207 5543 27.
1238 5492 1368 5544 BYL.

2105 5417 2172 5473 ad
2204 5413 2503 5471 Christum
2535 5416 2621 5473 vel
2655 5417 2726 5474 ad
2758 5418 3173 5476 Heracleonsm
3206 5421 3407 5478 referri
3438 5422 3756 5482 verisimile

2105 5487 2355 5544 videtur.
2385 5488 2515 5544 SYL.

332 5486 711 5581 ¹¹ἐηίιιξ¹⁰εη¹¹ίν
743 5490 813 5581 19
842 5486 1549 5581 ³⁰⁸9ηζῦρ²⁷ιὲἷὲξηηξ
1634 5560 1704 5581 η,

2105 5487 2355 5544 videtur.
2385 5488 2515 5544 SYL.

2176 5561 2280 5581 Ill\
2315 5559 2362 5581 Ἀ
2384 5560 2611 5581 __-_.,I____
2680 5561 2701 5581 Δ
2799 5559 2817 5581 3

403 5557 908 5688 (39)6Ἡρακλὲων.
954 5559 1120 5618 Conf.
1178 5558 1550 5633 Augustinus
1627 5560 1705 5617 De
1762 5560 1989 5633 haeres,

404 5646 462 5696 p.
565 5673 578 5687 .

2174 5561 2283 5628 (41)
2315 5559 2637 5633 Ἀγενήτου.
2669 5561 2760 5625 A.,
2792 5559 3108 5634 ἀγεννήτου.
3141 5563 3305 5620 SYLB.

2173 5632 2285 5696 (42)
2318 5629 2620 5696 Φρόνιμον.
2660 5631 2825 5687 Conf.
2886 5633 3154 5691 Clemens
3200 5636 3475 5696 superius
3531 5638 3752 5696 Paedaa.

2173 5632 2285 5703 (42)
2318 5632 2642 5712 Φρόνιμον.Α
2649 5632 2866 5712 ροιιῆΔ
2886 5633 3154 5691 Clemens
3200 5636 3475 5709 superius
3531 5638 3732 5712 Paedag

328 5644 399 5685 ca
447 5671 462 5686 .
491 5632 578 5688 16.
638 5632 649 5637 ⁷
1282 5632 1299 5633 ί
1975 5632 1979 5633 ί
2173 5632 2285 5703 (42)
2318 5632 2620 5705 Φρόνιμον.
2660 5632 2849 5687 Οοῐιῖζ
2886 5639 2894 5683 4

400 5646 516 5776 810)
546 5704 1005 5777 Κατισημήνατο.
1038 5701 1371 5777 ΡῙιιισιιΙίιριχ
1397 5700 1713 5777 legendum
1761 5702 1994 5777 videtur
2100 5702 2204 5760 lib.
2238 5720 2324 5776 ιιι,
2358 5719 2408 5760 c.
2440 5703 2495 5774 8,
2528 5718 2585 5776 p.
2613 5702 2739 5773 280,
2773 5708 2894 5761 not.

324 5767 784 5852 κατεσημήναντό
820 5767 847 5809 α’
867 5780 934 5835 ut
962 5777 1184 5834 feratur
1228 5775 1301 5834 ad
1344 5767 1498 5831 imi.
1530 5774 1647 5833 Nec
1685 5774 1841 5832 enim
1899 5774 1992 5833 vel
