4124 6400
387 399 488 454 711

1653 393 1996 450 σιιιιιιιιιε
2033 394 2606 454 ΑιΕΧΔΝυΒιΝῠε

3704 399 3816 459 712

395 523 758 597 reliquisque
787 519 1352 588 deminatur,eodem
1381 517 1553 591 plane
1585 518 1758 574 modo
1788 517 2024 591 omnipo

2165 517 2295 580 Θεὸς
2353 515 2765 593 παντοδύναμος
2822 519 2911 576 καὶ
2967 518 3381 598 παντοκράτωρ,
3431 521 3460 578 6
3519 519 3818 597 δυνάμενος

391 620 524 670 tens
555 631 622 670 ac
653 611 1023 668 omnitenens
1052 613 1142 667 est
1173 608 1349 664 etiam
1387 613 1559 675 Deus,
1591 607 1688 680 qui
1724 612 1915 680 potest
1961 611 2041 662 te-

392 721 550 770 nere,
583 717 798 772 creare,
833 701 1039 768 facere,
1076 698 1252 766 alere,
1287 713 1518 770 angere,
1542 713 1793 763 servare,
1828 696 2042 768 quique

390 794 651 865 corporis
678 791 1006 862 animaeque
1037 792 1385 861 potestatem
1418 787 1617 843 habet.
1647 785 1808 842 Sicut
1845 786 2043 858 itaque

387 881 694 939 elementis
724 879 856 936 aliis
889 879 1045 952 ignis
1079 877 1378 950 pracellit,
1435 877 1638 932 eodem
1691 876 1864 931 modo
1915 880 2040 930 tum

388 971 523 1039 diis,
557 988 623 1027 ac
655 969 996 1039 virtutibus,
1029 984 1096 1024 ac
1123 965 1557 1040 principatibus
1589 964 1873 1038 praecellit
1905 963 2041 1019 Om-

392 1061 686 1117 nitenens.
720 1058 879 1131 Ignis
910 1062 1102 1115 autem
1140 1057 1330 1112 virtus
1361 1055 1575 1127 duplex
1601 1058 1710 1121 est,
1746 1054 1861 1109 alia
1910 1052 2039 1124 qui-

392 1149 526 1206 dem
551 1149 620 1205 ad
657 1149 956 1204 fructuum
989 1145 1436 1219 productionem
1461 1160 1527 1199 ac
1547 1142 1888 1199 earumdem
1917 1158 2039 1196 ma-

389 1239 718 1306 turitatem,
753 1237 998 1309 insuper
1029 1236 1102 1292 ad
1136 1232 1475 1290 animalium
1505 1231 1941 1306 generationem
1977 1246 2043 1286 ac

391 1329 733 1386 eorumdem
767 1328 961 1383 cibum
998 1323 1359 1394 necessaria;
1390 1324 1562 1393 cujus
1593 1321 1676 1378 sel
1705 1321 1900 1394 imago
1931 1324 2040 1376 est:

393 1421 507 1478 alia
537 1437 670 1477 vero
693 1420 763 1475 ad
786 1416 1231 1474 dissolutionem
1268 1431 1333 1470 ac
1365 1413 1800 1484 corruptionem
1833 1409 2044 1477 tendit,

389 1509 587 1584 qualis
616 1514 706 1565 est
734 1507 888 1580 ignis
920 1507 1017 1562 ille
1052 1504 1370 1561 terrestris.
1405 1501 1656 1558 Proinde
1704 1516 1837 1556 cum
1887 1505 2043 1556 Deus

382 1600 542 1674 ignis
572 1612 932 1655 consumens
953 1598 1214 1664 vocatur,
1241 1592 1426 1647 virtus
1460 1595 1600 1646 tunc
1634 1589 1798 1644 fortis
1828 1585 2043 1644 intelli-

2151 615 2440 679 κρατῆσαι,
2491 607 2693 678 κτίσαι,
2743 616 2995 680 ποιῆσαι,
3049 612 3282 690 τρέφειν,
3339 609 3538 683 αὔξειν,
3597 612 3816 687 σώζειν,

2155 697 2412 768 σώματος
2460 697 2548 752 καὶ
2609 701 2797 773 ψυχῆς
2855 697 3108 770 ἐξουσίαν
3175 695 3345 776 ἔχων.
3381 702 3468 764 Ὠς
3543 699 3636 756 οὖν
3702 707 3815 758 τῶν

2154 785 2447 861 στοιχείων
2479 786 2733 863 ὑπερέχει
2762 788 2825 843 τὸ
2855 793 2985 864 πῦρ,
3021 788 3163 844 οὕτω
3214 794 3349 855 θεῶν
3389 810 3447 845 τε
3500 789 3590 846 καὶ
3652 787 3820 846 δυνά-

2157 895 2301 947 μεων
2362 876 2450 930 καὶ
2511 875 2701 952 ἀρχῶν
2757 877 2785 932 6
2829 877 3244 955 παντοκράτωρ.
3280 878 3460 950 Διπλῆ
3492 900 3552 936 τε
3581 881 3616 950 ἡ
3651 877 3813 937 δύνα-

2157 984 2248 1036 μις
2278 969 2375 1019 τοῦ
2420 966 2614 1038 πυρὸς,
2645 968 2680 1035 ἡ
2736 967 2832 1040 μὲν
2866 969 3002 1042 πρὸς
3050 965 3410 1046 δημιουργίαν
3459 969 3549 1024 καὶ
3608 970 3813 1025 πεπαν-

2152 1074 2233 1107 σιν
2283 1058 2506 1128 καρπῶν
2571 1055 2660 1110 καὶ
2731 1057 2884 1125 ζώων
2945 1058 3153 1132 γένεσιν
3208 1056 3298 1113 καὶ
3356 1057 3566 1134 τροφὴν
3617 1055 3813 1130 ἐπιτή-

2153 1139 2321 1212 δειος,
2351 1145 2417 1211 ἧς
2464 1141 2626 1199 εἶ’κὼν
2685 1145 2714 1199 6
2771 1143 2936 1214 ἥλιος
2971 1163 2983 1175 ·
3011 1147 3046 1215 ἡ
3094 1141 3151 1201 δὲ
3198 1146 3335 1222 πρὸς
3389 1144 3664 1201 ἀνάλωσὶν
3721 1145 3814 1203 καὶ

2153 1231 2376 1308 φθορὰν,
2406 1232 2480 1294 ὡς
2516 1233 2579 1288 τὸ
2626 1236 2733 1308 πῦρ
2777 1232 2842 1288 τὸ
2889 1233 3148 1310 ἐπίγειον.
3183 1238 3300 1310 Πῦρ
3330 1232 3421 1290 οῦν
3455 1236 3582 1291 ὅταν
3637 1233 3815 1312 λέγη-

2150 1341 2240 1375 ται
2272 1321 2300 1376 ὁ
2331 1321 2459 1384 Θεὸς
2491 1321 2906 1395 καταναλίσκον,
2939 1319 3168 1396 δύναμις
3207 1323 3409 1401 ίσγυρά
3463 1325 3552 1380 καὶ
3603 1324 3814 1398 ἀπροσ-

2155 1411 2409 1482 άντητος,
2439 1409 2476 1486 ᾖ
2509 1407 2678 1484 μηδὲν
2725 1408 2985 1468 ἀδύνατον
3037 1415 3173 1488 (43),
3203 1411 3350 1470 ἀλλά
3409 1415 3501 1470 καὶ
3555 1415 3620 1470 τὸ
3674 1415 3813 1472 ἀπο-

2155 1497 2308 1554 λὲσαι
2341 1497 2588 1557 δυνατόν.
2616 1501 2743 1575 Περὲ
2774 1501 3034 1573 τοιαύτης
3064 1499 3348 1576 δυνάμεως
3388 1502 3479 1559 καὶ
3531 1505 3560 1559 6
3610 1505 3813 1583 Σωτήρ

2156 1587 2304 1664 λέγει
2341 1609 2352 1621 ·
2385 1594 2498 1667 Πῦρ
2529 1588 2704 1660 ἦλθον
2739 1589 2927 1667 βαλεῖν
2973 1591 3061 1647 ἐπὶ
3114 1592 3216 1662 τὴν
3275 1599 3402 1670 γῆν,
3436 1589 3699 1663 δηλονότι
3721 1592 3812 1651 δύ·

387 1687 665 1764 gitur,cui
699 1685 845 1742 nihil
877 1684 1090 1756 opponi
1127 1679 1556 1755 possit,cuique
1585 1677 1732 1734 nihil
1767 1678 2030 1750 impossi-

2153 1679 2476 1753 ναμιν,τῶν
2540 1681 2633 1754 μὶν
2691 1679 2847 1756 ἁγίαν
2896 1685 3250 1756 καθαρτικήν,
3297 1687 3406 1739 τῶν
3462 1680 3521 1739 δὶ
3577 1682 3812 1757 ὑλικῶν,

387 1780 504 1837 bile
534 1778 612 1835 sit
640 1777 882 1847 insuper
909 1779 967 1829 et
998 1773 1240 1845 perdere
1271 1787 1398 1826 eam
1451 1785 1641 1842 posse.
1696 1767 1776 1823 De
1834 1768 2045 1822 virtute

2156 1769 2229 1831 ὡς
2276 1769 2369 1842 μὲν
2403 1767 2598 1825 ἐκεῖνοι
2630 1770 2809 1846 φασίν,
2843 1770 3198 1849 ἀφανιστικήν
3235 1792 3249 1806 ⁸
3283 1772 3358 1829 ὡς
3407 1769 3465 1828 δὲ
3521 1774 3686 1847 ἡμεῖς
3745 1771 3808 1828 ἂν

387 1868 497 1925 hac
527 1866 784 1924 afﬁrmat
812 1864 1076 1919 Salvator
1109 1879 1121 1916 :
1155 1863 1341 1932 Ignem
1381 1861 1509 1915 veni
1553 1859 1772 1913 mittere
1818 1858 1880 1912 in
1932 1861 2030 1912 ter-

2155 1857 2414 1960 φαίημεν,
2447 1855 2819 1930 παιδευτικήν.
2873 1863 3032 1936 Ἔχει
3085 1857 3142 1916 δὲ
3182 1860 3272 1917 καὶ
3326 1856 3496 1940 φόϐον
3551 1861 3616 1918 τὸ
3673 1866 3812 1940 ’πῦρ⁹

385 1979 512 2019 ram
541 1961 654 2032 (a);
687 1957 971 2013 nimirum
1005 1954 1300 2023 virtutem,
1336 1969 1462 2024 qum
1511 1951 1749 2022 quidem
1800 1952 2030 2005 sanctos

2149 1946 2238 2002 καὶ
2271 1944 2522 2022 διάχυσιν
2548 1950 2611 2003 τὸ
2641 1953 2775 2026 φῶς.

384 2065 633 2133 purgat;
668 2059 974 2111 terrestres
999 2058 1219 2120 autem,
1268 2056 1442 2124 prout
1488 2053 1763 2106 asserunt
1811 2048 1916 2116 illi,
1963 2046 2136 2115 delet,
2169 2049 2419 2104 destruit
2451 2065 2466 2104 :
2501 2050 2796 2106 sententia
2825 2065 2960 2106 vero
2991 2055 3194 2107 nostra
3222 2056 3331 2121 est,
3363 2052 3519 2124 quod
3550 2053 3809 2110 erudiat.

386 2149 548 2222 Ignis
577 2150 772 2202 autem
808 2143 1103 2210 timorem,
1138 2140 1238 2196 lux
1269 2140 1643 2196 dill‘usionem
1677 2137 1876 2194 habet.

453 2235 694 2294 XXVII.
729 2234 854 2290 Non
885 2238 1083 2287 autem
1118 2230 1486 2302 scripserunt
1511 2227 1796 2299 seniores,
1849 2242 2042 2298 neque

385 2326 503 2383 illis
532 2324 850 2390 arridebat,
885 2329 947 2377 ut
976 2337 1118 2375 cura
1160 2319 1495 2375 traditionis
1545 2318 1821 2374 docendae
1871 2316 2040 2372 alteri

385 2429 541 2473 curis
571 2429 638 2468 ac
670 2409 965 2468 scribendi
996 2407 1184 2464 labori
1215 2407 1605 2476 incumberet,
1647 2422 1751 2462 nec
1799 2406 2038 2477 quidem

389 2505 478 2561 uti
499 2510 736 2574 tempus
757 2495 1200 2570 praemeditandi
1228 2513 1349 2568 qua
1371 2499 1572 2551 essent
1601 2495 1846 2551 dicenda
1901 2495 2039 2551 scri-

391 2593 587 2653 bendo
610 2590 996 2646 resumerent.
1020 2585 1293 2640 Fortasse
1323 2601 1454 2640 vero
1485 2601 1618 2640 cum
1643 2585 1905 2656 ejusdem
1937 2601 2040 2656 ge-

395 2683 479 2740 nii
513 2697 628 2736 non
659 2694 789 2734 esse
821 2691 1166 2748 persuasum
1199 2673 1534 2742 habuerint,
1569 2674 1748 2730 libros
1797 2691 2037 2746 compo-

400 2770 578 2828 nendi
611 2773 788 2838 atque
817 2764 1064 2822 docendi
1098 2765 1384 2832 studium,
1419 2762 1737 2836 unicuique
1766 2764 1920 2834 quod
1971 2781 2040 2820 ex

393 2860 590 2918 indole
621 2862 795 2923 esset,
818 2855 1235 2928 permiserunt.
1257 2853 1480 2925 Quippe
1513 2852 1764 2908 alterum
1798 2854 2037 2926 quidem

387 2950 570 3005 libere
601 2953 778 3019 atque
806 2946 1026 3015 impetu
1063 2944 1317 3015 quedam
1344 2959 1414 2998 ex
1443 2959 1540 2998 ore
1573 2942 1822 2998 dicentis
1854 2943 2040 2999 ﬂuens

388 3039 502 3095 cito
535 3054 652 3092 una
683 3050 886 3107 rapere
919 3037 1140 3104 potest;
1175 3032 1426 3087 alterum
1458 3036 1680 3094 autem,
1713 3033 1870 3103 quod
1902 3049 2036 3088 exa-

385 3128 527 3184 mini
559 3125 871 3197 diligenter
901 3123 1218 3195 legentium
1254 3121 1515 3192 quotidie
1558 3121 1869 3190 subdatur,
1917 3120 2036 3177 dis-

2223 2227 2337 2284 KZ'.
2371 2225 2486 2283 Οὗκ
2542 2225 2772 2305 ἔγραφον
2829 2223 2886 2282 δὶ
2939 2228 2991 2282 οἱ
3045 2223 3427 2304 πρεσϐύτεροι,
3466 2233 3608 2304 μήτε
3662 2229 3807 2288 ἀπα-

2150 2314 2376 2389 σχολεῖν
2413 2313 2744 2390 βουλόμενοι
2774 2317 2874 2386 τήν
2906 2313 3298 2388 διδασκαλικὴν
3326 2325 3426 2390 τῆς
3457 2316 3812 2396 παραδόσεως

2150 2401 2410 2480 φροντίδα
2460 2405 2532 2476 τῆ
2577 2403 2701 2480 περὶ
2753 2406 2815 2461 τὸ
2870 2406 3094 2485 γράφειν
3149 2405 3297 2483 ἄλλῃ
3351 2405 3621 2487 φροντίδι,
3663 2409 3812 2484 μηδι

2153 2492 2260 2565 μήν
2294 2492 2384 2547 τὸν
2425 2497 2523 2548 τοῦ
2575 2495 3006 2569 προσκέπτεσθαι
3059 2496 3126 2552 τά
3183 2494 3568 2573 λεχθησόμενα
3615 2499 3808 2574 καιρὸν

2147 2579 2634 2646 καταναλίσκοντες
2685 2583 2760 2646 εἰς
2804 2583 3220 2663 γραφήν.Τάχα
3277 2583 3335 2641 δὲ
3390 2584 3517 2643 ούδδ
3563 2593 3666 2658 τῆς
3716 2587 3813 2645 αύ-

2147 2676 2248 2740 τῆς
2277 2671 2488 2745 φύσεως
2536 2671 2871 2748 κατόρθωμα
2915 2674 2980 2730 τὸ
3010 2675 3356 2731 συντακτικὸν
3407 2676 3498 2732 καὶ
3545 2673 3807 2734 διδασκα-

2150 2758 2305 2815 λικὸν
2336 2760 2477 2824 εἶδος
2510 2761 2644 2816 εἶναι
2694 2764 3073 2836 πεπεισμένοι,
3110 2769 3226 2828 τοῖς
3285 2765 3362 2830 εἰς
3411 2770 3574 2822 τοῦτο
3632 2788 3806 2846 πεφυ-

2147 2849 2267 2904 κόσι
2314 2851 2684 2925 συνεχώρουν.
2717 2852 2792 2908 Τὸ
2845 2853 2940 2926 μὶν
2988 2854 3114 2930 γὰρ,
3164 2853 3461 2918 ἀκωλύτως
3511 2856 3598 2911 καὶ
3665 2855 3809 2929 μετά

2149 2936 2330 3014 ῥύμῆς
2391 2937 2608 3018 φέρεται
2659 2939 2831 3016 ῥεῦμα
2882 2945 2980 2996 τοῦ
3031 2941 3310 3018 λέγοντος,
3357 2943 3448 3000 καί
3496 2966 3604 3000 που
3658 2947 3808 3022 τάχα

2150 3030 2481 3104 συναρπάσαι
2531 3026 2828 3103 δυνάμενον
2864 3050 2876 3062 ·
2909 3031 2973 3086 τὸ
3017 3029 3095 3101 δὶ,
3134 3033 3237 3089 ὑπὸ
3277 3038 3386 3089 τῶν
3440 3031 3804 3111 ἐντυγχανόν-

2144 3139 2255 3172 των
2301 3120 2412 3192 (44)
2459 3118 2712 3174 δκάστοτε
2764 3121 3184 3194 βασανιζόμενον
3231 3117 3506 3199 ἀκριϐῶς,
3548 3131 3649 3194 τῆς
3693 3121 3806 3196 ἆξε-

381 3216 760 3289 quisitienem
787 3228 1082 3268 summam
1107 3211 1746 3283 postulat,operamque
1766 3209 2030 3266 sedulam

2147 3206 2350 3271 τάσεως
2387 3207 2659 3282 τυγχάνον
2705 3209 2869 3285 ἄκρας
2901 3209 2990 3264 καὶ
3020 3217 3119 3280 τῆς
3167 3209 3482 3285 ἐπιμελείας
3509 3213 3751 3284 ἀξιοῦται
3787 3234 3802 3248 ⁸

385 3307 584 3378 exigit.
618 3305 720 3360 Est
748 3302 950 3371 etiam,
985 3305 1048 3356 ut
1091 3301 1172 3355 ita
1220 3301 1434 3369 dicam,
1483 3301 1700 3371 scripta
1748 3298 2028 3355 doctrinis

2144 3295 2231 3351 καὶ
2263 3293 2403 3352 ἔστιν
2437 3299 2552 3352 οἷον
2614 3296 2782 3353 εἰπεῖν
2841 3293 3114 3376 ἔγγραφος
3156 3298 3511 3366 διδασκαλίας
3567 3298 3804 3378 βεϐαίωο

384 3392 776 3459 conﬁrmatio,
808 3391 1010 3461 sicque
1041 3388 1110 3443 ad
1141 3394 1386 3460 nepotes
1418 3387 1526 3442 hoc
1576 3387 1748 3444 modo
1794 3387 2033 3459 scriptis

380 3481 778 3541 transmissio.
809 3479 1035 3550 Quippe
1059 3477 1358 3533 seniorum
1393 3476 1742 3547 depositum,
1777 3493 1846 3532 ex
1883 3477 2030 3532 scri-

380 3580 481 3646 pto
502 3573 772 3644 loquens,
804 3567 1090 3639 scriptore
1114 3566 1298 3621 utitur
1329 3565 1620 3633 ministro,
1656 3566 1726 3620 ad
1763 3567 2027 3622 traditio-

380 3679 514 3719 nem
538 3676 740 3718 eorum
765 3675 894 3728 quae
918 3656 1213 3728 leguntur.
1247 3655 1333 3711 Ad
1357 3655 1632 3711 eumdem
1667 3655 1864 3726 itaque
1901 3672 2026 3711 mo-

379 3751 521 3807 dum
553 3765 669 3822 quo
699 3752 934 3818 Magnes
968 3744 1142 3817 lapis,
1172 3743 1296 3798 aliis
1348 3744 1604 3799 materiai
1654 3745 2026 3815 conjunctus,

378 3841 599 3897 ferrum
629 3834 1268 3906 solummodn,prepter
1288 3832 1778 3890 necessitudinem
1804 3849 1921 3905 qua
1943 3833 2028 3890 illi

379 3929 459 3986 sit
488 3928 687 3994 afﬁne,
719 3925 790 3980 ad
823 3941 887 3980 se
917 3923 1130 3990 trahit;
1165 3923 1246 3978 sic
1273 3923 1447 3980 etiam
1480 3921 1634 3992 libri,
1669 3921 1836 3978 multi
1890 3939 2024 3979 cum

377 4018 501 4076 sint
529 4017 631 4090 qui
662 4014 734 4072 iis
761 4017 1089 4082 versantur,
1123 4013 1230 4070 hos
1256 4016 1490 4069 tantum
1523 4011 1895 4084 trahunt,qui
1931 4012 2021 4068 in-

372 4106 671 4181 telligendi
705 4103 924 4161 fuerint
973 4118 1238 4176 capaces.
1292 4101 1558 4159 Veritatis
1601 4102 1759 4158 enim
1811 4118 2022 4174 sermo,

374 4200 506 4255 aliis
552 4195 774 4270 quidem
822 4193 1068 4250 stultitia
1123 4193 1221 4264 (ὁ),
1282 4191 1414 4249 aliis
1467 4207 1602 4248 vero
1659 4191 2024 4254 scandalum;

372 4288 573 4360 paucis
599 4291 793 4343 autem
825 4289 918 4340 est
947 4282 1258 4356 sapientia.
1290 4282 1384 4338 Sic
1419 4279 1515 4338 Dei
1562 4280 1748 4338 virtus
1799 4280 2019 4337 inveni-

372 4383 491 4447 tur,
543 4376 682 4432 licet
729 4372 949 4430 invidia
1014 4376 1326 4445 rumpatur
1385 4370 1658 4444 gnostici.
1709 4373 2023 4443 Propterea

375 4466 585 4538 quaarit
605 4465 883 4534 etiam,an
907 4461 970 4525 »ιι
991 4463 1159 4534 pejus
1185 4461 1361 4517 fuerit
1389 4459 1630 4533 indigno
1657 4459 1906 4524 dare,vel
1930 4459 2020 4515 di-

376 4572 490 4626 gne
522 4553 678 4609 haud
712 4556 970 4626 praebere
1001 4570 1014 4610 :
1044 4569 1278 4626 praeque
1310 4552 1490 4606 nimie
1523 4565 1741 4617 amore,
1788 4548 2014 4620 pericu-

371 4644 496 4700 lum
527 4647 650 4710 est;
685 4659 756 4698 ne
790 4660 903 4700 non
937 4643 1129 4698 solum
1174 4639 1358 4708 omni,
1409 4639 1500 4694 cui
1550 4639 1770 4704 deceat,
1810 4655 2012 4695 verum

371 4732 549 4789 etiam
579 4730 874 4788 interdum
906 4731 1150 4803 indigno
1183 4729 1397 4786 fervide
1428 4727 1648 4801 petenti
1678 4727 1982 4784 communi
2008 4766 2014 4769 -

369 4826 504 4878 cet:
540 4837 654 4876 non
704 4825 944 4893 propter
993 4819 1340 4886 orationem,
1394 4816 1612 4890 quippe
1657 4834 1773 4873 non
1822 4817 2016 4873 laudis

367 4927 564 4967 amore
594 4910 989 4976 mevetur,sed
1020 4916 1255 4982 propter
1285 4905 1778 4980 perseverantiam
1813 4911 2013 4980 peten-

359 5000 463 5071 tis,
495 4998 756 5056 oratione
787 4998 1013 5071 prolixa
1035 4999 1106 5054 ad
1143 4997 1315 5053 tidem
1354 4995 1620 5052 animum
1666 4995 2013 5053 erudientis.

2143 3406 2246 3455 σις,
2279 3385 2368 3441 καὶ
2398 3386 2474 3449 είς
2504 3386 2631 3450 τοὺς
2666 3387 2955 3464 ὀψιγόνους
2987 3389 3161 3454 οὕτως
3221 3388 3312 3448 διὰ
3355 3398 3455 3463 τῆς
3498 3393 3804 3464 συντάξεως

2142 3477 2652 3552 παραπεμπομένης
2707 3481 2804 3544 τῆς
2861 3485 3072 3557 φωνῆς.
3122 3481 3186 3538 Ἡ
3242 3480 3346 3557 γὰρ
3403 3486 3510 3537 τῶν
3568 3476 3806 3558 πρεσϐυ-

2139 3566 2310 3641 τὲρων
2393 3569 2845 3642 παρακαταθήκη,
2906 3565 2998 3624 διὰ
3057 3571 3158 3639 τῆς
3228 3576 3444 3650 γραφῆς
3527 3570 3800 3644 λαλοῦσα,

2143 3655 2403 3732 ὑπουργῷ
2437 3660 2640 3732 χρῆται
2697 3661 2778 3729 τῷ
2824 3656 3088 3736 γράφοντι
3146 3660 3282 3736 πρὸς
3334 3661 3434 3729 τὴν
3489 3658 3795 3737 παράδοσιν

2136 3748 2244 3798 τῶν
2304 3744 2718 3818 ἐντευξομένων.
2756 3746 3008 3822 Καθάπερ
3067 3748 3158 3803 οὗν
3208 3751 3242 3818 ἡ
3288 3755 3557 3825 μαγνῆτις
3615 3748 3795 3823 λίθος,

2135 3835 2234 3902 τὴν
2296 3832 2474 3905 ἀλλην
2534 3832 2672 3906 ὕλην
2735 3838 3239 3912 παραπεμπομένη,
3288 3838 3450 3913 μόνον
3510 3837 3797 3918 ἐφελκεται

2137 3919 2208 3977 δι’
2237 3920 2657 3994 ἐπιτηδειότητα
2680 3925 2771 3980 τὸν
2805 3923 3030 4002 σίδηρον
3066 3945 3078 3958 ·
3115 3924 3288 3990 οὕτως
3336 3929 3424 3983 καὶ
3479 3928 3546 3983 τά
3578 3923 3798 4004 βιϐλία,

2133 4010 2364 4066 πολλῶν
2398 4007 2568 4068 ὄντων
2601 4017 2708 4068 τῶν
2741 4011 3203 4092 ἐντυγχανόντων,
3235 4015 3367 4079 τοὺς
3401 4015 3550 4082 ο⁴ίους
3576 4039 3635 4074 τε
3667 4039 3796 4075 συν-

2139 4100 2271 4156 ιέναι
2306 4101 2508 4174 μόνους
2550 4101 2841 4159 ἐπισπᾶται
2877 4123 2889 4137 ·
2925 4105 2954 4160 6
3002 4107 3106 4181 γὰρ
3149 4111 3250 4176 τῆς
3305 4105 3565 4179 ἀληθείας
3623 4105 3797 4184 λόγος

2131 4196 2251 4253 τοῖς
2303 4191 2398 4264 μεν
2446 4190 2648 4266 μωρία,
2695 4198 2811 4258 τοῖς
2860 4191 2918 4248 δὲ
2965 4192 3287 4264 σκάνδαλον,
3323 4194 3536 4272 ὀλίγοις
3592 4193 3651 4253 δὶ
3697 4218 3795 4253 σο-

2135 4279 2228 4359 φία
2257 4300 2269 4312 ·
2313 4279 2489 4344 οὕτως
2519 4281 2610 4336 καὶ
2644 4278 2873 4355 δύναμις
2919 4283 3221 4359 εὑρίσκεται
3268 4289 3404 4341 Θεοῦ
3435 4305 3448 4318 ⁸
3483 4286 3682 4365 φθόνος
3733 4282 3797 4343 δὶ

2133 4368 2294 4440 ἀπείη
2332 4371 2444 4442 (46)
2475 4375 2784 4445 γνωστικοῦ
2819 4392 2832 4405 ο
2868 4368 2958 4426 διὰ
2996 4376 3159 4428 τοῦτο
3189 4375 3289 4450 γὰρ
3339 4373 3429 4428 καὶ
3481 4379 3654 4447 ζητεῖ,
3686 4374 3793 4432 πό-

2129 4479 2284 4533 τερον
2331 4463 2523 4534 χεῖρον
2575 4459 2774 4532 ἀναξίῳ
2816 4457 3023 4534 δοῦναι,
3050 4462 3086 4532 ἢ
3127 4461 3262 4535 ἀξίῳ
3295 4464 3370 4536 μή
3405 4461 3748 4540 παραδοῦναι
3776 4483 3794 4500 ⁶

2129 4549 2219 4603 καὶ
2275 4543 2574 4603 κινδυνεύει
2636 4548 2738 4603 ὑπὸ
2793 4545 3014 4619 πολλῆς
3061 4557 3162 4620 τῆς
3221 4550 3456 4626 ἀγάπης,
3503 4553 3568 4609 οὐ
3619 4553 3792 4627 μόνον

2129 4636 2294 4693 παντὶ
2321 4641 2401 4710 τῷ
2429 4638 2784 4712 προσήκοντι,
2819 4636 2946 4694 ἀλλ’
2973 4633 3081 4694 ἔσθ’
3106 4640 3197 4696 ὅτε
3232 4641 3320 4696 καὶ
3369 4641 3569 4717 ἀναξίῳ
3619 4641 3792 4700 λιπα-

2126 4731 2237 4802 ρῶς
2271 4723 2512 4800 δεομένῳ
2539 4728 2920 4800 κοινωνήσειν,
2953 4727 3016 4783 ού
3049 4724 3139 4784 διὰ
3164 4730 3265 4800 τὴν
3304 4727 3488 4802 δέησιν
3521 4753 3535 4766 ·
3569 4731 3634 4788 ού
3682 4734 3790 4811 γὰρ

2125 4812 2407 4888 φιλοδοξεῖ
2437 4834 2451 4848 ·
2487 4813 2634 4870 ἀλλὰ
2663 4813 2754 4870 διὰ
2778 4817 2879 4886 τήν
2906 4816 3176 4891 ἐπιμονὴν
3206 4823 3304 4875 τοῦ
3335 4816 3597 4895 δεομένου
3623 4820 3795 4897 μελε-

2123 4909 2331 4967 τῶντος
2362 4901 2439 4966 εἷς
2467 4902 2646 4959 πίστιν
2673 4901 2766 4959 διὰ
2796 4904 3017 4978 πολλῆς
3043 4913 3142 4978 τῆς
3175 4904 3436 4980 δεήσεως.

432 5127 497 5191 ›ι‹
527 5123 590 5174 Ρ.
617 5119 723 5173 987
755 5119 866 5174 ED.
907 5117 1212 5174 POTTER.
1288 5117 1372 5188 (ιι)
1405 5120 1541 5171 Luc.
1574 5131 1676 5182 xu,
1709 5115 1798 5168 49.
1874 5114 1952 5185 (b)
1983 5114 2005 5169 Ι

2144 5131 2167 5168 ι.
2200 5128 2242 5181 ι,
2276 5112 2363 5169 18.

434 5244 547 5316 (43)
571 5246 641 5311 ᾝ
675 5238 844 5315 μηδὲν
876 5237 1258 5316 ἀδύνατονηῐιι
1290 5239 1618 5316 Elor._s_unt
1657 5237 1830 5292 etiam
1875 5235 2021 5316 al_t_e_-_

361 5306 486 5372 rius
519 5306 825 5387 scripturis
856 5313 1121 5387 vestigia,
1154 5313 1190 5382 ἢ
1226 5308 1395 5383 μηδὲν
1420 5306 1845 5380 ἀδύνατος,ᾳαε
1875 5309 2021 5365 nihil

357 5403 470 5444 non
500 5390 686 5459 facere
707 5387 856 5457 poti:
877 5393 986 5459 est.
1021 5387 1310 5459 Sustine.

455 5451 539 5529 at)
572 5451 838 5529 'rne'm»
873 5454 1092 5529 ἐντυγχ.
1130 5458 1253 5529 Non
1288 5456 1486 5529 minus
1512 5455 1646 5529 ap_te
1672 5451 2017 5529 sic‘legeris,

455 5474 539 5529 44)
575 5474 701 5512 ‘nte
731 5477 838 5510 των
873 5474 992 5511 εντυ
1079 5497 1092 5511 .
1131 5474 1253 5513 Non
1288 5474 1486 5510 minus
1512 5474 1646 5523 apte
1672 5474 1757 5508 sic
1785 5474 2017 5524 legeris,

364 5474 648 5614 61:3.er
712 5474 1170 5614 ἐντυγχανόέτων
1240 5526 1493 5614 ἑκάστοτε
1549 5521 2017 5614 βασανιζόμενον,

364 5548 468 5582 ι)πο
542 5548 648 5583 των
726 5548 847 5584 εντυ
890 5548 1170 5603 χανοντων
1241 5548 1493 5581 εκαστοτε
1564 5548 2017 5614 Ρασανιξομενον,

363 5593 622 5672 ἀκριϐοῦς
676 5601 774 5664 τῆς
827 5548 1119 5670 ἐξετάσεως
1191 5598 1483 5674 τυγχάνον,
1541 5592 1710 5668 ἄκρας
1771 5594 1862 5649 καὶ
1919 5601 2020 5664 τῆς

365 5663 686 5741 ἱπιμελείας
708 5671 972 5741 ἀξιοῦται.
1008 5674 1137 5730 SYL.
1461 5739 1510 5741 __
1703 5739 1713 5741 _
1803 5736 1816 5741 _

553 5693 686 5727 \EIGC
708 5693 767 5727 αε
777 5693 951 5727 ιουται
961 5715 972 5727 .
1008 5693 1137 5727 BYL.

441 5691 686 5741 ιμεΛειας
708 5691 972 5741 αξιουται.
1008 5691 1137 5730 δΥῐ...

434 5742 548 5814 (45)
582 5743 880 5818 Μαγνῆτις.
926 5741 1266 5801 Bimilitude
1325 5741 1398 5798 de
1457 5739 1750 5814 Magnetis
1801 5736 2019 5813 lapidis

2130 5241 2365 5317 natura,
2395 5242 2682 5317 usurpata
2718 5238 2900 5317 etiam
2912 5313 2921 5317 _
2950 5256 3152 5317 supra,
3184 5257 3318 5317 pag.
3365 5242 3494 5312 299,
3524 5247 3582 5300 et
3627 5247 3792 5317 apud

2129 5309 2453 5383 Philonem,
2484 5309 2696 5383 p.530,
2717 5313 2819 5367 sed
2849 5309 3300 5383 aliam—ejus're'i
3331 5309 3574 5371 causam
3597 5309 3793 5374 ad'ne-

2128 5380 2532 5509 ἔξιωὲιέῗιιόε
2587 5381 2906 5440 Broddeus
2951 5380 3180 5440 ιιιωειι.
3235 5383 3340 5441 lib.
3391 5402 3477 5456 ιιι,
3528 5403 3659 5460 cap.
3689 5389 3788 5446 29.

2139 5468 2585 5609 .“(lféingeévoe
2609 5518 2669 5608 ξι
2717 5523 2792 5578 ἀπ
2842 5529 3063 5582 Sensus
3111 5528 3222 5597 est,
3267 5526 3368 5583 Dei
3413 5529 3582 5655 (αὺείε
3625 5528 3794 5588 verbo

2139 5596 2370 5655 mmdwl
2401 5604 2658 5655 αηοδιισι.
2691 5610 2732 5652 1.
2764 5613 2816 5653 e.
2849 5596 3106 5654 hominis
3135 5599 3389 5655 anostiei
3443 5618 3480 5655 n
3528 5601 3791 5655 divinam

2128 5596 2370 5680 invidie)
2401 5596 2658 5680 gnostici,
2691 5610 2732 5652 ι.
2764 5613 2816 5680 e_.
2849 5596 3106 5680 hominis
3135 5596 3393 5680 gnostiei
3418 5596 3480 5680 in
3528 5601 3791 5680 divinam

2126 5668 2452 5749 quamdam
2483 5673 2760 5749 naturam
2791 5668 3171 5749 transmutati
3197 5686 3212 5727 :
3239 5671 3396 5744 quod
3428 5677 3627 5730 tamen
3645 5673 3793 5731 abs-

2127 5738 2242 5812 que
2272 5738 2496 5796 invidia
2524 5738 2748 5799 dictum
2776 5740 2928 5800 velo.
2961 5741 3255 5802 Sruuao.
