4124 6414
326 508 439 565 713

1147 512 1389 568 DUBIA.
1423 541 1489 552 —
1517 510 1821 567 κριοθιις
1860 505 1964 562 EX
2002 505 2433 561 SCRIPTUBIS
2468 505 2959 569 ΡΒΟΡΗΕΤΙΟΙΒ.

3657 506 3766 563 714

407 634 543 690 ΚΗ’.
588 632 708 691 Εἰσὶ
768 630 815 688 δ’
874 632 948 702 οἵ,
1011 632 1269 709 λέγοντες
1324 633 1458 689 εἶναι
1512 630 1824 711 γνωπικοῖ,
1876 634 1975 685 τοῖι

2181 629 2432 686 XXVIII.
2466 631 2619 687 Sunt
2647 649 2779 690 vero
2810 635 2911 706 qui
2944 651 3080 691 cum
3111 632 3367 707 gnostici
3400 649 3531 690 esse
3563 632 3765 690 dican-

330 722 557 785 οἰκείοις
606 724 833 801 φθνοῦσι
880 722 1096 797 μᾶλλον
1146 726 1181 795 ἢ
1224 729 1342 786 τοῖς
1390 722 1565 786 ἐκτός.
1615 724 1703 785 Ὧς
1746 719 1805 777 δὲ
1832 723 1867 791 ἡ
1902 718 1975 784 θά-

2097 722 2217 787 tur,
2251 720 2593 776 domesticis
2628 723 2817 795 magis
2849 740 3028 795 quam
3061 724 3277 780 exteris
3337 723 3631 780 invident.
3665 722 3757 780 Uti

332 811 511 869 λασσα
558 810 765 868 ἀνίεται
808 815 922 886 (47)
971 818 1154 885 πᾶσιν,
1204 812 1333 869 ἀλλ’
1381 814 1408 867 6
1448 814 1541 885 μὲν
1591 813 1844 887 νήχεται,
1878 810 1906 863 ὁ
1939 806 1975 863 δῖ

2097 824 2232 864 vero
2264 808 2541 864 omnibus
2575 814 2735 883 patet
2767 828 2926 867 mare
2955 812 3235 882 liberum,
3285 813 3387 869 sed
3435 812 3588 869 alius
3624 813 3757 886 qui-

330 901 691 979 ὲμπορεύται,
723 900 844 958 ὁδὶ
896 902 1111 977 ἀγρεύει
1158 900 1287 965 τοὺς
1339 901 1518 978 ίχθῦς.
1573 901 1673 956 Καὶ
1726 902 1801 962 ὡς
1840 902 1876 969 ἡ
1920 905 1991 974 γῆ

330 994 515 1063 κοινὴ,
568 989 697 1047 ἀλλ’
729 992 757 1046 6
793 992 887 1065 μὲν
936 988 1136 1060 ὁδεύει,
1163 992 1191 1046 6
1228 989 1286 1047 δὶ
1322 993 1468 1067 ἅιροῖ⁹
1498 992 1639 1065 θηρᾶ
1688 987 1746 1045 δὲ
1788 985 1995 1064 ἕτερος,

329 1080 421 1137 καί
462 1103 547 1145 τις
584 1078 760 1143 ἄλλος
812 1079 1061 1153 μέταλλα
1113 1080 1301 1154 ἐρευνᾷ
1349 1083 1485 1152 (48),
1520 1080 1547 1134 6
1575 1077 1632 1134 δὲ
1686 1075 1992 1151 οἷ’κοδομεῖ·

330 1170 507 1233 οὕτως
547 1170 636 1225 καὶ
681 1176 785 1239 τῆς
838 1173 1056 1248 Γραφῇς
1108 1171 1637 1245 ἀναγινωσκομένης,
1688 1170 1717 1222 6
1769 1166 1863 1241 μὶν
1916 1166 1995 1229 εἷς

328 1260 532 1328 πίστιν,
563 1260 591 1314 6
624 1256 682 1314 δὶ
724 1258 800 1322 είς
847 1259 979 1328 ἦθος
1030 1257 1348 1330 ὠφελεῖται,
1380 1259 1691 1333 ἀπαιρεῖται
1726 1255 1782 1312 δὲ
1818 1254 1992 1318 ἄλλος

328 1346 761 1423 δεισιδαιμονίαν
806 1350 941 1423 (49),
1000 1346 1083 1412 δις
1138 1355 1237 1418 τῆς
1295 1348 1641 1425 ἐπιγνώσεως
1685 1350 1793 1402 τῶν
1848 1365 1991 1421 πραο

328 1440 583 1512 γμάτων·
645 1438 673 1492 6
732 1434 790 1493 δὲ
858 1436 1128 1508 ἀθλητὴς.
1204 1438 1473 1514 γνωρίσας
1540 1436 1603 1491 τὸ
1654 1433 1868 1490 στάδιον
1926 1432 1991 1489 τὰ

326 1527 733 1602 Ὀλυμπιακὸν,
782 1525 1147 1583 ἰπαποδύεται
1188 1530 1258 1602 τῇ
1318 1525 1644 1597 διδασκαλείᾳ
1700 1527 1789 1580 καὶ
1841 1523 1990 1579 ἀλω-

322 1616 554 1687 νίζεται,
586 1616 677 1673 καὶ
720 1616 1021 1692 νικηφόρος
1069 1617 1299 1692 γίνεται,
1348 1615 1475 1678 τοὺς
1521 1613 1855 1677 ἀντιπάλους
1899 1615 1987 1668 καὶ

325 1706 770 1783 κατατρέχοντας
820 1713 920 1776 τῆς
983 1712 1292 1781 γνωστικῆς
1351 1703 1479 1760 ὁδοῦ
1535 1704 1988 1781 παρακρουσάμε-

321 1818 417 1859 νος
469 1796 559 1852 καὶ
615 1796 1044 1871 ἀγωνισάμενος.
1096 1793 1397 1869 ’Δναγκαία
1442 1795 1543 1870 γὰρ
1591 1796 1627 1863 ἡ
1658 1794 1854 1869 γνῶσις
1898 1792 1987 1847 καὶ

323 1884 463 1959 πρὸς
507 1888 697 1961 ψυχῆς
750 1884 1053 1960 γυμνασίαν
1100 1886 1191 1939 καὶ
1249 1884 1383 1958 πρὸς
1442 1883 1747 1956 σεμνότητα
1793 1881 1985 1952 ἤθους,

321 1974 863 2050 ἀξιεντρεπτοτὲρους
920 1978 1153 2029 ποιοῦσα
1219 1972 1347 2035 τοὺς
1416 1972 1666 2043 πιστοὺς,
1722 1971 1814 2026 καὶ
1868 1974 2060 2067 τῶνΒ

318 2064 657 2138 πραγμάτων
702 2058 948 2139 ἀκριϐεῖς
1000 2062 1212 2125 θεατάς.
1264 2062 1354 2124 Ὠς
1402 2062 1505 2137 γὰρ
1565 2062 1668 2116 οὑκ
1718 2058 1828 2116 ἔστι
1876 2080 1979 2114 πι-

322 2156 541 2207 στεῦσαι
581 2154 701 2208 ἄνευ
749 2154 1139 2228 κατηχήσεως,
1191 2151 1363 2214 οὕτως
1407 2148 1534 2207 οὐδὲ
1582 2144 1978 2206 καταλαϐέσθαι

327 2238 451 2297 ἄνευ
481 2240 746 2317 γνώσεως.

390 2531 507 2600 ΚΘπ
543 2530 665 2581 Τῶν
708 2525 812 2600 γὰρ
862 2524 1183 2602 εὐχρήστων
1240 2525 1329 2580 καὶ
1390 2524 1695 2602 ἀναγκαίων
1899 2527 1976 2591 είς

311 2613 611 2691 σωτηρίαν,
653 2614 769 2669 οῖον
812 2616 1020 2690 Ηατρὸς
1066 2614 1155 2669 καὶ
1206 2614 1335 2668 Υἱοῦ
1379 2613 1471 2669 καὶ
1515 2613 1676 2689 ἁγίου
1724 2616 1973 2690 Πνεύμα-

309 2724 430 2775 τος,
477 2702 624 2760 ἀλλὰ
656 2703 746 2759 καὶ
800 2708 903 2770 τῆς
947 2703 1219 2780 ἡμετερας
1261 2706 1449 2779 ψυχῆς
1491 2700 1573 2759 δεῖ
1620 2706 1838 2769 πάντως
1884 2706 1974 2761 καὶ

308 2793 403 2848 τὸν
436 2798 563 2869 περῖ
605 2794 788 2849 αὐτῶν
848 2792 1035 2869 λόγον,
1091 2791 1150 2856 ὅς
1206 2791 1317 2847 ἐστι
1373 2794 1700 2869 γοωστικὸς,
1760 2791 1972 2869 εὔχρη-

312 2903 436 2937 στον
465 2883 610 2955 ὁμοῦ
639 2883 731 2937 καὶ
762 2883 1046 2960 ἀναγκαῖον
1096 2880 1410 2958 τυγχάνειν.
1443 2885 1575 2944 Τοῖς
1628 2879 1686 2937 δὲ
1734 2884 1821 2937 καὶ
1870 2884 1967 2952 τὴν

309 2972 647 3045 προστασίαν
681 2971 1121 3046 ὲπανῃρημὲνοις
1164 2974 1261 3025 τοῦ
1310 2968 1543 3048 ὠφελεῖν
1597 2968 1904 3046 εὔχρηστος
1934 2975 1969 3042 ἡ

313 3060 650 3135 πολυπειρία
698 3061 837 3136 πρὸς
885 3061 949 3117 τὸ
985 3062 1061 3134 μή
1096 3058 1369 3115 διαλαθεῖν
1398 3082 1450 3115 τι
1501 3065 1609 3115 τῶν
1661 3059 1968 3116 δοκούντων

312 3152 441 3226 παρ’
486 3149 686 3213 ἄλλοις
741 3150 1047 3225 ἀναγκαίως
1088 3151 1179 3205 καὶ
1236 3148 1576 3223 πολυμαθῶς
1627 3148 1967 3227 ἐνεγνῶσθαι.

314 3240 473 3314 Φέρει
510 3237 569 3295 δὲ
606 3238 697 3295 καὶ
757 3238 903 3310 ἄλλη
954 3239 1347 3315 συγγυμνασίαν
1405 3243 1513 3311 (51)
1561 3243 1747 3315 ψυχῆς
1797 3241 1972 3311 ξητη-

310 3336 471 3400 τικῆς
519 3331 555 3399 ἡ
612 3336 715 3399 τῆς
796 3327 1114 3404 ὲτεροδόξου
1174 3325 1530 3391 διδασκαλίας
1591 3326 1819 3401 ἔκθεσις,
1878 3329 1967 3384 καὶ

311 3418 714 3489 ἀνεξαπάτητον
754 3424 857 3488 τῆς
905 3416 1146 3488 ἀληθοῦς
1195 3419 1306 3491 (52)
1352 3420 1512 3489 τηρεῖ
1556 3418 1648 3473 τὸν
1698 3419 1969 3491 μαθητὴν,

307 3507 793 3581 περισαλπίζεσθαι
894 3508 1158 3561 πάντοθεν
1224 3503 1335 3577 ἤδη
1437 3506 1965 3582 προμεμελετηκότα

304 3602 427 3661 τοῖς
453 3595 788 3671 πολεμικοῖς
817 3595 1095 3671 ὀργάνοις.

379 3796 463 3853 Α’.
513 3796 628 3852 Τοῦ
684 3796 991 3867 γνωστικοῦ
1035 3790 1232 3866 νόμου,
1287 3791 1525 3867 καθάπερ
1586 3790 1803 3869 λέγουσι
1860 3794 1961 3863 τήν

304 3887 527 3962 Κρήτην
587 3880 782 3960 ἄγονον
842 3886 975 3937 εἶναι
1034 3880 1241 3955 θηρίων
1305 3880 1654 3958 ὀλεθρίων,ὁ
1691 3881 1808 3957 βίος
1864 3904 1960 3938 κα-

307 3974 474 4051 θαρὸς
521 3972 627 4027 ἀπὸ
676 3972 877 4033 παντὸς
934 3974 1181 4047 πονηροῦ
1224 3968 1384 4046 ἔργου
1435 3991 1494 4025 τε
1540 3973 1631 4025 καὶ
1686 3973 1966 4045 νοήματος

305 4063 401 4119 καὶ
450 4061 647 4139 λόγου,
697 4058 821 4117 οὕτε
875 4060 1073 4136 ἐχθρὸν
1124 4058 1351 4134 ἔχοντος
1394 4060 1458 4115 τὸ
1504 4061 1779 4135 παράπαν,
1819 4059 1967 4117 ἀλλὰ

301 4151 397 4207 καὶ
453 4151 652 4231 φθόνου
701 4149 791 4205 καὶ
825 4149 1034 4223 μίσους,
1086 4148 1177 4203 καὶ
1232 4146 1589 4229 βλασφημίας
1639 4148 1818 4220 πάσης
1866 4152 1958 4204 καὶ

314 4235 581 4311 διαϐολῆς
601 4239 754 4302 ἐκτὸς
787 4234 958 4294 ὄντων
992 4239 1129 4312 (53).

387 4349 518 4403 AA'.
559 4349 645 4402 ’Ev
702 4344 903 4418 πολλῷ
948 4349 1029 4417 τῷ
1090 4344 1197 4420 βίῳ
1259 4345 1586 4420 μακαριστὸς
1645 4345 1707 4400 οὗ
1757 4342 1846 4401 διὰ
1895 4348 1958 4402 τὸ

314 4435 525 4512 μακρὸν
572 4436 858 4509 γενόμενος
916 4437 1037 4508 ζῇν,
1067 4433 1203 4509 ᾦγε
1256 4433 1346 4488 καὶ
1403 4431 1493 4489 διὰ
1540 4435 1603 4489 τὸ
1655 4440 1813 4505 ζῆσαι
1871 4435 1962 4490 καὶ

308 4524 551 4598 ὑπῆρξεν
612 4523 744 4598 ἀξίῳ
797 4527 896 4580 τοῦ
953 4526 1052 4596 ζῇν
1112 4520 1192 4576 ἀεὶ
1251 4521 1499 4597 γενέσθαι
1755 4520 1962 4581 Ούδένα

307 4612 760 4686 Αελύπηκεν,δτι
812 4618 890 4686 μῆ
937 4611 1018 4683 τῷ
1069 4608 1221 4699 Λύγῳ
1272 4606 1545 4699 παιδεύων
1592 4610 1719 4674 τοὺς
1768 4610 1957 4681 ἡλκω-
1992 4634 2039 4699 D

311 4704 513 4780 μίνους
541 4704 643 4772 τὴν
691 4699 941 4779 καρδίαν,
988 4697 1229 4773 καθάπερ
1282 4697 1465 4772 μέλιτι
1517 4700 1794 4775 σωτηρίῳ,
1824 4699 1961 4776 γλυ-

381 4847 447 4913 »ι
482 4838 547 4896 P.
576 4838 686 4894 oss
714 4836 827 4894 eo.
857 4834 1166 4893 POTTER.

528 4970 785 5029 Ἀνίεται.
838 4969 1057 5051 Malim,
1091 4967 1296 5022 ἀνεῖται
1338 4970 1491 5038 π’ἄςι,
1548 4972 1857 5044 expositum
1885 4975 1965 5028 εει

384 5063 470 5101 im
508 5062 593 5101 us.
626 5048 776 5101 natet
805 5041 1078 5099 omnibus.
1108 5041 1397 5097 Susum.

311 5041 607 5117 minibus.
624 5048 776 5117 patet
805 5041 1078 5117 omnibus.
1108 5041 1397 5117 gymnas.

386 5118 498 5188 (48)
531 5110 798 5174 meeum
852 5111 1059 5187 ἐρευνᾷ.
1114 5112 1261 5188 Flo_r.
1282 5182 1297 5188 Δ
1319 5116 1379 5168 et
1409 5112 1516 5188 ΑΗ..
1539 5129 1728 5188 λωεξ..
1764 5110 1976 5188 μεγάλα

307 5180 523 5265 ἰρίυνᾷ,
561 5180 1137 5265 ηιαοιιαῌεότμιαίιιι-ζ.
1189 5182 1302 5265 Sed
1354 5180 1610 5265 μέταλλα
1661 5180 1976 5258 legendum

309 5253 833 5327 e'sse,'recte'vidit
856 5256 1033 5327 etiam
1074 5257 1226 5327 get
1250 5253 1438 5327 H._In.

385 5322 899 5406 (49)_'A_§qtpeitgt
926 5322 1014 5406 _8E
1058 5322 1575 5406 ,ἄλλοςΛδεινη-Η.
1640 5344 1756 5406 nis,
1816 5328 1975 5406 ἀφαι-

303 5396 492 5480 prfecti
519 5396 799 5480 arma
833 5400 946 5480 sed
979 5397 1137 5472 vulg.
1172 5396 1341 5480 l_ectio
1375 5399 1602 5480 melior.
1640 5401 1719 5480 In.

382 5476 499 5547 (50)
566 5475 729 5531 Ἄνευ
783 5466 1245 5547 γνώσεως·’τῷν
1340 5467 1466 5547 γὰρ.
1532 5466 1818 5547 εὐχήστων
1864 5469 1978 5547 ..καὶ

300 5538 505 5621 ἀναγκ.
562 5547 727 5621 Haud
785 5538 909 5621 acip
962 5559 1036 5621 an
1097 5540 1288 5621 verior
1354 5538 1666 5621 scriptura
1707 5538 1979 5621 sit,__&vau

300 5610 564 5693 γνώσεως
619 5620 728 5672 τῶν
787 5619 922 5689 γοῦν
985 5611 1307 5693 εὐχρήστων
1370 5610 1495 5693 καὶ-ζ
1537 5612 1724 5689 ἀναγκ.
1776 5610 1984 5693 Absque

291 5684 632 5763 éogm’tione
677 5684 894 5763 eordm_
919 5684 1141 5758 quidem
1188 5697 1316 5757 qua”;
1361 5686 1531 5741 utilia
1570 5694 1623 5742 et
1651 5684 1985 5743 'necessa'ria

292 5759 437 5821 suis!
470 5763 542 5821 ad
572 5762 836 5818 salutem.
873 5759 963 5816 In.

390 5836 506 5909 (51)
526 5829 712 5904 Ἄλλη
744 5850 898 5906 συγγ.
926 5826 1066 5902 Legi
1090 5824 1266 5884 etiam
1287 5829 1486 5900 potest
1511 5821 1690 5897 ἄλλην
1715 5844 1873 5903 συγγ.
1898 5827 1983 5886 In.

660 5954 930 6017 Pauca.
977 5948 1093 6013 Ga.
1136 5945 1247 6010 1x.

2100 897 2233 953 dem
2266 898 2325 953 in
2374 898 2578 955 eodem
2624 904 2809 971 natat,
2856 899 3009 957 alius
3052 906 3448 959 mercaturam
3506 906 3756 974 exercet,

2098 986 2459 1059 piscaturam
2475 1005 2608 1044 vero
2628 988 2764 1044 facit
2784 988 2955 1045 alius.
2974 991 3227 1047 Etsicuti
3240 996 3397 1049 terra
3417 991 3753 1049 communis

2099 1081 2209 1147 est,
2235 1077 2389 1133 alius
2420 1081 2633 1145 tamenf
2674 1077 2734 1134 in
2749 1080 3083 1136 eademiter
3098 1081 3417 1151 facit,a|ius
3432 1089 3753 1151 arat,vena-

2098 1170 2194 1221 tur
2226 1166 2654 1236 alius,metalla
2668 1173 2967 1225 scrutatur
2987 1169 3472 1243 aliusquis,alius
3501 1173 3753 1244 denique

2099 1256 2369 1324 aediﬁcat,
2419 1258 2503 1313 sic
2552 1257 2989 1329 Scripturarum
3041 1258 3310 1328 lectione,
3366 1259 3462 1316 hic
3510 1260 3751 1332 quidem

2099 1346 2171 1399 ad
2205 1344 2401 1415 ﬁdem,
2439 1348 2508 1402 ad
2546 1363 2738 1403 mores
2769 1347 3094 1403 aediﬁcatur
3122 1347 3243 1416 ille,
3274 1350 3750 1421 superstitionem

2098 1433 2252 1490 alius
2281 1435 2542 1507 deponit,
2578 1452 2786 1509 nempe
2816 1438 2972 1508 quod
3006 1454 3098 1494 res
3124 1438 3363 1510 penitus
3402 1443 3744 1511 cognoscat.

2097 1524 2199 1581 Ille
2230 1542 2363 1581 vero
2389 1527 2489 1597 qui
2522 1528 2683 1600 pugil
2703 1532 2812 1595 est,
2832 1544 2898 1582 ac
2915 1530 3175 1584 stadium
3191 1526 3598 1602 Olympiacum
3617 1545 3752 1602 pro-

2096 1613 2167 1671 be
2198 1614 2500 1688 intelligit,
2529 1617 2796 1673 doctrina
2816 1618 3178 1690 capessenda
3194 1618 3451 1690 exuitur,
3475 1635 3543 1676 ac
3567 1622 3754 1675 certat

2093 1704 2397 1776 victorque
2427 1705 2641 1775 evadit,
2670 1707 2772 1761 viae
2803 1707 3087 1779 gnosticae
3119 1707 3487 1764 adversarios
3521 1708 3621 1781 qui
3659 1723 3749 1765 se-

2095 1799 2212 1849 met
2232 1800 2558 1865 opponunt,
2582 1794 2884 1867 depellens
2916 1800 3088 1866 atque
3119 1796 3380 1868 palmam
3413 1801 3742 1869 reportans.

2091 1883 2317 1954 Quippe
2349 1884 2681 1939 necessaria
2709 1884 2946 1956 quidem
2965 1888 3055 1940 est
3076 1886 3344 1953 scientia,
3367 1891 3495 1942 tum
3519 1888 3591 1943 ad
3614 1886 3741 1943 ani-

2092 1989 2198 2027 mae
2229 1972 2730 2040 exercitationem,
2778 1978 2904 2029 tum
2947 1974 3020 2029 ad
3068 1990 3299 2031 morum
3348 1976 3739 2049 honestatem,

2090 2079 2339 2134 quasque
2370 2063 2643 2136 agiliores
2663 2081 2899 2137 semper
2929 2064 3129 2121 ﬁdeles
3161 2066 3385 2138 reddat,
3420 2071 3596 2140 atque
3644 2084 3741 2125 ac-

2091 2157 2327 2209 curatos
2359 2169 2555 2209 rerum
2586 2153 2968 2226 inspectores.
3003 2155 3090 2209 Ad
3125 2155 3399 2212 eumdem
3430 2156 3589 2213 enim
3611 2172 3741 2213 mc—

2090 2243 2233 2298 dum
2266 2247 2334 2297 ut
2362 2242 2583 2313 absque
2613 2243 2905 2299 catechesi
2934 2244 3024 2300 vel
3063 2243 3436 2301 institutione
3465 2246 3589 2301 ﬁeri
3623 2262 3743 2303 non

2089 2336 2281 2403 potest
2306 2330 2391 2387 uti
2421 2332 2623 2388 credat
2655 2332 2815 2404 quis,
2848 2332 2934 2389 sic
2985 2348 3176 2405 neque
3223 2332 3350 2389 sine
3393 2334 3643 2392 scientia
3683 2344 3747 2392 ut

2089 2420 2572 2492 comprehendat.

2158 2528 2352 2584 XXIX.
2388 2527 2515 2583 Non
2547 2528 2741 2585 solum
2772 2527 2936 2585 hisce
2966 2545 3095 2601 quae
3129 2530 3369 2602 quidem
3392 2531 3464 2587 ad
3490 2530 3742 2589 salutem

2090 2615 2258 2671 utilia
2288 2620 2345 2672 et
2376 2616 2707 2672 necessaria
2737 2621 2897 2684 sunt,
2946 2634 3157 2690 nempe
3200 2618 3390 2687 Patre,
3459 2619 3623 2690 Filio,
3674 2636 3742 2676 ac

2084 2704 2301 2776 Spiritu
2337 2710 2566 2771 sancto,
2597 2706 2701 2761 sed
2732 2712 2791 2761 et
2822 2722 3001 2778 opera
3031 2706 3241 2761 animas
3261 2712 3476 2764 nostris
3507 2724 3740 2781 semper

2084 2810 2234 2864 opus
2262 2798 2371 2861 est,
2404 2798 2585 2865 utque
2608 2793 2756 2849 ratio
2786 2811 2914 2865 qua:
2945 2795 3017 2851 de
3047 2795 3163 2851 illis
3184 2801 3295 2865 est,
3318 2812 3447 2868 qua
3467 2798 3739 2870 gnostica

2083 2886 2340 2948 vocatur,
2376 2879 2536 2936 utilis
2569 2880 2748 2936 simul
2777 2887 2956 2953 atque
2988 2885 3323 2940 necessaria
3351 2886 3447 2941 sit.
3479 2886 3586 2943 His
3626 2904 3735 2944 au-

2082 2974 2198 3024 tem
2222 2969 2324 3040 qui
2354 2969 2678 3041 praelatum
2708 2986 2928 3026 munus
2960 2977 3369 3044 susceperunt,
3402 2973 3612 3030 utaliis
3637 2976 3737 3032 be-

2080 3058 2753 3129 nefaciant,experientia
2774 3058 2961 3115 multa
2982 3060 3163 3129 utilis,
3189 3067 3254 3117 ut
3274 3078 3345 3118 ne
3362 3063 3504 3134 quid
3527 3079 3732 3121 eorum

2080 3144 2259 3201 lateat
2288 3145 2444 3217 illos,
2478 3164 2609 3219 quae
2636 3149 2707 3203 ab
2740 3148 2873 3205 aliis
2919 3150 3272 3218 necessario,
3322 3152 3423 3223 qui
3471 3152 3737 3211 doctrina

2081 3235 2268 3291 multa
2298 3238 2516 3293 fuerint
2547 3237 2783 3303 imbuti,
2828 3238 3064 3310 cognita
3104 3239 3434 3297 videantur.
3489 3243 3739 3316 Insuper

2064 3318 2349 3381 doctrina
2379 3325 2788 3382 haereticorum
2813 3329 3177 3399 exponenda,
3202 3330 3449 3386 alteram
3475 3332 3737 3389 animam

2084 3414 2389 3470 exercendi
2423 3432 2627 3470 curam
2660 3416 2850 3483 aﬂ‘ert,
2881 3422 2938 3472 et
2960 3416 3319 3489 discipulum
3342 3420 3413 3475 ab
3435 3422 3736 3479 erroribus

2080 3505 2406 3560 immunem
2442 3510 2705 3576 praestat,
2736 3504 2840 3577 qui
2882 3505 3100 3578 ubique
3148 3507 3563 3567 instrumentis
3610 3510 3732 3567 bel-

2071 3592 2201 3649 licis
2233 3593 2527 3667 clangere,
2578 3594 2705 3665 jam
2761 3594 2955 3651 animo
3010 3601 3252 3668 paratus
3302 3615 3370 3656 ac
3415 3599 3729 3657 institutus

2072 3685 2170 3742 sit.

2144 3793 2332 3847 XXX.
2385 3791 2554 3863 Legis
2602 3793 2881 3864 gnosticas
2930 3793 3129 3866 (sicuti
3177 3797 3249 3853 de
3280 3800 3451 3855 Creta
3497 3799 3721 3865 dicunt,

2074 3881 2231 3952 quod
2264 3881 2485 3937 bestias
2518 3881 2781 3938 exitiales
2824 3899 3031 3955 parum
3077 3886 3387 3959 producat)
3439 3889 3512 3944 ab
3566 3891 3727 3947 omni

2074 3987 2251 4042 pravo
2273 3986 2466 4041 opere,
2502 3970 2685 4025 animi
2734 3986 2938 4042 sensu,
2987 3988 3053 4029 ac
3097 3990 3372 4031 sermone
3420 3984 3511 4033 est
3559 3995 3727 4050 pura,

2076 4076 2181 4115 nec
2213 4075 2456 4130 prorsus
2486 4059 2796 4114 inimicum
2830 4060 3028 4126 habet,
3062 4065 3164 4118 sed
3196 4069 3362 4120 extra
3394 4066 3625 4122 invidiae
3660 4084 3728 4124 ac

2074 4150 2214 4217 odii,
2244 4166 2309 4205 ac
2340 4148 2723 4220 blasphemiae
2745 4151 3059 4222 omnisque
3079 4153 3391 4209 calumniae
3415 4154 3601 4211 aleam
3631 4173 3731 4229 po-

2075 4238 2190 4295 sita
2218 4243 2326 4293 est.

2218 4344 2419 4401 XXXI.
2438 4343 2825 4416 Longmvitate
2847 4345 3055 4401 beatus
3069 4350 3159 4401 est
3189 4348 3288 4405 ille
3315 4348 3731 4421 celebrandus,

2075 4451 2189 4489 non
2223 4434 2322 4505 qui
2355 4433 2577 4489 multos
2605 4432 2666 4488 in
2700 4450 2886 4489 annos
2916 4435 3148 4505 vixerit,
3181 4438 3283 4492 sed
3318 4439 3417 4510 qui
3452 4441 3723 4511 vivendo,

2074 4523 2350 4595 quodque
2380 4520 2622 4587 exstitit,
2656 4522 2779 4576 vita
2808 4527 3025 4579 aeterna
3050 4540 3115 4578 se
3134 4525 3382 4598 dignum
3431 4531 3727 4599 praestitit.

2072 4609 2377 4667 Neminem
2406 4608 2653 4663 tristitia
2684 4609 2898 4674 aﬂ‘ecit,
2924 4616 3342 4683 praeterquam,
3365 4615 3507 4673 dum
3532 4620 3731 4675 animo

2073 4699 2441 4759 exulceratos
2472 4697 2795 4770 castigarit,
2826 4698 3073 4755 salutari
3111 4704 3280 4772 quasi
3326 4704 3522 4777 melle,
3573 4710 3732 4780 quod

2144 4969 2262 5043 (52)
2317 4968 2431 5040 Τῆς
2470 4962 2755 5043 ἀληθοῦς.
2823 4967 2955 5043 Legi
3012 4973 3207 5041 potest
3272 4969 3573 5043 τάληθοῦς.
3633 4981 3739 5033 aut

2082 5037 2211 5113 cum
2242 5037 2628 5113 praecedente
2702 5037 2968 5095 membro
3013 5037 3418 5113 'repetendum
3487 5041 3738 5101 διδασκαο

2087 5110 2236 5172 λίας.
2268 5112 2549 5167 εγωυεια.

2159 5182 2272 5256 (53)
2301 5182 2990 5257 0vrwv,_Congruentiu8
3045 5175 3219 5257 ίξντος,
3278 5184 3567 5257 singulari
3621 5205 3737 5245 nu-

2087 5252 2282 5327 mero;
2316 5258 2381 5309 ut
2413 5252 2587 5327 paulo
2608 5252 2743 5309 ante
2763 5270 3019 5327 exovrog.
3053 5253 3137 5327 In.

2157 5324 2275 5415 (54)
2295 5323 2430 5415 “'9‘
2448 5344 2605 5415 γεεζ..
2658 5323 2962 5415 γεχὲοθοινιλ
2982 5323 3159 5415 Paulo
3216 5329 3659 5415 congruentius,
3690 5331 3738 5402 ᾧ

2084 5392 2266 5475 γε’καῖ
2292 5392 2382 5449 διὰ
2408 5392 2477 5475 τὸ
2505 5392 2754 5475 ζῆσαιῖεῦ
2783 5392 3019 5475 ’ὑπῆρξεν
3060 5393 3217 5475 ἄξιον
3261 5392 3360 5451 τοῧ
3387 5398 3504 5475 ζῇν,
3536 5398 3617 5475 ἀεὶ
3643 5392 3741 5475 γαί.

2087 5468 2289 5544 νὲσθαι·
2322 5470 2418 5523 cui
2440 5468 2613 5524 etiam
2637 5468 2705 5522 ob
2736 5469 2912 5544 vitam
2956 5474 3099 5544 recte
3138 5475 3336 5534 actam,
3366 5474 3483 5544 vita
3513 5468 3745 5544 dignum

2087 5543 2468 5619 [eratlsemper
2496 5555 2631 5619 esse‘
2654 5540 3025 5619 superstitem.
3060 5540 3280 5619 segetis
3313 5547 3430 5619 est,
3463 5541 3515 5596 tv
3536 5540 3747 5619 πολλῷ

2084 5605 2167 5681 τῷ
2201 5610 2305 5738 βίιὲι
2339 5605 2673 5695 μακαριστδς
2716 5605 3013 5682 γενόμενος
3044 5607 3107 5662 οὐ
3126 5605 3252 5700 διὰ.
3272 5611 3336 5666 τὸ
3384 5605 3588 5701 μακρὸδ
3624 5605 3745 5692 ζῆν’,

2092 5680 2243 5739 ἀλλὰ
2308 5683 2361 5738 ιὰ
2388 5682 2450 5736 τὸ
2478 5679 2535 5735 εὖ
2585 5685 2702 5751 ζῃν,
2732 5680 2818 5735 καὶ
2870 5676 2960 5734 διὰ
3004 5680 3067 5735 τὸ
3100 5700 3157 5735 ευ
3189 5686 3369 5751 ζησαι,
3399 5705 3496 5741 του
3525 5687 3607 5744 ἀεὶ
3649 5693 3745 5751 ζῆν

2092 5685 2243 5739 ἀλλὰ
2272 5685 2361 5738 διὰ
2388 5685 2450 5736 τὸ
2478 5685 2535 5735 εὖ
2585 5685 2702 5753 ζῇν,
2732 5685 2818 5735 καὶ
2870 5685 2960 5734 διὰ
3004 5685 3067 5735 τὸ
3100 5685 3157 5735 εὖ
3189 5685 3504 5753 ζῆσαι,⁷τοῦ’
3525 5687 3607 5744 ἀεὶ
3637 5685 3745 5762 ξῆν

2092 5754 2246 5827 ἄξιος
2277 5754 2546 5832 γενεσθαι.
2576 5753 2660 5811 ID.

3353 5948 3427 6005 23
