4124 6432
342 499 453 556 717

1152 498 1397 553 ΒΠΒῘΔ.
1430 525 1498 535 -
1527 492 1828 550 ECLOGB
1866 493 1966 547 EX
2003 491 2433 551 SCRIPTURYS
2474 500 2965 557 PROPHETlCIS.

3665 502 3774 560 718

345 623 440 678 καὶ
474 628 578 692 τῆς
607 618 1032 699 παραφροσύνης
1065 620 1470 694 ἀνεγειρόμενοι
1491 617 1580 672 καὶ
1611 609 2011 687 ἀναϐλέψαντες

2139 622 2379 677 trantur.
2414 621 2568 677 Beati
2604 640 2737 679 vero
2768 627 2889 697 qui,
2924 644 2988 682 ex
3037 643 3246 685 somno
3290 627 3399 684 hoc
3446 629 3774 686 dementia-

345 713 412 768 τὸ
453 716 575 792 φῶς
605 710 696 766 καὶ
723 710 824 779 τὴν
857 707 1142 780 ἀλήθειαν.

428 897 536 961 AC’.
573 894 666 944 Δεῖ
691 889 871 944 τοίνυν
906 886 1096 955 ἐπίσης
1124 890 1203 959 τῷ
1237 884 1562 961 βουλομένῳ
1586 885 1647 939 τὸ
1692 882 2012 955 πειθόμενον

352 979 504 1057 ἔχειν
534 980 628 1034 τὸν
664 976 937 1050 μαθητὴν,
965 976 1056 1029 καὶ
1084 979 1163 1043 τῷ
1194 972 1349 1046 πόθῳ
1376 973 1476 1041 τήν
1509 974 1688 1027 πίστιν
1721 969 2014 1046 ἐγκαταμί-

353 1067 842 1144 ξαντα,γυμνάζειν
867 1064 958 1119 καὶ
995 1064 1223 1137 μελετᾷν
1251 1064 1505 1117 ἑκάστοτε
1534 1062 1671 1137 πρὸς
1702 1060 1886 1115 ἑαυτὸν
1909 1061 2009 1128 τήν

352 1165 464 1215 τῶν
498 1156 873 1233 θεωρημάτων
906 1152 1168 1223 ἀλήθειαν
1198 1152 1529 1226 ἐξετάζοντα.
1565 1148 1815 1207 Ἐπειδὰν
1849 1148 1907 1204 δὲ
1955 1148 2012 1204 εὗ

350 1246 502 1325 ἔχειν
561 1244 710 1317 αὐτῷ
770 1241 928 1317 δοκῇ,
959 1242 1083 1298 τότε
1140 1240 1206 1311 δὴ
1259 1241 1348 1296 καὶ
1408 1239 1486 1302 εἰς
1540 1241 1636 1301 τὰς
1690 1242 1798 1293 τῶν
1843 1236 2015 1301 πέλας

351 1339 612 1408 ζητήσεις
634 1333 915 1398 καθιέναι·
948 1330 1063 1386 ἐπεὶ
1093 1332 1184 1385 καὶ
1216 1332 1268 1385 οἱ
1296 1330 1498 1385 νεοττοὶ
1530 1330 2015 1403 προσαποπειρῶν-

351 1446 441 1483 ται
471 1428 589 1499 (59)
618 1427 716 1479 τοῦ
746 1421 971 1477 πετάσαι
1012 1419 1099 1475 ἐπὶ
1137 1425 1237 1489 τῆς
1283 1418 1502 1489 καλιᾶς,
1532 1417 1897 1493 γυμνάσαντες
1947 1416 2014 1470 τά

352 1516 547 1589 πτερά.

429 1605 545 1663 AZ’.
586 1604 651 1661 Ἥ
680 1603 784 1678 γάρ
814 1601 980 1676 ἀρετὴ
1013 1601 1048 1670 ἡ
1080 1599 1354 1674 γνωστικὴ
1387 1599 1669 1672 πανταχοῦ
1707 1592 1877 1649 καλὸν
1921 1592 2012 1647 καὶ

354 1700 531 1773 πρᾶον
561 1694 651 1748 καὶ
704 1685 1005 1756 ἀϐλαϐλὲς,
1036 1690 1124 1745 καὶ
1169 1686 1403 1755 ἄλυπον,
1446 1686 1538 1741 καὶ
1601 1686 1889 1758 μακάριον,
1920 1684 2010 1741 καὶ

354 1781 886 1860 παρεσκευασμένον,
920 1777 1112 1853 ἄριστά
1141 1777 1235 1850 μὲν
1270 1775 1486 1849 ὁμιλεῖν
1536 1773 1697 1829 παντὶ
1752 1778 1831 1845 τῷ
1862 1773 2011 1845 θείῳ,

355 1872 549 1950 ἄριστα
598 1868 645 1926 δ’
694 1869 1027 1945 ἀνθρώποις,
1057 1866 1390 1937 θεωρητικὸν
1440 1864 1581 1936 ὁμοῦ
1638 1863 1727 1917 καὶ
1788 1882 2016 1937 πρακτι-

354 1964 454 2018 κὸν
512 1958 737 2038 ἄγαλμα
795 1962 940 2023 θεῖον
997 1956 1090 2011 τὸν
1169 1953 1454 2028 ἄνθρωπον
1522 1953 2012 2023 κατασκευάζουσα,
2046 1981 2093 2046 Β

356 2050 452 2108 καὶ
513 2047 816 2126 φιλόκαλον
871 2045 1284 2123 ἀπεργαζομένη
1347 2042 1417 2098 δι’
1473 2041 1687 2118 ἀγάπης
1719 2062 1732 2075 ·
1788 2041 1851 2095 τὸ
1910 2041 2013 2116 γὰρ

360 2138 559 2210 καλὸν,
582 2139 656 2200 ὡς
709 2136 823 2193 ἐκεῖ
851 2135 1014 2213 σοφίᾳ
1066 2135 1340 2207 θεωρητὸν
1398 2133 1486 2187 καὶ
1538 2130 1757 2201 νοητὸν,
1792 2128 2017 2184 ἐνταῦθα

364 2226 657 2306 σωφοσόνῃ
718 2224 806 2281 καὶ
884 2222 1200 2298 δικαιοσύνῃ
1271 2219 1360 2276 διὰ
1436 2219 1669 2282 πίστεως
1726 2214 1963 2294 πρακτὸν
1997 2236 2012 2251 ⁶

367 2316 426 2374 ἰν
486 2315 638 2389 σαρκί
699 2313 1092 2385 μελετήσαντες
1144 2310 1440 2386 ἀγγελικὴν
1474 2309 1797 2385 ὑπουργίαν,
1833 2309 2014 2384 ὥσπερ

366 2406 419 2463 ἐν
474 2406 625 2478 τόπῳ
672 2402 920 2482 διαφανεῖ
960 2403 1055 2458 καὶ
1091 2401 1341 2474 ἀμιάντῳ
1388 2404 1467 2472 τῷ
1515 2401 1729 2472 σώματι
1757 2398 1847 2453 τὸν
1887 2395 2015 2452 νοῦν

355 2496 799 2571 καθιερώσαντες.

430 2676 558 2731 ΛΗ’.
593 2673 735 2749 Πρὸς
796 2669 855 2727 δὲ
903 2670 1169 2729 Ἰατιανὸν
1204 2670 1333 2742 (60),
1366 2666 1596 2742 λεγοντα
1644 2667 1887 2722 εὐκτικὸν
1943 2667 2013 2722 εἶ-

349 2784 438 2818 ναι
466 2763 529 2818 τὸ
577 2763 872 2833 Γενηθήτω
926 2764 1066 2838 φῶς,
1098 2757 1316 2815 λεκτέον
1352 2779 1365 2793 ο
1401 2757 1463 2812 Εἰ
1502 2757 1681 2813 τοίνυν
1714 2755 2013 2830 εὐχόμενος

346 2850 460 2923 ἤδη
518 2852 613 2907 τὸν
676 2849 1062 2926 ὑπερκείμενον
1122 2850 1236 2921 (61)
1294 2847 1441 2915 Θεὸν,
1497 2851 1616 2908 πῶς
1674 2843 1819 2920 λέγει
1868 2844 2014 2919 Ἐγὼ

351 2942 506 3007 Θεὸς,
560 2942 651 2996 καὶ
729 2939 881 3010 πλὴν
953 2939 1090 3012 ἐμοῦ
1145 2935 1320 2999 ἄλλος
1378 2934 1591 3005 οὐδείς;
1655 2934 1879 3007 εἶ’πομεν
1941 2935 2017 2997 ὡς

346 3030 609 3094 κολάσεις
668 3029 772 3086 εἶσὶ
853 3027 1265 3108 βλασφημιῶν,
1325 3024 1635 3104 φλυαρίας,
1694 3022 2016 3080 ἀκολάστων

352 3121 642 3200 ῥημάτωνν
693 3119 844 3195 λόγῳ
899 3120 1008 3193 (62)
1057 3114 1448 3189 κολαζομένων
1513 3114 1604 3169 καὶ
1684 3111 2013 3186 παιδευομέ-

349 3230 482 3268 νων.

429 3301 552 3356 ΛΘ’.
584 3300 850 3377 Ἔφασκεν
902 3295 961 3352 δὲ
1014 3296 1104 3351 καὶ
1162 3293 1253 3351 8ιά
1301 3295 1396 3357 τὰς
1432 3294 1627 3369 τρίχας
1679 3289 2012 3361 κολάζεσθαι

2118 724 2240 779 que
2270 710 2526 780 excitati,
2552 713 2623 768 ad
2659 713 2845 771 lucem
2880 732 2945 771 ac
2974 717 3273 774 veritatem
3303 717 3503 775 oculos
3534 733 3776 775 conver-

2124 803 2271 853 tant.

2195 889 2675 947 XXXVI.Pariter
2704 892 2902 963 itaque
2932 899 3181 966 oportet,
3213 911 3345 951 eum
3381 896 3480 968 qui
3508 895 3776 970 discipu-

2125 976 2244 1032 lum
2271 979 2693 1051 obsequentem
2720 981 2932 1037 habere
2953 983 3111 1054 velit,
3136 987 3191 1039 et
3213 984 3502 1041 desiderio
3524 986 3592 1043 ad
3604 986 3781 1043 mista

2124 1066 2238 1122 fide
2269 1082 2555 1133 exercere,
2591 1074 2649 1125 et
2681 1072 2835 1143 apud
2869 1087 2931 1127 se
2962 1072 3219 1142 quotidie
3253 1075 3546 1143 meditari,
3568 1076 3779 1131 verita-

2123 1157 2240 1209 tem
2276 1164 2759 1228 argumentorum
2793 1160 3195 1231 expendenda.
3231 1164 3295 1215 Et
3327 1178 3459 1218 cum
3509 1164 3777 1219 eamdem

2124 1260 2187 1299 se
2219 1250 2371 1299 recte
2402 1251 2600 1302 tenere
2625 1248 2999 1319 judicaverit,
3032 1254 3173 1304 tunc
3198 1249 3481 1306 nimirum
3514 1252 3584 1307 ad
3619 1268 3779 1324 quaa-

2124 1332 2345 1389 stiones
2412 1335 2574 1391 hisce
2624 1338 2848 1393 vicinas
2912 1338 3298 1408 descendere;
3368 1340 3647 1411 quoniam
3722 1344 3782 1397 et

2124 1423 2317 1477 avium
2354 1423 2499 1495 pulli
2532 1441 2757 1497 pennas
2789 1428 3113 1483 exercendo
3144 1428 3321 1484 etiam
3352 1428 3413 1483 in
3445 1428 3585 1485 nido
3616 1428 3777 1486 vola-

2125 1514 2250 1566 tum
2284 1513 2679 1584 experiantur.

2197 1601 2468 1658 XXXVII.
2501 1604 2707 1659 Virtus
2738 1605 2895 1661 enim
2948 1606 3237 1678 gnostica,
3289 1606 3507 1679 ubique
3555 1607 3778 1663 bonum

2125 1696 2646 1771 mansuetumque,
2667 1698 2724 1749 et
2746 1694 3074 1763 innoxium,
3093 1700 3151 1751 et
3171 1696 3436 1752 dolorum
3459 1701 3779 1768 expertem,

2122 1796 2191 1835 ac
2219 1779 2455 1835 beatum
2485 1786 2900 1854 paratumque,
2929 1785 3153 1855 optime
3177 1785 3396 1841 versari
3422 1785 3480 1841 in
3504 1785 3782 1842 omnibus

2126 1883 2253 1939 quae
2285 1870 2354 1923 ad
2389 1870 2598 1935 Deum,
2628 1871 2747 1926 imo
2779 1872 3001 1943 optime
3029 1873 3088 1928 in
3120 1873 3214 1928 his
3244 1890 3373 1944 quas
3405 1875 3475 1930 ad
3508 1874 3781 1931 homines

2124 1957 2825 2026 attineant,simulacrum
2858 1962 3144 2028 divinum,
3168 1962 3665 2035 contemplatione
3697 1963 3779 2019 si-

2126 2045 2248 2100 mul
2282 2051 2340 2100 et
2367 2048 2594 2103 actione
2624 2047 2923 2105 hominem
2953 2051 3251 2106 excultum
3282 2052 3554 2122 reddens,
3577 2068 3643 2107 ac
3675 2067 3781 2124 per

2124 2134 2470 2190 eharitatem
2536 2136 2765 2192 honesti
2817 2143 3137 2195 amatorem
3184 2145 3493 2211 praestans.
3546 2144 3777 2197 Bonum

2125 2223 2279 2279 enim
2316 2229 2490 2295 prout
2518 2225 2640 2280 illic
2667 2228 2954 2297 sapientia
2987 2229 3400 2285 consideratur
3420 2234 3477 2285 et
3497 2229 3779 2303 intelligi-

2126 2313 2335 2380 tur,sic
2365 2314 2537 2369 etiam
2572 2314 2667 2371 hic
2699 2320 3087 2389 temperantia
3116 2322 3172 2373 et
3195 2319 3431 2388 justitia
3460 2336 3563 2391 per
3600 2320 3779 2375 ﬁdem

2126 2409 2464 2473 exercetur;
2500 2406 2862 2462 functionem
2900 2408 3221 2479 angelicam
3272 2408 3333 2464 in
3380 2426 3554 2466 carne
3597 2410 3783 2466 medi-

2100 2497 2346 2559 tantes,
2379 2494 2532 2550 sicut
2554 2494 2611 2549 in
2636 2495 2762 2550 loco
2786 2496 3104 2570 conspicuo
3126 2503 3183 2553 et
3203 2496 3536 2571 impolluto,
3568 2498 3627 2554 in
3652 2515 3783 2556 cor-

2128 2598 2267 2654 pore
2292 2588 2550 2638 mentem
2585 2585 3006 2642 sacrificamus.

2200 2673 2350 2731 365
2388 2673 2694 2731 XXXVIII.
2728 2680 2941 2732 Contra
2968 2693 3103 2732 vero
3127 2677 3463 2747 Talianum,
3512 2694 3780 2734 asseren-

2124 2766 2243 2818 tem
2276 2766 2535 2834 optantis
2568 2780 2696 2820 esse
2723 2765 3007 2835 scriptum
3042 2766 3184 2822 illud
3204 2768 3330 2822 Fiat
3359 2768 3460 2824 tum
3478 2769 3785 2840 (a),dicen-

2127 2854 2267 2907 dum
2301 2859 2409 2907 est:
2432 2853 2490 2908 Si
2525 2853 2707 2926 igitur
2736 2856 3058 2912 orationem
3096 2857 3163 2912 ad
3196 2857 3378 2913 Deum
3415 2858 3780 2930 superiorem

2125 2941 2671 3014 dirigat,qunmodo
2703 2942 2881 3000 dicit:
2910 2946 3017 3015 Ego
3049 2949 3215 3009 Deus,
3247 2954 3300 3001 et
3324 2956 3532 3018 praeter
3559 2963 3648 3003 me
3672 2963 3784 3004 non

2124 3035 2205 3086 est
2234 3030 2385 3086 alius
2421 3032 2565 3086 ultus
2598 3032 2716 3104 ib)?
2744 3032 3011 3090 Diximus
3044 3033 3546 3107 blasphemiarum
3580 3053 3783 3109 poenas

2125 3135 2275 3186 esse,
2309 3121 2618 3175 verborum
2657 3121 3050 3193 petulantiam
3087 3139 3299 3196 nugas,
3332 3124 3557 3181 ratione
3610 3123 3782 3195 puni-

2123 3215 2316 3266 torum
2352 3214 2530 3280 atque
2561 3211 3007 3284 castigatorum.

2196 3298 2441 3355 XXXIX.
2468 3301 2714 3371 Insuper
2742 3300 2919 3357 etiam
2951 3302 3207 3358 asseruit
3237 3302 3516 3359 mulieres
3545 3306 3784 3376 propter

349 3389 441 3444 καὶ
472 3388 564 3443 τὸν
599 3365 805 3460 κόσμον
836 3387 932 3449 τὰς
964 3390 1220 3463 γυναῖκας
1286 3384 1390 3439 ὑπὸ
1439 3381 1721 3455 δυνάμεως
1779 3389 1878 3451 τῆς
1922 3381 2007 3436 ἐπὶ

2139 3388 2319 3443 :rines
2341 3405 2408 3443 ac
2431 3390 2718 3444 mundum
2745 3390 2963 3461 puniri,
2990 3408 3022 3446 a
3043 3392 3254 3447 virtute
3282 3410 3409 3464 qua:
3434 3392 3606 3448 rebus
3621 3391 3782 3447 hisce

348 3478 569 3540 τούτοις
596 3474 1003 3551 τεταγμένης,ἢ
1026 3474 1223 3546 miti]:
1256 3473 1496 3546 Σαμψὼν
1527 3470 1752 3544 δύναμιν
1781 3476 2015 3546 παρεῖχε

348 3572 475 3630 ταῖς
509 3566 704 3641 θριξὶν,
737 3565 862 3636 ἣτις
889 3563 1111 3633 κολάζει
1139 3563 1234 3625 τὰς
1281 3560 1370 3617 διὰ
1414 3563 1627 3633 κόσμου
1675 3564 1882 3635 τριχῶν
1926 3558 2013 3613 ἐπὶ

349 3655 606 3731 πορνείαν
639 3657 702 3731 ὁρ
712 3654 922 3728 μώσας.

430 3748 522 3803 M'.
559 3745 819 3820 Καθάπερ
873 3742 1075 3817 ἀγαθοῦ
1115 3739 1384 3817 ἀποῤῥοίᾳ
1436 3740 1806 3817 ἀγαθῦνονται,
1841 3738 2012 3799 οὕτως

350 3834 445 3891 καὶ
477 3838 793 3890 κακοῦνται.
818 3831 974 3901 Καλή
1008 3834 1042 3901 ἡ
1074 3830 1252 3907 κρίσις
1278 3834 1375 3885 τοῦ
1406 3834 1561 3899 Θεοῦ,
1594 3829 1627 3898 ἥ
1656 3850 1716 3884 τε
1748 3825 2016 3901 διάκρισις

346 3927 386 3995 ἡ
412 3928 523 3980 τῶν
556 3927 765 3979 πιστῶν
796 3922 903 3977 ἀπὸ
932 3925 1039 3976 τῶν
1073 3920 1335 3989 ἀπίστων,
1369 3920 1404 3988 ἦ
1444 3939 1503 3974 τε
1549 3918 1833 3993 πρόκρισις
1880 3917 2012 3992 ὑπὲρ

347 4017 454 4069 τοῦ
487 4015 563 4085 μὴ
600 4012 808 4085 μείζονι
838 4015 1148 4085 περιπεσεῖν
1177 4008 1372 4086 κρίσει;
1406 4007 1440 4077 ἥ
1474 4029 1531 4063 τε
1560 4008 1754 4084 κρίσις,
1787 4003 2013 4062 παίδευ-

358 4123 444 4165 σις
478 4100 633 4160 οὖσα.

434 4283 571 4338 MA'.
613 4282 681 4337 Ἦ
728 4280 916 4357 Γραφή
969 4299 1101 4358 φησι
1150 4277 1217 4333 τὰ
1260 4277 1432 4356 βρέφη
1482 4276 1549 4332 τὰ
1588 4275 1865 4340 ἐκτεθέντα
1912 4297 2016 4345 τη-

368 4369 637 4446 μελούχῳ
689 4365 1085 4443 παραδίδοσθαι
1142 4366 1385 4443 ἀγγὲλῳ,
1426 4367 1514 4445 ὑφ’
1560 4366 1623 4420 οὗ
1671 4363 2015 4421 παιδεύεσθαί
2049 4362 2060 4372 ’

359 4481 423 4517 τε
454 4457 549 4514 καὶ
579 4455 748 4528 αὔξειν
782 4477 793 4487 ·
827 4458 915 4513 καὶ
949 4454 1182 4526 ἔσονται,
1217 4454 1404 4529 φησὶν,
1440 4455 1515 4519 ὡς
1545 4455 1598 4509 οἱ
1645 4453 1832 4509 ἑκατὸθ
1882 4453 2014 4508 ἐτῶν

2125 3477 2393 3549 praefecte
2427 3478 2618 3544 fuerit,
2670 3496 2797 3550 quae
2848 3479 3111 3537 crinibus
3157 3482 3463 3538 Samsonis
3508 3481 3783 3538 virtutem

2079 3617 2083 3623 .
2124 3566 2373 3638 praebuit
2397 3568 2635 3638 (ολ-(χοε
2662 3568 2835 3623 etiam
2873 3566 3002 3624 illas
3031 3570 3201 3642 punit
3232 3587 3357 3643 qua;
3389 3587 3493 3643 per
3520 3570 3776 3626 crinium

2124 3659 2398 3711 ornatum
2433 3656 2489 3710 in
2526 3658 2937 3713 scortationem
2974 3659 3263 3715 feruntur.

2193 3744 2302 3799 XL.
2333 3745 2511 3800 Sicuti
2547 3745 2681 3800 boni
2735 3745 3065 3803 defluxione
3108 3748 3440 3805 redduntur
3485 3747 3642 3817 boni,
3694 3748 3781 3806 sic

2124 3838 2179 3888 et
2206 3833 2342 3888 mali
2375 3832 2658 3904 qualitate
2688 3835 2961 3891 similiter
2989 3836 3361 3893 imbuuntur.
3413 3837 3638 3893 Bonum
3689 3842 3781 3894 est

2122 3921 2224 3977 Dei
2249 3922 2641 3992 judicium:ac
2669 3923 2982 3981 discrimen
3032 3925 3232 3982 ﬁdeles
3278 3926 3430 3982 inter
3475 3929 3534 3981 et
3578 3925 3780 3982 intide-

2122 4011 2356 4079 les,imo
2379 4011 2675 4082 judicium
2708 4012 2853 4067 illud
2888 4015 3041 4085 quod
3072 4014 3343 4086 prohibet
3373 4030 3446 4071 ne
3476 4015 3534 4069 in
3585 4015 3782 4085 majus

2123 4100 2411 4172 judicium
2442 4100 2578 4172 quis
2611 4100 3008 4171 incidat;illud
3041 4103 3277 4159 demum
3299 4102 3594 4174 judicium
3624 4103 3778 4174 quod

2124 4197 2209 4244 est
2242 4189 2600 4245 emendatio.

2198 4277 2335 4332 XLI.
2368 4278 2673 4350 Scriptura
2720 4278 2887 4349 dicit,
2940 4279 3194 4337 infantes
3243 4281 3531 4352 proiectos
3581 4278 3789 4353 angelo

2127 4366 2309 4422 tutori
2356 4367 2509 4421 tradi
2562 4366 2918 4422 erudiendos
2965 4371 3142 4439 atque
3212 4370 3570 4424 educandos.
3613 4369 3678 4432 ›ι‹
3723 4368 3793 4425 Et

2128 4461 2317 4519 erunt,
2352 4455 2568 4525 inquit,
2602 4455 2771 4526 quasi
2806 4460 3042 4511 centum
3077 4473 3367 4513 annorum
3412 4458 3471 4512 in
3520 4457 3633 4513 hoc
3681 4474 3790 4513 saa-

358 4549 593 4606 ἐνταῦθα
622 4546 804 4603 πιστοί
835 4568 849 4581 ⁸
893 4544 979 4602 διὸ
1024 4546 1115 4601 καὶ
1169 4546 1368 4618 Ηὲτρος
1416 4543 1469 4597 ἐν
1525 4547 1593 4616 τῇ
1645 4541 2018 4616 Ἀποκαλύψει

2139 4544 2259 4600 culo
2292 4544 2521 4599 fideles.
2551 4547 2916 4617 Quapropter
2946 4545 3119 4601 etiam
3157 4547 3363 4601 Petrus
3406 4547 3465 4602 in
3518 4547 3791 4620 Apocaly-

355 4639 497 4719 φησι
532 4656 545 4669 ³
581 4636 682 4694 Καὶ
735 4635 985 4712 ἀστραπή
1032 4634 1204 4710 πυρὸς
1244 4630 1477 4719 πηδῶσα
1523 4630 1629 4687 ἀπὸ
1658 4635 1766 4685 τῶν
1804 4633 2016 4709 βρεφῶν

2129 4633 2220 4705 psi
2273 4631 2413 4686 dicit
2448 4650 2460 4687 :
2492 4635 2551 4687 Et
2602 4634 2798 4705 fulgur
2845 4633 3002 4705 ignis
3048 4635 3322 4690 (ξωεὶιὶθππ
3360 4635 3429 4691 ab
3479 4636 3792 4707 infantibus

356 4718 714 4795 ἔκείνων,καῖ
740 4723 1065 4796 πλήσσουσα
1092 4722 1222 4785 τοὺς
1252 4718 1573 4800 ὀφθαλμοὺς
1600 4724 1708 4776 τῶν
1730 4725 2018 4796 γυναικῶν.

2139 4721 2276 4790 illis,
2306 4722 2673 4777 etmulierum
2705 4723 2887 4777 oculos
2915 4725 3295 4794 perstringens
3325 4725 3424 4797 (εἰ).
3450 4725 3676 4797 Quippe
3698 4725 3796 4797 ju-

360 4815 520 4872 Ἐπεὶ
552 4816 580 4870 ὁ
612 4812 827 4876 δίκαιος
858 4813 934 4878 ὡς
963 4813 1198 4888 σπινθὴρ
1227 4808 1316 4867 διὰ
1342 4810 1599 4885 καλάμης
1623 4807 1913 4883 ἐκλάμπει,
1935 4810 2018 4866 καὶ

2139 4814 2266 4865 stus
2302 4811 2356 4864 in
2396 4811 2746 4867 arundineto
2776 4812 2916 4866 sicut
2945 4814 3189 4868 scintilla
3237 4813 3308 4885 (el
3355 4813 3614 4887 effulget,
3662 4828 3798 4884 gen-

360 4911 546 4982 κρινεῖ
574 4899 701 4974 ἔθνη
714 4948 726 4961 .

444 4996 597 5055 MB'.
684 4992 840 5051 Μετά
945 4990 1105 5046 ὁσίου
1209 4991 1535 5065 ὁσιωθήσῃ.

1626 4988 1771 5044 Κατά
1884 4988 2033 5044 αἶνόν

2138 4905 2345 4971 tesque
2369 4900 2683 4971 judicabit.

2214 4989 2382 5045 XLII.
2424 4987 2559 5044 Cum
2587 4997 2775 5045 sancto
2804 4991 3027 5046 sanctus
3055 4991 3187 5045 eris.
3220 4989 3286 5061 (Ῑ)
3317 4988 3409 5046 Uti
3445 5003 3655 5061 nempe
3692 5003 3797 5060 pro

448 5192 526 5273 (ιε)
557 5192 699 5251 Gen.
734 5192 859 5273 i,_3.
1063 5191 1176 5273 ls_a.
1209 5189 1444 5273 xung.
1537 5189 1612 5262 (c)
1639 5189 1776 5247 Jud.
1812 5206 1928 5257 xv1,
1965 5188 2018 5244 1ξ

2150 5162 2214 5260 L14
2242 5192 2304 5242 P.
2336 5186 2443 5240 990
2469 5184 2582 5241 ΕΙ).
2616 5184 2920 5242 POTTER.
3013 5184 3091 5258 (ά)
3122 5187 3296 5257 Apoc.
3346 5184 3495 5241 Petri
3544 5183 3799 5241 Revelat.

372 5264 452 5337 (θ)
482 5262 618 5338 Sap.
651 5281 738 5336 ιιι,
767 5263 824 5317 7.
901 5263 970 5335 (f)
1001 5262 1149 5319 Psal.
1180 5278 1316 5331 xvn,
1347 5263 1438 5316 26.

453 5460 568 5533 (59)
616 5459 1200 5535 ιιροσειποιιιειρὲἱῦντοιιΓ
1246 5460 1413 5535 Forte
1454 5457 1648 5514 verius
1699 5473 2039 5535 apostataru-

371 5528 604 5607 ρῶνταίι,
663 5528 821 5606 'priu:
897 5528 1269 5604 experiuntur
1332 5532 1460 5598 (seu
1530 5528 1762 5597 tentant)
1808 5528 2041 5585 volatus.

367 5610 670 5662 Susum.

476 5677 572 5741 60)
621 5672 907 5730 Τατιανόν.
958 5671 1121 5729 Conf.
1182 5668 1313 5741 Gul.
1372 5668 1521 5741 Cave
1594 5671 1798 5727 Hister.
1852 5671 2044 5741 littera,

370 5739 493 5820 arpi.
532 5739 688 5820 Il,p.
721 5747 815 5816 33,
840 5741 1272 5805 ettestimonia
1286 5740 1360 5797 de
1386 5739 1633 5798 Tatiano
1662 5743 1724 5798 in
1754 5743 1884 5813 ejus
1906 5739 2046 5797 edit.

382 5818 605 5886 Oxon.,
634 5818 692 5892 p.
720 5820 774 5872 7.

2372 5448 2714 5525 ΕόχιξμενοοςΔ
2747 5445 2856 5525 ἤδη
2905 5449 2996 5503 τὸν
3045 5445 3236 5521 ὒπερκ.
3268 5448 3475 5507 Nescio
3492 5465 3579 5525 an
3606 5446 3806 5507 verius

2156 5518 2625 5597 εὐχόμενος”ᾕτει
2665 5519 2756 5574 τὸν
2805 5520 2993 5594 ὑπερκ.
3025 5536 3100 5589 pr
3144 5518 3334 5589 ἐσαηε,
3362 5521 3577 5592 petebat
3616 5537 3652 5578 a
3678 5537 3804 5595 sup.

2154 5600 2554 5738 Syi'getinféw.
2586 5660 2938 5739 ambiguum
2968 5666 3058 5719 est
3088 5658 3243 5734 λόγῳ
3272 5680 3348 5720 an
3407 5660 3586 5739 λόγων
3627 5663 3808 5738 scrip-

2157 5739 2301 5794 serit
2329 5736 2552 5794 auctbr.
2585 5736 2668 5791 Io.
