4124 6404
416 470 525 526 719

424 684 580 741 Deus
631 682 1019 756 gloriﬁcatur;
1066 682 1369 753 similiter,
1391 699 1463 739 ex
1509 680 1869 739 haereditatis
1914 681 2070 751 jure.

1680 469 2019 525 CLEHHNB
2056 467 2620 525 ALEXANDRINUS

418 594 616 652 laudis
664 610 784 651 suae
828 562 1091 662 ratione,
1142 596 1322 665 atque
1368 608 1438 648 ex
1487 591 1786 665 agnitione
1847 594 2070 662 nostra,
2100 610 2155 677 Α

3743 462 3859 520 720

2190 608 2286 643 σου
2325 589 2461 662 (63),
2495 584 2808 658 δεδόξασται
2863 587 2926 643 τὸ
2982 583 3162 662 ὄνομά
3213 606 3332 657 σου,
3380 587 3502 645 κατ’
3546 586 3814 665 ἰπίγνῶσι

2182 679 2364 751 ἡμῶν,
2397 675 2763 751 δοξαζομένου
2813 680 2911 732 τοῦ
2969 680 3106 734 Θεοῦ
3146 677 3285 733 κατά
3318 698 3377 733 τε
3419 680 3522 750 τὴν
3551 691 3864 753 κληρονο-.,

421 774 516 829 Sic
547 788 779 845 quoque
807 773 1032 828 dictum
1062 771 1374 840 illud,vivit
1400 772 1875 843 Dominus,atque
1904 769 2075 841 illud,

2215 766 2336 822 ιίαν.
2387 763 2547 824 Οὕτω
2618 765 2708 821 καὶ
2780 766 2844 822 τὸ
2914 770 2990 841 Ζῇ
3058 765 3279 844 Κύριος,
3337 766 3428 822 καὶ
3496 767 3558 824 τὸ
3616 767 3844 839 Ἀνέστη

396 898 401 901 -
424 863 671 919 surrexit
692 862 961 918 Dominus
989 863 1093 934 (a).

496 951 944 1023 XLIIlfopulus
963 967 1124 1024 quem
1147 967 1255 1008 non
1276 952 1797 1021 noveram,sercivu
1816 947 1959 1004 mihi
1979 947 2078 1020 (b);

2185 856 2411 932 Κύριος.

2258 950 2384 1002 MI".
2418 945 2558 1007 Λαὸς
2593 944 2652 999 ὃν
2686 945 2791 1001 οὐκ
2818 941 3013 1022 ἔγνων,
3042 941 3332 1003 ἐδούλευσε
3364 967 3460 1022 μοι
3492 966 3505 979 ·
3539 948 3677 1004 κατὰ
3725 946 3846 1004 δια-

426 1057 531 1113 per
562 1044 984 1098 testamentum
1015 1058 1130 1098 non
1166 1057 1458 1097 noveram.
1488 1039 1624 1096 Filii
1654 1039 1852 1109 alieni,
1880 1037 1983 1110 qui
2013 1052 2083 1093 ea

2215 1035 2362 1105 θήκην
2395 1034 2499 1089 οὐκ
2527 1028 2722 1109 ἔγνων.
2756 1035 2876 1089 Υἱοὶ
2921 1032 3233 1111 ἀλλότριοι,
3259 1038 3327 1091 τὰ
3373 1041 3470 1093 τοῦ
3528 1034 3704 1094 ἄλλου
3754 1042 3860 1098 καὶ

432 1147 559 1202 quas
587 1129 832 1186 alterius
862 1134 1026 1198 sunt,
1058 1129 1317 1186 aamulati
1346 1135 1508 1186 sunt.

506 1217 698 1274 XLIV.
733 1218 1101 1290 Magniﬁcam
1147 1219 1357 1275 salute:
1405 1220 1548 1291 regis
1591 1219 1730 1287 eius.
1779 1217 1850 1290 (ε)
1896 1221 2086 1288 Reges

429 1314 717 1367 vocantur
746 1324 953 1365 omnes
985 1308 1209 1377 ﬁdeles,
1244 1309 1301 1364 in
1339 1323 1585 1382 regnum
1618 1305 1911 1375 translati,
1954 1305 2089 1377 qui-

432 1417 549 1473 que
580 1399 841 1456 haeredes
874 1398 1054 1454 futuri
1086 1403 1247 1455 sunt.

506 1488 669 1545 XLV.
704 1486 990 1543 Malorum
1022 1486 1357 1558 tolerantia,
1408 1486 1657 1544 dulcedo
1712 1484 1949 1559 quidem
2001 1487 2092 1540 est

437 1578 611 1635 melle
640 1576 864 1648 major;
894 1592 1008 1632 non
1043 1583 1239 1632 autem
1279 1592 1397 1648 qua
1444 1575 1736 1631 malorum
1783 1572 2093 1629 tolerantia

443 1667 662 1734 est,sed
699 1665 920 1722 ratione
950 1666 1182 1721 fructus
1208 1664 1500 1737 ejusmodi
1541 1663 1888 1721 tolerantius.
1939 1664 2090 1729 Quo-

436 1757 596 1813 niam
626 1755 824 1827 itaque
853 1756 1160 1812 continens
1190 1754 1291 1827 qui
1328 1757 1450 1823 .est,
1499 1746 1570 1811 ab
1621 1752 1927 1810 aﬂ'ectibus
1977 1767 2091 1807 non

435 1851 527 1903 est
557 1861 801 1919 prorsus
833 1843 1140 1913 immunis,
1162 1849 1361 1917 utpote
1382 1844 1482 1918 qui
1511 1859 1624 1900 non
1650 1843 1875 1914 absque
1894 1840 2094 1896 labore

438 1954 472 1992 a
503 1934 875 2008 passionibus
904 1934 1221 1990 contineat.
1252 1938 1400 1992 Cum
1450 1950 1583 1990 vero
1633 1931 1777 1988 insit
1824 1930 2086 1996 habit-is,

356 2078 364 2083 .
440 2025 602 2082 haud
634 2023 892 2096 amplius
921 2024 1229 2081 continens
1258 2029 1369 2091 est,
1402 2024 1556 2096 quod
1608 2023 1670 2079 in
1721 2039 1837 2078 uno
1882 2020 2087 2076 habitu

441 2121 502 2172 et
529 2112 751 2187 Spiritu
781 2116 984 2169 sancto
1015 2111 1191 2168 homo
1224 2129 1381 2168 nunc
1410 2113 1511 2168 sit.

513 2202 698 2260 XLVI.
733 2202 989 2275 Spiritus
1018 2205 1320 2271 vocantur,
1353 2219 1483 2273 quae
1514 2200 1572 2256 in
1627 2199 1826 2257 anima
1874 2196 2098 2272 passio-

453 2310 557 2349 ncs
589 2298 751 2358 sunt,
784 2308 900 2348 non
923 2295 1119 2347 autem
1148 2291 1361 2362 spiritu
1392 2293 1677 2362 potentes,
1711 2288 1929 2360 quippe
1961 2292 2101 2342 tunc

449 2381 626 2438 homo
652 2381 756 2453 qui
777 2380 870 2437 bis
891 2384 1047 2436 esset
1069 2379 1360 2435 obnoxius
1382 2380 1717 2434 daemonum
1750 2377 1900 2449 legio
1932 2376 2099 2448 foret,

447 2471 549 2527 sed
583 2473 820 2543 propter
848 2468 1532 2541 suggestionem.Eadem
1559 2466 1716 2523 enim
1750 2466 2099 2536 anima,mu-

448 2559 671 2614 tatione
701 2559 983 2630 quadam,
1016 2555 1163 2613 alias
1196 2561 1369 2628 atque
1400 2555 1547 2612 alias
1592 2554 1907 2628 qualitates
1956 2554 2096 2609 dum

444 2648 714 2720 recipiat,
747 2646 991 2718 spiritus
1022 2649 1163 2702 tunc
1196 2645 1455 2719 recipere
1483 2644 1717 2701 dicitur.

512 2736 729 2792 XLVII.
764 2735 927 2791 Ratio
952 2752 986 2790 a
1007 2742 1274 2791 creatura
1304 2735 1605 2791 discedere
1636 2751 1743 2789 nos
1767 2750 1878 2789 non
1900 2731 2095 2803 jubet,

438 2826 542 2883 sed
576 2825 660 2881 uti
694 2824 857 2881 nulla
906 2822 1247 2896 passionum
1301 2823 1590 2897 pravitate
1643 2839 1777 2878 cum
1829 2820 1931 2877 illa
1983 2837 2097 2876 una

438 2930 812 2972 versaremur
844 2929 1134 2986 :cumque
1165 2912 1393 2984 aliquid
1429 2912 1725 2982 acciderit,
1762 2915 1825 2966 ut
1858 2908 2096 2965 moleste

438 3022 556 3061 non
589 3004 871 3070 feramus,
901 3020 1005 3058 nec
1035 3003 1473 3069 contristamur,
1510 3018 1700 3075 neque
1750 2997 2092 3073 possidendi

440 3093 731 3151 desiderio
781 3093 971 3150 simus
1018 3092 1264 3164 abrepti.
1315 3092 1460 3147 Cum
1507 3092 1581 3147 ab
1629 3091 1839 3146 affectu
1895 3104 2092 3145 rerum

440 3183 833 3256 possessione,
883 3181 1163 3253 omnique
1227 3179 1473 3237 libidine
1520 3179 1821 3236 discedere
1882 3177 2095 3249 jubeat

441 3271 809 3329 Providentia
839 3270 1057 3338 divina,
1092 3270 1149 3325 in
1183 3287 1283 3326 eos
1313 3268 1468 3326 solos
1517 3284 1847 3325 sermonem
1896 3264 2091 3337 vertit,

441 3361 539 3433 qui
573 3361 631 3417 in
662 3376 837 3416 carne
868 3364 1203 3416 versantur.

509 3450 750 3505 XLVIII.
783 3448 946 3506 Illico
976 3448 1184 3506 Petrus
1223 3447 1282 3504 in
1315 3445 1666 3520 Apocalypsi
1698 3446 1861 3515 dicit,
1895 3446 2089 3503 inlan-

434 3544 525 3596 tes
553 3539 873 3607 abortivos,
907 3541 1152 3594 conatus
1182 3554 1249 3593 ac
1285 3536 1464 3593 sortis
1489 3553 1619 3592 esse
1649 3534 1931 3602 melioris,
1984 3534 2091 3592 bos

435 3627 641 3700 angelo
673 3614 1057 3691 tutori’tradi,
1093 3629 1158 3681 ut
1186 3624 1448 3681 scientias
1493 3622 1803 3696 praeceptis
1852 3622 2088 3693 imbuti,

434 3718 856 3774 habitationem
890 3715 1313 3772 nanciscantur
1338 3714 1666 3784 meliorem,
1688 3715 1890 3770 eadem
1926 3731 2089 3771 nem-

437 3824 506 3878 pe
537 3805 718 3878 passi,
752 3821 881 3877 quis
912 3805 961 3859 si
1001 3805 1057 3860 in
1110 3821 1352 3875 corpore
1400 3804 1614 3859 versati
1669 3803 1940 3872 fuissent,
1992 3819 2089 3875 pa-

433 3899 729 3962 terentur;
765 3894 975 3965 reliqui
1008 3892 1391 3962 vero,salutis
1422 3897 1648 3948 tantum
1687 3892 1827 3948 ﬁent
1855 3892 2088 3965 partici-

432 3981 736 4056 pes,quasi
760 3982 1035 4053 injuriam
1061 3981 1243 4054 passi,
1273 3981 1734 4038 misericordiam
1760 3982 2083 4053 consecuti,

430 4090 499 4130 ac
531 4080 767 4129 manent
796 4071 924 4129 sine
956 4071 1241 4140 cruciatu,
1275 4069 1498 4143 praemii
1528 4070 1654 4127 loco
1687 4072 1796 4127 hoc
1845 4072 2081 4144 quidem

429 4167 817 4234 reportantes.

497 4251 701 4307 XLIX.
735 4249 1043 4306 Mulierum
1078 4254 1276 4306 autem
1311 4248 1400 4305 lac
1446 4248 1712 4305 defluens
1764 4265 1832 4304 ex
1884 4248 2075 4305 uberi-

424 4341 540 4396 bus
569 4356 635 4395 ac
666 4344 1025 4408 concretum,
1060 4338 1256 4409 inquit
1284 4338 1487 4395 Petrus
1529 4338 1587 4393 in
1631 4337 1696 4402 »Β
1747 4338 2077 4411 Apocalysi,

416 4429 636 4485 bestias
668 4444 874 4500 parvas
906 4445 971 4483 ac
1002 4428 1339 4484 carnivoras
1376 4427 1586 4499 pariet,
1618 4432 1676 4483 et
1729 4427 1786 4482 in
1838 4442 1938 4483 eas
1987 4442 2075 4482 re-

2194 1122 2560 1193 ἐζηλωκότες.

2264 1217 2392 1271 MA'.
2424 1211 2754 1289 Μεγαλύνων
2783 1214 2877 1277 τὰς
2906 1213 3181 1289 σωτηρίας
3203 1218 3301 1270 τοῦ
3347 1212 3620 1290 βασιλέως
3665 1215 3855 1273 αὐτοῦ.

2194 1300 2450 1362 Βασιλεῖς
2481 1302 2678 1367 πάντες
2702 1300 2955 1379 λέγονται
2987 1303 3041 1360 οἱ
3069 1302 3255 1361 πιστοὶ
3284 1303 3361 1368 είς
3397 1303 3675 1381 βασιλείαν
3719 1306 3859 1363 κατά

2198 1390 2581 1466 κληρονομίαν
2613 1412 2693 1449 τε.

2271 1482 2401 1537 ΜΕ’.
2429 1481 2493 1536 Ἠ
2527 1482 2877 1556 μακροθυμία
2922 1479 3196 1558 γλυκύτης
3245 1482 3387 1555 ἐστὶν
3418 1484 3551 1560 ὑπὲρ
3593 1485 3658 1542 τὸ
3705 1484 3863 1559 μέλι,

2201 1567 2310 1645 οὐχ
2340 1568 2559 1624 δτιέστὶ
2594 1570 2961 1644 μακροθυμία,
2989 1568 3139 1626 ἀλλᾶ
3179 1572 3317 1627 κατὰ
3360 1572 3453 1629 τὸν
3501 1574 3709 1651 καρπὸν
3758 1580 3866 1644 τῆς

2203 1659 2608 1733 μακροθυμίας.
2658 1659 2807 1717 Ἐπεὶ
2857 1660 2951 1715 οὗν
3008 1661 3038 1715 6
3094 1659 3368 1736 ἐγκρατής
3427 1660 3569 1718 ἔστιν
3621 1662 3866 1734 ἀπαθὴς,

2200 1751 2414 1822 κρατῶν
2475 1747 2576 1804 οὐκ
2624 1748 2839 1812 ἀπόνως
2866 1753 2976 1805 τῶν
3007 1751 3196 1806 παθῶν
3232 1770 3244 1785 ’
3280 1749 3409 1808 ὅταν
3440 1749 3499 1808 δὲ
3542 1747 3651 1824 ἕξις
3698 1750 3866 1828 γὲνη-

2198 1858 2312 1907 ται,
2339 1836 2441 1893 οὐκ
2463 1833 2543 1893 ἔτι
2573 1836 2862 1914 ἐγκρατὴς,
2897 1837 2948 1894 έν
2979 1844 3080 1913 μιᾷ
3104 1836 3208 1912 ’ἔξει
3257 1841 3346 1896 καὶ
3396 1839 3539 1916 ἁγίῳ
3585 1841 3867 1917 Πνεύματι

2204 1926 2504 2001 γενομένου
2532 1930 2635 1983 τοῦ
2665 1926 2978 2002 ἀνθρώπου.

2280 2192 2402 2261 MC.
2439 2191 2724 2266 Πνεόματα
2767 2191 2981 2268 λέγεται
3028 2192 3097 2248 τὰ
3137 2192 3282 2264 πάθη
3324 2193 3392 2250 τὰ
3451 2194 3504 2251 έν
3563 2198 3632 2269 τῇ
3682 2198 3871 2272 ψυχῇ,

2210 2278 2309 2335 οὐκ
2366 2279 2610 2351 ἔξουσίας
2668 2280 2972 2355 πνεύματα,
3004 2279 3121 2338 ἐπεὶ
3172 2278 3320 2339 ἔσται
3352 2282 3600 2357 ἐμπαθὴς
3656 2285 3874 2362 ἄνθρω-

2208 2389 2312 2433 πος
2366 2368 2571 2445 λεγεὼν
2627 2366 2902 2443 δαιμόνων
2939 2389 2952 2402 ο
2996 2368 3144 2427 ἀλλά
3191 2371 3328 2428 κατᾶ
3370 2374 3468 2443 τήν
3522 2377 3872 2449 προτροπῆν.

2207 2459 2271 2516 ἹΙ
2305 2459 2408 2533 γὰρ
2442 2458 2580 2528 αὐτή
2611 2460 2791 2536 ψυχὴ,
2821 2459 2960 2514 κατὰ
2992 2455 3300 2533 μεταϐολὰς
3328 2458 3503 2526 ἄλλας
3555 2463 3644 2519 καί
3694 2461 3873 2529 ἄλλας

2207 2546 2507 2617 ποιότητας
2573 2548 2764 2612 κακίας
2836 2546 3242 2625 ἀναδεχομένη,
3291 2550 3573 2626 πνεύματα
3650 2550 3861 2630 λέγεται

2207 2634 2579 2715 ἀνειληφέναι.

2277 2728 2401 2784 MZ'.
2460 2728 2523 2784 Ὁ
2580 2726 2746 2802 λόγος
2804 2734 2903 2807 τῆς
2958 2729 3186 2793 κτίσεως
3249 2732 3362 2803 (64)
3414 2731 3740 2810 ἀφίστασθαι
3803 2731 3867 2788 οὗ

2205 2814 2437 2886 κελεύει,
2497 2814 2622 2872 ἀλλ’
2679 2816 3042 2894 ἀπροσπαθῶς
3102 2815 3423 2885 διοικεῖσθαι
3480 2827 3581 2889 την
3639 2821 3819 2876 κτίσιν
3850 2841 3865 2854 ·

2205 2901 2605 2979 ἐπιωμόάντος
2655 2903 2713 2962 δέ
2760 2928 2930 2977 τινος,
2976 2909 3053 2981 μὴ
3104 2908 3444 2983 ἀγανακτεῖν,
3478 2906 3621 2983 μηδὶ
3666 2908 3870 2967 λυπεῖ-

2205 2996 2349 3063 σθαι,
2386 2992 2528 3069 μηδὲ
2575 2994 2860 3069 ἐπιθυμεῖν
2907 2998 3207 3068 κτήσασθαι
3244 3017 3257 3031 ·
3290 3005 3391 3069 τῆς
3424 2997 3477 3054 έν
3536 3000 3695 3055 πάθει
3758 3020 3873 3056 πα-

2205 3086 2519 3160 ρακτήσεως
2574 3084 2897 3162 ἀφίστασθαι
2951 3083 3160 3142 κελεύει
3217 3087 3308 3142 καὶ
3366 3086 3544 3159 πάσης
3612 3109 3870 3164 προσπα-

2206 3172 2375 3246 θείας,
2407 3175 2442 3243 ἡ
2475 3173 2589 3229 θεία
2616 3174 2853 3250 Πρόνοια
2901 3173 3219 3254 ἀναστρέφει
3249 3175 3336 3231 ἐπὶ
3390 3177 3593 3252 μόνους
3622 3176 3755 3243 τοὺς
3813 3177 3874 3235 έν

2203 3263 2361 3339 σαρκί

2277 3441 2420 3498 MH'.
2451 3439 2659 3497 Αὐτίκα
2708 3440 2736 3495 6
2787 3439 2991 3517 Πέτρος
3033 3439 3086 3496 έν
3135 3444 3205 3517 τῇ
3240 3440 3614 3519 Ἀποκαλύψει
3674 3444 3875 3523 φησὶν,

2204 3527 2271 3584 τὰ
2348 3528 2520 3609 βρέφη
2593 3523 3033 3604 ἐξαμϐλωθέντα,
3087 3536 3189 3600 τῆς
3261 3531 3551 3605 ἀμείνονος
3631 3534 3875 3608 ἐσόμενα

2202 3617 2395 3692 πείρας
2424 3620 2561 3693 (66),
2585 3622 2755 3674 ταῦτα
2787 3617 3008 3693 ἀγγέλῳ
3051 3616 3397 3697 τημελοόχῳ
3442 3619 3873 3698 παραδίδοσθαι,

2190 3704 2279 3762 ’ίνα
2334 3707 2589 3783 γνώσεως
2648 3702 3043 3782 μεταλαϐόντα,
3074 3714 3175 3779 τῆς
3218 3707 3508 3783 ἀμείνονος
3554 3711 3703 3787 τύχῃ
3757 3734 3873 3787 μο-

2197 3799 2317 3864 νῆς,
2351 3795 2653 3852 πάθόνταᾶ
2683 3793 2744 3851 ἂν
2794 3792 2989 3862 ἔπαθεν
3031 3796 3120 3852 καὶ
3171 3797 3225 3853 ἐν
3276 3799 3493 3872 σώματι
3539 3802 3819 3876 γενόμενα
3853 3822 3870 3839 ·

2191 3886 2261 3941 τὰ
2307 3882 2354 3940 δ’
2389 3881 2547 3959 ἕτερα
2607 3886 2780 3959 μόνης
2825 3892 2926 3956 τῆς
2966 3885 3243 3963 σωτηρίας
3286 3887 3550 3959 τεύξεται,
3598 3889 3676 3953 ὡς
3727 3888 3903 3963 ἠδιε

2193 3973 2408 4048 κημένα
2452 3973 2763 4048 έλεηθέντα,
2819 3975 2909 4031 καὶ
2966 3975 3114 4049 μένει
3171 3974 3295 4033 ἄνευ
3342 3976 3644 4050 κολάσεως,
3688 3984 3868 4037 τοῦτο

2191 4065 2351 4139 γέρας
2383 4059 2640 4122 λαϐόντα.

2263 4242 2395 4300 ΜΘ’.
2445 4243 2521 4299 Τὸ
2566 4238 2625 4296 δὲ
2691 4242 2839 4317 γάΛα
2895 4246 2999 4298 τῶν
3055 4248 3350 4319 γυναικῶν,
3405 4244 3526 4321 ῥέον
3578 4244 3686 4303 ἀπὸ
3745 4251 3862 4304 τῶν

2193 4335 2409 4405 μαστῶν
2487 4329 2579 4385 καὶ
2657 4330 3025 4406 πηγνύμενον,
3085 4331 3250 4411 φησὶν
3311 4333 3341 4388 6
3396 4331 3598 4408 Πέτρος
3668 4333 3723 4390 έν

2190 4418 2564 4494 Ἀποκαλῦψει
2591 4463 2607 4490 ,
2658 4422 2907 4495 γεννήσει
2994 4420 3159 4497 θηρία
3238 4419 3411 4478 λεπτὰ
3491 4424 3819 4502 σαρκοφάγα
3844 4472 3862 4499 ,

421 4517 741 4586 currentia,
773 4517 1168 4585 devorabunt;
1221 4516 1500 4571 nimirum
1553 4520 1791 4588 propter
1837 4521 2077 4588 peccata

2215 4510 2271 4565 ,αὶ
2304 4510 2672 4585 ἀνατρέχοντα
2712 4508 2789 4572 εἷς
2839 4508 3031 4579 αὐτὰς,
3066 4509 3356 4582 κατεσθίει,
3391 4508 3480 4566 διὰ
3525 4511 3622 4576 τὰς
3668 4514 3857 4588 ἁμαρ-

417 4607 651 4662 venisse
682 4622 883 4678 paenae
915 4605 1367 4662 erudiendo:ex
1418 4604 1671 4678 peccatis
1724 4605 1885 4661 nasci
1939 4604 2074 4663 illas

2219 4598 2301 4664 ίας
2382 4598 2625 4674 γίνεσθαι
2704 4598 2801 4661 τὰς
2886 4595 3145 4664 κολάσεις
3227 4595 3520 4657 διδάσκων.
3580 4602 3676 4659 Ἐκ
3736 4607 3857 4660 τῶν

419 4695 583 4763 dicit,
619 4694 796 4750 sicuti
831 4699 1069 4767 propter
1098 4700 1336 4767 pecca‘a
1365 4695 1739 4751 venundatus
1768 4699 1857 4751 est
1888 4711 2070 4767 popu-

2215 4690 2464 4765 ,μαρτίῶν
2551 4693 2853 4781 γεννᾶσθαιΔ
2926 4686 3094 4749 αὐτάς
3182 4709 3370 4781 ιρησιν,
3426 4689 3502 4753 ὡς
3580 4686 3669 4746 διὰ
3747 4693 3856 4756 τὰς

413 4783 545 4853 lus;
580 4784 856 4856 quodque
885 4784 942 4839 in
975 4783 1276 4840 Christum
1309 4783 1545 4839 credere
1575 4781 1788 4851 noluit,
1813 4783 1900 4840 uti
1931 4784 2072 4844 dicit

2220 4777 2449 4854 μαρτίας
2497 4775 2706 4853 ἐπράθη
2759 4777 2787 4832 6
2835 4773 2971 4841 λαός
3007 4796 3021 4809 ο
3057 4775 3155 4831 καῖ
3184 4773 3276 4833 διὰ
3326 4778 3428 4848 τὴν
3478 4777 3558 4843 είς
3610 4781 3857 4856 Χριστὸν

412 4871 755 4946 Apostolus,
784 4889 819 4928 a
847 4871 1221 4945 serpentibus
1252 4871 1655 4928 mordebatur.

491 5055 550 5108 L.
602 5050 754 5108 Dixit
794 5051 1052 5124 quadam
1100 5065 1299 5120 senex,
1346 5048 1570 5105 animal
1619 5063 1751 5105 esse
1798 5050 1957 5121 quod
2008 5049 2067 5107 in

481 5203 564 5277 (α)
595 5203 730 5260 Luc.
761 5219 916 5270 xxiv,
947 5203 1037 5258 34.

472 5374 585 5446 (63)
607 5372 760 5446 Kurd;
805 5372 978 5446 αῖνόνλ
1010 5390 1129 5446 σου.
1178 5372 1241 5427 Α.
1299 5370 1614 5446 legendum
1648 5443 1657 5446 Α
1691 5371 2049 5446 suspicatur,

1116 5200 1190 5274 (ὁ)
1216 5198 1373 5257 Psal.
1404 5217 1544 5269 xvn,
1577 5201 1667 5259 43.
1718 5201 1814 5274 ’(ο)
1847 5200 1994 5257 lbid.
2024 5202 2119 5259 51.

2181 4866 2455 4936 ἀπιστίαν,
2487 4864 2562 4928 ὡς
2619 4866 2784 4942 φησὶν
2837 4866 2868 4922 6
2923 4861 3286 4939 ’Δπόστολος,
3343 4866 3448 4923 ὑπὸ
3491 4871 3602 4924 τῶν
3662 4863 3855 4944 ὄφεων

2179 4953 2489 5012 έδάκνοντο.

2249 5045 2328 5102 Νό
2360 5044 2558 5119 Ἔλεγε
2585 5036 2895 5118 πρεσϐύτης
2946 5044 3087 5114 ζῶον
3118 5043 3253 5102 εἶναι
3290 5043 3357 5102 τὸ
3402 5045 3540 5103 κατά
3579 5047 3851 5126 γαστρόςο

2283 5196 2347 5258 Ρ.
2375 5197 2479 5254 991
2509 5197 2623 5254 ED.
2656 5196 2953 5256 POTTER.

2378 5369 2734 5446 ’ᾼναστρέιρει
2780 5367 2870 5446 ἐπὶ
2924 5367 3127 5446 μόνους
3169 5369 3305 5446 τοὺς
3348 5368 3403 5427 έν
3435 5369 3614 5446 σαρκί.
3645 5372 3838 5433 Paulo

396 5436 537 5509 καὸὰ
569 5436 657 5507 ἐἰς
704 5443 905 5504 αἰῶνας
954 5438 1270 5518 δεδόξασται
1304 5436 1533 5518 '__alludi
1565 5443 1724 5498 enim
1757 5436 1826 5498 ad
1862 5436 2053 5518 locum

2215 5436 2634 5518 ielius_&vaorp°
2655 5436 2748 5496 ’ἔτι
2777 5436 3032 5518 μένοντας
3061 5440 3115 5498 έν
3148 5444 3328 5518 σαρκί,
3359 5436 3541 5502 adhuc
3585 5462 3842 5504 commo-

395 5518 519 5591 qui_
548 5523 636 5591 est
675 5522 810 5591 Bap.
846 5532 931 5591 nr.
966 5518 1029 5571 In
1083 5517 1231 5570 Flor.
1265 5516 1406 5571 edit.
1439 5519 1713 5585 corrupte
1766 5515 2051 5586 scriptum

2215 5513 2442 5591 utilesin
2476 5513 2914 5591 Irae—carneiut
2941 5513 3261 5591 ἀναστρέφει
3307 5521 3409 5586 τῆς
3452 5517 3842 5591 προπαθείας

394 5585 533 5641 κατᾶ
560 5585 846 5640 αἰνονόσω.
882 5587 1174 5643 SYLBURG.

466 5658 580 5729 (64)
610 5659 725 5729 Τῆς
752 5657 1004 5719 κτίσεως.
1033 5659 1240 5728 Aptius
1267 5658 1366 5726 τῆς
1394 5657 1664 5726 κτήσεως,
1687 5656 2057 5729 (requisitions

399 5737 451 5786 et
475 5727 815 5802 possessione
844 5727 1110 5802 bonorum
1137 5746 1158 5784 :
1185 5730 1449 5802 itemque
1487 5744 1625 5784 mox
1663 5727 1771 5795 τὴν
1809 5732 2002 5797 κτῆσιν
2035 5746 2049 5761 ·

400 5798 795 5857 ιιιίιοοιαηηι
822 5799 1154 5871 sequentia.
1177 5801 1262 5858 In.

2160 5799 2225 5858 In

2164 5602 2268 5711 per
2317 5585 2550 5709 eilipsin
2602 5587 3030 5658 praepositionis
3059 5585 3167 5642 ἀπό
3187 5585 3422 5645 dictum
3452 5585 3555 5659 sit,
3590 5595 3656 5646 ut
3683 5590 3835 5647 alibi

2198 5675 2333 5711 νακα
2377 5675 2446 5711 ει.
2479 5656 2762 5711 Susum.

2198 5652 2446 5712 νακαλεῖ.
2479 5652 2762 5714 Βγιὲυιιὰ.

2233 5727 2350 5801 (66)
2379 5726 2598 5801 Πείρας.
2629 5729 2755 5787 Non
2788 5727 2942 5788 male
2998 5745 3135 5787 cum
3188 5730 3549 5805 H.1egemus
3599 5729 3829 5807 μοίρας.
