  <div class='ocr_page' id='page_1' title='image "/cluster/home/n/w/nwhite01/storage/ocr_20150623/9/coo.31924054872886/368.png"; bbox 0 0 4124 6422; ppageno 0'>
   <div class='ocr_carea' id='block_1_1' title="bbox 309 461 419 516">
    <p class='ocr_par' dir='ltr' id='par_1_1' title="bbox 309 461 419 516">
     <span class='ocr_line' id='line_1_1' title="bbox 309 461 419 516; baseline 0.018 -2"><span class='ocrx_word' id='word_1_1' title='bbox 309 461 419 516; x_wconf 88' lang='grc'>721</span> 
     </span>
    </p>
   </div>
   <div class='ocr_carea' id='block_1_2' title="bbox 1132 459 2942 520">
    <p class='ocr_par' dir='ltr' id='par_1_2' title="bbox 1132 459 2942 520">
     <span class='ocr_line' id='line_1_2' title="bbox 1132 459 2942 520; baseline 0.002 -6"><span class='ocrx_word' id='word_1_2' title='bbox 1132 462 1380 517; x_wconf 78' lang='lat' dir='ltr'>DUBIA.</span> <span class='ocrx_word' id='word_1_3' title='bbox 1413 489 1480 500; x_wconf 94' lang='lat'>—</span> <span class='ocrx_word' id='word_1_4' title='bbox 1510 460 1812 517; x_wconf 67' lang='lat' dir='ltr'>ECLOGJE</span> <span class='ocrx_word' id='word_1_5' title='bbox 1849 460 1950 514; x_wconf 80' lang='lat' dir='ltr'><strong>EX</strong></span> <span class='ocrx_word' id='word_1_6' title='bbox 1985 459 2412 516; x_wconf 80' lang='lat' dir='ltr'>SCRIPTURIS</span> <span class='ocrx_word' id='word_1_7' title='bbox 2449 465 2942 520; x_wconf 79' lang='lat' dir='ltr'>PROPHETlCIS.</span> 
     </span>
    </p>
   </div>
   <div class='ocr_carea' id='block_1_3' title="bbox 3640 468 3748 523">
    <p class='ocr_par' dir='ltr' id='par_1_3' title="bbox 3640 468 3748 523">
     <span class='ocr_line' id='line_1_3' title="bbox 3640 468 3748 523; baseline 0.009 -1"><span class='ocrx_word' id='word_1_8' title='bbox 3640 468 3748 523; x_wconf 80' lang='lat'>722</span> 
     </span>
    </p>
   </div>
   <div class='ocr_carea' id='block_1_4' title="bbox 308 581 1958 660">
    <p class='ocr_par' dir='ltr' id='par_1_4' title="bbox 308 581 1958 658">
     <span class='ocr_line' id='line_1_4' title="bbox 308 581 1958 658; baseline -0.004 -17"><span class='ocrx_word' id='word_1_9' title='bbox 308 584 590 641; x_wconf 74' lang='grc' dir='ltr'>εἶσιοῦσαν</span> <span class='ocrx_word' id='word_1_10' title='bbox 650 582 754 658; x_wconf 77' lang='grc' dir='ltr'>γὰρ</span> <span class='ocrx_word' id='word_1_11' title='bbox 811 584 908 652; x_wconf 76' lang='grc' dir='ltr'>τήν</span> <span class='ocrx_word' id='word_1_12' title='bbox 968 583 1153 658; x_wconf 77' lang='grc' dir='ltr'>ψυχῆν</span> <span class='ocrx_word' id='word_1_13' title='bbox 1199 581 1276 644; x_wconf 74' lang='grc' dir='ltr'>εἰς</span> <span class='ocrx_word' id='word_1_14' title='bbox 1331 581 1430 650; x_wconf 84' lang='grc' dir='ltr'>τήν</span> <span class='ocrx_word' id='word_1_15' title='bbox 1490 583 1701 656; x_wconf 80' lang='grc' dir='ltr'>μήτραν</span> <span class='ocrx_word' id='word_1_16' title='bbox 1731 581 1837 636; x_wconf 79' lang='grc' dir='ltr'>ἀπὸ</span> <span class='ocrx_word' id='word_1_17' title='bbox 1867 587 1958 651; x_wconf 79' lang='grc' dir='ltr'>τῆς</span> 
     </span>
    </p>
   </div>
   <div class='ocr_carea' id='block_1_5' title="bbox 2079 581 3742 660">
    <p class='ocr_par' dir='ltr' id='par_1_5' title="bbox 2083 585 3742 660">
     <span class='ocr_line' id='line_1_5' title="bbox 2083 585 3742 660; baseline 0.006 -23"><span class='ocrx_word' id='word_1_18' title='bbox 2083 591 2281 639; x_wconf 78' lang='lat' dir='ltr'>ventre</span> <span class='ocrx_word' id='word_1_19' title='bbox 2304 585 2618 656; x_wconf 88' lang='lat' dir='ltr'>reperitur.</span> <span class='ocrx_word' id='word_1_20' title='bbox 2654 588 2985 660; x_wconf 87' lang='lat' dir='ltr'>lngressam</span> <span class='ocrx_word' id='word_1_21' title='bbox 3010 589 3167 644; x_wconf 91' lang='lat' dir='ltr'>enim</span> <span class='ocrx_word' id='word_1_22' title='bbox 3203 589 3459 645; x_wconf 89' lang='lat' dir='ltr'>animam</span> <span class='ocrx_word' id='word_1_23' title='bbox 3503 591 3561 646; x_wconf 89' lang='lat' dir='ltr'>in</span> <span class='ocrx_word' id='word_1_24' title='bbox 3613 608 3742 647; x_wconf 88' lang='lat' dir='ltr'>ma-</span> 
     </span>
    </p>
   </div>
   <div class='ocr_carea' id='block_1_6' title="bbox 308 670 1974 749">
    <p class='ocr_par' dir='ltr' id='par_1_6' title="bbox 308 670 1974 749">
     <span class='ocr_line' id='line_1_6' title="bbox 308 670 1974 749; baseline -0.004 -19"><span class='ocrx_word' id='word_1_25' title='bbox 308 674 627 749; x_wconf 79' lang='grc' dir='ltr'>καθάρσεως</span> <span class='ocrx_word' id='word_1_26' title='bbox 661 670 1100 746; x_wconf 82' lang='grc' dir='ltr'>ηὐτρεπισμένην</span> <span class='ocrx_word' id='word_1_27' title='bbox 1135 670 1213 726; x_wconf 70' lang='grc' dir='ltr'>εἷς</span> <span class='ocrx_word' id='word_1_28' title='bbox 1263 670 1563 745; x_wconf 75' lang='grc' dir='ltr'>σύλληψιν,</span> <span class='ocrx_word' id='word_1_29' title='bbox 1624 671 1713 725; x_wconf 83' lang='grc' dir='ltr'>καὶ</span> <span class='ocrx_word' id='word_1_30' title='bbox 1767 670 1974 747; x_wconf 79' lang='grc' dir='ltr'>εἰσκρι-</span> 
     </span>
    </p>
   </div>
   <div class='ocr_carea' id='block_1_7' title="bbox 312 758 1972 837">
    <p class='ocr_par' dir='ltr' id='par_1_7' title="bbox 312 758 1972 837">
     <span class='ocr_line' id='line_1_7' title="bbox 312 758 1972 837; baseline -0.002 -19"><span class='ocrx_word' id='word_1_31' title='bbox 312 769 496 829; x_wconf 79' lang='grc' dir='ltr'>θεῖσαν</span> <span class='ocrx_word' id='word_1_32' title='bbox 529 760 634 817; x_wconf 80' lang='grc' dir='ltr'>ὑπό</span> <span class='ocrx_word' id='word_1_33' title='bbox 665 782 814 825; x_wconf 91' lang='grc' dir='ltr'>τινος</span> <span class='ocrx_word' id='word_1_34' title='bbox 840 765 948 816; x_wconf 91' lang='grc' dir='ltr'>τῶν</span> <span class='ocrx_word' id='word_1_35' title='bbox 991 764 1061 834; x_wconf 83' lang='grc' dir='ltr'>τῇ</span> <span class='ocrx_word' id='word_1_36' title='bbox 1109 759 1309 834; x_wconf 87' lang='grc' dir='ltr'>γενέσει</span> <span class='ocrx_word' id='word_1_37' title='bbox 1344 760 1664 837; x_wconf 77' lang='grc' dir='ltr'>ἐφεστώτων</span> <span class='ocrx_word' id='word_1_38' title='bbox 1697 758 1972 836; x_wconf 84' lang='grc' dir='ltr'>ἀγγέλων,</span> 
     </span>
    </p>
   </div>
   <div class='ocr_carea' id='block_1_8' title="bbox 310 847 1972 929">
    <p class='ocr_par' dir='ltr' id='par_1_8' title="bbox 310 847 1972 929">
     <span class='ocr_line' id='line_1_8' title="bbox 310 847 1972 929; baseline -0.002 -21"><span class='ocrx_word' id='word_1_39' title='bbox 310 849 832 929; x_wconf 84' lang='grc' dir='ltr'>παραγινώσκοντος</span> <span class='ocrx_word' id='word_1_40' title='bbox 876 849 968 904; x_wconf 87' lang='grc' dir='ltr'>τὸν</span> <span class='ocrx_word' id='word_1_41' title='bbox 1024 849 1212 925; x_wconf 88' lang='grc' dir='ltr'>καιρὸν</span> <span class='ocrx_word' id='word_1_42' title='bbox 1253 856 1354 919; x_wconf 90' lang='grc' dir='ltr'>τῆς</span> <span class='ocrx_word' id='word_1_43' title='bbox 1399 847 1754 923; x_wconf 72' lang='grc' dir='ltr'>συλλήψεως,</span> <span class='ocrx_word' id='word_1_44' title='bbox 1803 854 1972 904; x_wconf 79' lang='grc' dir='ltr'>κινεῖν</span> 
     </span>
    </p>
   </div>
   <div class='ocr_carea' id='block_1_9' title="bbox 308 933 1972 1013">
    <p class='ocr_par' dir='ltr' id='par_1_9' title="bbox 308 933 1972 1013">
     <span class='ocr_line' id='line_1_9' title="bbox 308 933 1972 1013; baseline -0.004 -15"><span class='ocrx_word' id='word_1_45' title='bbox 308 941 450 1012; x_wconf 84' lang='grc' dir='ltr'>πρὸς</span> <span class='ocrx_word' id='word_1_46' title='bbox 481 939 770 996; x_wconf 78' lang='grc' dir='ltr'>συνουσίαν</span> <span class='ocrx_word' id='word_1_47' title='bbox 813 939 912 1008; x_wconf 80' lang='grc' dir='ltr'>τὴν</span> <span class='ocrx_word' id='word_1_48' title='bbox 967 943 1218 1013; x_wconf 84' lang='grc' dir='ltr'>γυναῖκα.</span> <span class='ocrx_word' id='word_1_49' title='bbox 1278 933 1738 1008; x_wconf 74' lang='grc' dir='ltr'>Καταϐληθέντος</span> <span class='ocrx_word' id='word_1_50' title='bbox 1790 935 1847 992; x_wconf 73' lang='grc' dir='ltr'>δὲ</span> <span class='ocrx_word' id='word_1_51' title='bbox 1875 942 1972 992; x_wconf 78' lang='grc' dir='ltr'>τοῦ</span> 
     </span>
    </p>
   </div>
   <div class='ocr_carea' id='block_1_10' title="bbox 309 1025 1970 1106">
    <p class='ocr_par' dir='ltr' id='par_1_10' title="bbox 309 1025 1970 1106">
     <span class='ocr_line' id='line_1_10' title="bbox 309 1025 1970 1106; baseline -0.004 -19"><span class='ocrx_word' id='word_1_52' title='bbox 309 1028 645 1106; x_wconf 77' lang='grc' dir='ltr'>σπέρματος,</span> <span class='ocrx_word' id='word_1_53' title='bbox 680 1027 755 1090; x_wconf 83' lang='grc' dir='ltr'>ὡς</span> <span class='ocrx_word' id='word_1_54' title='bbox 786 1027 978 1095; x_wconf 80' lang='grc' dir='ltr'>εἰπεῖν,</span> <span class='ocrx_word' id='word_1_55' title='bbox 1036 1025 1426 1098; x_wconf 79' lang='grc' dir='ltr'>έξοικειοῦσθαι</span> <span class='ocrx_word' id='word_1_56' title='bbox 1460 1027 1521 1081; x_wconf 88' lang='grc' dir='ltr'>τὸ</span> <span class='ocrx_word' id='word_1_57' title='bbox 1567 1026 1620 1081; x_wconf 83' lang='grc' dir='ltr'>ἐν</span> <span class='ocrx_word' id='word_1_58' title='bbox 1676 1030 1756 1098; x_wconf 78' lang='grc' dir='ltr'>τῷ</span> <span class='ocrx_word' id='word_1_59' title='bbox 1804 1025 1970 1100; x_wconf 76' lang='grc' dir='ltr'>σπέρ-</span> 
     </span>
    </p>
   </div>
   <div class='ocr_carea' id='block_1_11' title="bbox 311 1111 1968 1194">
    <p class='ocr_par' dir='ltr' id='par_1_11' title="bbox 311 1111 1968 1194">
     <span class='ocr_line' id='line_1_11' title="bbox 311 1111 1968 1194; baseline -0.002 -18"><span class='ocrx_word' id='word_1_60' title='bbox 311 1142 442 1194; x_wconf 88' lang='grc' dir='ltr'>ματι</span> <span class='ocrx_word' id='word_1_61' title='bbox 492 1122 728 1192; x_wconf 78' lang='grc' dir='ltr'>πνεῦμα,</span> <span class='ocrx_word' id='word_1_62' title='bbox 776 1117 866 1172; x_wconf 83' lang='grc' dir='ltr'>καὶ</span> <span class='ocrx_word' id='word_1_63' title='bbox 915 1115 1059 1172; x_wconf 74' lang='grc' dir='ltr'>οὕτω</span> <span class='ocrx_word' id='word_1_64' title='bbox 1109 1111 1585 1189; x_wconf 79' lang='grc' dir='ltr'>συλλαμϐάνεσθαι</span> <span class='ocrx_word' id='word_1_65' title='bbox 1628 1118 1700 1189; x_wconf 72' lang='grc' dir='ltr'>τῇ</span> <span class='ocrx_word' id='word_1_66' title='bbox 1749 1114 1968 1172; x_wconf 75' lang='grc' dir='ltr'>πλάσει.</span> 
     </span>
    </p>
   </div>
   <div class='ocr_carea' id='block_1_12' title="bbox 307 1202 1968 1286">
    <p class='ocr_par' dir='ltr' id='par_1_12' title="bbox 307 1202 1968 1286">
     <span class='ocr_line' id='line_1_12' title="bbox 307 1202 1968 1286; baseline -0.004 -21"><span class='ocrx_word' id='word_1_67' title='bbox 307 1207 624 1286; x_wconf 77' lang='grc' dir='ltr'>Μαρτύριον</span> <span class='ocrx_word' id='word_1_68' title='bbox 680 1205 964 1278; x_wconf 75' lang='grc' dir='ltr'>ὠνόμασεν</span> <span class='ocrx_word' id='word_1_69' title='bbox 1017 1210 1205 1272; x_wconf 75' lang='grc' dir='ltr'>πᾶσιν,</span> <span class='ocrx_word' id='word_1_70' title='bbox 1263 1205 1503 1276; x_wconf 69' lang='grc' dir='ltr'>τ’πηνίκα</span> <span class='ocrx_word' id='word_1_71' title='bbox 1562 1204 1624 1260; x_wconf 75' lang='grc' dir='ltr'>ἂν</span> <span class='ocrx_word' id='word_1_72' title='bbox 1680 1202 1968 1279; x_wconf 83' lang='grc' dir='ltr'>εὐαγγελί-</span> 
     </span>
    </p>
   </div>
   <div class='ocr_carea' id='block_1_13' title="bbox 307 1293 1967 1370">
    <p class='ocr_par' dir='ltr' id='par_1_13' title="bbox 307 1293 1967 1370">
     <span class='ocr_line' id='line_1_13' title="bbox 307 1293 1967 1370; baseline -0.004 -17"><span class='ocrx_word' id='word_1_73' title='bbox 307 1297 590 1369; x_wconf 73' lang='grc' dir='ltr'>ζωνταιοῖ</span> <span class='ocrx_word' id='word_1_74' title='bbox 651 1293 878 1370; x_wconf 74' lang='grc' dir='ltr'>ἄγγελοι</span> <span class='ocrx_word' id='word_1_75' title='bbox 920 1294 1017 1356; x_wconf 69' lang='grc' dir='ltr'>τὰς</span> <span class='ocrx_word' id='word_1_76' title='bbox 1085 1293 1298 1369; x_wconf 82' lang='grc' dir='ltr'>στείρας</span> <span class='ocrx_word' id='word_1_77' title='bbox 1358 1297 1473 1349; x_wconf 84' lang='grc' dir='ltr'>οἷον</span> <span class='ocrx_word' id='word_1_78' title='bbox 1532 1293 1967 1368; x_wconf 89' lang='grc' dir='ltr'>προεισκρίνουσι</span> 
     </span>
    </p>
   </div>
   <div class='ocr_carea' id='block_1_14' title="bbox 300 1379 1966 1458">
    <p class='ocr_par' dir='ltr' id='par_1_14' title="bbox 300 1379 1966 1458">
     <span class='ocr_line' id='line_1_14' title="bbox 300 1379 1966 1458; baseline -0.004 -15"><span class='ocrx_word' id='word_1_79' title='bbox 300 1390 404 1454; x_wconf 81' lang='grc' dir='ltr'>τῆς</span> <span class='ocrx_word' id='word_1_80' title='bbox 454 1384 787 1458; x_wconf 81' lang='grc' dir='ltr'>συλλήψεως</span> <span class='ocrx_word' id='word_1_81' title='bbox 827 1382 922 1446; x_wconf 81' lang='grc' dir='ltr'>τὰς</span> <span class='ocrx_word' id='word_1_82' title='bbox 947 1382 1151 1458; x_wconf 73' lang='grc' dir='ltr'>ψυχὰς·</span> <span class='ocrx_word' id='word_1_83' title='bbox 1197 1384 1284 1438; x_wconf 77' lang='grc' dir='ltr'>καὶ</span> <span class='ocrx_word' id='word_1_84' title='bbox 1325 1383 1375 1437; x_wconf 80' lang='grc' dir='ltr'>ἐν</span> <span class='ocrx_word' id='word_1_85' title='bbox 1427 1387 1507 1456; x_wconf 76' lang='grc' dir='ltr'>τῷ</span> <span class='ocrx_word' id='word_1_86' title='bbox 1555 1379 1876 1457; x_wconf 83' lang='grc' dir='ltr'>Εὐαγγελίῳ</span> <span class='ocrx_word' id='word_1_87' title='bbox 1903 1382 1966 1436; x_wconf 89' lang='grc' dir='ltr'>τὸ</span> 
     </span>
    </p>
   </div>
   <div class='ocr_carea' id='block_1_15' title="bbox 307 1467 1970 1553">
    <p class='ocr_par' dir='ltr' id='par_1_15' title="bbox 307 1467 1970 1553">
     <span class='ocr_line' id='line_1_15' title="bbox 307 1467 1970 1553; baseline -0.004 -22"><span class='ocrx_word' id='word_1_88' title='bbox 307 1475 610 1553; x_wconf 79' lang='grc' dir='ltr'>βρέφυςέσκ</span> <span class='ocrx_word' id='word_1_89' title='bbox 639 1473 934 1550; x_wconf 85' lang='grc' dir='ltr'>ίρτησενὼς</span> <span class='ocrx_word' id='word_1_90' title='bbox 986 1471 1236 1548; x_wconf 76' lang='grc' dir='ltr'>ἔμψυχον</span> <span class='ocrx_word' id='word_1_91' title='bbox 1271 1474 1404 1546; x_wconf 83' lang='grc'>(67)’</span> <span class='ocrx_word' id='word_1_92' title='bbox 1438 1480 1526 1527; x_wconf 86' lang='grc' dir='ltr'><strong>καί</strong></span> <span class='ocrx_word' id='word_1_93' title='bbox 1559 1473 1612 1526; x_wconf 70' lang='grc' dir='ltr'>αἱ</span> <span class='ocrx_word' id='word_1_94' title='bbox 1644 1477 1847 1547; x_wconf 83' lang='grc' dir='ltr'>στεῖραι</span> <span class='ocrx_word' id='word_1_95' title='bbox 1880 1467 1970 1525; x_wconf 80' lang='grc' dir='ltr'>διὰ</span> 
     </span>
    </p>
   </div>
   <div class='ocr_carea' id='block_1_16' title="bbox 300 1559 1962 1637">
    <p class='ocr_par' dir='ltr' id='par_1_16' title="bbox 300 1559 1962 1637">
     <span class='ocr_line' id='line_1_16' title="bbox 300 1559 1962 1637; baseline -0.004 -17"><span class='ocrx_word' id='word_1_96' title='bbox 300 1563 464 1620; x_wconf 78' lang='grc' dir='ltr'>τοῦτό</span> <span class='ocrx_word' id='word_1_97' title='bbox 512 1563 616 1618; x_wconf 79' lang='grc' dir='ltr'>εἶσι</span> <span class='ocrx_word' id='word_1_98' title='bbox 667 1567 894 1637; x_wconf 78' lang='grc' dir='ltr'>στεῖραι,</span> <span class='ocrx_word' id='word_1_99' title='bbox 944 1562 1018 1623; x_wconf 86' lang='grc' dir='ltr'>ὡς</span> <span class='ocrx_word' id='word_1_100' title='bbox 1067 1560 1126 1616; x_wconf 75' lang='grc' dir='ltr'>ἂν</span> <span class='ocrx_word' id='word_1_101' title='bbox 1180 1563 1257 1634; x_wconf 76' lang='grc' dir='ltr'>μὴ</span> <span class='ocrx_word' id='word_1_102' title='bbox 1296 1559 1702 1637; x_wconf 79' lang='grc' dir='ltr'>εἶσκρινομένης</span> <span class='ocrx_word' id='word_1_103' title='bbox 1731 1567 1832 1630; x_wconf 84' lang='grc' dir='ltr'>τῆς</span> <span class='ocrx_word' id='word_1_104' title='bbox 1861 1560 1962 1628; x_wconf 78' lang='grc' dir='ltr'>τήν</span> 
     </span>
    </p>
   </div>
   <div class='ocr_carea' id='block_1_17' title="bbox 300 1645 1963 1729">
    <p class='ocr_par' dir='ltr' id='par_1_17' title="bbox 300 1645 1963 1729">
     <span class='ocr_line' id='line_1_17' title="bbox 300 1645 1963 1729; baseline -0.004 -19"><span class='ocrx_word' id='word_1_105' title='bbox 300 1659 400 1711; x_wconf 78' lang='grc' dir='ltr'>τοῦ</span> <span class='ocrx_word' id='word_1_106' title='bbox 460 1654 775 1729; x_wconf 85' lang='grc' dir='ltr'>σπέρματος</span> <span class='ocrx_word' id='word_1_107' title='bbox 828 1645 1141 1720; x_wconf 75' lang='grc' dir='ltr'>καταϐολὴν</span> <span class='ocrx_word' id='word_1_108' title='bbox 1203 1649 1542 1726; x_wconf 63' lang='grc' dir='ltr'>συναγούσης</span> <span class='ocrx_word' id='word_1_109' title='bbox 1594 1649 1666 1712; x_wconf 62' lang='grc' dir='ltr'>εῗς</span> <span class='ocrx_word' id='word_1_110' title='bbox 1715 1651 1963 1725; x_wconf 73' lang='grc' dir='ltr'>κατοχὴν</span> 
     </span>
    </p>
   </div>
   <div class='ocr_carea' id='block_1_18' title="bbox 303 1741 1109 1819">
    <p class='ocr_par' dir='ltr' id='par_1_18' title="bbox 303 1741 1109 1819">
     <span class='ocr_line' id='line_1_18' title="bbox 303 1741 1109 1819; baseline -0.006 -19"><span class='ocrx_word' id='word_1_111' title='bbox 303 1741 640 1819; x_wconf 72' lang='grc' dir='ltr'>συλλήψεως</span> <span class='ocrx_word' id='word_1_112' title='bbox 671 1742 761 1797; x_wconf 79' lang='grc' dir='ltr'>καὶ</span> <span class='ocrx_word' id='word_1_113' title='bbox 790 1743 1109 1818; x_wconf 88' lang='grc' dir='ltr'>γεννήσεως.</span> 
     </span>
    </p>
   </div>
   <div class='ocr_carea' id='block_1_19' title="bbox 378 2003 1960 2083">
    <p class='ocr_par' dir='ltr' id='par_1_19' title="bbox 378 2003 1960 2083">
     <span class='ocr_line' id='line_1_19' title="bbox 378 2003 1960 2083; baseline -0.002 -18"><span class='ocrx_word' id='word_1_114' title='bbox 378 2010 505 2068; x_wconf 71' lang='lat' dir='ltr'>NA&#39;.</span> <span class='ocrx_word' id='word_1_115' title='bbox 563 2008 630 2066; x_wconf 77' lang='grc' dir='ltr'>Οἱ</span> <span class='ocrx_word' id='word_1_116' title='bbox 686 2005 906 2082; x_wconf 66' lang='grc' dir='ltr'>οὐρανοὶ</span> <span class='ocrx_word' id='word_1_117' title='bbox 959 2008 1071 2080; x_wconf 83' lang='grc'>(68)</span> <span class='ocrx_word' id='word_1_118' title='bbox 1121 2003 1436 2083; x_wconf 77' lang='grc' dir='ltr'>διηγοῦνται</span> <span class='ocrx_word' id='word_1_119' title='bbox 1494 2004 1649 2077; x_wconf 80' lang='grc' dir='ltr'>δόξαν</span> <span class='ocrx_word' id='word_1_120' title='bbox 1700 2010 1858 2066; x_wconf 69' lang='grc' dir='ltr'>Θεοῦ,</span> <span class='ocrx_word' id='word_1_121' title='bbox 1893 2006 1960 2064; x_wconf 76' lang='grc' dir='ltr'>Οἱ</span> 
     </span>
    </p>
   </div>
   <div class='ocr_carea' id='block_1_20' title="bbox 305 2092 1962 2175">
    <p class='ocr_par' dir='ltr' id='par_1_20' title="bbox 305 2092 1962 2175">
     <span class='ocr_line' id='line_1_20' title="bbox 305 2092 1962 2175; baseline -0.003 -20"><span class='ocrx_word' id='word_1_122' title='bbox 305 2097 530 2175; x_wconf 78' lang='grc' dir='ltr'>οὐρανοὶ</span> <span class='ocrx_word' id='word_1_123' title='bbox 559 2096 809 2173; x_wconf 86' lang='grc' dir='ltr'>λέγονται</span> <span class='ocrx_word' id='word_1_124' title='bbox 867 2092 1201 2171; x_wconf 80' lang='grc' dir='ltr'>πολλαχῶς,</span> <span class='ocrx_word' id='word_1_125' title='bbox 1258 2095 1346 2150; x_wconf 78' lang='grc' dir='ltr'>καὶ</span> <span class='ocrx_word' id='word_1_126' title='bbox 1407 2095 1458 2150; x_wconf 72' lang='grc' dir='ltr'>οἱ</span> <span class='ocrx_word' id='word_1_127' title='bbox 1516 2095 1653 2151; x_wconf 83' lang='grc' dir='ltr'>κατὰ</span> <span class='ocrx_word' id='word_1_128' title='bbox 1684 2093 1962 2169; x_wconf 82' lang='grc' dir='ltr'>διάστημα</span> 
     </span>
    </p>
   </div>
   <div class='ocr_carea' id='block_1_21' title="bbox 305 2181 1943 2260">
    <p class='ocr_par' dir='ltr' id='par_1_21' title="bbox 305 2181 1943 2260">
     <span class='ocr_line' id='line_1_21' title="bbox 305 2181 1943 2260; baseline -0.003 -16"><span class='ocrx_word' id='word_1_129' title='bbox 305 2187 397 2244; x_wconf 76' lang='grc' dir='ltr'>καὶ</span> <span class='ocrx_word' id='word_1_130' title='bbox 429 2183 702 2260; x_wconf 74' lang='grc' dir='ltr'>περίοδον,</span> <span class='ocrx_word' id='word_1_131' title='bbox 750 2183 840 2240; x_wconf 83' lang='grc' dir='ltr'>καὶ</span> <span class='ocrx_word' id='word_1_132' title='bbox 896 2185 949 2239; x_wconf 78' lang='lat' dir='ltr'>oi.</span> <span class='ocrx_word' id='word_1_133' title='bbox 1005 2186 1141 2239; x_wconf 82' lang='grc' dir='ltr'>κατᾶ</span> <span class='ocrx_word' id='word_1_134' title='bbox 1182 2181 1449 2256; x_wconf 81' lang='grc' dir='ltr'>διαθήκην</span> <span class='ocrx_word' id='word_1_135' title='bbox 1499 2190 1607 2239; x_wconf 88' lang='grc' dir='ltr'>τῶν</span> <span class='ocrx_word' id='word_1_136' title='bbox 1667 2183 1943 2258; x_wconf 78' lang='grc' dir='ltr'>πρωτοκτί</span> 
     </span>
    </p>
   </div>
   <div class='ocr_carea' id='block_1_22' title="bbox 309 2271 1957 2351">
    <p class='ocr_par' dir='ltr' id='par_1_22' title="bbox 309 2271 1957 2351">
     <span class='ocr_line' id='line_1_22' title="bbox 309 2271 1957 2351; baseline -0.004 -18"><span class='ocrx_word' id='word_1_137' title='bbox 309 2298 449 2333; x_wconf 86' lang='grc' dir='ltr'>στων</span> <span class='ocrx_word' id='word_1_138' title='bbox 501 2271 740 2351; x_wconf 82' lang='grc' dir='ltr'>ἀγγέλων</span> <span class='ocrx_word' id='word_1_139' title='bbox 797 2274 1040 2350; x_wconf 80' lang='grc' dir='ltr'>ἐνέργεια</span> <span class='ocrx_word' id='word_1_140' title='bbox 1083 2276 1367 2350; x_wconf 84' lang='grc' dir='ltr'>προσεχής</span> <span class='ocrx_word' id='word_1_141' title='bbox 1429 2277 1562 2349; x_wconf 85' lang='grc'>(69)·</span> <span class='ocrx_word' id='word_1_142' title='bbox 1624 2275 1957 2350; x_wconf 71' lang='grc' dir='ltr'>κυριωτέραν</span> 
     </span>
    </p>
   </div>
   <div class='ocr_carea' id='block_1_23' title="bbox 306 2360 1960 2444">
    <p class='ocr_par' dir='ltr' id='par_1_23' title="bbox 306 2360 1960 2444">
     <span class='ocr_line' id='line_1_23' title="bbox 306 2360 1960 2444; baseline -0.002 -22"><span class='ocrx_word' id='word_1_143' title='bbox 306 2365 408 2444; x_wconf 76' lang='grc' dir='ltr'>γὰρ</span> <span class='ocrx_word' id='word_1_144' title='bbox 464 2364 754 2441; x_wconf 77' lang='grc' dir='ltr'>παρουσίαν</span> <span class='ocrx_word' id='word_1_145' title='bbox 791 2361 1043 2439; x_wconf 84' lang='grc' dir='ltr'>ἀγγέλων</span> <span class='ocrx_word' id='word_1_146' title='bbox 1075 2364 1131 2418; x_wconf 72' lang='grc' dir='ltr'>αἱ</span> <span class='ocrx_word' id='word_1_147' title='bbox 1185 2360 1439 2434; x_wconf 80' lang='grc' dir='ltr'>διαθῆκαι</span> <span class='ocrx_word' id='word_1_148' title='bbox 1482 2363 1787 2439; x_wconf 80' lang='grc' dir='ltr'>ἐνήργησαν</span> <span class='ocrx_word' id='word_1_149' title='bbox 1825 2366 1960 2436; x_wconf 88' lang='grc'>(70),</span> 
     </span>
    </p>
   </div>
   <div class='ocr_carea' id='block_1_24' title="bbox 305 2447 1957 2528">
    <p class='ocr_par' dir='ltr' id='par_1_24' title="bbox 305 2447 1957 2528">
     <span class='ocr_line' id='line_1_24' title="bbox 305 2447 1957 2528; baseline -0.001 -19"><span class='ocrx_word' id='word_1_150' title='bbox 305 2458 338 2524; x_wconf 76' lang='grc' dir='ltr'>ἡ</span> <span class='ocrx_word' id='word_1_151' title='bbox 373 2453 460 2509; x_wconf 70' lang='grc' dir='ltr'>ἐπὶ</span> <span class='ocrx_word' id='word_1_152' title='bbox 493 2451 691 2526; x_wconf 72' lang='grc' dir='ltr'>Ἀδὰμ,</span> <span class='ocrx_word' id='word_1_153' title='bbox 744 2454 780 2522; x_wconf 73' lang='grc' dir='ltr'><strong>ἡ</strong></span> <span class='ocrx_word' id='word_1_154' title='bbox 814 2452 899 2507; x_wconf 83' lang='grc' dir='ltr'>ἐπὶ</span> <span class='ocrx_word' id='word_1_155' title='bbox 935 2456 1080 2525; x_wconf 84' lang='grc' dir='ltr'>Νῶε,</span> <span class='ocrx_word' id='word_1_156' title='bbox 1108 2455 1142 2522; x_wconf 80' lang='grc' dir='ltr'>ἡ</span> <span class='ocrx_word' id='word_1_157' title='bbox 1177 2451 1266 2506; x_wconf 78' lang='grc' dir='ltr'>ἐπὶ</span> <span class='ocrx_word' id='word_1_158' title='bbox 1300 2447 1574 2528; x_wconf 71' lang='grc' dir='ltr'>Ἀϐραὰμ,</span> <span class='ocrx_word' id='word_1_159' title='bbox 1608 2455 1642 2522; x_wconf 81' lang='grc' dir='ltr'><strong>ἡ</strong></span> <span class='ocrx_word' id='word_1_160' title='bbox 1676 2453 1759 2507; x_wconf 75' lang='grc' dir='ltr'>έπέ</span> <span class='ocrx_word' id='word_1_161' title='bbox 1795 2459 1957 2507; x_wconf 76' lang='grc' dir='ltr'>Μωϋ-</span> 
     </span>
    </p>
   </div>
   <div class='ocr_carea' id='block_1_25' title="bbox 303 2541 1958 2619">
    <p class='ocr_par' dir='ltr' id='par_1_25' title="bbox 303 2541 1958 2619">
     <span class='ocr_line' id='line_1_25' title="bbox 303 2541 1958 2619; baseline -0.001 -21"><span class='ocrx_word' id='word_1_162' title='bbox 303 2545 458 2606; x_wconf 83' lang='grc' dir='ltr'>σέως.</span> <span class='ocrx_word' id='word_1_163' title='bbox 510 2543 608 2598; x_wconf 75' lang='grc' dir='ltr'>Διὰ</span> <span class='ocrx_word' id='word_1_164' title='bbox 656 2541 759 2619; x_wconf 71' lang='grc' dir='ltr'>γὰρ</span> <span class='ocrx_word' id='word_1_165' title='bbox 806 2545 903 2596; x_wconf 82' lang='grc' dir='ltr'>τοῦ</span> <span class='ocrx_word' id='word_1_166' title='bbox 953 2541 1157 2618; x_wconf 85' lang='grc' dir='ltr'>Κυρίου</span> <span class='ocrx_word' id='word_1_167' title='bbox 1188 2541 1498 2612; x_wconf 81' lang='grc' dir='ltr'>κινηθέντες</span> <span class='ocrx_word' id='word_1_168' title='bbox 1557 2542 1958 2614; x_wconf 79' lang='grc' dir='ltr'>πρωτόκτιστοι</span> 
     </span>
    </p>
   </div>
   <div class='ocr_carea' id='block_1_26' title="bbox 299 2629 1958 2710">
    <p class='ocr_par' dir='ltr' id='par_1_26' title="bbox 299 2629 1958 2710">
     <span class='ocr_line' id='line_1_26' title="bbox 299 2629 1958 2710; baseline -0.002 -21"><span class='ocrx_word' id='word_1_169' title='bbox 299 2631 550 2710; x_wconf 79' lang='grc' dir='ltr'>ἄγγελοι,</span> <span class='ocrx_word' id='word_1_170' title='bbox 606 2631 866 2708; x_wconf 70' lang='grc' dir='ltr'>ἐνήργουν</span> <span class='ocrx_word' id='word_1_171' title='bbox 908 2629 984 2694; x_wconf 81' lang='grc' dir='ltr'>εἷς</span> <span class='ocrx_word' id='word_1_172' title='bbox 1014 2630 1142 2693; x_wconf 72' lang='grc' dir='ltr'>τοὺς</span> <span class='ocrx_word' id='word_1_173' title='bbox 1172 2637 1466 2707; x_wconf 81' lang='grc' dir='ltr'>προσεχεῖς</span> <span class='ocrx_word' id='word_1_174' title='bbox 1497 2637 1614 2693; x_wconf 82' lang='grc' dir='ltr'>τοῖς</span> <span class='ocrx_word' id='word_1_175' title='bbox 1646 2634 1958 2708; x_wconf 74' lang='grc' dir='ltr'>προφήταις</span> 
     </span>
    </p>
   </div>
   <div class='ocr_carea' id='block_1_27' title="bbox 301 2715 1962 2799">
    <p class='ocr_par' dir='ltr' id='par_1_27' title="bbox 301 2715 1962 2799">
     <span class='ocr_line' id='line_1_27' title="bbox 301 2715 1962 2799; baseline -0.002 -21"><span class='ocrx_word' id='word_1_176' title='bbox 301 2721 588 2799; x_wconf 82' lang='grc' dir='ltr'>ἀγγέλους,</span> <span class='ocrx_word' id='word_1_177' title='bbox 614 2720 911 2798; x_wconf 73' lang='grc' dir='ltr'>ἡγούμενοι</span> <span class='ocrx_word' id='word_1_178' title='bbox 957 2715 1111 2791; x_wconf 80' lang='grc' dir='ltr'>δόξαν</span> <span class='ocrx_word' id='word_1_179' title='bbox 1148 2723 1302 2789; x_wconf 73' lang='grc' dir='ltr'>Θεοῦ,</span> <span class='ocrx_word' id='word_1_180' title='bbox 1335 2722 1430 2780; x_wconf 73' lang='grc' dir='ltr'>τὰς</span> <span class='ocrx_word' id='word_1_181' title='bbox 1464 2718 1746 2792; x_wconf 75' lang='grc' dir='ltr'>διαθήκας.</span> <span class='ocrx_word' id='word_1_182' title='bbox 1783 2718 1962 2777; x_wconf 73' lang='grc' dir='ltr'>Ἀλλὰ</span> 
     </span>
    </p>
   </div>
   <div class='ocr_carea' id='block_1_28' title="bbox 296 2807 1957 2887">
    <p class='ocr_par' dir='ltr' id='par_1_28' title="bbox 296 2807 1957 2887">
     <span class='ocr_line' id='line_1_28' title="bbox 296 2807 1957 2887; baseline -0.001 -20"><span class='ocrx_word' id='word_1_183' title='bbox 296 2811 478 2867; x_wconf 80' lang='grc' dir='ltr'>καὶτᾶ</span> <span class='ocrx_word' id='word_1_184' title='bbox 505 2810 642 2866; x_wconf 84' lang='grc' dir='ltr'>κατᾶ</span> <span class='ocrx_word' id='word_1_185' title='bbox 687 2811 788 2881; x_wconf 79' lang='grc' dir='ltr'>τὴν</span> <span class='ocrx_word' id='word_1_186' title='bbox 838 2815 942 2885; x_wconf 86' lang='grc' dir='ltr'>γῆν</span> <span class='ocrx_word' id='word_1_187' title='bbox 987 2811 1256 2885; x_wconf 80' lang='grc' dir='ltr'>γενόμενα</span> <span class='ocrx_word' id='word_1_188' title='bbox 1302 2810 1390 2864; x_wconf 82' lang='grc' dir='ltr'>ὑπ’</span> <span class='ocrx_word' id='word_1_189' title='bbox 1433 2809 1681 2887; x_wconf 84' lang='grc' dir='ltr'>ἀγγέλων</span> <span class='ocrx_word' id='word_1_190' title='bbox 1716 2807 1805 2866; x_wconf 80' lang='grc' dir='ltr'>διὰ</span> <span class='ocrx_word' id='word_1_191' title='bbox 1849 2814 1957 2866; x_wconf 90' lang='grc' dir='ltr'>τῶν</span> 
     </span>
    </p>
   </div>
   <div class='ocr_carea' id='block_1_29' title="bbox 296 2896 1778 2977">
    <p class='ocr_par' dir='ltr' id='par_1_29' title="bbox 296 2896 1778 2977">
     <span class='ocr_line' id='line_1_29' title="bbox 296 2896 1778 2977; baseline -0.001 -21"><span class='ocrx_word' id='word_1_192' title='bbox 296 2901 728 2975; x_wconf 86' lang='grc' dir='ltr'>πρωτοκτίστων</span> <span class='ocrx_word' id='word_1_193' title='bbox 757 2898 1006 2976; x_wconf 83' lang='grc' dir='ltr'>ἀγγέλων</span> <span class='ocrx_word' id='word_1_194' title='bbox 1035 2899 1282 2977; x_wconf 79' lang='grc' dir='ltr'>ἐγένοντο</span> <span class='ocrx_word' id='word_1_195' title='bbox 1314 2897 1394 2962; x_wconf 82' lang='grc' dir='ltr'>είς</span> <span class='ocrx_word' id='word_1_196' title='bbox 1435 2896 1588 2970; x_wconf 82' lang='grc' dir='ltr'>δόξαν</span> <span class='ocrx_word' id='word_1_197' title='bbox 1622 2903 1778 2956; x_wconf 75' lang='grc' dir='ltr'>Θεοῦ.</span> 
     </span>
    </p>
   </div>
   <div class='ocr_carea' id='block_1_30' title="bbox 367 3075 1958 3154">
    <p class='ocr_par' dir='ltr' id='par_1_30' title="bbox 367 3075 1958 3154">
     <span class='ocr_line' id='line_1_30' title="bbox 367 3075 1958 3154; baseline -0.003 -16"><span class='ocrx_word' id='word_1_198' title='bbox 367 3081 495 3138; x_wconf 86' lang='grc' dir='ltr'>ΝΒ’.</span> <span class='ocrx_word' id='word_1_199' title='bbox 553 3077 858 3136; x_wconf 76' lang='grc' dir='ltr'>Καλοῦνται</span> <span class='ocrx_word' id='word_1_200' title='bbox 910 3075 969 3133; x_wconf 77' lang='lat' dir='ltr'>3‘s</span> <span class='ocrx_word' id='word_1_201' title='bbox 1018 3077 1237 3154; x_wconf 77' lang='grc' dir='ltr'>οὐρανοὶ</span> <span class='ocrx_word' id='word_1_202' title='bbox 1271 3077 1470 3153; x_wconf 78' lang='grc' dir='ltr'>κυρίως</span> <span class='ocrx_word' id='word_1_203' title='bbox 1524 3079 1618 3152; x_wconf 69' lang='grc' dir='ltr'>μὲν</span> <span class='ocrx_word' id='word_1_204' title='bbox 1653 3079 1680 3132; x_wconf 80' lang='grc' dir='ltr'>ὁ</span> <span class='ocrx_word' id='word_1_205' title='bbox 1735 3078 1958 3154; x_wconf 65' lang='grc' dir='ltr'>Κύριος,</span> 
     </span>
    </p>
   </div>
   <div class='ocr_carea' id='block_1_31' title="bbox 292 3167 1958 3244">
    <p class='ocr_par' dir='ltr' id='par_1_31' title="bbox 292 3167 1958 3244">
     <span class='ocr_line' id='line_1_31' title="bbox 292 3167 1958 3244; baseline -0.002 -18"><span class='ocrx_word' id='word_1_206' title='bbox 292 3167 479 3227; x_wconf 81' lang='grc' dir='ltr'>ἔπειτα</span> <span class='ocrx_word' id='word_1_207' title='bbox 511 3167 570 3225; x_wconf 74' lang='grc' dir='ltr'>δὲ</span> <span class='ocrx_word' id='word_1_208' title='bbox 617 3168 707 3224; x_wconf 84' lang='grc' dir='ltr'>καὶ</span> <span class='ocrx_word' id='word_1_209' title='bbox 739 3169 790 3224; x_wconf 78' lang='grc' dir='ltr'>οἱ</span> <span class='ocrx_word' id='word_1_210' title='bbox 823 3167 1246 3243; x_wconf 82' lang='grc' dir='ltr'>πρωτόκτιστοι,</span> <span class='ocrx_word' id='word_1_211' title='bbox 1309 3169 1424 3241; x_wconf 78' lang='grc' dir='ltr'>μεθ’</span> <span class='ocrx_word' id='word_1_212' title='bbox 1463 3167 1555 3231; x_wconf 75' lang='grc' dir='ltr'>οὕς</span> <span class='ocrx_word' id='word_1_213' title='bbox 1600 3169 1688 3223; x_wconf 74' lang='grc' dir='ltr'>καὶ</span> <span class='ocrx_word' id='word_1_214' title='bbox 1722 3169 1774 3223; x_wconf 75' lang='grc' dir='ltr'>οἱ</span> <span class='ocrx_word' id='word_1_215' title='bbox 1815 3170 1958 3244; x_wconf 79' lang='grc' dir='ltr'>ἅγιοι</span> 
     </span>
    </p>
   </div>
   <div class='ocr_carea' id='block_1_32' title="bbox 291 3256 1958 3336">
    <p class='ocr_par' dir='ltr' id='par_1_32' title="bbox 291 3256 1958 3336">
     <span class='ocr_line' id='line_1_32' title="bbox 291 3256 1958 3336; baseline -0.002 -20"><span class='ocrx_word' id='word_1_216' title='bbox 291 3261 401 3336; x_wconf 88' lang='grc' dir='ltr'>πρὸ</span> <span class='ocrx_word' id='word_1_217' title='bbox 430 3259 606 3334; x_wconf 84' lang='grc' dir='ltr'>νόμου</span> <span class='ocrx_word' id='word_1_218' title='bbox 639 3257 938 3330; x_wconf 74' lang='grc' dir='ltr'>ἄνθρωποι,</span> <span class='ocrx_word' id='word_1_219' title='bbox 989 3258 1066 3320; x_wconf 82' lang='grc' dir='ltr'>ὡς</span> <span class='ocrx_word' id='word_1_220' title='bbox 1118 3258 1171 3312; x_wconf 75' lang='lat' dir='ltr'>oi.</span> <span class='ocrx_word' id='word_1_221' title='bbox 1214 3256 1550 3334; x_wconf 73' lang='grc' dir='ltr'>πατριάρχαι</span> <span class='ocrx_word' id='word_1_222' title='bbox 1593 3257 1684 3313; x_wconf 81' lang='grc' dir='ltr'>καὶ</span> <span class='ocrx_word' id='word_1_223' title='bbox 1719 3261 1958 3326; x_wconf 79' lang='grc' dir='ltr'>Μωϋσῆς</span> 
     </span>
    </p>
   </div>
   <div class='ocr_carea' id='block_1_33' title="bbox 2087 673 3738 752">
    <p class='ocr_par' dir='ltr' id='par_1_33' title="bbox 2087 673 3738 752">
     <span class='ocr_line' id='line_1_33' title="bbox 2087 673 3738 752; baseline 0.006 -25"><span class='ocrx_word' id='word_1_224' title='bbox 2087 673 2290 728; x_wconf 82' lang='lat' dir='ltr'>tricem</span> <span class='ocrx_word' id='word_1_225' title='bbox 2325 691 2428 747; x_wconf 92' lang='lat' dir='ltr'>per</span> <span class='ocrx_word' id='word_1_226' title='bbox 2459 676 2938 732; x_wconf 79' lang='lat' dir='ltr'>emendationem</span> <span class='ocrx_word' id='word_1_227' title='bbox 2973 679 3043 734; x_wconf 90' lang='lat' dir='ltr'>ad</span> <span class='ocrx_word' id='word_1_228' title='bbox 3077 678 3258 734; x_wconf 83' lang='lat' dir='ltr'>fetum</span> <span class='ocrx_word' id='word_1_229' title='bbox 3293 680 3738 752; x_wconf 90' lang='lat' dir='ltr'>concipiendum</span> 
     </span>
    </p>
   </div>
   <div class='ocr_carea' id='block_1_34' title="bbox 2084 762 3737 842">
    <p class='ocr_par' dir='ltr' id='par_1_34' title="bbox 2084 762 3737 842">
     <span class='ocr_line' id='line_1_34' title="bbox 2084 762 3737 842; baseline 0.005 -25"><span class='ocrx_word' id='word_1_230' title='bbox 2084 762 2229 818; x_wconf 88' lang='lat' dir='ltr'>bene</span> <span class='ocrx_word' id='word_1_231' title='bbox 2261 775 2668 836; x_wconf 72' lang='lat' dir='ltr'>praeparatam,</span> <span class='ocrx_word' id='word_1_232' title='bbox 2703 770 2878 838; x_wconf 86' lang='lat' dir='ltr'>atque</span> <span class='ocrx_word' id='word_1_233' title='bbox 2909 768 2980 822; x_wconf 90' lang='lat' dir='ltr'>ab</span> <span class='ocrx_word' id='word_1_234' title='bbox 3011 772 3350 840; x_wconf 82' lang='lat' dir='ltr'>angelorum</span> <span class='ocrx_word' id='word_1_235' title='bbox 3387 769 3582 842; x_wconf 91' lang='lat' dir='ltr'>aliquo</span> <span class='ocrx_word' id='word_1_236' title='bbox 3636 770 3737 842; x_wconf 90' lang='lat' dir='ltr'>qui</span> 
     </span>
    </p>
   </div>
   <div class='ocr_carea' id='block_1_35' title="bbox 2083 851 3734 932">
    <p class='ocr_par' dir='ltr' id='par_1_35' title="bbox 2083 851 3734 932">
     <span class='ocr_line' id='line_1_35' title="bbox 2083 851 3734 932; baseline 0.005 -25"><span class='ocrx_word' id='word_1_237' title='bbox 2083 851 2392 908; x_wconf 83' lang='lat' dir='ltr'>hominum</span> <span class='ocrx_word' id='word_1_238' title='bbox 2415 855 2774 925; x_wconf 88' lang='lat' dir='ltr'>generationi</span> <span class='ocrx_word' id='word_1_239' title='bbox 2810 863 3074 927; x_wconf 80' lang='lat' dir='ltr'>praesunt</span> <span class='ocrx_word' id='word_1_240' title='bbox 3105 857 3382 926; x_wconf 80' lang='lat' dir='ltr'>infusam,</span> <span class='ocrx_word' id='word_1_241' title='bbox 3403 861 3502 932; x_wconf 86' lang='lat' dir='ltr'>qui</span> <span class='ocrx_word' id='word_1_242' title='bbox 3527 866 3582 914; x_wconf 91' lang='lat' dir='ltr'>et</span> <span class='ocrx_word' id='word_1_243' title='bbox 3603 877 3734 915; x_wconf 93' lang='lat' dir='ltr'>con-</span> 
     </span>
    </p>
   </div>
   <div class='ocr_carea' id='block_1_36' title="bbox 2082 941 3732 1020">
    <p class='ocr_par' dir='ltr' id='par_1_36' title="bbox 2082 941 3732 1020">
     <span class='ocr_line' id='line_1_36' title="bbox 2082 941 3732 1020; baseline 0.005 -25"><span class='ocrx_word' id='word_1_244' title='bbox 2082 941 2368 1014; x_wconf 87' lang='lat' dir='ltr'>ceptionis</span> <span class='ocrx_word' id='word_1_245' title='bbox 2399 942 2900 1015; x_wconf 78' lang='lat' dir='ltr'>opportunitatem</span> <span class='ocrx_word' id='word_1_246' title='bbox 2928 944 3361 1018; x_wconf 84' lang='lat' dir='ltr'>articulumque</span> <span class='ocrx_word' id='word_1_247' title='bbox 3393 949 3608 1020; x_wconf 86' lang='lat' dir='ltr'>Optime</span> <span class='ocrx_word' id='word_1_248' title='bbox 3636 965 3732 1003; x_wconf 86' lang='lat' dir='ltr'>co-</span> 
     </span>
    </p>
   </div>
   <div class='ocr_carea' id='block_1_37' title="bbox 2081 1032 3730 1105">
    <p class='ocr_par' dir='ltr' id='par_1_37' title="bbox 2081 1032 3730 1105">
     <span class='ocr_line' id='line_1_37' title="bbox 2081 1032 3730 1105; baseline 0.005 -20"><span class='ocrx_word' id='word_1_249' title='bbox 2081 1032 2364 1102; x_wconf 89' lang='lat' dir='ltr'>gnoverit,</span> <span class='ocrx_word' id='word_1_250' title='bbox 2401 1048 2632 1087; x_wconf 81' lang='lat' dir='ltr'>movere</span> <span class='ocrx_word' id='word_1_251' title='bbox 2656 1033 2726 1087; x_wconf 91' lang='lat' dir='ltr'>ad</span> <span class='ocrx_word' id='word_1_252' title='bbox 2763 1033 2951 1087; x_wconf 89' lang='lat' dir='ltr'>mariti</span> <span class='ocrx_word' id='word_1_253' title='bbox 3000 1035 3339 1105; x_wconf 87' lang='lat' dir='ltr'>complexus</span> <span class='ocrx_word' id='word_1_254' title='bbox 3385 1036 3730 1100; x_wconf 90' lang='lat' dir='ltr'>mulierem:</span> 
     </span>
    </p>
   </div>
   <div class='ocr_carea' id='block_1_38' title="bbox 2081 1121 3732 1198">
    <p class='ocr_par' dir='ltr' id='par_1_38' title="bbox 2081 1121 3732 1198">
     <span class='ocr_line' id='line_1_38' title="bbox 2081 1121 3732 1198; baseline 0.005 -24"><span class='ocrx_word' id='word_1_255' title='bbox 2081 1121 2305 1176; x_wconf 85' lang='lat' dir='ltr'>semine</span> <span class='ocrx_word' id='word_1_256' title='bbox 2339 1137 2469 1176; x_wconf 90' lang='lat' dir='ltr'>vero</span> <span class='ocrx_word' id='word_1_257' title='bbox 2501 1122 2832 1188; x_wconf 87' lang='lat' dir='ltr'>commisto,</span> <span class='ocrx_word' id='word_1_258' title='bbox 2863 1128 2929 1177; x_wconf 93' lang='lat' dir='ltr'>ut</span> <span class='ocrx_word' id='word_1_259' title='bbox 2958 1123 3039 1178; x_wconf 81' lang='lat' dir='ltr'>ita</span> <span class='ocrx_word' id='word_1_260' title='bbox 3069 1123 3293 1194; x_wconf 88' lang='lat' dir='ltr'>loquar,</span> <span class='ocrx_word' id='word_1_261' title='bbox 3328 1125 3572 1198; x_wconf 79' lang='lat' dir='ltr'>spiritus</span> <span class='ocrx_word' id='word_1_262' title='bbox 3631 1127 3732 1198; x_wconf 88' lang='lat' dir='ltr'><strong>qui</strong></span> 
     </span>
    </p>
   </div>
   <div class='ocr_carea' id='block_1_39' title="bbox 2079 1210 3731 1287">
    <p class='ocr_par' dir='ltr' id='par_1_39' title="bbox 2079 1210 3731 1287">
     <span class='ocr_line' id='line_1_39' title="bbox 2079 1210 3731 1287; baseline 0.004 -23"><span class='ocrx_word' id='word_1_263' title='bbox 2079 1210 2316 1280; x_wconf 86' lang='lat' dir='ltr'>quidem</span> <span class='ocrx_word' id='word_1_264' title='bbox 2353 1211 2408 1264; x_wconf 90' lang='lat' dir='ltr'>in</span> <span class='ocrx_word' id='word_1_265' title='bbox 2440 1211 2664 1266; x_wconf 87' lang='lat' dir='ltr'>semine</span> <span class='ocrx_word' id='word_1_266' title='bbox 2695 1217 2803 1280; x_wconf 83' lang='lat' dir='ltr'>est,</span> <span class='ocrx_word' id='word_1_267' title='bbox 2851 1211 3039 1266; x_wconf 84' lang='lat' dir='ltr'>amice</span> <span class='ocrx_word' id='word_1_268' title='bbox 3079 1213 3474 1285; x_wconf 84' lang='lat' dir='ltr'>eonjungitur,</span> <span class='ocrx_word' id='word_1_269' title='bbox 3526 1216 3731 1287; x_wconf 87' lang='lat' dir='ltr'>sicque</span> 
     </span>
    </p>
   </div>
   <div class='ocr_carea' id='block_1_40' title="bbox 2079 1299 3732 1375">
    <p class='ocr_par' dir='ltr' id='par_1_40' title="bbox 2079 1299 3732 1375">
     <span class='ocr_line' id='line_1_40' title="bbox 2079 1299 3732 1375; baseline 0.005 -21"><span class='ocrx_word' id='word_1_270' title='bbox 2079 1315 2182 1371; x_wconf 88' lang='lat' dir='ltr'>per</span> <span class='ocrx_word' id='word_1_271' title='bbox 2227 1299 2635 1356; x_wconf 79' lang='lat' dir='ltr'>formationem</span> <span class='ocrx_word' id='word_1_272' title='bbox 2699 1301 2946 1372; x_wconf 85' lang='lat' dir='ltr'>concipi.</span> <span class='ocrx_word' id='word_1_273' title='bbox 3008 1301 3297 1357; x_wconf 89' lang='lat' dir='ltr'>Omnibus</span> <span class='ocrx_word' id='word_1_274' title='bbox 3345 1303 3425 1358; x_wconf 91' lang='lat' dir='ltr'>rei</span> <span class='ocrx_word' id='word_1_275' title='bbox 3481 1303 3732 1375; x_wconf 87' lang='lat' dir='ltr'>hujusce</span> 
     </span>
    </p>
   </div>
   <div class='ocr_carea' id='block_1_41' title="bbox 2077 1389 3729 1463">
    <p class='ocr_par' dir='ltr' id='par_1_41' title="bbox 2077 1389 3729 1463">
     <span class='ocr_line' id='line_1_41' title="bbox 2077 1389 3729 1463; baseline 0.004 -20"><span class='ocrx_word' id='word_1_276' title='bbox 2077 1389 2484 1444; x_wconf 84' lang='lat' dir='ltr'>testimonium</span> <span class='ocrx_word' id='word_1_277' title='bbox 2523 1389 2839 1461; x_wconf 86' lang='lat' dir='ltr'>perhibuit,</span> <span class='ocrx_word' id='word_1_278' title='bbox 2873 1406 3006 1445; x_wconf 89' lang='lat' dir='ltr'>cum</span> <span class='ocrx_word' id='word_1_279' title='bbox 3041 1389 3279 1462; x_wconf 78' lang='lat' dir='ltr'>angelos</span> <span class='ocrx_word' id='word_1_280' title='bbox 3310 1390 3405 1457; x_wconf 88' lang='lat' dir='ltr'>iis,</span> <span class='ocrx_word' id='word_1_281' title='bbox 3443 1409 3566 1463; x_wconf 68' lang='lat' dir='ltr'>qua:</span> <span class='ocrx_word' id='word_1_282' title='bbox 3613 1398 3729 1449; x_wconf 89' lang='lat' dir='ltr'>ste-</span> 
     </span>
    </p>
   </div>
   <div class='ocr_carea' id='block_1_42' title="bbox 2077 1477 3732 1551">
    <p class='ocr_par' dir='ltr' id='par_1_42' title="bbox 2077 1477 3732 1551">
     <span class='ocr_line' id='line_1_42' title="bbox 2077 1477 3732 1551; baseline 0.003 -19"><span class='ocrx_word' id='word_1_283' title='bbox 2077 1477 2215 1533; x_wconf 90' lang='lat' dir='ltr'>riles</span> <span class='ocrx_word' id='word_1_284' title='bbox 2239 1484 2377 1533; x_wconf 84' lang='lat' dir='ltr'>sunt</span> <span class='ocrx_word' id='word_1_285' title='bbox 2395 1479 2772 1550; x_wconf 87' lang='lat' dir='ltr'>annuntiant,</span> <span class='ocrx_word' id='word_1_286' title='bbox 2803 1484 2938 1535; x_wconf 82' lang='lat' dir='ltr'>ante</span> <span class='ocrx_word' id='word_1_287' title='bbox 2960 1480 3396 1551; x_wconf 90' lang='lat' dir='ltr'>conceptionem</span> <span class='ocrx_word' id='word_1_288' title='bbox 3423 1481 3732 1538; x_wconf 84' lang='lat' dir='ltr'>infundere</span> 
     </span>
    </p>
   </div>
   <div class='ocr_carea' id='block_1_43' title="bbox 2076 1567 3728 1642">
    <p class='ocr_par' dir='ltr' id='par_1_43' title="bbox 2076 1567 3728 1642">
     <span class='ocr_line' id='line_1_43' title="bbox 2076 1567 3728 1642; baseline 0.002 -20"><span class='ocrx_word' id='word_1_289' title='bbox 2076 1567 2324 1622; x_wconf 87' lang='lat' dir='ltr'>animas.</span> <span class='ocrx_word' id='word_1_290' title='bbox 2360 1567 2432 1623; x_wconf 90' lang='lat' dir='ltr'>Et</span> <span class='ocrx_word' id='word_1_291' title='bbox 2460 1568 2518 1623; x_wconf 89' lang='lat' dir='ltr'>in</span> <span class='ocrx_word' id='word_1_292' title='bbox 2561 1568 2872 1640; x_wconf 80' lang='lat' dir='ltr'>Evangelia</span> <span class='ocrx_word' id='word_1_293' title='bbox 2904 1570 3202 1625; x_wconf 74' lang='lat' dir='ltr'>exsultavit</span> <span class='ocrx_word' id='word_1_294' title='bbox 3243 1570 3430 1641; x_wconf 80' lang='lat' dir='ltr'>infans</span> <span class='ocrx_word' id='word_1_295' title='bbox 3477 1570 3584 1642; x_wconf 85' lang='grc' dir='ltr'>(α),</span> <span class='ocrx_word' id='word_1_296' title='bbox 3637 1575 3728 1626; x_wconf 85' lang='lat' dir='ltr'>ut-</span> 
     </span>
    </p>
   </div>
   <div class='ocr_carea' id='block_1_44' title="bbox 2075 1657 3726 1730">
    <p class='ocr_par' dir='ltr' id='par_1_44' title="bbox 2075 1657 3726 1730">
     <span class='ocr_line' id='line_1_44' title="bbox 2075 1657 3726 1730; baseline 0.003 -20"><span class='ocrx_word' id='word_1_297' title='bbox 2075 1660 2208 1728; x_wconf 88' lang='lat' dir='ltr'>pote</span> <span class='ocrx_word' id='word_1_298' title='bbox 2240 1657 2338 1729; x_wconf 89' lang='lat' dir='ltr'><strong>qui</strong></span> <span class='ocrx_word' id='word_1_299' title='bbox 2363 1659 2488 1728; x_wconf 89' lang='lat' dir='ltr'>jam</span> <span class='ocrx_word' id='word_1_300' title='bbox 2523 1659 2718 1712; x_wconf 87' lang='lat' dir='ltr'>anima</span> <span class='ocrx_word' id='word_1_301' title='bbox 2753 1659 3032 1730; x_wconf 77' lang='lat' dir='ltr'>praeditus</span> <span class='ocrx_word' id='word_1_302' title='bbox 3064 1665 3238 1714; x_wconf 79' lang='lat' dir='ltr'>esset.</span> <span class='ocrx_word' id='word_1_303' title='bbox 3272 1663 3428 1715; x_wconf 85' lang='lat' dir='ltr'>Hanc</span> <span class='ocrx_word' id='word_1_304' title='bbox 3461 1660 3534 1715; x_wconf 92' lang='lat' dir='ltr'>ob</span> <span class='ocrx_word' id='word_1_305' title='bbox 3583 1675 3726 1715; x_wconf 89' lang='lat' dir='ltr'>cau-</span> 
     </span>
    </p>
   </div>
   <div class='ocr_carea' id='block_1_45' title="bbox 2072 1747 3727 1818">
    <p class='ocr_par' dir='ltr' id='par_1_45' title="bbox 2072 1747 3727 1818">
     <span class='ocr_line' id='line_1_45' title="bbox 2072 1747 3727 1818; baseline 0 -15"><span class='ocrx_word' id='word_1_306' title='bbox 2072 1763 2200 1803; x_wconf 79' lang='lat' dir='ltr'>sam</span> <span class='ocrx_word' id='word_1_307' title='bbox 2233 1747 2464 1802; x_wconf 87' lang='lat' dir='ltr'>steriles</span> <span class='ocrx_word' id='word_1_308' title='bbox 2519 1752 2658 1802; x_wconf 85' lang='lat' dir='ltr'>sunt</span> <span class='ocrx_word' id='word_1_309' title='bbox 2689 1747 2941 1814; x_wconf 79' lang='lat' dir='ltr'>steriles,</span> <span class='ocrx_word' id='word_1_310' title='bbox 2975 1749 3144 1818; x_wconf 88' lang='lat' dir='ltr'>quasi</span> <span class='ocrx_word' id='word_1_311' title='bbox 3204 1765 3319 1803; x_wconf 89' lang='lat' dir='ltr'>non</span> <span class='ocrx_word' id='word_1_312' title='bbox 3377 1748 3727 1803; x_wconf 81' lang='lat' dir='ltr'>infundatur</span> 
     </span>
    </p>
   </div>
   <div class='ocr_carea' id='block_1_46' title="bbox 2072 1835 3721 1910">
    <p class='ocr_par' dir='ltr' id='par_1_46' title="bbox 2072 1835 3721 1910">
     <span class='ocr_line' id='line_1_46' title="bbox 2072 1835 3721 1910; baseline 0.001 -18"><span class='ocrx_word' id='word_1_313' title='bbox 2072 1835 2291 1905; x_wconf 84' lang='lat' dir='ltr'>anima,</span> <span class='ocrx_word' id='word_1_314' title='bbox 2317 1853 2444 1908; x_wconf 66' lang='lat' dir='ltr'>quae</span> <span class='ocrx_word' id='word_1_315' title='bbox 2478 1853 2678 1892; x_wconf 88' lang='lat' dir='ltr'>semen</span> <span class='ocrx_word' id='word_1_316' title='bbox 2712 1838 3040 1906; x_wconf 84' lang='lat' dir='ltr'>conjectum</span> <span class='ocrx_word' id='word_1_317' title='bbox 3075 1835 3328 1908; x_wconf 81' lang='lat' dir='ltr'>colligat,</span> <span class='ocrx_word' id='word_1_318' title='bbox 3362 1839 3432 1892; x_wconf 88' lang='lat' dir='ltr'>ad</span> <span class='ocrx_word' id='word_1_319' title='bbox 3466 1854 3721 1910; x_wconf 86' lang='lat' dir='ltr'>concep-</span> 
     </span>
    </p>
   </div>
   <div class='ocr_carea' id='block_1_47' title="bbox 2071 1924 3469 1996">
    <p class='ocr_par' dir='ltr' id='par_1_47' title="bbox 2071 1924 3469 1996">
     <span class='ocr_line' id='line_1_47' title="bbox 2071 1924 3469 1996; baseline 0.003 -18"><span class='ocrx_word' id='word_1_320' title='bbox 2071 1924 2248 1980; x_wconf 89' lang='lat' dir='ltr'>tionis</span> <span class='ocrx_word' id='word_1_321' title='bbox 2282 1942 2346 1980; x_wconf 82' lang='lat' dir='ltr'>uc</span> <span class='ocrx_word' id='word_1_322' title='bbox 2380 1924 2774 1996; x_wconf 84' lang='lat' dir='ltr'>generationis</span> <span class='ocrx_word' id='word_1_323' title='bbox 2803 1925 3193 1982; x_wconf 82' lang='lat' dir='ltr'>detentionem</span> <span class='ocrx_word' id='word_1_324' title='bbox 3232 1931 3469 1982; x_wconf 88' lang='lat' dir='ltr'>rectam.</span> 
     </span>
    </p>
   </div>
   <div class='ocr_carea' id='block_1_48' title="bbox 2145 2013 3722 2087">
    <p class='ocr_par' dir='ltr' id='par_1_48' title="bbox 2145 2013 3722 2087">
     <span class='ocr_line' id='line_1_48' title="bbox 2145 2013 3722 2087; baseline 0.002 -19"><span class='ocrx_word' id='word_1_325' title='bbox 2145 2013 2300 2068; x_wconf 77' lang='lat'>366</span> <span class='ocrx_word' id='word_1_326' title='bbox 2337 2013 2423 2068; x_wconf 83' lang='lat' dir='ltr'>LI.</span> <span class='ocrx_word' id='word_1_327' title='bbox 2459 2013 2591 2069; x_wconf 74' lang='grc' dir='ltr'>σιεὶί</span> <span class='ocrx_word' id='word_1_328' title='bbox 2617 2023 2894 2070; x_wconf 79' lang='lat' dir='ltr'>enarrant</span> <span class='ocrx_word' id='word_1_329' title='bbox 2923 2014 3169 2084; x_wconf 79' lang='lat' dir='ltr'>gloriam</span> <span class='ocrx_word' id='word_1_330' title='bbox 3203 2016 3294 2070; x_wconf 83' lang='lat' dir='ltr'>Dei</span> <span class='ocrx_word' id='word_1_331' title='bbox 3324 2016 3420 2087; x_wconf 83' lang='grc' dir='ltr'>(ὸ).</span> <span class='ocrx_word' id='word_1_332' title='bbox 3452 2015 3590 2072; x_wconf 70' lang='lat' dir='ltr'>lei</span> <span class='ocrx_word' id='word_1_333' title='bbox 3632 2016 3722 2071; x_wconf 89' lang='lat' dir='ltr'>di-</span> 
     </span>
    </p>
   </div>
   <div class='ocr_carea' id='block_1_49' title="bbox 2072 2101 3720 2176">
    <p class='ocr_par' dir='ltr' id='par_1_49' title="bbox 2072 2101 3720 2176">
     <span class='ocr_line' id='line_1_49' title="bbox 2072 2101 3720 2176; baseline 0.002 -20"><span class='ocrx_word' id='word_1_334' title='bbox 2072 2107 2288 2156; x_wconf 90' lang='lat' dir='ltr'>cuntur</span> <span class='ocrx_word' id='word_1_335' title='bbox 2321 2101 2526 2158; x_wconf 90' lang='lat' dir='ltr'>multis</span> <span class='ocrx_word' id='word_1_336' title='bbox 2560 2104 2786 2170; x_wconf 80' lang='lat' dir='ltr'>modis;</span> <span class='ocrx_word' id='word_1_337' title='bbox 2823 2104 2920 2175; x_wconf 91' lang='lat' dir='ltr'><strong>qui</strong></span> <span class='ocrx_word' id='word_1_338' title='bbox 2979 2103 3200 2159; x_wconf 86' lang='lat' dir='ltr'>scilicet</span> <span class='ocrx_word' id='word_1_339' title='bbox 3233 2121 3332 2176; x_wconf 87' lang='lat' dir='ltr'>per</span> <span class='ocrx_word' id='word_1_340' title='bbox 3379 2105 3720 2160; x_wconf 86' lang='lat' dir='ltr'>distantiam</span> 
     </span>
    </p>
   </div>
   <div class='ocr_carea' id='block_1_50' title="bbox 2072 2190 3721 2264">
    <p class='ocr_par' dir='ltr' id='par_1_50' title="bbox 2072 2190 3721 2264">
     <span class='ocr_line' id='line_1_50' title="bbox 2072 2190 3721 2264; baseline 0.001 -18"><span class='ocrx_word' id='word_1_341' title='bbox 2072 2207 2138 2246; x_wconf 88' lang='lat' dir='ltr'>ac</span> <span class='ocrx_word' id='word_1_342' title='bbox 2172 2190 2469 2262; x_wconf 91' lang='lat' dir='ltr'>periodum</span> <span class='ocrx_word' id='word_1_343' title='bbox 2504 2197 2666 2258; x_wconf 86' lang='lat' dir='ltr'>sunt,</span> <span class='ocrx_word' id='word_1_344' title='bbox 2692 2197 2748 2247; x_wconf 90' lang='lat' dir='ltr'>et</span> <span class='ocrx_word' id='word_1_345' title='bbox 2780 2194 2877 2264; x_wconf 88' lang='lat' dir='ltr'><strong>qui</strong></span> <span class='ocrx_word' id='word_1_346' title='bbox 2915 2210 3014 2264; x_wconf 90' lang='lat' dir='ltr'>per</span> <span class='ocrx_word' id='word_1_347' title='bbox 3038 2199 3456 2248; x_wconf 82' lang='lat' dir='ltr'>testamentum</span> <span class='ocrx_word' id='word_1_348' title='bbox 3490 2193 3721 2264; x_wconf 84' lang='lat' dir='ltr'>angelo-</span> 
     </span>
    </p>
   </div>
   <div class='ocr_carea' id='block_1_51' title="bbox 2073 2281 3724 2355">
    <p class='ocr_par' dir='ltr' id='par_1_51' title="bbox 2073 2281 3724 2355">
     <span class='ocr_line' id='line_1_51' title="bbox 2073 2281 3724 2355; baseline 0.003 -20"><span class='ocrx_word' id='word_1_349' title='bbox 2073 2297 2204 2335; x_wconf 90' lang='lat' dir='ltr'>rum</span> <span class='ocrx_word' id='word_1_350' title='bbox 2254 2281 2442 2353; x_wconf 91' lang='lat' dir='ltr'>primo</span> <span class='ocrx_word' id='word_1_351' title='bbox 2474 2287 2800 2337; x_wconf 87' lang='lat' dir='ltr'>creatorum</span> <span class='ocrx_word' id='word_1_352' title='bbox 2852 2283 3037 2337; x_wconf 88' lang='lat' dir='ltr'>virtus</span> <span class='ocrx_word' id='word_1_353' title='bbox 3085 2284 3446 2338; x_wconf 79' lang='lat' dir='ltr'>immediate.</span> <span class='ocrx_word' id='word_1_354' title='bbox 3498 2284 3724 2355; x_wconf 86' lang='lat' dir='ltr'>Quippe</span> 
     </span>
    </p>
   </div>
   <div class='ocr_carea' id='block_1_52' title="bbox 2072 2368 3723 2443">
    <p class='ocr_par' dir='ltr' id='par_1_52' title="bbox 2072 2368 3723 2443">
     <span class='ocr_line' id='line_1_52' title="bbox 2072 2368 3723 2443; baseline 0.001 -19"><span class='ocrx_word' id='word_1_355' title='bbox 2072 2368 2414 2442; x_wconf 75' lang='lat' dir='ltr'>angelorum</span> <span class='ocrx_word' id='word_1_356' title='bbox 2449 2370 2817 2441; x_wconf 73' lang='lat' dir='ltr'>praesentiam</span> <span class='ocrx_word' id='word_1_357' title='bbox 2856 2370 3327 2443; x_wconf 86' lang='lat' dir='ltr'>principaliorem</span> <span class='ocrx_word' id='word_1_358' title='bbox 3369 2376 3723 2426; x_wconf 88' lang='lat' dir='ltr'>testamenta</span> 
     </span>
    </p>
   </div>
   <div class='ocr_carea' id='block_1_53' title="bbox 2072 2458 3717 2529">
    <p class='ocr_par' dir='ltr' id='par_1_53' title="bbox 2072 2458 3717 2529">
     <span class='ocr_line' id='line_1_53' title="bbox 2072 2458 3717 2529; baseline 0.002 -17"><span class='ocrx_word' id='word_1_359' title='bbox 2072 2475 2173 2513; x_wconf 82' lang='lat' dir='ltr'>ceu</span> <span class='ocrx_word' id='word_1_360' title='bbox 2207 2458 2422 2513; x_wconf 75' lang='lat' dir='ltr'>fmdera</span> <span class='ocrx_word' id='word_1_361' title='bbox 2464 2465 2606 2513; x_wconf 88' lang='lat' dir='ltr'>sunt</span> <span class='ocrx_word' id='word_1_362' title='bbox 2645 2465 2901 2529; x_wconf 90' lang='lat' dir='ltr'>operata,</span> <span class='ocrx_word' id='word_1_363' title='bbox 2951 2461 3008 2514; x_wconf 92' lang='lat' dir='ltr'>in</span> <span class='ocrx_word' id='word_1_364' title='bbox 3061 2460 3307 2528; x_wconf 87' lang='lat' dir='ltr'>Adamo,</span> <span class='ocrx_word' id='word_1_365' title='bbox 3352 2460 3411 2514; x_wconf 85' lang='lat' dir='ltr'>in</span> <span class='ocrx_word' id='word_1_366' title='bbox 3470 2459 3609 2525; x_wconf 87' lang='lat' dir='ltr'>Noe,</span> <span class='ocrx_word' id='word_1_367' title='bbox 3658 2460 3717 2515; x_wconf 91' lang='lat' dir='ltr'>in</span> 
     </span>
    </p>
   </div>
   <div class='ocr_carea' id='block_1_54' title="bbox 2069 2547 3717 2620">
    <p class='ocr_par' dir='ltr' id='par_1_54' title="bbox 2069 2547 3717 2620">
     <span class='ocr_line' id='line_1_54' title="bbox 2069 2547 3717 2620; baseline 0.001 -18"><span class='ocrx_word' id='word_1_368' title='bbox 2069 2547 2426 2614; x_wconf 88' lang='lat' dir='ltr'>Abrahamo,</span> <span class='ocrx_word' id='word_1_369' title='bbox 2461 2548 2516 2602; x_wconf 93' lang='lat' dir='ltr'>in</span> <span class='ocrx_word' id='word_1_370' title='bbox 2553 2548 2777 2620; x_wconf 78' lang='lat' dir='ltr'>Moyse.</span> <span class='ocrx_word' id='word_1_371' title='bbox 2829 2549 3028 2604; x_wconf 65' lang='lat' dir='ltr'>Primae</span> <span class='ocrx_word' id='word_1_372' title='bbox 3059 2549 3215 2604; x_wconf 90' lang='lat' dir='ltr'>enim</span> <span class='ocrx_word' id='word_1_373' title='bbox 3265 2549 3575 2604; x_wconf 88' lang='lat' dir='ltr'>creationis</span> <span class='ocrx_word' id='word_1_374' title='bbox 3615 2565 3717 2603; x_wconf 88' lang='lat' dir='ltr'>an-</span> 
     </span>
    </p>
   </div>
   <div class='ocr_carea' id='block_1_55' title="bbox 2069 2636 3719 2711">
    <p class='ocr_par' dir='ltr' id='par_1_55' title="bbox 2069 2636 3719 2711">
     <span class='ocr_line' id='line_1_55' title="bbox 2069 2636 3719 2711; baseline 0.001 -19"><span class='ocrx_word' id='word_1_375' title='bbox 2069 2636 2183 2709; x_wconf 81' lang='lat' dir='ltr'>geli</span> <span class='ocrx_word' id='word_1_376' title='bbox 2209 2653 2242 2692; x_wconf 92' lang='lat' dir='ltr'>a</span> <span class='ocrx_word' id='word_1_377' title='bbox 2265 2637 2512 2693; x_wconf 90' lang='lat' dir='ltr'>Domino</span> <span class='ocrx_word' id='word_1_378' title='bbox 2535 2637 2699 2707; x_wconf 88' lang='lat' dir='ltr'>moti,</span> <span class='ocrx_word' id='word_1_379' title='bbox 2722 2637 2776 2692; x_wconf 92' lang='lat' dir='ltr'>in</span> <span class='ocrx_word' id='word_1_380' title='bbox 2800 2639 3040 2711; x_wconf 67' lang='lat' dir='ltr'>segetes</span> <span class='ocrx_word' id='word_1_381' title='bbox 3059 2638 3358 2710; x_wconf 87' lang='lat' dir='ltr'>prophetis</span> <span class='ocrx_word' id='word_1_382' title='bbox 3381 2637 3719 2694; x_wconf 88' lang='lat' dir='ltr'>immediate</span> 
     </span>
    </p>
   </div>
   <div class='ocr_carea' id='block_1_56' title="bbox 2069 2727 3715 2799">
    <p class='ocr_par' dir='ltr' id='par_1_56' title="bbox 2069 2727 3715 2799">
     <span class='ocr_line' id='line_1_56' title="bbox 2069 2727 3715 2799; baseline 0.001 -19"><span class='ocrx_word' id='word_1_383' title='bbox 2069 2727 2438 2796; x_wconf 86' lang='lat' dir='ltr'>conjunctos,</span> <span class='ocrx_word' id='word_1_384' title='bbox 2488 2727 2712 2799; x_wconf 88' lang='lat' dir='ltr'>operati</span> <span class='ocrx_word' id='word_1_385' title='bbox 2785 2733 2953 2796; x_wconf 87' lang='lat' dir='ltr'>sunt,</span> <span class='ocrx_word' id='word_1_386' title='bbox 3004 2727 3406 2782; x_wconf 75' lang='lat' dir='ltr'>existimantes</span> <span class='ocrx_word' id='word_1_387' title='bbox 3467 2727 3715 2799; x_wconf 81' lang='lat' dir='ltr'>gloriam</span> 
     </span>
    </p>
   </div>
   <div class='ocr_carea' id='block_1_57' title="bbox 2067 2815 3718 2888">
    <p class='ocr_par' dir='ltr' id='par_1_57' title="bbox 2067 2815 3718 2888">
     <span class='ocr_line' id='line_1_57' title="bbox 2067 2815 3718 2888; baseline -0.001 -17"><span class='ocrx_word' id='word_1_388' title='bbox 2067 2816 2193 2881; x_wconf 89' lang='lat' dir='ltr'>Dei,</span> <span class='ocrx_word' id='word_1_389' title='bbox 2227 2815 2504 2870; x_wconf 88' lang='lat' dir='ltr'>nimirum</span> <span class='ocrx_word' id='word_1_390' title='bbox 2538 2820 2893 2872; x_wconf 87' lang='lat' dir='ltr'>testamenta</span> <span class='ocrx_word' id='word_1_391' title='bbox 2922 2833 3024 2873; x_wconf 91' lang='lat' dir='ltr'>ceu</span> <span class='ocrx_word' id='word_1_392' title='bbox 3077 2817 3312 2872; x_wconf 75' lang='lat' dir='ltr'>fmdera.</span> <span class='ocrx_word' id='word_1_393' title='bbox 3363 2816 3509 2870; x_wconf 90' lang='lat' dir='ltr'>Nam</span> <span class='ocrx_word' id='word_1_394' title='bbox 3543 2832 3718 2888; x_wconf 88' lang='lat' dir='ltr'>opera</span> 
     </span>
    </p>
   </div>
   <div class='ocr_carea' id='block_1_58' title="bbox 2070 2903 3716 2977">
    <p class='ocr_par' dir='ltr' id='par_1_58' title="bbox 2070 2903 3716 2977">
     <span class='ocr_line' id='line_1_58' title="bbox 2070 2903 3716 2977; baseline 0.001 -19"><span class='ocrx_word' id='word_1_395' title='bbox 2070 2921 2196 2975; x_wconf 67' lang='lat' dir='ltr'>quae</span> <span class='ocrx_word' id='word_1_396' title='bbox 2230 2905 2302 2960; x_wconf 91' lang='lat' dir='ltr'>ab</span> <span class='ocrx_word' id='word_1_397' title='bbox 2333 2903 2557 2977; x_wconf 83' lang='lat' dir='ltr'>angelis</span> <span class='ocrx_word' id='word_1_398' title='bbox 2589 2905 2644 2958; x_wconf 89' lang='lat' dir='ltr'>in</span> <span class='ocrx_word' id='word_1_399' title='bbox 2680 2909 2836 2959; x_wconf 86' lang='lat' dir='ltr'>terra</span> <span class='ocrx_word' id='word_1_400' title='bbox 2867 2910 3100 2975; x_wconf 87' lang='lat' dir='ltr'>peracta</span> <span class='ocrx_word' id='word_1_401' title='bbox 3148 2909 3289 2960; x_wconf 88' lang='lat' dir='ltr'>sunt</span> <span class='ocrx_word' id='word_1_402' title='bbox 3337 2921 3439 2977; x_wconf 91' lang='lat' dir='ltr'>per</span> <span class='ocrx_word' id='word_1_403' title='bbox 3468 2903 3716 2960; x_wconf 84' lang='lat' dir='ltr'>creatio-</span> 
     </span>
    </p>
   </div>
   <div class='ocr_carea' id='block_1_59' title="bbox 2069 2991 3642 3066">
    <p class='ocr_par' dir='ltr' id='par_1_59' title="bbox 2069 2991 3642 3066">
     <span class='ocr_line' id='line_1_59' title="bbox 2069 2991 3642 3066; baseline -0.001 -17"><span class='ocrx_word' id='word_1_404' title='bbox 2069 2995 2162 3050; x_wconf 88' lang='lat' dir='ltr'>nis</span> <span class='ocrx_word' id='word_1_405' title='bbox 2195 2993 2393 3064; x_wconf 69' lang='lat' dir='ltr'>primae</span> <span class='ocrx_word' id='word_1_406' title='bbox 2425 2991 2664 3066; x_wconf 84' lang='lat' dir='ltr'>angelos</span> <span class='ocrx_word' id='word_1_407' title='bbox 2693 2991 2752 3046; x_wconf 92' lang='lat' dir='ltr'>in</span> <span class='ocrx_word' id='word_1_408' title='bbox 2790 2992 2885 3048; x_wconf 89' lang='lat' dir='ltr'>Dei</span> <span class='ocrx_word' id='word_1_409' title='bbox 2917 2992 3162 3065; x_wconf 87' lang='lat' dir='ltr'>gloriam</span> <span class='ocrx_word' id='word_1_410' title='bbox 3198 2993 3354 3048; x_wconf 86' lang='lat' dir='ltr'>edita</span> <span class='ocrx_word' id='word_1_411' title='bbox 3387 2993 3642 3048; x_wconf 81' lang='lat' dir='ltr'>fuerunt.</span> 
     </span>
    </p>
   </div>
   <div class='ocr_carea' id='block_1_60' title="bbox 2145 3080 3722 3154">
    <p class='ocr_par' dir='ltr' id='par_1_60' title="bbox 2145 3080 3722 3154">
     <span class='ocr_line' id='line_1_60' title="bbox 2145 3080 3722 3154; baseline 0.001 -18"><span class='ocrx_word' id='word_1_412' title='bbox 2145 3082 2254 3138; x_wconf 88' lang='lat' dir='ltr'>LII.</span> <span class='ocrx_word' id='word_1_413' title='bbox 2281 3080 2421 3139; x_wconf 63' lang='lat' dir='ltr'>Caeli</span> <span class='ocrx_word' id='word_1_414' title='bbox 2455 3097 2588 3137; x_wconf 91' lang='lat' dir='ltr'>vero</span> <span class='ocrx_word' id='word_1_415' title='bbox 2620 3087 2922 3149; x_wconf 87' lang='lat' dir='ltr'>vocantur,</span> <span class='ocrx_word' id='word_1_416' title='bbox 2954 3081 3241 3154; x_wconf 78' lang='lat' dir='ltr'>praecipue</span> <span class='ocrx_word' id='word_1_417' title='bbox 3291 3082 3552 3153; x_wconf 83' lang='lat' dir='ltr'>quidem,</span> <span class='ocrx_word' id='word_1_418' title='bbox 3605 3081 3722 3138; x_wconf 94' lang='lat' dir='ltr'>Do-</span> 
     </span>
    </p>
   </div>
   <div class='ocr_carea' id='block_1_61' title="bbox 2071 3170 3721 3243">
    <p class='ocr_par' dir='ltr' id='par_1_61' title="bbox 2071 3170 3721 3243">
     <span class='ocr_line' id='line_1_61' title="bbox 2071 3170 3721 3243; baseline -0.001 -16"><span class='ocrx_word' id='word_1_419' title='bbox 2071 3172 2303 3239; x_wconf 86' lang='lat' dir='ltr'>minus;</span> <span class='ocrx_word' id='word_1_420' title='bbox 2337 3170 2469 3227; x_wconf 92' lang='lat' dir='ltr'>dein</span> <span class='ocrx_word' id='word_1_421' title='bbox 2507 3175 2726 3235; x_wconf 88' lang='lat' dir='ltr'>autem,</span> <span class='ocrx_word' id='word_1_422' title='bbox 2752 3171 2850 3242; x_wconf 91' lang='lat' dir='ltr'><strong>qui</strong></span> <span class='ocrx_word' id='word_1_423' title='bbox 2872 3171 3062 3243; x_wconf 90' lang='lat' dir='ltr'>primo</span> <span class='ocrx_word' id='word_1_424' title='bbox 3087 3172 3323 3226; x_wconf 82' lang='lat' dir='ltr'>fuerunt</span> <span class='ocrx_word' id='word_1_425' title='bbox 3345 3171 3524 3225; x_wconf 89' lang='lat' dir='ltr'>creati</span> <span class='ocrx_word' id='word_1_426' title='bbox 3551 3191 3565 3238; x_wconf 84' lang='lat'><strong>;</strong></span> <span class='ocrx_word' id='word_1_427' title='bbox 3589 3174 3721 3243; x_wconf 90' lang='lat' dir='ltr'>post</span> 
     </span>
    </p>
   </div>
   <div class='ocr_carea' id='block_1_62' title="bbox 2069 3259 3719 3332">
    <p class='ocr_par' dir='ltr' id='par_1_62' title="bbox 2069 3259 3719 3332">
     <span class='ocr_line' id='line_1_62' title="bbox 2069 3259 3719 3332; baseline -0.001 -17"><span class='ocrx_word' id='word_1_428' title='bbox 2069 3261 2175 3316; x_wconf 90' lang='lat' dir='ltr'>hos</span> <span class='ocrx_word' id='word_1_429' title='bbox 2207 3265 2264 3316; x_wconf 88' lang='lat' dir='ltr'>et</span> <span class='ocrx_word' id='word_1_430' title='bbox 2297 3260 2564 3316; x_wconf 82' lang='lat' dir='ltr'>homines</span> <span class='ocrx_word' id='word_1_431' title='bbox 2597 3260 2784 3315; x_wconf 87' lang='lat' dir='ltr'>sancti</span> <span class='ocrx_word' id='word_1_432' title='bbox 2819 3264 2952 3315; x_wconf 88' lang='lat' dir='ltr'>ante</span> <span class='ocrx_word' id='word_1_433' title='bbox 2986 3259 3195 3332; x_wconf 90' lang='lat' dir='ltr'>legem,</span> <span class='ocrx_word' id='word_1_434' title='bbox 3230 3275 3438 3330; x_wconf 87' lang='lat' dir='ltr'>nempe</span> <span class='ocrx_word' id='word_1_435' title='bbox 3472 3259 3719 3331; x_wconf 86' lang='lat' dir='ltr'>patriar-</span> 
     </span>
    </p>
   </div>
   <div class='ocr_carea' id='block_1_63' title="bbox 293 3321 1958 3425">
    <p class='ocr_par' dir='ltr' id='par_1_63' title="bbox 293 3345 1956 3425">
     <span class='ocr_line' id='line_1_63' title="bbox 293 3345 1956 3425; baseline -0.002 -19"><span class='ocrx_word' id='word_1_436' title='bbox 293 3350 383 3406; x_wconf 81' lang='grc' dir='ltr'>καὶ</span> <span class='ocrx_word' id='word_1_437' title='bbox 419 3350 473 3404; x_wconf 72' lang='grc' dir='ltr'>οἱ</span> <span class='ocrx_word' id='word_1_438' title='bbox 503 3354 803 3425; x_wconf 79' lang='grc' dir='ltr'>προφῆται·</span> <span class='ocrx_word' id='word_1_439' title='bbox 855 3347 968 3402; x_wconf 73' lang='grc' dir='ltr'>εἶτα</span> <span class='ocrx_word' id='word_1_440' title='bbox 1017 3346 1106 3402; x_wconf 85' lang='grc' dir='ltr'>καὶ</span> <span class='ocrx_word' id='word_1_441' title='bbox 1156 3347 1207 3400; x_wconf 72' lang='lat' dir='ltr'>oi</span> <span class='ocrx_word' id='word_1_442' title='bbox 1263 3345 1586 3402; x_wconf 83' lang='grc' dir='ltr'>ἀπόστολοι.</span> <span class='ocrx_word' id='word_1_443' title='bbox 1640 3347 1866 3416; x_wconf 81' lang='grc' dir='ltr'>Ποίησιν</span> <span class='ocrx_word' id='word_1_444' title='bbox 1899 3345 1956 3403; x_wconf 73' lang='grc' dir='ltr'>δὲ</span> 
     </span>
    </p>
   </div>
   <div class='ocr_carea' id='block_1_64' title="bbox 2079 3321 3722 3425">
    <p class='ocr_par' dir='ltr' id='par_1_64' title="bbox 2079 3321 3722 3422">
     <span class='ocr_line' id='line_1_64' title="bbox 2079 3321 3722 3422; baseline -0.001 -17"><span class='ocrx_word' id='word_1_445' title='bbox 2079 3350 2212 3418; x_wconf 70' lang='lat' dir='ltr'>abte,</span> <span class='ocrx_word' id='word_1_446' title='bbox 2246 3355 2302 3404; x_wconf 91' lang='lat' dir='ltr'>et</span> <span class='ocrx_word' id='word_1_447' title='bbox 2330 3354 2575 3422; x_wconf 75' lang='lat' dir='ltr'>Moyses,</span> <span class='ocrx_word' id='word_1_448' title='bbox 2608 3355 2785 3420; x_wconf 88' lang='lat' dir='ltr'>atque</span> <span class='ocrx_word' id='word_1_449' title='bbox 2819 3321 3112 3420; x_wconf 64' lang='lat' dir='ltr'>prophetae</span> <span class='ocrx_word' id='word_1_450' title='bbox 3139 3367 3154 3415; x_wconf 88' lang='lat'><strong>;</strong></span> <span class='ocrx_word' id='word_1_451' title='bbox 3185 3321 3263 3403; x_wconf 36' lang='lat' dir='ltr'>&#39;et</span> <span class='ocrx_word' id='word_1_452' title='bbox 3309 3321 3440 3403; x_wconf 77' lang='lat' dir='ltr'>dein</span> <span class='ocrx_word' id='word_1_453' title='bbox 3473 3321 3722 3416; x_wconf 54' lang='lat' dir='ltr'>unoque</span> 
     </span>
    </p>
   </div>
   <div class='ocr_carea' id='block_1_65' title="bbox 295 3434 1957 3516">
    <p class='ocr_par' dir='ltr' id='par_1_65' title="bbox 295 3434 1957 3516">
     <span class='ocr_line' id='line_1_65' title="bbox 295 3434 1957 3516; baseline -0.002 -21"><span class='ocrx_word' id='word_1_454' title='bbox 295 3443 502 3516; x_wconf 84' lang='grc' dir='ltr'>χειρῶν</span> <span class='ocrx_word' id='word_1_455' title='bbox 562 3437 728 3493; x_wconf 76' lang='grc' dir='ltr'>αὐτοῦ</span> <span class='ocrx_word' id='word_1_456' title='bbox 786 3434 1108 3513; x_wconf 73' lang='grc' dir='ltr'>ἀναγγέλλει</span> <span class='ocrx_word' id='word_1_457' title='bbox 1165 3436 1228 3490; x_wconf 88' lang='grc' dir='ltr'>τὸ</span> <span class='ocrx_word' id='word_1_458' title='bbox 1283 3437 1602 3510; x_wconf 84' lang='grc' dir='ltr'>στερέωμα.</span> <span class='ocrx_word' id='word_1_459' title='bbox 1663 3435 1957 3512; x_wconf 82' lang='grc' dir='ltr'>Στερέωμα</span> 
     </span>
    </p>
   </div>
   <div class='ocr_carea' id='block_1_66' title="bbox 295 3520 1953 3602">
    <p class='ocr_par' dir='ltr' id='par_1_66' title="bbox 295 3520 1953 3602">
     <span class='ocr_line' id='line_1_66' title="bbox 295 3520 1953 3602; baseline -0.002 -18"><span class='ocrx_word' id='word_1_460' title='bbox 295 3527 442 3602; x_wconf 86' lang='grc' dir='ltr'>λέγει</span> <span class='ocrx_word' id='word_1_461' title='bbox 470 3527 563 3583; x_wconf 88' lang='grc' dir='ltr'>τὸν</span> <span class='ocrx_word' id='word_1_462' title='bbox 621 3526 750 3582; x_wconf 81' lang='grc' dir='ltr'>Θεὸν</span> <span class='ocrx_word' id='word_1_463' title='bbox 797 3525 886 3580; x_wconf 88' lang='grc' dir='ltr'>τὸν</span> <span class='ocrx_word' id='word_1_464' title='bbox 939 3525 1119 3594; x_wconf 82' lang='grc' dir='ltr'>ἀπαθῆ</span> <span class='ocrx_word' id='word_1_465' title='bbox 1163 3525 1252 3580; x_wconf 84' lang='grc' dir='ltr'>καὶ</span> <span class='ocrx_word' id='word_1_466' title='bbox 1298 3520 1703 3598; x_wconf 76' lang='grc' dir='ltr'>ἆμενάϐλητον,</span> <span class='ocrx_word' id='word_1_467' title='bbox 1737 3529 1812 3588; x_wconf 85' lang='grc' dir='ltr'>ὡς</span> <span class='ocrx_word' id='word_1_468' title='bbox 1865 3527 1953 3581; x_wconf 83' lang='grc' dir='ltr'>καὶ</span> 
     </span>
    </p>
   </div>
   <div class='ocr_carea' id='block_1_67' title="bbox 296 3609 1956 3693">
    <p class='ocr_par' dir='ltr' id='par_1_67' title="bbox 296 3609 1956 3693">
     <span class='ocr_line' id='line_1_67' title="bbox 296 3609 1956 3693; baseline -0.003 -19"><span class='ocrx_word' id='word_1_469' title='bbox 296 3615 525 3693; x_wconf 82' lang='grc' dir='ltr'>ἄλλαχῆ</span> <span class='ocrx_word' id='word_1_470' title='bbox 559 3617 587 3671; x_wconf 87' lang='grc' dir='ltr'>ὁ</span> <span class='ocrx_word' id='word_1_471' title='bbox 619 3615 780 3677; x_wconf 83' lang='grc' dir='ltr'>αὐτὸς</span> <span class='ocrx_word' id='word_1_472' title='bbox 814 3609 1003 3683; x_wconf 77' lang='grc' dir='ltr'>Δαϐἱδ,</span> <span class='ocrx_word' id='word_1_473' title='bbox 1035 3615 1417 3689; x_wconf 83' lang='grc' dir='ltr'>Ἀγαπήσωσε,</span> <span class='ocrx_word' id='word_1_474' title='bbox 1469 3613 1658 3690; x_wconf 76' lang='grc' dir='ltr'>Κύριε,</span> <span class='ocrx_word' id='word_1_475' title='bbox 1709 3617 1744 3684; x_wconf 77' lang='grc' dir='ltr'><strong>ἡ</strong></span> <span class='ocrx_word' id='word_1_476' title='bbox 1797 3614 1956 3690; x_wconf 76' lang='grc' dir='ltr'>ἰσχύς</span> 
     </span>
    </p>
   </div>
   <div class='ocr_carea' id='block_1_68' title="bbox 297 3703 1953 3782">
    <p class='ocr_par' dir='ltr' id='par_1_68' title="bbox 297 3703 1953 3782">
     <span class='ocr_line' id='line_1_68' title="bbox 297 3703 1953 3782; baseline -0.002 -20"><span class='ocrx_word' id='word_1_477' title='bbox 297 3728 407 3782; x_wconf 88' lang='grc' dir='ltr'>μου</span> <span class='ocrx_word' id='word_1_478' title='bbox 443 3749 456 3764; x_wconf 91' lang='grc'><strong>.</strong></span> <span class='ocrx_word' id='word_1_479' title='bbox 516 3705 716 3782; x_wconf 81' lang='grc' dir='ltr'>Κύριος</span> <span class='ocrx_word' id='word_1_480' title='bbox 772 3704 1057 3780; x_wconf 76' lang='grc' dir='ltr'>στερεωμά</span> <span class='ocrx_word' id='word_1_481' title='bbox 1117 3725 1264 3778; x_wconf 89' lang='grc' dir='ltr'>μου,</span> <span class='ocrx_word' id='word_1_482' title='bbox 1323 3703 1414 3758; x_wconf 88' lang='grc' dir='ltr'>καὶ</span> <span class='ocrx_word' id='word_1_483' title='bbox 1471 3705 1753 3779; x_wconf 81' lang='grc' dir='ltr'>καταφυγή</span> <span class='ocrx_word' id='word_1_484' title='bbox 1819 3725 1953 3777; x_wconf 84' lang='grc' dir='ltr'>μου.</span> 
     </span>
    </p>
   </div>
   <div class='ocr_carea' id='block_1_69' title="bbox 292 3791 1959 3869">
    <p class='ocr_par' dir='ltr' id='par_1_69' title="bbox 292 3791 1959 3869">
     <span class='ocr_line' id='line_1_69' title="bbox 292 3791 1959 3869; baseline -0.001 -18"><span class='ocrx_word' id='word_1_485' title='bbox 292 3798 410 3867; x_wconf 77' lang='grc' dir='ltr'>Τήν</span> <span class='ocrx_word' id='word_1_486' title='bbox 463 3795 687 3866; x_wconf 84' lang='grc' dir='ltr'>ποίησιν</span> <span class='ocrx_word' id='word_1_487' title='bbox 723 3792 814 3850; x_wconf 82' lang='grc' dir='ltr'>οὖν</span> <span class='ocrx_word' id='word_1_488' title='bbox 847 3798 956 3850; x_wconf 90' lang='grc' dir='ltr'>τῶν</span> <span class='ocrx_word' id='word_1_489' title='bbox 989 3798 1192 3869; x_wconf 87' lang='grc' dir='ltr'>χειρῶν</span> <span class='ocrx_word' id='word_1_490' title='bbox 1226 3791 1390 3848; x_wconf 76' lang='grc' dir='ltr'>αὐτοῦ</span> <span class='ocrx_word' id='word_1_491' title='bbox 1423 3792 1553 3848; x_wconf 81' lang='grc' dir='ltr'>αὐτὸ</span> <span class='ocrx_word' id='word_1_492' title='bbox 1581 3792 1644 3847; x_wconf 79' lang='grc' dir='ltr'>τὰ</span> <span class='ocrx_word' id='word_1_493' title='bbox 1676 3793 1959 3866; x_wconf 81' lang='grc' dir='ltr'>στερέωμα</span> 
     </span>
    </p>
   </div>
   <div class='ocr_carea' id='block_1_70' title="bbox 293 3879 1955 3962">
    <p class='ocr_par' dir='ltr' id='par_1_70' title="bbox 293 3879 1955 3962">
     <span class='ocr_line' id='line_1_70' title="bbox 293 3879 1955 3962; baseline -0.001 -21"><span class='ocrx_word' id='word_1_494' title='bbox 293 3882 639 3962; x_wconf 78' lang='grc' dir='ltr'>ἀναγγέλλει,</span> <span class='ocrx_word' id='word_1_495' title='bbox 666 3884 943 3939; x_wconf 87' lang='grc' dir='ltr'>τουτέστιν</span> <span class='ocrx_word' id='word_1_496' title='bbox 976 3879 1210 3938; x_wconf 85' lang='grc' dir='ltr'>δείκνυσι</span> <span class='ocrx_word' id='word_1_497' title='bbox 1256 3883 1346 3938; x_wconf 84' lang='grc' dir='ltr'>καὶ</span> <span class='ocrx_word' id='word_1_498' title='bbox 1377 3882 1552 3959; x_wconf 79' lang='grc' dir='ltr'>φαίνει</span> <span class='ocrx_word' id='word_1_499' title='bbox 1581 3883 1682 3952; x_wconf 77' lang='grc' dir='ltr'>τὴν</span> <span class='ocrx_word' id='word_1_500' title='bbox 1732 3882 1955 3954; x_wconf 84' lang='grc' dir='ltr'>ποίησιν</span> 
     </span>
    </p>
   </div>
   <div class='ocr_carea' id='block_1_71' title="bbox 289 3970 1955 4050">
    <p class='ocr_par' dir='ltr' id='par_1_71' title="bbox 289 3970 1955 4050">
     <span class='ocr_line' id='line_1_71' title="bbox 289 3970 1955 4050; baseline -0.002 -19"><span class='ocrx_word' id='word_1_501' title='bbox 289 3979 400 4031; x_wconf 90' lang='grc' dir='ltr'>τῶν</span> <span class='ocrx_word' id='word_1_502' title='bbox 443 3972 698 4050; x_wconf 78' lang='grc' dir='ltr'>ἀγγέλων</span> <span class='ocrx_word' id='word_1_503' title='bbox 727 3971 912 4028; x_wconf 77' lang='grc' dir='ltr'>αὐτοῦ·</span> <span class='ocrx_word' id='word_1_504' title='bbox 945 3971 1272 4049; x_wconf 80' lang='grc' dir='ltr'>ἀναγγέλλει</span> <span class='ocrx_word' id='word_1_505' title='bbox 1303 3971 1406 4048; x_wconf 82' lang='grc' dir='ltr'>γὰρ</span> <span class='ocrx_word' id='word_1_506' title='bbox 1437 3971 1528 4027; x_wconf 84' lang='grc' dir='ltr'>καὶ</span> <span class='ocrx_word' id='word_1_507' title='bbox 1562 3970 1826 4027; x_wconf 85' lang='grc' dir='ltr'>δείκνυσιν</span> <span class='ocrx_word' id='word_1_508' title='bbox 1861 3970 1955 4035; x_wconf 75' lang='grc' dir='ltr'>οὕς</span> 
     </span>
    </p>
   </div>
   <div class='ocr_carea' id='block_1_72' title="bbox 293 4062 572 4136">
    <p class='ocr_par' dir='ltr' id='par_1_72' title="bbox 293 4062 572 4136">
     <span class='ocr_line' id='line_1_72' title="bbox 293 4062 572 4136; baseline 0.004 -15"><span class='ocrx_word' id='word_1_509' title='bbox 293 4063 391 4121; x_wconf 70' lang='grc' dir='ltr'>ἰπο</span> <span class='ocrx_word' id='word_1_510' title='bbox 403 4062 551 4136; x_wconf 87' lang='grc' dir='ltr'>ίησεν</span> <span class='ocrx_word' id='word_1_511' title='bbox 561 4107 572 4122; x_wconf 94' lang='grc'><strong>.</strong></span> 
     </span>
    </p>
   </div>
   <div class='ocr_carea' id='block_1_73' title="bbox 365 4236 1958 4315">
    <p class='ocr_par' dir='ltr' id='par_1_73' title="bbox 365 4236 1958 4315">
     <span class='ocr_line' id='line_1_73' title="bbox 365 4236 1958 4315; baseline -0.001 -19"><span class='ocrx_word' id='word_1_512' title='bbox 365 4245 491 4298; x_wconf 85' lang='lat' dir='ltr'>Nl&quot;.</span> <span class='ocrx_word' id='word_1_513' title='bbox 540 4239 752 4314; x_wconf 82' lang='grc' dir='ltr'>Ἡμέρα</span> <span class='ocrx_word' id='word_1_514' title='bbox 806 4241 876 4313; x_wconf 81' lang='grc' dir='ltr'>τῇ</span> <span class='ocrx_word' id='word_1_515' title='bbox 937 4236 1122 4315; x_wconf 78' lang='grc' dir='ltr'>ἡμέρᾳ</span> <span class='ocrx_word' id='word_1_516' title='bbox 1177 4237 1452 4314; x_wconf 71' lang='grc' dir='ltr'>ἐρεύγεται</span> <span class='ocrx_word' id='word_1_517' title='bbox 1506 4237 1657 4314; x_wconf 75' lang='grc' dir='ltr'>ῥῆμα</span> <span class='ocrx_word' id='word_1_518' title='bbox 1695 4283 1706 4294; x_wconf 95' lang='grc'><strong>.</strong></span> <span class='ocrx_word' id='word_1_519' title='bbox 1758 4240 1849 4300; x_wconf 86' lang='grc' dir='ltr'>Ὡς</span> <span class='ocrx_word' id='word_1_520' title='bbox 1905 4241 1958 4294; x_wconf 74' lang='grc' dir='ltr'>οἱ</span> 
     </span>
    </p>
   </div>
   <div class='ocr_carea' id='block_1_74' title="bbox 300 4325 1957 4404">
    <p class='ocr_par' dir='ltr' id='par_1_74' title="bbox 300 4325 1957 4404">
     <span class='ocr_line' id='line_1_74' title="bbox 300 4325 1957 4404; baseline 0 -21"><span class='ocrx_word' id='word_1_521' title='bbox 300 4329 522 4403; x_wconf 79' lang='grc' dir='ltr'>οὐρανοὶ</span> <span class='ocrx_word' id='word_1_522' title='bbox 573 4326 902 4404; x_wconf 81' lang='grc' dir='ltr'>πολλαχῶς,</span> <span class='ocrx_word' id='word_1_523' title='bbox 936 4325 1110 4389; x_wconf 71' lang='grc' dir='ltr'>οὕτως</span> <span class='ocrx_word' id='word_1_524' title='bbox 1156 4328 1244 4382; x_wconf 75' lang='grc' dir='ltr'>καὶ</span> <span class='ocrx_word' id='word_1_525' title='bbox 1292 4329 1327 4397; x_wconf 80' lang='grc' dir='ltr'>ἡ</span> <span class='ocrx_word' id='word_1_526' title='bbox 1379 4329 1581 4402; x_wconf 83' lang='grc' dir='ltr'>ἡμέρα.</span> <span class='ocrx_word' id='word_1_527' title='bbox 1631 4329 1809 4401; x_wconf 81' lang='grc' dir='ltr'>Ῥῆμα</span> <span class='ocrx_word' id='word_1_528' title='bbox 1842 4325 1900 4383; x_wconf 74' lang='grc' dir='ltr'>δὲ</span> <span class='ocrx_word' id='word_1_529' title='bbox 1929 4330 1957 4384; x_wconf 89' lang='grc' dir='ltr'>ὁ</span> 
     </span>
    </p>
   </div>
   <div class='ocr_carea' id='block_1_75' title="bbox 303 4413 1954 4492">
    <p class='ocr_par' dir='ltr' id='par_1_75' title="bbox 303 4413 1954 4492">
     <span class='ocr_line' id='line_1_75' title="bbox 303 4413 1954 4492; baseline 0.002 -22"><span class='ocrx_word' id='word_1_530' title='bbox 303 4415 524 4492; x_wconf 75' lang='grc' dir='ltr'>Κύριος·</span> <span class='ocrx_word' id='word_1_531' title='bbox 575 4416 661 4470; x_wconf 80' lang='grc' dir='ltr'>καὶ</span> <span class='ocrx_word' id='word_1_532' title='bbox 692 4417 722 4472; x_wconf 81' lang='grc' dir='ltr'><strong>ὁ</strong></span> <span class='ocrx_word' id='word_1_533' title='bbox 765 4415 926 4478; x_wconf 84' lang='grc' dir='ltr'>αὐτὸς</span> <span class='ocrx_word' id='word_1_534' title='bbox 972 4413 1030 4471; x_wconf 74' lang='grc' dir='ltr'>δὲ</span> <span class='ocrx_word' id='word_1_535' title='bbox 1078 4415 1259 4490; x_wconf 76' lang='grc' dir='ltr'>ἡμέρα</span> <span class='ocrx_word' id='word_1_536' title='bbox 1289 4414 1555 4491; x_wconf 83' lang='grc' dir='ltr'>πολλαχῆ</span> <span class='ocrx_word' id='word_1_537' title='bbox 1590 4415 1822 4490; x_wconf 50' lang='grc' dir='ltr'>εἴρηται.</span> <span class='ocrx_word' id='word_1_538' title='bbox 1859 4419 1954 4473; x_wconf 84' lang='grc' dir='ltr'>Καὶ</span> 
     </span>
    </p>
   </div>
   <div class='ocr_carea' id='block_1_76' title="bbox 296 4500 1959 4582">
    <p class='ocr_par' dir='ltr' id='par_1_76' title="bbox 296 4500 1959 4582">
     <span class='ocr_line' id='line_1_76' title="bbox 296 4500 1959 4582; baseline 0.001 -22"><span class='ocrx_word' id='word_1_539' title='bbox 296 4506 394 4578; x_wconf 77' lang='grc' dir='ltr'>νὺξ</span> <span class='ocrx_word' id='word_1_540' title='bbox 467 4505 616 4560; x_wconf 85' lang='grc' dir='ltr'>νυκτῖ</span> <span class='ocrx_word' id='word_1_541' title='bbox 690 4504 1012 4582; x_wconf 77' lang='grc' dir='ltr'>ἀναγγέλλει</span> <span class='ocrx_word' id='word_1_542' title='bbox 1086 4509 1308 4579; x_wconf 83' lang='grc' dir='ltr'>γνῶσιν.</span> <span class='ocrx_word' id='word_1_543' title='bbox 1376 4507 1435 4560; x_wconf 81' lang='lat'>&#39;0</span> <span class='ocrx_word' id='word_1_544' title='bbox 1513 4500 1772 4570; x_wconf 74' lang='grc' dir='ltr'>διάϐολος</span> <span class='ocrx_word' id='word_1_545' title='bbox 1837 4502 1959 4579; x_wconf 74' lang='grc' dir='ltr'>ᾔδει</span> 
     </span>
    </p>
   </div>
   <div class='ocr_carea' id='block_1_77' title="bbox 296 4590 1957 4671">
    <p class='ocr_par' dir='ltr' id='par_1_77' title="bbox 296 4590 1957 4671">
     <span class='ocr_line' id='line_1_77' title="bbox 296 4590 1957 4671; baseline -0.003 -19"><span class='ocrx_word' id='word_1_546' title='bbox 296 4593 656 4666; x_wconf 70' lang='grc' dir='ltr'>ἐλευσόμενον</span> <span class='ocrx_word' id='word_1_547' title='bbox 707 4595 801 4651; x_wconf 89' lang='grc' dir='ltr'>τὸν</span> <span class='ocrx_word' id='word_1_548' title='bbox 854 4593 1072 4671; x_wconf 67' lang='grc' dir='ltr'>Κύριον·</span> <span class='ocrx_word' id='word_1_549' title='bbox 1135 4591 1183 4649; x_wconf 74' lang='grc' dir='ltr'>εἶ’</span> <span class='ocrx_word' id='word_1_550' title='bbox 1222 4590 1280 4648; x_wconf 75' lang='grc' dir='ltr'>δὲ</span> <span class='ocrx_word' id='word_1_551' title='bbox 1332 4593 1461 4654; x_wconf 87' lang='grc' dir='ltr'>Θεὸς</span> <span class='ocrx_word' id='word_1_552' title='bbox 1496 4595 1606 4667; x_wconf 90' lang='grc'>(71)</span> <span class='ocrx_word' id='word_1_553' title='bbox 1641 4592 1799 4658; x_wconf 78' lang='grc' dir='ltr'>αὐτὸς</span> <span class='ocrx_word' id='word_1_554' title='bbox 1844 4592 1957 4666; x_wconf 67' lang='grc' dir='ltr'>εἶἠ,</span> 
     </span>
    </p>
   </div>
   <div class='ocr_carea' id='block_1_78' title="bbox 2069 3438 3719 3512">
    <p class='ocr_par' dir='ltr' id='par_1_78' title="bbox 2069 3438 3719 3512">
     <span class='ocr_line' id='line_1_78' title="bbox 2069 3438 3719 3512; baseline -0.004 -16"><span class='ocrx_word' id='word_1_555' title='bbox 2069 3438 2340 3512; x_wconf 86' lang='lat' dir='ltr'>apostoli.</span> <span class='ocrx_word' id='word_1_556' title='bbox 2377 3439 2524 3509; x_wconf 84' lang='lat' dir='ltr'>Opus</span> <span class='ocrx_word' id='word_1_557' title='bbox 2556 3454 2682 3494; x_wconf 68' lang='lat' dir='ltr'>vero</span> <span class='ocrx_word' id='word_1_558' title='bbox 2712 3454 2985 3493; x_wconf 88' lang='lat' dir='ltr'>manuum</span> <span class='ocrx_word' id='word_1_559' title='bbox 3013 3438 3131 3510; x_wconf 84' lang='lat' dir='ltr'>ejus</span> <span class='ocrx_word' id='word_1_560' title='bbox 3183 3439 3482 3492; x_wconf 78' lang='lat' dir='ltr'>annuntiat</span> <span class='ocrx_word' id='word_1_561' title='bbox 3523 3439 3719 3506; x_wconf 81' lang='lat' dir='ltr'>ﬁrma-</span> 
     </span>
    </p>
   </div>
   <div class='ocr_carea' id='block_1_79' title="bbox 2066 3525 3718 3598">
    <p class='ocr_par' dir='ltr' id='par_1_79' title="bbox 2066 3525 3718 3598">
     <span class='ocr_line' id='line_1_79' title="bbox 2066 3525 3718 3598; baseline -0.002 -14"><span class='ocrx_word' id='word_1_562' title='bbox 2066 3537 2330 3584; x_wconf 80' lang='lat' dir='ltr'>mentum.</span> <span class='ocrx_word' id='word_1_563' title='bbox 2366 3527 2825 3583; x_wconf 85' lang='lat' dir='ltr'>Firmamentum</span> <span class='ocrx_word' id='word_1_564' title='bbox 2859 3531 3026 3582; x_wconf 91' lang='lat' dir='ltr'>vocat</span> <span class='ocrx_word' id='word_1_565' title='bbox 3057 3532 3265 3593; x_wconf 91' lang='lat' dir='ltr'>Deum,</span> <span class='ocrx_word' id='word_1_566' title='bbox 3301 3525 3401 3598; x_wconf 88' lang='lat' dir='ltr'>qui</span> <span class='ocrx_word' id='word_1_567' title='bbox 3433 3543 3466 3580; x_wconf 86' lang='lat' dir='ltr'>a</span> <span class='ocrx_word' id='word_1_568' title='bbox 3498 3526 3718 3597; x_wconf 83' lang='lat' dir='ltr'>passio-</span> 
     </span>
    </p>
   </div>
   <div class='ocr_carea' id='block_1_80' title="bbox 2070 3613 3716 3684">
    <p class='ocr_par' dir='ltr' id='par_1_80' title="bbox 2070 3613 3716 3684">
     <span class='ocr_line' id='line_1_80' title="bbox 2070 3613 3716 3684; baseline -0.002 -11"><span class='ocrx_word' id='word_1_569' title='bbox 2070 3635 2140 3674; x_wconf 90' lang='lat' dir='ltr'>ne</span> <span class='ocrx_word' id='word_1_570' title='bbox 2173 3616 2457 3672; x_wconf 90' lang='lat' dir='ltr'>immunis</span> <span class='ocrx_word' id='word_1_571' title='bbox 2491 3620 2581 3672; x_wconf 88' lang='lat' dir='ltr'>est</span> <span class='ocrx_word' id='word_1_572' title='bbox 2611 3632 2677 3671; x_wconf 90' lang='lat' dir='ltr'>ac</span> <span class='ocrx_word' id='word_1_573' title='bbox 2709 3615 3122 3684; x_wconf 87' lang='lat' dir='ltr'>immutabilis,</span> <span class='ocrx_word' id='word_1_574' title='bbox 3155 3615 3326 3670; x_wconf 91' lang='lat' dir='ltr'>sicuti</span> <span class='ocrx_word' id='word_1_575' title='bbox 3355 3622 3414 3669; x_wconf 90' lang='lat' dir='ltr'>et</span> <span class='ocrx_word' id='word_1_576' title='bbox 3445 3614 3557 3670; x_wconf 88' lang='lat' dir='ltr'>alio</span> <span class='ocrx_word' id='word_1_577' title='bbox 3589 3613 3716 3670; x_wconf 90' lang='lat' dir='ltr'>loco</span> 
     </span>
    </p>
   </div>
   <div class='ocr_carea' id='block_1_81' title="bbox 2068 3704 3718 3774">
    <p class='ocr_par' dir='ltr' id='par_1_81' title="bbox 2068 3704 3718 3774">
     <span class='ocr_line' id='line_1_81' title="bbox 2068 3704 3718 3774; baseline -0.002 -12"><span class='ocrx_word' id='word_1_578' title='bbox 2068 3708 2224 3762; x_wconf 90' lang='lat' dir='ltr'>idem</span> <span class='ocrx_word' id='word_1_579' title='bbox 2258 3705 2355 3762; x_wconf 90' lang='lat' dir='ltr'>ille</span> <span class='ocrx_word' id='word_1_580' title='bbox 2386 3705 2564 3761; x_wconf 82' lang='lat' dir='ltr'>David</span> <span class='ocrx_word' id='word_1_581' title='bbox 2597 3705 2810 3760; x_wconf 86' lang='lat' dir='ltr'>asserit</span> <span class='ocrx_word' id='word_1_582' title='bbox 2839 3723 2850 3758; x_wconf 93' lang='lat'>:</span> <span class='ocrx_word' id='word_1_583' title='bbox 2888 3706 3132 3774; x_wconf 80' lang='lat' dir='ltr'>Diligam</span> <span class='ocrx_word' id='word_1_584' title='bbox 3165 3708 3232 3772; x_wconf 77' lang='lat' dir='ltr'>te,</span> <span class='ocrx_word' id='word_1_585' title='bbox 3267 3704 3517 3772; x_wconf 77' lang='lat' dir='ltr'>Domine,</span> <span class='ocrx_word' id='word_1_586' title='bbox 3538 3705 3718 3759; x_wconf 73' lang='lat' dir='ltr'>uirtus</span> 
     </span>
    </p>
   </div>
   <div class='ocr_carea' id='block_1_82' title="bbox 2066 3795 3717 3866">
    <p class='ocr_par' dir='ltr' id='par_1_82' title="bbox 2066 3795 3717 3866">
     <span class='ocr_line' id='line_1_82' title="bbox 2066 3795 3717 3866; baseline -0.004 -13"><span class='ocrx_word' id='word_1_587' title='bbox 2066 3814 2239 3853; x_wconf 84' lang='lat' dir='ltr'>mea:</span> <span class='ocrx_word' id='word_1_588' title='bbox 2298 3796 2565 3850; x_wconf 78' lang='lat' dir='ltr'>Dominus</span> <span class='ocrx_word' id='word_1_589' title='bbox 2620 3797 3030 3866; x_wconf 76' lang='lat' dir='ltr'>ﬁrmamentum</span> <span class='ocrx_word' id='word_1_590' title='bbox 3087 3811 3272 3850; x_wconf 87' lang='lat' dir='ltr'>meum</span> <span class='ocrx_word' id='word_1_591' title='bbox 3317 3810 3383 3849; x_wconf 86' lang='lat' dir='ltr'>ac</span> <span class='ocrx_word' id='word_1_592' title='bbox 3437 3795 3717 3866; x_wconf 81' lang='lat' dir='ltr'>refugium</span> 
     </span>
    </p>
   </div>
   <div class='ocr_carea' id='block_1_83' title="bbox 2067 3879 3721 3955">
    <p class='ocr_par' dir='ltr' id='par_1_83' title="bbox 2067 3879 3721 3955">
     <span class='ocr_line' id='line_1_83' title="bbox 2067 3879 3721 3955; baseline -0.002 -16"><span class='ocrx_word' id='word_1_593' title='bbox 2067 3900 2252 3939; x_wconf 86' lang='lat' dir='ltr'>meum</span> <span class='ocrx_word' id='word_1_594' title='bbox 2283 3883 2374 3955; x_wconf 77' lang='grc' dir='ltr'>(ο).</span> <span class='ocrx_word' id='word_1_595' title='bbox 2409 3881 2570 3954; x_wconf 91' lang='lat' dir='ltr'>Opus</span> <span class='ocrx_word' id='word_1_596' title='bbox 2601 3881 2798 3953; x_wconf 86' lang='lat' dir='ltr'>itaque</span> <span class='ocrx_word' id='word_1_597' title='bbox 2829 3897 3114 3937; x_wconf 90' lang='lat' dir='ltr'>manuum</span> <span class='ocrx_word' id='word_1_598' title='bbox 3147 3881 3277 3951; x_wconf 85' lang='lat' dir='ltr'>ejus</span> <span class='ocrx_word' id='word_1_599' title='bbox 3300 3879 3497 3952; x_wconf 87' lang='lat' dir='ltr'>ipsum</span> <span class='ocrx_word' id='word_1_600' title='bbox 3522 3881 3721 3936; x_wconf 82' lang='lat' dir='ltr'>firma-</span> 
     </span>
    </p>
   </div>
   <div class='ocr_carea' id='block_1_84' title="bbox 2069 3970 3724 4042">
    <p class='ocr_par' dir='ltr' id='par_1_84' title="bbox 2069 3970 3724 4042">
     <span class='ocr_line' id='line_1_84' title="bbox 2069 3970 3724 4042; baseline -0.003 -13"><span class='ocrx_word' id='word_1_601' title='bbox 2069 3977 2334 4029; x_wconf 90' lang='lat' dir='ltr'>mentum</span> <span class='ocrx_word' id='word_1_602' title='bbox 2369 3971 2721 4041; x_wconf 88' lang='lat' dir='ltr'>annuntiat;</span> <span class='ocrx_word' id='word_1_603' title='bbox 2755 3970 2864 4026; x_wconf 90' lang='lat' dir='ltr'>hoc</span> <span class='ocrx_word' id='word_1_604' title='bbox 2897 3975 2988 4027; x_wconf 90' lang='lat' dir='ltr'>est</span> <span class='ocrx_word' id='word_1_605' title='bbox 3027 3971 3284 4026; x_wconf 87' lang='lat' dir='ltr'>ostendit</span> <span class='ocrx_word' id='word_1_606' title='bbox 3327 3987 3393 4026; x_wconf 85' lang='lat' dir='ltr'>ac</span> <span class='ocrx_word' id='word_1_607' title='bbox 3441 3986 3724 4042; x_wconf 89' lang='lat' dir='ltr'>apparere</span> 
     </span>
    </p>
   </div>
   <div class='ocr_carea' id='block_1_85' title="bbox 2069 4057 3726 4133">
    <p class='ocr_par' dir='ltr' id='par_1_85' title="bbox 2069 4057 3726 4133">
     <span class='ocr_line' id='line_1_85' title="bbox 2069 4057 3726 4133; baseline -0.002 -15"><span class='ocrx_word' id='word_1_608' title='bbox 2069 4063 2208 4119; x_wconf 85' lang='lat' dir='ltr'>facit</span> <span class='ocrx_word' id='word_1_609' title='bbox 2238 4079 2388 4133; x_wconf 89' lang='lat' dir='ltr'>opus</span> <span class='ocrx_word' id='word_1_610' title='bbox 2410 4060 2752 4132; x_wconf 83' lang='lat' dir='ltr'>angelorum</span> <span class='ocrx_word' id='word_1_611' title='bbox 2788 4076 3051 4115; x_wconf 84' lang='lat' dir='ltr'>suorum.</span> <span class='ocrx_word' id='word_1_612' title='bbox 3084 4060 3412 4116; x_wconf 87' lang='lat' dir='ltr'>Annuntiat</span> <span class='ocrx_word' id='word_1_613' title='bbox 3469 4057 3624 4114; x_wconf 92' lang='lat' dir='ltr'>enim</span> <span class='ocrx_word' id='word_1_614' title='bbox 3659 4074 3726 4114; x_wconf 87' lang='lat' dir='ltr'>ac</span> 
     </span>
    </p>
   </div>
   <div class='ocr_carea' id='block_1_86' title="bbox 2069 4149 2836 4221">
    <p class='ocr_par' dir='ltr' id='par_1_86' title="bbox 2069 4149 2836 4221">
     <span class='ocr_line' id='line_1_86' title="bbox 2069 4149 2836 4221; baseline -0.009 -12"><span class='ocrx_word' id='word_1_615' title='bbox 2069 4151 2347 4216; x_wconf 89' lang='lat' dir='ltr'>ostendit,</span> <span class='ocrx_word' id='word_1_616' title='bbox 2381 4166 2532 4221; x_wconf 88' lang='lat' dir='ltr'>quos</span> <span class='ocrx_word' id='word_1_617' title='bbox 2555 4149 2649 4204; x_wconf 88' lang='lat' dir='ltr'>ille</span> <span class='ocrx_word' id='word_1_618' title='bbox 2682 4149 2836 4204; x_wconf 79' lang='lat' dir='ltr'>fecit.</span> 
     </span>
    </p>
   </div>
   <div class='ocr_carea' id='block_1_87' title="bbox 2139 4235 3724 4307">
    <p class='ocr_par' dir='ltr' id='par_1_87' title="bbox 2139 4235 3724 4307">
     <span class='ocr_line' id='line_1_87' title="bbox 2139 4235 3724 4307; baseline -0.004 -10"><span class='ocrx_word' id='word_1_619' title='bbox 2139 4241 2241 4297; x_wconf 86' lang='grc' dir='ltr'><strong>ΙΙΙ.</strong></span> <span class='ocrx_word' id='word_1_620' title='bbox 2278 4241 2404 4296; x_wconf 79' lang='lat' dir='ltr'>Dies</span> <span class='ocrx_word' id='word_1_621' title='bbox 2435 4237 2551 4294; x_wconf 84' lang='lat' dir='ltr'>diei</span> <span class='ocrx_word' id='word_1_622' title='bbox 2579 4242 2791 4294; x_wconf 76' lang='lat' dir='ltr'>eructat</span> <span class='ocrx_word' id='word_1_623' title='bbox 2828 4238 3049 4293; x_wconf 83' lang='lat' dir='ltr'>verbum</span> <span class='ocrx_word' id='word_1_624' title='bbox 3080 4237 3176 4307; x_wconf 76' lang='grc' dir='ltr'>(τι).</span> <span class='ocrx_word' id='word_1_625' title='bbox 3209 4237 3374 4291; x_wconf 84' lang='lat' dir='ltr'>Sicut</span> <span class='ocrx_word' id='word_1_626' title='bbox 3412 4236 3539 4291; x_wconf 69' lang='lat' dir='ltr'>coeli</span> <span class='ocrx_word' id='word_1_627' title='bbox 3572 4235 3724 4290; x_wconf 86' lang='lat' dir='ltr'>mul-</span> 
     </span>
    </p>
   </div>
   <div class='ocr_carea' id='block_1_88' title="bbox 2071 4325 3724 4402">
    <p class='ocr_par' dir='ltr' id='par_1_88' title="bbox 2071 4325 3724 4402">
     <span class='ocr_line' id='line_1_88' title="bbox 2071 4325 3724 4402; baseline -0.003 -17"><span class='ocrx_word' id='word_1_628' title='bbox 2071 4329 2343 4402; x_wconf 88' lang='lat' dir='ltr'>tipliciter</span> <span class='ocrx_word' id='word_1_629' title='bbox 2381 4328 2681 4398; x_wconf 87' lang='lat' dir='ltr'>dicuntur,</span> <span class='ocrx_word' id='word_1_630' title='bbox 2733 4327 2819 4382; x_wconf 91' lang='lat' dir='ltr'>sic</span> <span class='ocrx_word' id='word_1_631' title='bbox 2851 4326 3022 4381; x_wconf 87' lang='lat' dir='ltr'>etiam</span> <span class='ocrx_word' id='word_1_632' title='bbox 3058 4325 3204 4380; x_wconf 83' lang='lat' dir='ltr'>dies.</span> <span class='ocrx_word' id='word_1_633' title='bbox 3237 4333 3300 4398; x_wconf 74' lang='grc' dir='ltr'>ιι‹</span> <span class='ocrx_word' id='word_1_634' title='bbox 3330 4325 3586 4380; x_wconf 90' lang='lat' dir='ltr'>Verbum</span> <span class='ocrx_word' id='word_1_635' title='bbox 3619 4341 3724 4380; x_wconf 83' lang='lat' dir='ltr'>au-</span> 
     </span>
    </p>
   </div>
   <div class='ocr_carea' id='block_1_89' title="bbox 2067 4414 3722 4487">
    <p class='ocr_par' dir='ltr' id='par_1_89' title="bbox 2067 4414 3722 4487">
     <span class='ocr_line' id='line_1_89' title="bbox 2067 4414 3722 4487; baseline -0.004 -13"><span class='ocrx_word' id='word_1_636' title='bbox 2067 4424 2184 4474; x_wconf 80' lang='lat' dir='ltr'>tem</span> <span class='ocrx_word' id='word_1_637' title='bbox 2219 4418 2503 4474; x_wconf 89' lang='lat' dir='ltr'>Dominus</span> <span class='ocrx_word' id='word_1_638' title='bbox 2535 4421 2645 4485; x_wconf 88' lang='lat' dir='ltr'>est,</span> <span class='ocrx_word' id='word_1_639' title='bbox 2679 4433 2745 4471; x_wconf 87' lang='lat' dir='ltr'>ac</span> <span class='ocrx_word' id='word_1_640' title='bbox 2778 4415 2903 4487; x_wconf 85' lang='lat' dir='ltr'>ipse</span> <span class='ocrx_word' id='word_1_641' title='bbox 2931 4431 3333 4487; x_wconf 72' lang='lat' dir='ltr'>saepenumero</span> <span class='ocrx_word' id='word_1_642' title='bbox 3366 4414 3486 4468; x_wconf 81' lang='lat' dir='ltr'>dies</span> <span class='ocrx_word' id='word_1_643' title='bbox 3531 4414 3722 4470; x_wconf 86' lang='lat' dir='ltr'>nomi-</span> 
     </span>
    </p>
   </div>
   <div class='ocr_carea' id='block_1_90' title="bbox 2069 4504 3725 4575">
    <p class='ocr_par' dir='ltr' id='par_1_90' title="bbox 2069 4504 3725 4575">
     <span class='ocr_line' id='line_1_90' title="bbox 2069 4504 3725 4575; baseline -0.003 -11"><span class='ocrx_word' id='word_1_644' title='bbox 2069 4515 2244 4564; x_wconf 89' lang='lat' dir='ltr'>natus</span> <span class='ocrx_word' id='word_1_645' title='bbox 2271 4512 2380 4563; x_wconf 88' lang='lat' dir='ltr'>est.</span> <span class='ocrx_word' id='word_1_646' title='bbox 2416 4507 2479 4562; x_wconf 85' lang='lat' dir='ltr'>Et</span> <span class='ocrx_word' id='word_1_647' title='bbox 2510 4507 2795 4561; x_wconf 75' lang='lat' dir='ltr'>noxnocti</span> <span class='ocrx_word' id='word_1_648' title='bbox 2827 4504 3038 4560; x_wconf 76' lang='lat' dir='ltr'>indicat</span> <span class='ocrx_word' id='word_1_649' title='bbox 3088 4504 3382 4560; x_wconf 72' lang='lat' dir='ltr'>stantiam.</span> <span class='ocrx_word' id='word_1_650' title='bbox 3442 4504 3725 4575; x_wconf 82' lang='lat' dir='ltr'>Cognovit</span> 
     </span>
    </p>
   </div>
   <div class='ocr_carea' id='block_1_91' title="bbox 2069 4593 3728 4653">
    <p class='ocr_par' dir='ltr' id='par_1_91' title="bbox 2069 4593 3728 4653">
     <span class='ocr_line' id='line_1_91' title="bbox 2069 4593 3728 4653; baseline -0.002 0"><span class='ocrx_word' id='word_1_651' title='bbox 2069 4597 2338 4653; x_wconf 87' lang='lat' dir='ltr'>diabolus</span> <span class='ocrx_word' id='word_1_652' title='bbox 2371 4595 2686 4651; x_wconf 89' lang='lat' dir='ltr'>Dominum</span> <span class='ocrx_word' id='word_1_653' title='bbox 2722 4602 3033 4650; x_wconf 85' lang='lat' dir='ltr'>venturum</span> <span class='ocrx_word' id='word_1_654' title='bbox 3065 4610 3226 4648; x_wconf 85' lang='lat' dir='ltr'>esse:</span> <span class='ocrx_word' id='word_1_655' title='bbox 3253 4610 3324 4648; x_wconf 90' lang='lat' dir='ltr'>an</span> <span class='ocrx_word' id='word_1_656' title='bbox 3380 4609 3513 4649; x_wconf 89' lang='lat' dir='ltr'>vero</span> <span class='ocrx_word' id='word_1_657' title='bbox 3573 4593 3728 4649; x_wconf 89' lang='lat' dir='ltr'>Deus</span> 
     </span>
    </p>
   </div>
   <div class='ocr_carea' id='block_1_92' title="bbox 294 4681 1958 4762">
    <p class='ocr_par' dir='ltr' id='par_1_92' title="bbox 294 4683 1956 4762">
     <span class='ocr_line' id='line_1_92' title="bbox 294 4683 1956 4762; baseline -0.002 -19"><span class='ocrx_word' id='word_1_658' title='bbox 294 4687 396 4743; x_wconf 78' lang='grc' dir='ltr'>οὐκ</span> <span class='ocrx_word' id='word_1_659' title='bbox 426 4685 716 4757; x_wconf 80' lang='grc' dir='ltr'>ἠπίστατο’</span> <span class='ocrx_word' id='word_1_660' title='bbox 773 4684 858 4741; x_wconf 81' lang='grc' dir='ltr'>διὸ</span> <span class='ocrx_word' id='word_1_661' title='bbox 909 4686 999 4741; x_wconf 78' lang='grc' dir='ltr'>καὶ</span> <span class='ocrx_word' id='word_1_662' title='bbox 1052 4685 1329 4762; x_wconf 78' lang='grc' dir='ltr'>ἐπείραζεν</span> <span class='ocrx_word' id='word_1_663' title='bbox 1389 4684 1572 4757; x_wconf 85' lang='grc' dir='ltr'>αὐτὸν,</span> <span class='ocrx_word' id='word_1_664' title='bbox 1617 4683 1708 4740; x_wconf 60' lang='grc' dir='ltr'>τίνα</span> <span class='ocrx_word' id='word_1_665' title='bbox 1752 4691 1864 4762; x_wconf 85' lang='grc' dir='ltr'>γνῷ</span> <span class='ocrx_word' id='word_1_666' title='bbox 1913 4686 1956 4741; x_wconf 83' lang='grc' dir='ltr'>εἷ</span> 
     </span>
    </p>
   </div>
   <div class='ocr_carea' id='block_1_93' title="bbox 2079 4681 3726 4762">
    <p class='ocr_par' dir='ltr' id='par_1_93' title="bbox 2079 4681 3726 4755">
     <span class='ocr_line' id='line_1_93' title="bbox 2079 4681 3726 4755; baseline -0.002 -13"><span class='ocrx_word' id='word_1_667' title='bbox 2079 4687 2222 4742; x_wconf 83' lang='lat' dir='ltr'>idem</span> <span class='ocrx_word' id='word_1_668' title='bbox 2250 4690 2404 4741; x_wconf 81' lang='lat' dir='ltr'>esset</span> <span class='ocrx_word' id='word_1_669' title='bbox 2429 4685 2690 4750; x_wconf 80' lang='lat' dir='ltr'>futurus,</span> <span class='ocrx_word' id='word_1_670' title='bbox 2724 4683 2890 4738; x_wconf 85' lang='lat' dir='ltr'>illum</span> <span class='ocrx_word' id='word_1_671' title='bbox 2921 4683 3110 4738; x_wconf 85' lang='lat' dir='ltr'>latuit.</span> <span class='ocrx_word' id='word_1_672' title='bbox 3137 4683 3500 4755; x_wconf 81' lang='lat' dir='ltr'>Quapropter</span> <span class='ocrx_word' id='word_1_673' title='bbox 3531 4681 3726 4754; x_wconf 89' lang='lat' dir='ltr'>ipsum</span> 
     </span>
    </p>
   </div>
   <div class='ocr_carea' id='block_1_94' title="bbox 293 4773 1956 4851">
    <p class='ocr_par' dir='ltr' id='par_1_94' title="bbox 293 4773 1956 4851">
     <span class='ocr_line' id='line_1_94' title="bbox 293 4773 1956 4851; baseline -0.001 -19"><span class='ocrx_word' id='word_1_674' title='bbox 293 4775 523 4840; x_wconf 84' lang='grc' dir='ltr'>δυνατός</span> <span class='ocrx_word' id='word_1_675' title='bbox 569 4775 730 4832; x_wconf 77' lang='grc' dir='ltr'>ἐστιν.</span> <span class='ocrx_word' id='word_1_676' title='bbox 790 4779 919 4846; x_wconf 80' lang='grc' dir='ltr'>Ἐᾇν</span> <span class='ocrx_word' id='word_1_677' title='bbox 977 4779 1085 4851; x_wconf 79' lang='grc'>(72)</span> <span class='ocrx_word' id='word_1_678' title='bbox 1120 4796 1277 4851; x_wconf 77' lang='grc' dir='ltr'>φησι,</span> <span class='ocrx_word' id='word_1_679' title='bbox 1330 4774 1420 4830; x_wconf 83' lang='grc' dir='ltr'>καὶ</span> <span class='ocrx_word' id='word_1_680' title='bbox 1475 4773 1680 4845; x_wconf 83' lang='grc' dir='ltr'>ἀπέστη</span> <span class='ocrx_word' id='word_1_681' title='bbox 1714 4775 1808 4831; x_wconf 84' lang='grc' dir='ltr'>ἀπ’</span> <span class='ocrx_word' id='word_1_682' title='bbox 1861 4775 1956 4831; x_wconf 79' lang='grc' dir='ltr'>αὐ-</span> 
     </span>
    </p>
   </div>
   <div class='ocr_carea' id='block_1_95' title="bbox 293 4857 1958 4941">
    <p class='ocr_par' dir='ltr' id='par_1_95' title="bbox 293 4857 1958 4941">
     <span class='ocr_line' id='line_1_95' title="bbox 293 4857 1958 4941; baseline -0.002 -19"><span class='ocrx_word' id='word_1_683' title='bbox 293 4870 395 4922; x_wconf 76' lang='grc' dir='ltr'>τοῦ</span> <span class='ocrx_word' id='word_1_684' title='bbox 425 4864 502 4930; x_wconf 79' lang='grc' dir='ltr'>εἷς</span> <span class='ocrx_word' id='word_1_685' title='bbox 553 4865 770 4941; x_wconf 84' lang='grc' dir='ltr'>καιρὸν,</span> <span class='ocrx_word' id='word_1_686' title='bbox 815 4865 1090 4920; x_wconf 86' lang='grc' dir='ltr'>τουτέστιν</span> <span class='ocrx_word' id='word_1_687' title='bbox 1122 4857 1456 4919; x_wconf 77' lang='grc' dir='ltr'>ἀνεϐάλλετο</span> <span class='ocrx_word' id='word_1_688' title='bbox 1502 4865 1601 4933; x_wconf 79' lang='grc' dir='ltr'>τὴν</span> <span class='ocrx_word' id='word_1_689' title='bbox 1641 4863 1845 4939; x_wconf 72' lang='grc' dir='ltr'>εὕρεσιν</span> <span class='ocrx_word' id='word_1_690' title='bbox 1884 4864 1958 4928; x_wconf 81' lang='grc' dir='ltr'>εἷς</span> 
     </span>
    </p>
   </div>
   <div class='ocr_carea' id='block_1_96' title="bbox 298 5100 501 5139">
    <p class='ocr_par' dir='ltr' id='par_1_96' title="bbox 298 5100 501 5139">
     <span class='ocr_line' id='line_1_96' title="bbox 298 5100 501 5139; baseline -0.005 0"><span class='ocrx_word' id='word_1_691' title='bbox 298 5100 378 5139; x_wconf 78' lang='grc' dir='ltr'>ιν.</span> <span class='ocrx_word' id='word_1_692' title='bbox 415 5100 501 5138; x_wconf 72' lang='grc'>15.</span> 
     </span>
    </p>
   </div>
   <div class='ocr_carea' id='block_1_97' title="bbox 381 5234 1964 5320">
    <p class='ocr_par' dir='ltr' id='par_1_97' title="bbox 381 5234 1964 5320">
     <span class='ocr_line' id='line_1_97' title="bbox 381 5234 1964 5320; baseline 0.001 -29"><span class='ocrx_word' id='word_1_693' title='bbox 381 5237 494 5320; x_wconf 79' lang='grc'>(67)</span> <span class='ocrx_word' id='word_1_694' title='bbox 518 5236 838 5320; x_wconf 72' lang='grc' dir='ltr'>Ἕμψυχσν.</span> <span class='ocrx_word' id='word_1_695' title='bbox 889 5235 1030 5320; x_wconf 70' lang='lat' dir='ltr'>Post</span> <span class='ocrx_word' id='word_1_696' title='bbox 1074 5234 1226 5291; x_wconf 88' lang='lat' dir='ltr'>hanc</span> <span class='ocrx_word' id='word_1_697' title='bbox 1257 5252 1456 5320; x_wconf 81' lang='lat' dir='ltr'>vocem</span> <span class='ocrx_word' id='word_1_698' title='bbox 1490 5235 1552 5291; x_wconf 92' lang='lat' dir='ltr'>in</span> <span class='ocrx_word' id='word_1_699' title='bbox 1585 5235 1738 5320; x_wconf 60' lang='lat' dir='ltr'>Flor:</span> <span class='ocrx_word' id='word_1_700' title='bbox 1772 5236 1964 5320; x_wconf 63' lang='lat' dir='ltr'>defee-</span> 
     </span>
    </p>
   </div>
   <div class='ocr_carea' id='block_1_98' title="bbox 301 5307 1962 5379">
    <p class='ocr_par' dir='ltr' id='par_1_98' title="bbox 301 5307 1962 5379">
     <span class='ocr_line' id='line_1_98' title="bbox 301 5307 1962 5379; baseline 0.001 -16"><span class='ocrx_word' id='word_1_701' title='bbox 301 5311 406 5363; x_wconf 88' lang='lat' dir='ltr'>tus</span> <span class='ocrx_word' id='word_1_702' title='bbox 436 5307 676 5379; x_wconf 85' lang='lat' dir='ltr'>signum</span> <span class='ocrx_word' id='word_1_703' title='bbox 708 5307 818 5379; x_wconf 83' lang='lat' dir='ltr'>est,</span> <span class='ocrx_word' id='word_1_704' title='bbox 851 5322 986 5362; x_wconf 89' lang='lat' dir='ltr'>cum</span> <span class='ocrx_word' id='word_1_705' title='bbox 1017 5312 1212 5363; x_wconf 89' lang='lat' dir='ltr'>tamen</span> <span class='ocrx_word' id='word_1_706' title='bbox 1237 5311 1547 5364; x_wconf 62' lang='lat' dir='ltr'>structurae</span> <span class='ocrx_word' id='word_1_707' title='bbox 1594 5307 1741 5362; x_wconf 90' lang='lat' dir='ltr'>nihil</span> <span class='ocrx_word' id='word_1_708' title='bbox 1791 5307 1962 5365; x_wconf 86' lang='lat' dir='ltr'>desit.</span> 
     </span>
    </p>
   </div>
   <div class='ocr_carea' id='block_1_99' title="bbox 300 5385 598 5436">
    <p class='ocr_par' dir='ltr' id='par_1_99' title="bbox 300 5385 598 5436">
     <span class='ocr_line' id='line_1_99' title="bbox 300 5385 598 5436; baseline -0.007 0"><span class='ocrx_word' id='word_1_709' title='bbox 300 5385 492 5436; x_wconf 72' lang='grc' dir='ltr'>εγωυ</span> <span class='ocrx_word' id='word_1_710' title='bbox 501 5396 598 5435; x_wconf 71' lang='lat' dir='ltr'>eo.</span> 
     </span>
    </p>
   </div>
   <div class='ocr_carea' id='block_1_100' title="bbox 377 5446 1965 5523">
    <p class='ocr_par' dir='ltr' id='par_1_100' title="bbox 377 5446 1965 5523">
     <span class='ocr_line' id='line_1_100' title="bbox 377 5446 1965 5523; baseline -0.002 -16"><span class='ocrx_word' id='word_1_711' title='bbox 377 5452 490 5522; x_wconf 83' lang='lat'>(68)</span> <span class='ocrx_word' id='word_1_712' title='bbox 521 5450 590 5507; x_wconf 82' lang='lat' dir='ltr'>Oi.</span> <span class='ocrx_word' id='word_1_713' title='bbox 623 5446 866 5523; x_wconf 75' lang='grc' dir='ltr'>οὐρανοί.</span> <span class='ocrx_word' id='word_1_714' title='bbox 898 5448 1205 5523; x_wconf 76' lang='lat' dir='ltr'>Enarratio</span> <span class='ocrx_word' id='word_1_715' title='bbox 1236 5454 1329 5505; x_wconf 86' lang='lat' dir='ltr'>est</span> <span class='ocrx_word' id='word_1_716' title='bbox 1361 5449 1572 5523; x_wconf 75' lang='lat' dir='ltr'>psalmi</span> <span class='ocrx_word' id='word_1_717' title='bbox 1618 5465 1782 5518; x_wconf 83' lang='lat' dir='ltr'>xvm,</span> <span class='ocrx_word' id='word_1_718' title='bbox 1838 5463 1965 5520; x_wconf 66' lang='lat' dir='ltr'>qua</span> 
     </span>
    </p>
   </div>
   <div class='ocr_carea' id='block_1_101' title="bbox 301 5520 1602 5594">
    <p class='ocr_par' dir='ltr' id='par_1_101' title="bbox 301 5520 1602 5594">
     <span class='ocr_line' id='line_1_101' title="bbox 301 5520 1602 5594; baseline -0.001 -16"><span class='ocrx_word' id='word_1_719' title='bbox 301 5520 598 5594; x_wconf 77' lang='lat' dir='ltr'>quantum</span> <span class='ocrx_word' id='word_1_720' title='bbox 631 5520 750 5594; x_wconf 84' lang='lat' dir='ltr'>huc</span> <span class='ocrx_word' id='word_1_721' title='bbox 779 5520 1338 5594; x_wconf 80' lang='lat' dir='ltr'>quadret,judicent</span> <span class='ocrx_word' id='word_1_722' title='bbox 1363 5520 1486 5594; x_wconf 75' lang='lat' dir='ltr'>alii.</span> <span class='ocrx_word' id='word_1_723' title='bbox 1520 5524 1602 5594; x_wconf 78' lang='lat' dir='ltr'>In.</span> 
     </span>
    </p>
   </div>
   <div class='ocr_carea' id='block_1_102' title="bbox 379 5589 1968 5668">
    <p class='ocr_par' dir='ltr' id='par_1_102' title="bbox 379 5589 1968 5668">
     <span class='ocr_line' id='line_1_102' title="bbox 379 5589 1968 5668; baseline -0.003 -18"><span class='ocrx_word' id='word_1_724' title='bbox 379 5595 495 5667; x_wconf 84' lang='lat'>(69)</span> <span class='ocrx_word' id='word_1_725' title='bbox 546 5589 822 5668; x_wconf 80' lang='grc' dir='ltr'>Ἐνέργεια</span> <span class='ocrx_word' id='word_1_726' title='bbox 874 5589 1181 5668; x_wconf 67' lang='grc' dir='ltr'>προσεχής.</span> <span class='ocrx_word' id='word_1_727' title='bbox 1239 5592 1485 5668; x_wconf 70' lang='lat' dir='ltr'>Etiamsi</span> <span class='ocrx_word' id='word_1_728' title='bbox 1545 5592 1702 5668; x_wconf 79' lang='lat' dir='ltr'>legas</span> <span class='ocrx_word' id='word_1_729' title='bbox 1732 5589 1968 5668; x_wconf 71' lang='grc' dir='ltr'>ἐνεργείᾳ</span> 
     </span>
    </p>
   </div>
   <div class='ocr_carea' id='block_1_103' title="bbox 302 5663 1858 5738">
    <p class='ocr_par' dir='ltr' id='par_1_103' title="bbox 302 5663 1858 5738">
     <span class='ocr_line' id='line_1_103' title="bbox 302 5663 1858 5738; baseline -0.001 -18"><span class='ocrx_word' id='word_1_730' title='bbox 302 5663 631 5738; x_wconf 53' lang='lat' dir='ltr'>«pesque,</span> <span class='ocrx_word' id='word_1_731' title='bbox 662 5663 872 5737; x_wconf 75' lang='lat' dir='ltr'>parum</span> <span class='ocrx_word' id='word_1_732' title='bbox 900 5663 1375 5738; x_wconf 51' lang='lat' dir='ltr'>lucis&#39;sententiaa</span> <span class='ocrx_word' id='word_1_733' title='bbox 1408 5663 1740 5738; x_wconf 81' lang='lat' dir='ltr'>accesserit.</span> <span class='ocrx_word' id='word_1_734' title='bbox 1775 5663 1858 5720; x_wconf 83' lang='lat' dir='ltr'>In.</span> 
     </span>
    </p>
   </div>
   <div class='ocr_carea' id='block_1_104' title="bbox 381 5733 1968 5869">
    <p class='ocr_par' dir='ltr' id='par_1_104' title="bbox 381 5733 1968 5869">
     <span class='ocr_line' id='line_1_104' title="bbox 381 5733 1968 5869; baseline -0.002 -75"><span class='ocrx_word' id='word_1_735' title='bbox 560 5733 924 5812; x_wconf 78' lang='grc' dir='ltr'>Ἐνήργησαν.</span> <span class='ocrx_word' id='word_1_736' title='bbox 985 5735 1162 5804; x_wconf 87' lang='lat' dir='ltr'>Flor.,</span> <span class='ocrx_word' id='word_1_737' title='bbox 1225 5733 1675 5809; x_wconf 72' lang='grc' dir='ltr'>έναιργήσθησαν,</span> <span class='ocrx_word' id='word_1_738' title='bbox 1732 5750 1968 5807; x_wconf 80' lang='lat' dir='ltr'>corrup-</span> 
     </span>
    </p>
   </div>
   <div class='ocr_carea' id='block_1_105' title="bbox 300 5817 506 5871">
    <p class='ocr_par' dir='ltr' id='par_1_105' title="bbox 300 5817 506 5871">
     <span class='ocr_line' id='line_1_105' title="bbox 300 5817 506 5871; baseline 0.01 -2"><span class='ocrx_word' id='word_1_739' title='bbox 300 5817 386 5869; x_wconf 86' lang='lat' dir='ltr'>te.</span> <span class='ocrx_word' id='word_1_740' title='bbox 421 5817 506 5871; x_wconf 78' lang='lat' dir='ltr'>ID.</span> 
     </span>
    </p>
   </div>
   <div class='ocr_carea' id='block_1_106' title="bbox 2069 4771 3730 4846">
    <p class='ocr_par' dir='ltr' id='par_1_106' title="bbox 2069 4771 3730 4846">
     <span class='ocr_line' id='line_1_106' title="bbox 2069 4771 3730 4846; baseline -0.005 -14"><span class='ocrx_word' id='word_1_741' title='bbox 2069 4775 2342 4840; x_wconf 85' lang='lat' dir='ltr'>tentavit,</span> <span class='ocrx_word' id='word_1_742' title='bbox 2375 4777 2439 4829; x_wconf 89' lang='lat' dir='ltr'>ut</span> <span class='ocrx_word' id='word_1_743' title='bbox 2469 4780 2846 4846; x_wconf 74' lang='lat' dir='ltr'>cognosceret</span> <span class='ocrx_word' id='word_1_744' title='bbox 2876 4772 3068 4844; x_wconf 89' lang='lat' dir='ltr'>qualis</span> <span class='ocrx_word' id='word_1_745' title='bbox 3097 4771 3180 4827; x_wconf 92' lang='lat' dir='ltr'>illi</span> <span class='ocrx_word' id='word_1_746' title='bbox 3227 4771 3487 4842; x_wconf 88' lang='lat' dir='ltr'>potentia</span> <span class='ocrx_word' id='word_1_747' title='bbox 3536 4772 3730 4837; x_wconf 83' lang='lat' dir='ltr'>fuerit,</span> 
     </span>
    </p>
   </div>
   <div class='ocr_carea' id='block_1_107' title="bbox 2073 4854 3844 4932">
    <p class='ocr_par' dir='ltr' id='par_1_107' title="bbox 2073 4854 3844 4932">
     <span class='ocr_line' id='line_1_107' title="bbox 2073 4854 3844 4932; baseline -0.005 -10"><span class='ocrx_word' id='word_1_748' title='bbox 2073 4867 2154 4923; x_wconf 87' lang='lat' dir='ltr'>uti</span> <span class='ocrx_word' id='word_1_749' title='bbox 2188 4882 2322 4921; x_wconf 89' lang='lat' dir='ltr'>cum</span> <span class='ocrx_word' id='word_1_750' title='bbox 2356 4863 2534 4919; x_wconf 88' lang='lat' dir='ltr'>dicit:</span> <span class='ocrx_word' id='word_1_751' title='bbox 2567 4865 2632 4918; x_wconf 82' lang='lat' dir='ltr'>Et</span> <span class='ocrx_word' id='word_1_752' title='bbox 2663 4865 2883 4918; x_wconf 56' lang='lat' dir='ltr'>recessit</span> <span class='ocrx_word' id='word_1_753' title='bbox 2915 4863 2988 4918; x_wconf 87' lang='lat' dir='ltr'>ab</span> <span class='ocrx_word' id='word_1_754' title='bbox 3019 4877 3078 4917; x_wconf 79' lang='lat' dir='ltr'>eo</span> <span class='ocrx_word' id='word_1_755' title='bbox 3104 4861 3172 4916; x_wconf 73' lang='lat' dir='ltr'>ad</span> <span class='ocrx_word' id='word_1_756' title='bbox 3215 4865 3430 4932; x_wconf 74' lang='lat' dir='ltr'>tempus</span> <span class='ocrx_word' id='word_1_757' title='bbox 3465 4861 3568 4931; x_wconf 85' lang='lat' dir='ltr'>(e):</span> <span class='ocrx_word' id='word_1_758' title='bbox 3621 4859 3730 4914; x_wconf 90' lang='lat' dir='ltr'>hoc</span> <span class='ocrx_word' id='word_1_759' title='bbox 3836 4854 3844 4861; x_wconf 85' lang='grc'><strong>”</strong></span> 
     </span>
    </p>
   </div>
   <div class='ocr_carea' id='block_1_108' title="bbox 372 5002 1958 5138">
    <p class='ocr_par' dir='ltr' id='par_1_108' title="bbox 372 5009 1953 5138">
     <span class='ocr_line' id='line_1_108' title="bbox 372 5009 1953 5138; baseline -0.001 -70"><span class='ocrx_word' id='word_1_760' title='bbox 372 5011 621 5138; x_wconf 47' lang='grc' dir='ltr'>(ιῖ)31ιυο.</span> <span class='ocrx_word' id='word_1_761' title='bbox 655 5029 696 5083; x_wconf 85' lang='grc' dir='ltr'>ι,</span> <span class='ocrx_word' id='word_1_762' title='bbox 729 5011 816 5067; x_wconf 84' lang='grc'>41.</span> <span class='ocrx_word' id='word_1_763' title='bbox 875 5012 953 5083; x_wconf 88' lang='lat' dir='ltr'>(b)</span> <span class='ocrx_word' id='word_1_764' title='bbox 984 5009 1138 5067; x_wconf 87' lang='lat' dir='ltr'>Psal.</span> <span class='ocrx_word' id='word_1_765' title='bbox 1169 5027 1329 5080; x_wconf 82' lang='lat' dir='ltr'>mn,</span> <span class='ocrx_word' id='word_1_766' title='bbox 1357 5011 1412 5066; x_wconf 75' lang='lat' dir='ltr'>l.</span> <span class='ocrx_word' id='word_1_767' title='bbox 1471 5011 1541 5085; x_wconf 77' lang='grc' dir='ltr'>(ε)</span> <span class='ocrx_word' id='word_1_768' title='bbox 1565 5010 1716 5067; x_wconf 89' lang='lat' dir='ltr'>Psal.</span> <span class='ocrx_word' id='word_1_769' title='bbox 1749 5027 1889 5084; x_wconf 81' lang='lat' dir='ltr'>xvu,</span> <span class='ocrx_word' id='word_1_770' title='bbox 1919 5010 1953 5066; x_wconf 92' lang='lat'><strong><em>3</em></strong></span> 
     </span>
    </p>
   </div>
   <div class='ocr_carea' id='block_1_109' title="bbox 2079 5002 3726 5138">
    <p class='ocr_par' dir='ltr' id='par_1_109' title="bbox 2079 5002 3726 5083">
     <span class='ocr_line' id='line_1_109' title="bbox 2079 5002 3726 5083; baseline -0.005 -17"><span class='ocrx_word' id='word_1_771' title='bbox 2079 5011 2112 5083; x_wconf 88' lang='lat' dir='ltr'>l)</span> <span class='ocrx_word' id='word_1_772' title='bbox 2169 5009 2320 5066; x_wconf 86' lang='lat' dir='ltr'>Psal.</span> <span class='ocrx_word' id='word_1_773' title='bbox 2355 5025 2516 5083; x_wconf 83' lang='lat' dir='ltr'>xvm,</span> <span class='ocrx_word' id='word_1_774' title='bbox 2545 5013 2600 5065; x_wconf 90' lang='lat'>2.</span> <span class='ocrx_word' id='word_1_775' title='bbox 2655 5006 2718 5070; x_wconf 68' lang='grc' dir='ltr'>»ιι</span> <span class='ocrx_word' id='word_1_776' title='bbox 2747 5013 2810 5064; x_wconf 88' lang='grc' dir='ltr'>Ρ.</span> <span class='ocrx_word' id='word_1_777' title='bbox 2834 5007 2940 5060; x_wconf 77' lang='grc'>992</span> <span class='ocrx_word' id='word_1_778' title='bbox 2970 5005 3082 5062; x_wconf 92' lang='lat' dir='ltr'>ED.</span> <span class='ocrx_word' id='word_1_779' title='bbox 3113 5005 3416 5061; x_wconf 80' lang='lat' dir='ltr'>POTTEB.</span> <span class='ocrx_word' id='word_1_780' title='bbox 3471 5002 3550 5074; x_wconf 79' lang='grc' dir='ltr'>(ἀ)</span> <span class='ocrx_word' id='word_1_781' title='bbox 3585 5002 3726 5058; x_wconf 86' lang='lat' dir='ltr'>Luc.</span> 
     </span>
    </p>
   </div>
   <div class='ocr_carea' id='block_1_110' title="bbox 2152 5227 3724 5308">
    <p class='ocr_par' dir='ltr' id='par_1_110' title="bbox 2152 5227 3724 5308">
     <span class='ocr_line' id='line_1_110' title="bbox 2152 5227 3724 5308; baseline -0.004 -19"><span class='ocrx_word' id='word_1_782' title='bbox 2152 5234 2262 5308; x_wconf 84' lang='grc'>(71)</span> <span class='ocrx_word' id='word_1_783' title='bbox 2296 5230 2445 5294; x_wconf 85' lang='grc' dir='ltr'>Θεός.</span> <span class='ocrx_word' id='word_1_784' title='bbox 2481 5233 2609 5290; x_wconf 78' lang='lat' dir='ltr'>Haec</span> <span class='ocrx_word' id='word_1_785' title='bbox 2640 5249 2752 5289; x_wconf 82' lang='lat' dir='ltr'>vox</span> <span class='ocrx_word' id='word_1_786' title='bbox 2780 5232 2982 5287; x_wconf 87' lang='lat' dir='ltr'>addita</span> <span class='ocrx_word' id='word_1_787' title='bbox 3010 5246 3041 5286; x_wconf 90' lang='lat' dir='ltr'>e</span> <span class='ocrx_word' id='word_1_788' title='bbox 3079 5228 3230 5285; x_wconf 89' lang='lat' dir='ltr'>Flor.</span> <span class='ocrx_word' id='word_1_789' title='bbox 3265 5228 3406 5284; x_wconf 85' lang='lat' dir='ltr'>edit.</span> <span class='ocrx_word' id='word_1_790' title='bbox 3437 5227 3724 5297; x_wconf 75' lang='lat' dir='ltr'>margine.</span> 
     </span>
    </p>
   </div>
   <div class='ocr_carea' id='block_1_111' title="bbox 2079 5307 2372 5362">
    <p class='ocr_par' dir='ltr' id='par_1_111' title="bbox 2079 5307 2372 5362">
     <span class='ocr_line' id='line_1_111' title="bbox 2079 5307 2372 5362; baseline -0.003 0"><span class='ocrx_word' id='word_1_791' title='bbox 2079 5307 2372 5362; x_wconf 81' lang='lat' dir='ltr'>SYLBURG.</span> 
     </span>
    </p>
   </div>
   <div class='ocr_carea' id='block_1_112' title="bbox 2121 5363 3729 5465">
    <p class='ocr_par' dir='ltr' id='par_1_112' title="bbox 2121 5363 3729 5465">
     <span class='ocr_line' id='line_1_112' title="bbox 2121 5363 3729 5465; baseline 0 0"><span class='ocrx_word' id='word_1_792' title='bbox 2121 5380 2261 5465; x_wconf 50' lang='grc' dir='ltr'>με)</span> <span class='ocrx_word' id='word_1_793' title='bbox 2319 5379 2462 5465; x_wconf 59' lang='grc' dir='ltr'>Ϊεὲν·</span> <span class='ocrx_word' id='word_1_794' title='bbox 2491 5377 2634 5465; x_wconf 66' lang='grc' dir='ltr'>,Ριῖρ</span> <span class='ocrx_word' id='word_1_795' title='bbox 2657 5464 2670 5465; x_wconf 27' lang='grc' dir='ltr'>ί</span> <span class='ocrx_word' id='word_1_796' title='bbox 2693 5372 2793 5465; x_wconf 48' lang='grc' dir='ltr'>ἐῆν,</span> <span class='ocrx_word' id='word_1_797' title='bbox 2811 5376 3153 5465; x_wconf 44' lang='lat' dir='ltr'>eadem.</span> <span class='ocrx_word' id='word_1_798' title='bbox 3186 5363 3729 5465; x_wconf 55' lang='grc' dir='ltr'>Ροείξξιεὲηέὶξιῗεῑ</span> 
     </span>
    </p>
   </div>
   <div class='ocr_carea' id='block_1_113' title="bbox 2079 5437 3729 5516">
    <p class='ocr_par' dir='ltr' id='par_1_113' title="bbox 2079 5437 3729 5516">
     <span class='ocr_line' id='line_1_113' title="bbox 2079 5437 3729 5516; baseline -0.004 -15"><span class='ocrx_word' id='word_1_799' title='bbox 2079 5437 2428 5516; x_wconf 55' lang='grc' dir='ltr'>εἷἀσείδίυἰὶ.</span> <span class='ocrx_word' id='word_1_800' title='bbox 2491 5449 2696 5516; x_wconf 67' lang='lat' dir='ltr'>Lucas</span> <span class='ocrx_word' id='word_1_801' title='bbox 2733 5437 2867 5516; x_wconf 66' lang='lat' dir='ltr'>cap.</span> <span class='ocrx_word' id='word_1_802' title='bbox 2895 5461 2969 5514; x_wconf 81' lang='lat' dir='ltr'>tv,</span> <span class='ocrx_word' id='word_1_803' title='bbox 3004 5437 3202 5516; x_wconf 12' lang='grc' dir='ltr'>⁸(ἲὶίθὶῑξ</span> <span class='ocrx_word' id='word_1_804' title='bbox 3257 5440 3361 5516; x_wconf 68' lang='grc' dir='ltr'>Καὶ</span> <span class='ocrx_word' id='word_1_805' title='bbox 3412 5437 3729 5516; x_wconf 70' lang='grc' dir='ltr'>συντελέσας</span> 
     </span>
    </p>
   </div>
   <div class='ocr_carea' id='block_1_114' title="bbox 2077 5510 3730 5591">
    <p class='ocr_par' dir='ltr' id='par_1_114' title="bbox 2077 5510 3730 5591">
     <span class='ocr_line' id='line_1_114' title="bbox 2077 5510 3730 5591; baseline -0.003 -19"><span class='ocrx_word' id='word_1_806' title='bbox 2077 5510 2266 5591; x_wconf 59' lang='grc' dir='ltr'>πάντα</span> <span class='ocrx_word' id='word_1_807' title='bbox 2282 5519 2584 5591; x_wconf 85' lang='grc' dir='ltr'>πειρασμὸν</span> <span class='ocrx_word' id='word_1_808' title='bbox 2609 5517 2646 5591; x_wconf 7' lang='grc' dir='ltr'>,ὁ</span> <span class='ocrx_word' id='word_1_809' title='bbox 2679 5510 2965 5591; x_wconf 55' lang='grc' dir='ltr'>διάϐολος,</span> <span class='ocrx_word' id='word_1_810' title='bbox 2993 5513 3199 5591; x_wconf 55' lang='grc' dir='ltr'>ἐπέστη</span> <span class='ocrx_word' id='word_1_811' title='bbox 3245 5512 3339 5591; x_wconf 40' lang='grc' dir='ltr'>ἀπ’.</span> <span class='ocrx_word' id='word_1_812' title='bbox 3381 5511 3549 5591; x_wconf 47' lang='grc' dir='ltr'>αὐτοῦ</span> <span class='ocrx_word' id='word_1_813' title='bbox 3597 5511 3730 5591; x_wconf 73' lang='grc' dir='ltr'>ἄχρι</span> 
     </span>
    </p>
   </div>
   <div class='ocr_carea' id='block_1_115' title="bbox 2075 5579 3729 5667">
    <p class='ocr_par' dir='ltr' id='par_1_115' title="bbox 2075 5579 3729 5667">
     <span class='ocr_line' id='line_1_115' title="bbox 2075 5579 3729 5667; baseline -0.004 -21"><span class='ocrx_word' id='word_1_814' title='bbox 2075 5589 2290 5667; x_wconf 69' lang='grc' dir='ltr'>καιροῦ.</span> <span class='ocrx_word' id='word_1_815' title='bbox 2315 5579 2447 5667; x_wconf 70' lang='lat' dir='ltr'>_Seq</span> <span class='ocrx_word' id='word_1_816' title='bbox 2461 5579 2666 5667; x_wconf 49' lang='lat' dir='ltr'>u&#39;entia</span> <span class='ocrx_word' id='word_1_817' title='bbox 2697 5605 2858 5667; x_wconf 73' lang='lat' dir='ltr'>vero,</span> <span class='ocrx_word' id='word_1_818' title='bbox 2906 5580 3240 5667; x_wconf 61' lang='grc' dir='ltr'>ἀνεϐάλλετο</span> <span class='ocrx_word' id='word_1_819' title='bbox 3271 5584 3380 5667; x_wconf 47' lang='grc' dir='ltr'>τὴν</span> <span class='ocrx_word' id='word_1_820' title='bbox 3415 5579 3729 5667; x_wconf 57' lang='grc' dir='ltr'>εὕρεσινᾝς</span> 
     </span>
    </p>
   </div>
   <div class='ocr_carea' id='block_1_116' title="bbox 2075 5657 3728 5732">
    <p class='ocr_par' dir='ltr' id='par_1_116' title="bbox 2075 5657 3728 5732">
     <span class='ocr_line' id='line_1_116' title="bbox 2075 5657 3728 5732; baseline -0.001 -14"><span class='ocrx_word' id='word_1_821' title='bbox 2075 5657 2181 5732; x_wconf 73' lang='grc' dir='ltr'>τῆν’</span> <span class='ocrx_word' id='word_1_822' title='bbox 2229 5657 2540 5730; x_wconf 69' lang='grc' dir='ltr'>ἀνάστασιν,</span> <span class='ocrx_word' id='word_1_823' title='bbox 2591 5660 2854 5732; x_wconf 84' lang='lat' dir='ltr'>alludere</span> <span class='ocrx_word' id='word_1_824' title='bbox 2897 5657 3304 5732; x_wconf 73' lang='lat' dir='ltr'>videntu_r_ad_</span> <span class='ocrx_word' id='word_1_825' title='bbox 3333 5657 3728 5732; x_wconf 80' lang='lat' dir='ltr'>narrationem</span> 
     </span>
    </p>
   </div>
   <div class='ocr_carea' id='block_1_117' title="bbox 2079 5728 3654 5810">
    <p class='ocr_par' dir='ltr' id='par_1_117' title="bbox 2079 5728 3654 5810">
     <span class='ocr_line' id='line_1_117' title="bbox 2079 5728 3654 5810; baseline -0.004 -17"><span class='ocrx_word' id='word_1_826' title='bbox 2079 5728 2207 5810; x_wconf 72' lang='lat' dir='ltr'>quae</span> <span class='ocrx_word' id='word_1_827' title='bbox 2239 5742 2332 5793; x_wconf 89' lang='lat' dir='ltr'>est</span> <span class='ocrx_word' id='word_1_828' title='bbox 2359 5737 2413 5790; x_wconf 90' lang='lat' dir='ltr'>in</span> <span class='ocrx_word' id='word_1_829' title='bbox 2445 5728 2756 5806; x_wconf 85' lang='lat' dir='ltr'>Evangelio</span> <span class='ocrx_word' id='word_1_830' title='bbox 2777 5731 3105 5788; x_wconf 89' lang='lat' dir='ltr'>secundum</span> <span class='ocrx_word' id='word_1_831' title='bbox 3129 5728 3536 5788; x_wconf 86' lang='lat' dir='ltr'>Nicodemum.</span> <span class='ocrx_word' id='word_1_832' title='bbox 3571 5729 3654 5786; x_wconf 85' lang='lat' dir='ltr'>In.</span> 
     </span>
    </p>
   </div>
  </div>
