4124 6436
364 430 476 486 723

1619 420 1954 474 CLEMENS
1989 417 2460 473 ΑιΕΧΔΝυιιιΝ
2469 420 2557 474 US

3677 416 3788 473 ’724

363 561 457 613 est
480 553 781 610 differebat
810 549 1202 624 cognitionem
1235 546 1383 601 hanc
1415 545 1484 601 ad
1521 542 2006 600 resurrectionem
2039 569 2052 607 λ

2169 539 2220 607 ὴν
2275 539 2584 596 ἀνάστασιν.
2632 538 2784 610 ᾜδει
2842 541 2943 618 γὰρ
2998 544 3194 597 τοῦτον
3249 541 3384 598 εἶναι
3443 542 3534 598 τὸν
3586 541 3786 618 Κύριον

370 660 582 717 usque.
617 642 842 712 Quippe
875 642 1112 693 noverat
1145 635 1305 690 illum
1341 650 1470 689 esse
1520 631 1858 698 Dominum,
1921 627 2021 702 qui

373 737 812 791 resurrecturus
869 736 1058 783 esset.
1120 722 1403 780 Similiter
1463 721 1634 776 etiam
1699 721 2024 784 daemones,

372 821 652 896 quoniam
672 817 1045 873 Salomonem
1065 813 1385 870 Dominum
1407 827 1535 867 esse
1559 812 1872 883 putarunt;
1901 807 2026 896 ipso

375 895 571 969 autem
604 911 903 980 peccante,
943 904 1126 978 probe
1157 904 1577 974 cognoverunt,
1612 916 1722 954 non
1778 913 1908 953 esse
1955 895 2010 950 il:

377 1003 521 1058 lum.
553 999 672 1054 Νυιτ
699 993 895 1054 Nacti:
943 993 1241 1049 ᾶεεωοηοε
1300 995 1499 1047 autem
1557 1004 1763 1044 omnes
1814 988 2033 1041 norunt

379 1090 697 1147 Dominum
727 1101 857 1142 esse
888 1083 1056 1138 illum
1091 1081 1190 1154 qui
1231 1085 1364 1153 post
1410 1078 1744 1151 passionem
1781 1093 1813 1130 a
1846 1078 2031 1130 morte

379 1177 716 1238 resurrexit.
743 1175 876 1232 Jam
912 1189 1044 1228 vero
1075 1171 1217 1226 dicit
1243 1170 1420 1224 etiam
1453 1167 1673 1233 Enoeh,
1705 1169 2034 1236 transgres-

381 1283 544 1326 sores
574 1264 815 1338 angelos
845 1261 1117 1318 docuisse
1146 1259 1417 1314 homines
1451 1255 1898 1325 astronomiam,
1946 1252 2032 1308 di-

379 1357 768 1422 vinationem,
800 1351 1177 1424 reliquasque
1211 1353 1389 1403 artes.

455 1464 593 1520 LIV.
626 1462 743 1518 Non
776 1461 901 1516 sunt
950 1457 1178 1528 loquelae
1234 1471 1414 1527 neque
1468 1471 1743 1510 sermones
1805 1470 2039 1526 quorum

387 1570 498 1610 non
527 1551 835 1607 audiantur
877 1563 1026 1604 voces
1075 1562 1301 1601 eorum:
1366 1560 1574 1615 nempe
1635 1560 1738 1598 nec
1789 1543 2038 1611 dierum,

391 1658 580 1716 neque
614 1638 894 1696 noctium.
931 1641 993 1694 In
1025 1652 1242 1692 omnem
1273 1645 1476 1690 terram
1516 1633 1689 1689 exivit
1738 1649 1900 1688 sonus
1949 1649 2039 1687 eo-

389 1749 514 1789 rum
531 1730 626 1804 (a).
647 1726 976 1784 Transtulit
993 1741 1318 1782 sermonem
1345 1725 1418 1780 ad
1442 1723 1597 1778 solos
1617 1728 1872 1790 sanctos,
1894 1739 2043 1792 quos

391 1822 570 1878 etiam
601 1817 776 1876 omlos
811 1815 1037 1896 vocavit
1068 1819 1244 1887 atque
1278 1815 1423 1869 dies.

2132 629 2224 684 τὸν
2252 629 2709 703 ἀναστησόμενον.
2769 630 3008 705 Ὁμοίως
3040 631 3129 686 καὶ
3161 632 3213 686 oi.
3244 629 3518 704 δαίμονες·
3553 630 3670 686 ἐπεὶ
3701 629 3790 688 καῖ

2138 717 2446 791 Σολομῶνα
2490 719 2840 775 ὑπώπτευσαν
2896 721 3031 776 εἶναι
3059 722 3149 777 τὸν
3195 719 3412 796 Κύριον·
3445 718 3688 796 ἔγνωσαν
3741 719 3800 777 δὲ

2141 809 2216 880 μὴ
2270 807 2428 880 εἶναι,
2489 809 2826 884 ἁμαρτόντος
2872 809 3063 866 αὐτοῦ.
3120 810 3225 882 Νὺξ
3273 809 3444 865 νυκτί·
3490 810 3686 873 πάντες
3746 811 3800 866 οἱ

2140 891 2394 969 δαίμονες
2441 893 2672 971 ἔγνωσαν
2717 897 2800 954 ὅτι
2854 899 3054 974 Κύριος
3099 901 3165 969 ἦν
3209 899 3237 954 ὁ
3268 899 3497 962 ἀναστὰς
3551 899 3689 972 μετά
3733 901 3798 955 τὸ

2127 985 2334 1048 πάθος.
2367 983 2510 1056 Ἤδη
2546 983 2603 1042 δὲ
2631 986 2722 1042 καὶ
2755 989 2939 1064 Ἑνώχ
2969 991 3082 1063 (73)
3125 1009 3312 1066 φησιν,
3355 987 3482 1052 τοὺς
3514 983 3801 1066 παραϐάν-

2139 1095 2234 1136 τας
2266 1075 2537 1150 ἀγγέλους
2570 1073 2778 1148 διδάξαι
2805 1077 2932 1140 τοὺς
2965 1077 3278 1154 ἀνθρώπους
3310 1077 3676 1154 ἀστρονομίαν
3707 1079 3798 1134 καὶ

2149 1167 2433 1240 μαντικὴν,
2465 1166 2552 1221 καὶ
2581 1167 2679 1232 τὰς
2709 1165 2880 1232 ἄλλας
2909 1165 3130 1244 τὲχνας.

2223 1457 2346 1510 NA‘.
2379 1453 2498 1510 Οὐκ
2527 1451 2630 1507 εἰσὶ
2657 1452 2849 1509 λαλιαὶ
2898 1450 3025 1508 οὐδὲ
3053 1451 3238 1530 λόγοι,
3270 1454 3345 1509 ὧν
3375 1453 3478 1510 οὐκ
3515 1453 3808 1510 ἀκούονται

2153 1541 2208 1596 αἱ
2238 1541 2416 1619 φωναὶ
2465 1541 2664 1597 αὐτῶν·
2717 1537 2842 1598 οὔτε
2868 1546 2976 1598 τῶν
3014 1544 3240 1617 ἡμερῶν
3273 1539 3398 1598 οὕτε
3423 1547 3534 1598 τῶν
3567 1547 3807 1600 νυκτῶν.

2150 1629 2243 1694 Εἰς
2273 1635 2442 1686 πᾶσαν
2469 1632 2570 1700 τὴν
2622 1637 2726 1704 γῆν
2759 1631 2978 1704 ἐξῆλθεν
3012 1632 3040 1687 ὁ
3089 1631 3324 1709 φθόγγος
3373 1631 3572 1690 αὐτων.
3621 1634 3808 1704 Mens-

2149 1741 2304 1796 νεγκε
2331 1719 2423 1776 τὸν
2459 1719 2630 1796 λόγον
2663 1719 2751 1775 ἐπὶ
2779 1721 2980 1794 μόνους
3008 1720 3140 1785 τοὺς
3171 1721 3380 1798 ἀγίους,
3415 1720 3506 1785 οὕς
3539 1720 3811 1798 οὐρανούς

2151 1831 2210 1864 τε
2241 1809 2456 1885 ε’ίρηκεν
2488 1810 2578 1865 καὶ
2611 1811 2842 1887 ἡμέρας.

466 1926 581 1981 LV.
613 1923 821 1989 Stellae,
857 1939 1103 1992 corpora
1133 1920 1444 1993 spiritalia,
1493 1919 1710 1990 quibus
1751 1935 1884 1974 cum
1945 1937 2049 1974 an-

2229 1920 2358 1976 NE'.
2392 1917 2462 1976 Οἶ⁴
2510 1918 2750 1994 ἀστέρες,
2781 1921 3010 1992 σώματα
3063 1919 3425 1993 πνευματικὰ,
3474 1941 3816 1990 κεκοινωνη-

393 2013 542 2087 gelis
571 2011 859 2085 praefectis
890 2014 980 2065 est
1009 2025 1203 2064 rerum
1235 2007 1641 2064 administatio
1691 2008 2046 2064 communis.

394 2119 512 2160 non
540 2101 778 2173 quidem
810 2097 1210 2171 generationis
1241 2102 1379 2152 sunt
1426 2097 1564 2168 ipsae
1615 2113 1828 2163 causa,
1879 2097 2051 2168 signa

394 2208 530 2248 vero
562 2195 704 2246 sunt
733 2204 936 2244 eorum
967 2204 1094 2258 quae
1139 2186 1310 2254 fiunt,
1358 2203 1484 2256 quae
1543 2188 1742 2242 futura
1799 2193 1940 2242 sunt
1995 2192 2050 2242 et

395 2297 526 2354 quas
558 2278 722 2351 prius
754 2277 1120 2341 exstiterunt,
1155 2275 1216 2329 in
1249 2275 1609 2330 vertentibus
1650 2275 1779 2330 coeli
1829 2280 2050 2347 tempe-

395 2369 480 2426 rie
511 2366 648 2423 anni
675 2364 1165 2436 tempestatibus;
1199 2363 1256 2417 in
1309 2365 1545 2434 frugum
1578 2364 1843 2419 ubertate
1874 2363 2048 2419 etiam

396 2462 456 2514 et
480 2455 728 2528 penuria
757 2471 770 2522 ;
804 2453 864 2508 in
898 2451 1168 2524 pestibus
1200 2467 1266 2505 ac
1297 2451 1549 2506 febrium
1583 2453 1894 2507 ardoribus
1929 2471 1942 2521 ;
1991 2453 2050 2506 in

398 2545 676 2602 homines
707 2558 836 2598 vero
887 2557 994 2597 nec
1027 2556 1125 2612 per
1182 2539 1484 2596 somnium
1540 2540 1816 2596 virtutem
1879 2558 2050 2598 suam

396 2637 675 2690 exserunt
695 2635 892 2700 astra;
925 2635 1016 2686 ast
1045 2629 1314 2685 indicant
1335 2634 1461 2684 tum
1481 2647 1550 2686 ea
1581 2647 1710 2703 quae
1729 2636 1890 2700 sunt,
1925 2635 2051 2686 tum

398 2739 527 2796 qua
561 2723 780 2788 futura,
815 2736 943 2792 quae
973 2719 1151 2776 etiam
1187 2720 1443 2774 fuerunt.

472 2811 612 2866 LVI.
648 2811 710 2866 El
738 2811 799 2865 in
827 2809 941 2865 sole
967 2809 1152 2878 posuit
1180 2807 1610 2864 tabernaculum
1637 2825 1799 2863 suum
1821 2809 1922 2880 (b).
1949 2809 2054 2864 Hic

399 2900 512 2958 loci
548 2899 907 2971 hyperbaton
939 2902 1068 2963 est;
1103 2912 1292 2952 sermo
1341 2895 1495 2951 enim
1545 2897 1736 2952 estde
1791 2899 2052 2954 secundo

399 2993 673 3048 adventu.
711 2991 872 3044 Hunc
903 2989 1104 3060 itaque
1135 2989 1194 3042 in
1225 2989 1465 3042 modum
1499 2988 1650 3058 quod
1684 2989 1887 3044 ordine
1933 2995 2050 3042 tam

401 3084 758 3153 praepostero
789 3079 1076 3149 scriptum
1099 3081 1212 3146 est,
1235 3077 1384 3132 serie
1415 3081 1572 3132 recta
1607 3077 1918 3148 legendum
1965 3083 2055 3132 est

405 3169 597 3226 nobis.
632 3169 692 3222 El
723 3169 841 3238 ipse
869 3172 1135 3238 tanquam
1163 3182 1394 3237 sponsus
1419 3169 1714 3236 procedens
1772 3166 1836 3221 de
1868 3165 2052 3221 (hala-

2158 2007 2292 2063 κότα
2320 2005 2573 2084 ἀγγὲλοις
2618 2005 2880 2086 ἐφεστῶσι
2923 2007 3296 2082 διοικούμενα,
3339 2007 3438 2064 οὐκ
3484 2006 3630 2063 α’ίτια
3657 2007 3819 2083 γενέ-

2160 2117 2315 2166 σεως,
2371 2098 2682 2170 σημαντικά
2721 2094 2778 2152 δὲ
2821 2102 2930 2153 τῶν
2961 2097 3267 2173 γινομένων
3293 2119 3352 2154 τε
3398 2098 3489 2153 καὶ
3537 2097 3815 2170 ἐσομένων

2158 2185 2248 2242 καὶ
2281 2187 2612 2260 γενομένων,
2662 2186 2751 2242 ἐπί
2799 2207 2858 2242 τε
2899 2191 3119 2263 τροπῶν
3149 2186 3344 2264 ἀέρων,
3396 2185 3486 2242 ἐπί
3530 2207 3591 2242 τε
3653 2187 3818 2265 εὐφο-

2162 2275 2278 2349 ρίας
2306 2275 2397 2330 καὶ
2429 2274 2718 2350 ἀκαρπίας,
2752 2276 2839 2332 ἰπί
2866 2296 2926 2332 τε
2963 2275 3179 2350 λοιμῶν
3229 2277 3320 2332 καὶ
3373 2275 3670 2355 φλογμῶν.
3723 2275 3815 2332 ἐπί

2159 2385 2218 2418 τε
2245 2367 2350 2418 τῶν
2381 2363 2699 2438 ἀνθρώπων.
2755 2361 2882 2421 Οὕτ’
2918 2363 3048 2440 ὄναρ
3101 2366 3196 2428 τὰς
3243 2364 3515 2442 ἐνεργείας
3548 2370 3696 2420 πνιεῖ
3749 2365 3821 2420 τά

2162 2451 2350 2527 ἄστρα·
2413 2452 2665 2525 σημαίνει
2726 2455 2838 2526 (74)
2873 2451 2930 2510 δὲ
2959 2455 3026 2509 τά
3053 2461 3098 2508 τ’
3145 2453 3318 2525 ἐόντα,
3352 2455 3420 2510 τὰ
3445 2455 3495 2510 τ’
3527 2451 3822 2528 ἐσσόμενα.

2161 2543 2269 2618 πρό
2300 2542 2347 2595 τ’
2372 2541 2550 2599 ἐόντα.

2237 2812 2344 2878 Νξ.
2409 2810 2506 2864 Καὶ
2570 2809 2621 2864 ἐν
2665 2815 2748 2884 τῷ
2797 2808 2946 2883 ἡλίῳ
2993 2808 3142 2875 ἔθετο
3191 2811 3254 2866 τὸ
3304 2812 3572 2884 σκήνωμα
3615 2809 3818 2869 αὐτοῦ.

2165 2900 2426 2963 Ἐνταῦθα
2482 2895 2782 2972 ὑπερϐατόν
2845 2899 2978 2954 ἐστι·
3029 2899 3153 2975 περὶ
3201 2900 3302 2976 γὰρ
3358 2905 3458 2970 τῆς
3508 2899 3818 2973 παρουσίας

2163 2995 2261 3058 τῆς
2293 2986 2544 3062 δευτέρας
2573 2990 2600 3043 ὁ
2625 2987 2816 3063 λόγος.
2849 2988 3036 3050 Οὕτως
3057 2988 3148 3043 οὗν
3173 2989 3542 3064 ἀναγνωστέον
3563 2989 3627 3044 τὸ
3653 2989 3828 3062 ὑπερ-

2165 3073 2330 3132 ϐατὸν
2372 3078 2508 3132 κατὰ
2533 3076 2882 3133 ἀκολουθίαν.
2935 3079 3030 3133 Καὶ
3084 3077 3266 3146 αὐτὸς,
3319 3078 3395 3142 ὡς
3447 3077 3681 3156 νυμφίος
3742 3077 3833 3133 ἐκ·

2165 3167 2537 3243 πορευόμενος
2607 3166 2668 3222 ἐκ
2740 3171 2949 3222 παστοῦ
3021 3169 3186 3222 αὐτοῦ
3219 3210 3234 3238 ,
3299 3165 3688 3243 ἀγαλλιάσεται
3755 3168 3836 3230 ὡς

396 3273 484 3315 mo
512 3273 632 3323 suo,
672 3255 979 3312 exsultabit
1033 3263 1094 3310 ut
1122 3257 1278 3327 gigas
1333 3271 1557 3312 currere
1584 3256 1734 3310 viam
1792 3265 1988 3312 suam:
2021 3272 2052 3310 a

2169 3256 2333 3332 γίγας
2386 3253 2610 3331 δραμεῖν
2671 3254 2796 3312 ὁδὸν
2855 3257 3039 3313 αὐτοῦ.
3100 3257 3226 3312 Ἀπ’
3283 3254 3456 3322 ἄκρου
3510 3260 3608 3312 τοῦ
3657 3257 3835 3331 οὐρα-

396 3363 611 3405 summo
637 3347 763 3402 coeti
792 3361 1042 3418 egressus
1071 3346 1212 3416 ejus,
1245 3353 1454 3400 nec-est
1481 3344 1577 3414 qui.
1611 3361 1668 3400 se
1697 3345 1994 3400 abscondat
2021 3361 2056 3399 a

397 3439 582 3492 calore
605 3438 738 3506 ejus.
757 3435 826 3488 Et
847 3434 978 3488 dein
1007 3448 1020 3487 :
1049 3434 1110 3487 In
1130 3433 1241 3488 sole
1259 3434 1440 3503 posuit
1455 3433 1882 3488 tabernaculum
1895 3449 2054 3488 suum

405 3525 652 3582 Proinde
681 3524 889 3578 dicunt
917 3523 1158 3593 quidem
1195 3521 1488 3585 nonnulli,
1537 3520 1734 3593 ipsum
1795 3522 2059 3578 Salvato-

405 3630 528 3670 rem
560 3627 770 3680 corpus
802 3627 978 3665 suum
1011 3611 1068 3664 in
1093 3609 1215 3664 sole
1249 3608 1620 3679 posuisse,ut
1646 3610 2057 3680 Hermogenes,

406 3703 634 3772 Corpus
665 3706 860 3755 autem
893 3699 1118 3764 dicunt,
1169 3697 1268 3752 alii
1320 3697 1556 3768 quidem
1611 3700 2056 3756 tabernaculum

411 3806 609 3854 suum,
643 3788 739 3843 alii
774 3786 1090 3842 Ecolesiam
1123 3785 1404 3841 ﬁdelium.
1438 3786 1651 3842 Noster
1683 3794 1875 3842 autem
1913 3789 2060 3844 Pan-

413 3882 603 3934 taenus
661 3877 838 3944 dixit,
895 3875 1198 3932 indefinite
1263 3891 1432 3931 voces
1490 3877 1802 3948 prophetas
1858 3880 2062 3935 efferre

407 3966 472 4032 ἰι
501 3968 559 4022 in
595 3965 887 4038 pluribu,
915 3969 973 4020 et
1001 3969 1286 4036 praesente
1305 3981 1406 4035 pro
1433 3965 1630 4020 futuro
1652 3967 1759 4033 uti,
1781 3971 1836 4021 et
1858 3983 2064 4023 rursus

411 4055 682 4130 praesenti
711 4062 976 4125 tempore
1007 4070 1109 4125 pro
1137 4054 1449 4126 praeterito.
1481 4056 1644 4120 Quod
1669 4061 1727 4110 et
1758 4073 1914 4110 nunc
1953 4073 2060 4128 ap-

2168 3349 2264 3399 νοῦ
2329 3348 2363 3414 ὴ
2439 3343 2644 3418 ἔξοδος·
2727 3346 2816 3400 καὶ
2883 3345 2982 3400 οὐκ
3050 3343 3190 3400 ἔστιν
3252 3346 3314 3408 ὃς
3381 3339 3838 3422 ἆποκρυϐήσεταί

2165 3434 2264 3502 τὴν
2299 3433 2505 3507 θὲρμην
2555 3433 2720 3490 αὐτοῦ
2777 3437 2911 3505 (75).
2959 3434 3057 3489 Καὶ
3087 3433 3230 3491 τότε.
3285 3435 3372 3490 Ἐν
3401 3439 3483 3507 τῷ
3511 3431 3663 3505 ἡλίῳ
3711 3429 3838 3490 ἔθε-

2167 3543 2230 3577 το
2261 3524 2322 3577 τὸ
2371 3525 2639 3596 σκήνωμα
2682 3523 2869 3581 αὐτοῦ.
2899 3525 3072 3580 Ἔνιοι
3108 3523 3202 3596 μὲν
3262 3523 3354 3578 οὗν
3415 3543 3541 3600 φασι
3571 3522 3636 3578 τὸ
3666 3527 3837 3595 σῶμα

2167 3615 2264 3666 τοῦ
2297 3612 2497 3686 Κυρίου
2546 3611 2597 3666 ἐν
2641 3617 2723 3684 τῷ
2752 3611 2903 3685 ἡλίῳ
2952 3611 3110 3667 αὐτὸν
3143 3611 3512 3684 ἀποτίθεσθαι,
3572 3612 3646 3673 ὡς
3700 3613 3837 3687 Ἑρ-

2175 3701 2430 3774 μογένης·
2484 3705 2644 3773 σῶμα
2691 3698 2749 3755 δὲ
2795 3699 3042 3776 λέγουσιν
3091 3701 3144 3754 οἳ
3178 3701 3271 3774 μὲν
3319 3701 3383 3756 τὸ
3413 3707 3606 3771 σκῆνος
3636 3699 3832 3770 αὐτοῦ,

2171 3791 2224 3844 οἱ
2296 3787 2353 3844 δὲ
2415 3791 2516 3858 τὴν
2572 3795 2676 3845 τῶν
2736 3795 2944 3845 πιστῶν
3004 3789 3338 3860 Ἐκκλησίαν
3370 3809 3384 3825 ·
3446 3791 3474 3845 ὁ
3533 3793 3838 3854 [Ιανταῖνος

2173 3875 2231 3933 δὲ
2268 3881 2380 3951 (76)
2429 3883 2588 3952 ἡμῶν
2641 3873 2847 3956 ἔλεγεν,
2897 3879 3161 3953 ἀορίστως
3199 3880 3302 3948 τήν
3352 3878 3691 3958 προφητείαν
3744 3879 3838 3934 ἐκ·

2173 3967 2351 4045 φέρειν
2382 3968 2480 4029 τὰς
2528 3966 2721 4038 λέξεις,
2771 3968 2845 4023 ὡς
2880 3967 2968 4022 ἐπὶ
3016 3968 3080 4022 τὸ
3126 3966 3409 4036 πλεῖστον,
3463 3967 3550 4023 καὶ
3595 3972 3677 4040 τῷ
3721 3965 3843 4024 ἐνε-

2173 4061 2338 4112 στῶτι
2386 4057 2505 4111 ἀντὶ
2535 4061 2631 4111 τοῦ
2681 4055 2986 4130 μὲλλοντος
3036 4059 3150 4130 (77)
3183 4063 3426 4132 χρῆσθαι
3475 4057 3688 4132 χρόνῳ,
3739 4055 3840 4112 καὶ

480 4182 559 4254 (ιι)
590 4179 724 4236 Psal
753 4196 912 4252 xvm,
945 4179 996 4245 4,
1028 4179 1084 4234 5.
1119 4179 1193 4251 (b)
1227 4179 1372 4236 Ibid.
1405 4179 1459 4234 6.
1491 4179 1555 4243 ›ι‹
1585 4180 1646 4236 Ρ.
1667 4179 1775 4235 993
1805 4181 1896 4238 ED
1932 4182 2227 4239 POT'I‘ER.

481 4307 594 4379 (73)
622 4304 1216 4380 ’Evé'x._Apoorypbis
1239 4305 1563 4380 plurimum
1585 4306 1909 4380 delectatus
1940 4307 2059 4362 Cle-

412 4375 602 4462 mens,
633 4379 710 4462 in.
727 4375 943 4462 quibus
972 4375 1066 4432 hic
1087 4375 1687 4462 liber'EnochmPetri
1741 4379 2058 4462 Revelatio,

408 4448 779 4523 Praedicatio,
805 4455 938 4516 etc.,
974 4465 1056 4523 ex
1087 4448 1209 4520 quit
1238 4465 1305 4502 ns
1359 4448 1610 4520 proclive
1643 4450 1898 4520 haurire,
1932 4448 2060 4523 quae

412 4538 567 4594 sante
599 4519 874 4574 doctrinae
919 4521 1336 4585 adversantur;
1362 4519 1472 4574 aut
1515 4527 1670 4576 certe
1703 4524 1900 4578 nescio
1946 4519 2062 4594 quo

412 4593 606 4666 genio,
636 4607 708 4666 ac
754 4595 912 4646 velut
936 4595 1298 4647 ostentandae
1327 4594 1674 4666 eruditionis
1719 4596 1881 4650 fumo
1913 4593 2062 4666 quo-

412 4663 553 4721 dam
600 4663 684 4719 sic
737 4680 1003 4735 promere
1051 4673 1110 4718 et
1157 4667 1378 4719 chartis
1423 4665 1699 4730 oblinere,
1750 4669 1840 4722 Vel
1890 4663 2066 4723 etiam

415 4736 678 4812 docendo
721 4735 1076 4812 obtrudere;
1124 4735 1277 4805 quod
1331 4736 1750 4812 magistrorum
1802 4739 2064 4812 Κατηχής

416 4826 552 4866 σεως
583 4806 942 4881 Alexandria:
973 4807 1177 4881 vitium
1213 4824 1326 4881 non
1358 4806 1479 4863 leve
1523 4809 1772 4874 videtur,
1804 4811 1874 4865 ad
1909 4806 2062 4881 qu'od

415 4883 564 4937 forte
591 4884 824 4950 cogeret
853 4879 982 4950 ipsa
1006 4880 1199 4951 gentis
1231 4879 1568 4951 indoles.__et
1603 4883 1757 4949 quod
1810 4879 1941 4936 nisi“
1973 4882 2066 4936 his

417 4946 690 5024 instructi
732 4946 1048 5024 mercibus,
1076 4953 1358 5024 omnique
1381 4953 1450 5024 τῇ
1482 4946 1582 5018 ἔξω
1614 4946 1902 5024 sapientia
1934 4958 2066 5024 (ste-

418 5021 603 5080 culari
665 5021 886 5078 scilicet
935 5029 995 5078 ut
1054 5021 1434 5092 Graecanica),
1483 5021 1772 5091 quantum
1825 5021 2069 5081 decebat

419 5095 574 5168 apud
596 5094 1134 5168 auditorestﬁdem
1178 5111 1290 5168 non
1324 5093 1685 5168 obtinebant.
1719 5096 1966 5168 COMBEF.
2005 5125 2069 5135 --

417 5164 564 5221 V'ide
595 5165 752 5222 hunc
782 5165 975 5222 Enoch
1001 5166 1070 5236 de
1093 5165 1319 5236 angelis
1353 5164 1566 5220 librum
1601 5167 1810 5236 partim
1845 5169 2066 5223 editum

417 5240 478 5294 in
509 5239 888 5295 Animadvert.
922 5235 1074 5292 Scal.
1111 5235 1197 5292 ad
1225 5237 1538 5291 Eusebium
1588 5239 1750 5293 Gonf.
1803 5239 2068 5294 Clemen-

419 5313 497 5367 tis
551 5311 746 5366 Strom.
813 5328 852 5374 ι,
915 5329 969 5380 p.
1029 5311 1154 5376 366,
1204 5311 1445 5380 not.‘7;
1484 5323 1624 5380 item
1657 5313 2070 5378 ltecogmtiones

421 5381 740 5438 Clementis
773 5381 872 5436 lib.
905 5377 986 5447 iv,
1017 5395 1066 5434 c.
1097 5381 1168 5434 26
1195 5385 1255 5434 et
1297 5377 1664 5436 Clementina
1694 5377 1898 5437 homil.
1931 5384 1984 5450 8,
2018 5399 2068 5438 ο.

425 5455 513 5519 12,
544 5458 602 5508 et
625 5469 747 5519 seq.

496 5469 605 5593 E7843
625 5469 926 5595 δὲἓμαίνει.
961 5519 1191 5595 Homeri
1214 5519 1380 5595 lucus
1401 5527 1491 5595 est
1520 5521 1679 5578 Iliad.
1699 5528 1764 5595 Α.
1784 5522 2068 5580 SYLBURG.

499 5592 615 5666 (75)
641 5592 755 5661 Τήν
789 5594 995 5666 θέρμην
1033 5592 1216 5646 αὐτοῦ.
1251 5592 1420 5664 Vulg.
1458 5593 1580 5648 Bih.
1636 5593 1861 5666 psalmo
1909 5611 2070 5665 xvm,

427 5663 766 5737 τῆς-θέρμης
801 5663 988 5733 αύτοῦ,
1013 5667 1198 5737 genit.
1223 5663 1393 5722 casu.
1419 5668 1482 5721 A.
1519 5667 1607 5722 In.

507 5735 630 5808 (76)
661 5735 957 5800 Πανταῖνος
1008 5735 1083 5794 δέ.
1136 5738 1398 5796 Meminit
1439 5737 1535 5796 hic
1573 5737 1855 5808 Pantaeni,
1913 5739 2070 5810 quod

2169 4309 2241 4363 de
2271 4307 2372 4380 illo
2402 4307 2649 4380 advertit
2686 4307 2992 4371 Eusebius,
3027 4306 3065 4363 l.
3094 4323 3172 4375 v1,
3203 4325 3252 4364 ο.
3293 4307 3381 4374 13,
3413 4309 3663 4380 ejusque
3692 4323 3837 4365 sen-

2170 4379 2386 4436 tentias
2423 4379 2654 4452 aliquas
2711 4380 2915 4436 atl'crt:
2965 4379 3462 4452 quanquamnon
3513 4379 3834 4452 praeceptu-

2173 4468 2296 4506 rem
2329 4455 2430 4506 aut
2462 4449 2807 4523 magistrum
2871 4449 3058 4520 vocat,
3091 4449 3190 4523 sed
3244 4449 3436 4506 solum
3478 4449 3830 4508 Panaetium

2171 4524 2353 4594 ἡμῶν,
2386 4522 2650 4591 nostrum,
2683 4525 2802 4578 sive
2847 4522 3305 4578 Alexandrinum
3366 4523 3606 4594 perinde
3662 4523 3830 4592 velit,

2175 4597 2294 4651 sive
2325 4596 2498 4648 etiam
2535 4595 2834 4651 hominem
2867 4595 3356 4659 ecclesiasticum,
3380 4609 3550 4659 quem
3581 4599 3832 4650 Hermo-

2175 4669 2307 4736 genl
2355 4675 2635 4738 opponat,
2691 4669 2790 4734 qui
2819 4669 2966 4722 forte
3014 4665 3118 4720 ἀπὸ
3163 4668 3272 4719 τῶν
3308 4664 3578 4738 γαὶρὲτσεων
3627 4669 3830 4724 fuerit.

2177 4739 2324 4812 Quid
2358 4737 2411 4794 si
2442 4737 2573 4812 ipse
2617 4742 3032 4812 Hermogenes,
3093 4738 3266 4812 cuius
3305 4737 3522 4812 Paulus
3556 4738 3836 4812 meminit

2179 4811 2226 4865 ll
2255 4810 2406 4883 Tim.
2443 4808 2488 4874 Ι,
2519 4809 2618 4883 16,
2640 4810 2738 4883 qui
2771 4808 2860 4865 sic
2899 4809 2971 4865 ab
3002 4827 3068 4883 eo
3101 4808 3382 4883 (saneque
3411 4810 3556 4865 adeo
3605 4809 3831 4864 doctri-

2177 4882 2273 4947 na)
2306 4897 2546 4936 aversus
2577 4881 2672 4950 sit,
2707 4898 2840 4936 cum
2873 4897 3007 4936 eum
3033 4881 3285 4954 Jacobus
3327 4883 3488 4948 prius
3536 4897 3832 4954 exﬂmago

2176 4954 2596 5008 convertisset:
2635 4955 2787 5008 haud
2838 4955 3151 5008 dissimilis
3183 4952 3406 5024 Simoni
3442 4959 3546 5008 aut
3588 4952 3832 5024 Elymus,

2177 5025 2349 5098 cujus
2383 5025 2700 5080 sententias
2736 5025 3066 5098 Dionysius
3091 5023 3320 5078 reiellit.
3356 5023 3552 5098 Longe
3583 5023 3834 5098 dietant,

2179 5096 2332 5167 quod
2373 5101 2734 5162 l’antzenum,
2779 5094 2957 5152 suum
3011 5095 3281 5168 Clemens
3339 5094 3516 5168 dicat,
3556 5101 3627 5168 _et
3672 5097 3833 5168 quod

2179 5162 2354 5222 suum
2389 5171 2762 5240 magistrum,
2816 5169 2936 5240 sive
2985 5167 3276 5240 Eusebius
3333 5165 3432 5240 τὴν
3495 5162 3834 5240 διδανσκᾶλου

2177 5254 2373 5294 vocem
2409 5234 2654 5306 addidit,
2687 5234 2808 5294 sive
2839 5239 2940 5310 qui
2974 5240 3110 5294 fecit
3152 5234 3409 5310 ἐκλογάς
3435 5239 3712 5295 sustulit:
3745 5239 3836 5295 sic

2178 5311 2287 5366 levi
2323 5311 2487 5383 lapsu
2525 5318 2693 5367 nutat
2721 5309 2955 5381 veritas,
2987 5326 3094 5383 nec
3125 5309 3345 5381 ubique
3371 5309 3833 5383 Eusebiumuau-

2181 5381 2769 5447 ctores‘assecutum,
2817 5389 2919 5439 aut
2949 5382 3096 5439 satis
3126 5381 3486 5453 expressisse
3515 5383 3670 5438 dicta
3699 5381 3836 5438 illo-

2181 5471 2312 5510 rum
2345 5471 2411 5511 ac
2443 5471 2634 5520 sensa,
2671 5455 2726 5508 in
2762 5456 2996 5524 Irenaeo,
3027 5452 3300 5522 Tertull”
3333 5458 3466 5521 etc.,
3500 5453 3838 5512 observavit

2181 5527 2278 5598 qui
2313 5528 2395 5580 sic
2427 5531 2669 5582 strenue
2700 5527 2756 5580 in
2790 5543 2856 5582 eo
2899 5523 3085 5598 nuper
3114 5523 3418 5582 laboravit.
3473 5528 3616 5584 Ben.
3666 5524 3840 5582 Vale-

2179 5598 2327 5653 sius.
2357 5599 2608 5653 COMBEE.

2252 5668 2364 5742 (77)
2406 5669 2555 5722 Ἀντὶ
2612 5667 2708 5722 τοῦ
2759 5689 2818 5742 μ.
2870 5669 3046 5740 Flor.,
3096 5663 3156 5721 ἃν
3207 5664 3296 5721 ἐπὶ
3341 5669 3442 5720 τοῦ
3503 5663 3831 5740 μέλλοντος,

2177 5745 2466 5798 SYLBURG.
2898 5759 2907 5764 ·
3219 5771 3227 5779 -
