4124 6410
320 417 432 474 725

1135 428 1380 482 DUBIA.
1414 456 1483 468 -
1511 392 1813 484 nomen
1852 428 1948 482 ax
1989 428 2414 483 SCRIPTURIS
2449 428 2940 486 PROPHETICIS.

3639 427 3750 482 726

319 539 488 597 πάλιν
522 545 604 615 τῷ
633 541 884 599 ἐνεστῶτι
917 545 1035 600 ἀντὶ
1078 549 1174 602 τοῦ
1223 549 1652 624 παρῳχηκότος·
1687 545 1717 602 6'
1745 549 1834 603 καὶ
1888 551 1950 602 νῦ

2099 553 2281 620 paret.
2315 550 2540 622 Quippe
2575 549 2717 606 illud
2746 554 2953 623 posuit,
2989 568 3094 624 pro
3127 552 3422 624 praeterito
3445 556 3502 608 et
3548 553 3744 608 futuro

317 632 589 707 φαίνεται.
623 632 700 690 Τὸ
757 633 860 708 γὰρ
921 631 1070 698 ἔθετο
1127 635 1214 690 καὶ
1269 637 1356 692 ἐπὶ
1413 643 1515 694 τοῦ
1572 640 1976 716 παρῳχηκότος

313 721 406 777 καὶ
443 721 530 775 ἐπὶ
579 725 678 776 τοῦ
737 720 1001 796 ἐσομένου
1062 723 1332 783 τάσσεται.
1372 729 1490 785 Ἑπῖ
1555 731 1649 802 μὲν
1703 734 1797 784 τοῦ
1857 729 1975 784 ἐσο-

319 809 508 885 μένου,
543 808 648 880 ὅτι,
679 809 1068 886 πληρωθείσης
1119 813 1323 886 ταύτης
1350 824 1451 886 τῆς
1482 820 1619 874 κατᾶ
1673 821 1775 889 τήν
1832 839 1972 894 παρ-

314 900 500 956 ουσίαν
556 898 879 955 κατάστασιν
939 905 1053 976 (78)
1103 902 1386 978 περιόδου,
1433 908 1461 960 6
1515 908 1713 980 Κύριος
1765 905 1972 963 ἐλεόσευ

307 1011 421 1060 ται,
454 990 541 1045 καὶ
575 987 705 1054 τοὺς
749 986 1012 1057 δικαίους,
1044 991 1173 1056 τοὺς
1219 994 1464 1064 πιστοὺς,
1520 999 1602 1058 οἷς
1632 996 1969 1052 ἐπαναπαύε-

303 1101 395 1136 ται
428 1080 666 1154 καθάπερ
728 1083 904 1154 σκηνῇ
956 1077 1030 1153 (ἓν
1062 1081 1164 1156 γὰρ
1213 1086 1373 1157 σῶμα
1431 1086 1488 1140 οἱ
1540 1087 1726 1155 πάντε,
1759 1086 1818 1141 ἐκ
1869 1091 1966 1142 τοῦ

305 1169 472 1225 αὐτοῦ
500 1168 709 1246 γένους,
739 1169 840 1238 τὴν
889 1170 1056 1238 αυτ-ἦν
1108 1170 1290 1228 πίστιν
1332 1175 1419 1230 καὶ
1453 1171 1799 1247 δικαιοσύνην
1836 1173 1962 1231 ἐλά-

308 1260 488 1332 μενοι)
547 1257 625 1320 εἰς
698 1259 805 1327 τήν
891 1259 1062 1328 αὐτὴν
1132 1260 1359 1330 ἑνότητα
1442 1264 1962 1338 ἆποκαταστησόμε-

303 1369 397 1412 νος
427 1350 560 1421 (79)·
596 1345 724 1401 ἀλλ’
756 1347 806 1401 οἳ
844 1347 938 1420 μὲν
991 1348 1067 1410 ὡς
1109 1349 1345 1425 κεφαλὴ,
1379 1353 1430 1407 οἱ
1464 1351 1520 1408 δὲ
1551 1355 1625 1417 ὡς
1660 1355 1959 1432 ὀφθαλμοὶ,

305 1440 358 1494 οἱ
390 1435 446 1492 δὲ
478 1437 554 1499 ὡς
588 1458 720 1506 ωτα,
756 1437 807 1491 οἱ
841 1434 898 1492 δὲ
945 1437 1020 1498 ὡς
1053 1443 1258 1515 χεῖρες.
1291 1441 1344 1495 οἱ
1390 1439 1446 1496 δὲ
1477 1442 1551 1504 ὡς
1584 1445 1782 1514 στήθη,
1818 1445 1869 1498 οἱ
1902 1439 1959 1498 δὲ

303 1529 381 1592 ὡς
436 1523 625 1598 πόδες,
678 1526 730 1582 ἐν
773 1525 924 1600 ἡλίῳ
981 1530 1302 1599 τεθήσονταί
1360 1532 1634 1609 φωτεινοί.
1699 1536 1958 1608 Λάμψατε

299 1617 377 1679 ὡς
409 1617 436 1671 6
468 1615 649 1686 ἣλιος·
703 1617 737 1686 ἢ
772 1614 825 1671 ἐν
869 1614 1041 1691 ἡλίῳ,
1092 1617 1208 1673 ἐπεὶ
1260 1621 1589 1697 ἀρχοντικὸς
1638 1619 1872 1699 ἄγγελος
1903 1624 1952 1679 ἐν

299 1705 469 1780 ἡλίῳ·
523 1705 603 1769 εἷς
656 1707 837 1782 ἀρχὴν
886 1708 987 1783 γὰρ
1040 1709 1265 1782 ἧμερῶν
1324 1710 1592 1782 τέτακται,
1641 1713 1875 1788 καθάπερ
1917 1718 1952 1785 ἡ

299 1797 507 1866 σελήνη
543 1793 623 1858 εἷς
669 1796 732 1851 τὸ
809 1792 1216 1873 ἄρχειννυκτός·
1284 1801 1514 1876 Ἡμέραι
1598 1799 1654 1856 δὲ
1730 1799 1952 1878 ἄγγελοι

301 1883 632 1988 ἐκλήθησαν.
669 1885 820 1988 Mer?
850 1891 958 1941 τῶν
996 1889 1113 1961 μεθ’
1140 1887 1305 1988 ηλίου
1336 1893 1446 1963 (80)
1495 1889 1767 1988 ἀγγέλων,
1796 1894 1950 1967 φησὶ,
1983 1923 2028 1988 Β

298 1977 632 2050 ταγησονται
669 1971 746 2044 ἐν,
787 1974 966 2052 ὣσπερ
1011 1975 1221 2054 κεφαλή
1274 1980 1530 2053 σώματος
1577 1977 1732 2044 ὄντος
1777 1983 1894 2047 ἑνὸς
1924 1985 1950 2039 ὁ

302 2064 467 2136 ἣλιος
517 2064 767 2138 ἐσόμενοί
814 2087 946 2121 ποτε
993 2069 1129 2123 κατά
1168 2085 1308 2122 τινα·
1355 2070 1478 2145 περῖ
1537 2068 1594 2124 δὲ
1649 2071 1740 2126 καὶ
1799 2071 1948 2127 αὐτοὶ

307 2157 576 2230 ἄρχοντες
621 2157 866 2231 ἡμερῶν,
916 2156 989 2215 ὡς
1037 2154 1241 2222 ἐκεῖνος
1277 2158 1304 2212 6
1344 2157 1431 2213 ἐπὶ
1481 2164 1577 2214 τοῦ
1625 2159 1812 2232 ἡλίου,
1865 2162 1948 2218 ἐπὶ

309 2245 373 2298 τὸ
423 2248 634 2317 μεῖζον,
665 2244 742 2321 ἐφ’
783 2244 829 2316 ᾧ
865 2243 1132 2318 μετῆλθεν
1184 2245 1290 2322 πρὸ
1341 2249 1507 2303 αὐτοῦ
1555 2248 1610 2304 ἐν
1661 2255 1739 2322 τῷ
1779 2253 1950 2325 αὐτῷ·

309 2333 398 2390 καὶ
450 2332 611 2388 πάλιν
660 2327 1128 2408 ἐπαναϐησόμενοι
1177 2337 1315 2391 κατὰ
1373 2340 1658 2410 προκοπὴν
1728 2339 1949 2416 ἀφίκονο

307 2445 392 2478 ται
437 2425 544 2496 (81)
580 2420 666 2477 ἐπὶ
706 2423 804 2491 τὴν
852 2424 1076 2500 πρώτην
1128 2426 1320 2497 μονῆν,
1363 2427 1501 2481 κατᾶ
1535 2428 1626 2482 τὸν
1682 2450 1951 2505 παρῳχη-

300 2511 430 2567 κότα
474 2508 643 2566 ἔθετο·
692 2510 821 2575 τούς
869 2534 928 2567 τε
979 2514 1418 2588 πρωτοκτίστους
1466 2515 1729 2593 ἀγγέλους
1777 2518 1853 2581 εἷς
1891 2519 1954 2574 τὸ

304 2602 500 2675 μηκέτι
544 2602 681 2656 κατᾶ
709 2603 808 2671 τήν
852 2602 1111 2676 πρόνοιαν
1142 2608 1221 2677 τῷ
1253 2603 1545 2680 ὡρισμένῳ
1595 2605 1950 2683 λειτουργεῖν,

301 2689 548 2748 ἀλλ”ἰνα
578 2690 629 2744 ἐν
681 2689 994 2764 ἀναπαύσει⁵
1043 2693 1133 2746 καὶ
1181 2693 1317 2768 πρὸς
1362 2693 1501 2768 μόνῃ
1531 2699 1599 2769 τῇ
1633 2696 1829 2772 θεωρίᾳ
1857 2701 1953 2751 τοῦ

295 2783 454 2835 Θεοῦ’
488 2781 540 2834 οἱ
589 2778 646 2834 δὲ
693 2781 1118 2858 προσεχὲστεροι
1174 2781 1392 2844 τούτοις
1449 2783 1820 2856 προκόψουσιν
1876 2785 1952 2848 εἰς

290 2871 364 2940 ἧν
393 2868 586 2925 ἐκεῖνοι
624 2867 1033 2926 ἀπολελοίπασι
1069 2869 1232 2941 τάξιν·
1288 2870 1377 2926 καὶ
1430 2869 1602 2934 οὕτως
1653 2873 1705 2928 οἱ
1755 2868 1954 2929 ὑποϐε-

269 2954 533 3030 .6ηκότες
567 2957 877 3034 ἀναλόγως.

369 3050 484 3105 ΝΖ”
541 3047 694 3104 Εἰσὶν
756 3045 846 3101 οὖν
906 3045 1042 3103 κατὰ
1095 3049 1188 3104 τὸν
1260 3049 1594 3106 Ἀπόστολον
1662 3051 1713 3105 οἱ
1772 3050 1825 3106 ἂν
1883 3055 1951 3126 τῇ

293 3135 435 3216 ἄκρᾳ
462 3137 894 3193 ἀποκαταστάσει
943 3137 1364 3213 πρωτόκτιστοι·
1417 3139 1602 3212 Θρύνοι
1650 3138 1707 3196 δὲ
1738 3139 1798 3196 ἄν
1827 3142 1950 3216 εἶεν,

286 3227 470 3284 καίτοι
521 3225 780 3300 δυνάμεις
835 3225 984 3290 ὅντες
1039 3227 1090 3282 οἱ
1140 3227 1537 3302 πρωτόκτιστοι
1590 3227 1677 3284 διὰ
1723 3231 1784 3285 τὸ
1815 3230 1942 3287 ἀνα·

284 3317 554 3374 παύεσθαι
587 3315 640 3371 ἐν
693 3314 878 3378 αὐτοῖς
905 3317 997 3371 τὸν
1049 3316 1282 3385 Θεὸν,ὡς
1329 3317 1419 3372 καὶ
1462 3317 1513 3372 ἐν
1562 3325 1679 3382 τοῖς
1723 3320 1944 3376 πιστεῦ-
1975 3292 2018 3358 C

286 3428 462 3467 ουσιν,
506 3407 772 3468 Ἕκαστος
813 3404 937 3481 γὰρ,
992 3405 1130 3460 κατᾶ
1176 3407 1274 3475 τὴν
1324 3403 1460 3460 ἷ¹δίαν
1513 3409 1820 3482 προκοπὴν,
1866 3408 1947 3463 οἱ·

282 3495 437 3552 κείαν
489 3491 736 3570 ἔχειτὴν
779 3494 900 3570 περῖ
956 3497 1089 3549 Θεοῦ
1135 3497 1352 3568 γνῶσιν⁶
1406 3493 1526 3574 ἐφ’ςῆ
1573 3497 1770 3571 γνώσει
1821 3497 1948 3552 ἀνα-

281 3585 514 3642 παύεται
550 3587 578 3640 6
609 3585 761 3653 Θεὸς,
815 3580 1002 3638 ἀϊδίων
1051 3585 1353 3660 γενομένων
1407 3582 1495 3639 διὰ
1545 3592 1646 3656 τῆς
1695 3587 1950 3661 γνώσεως

283 3680 398 3732 τῶν
434 3672 778 3751 ἐγνωκότων.
831 3673 934 3729 Καὶ
969 3673 1102 3747 μήτι
1143 3672 1229 3743 τὸ,
1260 3673 1348 3730 Ἐν
1395 3677 1473 3746 τῷ
1516 3673 1662 3748 ἡλίῳ
1708 3674 1856 3733 ἓθετο
1886 3676 1947 3731 τὸ

288 3769 559 3841 οκήνωμα
627 3763 815 3837 αὐτοῦ,
887 3764 1058 3827 οὕτως
1118 3762 1446 3836 ἐξακούεται·
1521 3767 1606 3822 Ἐν
1670 3771 1749 3839 τῷ
1802 3767 1949 3840 ἡλίῳ

286 3852 462 3925 ἔθετο,
507 3854 811 3923 τουτέστιν,
856 3851 906 3908 ἒν
957 3858 1037 3926 τῷ
1090 3858 1207 3926 Θεῷ
1253 3857 1332 3926 τῷ
1378 3851 1615 3924 πλησίον
1669 3855 1822 3924 Θεὸς,
1871 3857 1948 3919 ὡς

288 3944 346 4001 ἐν
375 3950 454 4018 τῷ
485 3943 812 4020 Εὐαγγελίῳ
844 3941 969 4000 Ἠλὶ
1020 3941 1145 4000 Ἥλί
1176 3945 1312 4018 (82),
1364 3942 1478 3998 ἀντὶ
1507 3947 1628 4015 τοῦ,
1671 3947 1768 4001 Θεὲ
1819 3967 1946 4018 μου,

287 4036 387 4092 Θεὲ
431 4057 554 4109 μου.
609 4033 716 4091 Καὶ
777 4032 839 4088 τὸ
900 4031 1146 4107 ὑπεράνω
1209 4031 1386 4104 πάσης
1436 4035 1615 4110 ἀρχῆς
1665 4034 1752 4090 καὶ
1800 4034 1948 4106 ἐξου-

287 4124 412 4188 σίας
495 4123 584 4180 καὶ
663 4120 969 4196 δυνάμεως,
1045 4121 1132 4176 καὶ
1214 4121 1415 4184 παντὸς
1487 4121 1756 4196 ὀνόματος
1833 4123 1950 4179 ὀνο-

295 4212 629 4291 μαζομὲνου,
703 4213 756 4268 οἱ
835 4209 1216 4275 τελειωθέντες
1295 4209 1428 4265 εἶ’σὶν
1502 4209 1553 4283 ἐξ
1624 4214 1947 4290 ἀνθρώπων,

295 4302 551 4379 ἄγγελοι,
594 4300 954 4381 ἀρχάγγελοι,
1007 4299 1084 4363 εἷς
1127 4301 1227 4371 τὴν
1278 4301 1684 4375 πρωτόκτιστον
1714 4307 1820 4358 τῶν
1850 4305 1949 4380 ἀγ-

292 4391 480 4471 γέλων
521 4390 695 4470 φύσιν.
741 4391 810 4449 Ol
851 4391 954 4468 γὰρ
983 4389 1035 4461 ἐξ
1066 4388 1367 4466 ἀνθρώπων
1423 4389 1497 4452 εἷς
1550 4389 1820 4467 ἀγγέλους
1853 4415 1947 4466 με-

282 4481 583 4542 ταστάντες
614 4478 771 4556 χίλια
800 4473 893 4550 ἔτη
940 4479 1335 4552 μαθητεύονται
1370 4478 1474 4534 ὑπὸ
1521 4483 1629 4534 τῶν
1671 4479 1946 4556 ἀγγέλων,

285 4571 369 4636 εἶς
419 4569 741 4642 τελειότητα
799 4569 1313 4642 ἀποκαθιστάμενοιο
1382 4567 1494 4622 εἶτα
1554 4569 1605 4624 οἱ
1655 4570 1749 4643 μὲν
1797 4567 1950 4625 διδά-

359 4706 437 4779 (α)
471 4704 676 4760 Matth.
710 4720 836 4771 ιω,
865 4704 955 4758 43.

357 4831 471 4902 (78)
556 4831 862 4903 Παρουοίαν
941 4831 1287 4880 κατάστασιν.
1365 4831 1650 4899 Corrupto
1723 4831 1943 4885 utrobi-

279 4918 422 4975 que.
447 4908 738 4975 Srnnuao.
761 4931 825 4941 -—
853 4900 1184 4975 Legendum
1200 4899 1435 4975 videtur
1455 4897 1753 4975 παρουσίαν
1781 4901 1943 4954 κατά-

282 4970 496 5028 eum.
532 4974 716 5030 Panlo
748 4979 885 5028 ante
915 4970 1224 5044 Sylburgio
1257 4971 1448 5044 visum
1475 4970 1565 5029 est
1594 4973 1704 5042 legi
1731 4975 1951 5044 debere

281 5046 498 5102 ordine
549 5047 807 5108 inverso,
859 5046 940 5112 τῷ
961 5041 1346 5116 ’παρῳχηκότι
1411 5042 1530 5098 ἀντὶ
1577 5047 1675 5098 τοῦ
1725 5043 1946 5099 ἐνεστῶ-

277 5135 406 5176 τος.
439 5117 493 5171 id
527 5124 683 5174 certe
713 5117 967 5170 innuunl
989 5115 1328 5188 sequentia.

365 5188 473 5260 (79)
550 5183 1192 5260 Ἀποκαταστησόμενος.
1295 5184 1442 5241 Flor.
1460 5227 1486 5260 Δ,

277 5256 533 5330 σύμενοι.
557 5261 694 5326 Quae
717 5259 889 5316 lectio
916 5256 1029 5314 non
1056 5257 1524 5330 malecongruit.
1549 5257 1772 5314 Nostrae
1800 5256 1943 5314 scri-

276 5328 503 5406 pturae,
527 5331 822 5406 singulari
843 5346 1112 5406 numero,
1141 5328 1489 5406 cohaerentia
1515 5331 1633 5406 haec
1666 5337 1776 5398 est,
1809 5347 1942 5406 cum

276 5397 776 5478 precedentibus,
808 5401 870 5478 Ὁ
905 5400 1104 5476 Κύριος
1135 5397 1438 5478 ﬁla-63:11:,
1473 5401 1561 5478 καὶ
1593 5402 1654 5470 (ἰ.
1680 5420 1712 5478 _e
1743 5397 1943 5470 etiam)

273 5470 410 5536 τοὺς
461 5471 727 5543 δικαίους,
764 5470 909 5534 ’τοὺς
955 5470 1179 5534 πιστούς
1223 5472 1550 5597 ἓεοᾳυεῐιιὶο
1600 5475 1756 5529 enim
1806 5479 1944 5530 sunt

277 5549 678 5597 narenthetai-
732 5544 809 5597 sic
854 5546 955 5597 τῆν
1006 5543 1170 5597 αὐτὴν
1248 5543 1449 5597 νότητα
1497 5543 1939 5597 ἀποκαταστησόο

277 5549 680 5622 parentbeta),
732 5544 822 5622 είς
854 5546 955 5614 τὴν
1006 5543 1449 5622 αὐτὴν-ἑνότητα
1497 5543 1939 5622 ἀποκαταστησός

1564 5185 1948 5258 ἀποκαταστη-

556 4826 870 4903 Παρουοίαν
941 4824 1292 4903 κατάστασινἱ
1365 4827 1688 4903 (ἰονῐύιήειΔ
1723 4828 1946 4903 utrobi-
1983 4832 2026 4896 D

2090 638 2346 711 ponitur.
2385 639 2492 694 Pro
2524 641 2720 696 futuro
2752 641 3016 712 quidem,
3050 642 3228 712 quod,
3261 642 3498 714 periodo
3551 645 3742 697 status

2086 726 2337 797 hujusce
2369 730 2674 800 praesentis
2706 729 2969 799 impleta,
3001 731 3196 786 veniet
3216 731 3526 800 Dominus,
3550 747 3616 785 ac
3641 731 3739 800 ju-

2086 821 2229 882 stos,
2262 833 2472 888 nempe
2506 818 2727 884 fideles,
2769 820 2824 873 in
2844 819 3062 890 quibus
3080 821 3248 892 quasi
3268 821 3325 875 in
3355 820 3736 876 tabernaculo

2084 906 2449 978 conquiescit
2479 911 2686 976 (unum
2723 908 2878 962 enim
2901 924 3113 979 corpus
3130 925 3334 964 omnes
3358 915 3518 974 sunt,
3543 925 3611 963 ex
3635 925 3728 964 eo-

2081 995 2212 1050 dem
2247 1013 2479 1067 genere,
2511 998 2609 1068 qui
2645 997 2820 1052 ﬁdem
2856 999 3123 1052 eamdem
3149 999 3533 1068 acjustitiam
3570 1013 3734 1053 rece-

2079 1085 2315 1156 perint),
2341 1085 2399 1140 in
2449 1087 2714 1141 eamdem
2766 1085 3056 1142 unitatem
3109 1088 3510 1142 restituturus.
3565 1093 3639 1140 At
3669 1086 3728 1141 hi

2077 1173 2313 1244 quidem
2351 1179 2416 1230 ut
2447 1181 2644 1248 caput,
2678 1175 2761 1230 illi
2793 1191 2929 1230 vero
2960 1179 3024 1230 ut
3056 1175 3231 1243 oculi,
3263 1174 3322 1230 hi
3376 1176 3614 1246 quidem
3666 1180 3731 1230 ut

2075 1279 2270 1332 aures,
2303 1263 2384 1318 illi
2416 1281 2552 1320 vero
2584 1269 2648 1318 ut
2681 1281 2912 1329 manus,
2946 1265 3004 1318 hi
3035 1264 3292 1335 denique
3332 1265 3414 1318 uti
3467 1269 3723 1336 pectora,

2074 1352 2154 1408 illi
2187 1370 2322 1409 vero
2355 1358 2418 1408 ut
2451 1355 2647 1425 pedes,
2680 1354 2739 1408 in
2773 1354 2895 1408 sole
2925 1353 3369 1408 collocabuntur
3400 1352 3726 1409 lucidi.Lu-

2070 1452 2183 1499 cete
2207 1449 2271 1498 ut
2301 1442 2388 1498 sol
2416 1444 2523 1515 (α),
2548 1443 2634 1499 vel
2664 1443 2723 1499 in
2757 1443 2899 1507 sole;
2932 1443 3211 1515 quoniam
3263 1441 3509 1513 angelus
3559 1444 3726 1514 prin-

2069 1549 2207 1604 ceps
2236 1533 2294 1586 in
2329 1531 2450 1588 sole
2480 1537 2588 1588 est.
2622 1533 2822 1588 Diebus
2851 1534 3007 1587 enim
3035 1533 3118 1587 uti
3151 1531 3367 1602 praesit,
3401 1530 3720 1586 collocatus

2067 1627 2156 1677 est
2187 1622 2358 1676 sicuti
2395 1622 2554 1676 (una!
2573 1629 2632 1676 ut
2661 1622 2810 1677 nocti
2835 1622 3030 1693 praesit
3061 1623 3163 1692 (b.)
3199 1621 3328 1675 Dies
3360 1625 3579 1685 autem,
3612 1636 3718 1675 an-

2066 1709 2202 1784 geli,
2233 1711 2415 1765 vocati
2451 1715 2612 1766 sunt.
2647 1711 2788 1766 Cum
2828 1711 2970 1767 solis
3001 1711 3483 1782 angelis,inquit,
3509 1709 3716 1765 ordine

2066 1801 2189 1871 pari
2222 1817 2340 1854 una
2371 1801 2568 1854 sedem
2603 1801 2978 1867 obtinebunt,
3014 1817 3220 1865 unum,
3256 1807 3318 1856 ut
3348 1809 3549 1874 caput,
3582 1819 3711 1858 cor-

2062 1905 2203 1960 pore
2234 1906 2350 1944 uno
2378 1889 2715 1954 exsistente,
2749 1889 2833 1944 sol
2851 1891 3033 1962 etipsi
3060 1891 3285 1946 ratione
3308 1893 3561 1963 quadam
3576 1896 3710 1948 tan-

2058 1979 2191 2034 dem
2223 1977 2538 2050 aliquando
2572 1978 2752 2033 futuri
2785 1977 2922 2034 sint.
2957 1979 3190 2035 Dierum
3243 1986 3434 2036 autem
3487 1985 3546 2036 et
3591 1979 3706 2050 ipsi

2059 2067 2359 2138 praesides,
2393 2067 2546 2122 sicut
2575 2066 2671 2122 ille
2703 2068 2800 2138 qui
2835 2069 2892 2123 in
2923 2068 3045 2124 sole
3075 2069 3274 2124 sedem
3327 2070 3600 2137 habet,ad
3644 2070 3702 2124 id

2059 2157 2213 2229 quod
2250 2158 2442 2224 majus
2475 2161 2583 2227 est,
2618 2174 2729 2226 quo
2755 2163 2814 2211 et
2842 2159 2967 2226 ipse
2997 2159 3156 2230 prior
3184 2160 3243 2213 in
3295 2161 3498 2216 eodem
3545 2177 3708 2215 com-

2061 2245 2416 2313 migraverit;
2446 2262 2512 2300 ac
2556 2262 2788 2301 rursum
2840 2248 3221 2302 ascendentes
3271 2249 3338 2302 ad
3392 2249 3706 2305 stationem

2060 2335 2312 2405 priorem
2349 2338 2667 2400 revertunt,
2703 2340 2968 2406 respectu
3024 2336 3298 2407 praeteriti
3351 2339 3564 2408 posuit;
3615 2345 3707 2394 ut-

2059 2428 2193 2494 pote
2226 2422 2429 2494 primae
2461 2423 2774 2478 creationis
2796 2423 3014 2493 angeli,
3038 2441 3152 2479 non
3179 2427 3437 2497 amplius
3461 2443 3564 2498 per
3584 2444 3715 2497 pro-

2057 2513 2374 2567 videntiam
2410 2513 2738 2567 ministerio
2770 2513 3014 2569 definito
3061 2513 3180 2568 sint
3211 2517 3499 2586 occupati.
3524 2517 3622 2571 sed
3651 2521 3715 2572 ut

2057 2600 2116 2655 in
2151 2601 2370 2674 requie,
2404 2602 2463 2656 in
2499 2605 2950 2673 perseverantia,
2985 2608 3160 2674 atque
3193 2604 3430 2659 assidua
3457 2604 3555 2660 Dei
3577 2621 3712 2659 con-

2057 2691 2435 2763 templatione
2471 2696 2765 2747 maneant.
2799 2692 2908 2757 Qui
2953 2709 3084 2747 vero
3129 2693 3217 2748 his
3269 2693 3710 2750 immediatores

2059 2785 2218 2846 sunt,
2251 2782 2320 2836 ad
2357 2797 2490 2835 eum
2528 2797 2736 2854 nempe
2769 2782 3034 2837 ordinem
3054 2782 3571 2855 proﬁciunt,quem
3593 2783 3708 2852 ipsi

2059 2869 2445 2940 reliquerunt;
2481 2870 2565 2926 sic
2596 2871 2771 2926 etiam
2807 2870 3031 2927 ratione
3063 2872 3210 2943 pari,
3245 2873 3342 2944 qui
3375 2877 3513 2928 sunt
3559 2874 3709 2929 infe-

2060 2962 2262 3016 riores.

2130 3049 2280 3104 367
2318 3048 2486 3104 LVII.
2519 3051 2667 3104 Sunt
2699 3049 2922 3121 itaque,
2956 3051 3278 3104 secundum
3332 3049 3707 3120 Apostolum.

2057 3138 2370 3194 creationis
2397 3137 2599 3209 prima;
2632 3137 2858 3210 angeli,
2893 3139 2991 3209 qui
3023 3138 3080 3193 in
3116 3155 3350 3194 summa
3381 3154 3511 3194 arce
3529 3139 3706 3196 collo-

2059 3228 2171 3283 cati
2201 3231 2360 3294 sunt;
2395 3227 2453 3281 hi
2494 3243 2631 3282 vero
2684 3226 2879 3282 throni
2931 3230 3092 3289 sint;
3142 3227 3415 3300 quamvis
3455 3228 3708 3285 virtutes

2058 3320 2199 3373 sunt
2230 3317 2418 3389 primo
2450 3316 2650 3383 creati,
2686 3317 2903 3389 quippe
2934 3318 2991 3372 in
3031 3317 3100 3372 iis
3130 3318 3382 3389 quiescit
3415 3318 3706 3382 Deussic-

2059 3406 2142 3462 uti
2171 3407 2346 3461 etiam
2381 3407 2439 3460 in
2473 3405 2768 3462 fidelibus.
2815 3405 3239 3478 Unusquisque
3283 3407 3437 3462 enim
3493 3423 3705 3462 secun-

2059 3496 2198 3551 dum
2233 3495 2560 3567 profectum
2594 3495 2920 3567 proprium,
2952 3495 3249 3568 propriam
3281 3497 3456 3551 etiam
3490 3497 3561 3550 de
3592 3495 3706 3551 Deo

2059 3585 2366 3641 scientiam
2399 3584 2596 3651 habet;
2629 3584 2688 3638 in
2725 3601 2842 3656 qua
2875 3585 3114 3656 quidem
3152 3584 3396 3640 scienlia
3429 3585 3706 3657 conquie-

2059 3674 2168 3730 scit
2199 3676 2374 3742 Deus,
2411 3691 2475 3730 ac
2509 3673 2594 3728 illi
2627 3674 3016 3729 aeternitatem
3052 3675 3353 3729 consecuti
3378 3679 3542 3739 sunt,
3575 3691 3712 3746 pro-

2060 3767 2186 3836 pter
2217 3761 2546 3827 scientiam,
2568 3779 2685 3834 qun
2708 3768 2850 3818 sunt
2880 3764 3130 3836 praediti.
3175 3765 3266 3826 Et,
3317 3781 3390 3818 an
3437 3779 3706 3820 comma:

2057 3855 2120 3908 In
2153 3855 2266 3910 sole
2293 3851 2474 3925 posuit
2503 3854 2917 3909 tabernaculum
2947 3869 3131 3922 suum,
3165 3853 3248 3909 sic
3270 3853 3347 3909 sit
3376 3851 3708 3925 intelligen-

2059 3944 2221 4000 dum:
2258 3945 2314 3999 In
2346 3944 2456 4001 sole
2480 3944 2807 4018 posuit,hoc
2836 3949 2926 4000 est
2965 3943 3025 3999 in
3077 3948 3190 4000 Deo
3234 3944 3334 4015 qui
3385 3949 3469 3999 est
3516 3943 3709 4016 proxi-

2059 4049 2194 4088 mus
2228 4033 2403 4099 Deus;
2438 4034 2594 4090 sicut
2621 4038 2710 4090 est
2740 4034 2797 4088 in
2835 4032 3169 4106 Evangelio:
3200 4034 3306 4098 Eli,
3331 4033 3422 4088 Eli
3450 4033 3542 4106 (ε),
3576 4050 3710 4104 pro-

2058 4141 2125 4182 eo
2151 4125 2458 4192 nimirum,
2485 4126 2622 4180 Deus
2650 4141 2829 4192 meus,
2865 4126 3005 4180 Deus
3051 4140 3222 4180 meus.
3277 4125 3528 4195 Insuper
3575 4123 3708 4186 hoc,

2056 4213 2120 4278 'X‘
2146 4218 2326 4286 Super
2353 4229 2568 4270 omnem
2595 4214 2994 4287 principatum,
3017 4222 3074 4270 et
3098 4215 3437 4285 potestatem,
3488 4228 3552 4266 ac
3588 4213 3708 4267 vir-

2058 4305 2251 4372 tutem,
2283 4311 2340 4356 et
2364 4316 2527 4357 omne
2555 4316 2752 4357 nomen
2783 4302 2924 4373 quod
2952 4303 3300 4368 nominatur,
3328 4299 3386 4354 hi
3421 4303 3584 4364 sunt,
3608 4297 3712 4369 qui

2059 4407 2127 4447 ex
2157 4390 2500 4447 hominibus
2522 4390 2713 4463 angeli
2747 4395 2801 4446 et
2833 4391 3166 4464 archangeli
3203 4391 3452 4461 perfecte
3484 4387 3708 4445 consti-

2057 4481 2195 4550 tuti,
2227 4481 2312 4534 uti
2344 4480 2583 4534 demum
2609 4485 2879 4535 naturam
2905 4480 3217 4536 creationis
3244 4478 3446 4551 prima;
3474 4475 3709 4549 angelo-

2059 4586 2189 4625 rum
2223 4572 2681 4641 consequantur.
2715 4569 2940 4642 Quippe
2968 4570 3066 4641 qui
3099 4586 3168 4626 ex
3188 4569 3576 4626 hominumin
3599 4584 3710 4623 an-

1031 4702 1110 4774 (ὁ)
1141 4701 1284 4758 Gen.
1312 4719 1352 4770 1,
1388 4705 1472 4758 18.
1550 4703 1621 4774 (c)
1653 4703 1862 4760 Matth.
1893 4721 1951 4759 xz

2068 4751 2071 4766 ,
2106 4703 2195 4758 46.
2271 4700 2335 4765 ιι(
2363 4705 2425 4756 Ρ.
2456 4701 2562 4756 994
2594 4702 2706 4758 ED.
2745 4702 3052 4759 POTTEB.

2131 4829 2246 4906 (ΘΟ)
2295 4827 2460 4906 ,Μεθζ
2541 4824 2708 4894 ἡλίου
2763 4829 2963 4906 _Fort_e
3034 4829 3151 4883 καθ’
3221 4826 3442 4906 ἡλίουη
3497 4831 3586 4906 vel
3645 4829 3708 4906 ἐφ

2057 4895 2248 4966 ἡλίου,
2282 4898 2344 4954 in.
2373 4900 2485 4955 sole
2513 4915 2533 4959 ;
2567 4910 2622 4953 ul
2645 4901 2816 4970 paulo
2847 4902 3020 4955 infra.
3053 4895 3368 4969 Sequentia
3397 4895 3481 4958 sic
3530 4895 3709 4959 inter;

2061 4973 2420 5048 polabuntur
2455 4973 2627 5048 paulo
2649 4969 2908 5048 melius:
2941 4969 3379 5048 tayjaovtau'év‘,
3415 4971 3596 5048 ὥσπερ
3627 4994 3711 5027 κε-

2059 5039 2208 5120 ξραλῄ
2259 5039 2546 5120 σώματος,¹
2588 5039 2751 5120 βντος
2801 5039 3232 5120 ὲγὸςηὸνῇλιος,
3278 5041 3526 5120 ἐσόμενοί
3567 5039 3707 5100 ’ποτε

2055 5111 2192 5168 κατά
2247 5111 2367 5168 τινα
2425 5111 2676 5188 περίοδον
2751 5115 2842 5169 καὶ
2911 5111 3078 5170 ἀύτοῖ
3141 5111 3404 5192 ἄρχοντες
3458 5119 3704 5189 ἡμερῶν.

2060 5189 2352 5245 SYLBURG.

2125 5259 2239 5336 (ξι)
2274 5256 2613 5336 Ἀφξκονται.
2651 5259 2772 5316 Non
2819 5260 3017 5315 minus
3067 5263 3269 5333 aptum
3306 5259 3411 5315 fut.
3471 5265 3707 5332 tempus

2055 5329 2363 5408 ἀφῖξεγτειιέ
2385 5331 2470 5408 l0-

2127 5399 2236 5474 (8'2)
2272 5400 2415 5466 Ἠλί,
2477 5404 2669 5474 Quasi
2703 5402 2939 5472 quidem
2993 5399 3046 5453 ἐν
3086 5403 3168 5471 τῷ
3219 5400 3367 5456 Ἠλί.
3428 5402 3708 5459 Hebraico

2212 5458 2364 5546 quod
2404 5458 2584 5546 solem
2629 5458 3209 5546 significaretLSAI-zno.
3261 5458 3705 5546 MiraHebraici

2054 5543 2346 5600 sermonis
2395 5545 2649 5608 inscitia,
2704 5544 2802 5598 illa
2851 5547 2945 5595 τοῦ
2988 5543 3174 5612 ἡλίου,
3226 5550 3279 5597 et
3330 5543 3484 5600 Ἠλεί
3533 5562 3704 5602 evan-

279 5616 473 5695 μενος.
504 5616 724 5695 Forsan
742 5617 1262 5695 _etian1__sequentia
1290 5617 1373 5695 sic
1406 5616 1648 5695 legenda
1677 5634 1689 5672 :
1725 5616 1940 5695 'A_M’_6
2047 5618 2593 5695 gelici_conjugatio
2617 5633 2648 5695 ;_
2671 5622 2735 5671 ut
2769 5618 3009 5695 eLquod
3043 5616 3291 5695 Romani
3323 5619 3564 5683 milites,
3598 5619 3704 5678 illa

280 5685 492 5768 μὲνλὼς
551 5691 790 5768 κεφαλὴ,
823 5691 875 5744 οἱ
907 5687 965 5745 δὲ
999 5685 1073 5751 ὡς
1110 5685 1276 5762 μέλη.
1335 5687 1433 5741 Καὶ
1464 5685 1689 5743 ’τούτων
1750 5689 1801 5743 οἱ
1845 5689 1938 5762 μὲν

273 5761 362 5827 ὧς
395 5761 518 5844 ὀφθ.
550 5761 842 5822 Simone.

2051 5687 2190 5746 {roce
2222 5689 2405 5766 E_liam
2444 5687 2758 5760 ‘appellase
2812 5687 3123 5744 Deminum
3165 5689 3226 5744 in
3267 5706 3437 5749 cruce
3468 5697 3704 5766 putave-

2049 5767 2209 5818 runt.
2238 5761 2490 5818 COMBEF.
