4124 6412
428 366 540 422 727

1683 368 2014 426 CLBMBN
2051 367 2625 425 ALEXANDRINUB

3747 365 3857 425 728

433 490 700 572 gelorum
731 492 953 546 statum
977 493 1306 559 transeunt,
1341 492 1451 548 sub
1474 490 1820 565 angelorum
1853 492 2079 546 inslitu-

2205 491 2378 560 ξαντες
2437 490 2815 562 μετατὲθενται
2871 486 2949 552 εἷς
2995 486 3407 566 ἀρχαγγελικὴν
3470 486 3734 561 ἐξουσίαν·
3803 493 3855 547 οἳ

437 581 616 653 tione,
645 579 806 635 mille
835 595 1021 635 annos
1035 579 1408 651 erudiuntur,
1427 583 1499 637 ad
1516 581 1931 653 perfectionem
1952 580 2084 650 qui-

435 673 568 727 dem
601 669 815 725 reversi
845 685 913 724 ac
942 668 1333 724 determinati.
1367 671 1651 743 Dein,qui
1674 670 1924 727 docendi
1951 686 2085 725 mu-

433 776 547 815 nus
571 758 631 814 in
663 774 725 813 se
753 761 1161 829 susceperunt,
1197 759 1255 813 in
1307 764 1655 832 potestatem
1713 757 2083 832 archangeli-

436 864 564 904 cam
596 849 930 902 transeunt:
964 846 1064 918 qui
1096 862 1229 903 vero
1278 847 1542 905 discendi
1595 854 1792 922 partes
1828 848 2087 921 perfece-

2197 577 2461 651 μαθόντες
2503 575 2560 633 δὲ
2599 577 2728 643 τοὺς
2771 577 2821 649 ἐξ
2865 579 3165 654 ἀνθρώπων
3223 575 3374 642 αὖθις
3425 579 3856 652 μεθισταμένους

2196 665 2271 729 εἷς
2324 665 2592 744 ἀγγέλους
2641 667 3060 741 μαθητεῦουσιν·
3112 665 3296 723 ἔπειτα
3344 665 3518 730 οὕτως
3567 667 3849 744 περιόδοις

2198 755 2391 832 ῥηταῖς
2432 755 2885 821 ἀποκαθίστανται
2932 755 3002 829 τῇ
3031 754 3206 828 οῗκείᾳ
3249 759 3347 812 τοῦ
3380 756 3633 830 σώματος
3683 758 3844 835 ἀγγε-

2197 843 2437 917 λοθεσίᾳ.

433 939 594 1005 runt,
617 933 750 992 illos
779 951 1009 1005 rursus,
1059 935 1160 1008 qui
1211 953 1280 994 ex
1328 937 1664 994 hominibus
1713 940 1784 993 ad
1832 936 2072 1010 angelos
2111 939 2442 1006 transeunt,
2475 935 2827 992 erudiendos
2857 935 3225 1009 suscipiunt;
3279 936 3366 993 sic
3423 941 3623 1010 postea
3666 937 3854 1010 perio-

433 1024 525 1080 dis
558 1024 732 1080 certis
761 1024 881 1096 iam
915 1023 1164 1081 dictisin
1189 1027 1484 1100 propriam
1519 1026 1963 1101 angelicamque
1987 1024 2251 1098 corporis
2283 1024 2602 1081 stationem
2636 1025 3097 1082 constituuntur.

507 1113 702 1170 LVIII.
736 1114 850 1170 Lex
889 1115 1112 1170 Domini
1162 1117 1533 1172 immaculata
1580 1121 1904 1173 convertens
1961 1115 2091 1172 ani-

436 1220 555 1260 mas
586 1203 682 1276 (a).
719 1205 828 1259 Lex
859 1205 1276 1278 Verbum,ipse
1325 1206 1584 1262 Salvator
1638 1207 1877 1274 dicitur,
1917 1210 2092 1278 prout

439 1293 654 1350 asserit
684 1293 888 1350 Petrus
917 1294 977 1349 in
1008 1294 1414 1352 Praedicatione
1446 1315 1460 1366 ;
1494 1295 1612 1352 imo
1665 1297 1948 1370 propheta
1977 1314 1990 1352 :
2019 1296 2093 1352 De

438 1383 574 1440 Sion
610 1383 792 1440 exibit
826 1384 934 1451 leas,
961 1387 1016 1440 el
1053 1385 1276 1441 Verbum
1308 1385 1539 1442 Domini
1568 1385 1634 1442 de
1658 1386 1967 1442 Jerusalem
1990 1384 2088 1457 (ὸ).

518 1562 1061 1620 LIX.Testimonium
1097 1566 1317 1622 Domini
1361 1566 1542 1636 ﬁdele,
1595 1567 1929 1638 sapientiam
1945 1581 2091 1639 prm-

438 1658 591 1710 stans
619 1655 897 1723 parvulis.
961 1655 1405 1710 Testamentum
1457 1656 1688 1712 Domini
1749 1673 1975 1724 verum,
2008 1672 2094 1710 sa-

439 1741 707 1815 pientiam
734 1751 1009 1814 praestans
1054 1745 1338 1815 parvulis;
1389 1745 1480 1801 bis
1533 1746 1811 1801 nimirum
1872 1745 1973 1815 qui
2019 1746 2090 1800 ab

2270 1113 2402 1170 ΝΠ.
2457 1114 2518 1171 Ὁ
2547 1113 2717 1187 νόμος
2772 1119 2871 1169 τοῦ
2927 1117 3060 1170 Θεοῦ
3116 1110 3359 1187 ἄμωμος
3405 1115 3541 1189 (83),
3601 1114 3852 1192 ἐπιστρί-

2199 1222 2314 1278 φων
2358 1204 2565 1279 ψυχάς.
2614 1203 2806 1276 Νόμος
2855 1204 2947 1259 καὶ
2997 1202 3195 1280 Λόγος,
3251 1203 3412 1267 αὐτὸς
3445 1205 3474 1260 6
3509 1205 3708 1282 Σωτὴρ
3759 1206 3853 1262 λὲ·

2198 1311 2373 1366 γεται,
2434 1290 2509 1354 ὠς
2559 1292 2763 1366 Πέτρος
2809 1293 2864 1348 ὶν
2923 1292 3277 1370 Κηρῦγματι·
3337 1294 3428 1348 καὶ
3474 1294 3502 1348 6
3533 1297 3854 1373 προφήτηςο

2199 1380 2298 1438 Ἐκ
2347 1380 2451 1456 γὰρ
2512 1380 2656 1436 Σιὼν
2715 1379 3048 1454 ἑξελιύοεται
3099 1382 3296 1456 νόμος,
3354 1382 3447 1438 καὶ
3504 1383 3688 1460 Λόγος
3748 1384 3856 1441 Κύ-

2200 1468 2320 1544 ρίου
2354 1469 2405 1540 ἐξ
2435 1469 2822 1546 Ἰερουσαλήμ.

2270 1560 2394 1616 ΝΘ’.
2481 1562 2543 1615 Ἣ
2623 1561 2894 1636 μαρτυρία
2969 1560 3178 1636 Κυρίου
3258 1562 3454 1630 πιστὴ,
3552 1563 3852 1641 σοφίζουσα

2196 1649 2386 1718 νήπια*
2437 1650 2473 1718 ἡ
2533 1651 2784 1720 Δταθήκη
2847 1650 3050 1724 Κυρίου
3111 1651 3348 1721 ἀληθὴς,
3407 1651 3702 1729 σοφίζουσα
3756 1674 3854 1724 νη-

2195 1737 2380 1807 πίους,
2411 1737 2538 1800 τοὺς
2590 1739 2845 1806 ἃκακους,
2876 1738 3006 1802 τούς
3047 1759 3107 1793 τε
3148 1737 3514 1812 ἀποστόλους,
3546 1739 3731 1798 ἔπειτα
3758 1744 3853 1798 ναὶ

445 1831 606 1887 omni
635 1831 859 1887 malitia
882 1838 1022 1888 sunt
1046 1833 1362 1902 immunes;
1394 1839 1519 1889 tum
1540 1835 1845 1906 apostolis.
1874 1834 2008 1890 dein
2033 1837 2079 1888 el

2205 1828 2367 1899 ἡμᾶς.
2414 1825 2592 1883 ’Λλλὰ
2620 1827 2712 1882 καὶ
2742 1831 2777 1898 ἡ
2812 1828 2982 1883 αὐτοῦ
3029 1833 3126 1883 τοῦ
3172 1830 3374 1903 Κυρίου
3428 1832 3698 1907 μαρτυρία
3732 1834 3854 1887 καθ’

444 1919 634 1976 nobis.
669 1922 915 1993 Insuper
944 1927 1002 1976 et
1031 1923 1225 1992 ipsum
1259 1922 1491 1978 Domini
1515 1923 1942 1990 testimonium,
1977 1939 2094 1994 quo

443 2014 578 2082 post
609 2011 944 2082 passionem
975 2027 1008 2066 a
1039 2011 1289 2066 mortuis
1320 2013 1661 2076 resurrexit,
1697 2013 1840 2068 illud
1895 2012 2093 2083 ipsum

442 2113 645 2154 revera
672 2115 874 2154 verum
908 2115 1042 2155 cum
1073 2105 1249 2170 esset,
1279 2100 1350 2156 ad
1374 2100 1712 2156 ﬁrmitatem
1737 2101 1872 2156 ﬁdei
1896 2101 2090 2156 Eccle-

443 2185 593 2241 siam
626 2187 892 2243 adduxit.

510 2275 629 2331 LX.
665 2275 848 2332 Timor
906 2269 1131 2332 Domini
1183 2286 1382 2346 castus,
1429 2294 1766 2349 permanens
1823 2279 1887 2334 in
1917 2295 2092 2335 saecu-

437 2365 555 2420 lum
582 2363 797 2421 saeculi.
833 2364 972 2422 Illos
1004 2365 1104 2437 qui
1136 2383 1170 2422 a
1217 2367 1429 2424 timore
1476 2367 1549 2424 ad
1603 2369 1782 2424 ﬁdem
1826 2369 2091 2425 conversi

437 2459 580 2509 sunt
609 2470 676 2510 ac
699 2453 1022 2522 justitiam,
1048 2454 1109 2510 in
1143 2456 1423 2512 saeculum
1459 2473 1803 2528 permanere
1854 2458 2083 2514 asserit.

431 2541 651 2599 Iudicia
697 2543 922 2600 Domini
974 2559 1126 2611 vera,
1182 2544 1374 2616 Ilrma,
1431 2547 1902 2618 immobiliaque,
1963 2564 2093 2618 quas

433 2631 764 2687 mercedem
793 2632 1016 2702 iustam
1049 2634 1404 2704 concedunt,
1439 2641 1496 2690 et
1525 2651 1653 2707 qua:
1705 2634 1765 2690 in
1799 2637 2085 2692 unitatem

432 2719 568 2775 ﬁdei
591 2719 789 2791 justos
820 2721 1214 2778 constituunt.
1249 2723 1474 2796 Quippe
1505 2724 1616 2782 hoc
1646 2725 1890 2795 indicat,
1927 2727 2083 2797 quod

433 2808 668 2864 dicitur:
700 2809 1017 2879 Justiﬂcata
1047 2813 1108 2867 in
1138 2815 1434 2884 semetipsa
1462 2814 1552 2884 (ε).
1582 2813 1758 2885 Super
1789 2831 1994 2870 aurum
2021 2832 2086 2870 ac

432 2897 674 2970 lapidem
694 2901 1001 2970 pretiosum
1023 2900 1366 2970 hujusmodi
1391 2908 1532 2958 sunt
1551 2903 1843 2959 desideria
1873 2904 1975 2973 (ά).

505 2987 650 3044 LXI.
683 2989 902 3044 Etenim
929 3005 1120 3045 servus
1149 3000 1277 3045 tuus
1305 2991 1540 3047 custodit
1596 3008 1660 3048 ea
1717 2993 1810 3065 (ε).
1863 2993 2083 3065 Nempe

430 3075 588 3132 haud
621 3079 761 3148 quia
791 3094 996 3134 servus
1027 3079 1202 3135 sicuti
1235 3080 1434 3136 David:
1469 3081 1568 3136 sed
1604 3082 1858 3154 populus
1891 3082 2084 3138 omnis

429 3166 532 3238 qui
564 3167 804 3223 tandem
837 3166 1053 3224 salutis
1079 3168 1373 3242 particeps
1405 3170 1644 3226 futurus
1695 3172 1793 3236 sit,
1839 3188 1908 3227 ex
1938 3171 2080 3227 obe-

2199 1918 2260 1985 ἢν
2316 1917 2500 1971 παθὼν
2561 1916 2780 1988 ἀνέστη,
2831 1916 3048 1987 ἀληθὴς
3097 1919 3366 1992 γενομᾶνη
3416 1919 3553 1975 κατὰ
3592 1921 3654 1975 τὸ
3694 1919 3854 1996 ἔργον

2197 2004 2350 2073 αὐτὸ,
2410 2005 2486 2067 εἰς
2550 2001 2844 2080 βεϐαίωσιν
2919 2006 3151 2069 πίστεως
3224 2007 3396 2085 ἤγαγε.
3467 2010 3568 2078 τὴν
3623 2007 3862 2081 Ἐκκλη-

2198 2093 2337 2151 σίαν.

2265 2277 2348 2330 Ξ’.
2389 2275 2449 2331 Ὁ
2507 2269 2677 2352 φόϐος
2736 2273 2935 2351 Κυρίου
2992 2275 3172 2351 ἁγνὸς,
3227 2272 3497 2348 διαμένων
3554 2276 3632 2342 εἰς
3681 2276 3858 2336 αΐῶνα

2195 2359 2417 2424 αἰῶνος.
2451 2361 2598 2424 Τοὺς
2647 2361 2707 2418 ἐκ
2749 2358 2923 2441 φόϐου
2955 2362 3032 2426 εἷς
3065 2364 3246 2420 πίστιν
3295 2364 3713 2445 ἐπιστραφέντας
3762 2368 3855 2425 καὶ

2197 2447 2569 2520 δικαιοσύνην,
2627 2450 2704 2513 εἷς
2761 2451 2936 2507 αἰῶνα
2991 2456 3319 2530 παραμένειν
3379 2452 3546 2530 λέγει.
3605 2457 3682 2511 Τὰ
3732 2458 3853 2535 κρί-

2198 2559 2341 2612 ματα
2416 2539 2618 2614 Κυρίου
2692 2539 2949 2611 ἀληθινὰ,
3029 2537 3222 2618 βέϐαια
3295 2543 3383 2598 καὶ
3458 2545 3845 2618 ἀμετακίνητα,

2191 2629 2310 2682 κατ’
2341 2627 2492 2699 ἀξίαν
2524 2628 2920 2702 ἀπονεμητικὰ,
2953 2631 3043 2686 καὶ
3091 2631 3169 2695 είς
3197 2632 3297 2702 τὴν
3328 2632 3553 2703 ἑνότητα
3596 2641 3698 2704 τῆς
3751 2635 3849 2691 πί-

2194 2739 2361 2780 στεως
2410 2719 2836 2783 ἀαοκαθιστάντα
2885 2719 3012 2783 τοὺς
3065 2718 3331 2785 δικαίους·
3378 2727 3546 2779 τοῦτο
3595 2724 3701 2802 γὰρ
3750 2747 3850 2796 ση-

2195 2804 2374 2878 μαίνει
2403 2805 2488 2874 τὸ,
2542 2803 2948 2880 Δεδικαιωμὲνα
2987 2811 3102 2884 (84)
3128 2810 3216 2865 ἐπὶ
3262 2811 3326 2866 τὸ
3376 2810 3526 2870 αὐτό.
3562 2814 3631 2868 Αἱ
3662 2818 3852 2869 τοιαῦ-

2189 2915 2278 2949 ται
2311 2892 2596 2967 ἐπιθυμίαι
2631 2895 2763 2972 ὑπὲρ
2799 2898 2990 2973 χρυοίν
3021 2898 3112 2953 καὶ
3140 2897 3293 2954 λίθον
3319 2900 3532 2971 τίμιον.

2264 2985 2397 3040 ΞΑἏ
2451 2984 2550 3040 Καὶ
2605 2985 2707 3062 γὰρ
2740 2988 2769 3041 6
2801 2985 3000 3050 δοῦλός
3058 3009 3159 3044 oon
3219 2986 3483 3067 φυλάοοει
3559 2990 3709 3047 αὐτά·
3745 2991 3904 3069 οὐχ⁸

2188 3071 2277 3126 ὅτι
2309 3069 2433 3128 δοῦ)
2449 3093 2507 3135 ος
2553 3076 2669 3128 οἷον
2729 3070 2898 3130 Δαϐῑδ
2959 3079 3074 3150 (85)
3120 3075 3268 3133 ἀλλᾶ
3323 3082 3428 3140 πᾶς
3460 3080 3489 3135 6
3521 3077 3653 3143 λαὸς
3685 3083 3713 3136 6
3745 3103 3855 3137 σω-

2193 3161 2422 3233 ζόμενος
2457 3159 2658 3226 δοῦλος
2715 3168 2872 3238 Θεοῦ,
2931 3163 3002 3221 δι’
3067 3166 3315 3236 ὑπακοὴν
3364 3165 3596 3239 ἐντολῆς
3643 3168 3855 3242 κεκληο

427 3231 650 3311 dientia
679 3257 977 3312 mandatis
1009 3231 1424 3328 prisstitaiDei
1449 3275 1652 3316 servus
1678 3231 1922 3317 vocatus
1968 3266 2079 3317 est.
2112 3231 2156 3298 ε
2199 3231 2383 3322 μέέος.

498 3343 664 3400 LXII.
695 3345 772 3400 Ab
799 3347 1027 3401 occultis
1054 3362 1191 3401 meis
1219 3348 1428 3402 munda
1457 3364 1544 3404 me
1563 3349 1649 3421 (f).
1678 3349 1899 3422 Nempe
1930 3368 1963 3406 a
1985 3369 2079 3408 co-

425 3432 816 3505 gitationibus
845 3440 1012 3490 extra
1043 3436 1329 3491 rationem
1355 3444 1599 3504 rectam,
1632 3456 1698 3494 ac
1727 3439 2074 3496 defectibus.

426 3521 653 3593 Quippe
681 3521 802 3578 haec
834 3540 868 3579 a
887 3523 1052 3593 justo
1085 3541 1326 3597 prorsus
1359 3526 1548 3583 aliena
1577 3544 1708 3584 esse
1729 3530 2006 3586 afﬁrmat.

500 3611 700 3666 LXIII.
730 3612 795 3666 Si
821 3614 932 3668 mei
960 3630 1073 3668 non
1102 3614 1318 3685 fuerint
1347 3618 1646 3685 dominati,
1695 3622 1826 3674 tunc
1875 3621 2077 3675 imma-

459 3700 644 3755 ulatus
667 3702 870 3772 ero(g).
887 3702 1315 3775 Perindequasi
1331 3706 1580 3762 dixisset
1602 3707 1719 3773 ille,
1739 3708 1796 3763 Si
1822 3711 1936 3764 mei
1961 3726 2076 3766 non

433 3789 724 3844 dominati
755 3791 995 3857 fuerint,
1024 3793 1124 3863 qui
1159 3809 1252 3850 me
1280 3801 1718 3866 persequuntur
1751 3797 1923 3854 sicuti
1966 3804 2074 3854 Do-

431 3875 683 3946 minum,
716 3894 831 3934 non
861 3895 958 3934 ero
993 3881 1431 3937 immaculatus.
1468 3882 1631 3938 Haud
1651 3886 1805 3940 enim
1836 3887 1892 3941 in
1921 3904 2076 3943 mar-

429 3969 625 4036 tyrum
657 3965 857 4021 album
889 3966 1151 4024 defertur
1181 3969 1336 4042 quis,
1372 3970 1428 4026 ni
1453 3973 1921 4042 persecutionem
1947 3991 2081 4046 pas-

429 4069 534 4109 sus
564 4053 757 4110 fuerit:
791 4072 982 4128 neque
1003 4058 1209 4129 justus
1242 4064 1486 4131 apparet
1511 4061 1668 4133 quis,
1699 4062 1756 4118 ni
1790 4063 2073 4133 injuriam

425 4160 662 4216 passus,
696 4145 976 4218 injuriam
1008 4147 1137 4220 ipse
1160 4165 1362 4221 parem
1401 4150 1559 4208 baud
1604 4152 1874 4212 retulerit
1905 4174 1919 4214 :
1968 4174 2074 4214 nec

425 4233 667 4291 demum
698 4234 955 4293 tolerans
976 4235 1292 4295 malorum.
1337 4281 1350 4295 .
1395 4283 1409 4298 .
1457 4281 1472 4298 .
1517 4283 1530 4297 .
1577 4285 1592 4299 .
1627 4284 1640 4298 .
1687 4286 1700 4299 .
1747 4285 1761 4301 .
1807 4285 1820 4299 .
1867 4287 1881 4302 .
1929 4288 1942 4304 .
1987 4287 1999 4302 .

2264 3341 2393 3396 ΞΒ’.
2451 3341 2546 3396 Ἐκ
2592 3346 2700 3397 τῶν
2759 3342 3003 3420 κρυφίων
3068 3365 3174 3416 μου
3235 3341 3530 3422 καθάρισὸν
3591 3367 3681 3420 με·
3738 3353 3848 3404 τῶν

2195 3424 2415 3482 ἐννοιῶν
2447 3433 2554 3484 τῶν
2585 3430 2730 3504 παρὰ
2774 3432 2865 3486 τὸν
2919 3431 3078 3508 ὀρθὸν
3114 3432 3300 3510 λόγον,
3332 3439 3441 3490 τῶν
3491 3435 3851 3512 ἐγκαταλειμ-

2193 3514 2400 3588 μάτων.
2433 3521 2618 3576 Ταῦτα
2646 3521 2748 3596 γὰρ
2781 3518 3053 3598 ἀλλότρια
3081 3519 3229 3598 λέγει
3263 3520 3496 3582 δικαίου.

2259 3608 2384 3663 ΞΓ.
2455 3609 2580 3665 Ἐὰν
2639 3611 2714 3683 μή
2781 3632 2886 3684 μου
2947 3612 3434 3687 κατακυριεόσωσι,
3494 3613 3617 3670 τότε
3672 3619 3833 3690 ἄμω-

2191 3715 2291 3766 μος
2321 3692 2536 3770 ἔσομαι·
2587 3696 2810 3768 ἐπίστης
2863 3704 2964 3772 τῷ,
3016 3700 3136 3759 Ἐάν
3189 3703 3266 3774 μή
3337 3725 3444 3776 μου
3493 3705 3849 3781 κατακυριεῦ-

2188 3804 2352 3839 σωσιν
2385 3787 2436 3841 οἱ
2482 3784 2774 3852 διώκοντές
2829 3810 2896 3862 με
2943 3789 3124 3863 ὥσπερ
3169 3792 3261 3847 τὸν
3315 3793 3538 3868 Κύριον,
3571 3794 3675 3850 οὐκ
3724 3791 3854 3852 ἔσο-

2191 3895 2287 3946 μαι
2344 3872 2601 3950 ἄμωμος·
2659 3877 2720 3933 οὐ
2777 3879 2878 3955 γὰρ
2934 3879 3139 3954 μάρτυς
3193 3881 3396 3956 γίνεταί
3449 3905 3555 3950 τις,
3616 3882 3704 3940 ἐὰν
3769 3887 3849 3960 μὴ

2188 3959 2427 4040 διωχθῖγ
2484 3965 2611 4022 οὐδὲ
2668 3964 2879 4031 δίκαιος
2931 3969 3196 4048 φαίνεται,
3229 3970 3342 4044 ἐὰν,
3403 3973 3481 4047 μὴ
3537 3959 3848 4046 ἀδικηθεὶς,

2190 4053 2266 4126 μή
2301 4051 2658 4132 ἀνταδικήσῃ·
2690 4055 2816 4113 οὐδὲ
2848 4059 2955 4132 μὴν
2981 4059 3292 4130 ἀνεξίκακος
3323 4063 3459 4137 (86).
3541 4107 3554 4120 .
3637 4107 3650 4120 .
3734 4107 3747 4120 .
3837 4108 3851 4122 .

559 4423 623 4482 Ρ.
653 4423 760 4480 995
787 4424 902 4483 ΕΙ).
936 4425 1240 4484 POTTER.
1272 4428 1351 4502 (a)
1381 4429 1534 4488 Psal.
1594 4449 1754 4504 xvm,
1787 4437 1842 4492 8.
1874 4436 1952 4509 (ὁ)
2005 4437 2077 4494 J0

2216 4454 2276 4508 ιι,
2311 4439 2366 4497 3.
2421 4440 2491 4514 (ο)
2547 4440 2706 4500 Psal.
2761 4460 2922 4512 xvm,
2983 4446 3050 4501 10
3106 4446 3179 4519 (ά)
3240 4447 3389 4505 Ibid.
3444 4448 3530 4506 12.
3568 4449 3641 4523 (ι)
3693 4449 3854 4521 Psal,

426 4535 585 4591 cxiii,
621 4524 708 4580 16.
742 4524 810 4597 (Ι)
839 4523 994 4582 Psal.
1025 4542 1188 4596 xvm,
1225 4527 1309 4582 13.
1346 4530 1424 4601 (g)
1457 4530 1604 4587 Ibid.
1641 4533 1727 4588 14.

499 4699 614 4799 (6:3)
671 4699 732 4756 Ὁ
787 4701 983 4799 νόμοξ.ἱ
1030 4705 1128 4799 1:106
1185 4707 1319 4799 Θξρῦ
1359 4705 1630 4799 ’ἄμωμος
1701 4709 1874 4799 Vulg.
1930 4711 2078 4769 Bibl.

2205 4717 2293 4799 iur
2323 4715 2382 4799 in
2409 4717 2654 4799 _eisdem
2695 4721 2983 4799 eger-ptis
3028 4722 3424 4799 fragmentum
3476 4727 3851 4799 psalmixnr,

430 4772 874 4852 psalmo_xv1,ri
927 4773 984 4826 Ὀ
1005 4774 1184 4852 νόμος
1231 4772 1454 4852 Κυρίου
1501 4778 1757 4852 ἄμωμος.
1792 4772 2079 4842 εἲωυιιο.

501 4844 614 4924 (ξᾶ)
643 4843 890 4924 Τοῦτο...
932 4842 1358 4919 Δεδικαιωμὲνὰ.
1411 4842 1549 4906 Haec.
1594 4842 1934 4924 parenthesi
1985 4858 2082 4913 in-

429 4915 724 4972 clndonda
751 4923 913 4972 sunt.

486 4987 609 5111 £85)
643 4986 849 5048 Δοῦλος
905 4986 1018 5043 οἷον
1077 4984 1266 5072 ῥαϐίδ.
1327 4996 1492 5049 Forte
1549 4990 1749 5058 ὃοῦλος
1797 4997 1893 5072 τῇν
1924 4999 1951 5052 ὁ
1984 5006 2082 5053 Δα-

424 5050 479 5130 ϐί
523 5074 752 5128 ,servus
803 5065 921 5116 erat
950 5061 1141 5118 David.
1195 5063 1302 5130 Qui
1358 5081 1488 5120 mox
1530 5069 1801 5130 sequitur
1853 5071 2018 5128 locus
2049 5088 2081 5126 θ

424 5085 752 5128 υιυ,δσγυῑιδ
803 5085 921 5116 erat
950 5085 1141 5118 uavw.
1195 5085 1301 5130 υυι
1358 5085 1488 5120 mox
1530 5085 1801 5139 sequitur
1853 5085 2018 5128 locus
2049 5088 2081 5126 θ

423 5128 577 5258 ξειτὶ
605 5131 906 5203 concione,
941 5133 1156 5190 citatus
1197 5135 1372 5191 etiam
1401 5153 1603 5211 supra,
1639 5157 1694 5213 p.
1732 5142 1832 5196 168
1863 5147 1920 5198 et
1951 5143 2076 5198 154.

467 5217 721 5258 YLBURG.

467 5217 1034 5355 ΥίὲἓδῗῆςᾸνεξίκφεοςη
1089 5280 1152 5334 In
1213 5281 1501 5355 excerptis
1549 5284 1916 5355 Augustanis
1975 5286 2074 5342 iti-

424 5345 557 5401 dem
590 5361 800 5404 manca
818 5353 910 5406 est
933 5349 1268 5421 hujusxvm
1289 5345 1501 5425 psalmi
1525 5345 1839 5412 enarratio-
1864 5357 2073 5432 Sequi-

2194 4785 2302 4874 ξὶρο
2332 4787 2622 4874 videlicet,
2649 4795 2715 4874 lat
2848 4785 3069 4874 notavit
3091 4785 3326 4870 ςἯιῦριε,
3363 4785 3541 4874 σῷσον
3567 4785 3854 4874 τὸν-βασις

2190 4855 2308 4941 λξα,
2341 4859 2588 4941 τουτέστι
2617 4859 2711 4941 τὸν
2747 4860 2831 4941 neis
2884 4855 3110 4941 βασιλέα
3147 4855 3522 4941 Δκεχρισμένον
3549 4940 3552 4941 ν
3579 4855 3735 4926 λαόν.
3770 4871 3854 4928 0'3

2225 4927 2307 5014 alo
2333 4929 2622 5015 μτᾶγονντὲν
2664 4927 2851 5015 ᾼαϐίδ.
2884 4927 2980 5015 ᾉιὸ
3009 4936 3099 5015 καὶ
3141 4927 3371 5015 ἐπείγει(
3395 4941 3492 4996 Καὶ
3541 4927 3851 5015 ἐπάκουσον

2225 4949 2287 5002 αρ
2333 4951 2498 5000 μονον
2530 4952 2622 4986 τον
2664 4949 2851 4988 Accio.
2887 4949 2980 4990 Διο
3009 4949 3099 4990 καί
3141 4949 3347 5015 επαγει·
3395 4949 3492 4996 Καὶ
3541 4949 3851 4998 ἐπάκουσον

2187 4949 2458 5094 ing—p.61er
2560 5002 2619 5057 ἂν
2663 5005 2846 5094 ἠεμὲρᾳ
2895 5005 3354 5094 ἐπικαλεσιὺμεθά
3397 5033 3475 5094 as_.
3508 5014 3619 5094 Τὸῌ
3639 5008 3852 5094 ἀναϐῆ-

2186 5091 2271 5124 ναι
2322 5071 2408 5161 ἐπξ
2455 5071 2554 5161 τὴν
2583 5071 2835 5161 agemus:
2855 5079 2917 5132 1:6
2949 5071 3256 5161 καλὸνᾳὺπρ
3287 5071 3652 5161 τῆςΑΓραφῆς
3682 5071 3852 5161 λέγέ-

2183 5163 2295 5232 ται,
2316 5145 2404 5232 κηαὶ
2434 5146 2497 5201 τὸ
2528 5145 2747 5232 νικῆσαι
2777 5149 2876 5219 τήν
2907 5148 3086 5232 καλὴν
3122 5145 3849 5232 βουλήνξξριῑέᾲξπῖάῑέηα

2185 5219 2301 5273 sint
2324 5219 2620 5276 Clemente
2650 5237 2830 5294 penes
2861 5219 3152 5284 acutiores
3194 5219 3320 5285 esto
3356 5219 3675 5302 judicium.
3708 5219 3847 5288 ἕη-

2186 5305 2358 5346 Βυιια.
