4124 6442
1927 320 2406 447 FRAGME’NTA.

774 697 1929 852 GLEMENTIS
2065 699 3549 857 ALEXANDRINI

1772 979 2376 1076 FBAGMEN
2384 981 2563 1075 TA.

1202 1430 1820 1487 ADUMBRATIONES
1850 1430 1923 1486 IN
1955 1429 2272 1486 PRIOREM
2306 1429 2368 1486 D.
2422 1432 2632 1488 PETRI
2669 1433 3084 1490 EPISTOLAM.

524 1555 657 1633 Haec
685 1555 1184 1633 commentariola
1214 1556 1270 1610 in
1302 1555 1553 1633 priorem
1604 1555 1920 1633 Epistolam
1948 1556 2383 1633 canonicamS.
2430 1558 2604 1621 Petri,
2641 1558 2960 1633 Epistolam
3012 1560 3070 1633 S_.
3102 1560 3289 1623 Judie.
3324 1569 3379 1615 et
3408 1562 3556 1617 duas
3582 1562 3875 1633 Epistolas

458 1628 520 1700 Si.
552 1627 824 1697 Joannis,
856 1627 1242 1700 Cassiodorus
1272 1627 1896 1700 transtulissevidetur
1921 1628 2196 1700 ;rillorum
2221 1630 2461 1700 quidem
2483 1627 2892 1695 meminit,lib.
2919 1631 3247 1688 Divinarum
3271 1634 3584 1695 lectionum,
3618 1627 3718 1689 ubi
3759 1636 3868 1691 ait:

449 1699 791 1775 Clementem
846 1698 1304 1775 Alexandrinum
1352 1699 1652 1775 Epistolam
1701 1698 1755 1754 S.
1792 1699 1947 1755 Petri
1988 1698 2253 1775 primum,
2284 1702 2337 1775 S.
2389 1701 2588 1775 Joavis
2639 1706 2882 1773 primam
2934 1704 3247 1775 secundam,
3287 1709 3339 1761 et
3389 1704 3577 1761 Jacobi
3631 1708 3872 1770 (rectius

446 1770 652 1846 ludas),
678 1772 855 1846 Attico
874 1787 1125 1846 sermone
1144 1771 1471 1826 declarasse.
1511 1771 1683 1825 Addit
1708 1788 1901 1846 porro,
1921 1770 2086 1846 quod
2122 1773 2170 1846 s_i
2201 1773 2440 1846 quidem
2466 1770 2732 1829 Clemens
2763 1775 2841 1829 ibi
2870 1774 3053 1831 multa
3078 1770 3298 1846 quidem
3322 1778 3417 1831 sed
3442 1776 3749 1837 subtiliter,
3779 1778 3875 1833 sed

449 1842 646 1918 aliqua
676 1843 898 1918 incaute
927 1843 1144 1918 locutus
1171 1851 1268 1907 est,
1297 1846 1463 1918 seita
1495 1845 1810 1918 transferri
1821 1844 2015 1911 fecisse
2046 1846 2108 1898 in
2137 1842 2400 1918 Latinum
2431 1849 2513 1914 ut,
2544 1848 2783 1902 exclusis
2814 1842 3143 1917 quibusdam
3172 1847 3545 1918 offendicutis,
3573 1848 3873 1918 puriﬁcata

446 1914 701 1970 doctrina
728 1915 849 1982 eius
877 1916 1136 1990 securior
1163 1914 1336 1990 possit
1362 1914 1600 1990 hauriri.
1627 1985 1636 1990 _
1660 1914 1949 1990 Nimirum
1977 1930 2063 1990 _se
2115 1917 2441 1984 proﬁtetur,
2500 1934 2617 1990 non
2647 1923 2767 1990 tam
2824 1914 3164 1989 interpretis
3196 1914 3373 1990 quam
3435 1914 3715 1975 censoris
3732 1921 3870 1990 jure

451 2003 628 2061 usum
665 2004 679 2052 ;
720 1986 1066 2061 etpassimo
1098 1986 1321 2042 utinam
1355 1993 1413 2061 et
1444 1985 1754 2061 singulari,
1776 1986 2052 2061 esemplo.
2085 2002 2217 2041 cum
2244 2003 2469 2043 errores
2499 1988 2699 2045 libello
2753 1985 3092 2046 eximendos
3116 1985 3428 2061 satageret,
3464 1985 3873 2048 auctoritatem

493 2058 690 2134 enitus
720 2056 1129 2134 labefactasse.
1162 2062 1323 2134 Opus
1354 2058 1464 2134 hoc
1494 2056 1565 2134 in:
1590 2057 1967 2134 Bibliothecis
1994 2064 2258 2134 Patrum.
2278 2061 2389 2134 sub
2421 2061 2932 2134 Adumbrationum
2946 2062 3181 2118 nomine
3198 2056 3517 2133 comparet,
3553 2080 3669 2134 quo
3692 2063 3871 2119 titulo

474 2131 727 2204 sudatur
757 2145 791 2184 a
824 2129 1484 2204 Fabro‘St_apulensi,_in
1528 2131 1959 2204 Commentariis
2004 2130 2111 2204 _in‘
2135 2132 2401 2204 Epistolas
2451 2132 2767 2202 catholicas,
2801 2149 2973 2204 quem
3009 2133 3183 2189 etiam
3247 2129 3480 2189 titulum
3507 2129 3783 2189 sortitur
3811 2136 3871 2189 in

448 2201 648 2277 codice
671 2217 776 2256 ms.
809 2200 1210 2256 vetustissimo
1242 2201 1485 2277 omnobii
1520 2202 1573 2255 S.
1606 2201 1800 2277 Mariae
1830 2200 2049 2277 Montis
2080 2200 2203 2277 Dei,
2228 2203 2511 2277 referente
2539 2200 3067 2276 Philippo'Labbeo
3098 2207 3155 2261 in
3190 2206 3397 2262 Dissert
3420 2206 3547 2261 hist.
3579 2207 3652 2261 de
3680 2208 3868 2277 script.

448 2273 635 2328 eccles.
667 2277 850 2348 Hosce
880 2274 1339 2348 commentarios
1391 2277 1615 2342 partem
1652 2274 1837 2348 fuisse
1892 2271 2320 2348 Ὑποςτυπώσεῳν
2380 2271 2988 2348 (Σιθωθηιὶηὶίι-υωηθι
3018 2293 3123 2348 par
3152 2283 3242 2332 est
3271 2278 3505 2333 credere
3562 2271 3871 2333 Cassiodo-

452 2344 730 2420 rum,_qui
759 2343 1083 2420 στρωματέα
1110 2350 1505 2420 contemtorem
1539 2346 1747 2420 vertit,
1784 2343 2111 2398 ὑποτυπώσει

2224 2345 2670 2420 adumbrationes
2702 2343 3048 2404 reddidisse.
3082 2350 3161 2403 Ex
3218 2348 3423 2404 iisdem
3457 2350 3872 2420 Hypotyposeon

453 2415 712 2490 fontibus
744 2415 1500 2490 acéipimusl‘ragmentum
1537 2415 1683 2490 illud
1721 2434 1835 2472 non
1890 2419 2410 2490 contemnendum,
2444 2420 2596 2490 quod
2631 2420 2840 2475 Nicets
2872 2423 3087 2475 Catena
3115 2420 3295 2476 Grec.
3328 2422 3483 2475 Patr.
3504 2415 3577 2475 in
3632 2415 3769 2486 Ilob,
3801 2437 3871 2475 ex

450 2486 991 2561 Dodleiana‘nostra
1040 2486 1396 2561 bibliotheca
1423 2493 1559 2561 ante
1590 2488 1813 2561 aliquot
1843 2506 2029 2544 annos
2093 2505 2195 2561 per
2226 2486 2539 2545 Patricium
2572 2491 2809 2547 Jonium
2842 2492 3021 2557 edita,
3057 2492 3223 2547 nobis
3254 2492 3621 2549 conservavit
3654 2491 3785 2548 :cui
3816 2497 3875 2549 et

446 2558 549 2614 illa
581 2558 907 2615 succedunt
937 2576 1065 2632 qua:
1098 2559 1391 2616 habentur
1421 2560 1479 2615 in
1540 2564 1758 2617 Catena
1789 2560 1847 2616 in
1882 2558 2124 2629 Lucam,
2157 2577 2335 2633 quam
2389 2564 2703 2619 Corderius
2735 2563 2935 2621 Latine
2964 2564 3167 2622 edidit.
3204 2565 3363 2621 FILL.

525 2858 679 2915 868
732 2857 872 2930 Cap.
911 2875 951 2927 ι,
976 2874 1127 2915 vers.
1159 2857 1214 2913 3.
1248 2888 1315 2899 -—-
1340 2857 1670 2915 Benedictus
1697 2859 1838 2915 Deus
1864 2867 1918 2915 et
1942 2860 2109 2915 Pater
2140 2862 2192 2927 Α
2220 2862 2319 2915 tur
2348 2862 2615 2931 spiritus,
2648 2868 2925 2935 operatur
2951 2865 3263 2921 Dominus.
3298 2865 3435 2934 Quae
3471 2882 3637 2923 nunc.
3686 2867 3882 2937 inquit

454 2949 686 3004 Domini
715 2950 895 3005 nostri
922 2949 1046 3005 Jesu
1077 2947 1302 3015 Christi,
1335 2947 1435 3018 qui
1458 2964 1567 3020 per
1591 2965 1855 3017 magnam
1886 2949 2107 3005 miseri-

447 3036 694 3094 cordiam
713 3053 877 3093 suam
905 3038 1251 3105 regeneravit
1281 3052 1396 3093 nos.
1432 3037 1488 3092 Si
1546 3036 1763 3092 etenim
1796 3037 1952 3093 Deus
2001 3055 2109 3094 nos

450 3127 656 3202 genuit
676 3144 743 3184 ex
763 3128 1030 3194 materia,
1057 3131 1258 3200 postea
1278 3144 1411 3184 vero
1435 3129 1760 3184 secundum
1782 3129 2108 3199 profectum

448 3217 580 3274 vita:
611 3217 995 3290 regeneravit.
1032 3221 1197 3273 Pater
1241 3216 1466 3273 Domini
1494 3217 1674 3273 nostri
1701 3233 1801 3288 per
1857 3234 2109 3274 resurre-

446 3309 686 3364 ctionem
715 3325 734 3361 :
763 3308 891 3363 Jesu
921 3304 1129 3362 Christi
1155 3323 1177 3368 ;
1195 3309 1522 3362 secundum
1553 3306 1728 3361 ﬁdem
1753 3310 2000 3362 vestram
2020 3324 2110 3363 re-

449 3395 750 3469 surgentis
782 3395 841 3451 in
880 3395 1071 3450 nobis.
1135 3394 1297 3451 Sicut
1329 3411 1360 3451 e
1389 3394 1681 3451 contrario
1737 3396 1989 3451 moritur
2046 3396 2106 3453 in

454 3485 647 3553 nobis,
681 3485 738 3541 id
768 3488 970 3541 nostra
1022 3484 1370 3541 inﬁdelitate
1427 3484 1697 3541 faciente.
1726 3484 1959 3541 Dicebat
2003 3502 2105 3540 au-

449 3578 567 3631 tem
600 3574 841 3640 iterum,
872 3590 1175 3645 nunquam
1208 3572 1416 3629 reverti
1466 3574 1727 3629 secundo
1777 3574 1849 3628 ad
1895 3590 2109 3646 corpus

452 3664 715 3720 animam
742 3663 802 3718 in
835 3663 943 3720 hac
968 3663 1124 3731 vita;
1161 3679 1350 3735 neque
1384 3662 1667 3733 injustam
1692 3662 1817 3718 ﬁeri
1848 3679 1976 3735 qua
2001 3681 2108 3719 an-

452 3753 635 3824 gelica
670 3754 823 3809 facta
853 3756 963 3820 est,
1019 3768 1209 3823 neque
1238 3751 1579 3824 malignam,
1616 3768 1685 3808 ne
1707 3751 1919 3808 iterum
1953 3769 2112 3808 occa-

455 3842 681 3900 sionem
716 3840 997 3913 peccandi
1030 3858 1133 3913 per
1148 3844 1582 3914 susceptionem
1614 3841 1810 3897 carnis
1833 3841 2109 3913 accipiat:

457 3932 516 3987 in
551 3931 984 3988 resurrectione
1033 3935 1252 3999 autem,
1313 3935 1626 4002 utramque
1660 3930 1716 3984 in
1749 3947 1963 4002 corpus
2021 3947 2114 3986 re-

451 4020 621 4089 verti,
678 4020 1124 4091 conjunguntur
1155 4019 1389 4076 sibimet
1419 4018 1666 4075 invicem
1716 4021 1888 4090 juxta
1924 4036 2114 4093 genus

451 4108 779 4183 proprium,
835 4108 1163 4165 secundum
1198 4107 1681 4180 compositionem
1749 4108 1994 4165 alterius
2051 4125 2115 4164 se

2218 2952 2291 3017 (ν.
2319 2950 2427 3021 12),
2450 2954 2786 3008 annuntiata
2799 2961 2930 3008 sunt
2980 2954 3127 3008 vobis
3146 2970 3246 3023 per
3263 2970 3357 3010 eos
3394 2954 3492 3026 qui
3514 2954 3661 3009 vobis
3696 2972 3877 3010 evan-

2216 3039 2617 3106 gelizaverunt.
2649 3040 2877 3108 Vetera,
2911 3041 3125 3113 inquit,
3156 3059 3283 3113 quas
3314 3059 3416 3114 per
3441 3044 3755 3115 prophetas
3798 3047 3877 3100 fa-

2218 3133 2307 3182 cta
2338 3133 2481 3183 sunt
2510 3134 2569 3184 et
2627 3128 2910 3199 plurimos
2941 3130 3143 3197 latent,
3183 3148 3339 3187 nunc
3404 3132 3570 3188 vobis
3627 3132 3881 3189 revelata

2218 3222 2360 3273 sunt
2391 3232 2490 3288 per
2546 3217 2957 3290 evangelistas.
2994 3220 3160 3275 Vobis
3186 3223 3357 3283 enim,
3409 3221 3607 3292 inquit
3661 3220 3876 3290 (ibid.),

2217 3307 2517 3377 manifesta
2546 3316 2675 3362 sunt
2692 3323 2790 3377 per
2818 3307 3092 3380 Spiritum
3120 3313 3378 3364 sanctum
3407 3312 3505 3380 qui
3530 3310 3734 3364 missus
3776 3312 3874 3364 est:

2218 3394 2329 3450 hoc
2359 3401 2449 3451 est
2497 3396 2889 3459 Paraclatum,
2922 3399 2993 3452 de
3022 3414 3137 3466 quo
3198 3398 3477 3453 Dominus
3508 3397 3655 3453 dixit
3698 3415 3711 3451 :
3758 3399 3877 3453 Nisi

2221 3499 2321 3552 ego
2345 3487 2558 3553 abiero,
2591 3485 2693 3540 ille
2710 3501 2820 3541 non
2851 3486 3143 3558 veniet(a).
3176 3491 3242 3541 In
3271 3504 3429 3559 quem
3469 3489 3875 3558 concupiscunt,

2219 3574 2414 3645 inquit
2444 3575 2656 3646 (ibid.),
2683 3578 2877 3645 angeli
2897 3578 3207 3648 prospicere
3238 3597 3250 3646 ;
3277 3595 3391 3633 non
3416 3576 3607 3648 angeli
3639 3582 3877 3649 aposta-

2222 3668 2314 3727 ιω,
2335 3664 2490 3720 sicut
2511 3666 2751 3736 plurimi
2789 3667 3207 3739 suspicantur;
3232 3668 3333 3723 sed
3379 3668 3532 3738 quod
3557 3682 3757 3722 verum
3789 3670 3881 3721 est

2221 3769 2288 3809 ac
2316 3752 2603 3823 divinum,
2635 3754 2824 3825 angeli
2856 3755 2958 3826 qui
3006 3756 3347 3812 desiderant
3375 3756 3702 3828 profectum
3746 3771 3875 3825 per-

2225 3842 2498 3899 fectionis
2529 3842 2688 3899 illius
2734 3844 3007 3916 adipisci.
3032 3846 3347 3915 Sanguine,
3409 3843 3603 3915 inquit
3632 3855 3705 3913 (v.
3768 3842 3878 3913 19),

2222 3931 2485 4001 pretioso,
2516 3931 2659 3987 sicut
2690 3933 2829 4001 agni
2857 3936 3295 3989 incontaminati
3320 3938 3371 3990 et
3402 3932 3772 3989 immaculati.

2222 4024 2327 4076 Hic
2358 4021 2545 4090 tangit
2592 4021 2876 4077 Leviticas
2894 4028 2951 4078 et
2998 4023 3391 4079 sacerdotales
3421 4023 3699 4091 antiquas
3730 4022 3878 4079 cele-

2224 4110 2521 4166 brationes
2553 4126 2566 4164 :
2598 4110 2892 4180 signiﬁcat
2922 4118 3119 4167 autem
3152 4114 3411 4167 animam
3457 4112 3740 4166 mundam
3774 4127 3879 4182 per

451 4200 710 4272 quadam
743 4198 1133 4269 congruentia
1179 4202 1519 4270 coaptantes
1553 4197 1706 4254 sicut
1745 4214 1983 4270 sagena,
2024 4197 2109 4254 vel
2144 4234 2190 4298 Β
2214 4199 2531 4271 justitiam,
2592 4216 2717 4271 quae
2766 4200 3011 4256 oil'ertur
3039 4200 3176 4256 Deo.
3235 4202 3572 4269 Przeogniti
3626 4199 3870 4272 quidem,

456 4287 760 4345 aediﬁcatio
779 4286 1066 4360 lapidum.
1084 4288 1394 4359 PrOpterea
1420 4291 1628 4343 Petrus
1646 4288 1841 4358 inquit
1859 4288 2007 4359 (cap.
2041 4305 2105 4353 ιι,

454 4392 510 4433 v.
541 4378 635 4447 5):
660 4379 723 4433 Et
754 4392 844 4433 vos
874 4376 982 4448 ipsi
1009 4379 1154 4433 sicut
1183 4376 1392 4450 lapides
1420 4378 1534 4432 vivi
1574 4376 1948 4446 aediﬁcamini
2002 4378 2104 4432 do-

463 4483 586 4523 mus
630 4467 908 4539 spiritalis
942 4467 1318 4531 :custodium
1352 4466 1577 4523 scilicet
1625 4465 1684 4520 in
1735 4466 1863 4522 caeli
1912 4468 2107 4523 locum

458 4556 803 4630 signiﬁcans
834 4555 993 4613 sedis
1052 4544 1349 4628 angelicis.
1380 4558 1447 4611 In
1476 4572 1593 4624 vos,
1627 4555 1825 4627 inquit
1881 4556 2031 4627 (cap.
2067 4572 2108 4624 ι,

457 4663 513 4703 v.
538 4646 595 4715 5,
624 4646 705 4719 6),
729 4646 829 4718 qui
857 4646 1070 4701 virtute
1112 4646 1217 4701 Dei
1243 4643 1651 4700 conservamini
1694 4644 1802 4715 ﬁde
1830 4661 1894 4700 ac
1921 4661 2113 4717 specu-

463 4736 694 4804 latione,
722 4736 1045 4808 precepturi
1071 4734 1242 4804 ﬁnem
1279 4734 1413 4806 ﬁdei
1442 4738 1637 4791 vestrm
1665 4735 1989 4788 animarum
2019 4751 2113 4788 sa-

463 4825 655 4884 lutem.
688 4825 840 4882 Hinc
895 4828 1139 4898 apparet
1168 4824 1449 4897 quoniam
1484 4841 1595 4880 non
1627 4827 1717 4879 est
1770 4824 2117 4881 naturaliter

457 4915 660 4973 anima
688 4913 1178 4986 incorruptibilis,
1221 4915 1321 4969 sed
1374 4913 1561 4987 gratia
1592 4913 1692 4968 Dei
1729 4928 1830 4984 per
1860 4913 2032 4968 ﬁdem
2059 4919 2116 4970 et

448 5005 776 5076 justitiam,
794 5008 853 5059 et
872 5020 974 5076 per
990 5003 1353 5059 intellectum
1380 5002 1677 5075 perﬁcitur
1694 5002 2116 5074 incorruptibi-

455 5093 550 5151 lis.
584 5095 659 5149 De
692 5109 802 5166 qua
858 5093 1038 5148 salute
1094 5092 1288 5164 inquit
1343 5093 1423 5163 V).
1488 5093 1592 5157 10).
1650 5091 2009 5164 exquiserunt
2063 5094 2117 5148 et

457 5184 694 5239 scrutati
721 5184 851 5237 sunt
895 5182 1200 5254 propheta,
1258 5186 1314 5237 et
1343 5184 1547 5236 caetera
1578 5197 1706 5252 quae
1760 5188 2115 5252 sequuntur.

460 5272 800 5328 Declaratur
825 5287 928 5344 per
957 5271 1089 5336 hoc,
1122 5287 1252 5326 cum
1281 5269 1571 5341 sapientia
1591 5269 1813 5325 locutos
1844 5287 1969 5326 esse
1991 5287 2119 5342 pro-

458 5360 688 5433 phetas,
723 5364 782 5416 et
808 5359 1085 5432 spiritum
1117 5358 1175 5413 in
1209 5358 1293 5415 eis
1324 5358 1540 5413 Christi
1576 5358 1758 5413 fuisse
1790 5360 2116 5414 secundum

456 5449 893 5524 possessionem
928 5452 985 5503 et
1001 5447 1430 5519 subjectionem
1462 5447 1701 5517 Christi,
1734 5464 1834 5517 per
1879 5448 2121 5503 archan-

459 5538 622 5613 gelos
643 5537 804 5596 enim
829 5542 888 5595 et
908 5535 1272 5611 propinquos
1292 5535 1531 5610 angelos
1553 5535 1654 5610 qui
1676 5535 1893 5594 Christi
1905 5554 2120 5593 vocan-

2222 4288 2414 4358 inquit
2434 4288 2509 4359 (v.
2535 4289 2649 4358 20),
2707 4293 2837 4343 ante
2883 4291 3338 4345 constitutionem
3398 4289 3625 4343 mundi.
3677 4288 3872 4345 Primo

2223 4376 2443 4447 quippe
2486 4378 2882 4448 praecognitus
2913 4381 3047 4432 ante
3080 4394 3312 4433 omnem
3346 4382 3675 4433 creaturam
3714 4378 3870 4448 quod

2224 4469 2348 4521 erat
2375 4464 2663 4520 Christus.
2710 4464 3051 4535 Manifestati
3095 4474 3279 4521 autem
3307 4468 3369 4521 in
3412 4466 3743 4536 novissimis,
3778 4481 3881 4538 per

2224 4558 2566 4626 generatum
2599 4571 2833 4625 corpus.
2868 4555 3191 4624 Regenerati
3224 4572 3333 4611 non
3358 4571 3428 4612 ea:
3455 4555 3665 4611 semine
3684 4572 3879 4611 corru-

2225 4644 2415 4716 ptibili
2441 4645 2516 4711 (v.
2548 4643 2662 4714 23).
2713 4643 3121 4716 Corruptibilis
3168 4645 3350 4716 igitur
3396 4650 3487 4701 est
3516 4645 3712 4701 anima
3752 4661 3879 4716 qua

2228 4751 2360 4790 cum
2393 4750 2633 4805 corpore
2665 4734 2842 4790 simul
2878 4737 3275 4806 profunditur,
3296 4741 3360 4792 ut
3380 4737 3620 4808 quidam
3652 4741 3877 4803 putant.

2234 4824 2460 4880 Verbum
2492 4834 2675 4879 autem
2734 4824 2977 4888 Domini,
3012 4825 3208 4898 inquit
3228 4826 3301 4897 (v.
3335 4827 3451 4897 25),
3506 4835 3792 4897 permanet
3822 4825 3885 4881 in

2229 4918 2498 4970 a’ternum
2529 4931 2550 4975 ;
2581 4916 2706 4968 tam
2760 4914 3068 4986 prophetia
3128 4932 3303 4986 quam
3360 4915 3554 4971 divina
3595 4915 3883 4970 doctrina.

2229 5004 2384 5073 (Cap.
2445 5018 2506 5072 ιι,
2538 5020 2591 5058 v.
2619 5004 2673 5073 6)
2711 5019 2723 5058 :
2762 5004 2855 5059 Vos
2903 5014 3085 5061 autem
3148 5021 3320 5075 genus
3374 5007 3626 5073 electum,
3704 5005 3888 5077 regale

2229 5092 2613 5149 sacerdotium.
2665 5093 2948 5158 Quoniam
2982 5111 3116 5149 vero
3146 5093 3395 5151 electum
3429 5111 3615 5166 genus
3674 5110 3884 5149 sumus

2231 5181 2330 5238 Dei
2362 5180 2667 5247 electione,
2728 5184 2960 5238 abunde
2993 5182 3215 5237 clarum
3263 5187 3371 5238 est.
3416 5181 3628 5254 Regale
3683 5187 3882 5238 autem

2231 5269 2493 5337 dixit,>X<
2531 5270 2812 5342 quoniam
2869 5271 2938 5325 ad
2998 5287 3245 5343 regnum
3295 5270 3482 5327 vocati
3537 5287 3771 5337 sumus,
3829 5275 3888 5327 et

2232 5376 2442 5414 sumus
2524 5359 2764 5415 Christi.
2871 5360 3274 5415 Sacerdotium
3371 5365 3566 5415 autem
3649 5365 3889 5433 propter

2232 5447 2586 5504 oblationem
2622 5464 2751 5521 quae
2784 5448 2847 5504 ﬁt
2867 5448 3230 5505 orationibus
3261 5452 3317 5505 et
3338 5448 3642 5515 doctrinis,
3665 5450 3885 5523 quibus

2233 5537 2625 5611 acquiruntur
2652 5539 2863 5595 anima
2892 5555 3021 5611 quae
3071 5539 3396 5597 offeruntur
3424 5538 3562 5597 Deo.
3623 5540 3732 5611 Qui
3754 5556 3883 5597 cum

535 5718 601 5785 ιιι
626 5723 689 5777 ιι.
718 5718 827 5776 996
854 5717 968 5777 BD.
1001 5716 1299 5775 POTI‘ER.
1330 5717 1407 5790 (a)
1438 5716 1607 5775 Joan.
1639 5733 1756 5789 xvx,
1783 5716 1838 5774 7.
1860 5715 1925 5781 ιιι
1952 5722 2016 5774 P.
2044 5716 2153 5773 997
2180 5718 2297 5777 RD.
2351 5718 2651 5777 POTTER.
