4124 6466
257 405 368 464 73i-

1486 417 1824 475 cumsns
1863 400 2428 473 ALEXANDRINUS

3568 372 3680 458 732'

262 534 690 593 malediccretur
714 537 911 610 inquit
943 538 1016 610 (v.
1050 538 1184 612 (23),
1215 557 1327 596 non
1361 542 1765 603 maledicebat:
1793 557 1917 597 cum
1949 540 1996 607 Α
2033 540 2133 596 hoc
2165 541 2313 595 enim
2335 548 2386 596 et
2439 539 2674 595 mortuis
2730 534 3171 609 evangelizatus,
3202 534 3298 601 est,
3358 529 3528 588 nobis
3576 529 3677 604 qui

263 634 567 693 pateretur,
604 642 711 681 non
738 629 1198 684 comminabatur.
1263 633 1543 687 Dominus
1572 632 1681 687 hoc
1714 631 1917 703 utique

267 729 371 787 per
401 715 720 770 bonitatem
744 720 917 788 atque
941 718 1303 787 patientiam.
1337 722 1602 777 Tradebat
1621 725 1807 777 autem
1828 723 1919 792 ju-

266 802 481 858 dicanti
502 819 557 859 se
585 805 797 874 injuste
854 802 1066 877 (ibid.),
1109 808 1228 863 sive
1280 811 1687 883 semetipsum,
1723 814 1787 865 ut
1841 810 1920 865 sit

268 891 630 965 hyperbaton
669 894 772 949 hoc
822 896 996 952 modo
1028 914 1089 951 se
1110 897 1334 955 habens
1366 901 1675 956 :tradebat
1723 908 1915 954 autem

268 982 653 1052 semetipsum
681 984 1004 1039 secundum
1040 986 1322 1056 injustam
1364 988 1552 1059 legem
1592 987 1923 1061 judicanti-

269 1070 414 1139 bus;
451 1072 589 1141 quia
616 1071 843 1126 inutilis
874 1073 991 1128 illis
1023 1081 1384 1148 erat,utpote
1409 1080 1612 1149 justus
1632 1079 1916 1134 existens:

265 1159 355 1214 vel
388 1160 657 1216 tradebat
703 1167 820 1217 Deo
878 1163 1098 1232 iniuste
1146 1166 1503 1236 judicantes,
1539 1168 1592 1222 id
1655 1185 1754 1225 eos
1820 1169 1920 1238 qui

266 1263 399 1304 eum
427 1249 790 1321 nequissime
812 1252 1302 1325 condemnabant,
1335 1261 1393 1312 et
1422 1258 1603 1329 gratis
1635 1258 1758 1313 neci
1793 1258 1921 1329 ejus

265 1338 589 1408 instabant,
632 1345 697 1395 ut
753 1340 1038 1413 supplicia
1092 1347 1503 1419 perpetientes,
1551 1348 1918 1403 erudiantur.

269 1429 384 1497 Qui
412 1428 565 1483 enim
594 1429 714 1484 vult
759 1434 949 1501 vitam,
1010 1433 1205 1505 inquit
1234 1435 1387 1507 (cap.
1445 1453 1533 1501 ιη,
1564 1453 1618 1491 v.
1675 1437 1741 1491 t0
1784 1436 1917 1492 dili-

268 1532 414 1588 gere,
448 1525 499 1572 et
526 1519 716 1574 videre
742 1518 857 1574 dir:
888 1521 1051 1576 bonos
1083 1543 1095 1589 ;
1122 1522 1231 1578 hoc
1262 1529 1353 1580 est
1383 1524 1482 1596 qui
1514 1525 1643 1580 vult
1670 1530 1924 1582 aeternus

270 1609 327 1659 et
349 1605 816 1677 incorruptibilis
841 1607 984 1663 ﬁeri.
1017 1607 1210 1665 Vitam
1231 1628 1390 1681 vero,
1422 1611 1738 1667 Dominum
1763 1612 1923 1683 dicit;

271 1693 399 1750 dies
430 1700 623 1751 autem
660 1697 863 1764 bonos,
911 1697 1020 1753 hoc
1065 1703 1156 1755 est
1185 1705 1423 1757 sanctos
1455 1702 1595 1770 Quia
1640 1702 1807 1769 oculi,
1842 1701 1925 1756 in-

274 1782 403 1854 quit
447 1784 519 1855 (ν.
554 1785 664 1857 tt),
701 1787 920 1842 Domini
973 1804 1136 1859 super
1154 1790 1355 1861 justos,
1412 1794 1465 1846 et
1512 1805 1679 1847 aures
1706 1792 1827 1863 ejus
1865 1805 1927 1845 in

2024 631 2322 702 quondam
2350 628 2619 685 videlicet
2636 627 3014 705 exstabamus
3045 622 3334 679 inﬁdeles.
3353 623 3413 680 Ut
3428 620 3678 695 judicen-

2024 727 2121 776 tur
2149 719 2373 792 quidem
2394 718 2699 776 secundum
2747 717 3045 782 hominem,
3086 713 3282 784 inquit
3349 710 3489 785 (ibid
3522 710 3560 781 ).
3618 713 3680 766 in

2026 827 2209 875 carne,
2232 813 2424 865 vivant
2452 816 2638 864 autem
2668 804 2969 862 secundum
2999 809 3175 860 Deum
3191 801 3254 857 in
3283 802 3508 873 spiritu.
3533 799 3682 865 Quia

2028 918 2060 956 a
2092 901 2206 955 ﬁde
2237 898 2511 955 videlicet
2568 896 2947 964 exciderunt;
2979 894 3118 948 dum
3167 891 3362 947 adhuc
3389 890 3447 945 in
3507 905 3682 945 carne

2027 995 2189 1053 sunt,
2226 988 2565 1045 iudicantur
2594 986 2917 1042 secundum
2950 981 3176 1055 judicia
3207 978 3592 1053 praecedentia
3617 981 3685 1035 ut

2027 1080 2368 1152 pmniteant.
2406 1076 2628 1131 idcirco
2663 1092 2676 1129 :
2716 1072 3028 1139 subnectit,
3063 1071 3263 1127 dicens
3295 1086 3310 1125 :
3375 1069 3575 1124 Vivont
3623 1069 3685 1123 in

2026 1172 2240 1243 spiritu
2289 1166 2587 1223 secundum
2620 1166 2806 1221 Deum.
2838 1161 2931 1217 Sic
2962 1160 3179 1217 Paulus
3226 1174 3497 1232 quoque;
3543 1174 3681 1214 nam

2031 1264 2088 1316 et
2120 1259 2246 1329 ipse
2280 1257 2396 1313 tale
2426 1255 2648 1327 aliquid
2709 1253 2853 1309 dicit
2891 1268 3063 1325 quem
3122 1249 3333 1305 tradidi
3363 1248 3683 1320 (inquiens)

2031 1349 2340 1414 Satanwmt
2369 1347 2515 1402 vivat
2545 1346 2747 1418 spiritu
2800 1343 2896 1412 (b).
2957 1339 3118 1413 (Cap.
3151 1356 3227 1408 ιν,
3263 1355 3314 1396 v.
3350 1339 3475 1409 10):
3531 1336 3684 1393 Sicut

2033 1438 2183 1501 boni,
2214 1435 2487 1492 videlicet
2516 1434 2914 1506 dispensatores
2942 1429 3316 1501 multiformis
3333 1427 3537 1500 gratiae
3566 1428 3683 1484 Dei.

2030 1526 2313 1583 Similiter
2341 1531 2399 1581 et
2426 1523 2641 1581 Paulus
2674 1540 2687 1579 :
2751 1519 3086 1593 Multifarie,
3140 1517 3358 1591 inquit,
3384 1525 3440 1574 et
3493 1517 3687 1572 multis

2031 1617 2209 1672 modis
2243 1617 2386 1671 Deus
2415 1615 2551 1670 olim
2579 1615 2790 1669 locutus
2820 1618 2897 1667 est
2924 1609 3178 1683 patribus
3204 1608 3408 1664 nostris
3421 1607 3516 1679 (c).
3548 1604 3689 1661 Gau-

2032 1704 2177 1769 dete,
2239 1702 2428 1773 inquit
2468 1702 2544 1774 (v.
2617 1700 2731 1771 13),
2806 1699 3273 1756 communicantes
3340 1694 3690 1768 passionibus

2037 1792 2244 1851 Christi
2279 1809 2290 1846 :
2324 1784 2433 1846 hoc
2464 1795 2553 1845 est
2608 1789 2655 1844 si
2679 1788 2828 1861 justi
2877 1786 3041 1858 estis,
3103 1789 3340 1859 propter
3386 1783 3687 1856 justitiam

273 1888 455 1974 preces
484 1889 694 1929 eorum.
720 1875 1137 1933 Multiformem
1164 1879 1415 1951 Spiritus
1438 1879 1621 1935 sancti
1656 1880 1926 1952 specula-
1952 1913 2000 1978 Β
2036 1882 2333 1956 patimini,
2362 1881 2515 1936 sicut
2562 1878 2829 1934 Christus
2882 1894 2984 1949 pro
3006 1873 3243 1947 justitia
3301 1890 3515 1978 passps
3573 1876 3685 1939 est,

272 1961 491 2017 tionem
548 1963 842 2036 signiﬁcat
877 1984 890 2021 :
933 1967 1114 2022 Vultus
1145 1973 1332 2025 autem
1362 1969 1585 2026 Domini
1637 1986 1804 2040 super
1829 1971 1922 2041 fa-

275 2052 476 2107 cientes
506 2054 758 2115 mala(v.
820 2055 928 2127 12),
994 2056 1101 2112 hoc
1139 2062 1229 2113 est
1285 2058 1405 2115 sive
1455 2059 1748 2131 judicium
1805 2059 1925 2114 sive

275 2140 443 2209 ultio,
503 2142 625 2198 sive
725 2144 1140 2201 manifestatio.
1212 2147 1510 2203 Dominum
1567 2164 1693 2205 vero
1768 2148 1924 2204 Chri-

273 2233 445 2297 stum,
476 2232 753 2301 inquittv.
812 2233 922 2303 15),
972 2237 1311 2307 sanctiﬁcata
1338 2236 1400 2293 in
1428 2237 1683 2293 cordibus
1710 2239 1925 2293 vestris.

277 2319 374 2377 Sic
404 2319 585 2376 habes
616 2321 791 2378 etiam
827 2323 883 2378 in
927 2324 1189 2381 oratione
1235 2325 1536 2382 Dominica
1561 2314 1583 2382 ε’
1607 2326 1929 2399 Sanctiﬁca-

281 2417 374 2466 tur
402 2426 622 2480 nomen,
656 2413 850 2483 inquit
888 2416 1047 2468 tuum
1099 2415 1202 2486 (a).
1236 2415 1482 2471 Christus
1538 2419 1709 2483 enim,
1738 2416 1933 2489 inquit

280 2499 354 2569 (v.
395 2499 503 2569 18),
534 2500 700 2555 semel
721 2517 820 2571 pro
846 2506 1081 2571 peccatis
1108 2503 1313 2560 nostris
1344 2511 1594 2561 mortuus
1621 2514 1719 2573 est,
1737 2509 1933 2577 justus

278 2603 381 2660 pro
411 2587 658 2658 injuslis,
695 2597 753 2644 ut
782 2606 879 2645 nos
916 2592 1134 2663 offerret
1162 2595 1299 2664 Deo,
1331 2595 1692 2665 mortiﬁcatus
1713 2595 1933 2667 quidem

282 2692 478 2742 carne,
499 2678 811 2748 vivi/iratus
841 2684 1024 2736 autem
1050 2683 1275 2753 spiritu.
1310 2682 1439 2738 Haec
1494 2684 1668 2739 ﬁdem
1727 2700 1928 2741 eorum

283 2766 556 2835 redigens
587 2766 746 2822 dicit.
810 2768 928 2824 Hoc
960 2773 1045 2825 est
1073 2788 1086 2826 :
1119 2771 1177 2826 in
1228 2773 1446 2827 nostris
1495 2773 1824 2829 viviﬁcatus
1846 2777 1933 2829 est

284 2854 615 2927 spiritibus.
640 2855 937 2927 Adeniens,
985 2859 1178 2931 inquit
1217 2861 1293 2932 (v.
1347 2862 1462 2931 20),
1490 2864 1827 2935 pra’dictwit
1855 2866 1936 2919 eis

284 2946 382 3017 qui
418 2945 692 3016 quondam
720 2956 889 3003 erant
912 2947 1192 3006 inereduli
1222 2952 1511 3024 ;speciem
1534 2952 1771 3024 quidem
1804 2954 1936 3025 ejus

287 3052 401 3091 non
435 3035 728 3105 viderunt,
761 3054 973 3095 sonum
1033 3056 1168 3096 vero
1194 3041 1349 3097 vocis
1405 3041 1738 3098 audierunt.
1800 3044 1935 3098 Cum

288 3125 543 3194 sustinet,
602 3125 791 3196 inquit
826 3126 1041 3201 (ibid.),
1101 3129 1205 3185 Dei
1251 3131 1666 3202 longanimitas.
1704 3133 1788 3188 Ita
1845 3137 1937 3189 est

287 3215 480 3270 bonus
511 3213 683 3278 Deus,
718 3218 783 3270 ut
810 3216 982 3272 etiam
1007 3234 1111 3289 per
1140 3220 1530 3277 eruditionem
1565 3221 1775 3277 salutis
1805 3236 1937 3293 ope-

2033 1973 2206 2037 Beati,
2240 1970 2435 2043 inquit
2465 1970 2541 2041 (v.
2577 1968 2685 2040 14),
2718 1966 2982 2040 quoniam
3010 1967 3108 2038 qui
3157 1973 3235 2021 est
3257 1966 3377 2037 ejus
3433 1962 3684 2029 honoris,

2027 2065 2079 2117 et
2107 2060 2340 2116 virtutis
2361 2060 2457 2115 Dei
2484 2056 2731 2130 Spiritus
2758 2070 2923 2128 super
2950 2070 3042 2111 uos
3056 2054 3371 2127 requiescit.
3395 2055 3517 2108 Hoc
3537 2066 3679 2123 pos—

2029 2151 2343 2216 sessivum,
2377 2151 2513 2222 ejus,
2547 2154 2600 2202 et
2641 2145 2970 2219 angelicum
3025 2142 3298 2217 spiritum
3333 2141 3631 2216 signiﬁcat
3662 2156 3676 2196 τ

2031 2238 2209 2312 gloria
2245 2239 2464 2312 quippe
2494 2236 2619 2307 Dei,
2652 2235 2735 2292 illi
2768 2240 2910 2291 sunt
2940 2251 3041 2307 per
3071 2249 3219 2307 quos
3252 2231 3577 2288 secundum
3612 2229 3685 2284 ﬁ-

2032 2331 2164 2386 dem
2198 2334 2257 2385 et
2276 2328 2571 2400 justitiam
2607 2325 2973 2399 gloriﬁcatur
3001 2323 3070 2378 ad
3098 2322 3349 2395 gloriam
3374 2318 3687 2376 honorabi-

2032 2419 2171 2487 lem,
2194 2418 2518 2473 secundum
2546 2413 3349 2488 profectumﬁntroductorum
3396 2408 3683 2466 ﬁdelium.

2036 2508 2229 2564 Potest
2250 2507 2427 2562 etiam
2486 2506 2570 2560 sic
2619 2502 2859 2574 intelligi
2913 2502 3161 2572 Spiritus
3194 2500 3295 2557 Dei
3347 2515 3515 2570 super
3539 2515 3686 2567 nos;

2033 2595 2146 2652 hoc
2177 2598 2285 2660 est,
2320 2594 2420 2666 qui
2462 2594 2785 2649 secunrlum
2840 2591 3012 2647 ﬁdem
3070 2590 3280 2647 anima:
3325 2587 3687 2662 supervenit,

2035 2685 2212 2742 veluti
2233 2688 2511 2741 venustas
2534 2683 2800 2756 quaedam
2818 2680 3031 2737 mentis
3052 2685 3108 2737 et
3128 2679 3309 2736 animi
3357 2676 3688 2751 pulchritu-

2037 2777 2131 2831 do.
2154 2775 2454 2844 Quoniam,
2486 2772 2678 2844 inquit
2708 2774 2781 2836 (v.
2809 2771 2921 2843 17),
2955 2775 3166 2843 tempus
3186 2769 3393 2842 judicii
3421 2766 3689 2823 inchoan-

2037 2865 2105 2923 di
2132 2863 2346 2920 adomo
2376 2862 2616 2919 Domini.
2672 2860 2774 2918 His
2818 2861 3000 2929 enim,
3060 2859 3119 2915 in
3181 2855 3693 2932 persecutionibus

2038 2952 2395 3021 constitutis,
2418 2951 2716 3023 judicium
2749 2953 3163 3023 consequetur.
3198 2949 3340 3005 Deus
3356 2951 3566 3015 autem,
3600 2947 3692 3002 in-

2039 3044 2166 3116 quit
2221 3044 2372 3115 (cap.
2435 3059 2491 3107 v,
2522 3058 2576 3096 v.
2604 3042 2713 3110 10),
2782 3041 2948 3097 totius
3002 3040 3216 3111 gratiae.
3247 3038 3449 3094 Totius
3491 3034 3693 3109 gratias

2037 3134 2204 3199 dixit,
2238 3131 2515 3205 quoniam
2538 3131 2731 3187 bonus
2753 3134 2864 3197 est,
2888 3133 2943 3184 et
2973 3129 3235 3186 omnium
3267 3129 3554 3185 bonorum
3586 3126 3696 3181 da-

2044 3228 2140 3279 tor
2168 3227 2255 3278 est
2286 3222 2429 3295 ipse.
2465 3220 2681 3277 Salutat
2713 3236 2803 3276 vos
2858 3218 3067 3274 Marcus
3093 3218 3247 3290 ﬁlius
3290 3232 3445 3273 meus
3474 3217 3549 3289 (v.
3586 3216 3694 3285 14).

288 3306 453 3359 retur
483 3303 774 3360 effectum.
821 3311 927 3361 Per
977 3283 1459 3379 resurrectionem,
1494 3310 1686 3383 inquit
1715 3311 1790 3383 (v.
1822 3283 1936 3380 it),
1966 3283 2009 3349 (ἶ
2051 3313 2282 3369 Marcus
2309 3283 2490 3367 -Petri
2562 3314 2834 3377 sectator,
2886 3283 3103 3382 palam'
3139 3283 3493 3380 pradicante
3530 3283 3701 3362 Petro

286 3394 419 3451 Iesu
449 3392 705 3463 Christi;
748 3394 973 3456 scilicet
988 3414 1116 3468 quae
1140 3400 1428 3470 perfidam
1451 3399 1510 3455 in
1535 3400 1706 3455 nobis
1737 3401 1941 3456 effecta

291 3491 402 3544 est.
437 3487 708 3561 Subjectis
731 3491 845 3546 sibi
872 3491 1084 3561 angelis
1125 3495 1203 3556 (v.
1233 3491 1347 3562 22),
1380 3490 1480 3561 qui
1513 3493 1653 3546 sunt
1708 3490 1939 3563 primus

292 3580 553 3635 ordo:et
574 3580 831 3636 subditis
875 3580 1287 3652 potestatibus,
1356 3579 1456 3652 qui
1511 3583 1648 3637 sunt
1696 3580 1938 3636 secundi

293 3668 520 3724 ordinis
547 3685 560 3725 :
593 3669 849 3725 subditis
867 3685 1097 3741 quoque
1110 3668 1451 3736 virtutibus,
1469 3660 1679 3741 quaead
1701 3670 1939 3726 tertium

292 3756 558 3813 ordinem
593 3759 881 3828 pertinere
912 3757 1301 3815 declarantur.
1340 3759 1448 3828 Qui
1474 3758 1717 3828 reddent,
1749 3759 1946 3833 inquit

291 3846 447 3921 (cap.
482 3863 561 3912 ιν,
593 3848 671 3917 5),
706 3850 978 3903 rationem
1035 3846 1089 3902 ei
1145 3849 1242 3918 qui
1293 3856 1534 3920 paratus
1576 3852 1655 3904 est
1688 3849 1948 3921 judicare

294 3938 449 3992 vivas
473 3940 526 3992 et
554 3941 816 3993 mortuos.
841 3936 909 3993 Hi
940 3938 1264 3993 secundum
1302 3955 1481 4008 pravo
1506 3939 1675 3994 'rntia
1718 3938 1949 4010 judicia

300 4026 671 4083 erudiuntur.
705 4025 790 4083 0b
811 4026 921 4083 hoc
951 4027 1125 4084 etiam
1151 4029 1464 4102 subjungit
1492 4032 1564 4101 (v.
1591 4030 1648 4102 6)
1674 4048 1686 4085 :
1719 4031 1951 4103 PrOpter

2049 3400 2427 3474 Evangelinm
2462 3400 2657 3456 Romae
2688 3415 2881 3457 coram
2937 3397 3291 3470 quibusdam
3344 3394 3704 3453 Cesareanis

2048 3491 2370 3563 equitibus,
2406 3495 2462 3546 et
2495 3489 2684 3545 multa
2715 3488 2928 3545 Christi
2962 3488 3303 3544 testimonia
3324 3485 3695 3561 proferente;

2051 3582 2285 3656 penitus
2318 3582 2388 3635 ab
2419 3579 2503 3635 eis
2528 3582 2591 3635 ut
2622 3583 3006 3651 possentquts
3028 3577 3378 3633 dicebantur
3405 3574 3704 3632 memorie

2051 3671 2486 3737 commendare,
2517 3668 2758 3741 scripsit
2779 3684 2848 3723 ex
2870 3667 2967 3723 his
2998 3684 3129 3739 qum
3152 3670 3323 3723 Petro
3355 3664 3511 3723 dicta
3542 3668 3710 3736 sunt,

2049 3760 2426 3834 Evangelium
2491 3759 2643 3831 quod
2704 3759 3031 3815 secundum
3084 3756 3346 3813 Marcum
3396 3756 3709 3814 vocitatur.

2054 3851 2221 3908 Sicut
2250 3851 2437 3905 Lucas
2492 3864 2745 3923 quoque,
2779 3853 2839 3905 et
2873 3851 3044 3904 Actus
3092 3846 3493 3921 apostolorum
3555 3847 3709 3921 stylo

2055 3944 2361 3997 exsecutus
2392 3942 2751 4012 agnosceret,
2771 3944 2828 3994 et
2853 3938 3014 3994 Pauli
3039 3938 3110 3994 ad
3133 3937 3407 3994 Hebraeos
3429 3937 3713 4011 interpre-

2057 4033 2217 4087 tatus
2246 4027 2593 4102 Epistulam.

1992 4443 2061 4500 II.

1121 4587 1446 4645 EJUSDEM
1492 4587 2104 4646 ADUMBRATIONES
2152 4589 2226 4645 IN
2256 4589 2649 4648 EPISTULAM
2678 4590 2895 4649 JUDE.

373 4778 528 4835 ιω
539 4777 571 4834 J
576 4778 745 4848 udas,
762 4778 862 4850 qui
878 4777 1226 4836 catholicam
1243 4778 1810 4852 scripsitEpistolam
1822 4822 1835 4848 ,
1854 4779 1935 4836 fra

2067 4762 2338 4832 Quoniam
2370 4765 2635 4821 Dominus
2662 4765 2801 4821 Deus
2820 4763 2991 4820 Semel
3013 4762 3284 4836 populum
3314 4764 3505 4837 inquit
3532 4772 3608 4834 (v.
3641 4764 3721 4838 5),

303 4872 394 4925 ter
429 4867 686 4924 ﬁliorum
715 4867 931 4941 Josepb
963 4873 1221 4941 exstans,
1243 4868 1410 4925 valde
1432 4868 1777 4942 religiosus;
1819 4885 1952 4924 cum

308 4959 490 5015 sciret
523 4957 1026 5031 propinquitatem
1061 4958 1313 5026 Domini,
1340 4974 1454 5015 non
1485 4963 1680 5014 tamen
1703 4956 1849 5013 dixit
1897 4974 1959 5014 se

304 5048 499 5120 ipsum
529 5049 767 5104 fratrem
791 5049 922 5118 ejus
954 5064 1118 5117 esse;
1145 5048 1243 5103 sed
1276 5049 1375 5120 qui
1409 5047 1555 5103 dixit
1584 5046 1729 5119 (cap.
1752 5064 1791 5119 1,
1823 5064 1877 5103 ν.
1906 5047 1957 5120 1)

303 5137 472 5195 ludas
510 5154 700 5195 servus
740 5139 869 5195 Iesu
915 5136 1125 5193 Christi
1172 5141 1372 5210 utpote
1429 5135 1664 5191 Domini
1704 5154 1717 5204 ;
1776 5140 1960 5207 frater

302 5232 491 5285 autem
521 5229 727 5285 Jacobi.
756 5232 878 5283 Hoc
909 5228 1060 5285 enim
1088 5242 1285 5283 verum
1308 5233 1399 5281 est
1423 5246 1436 5293 ,
1465 5227 1636 5281 frater
1656 5237 1781 5282 erat
1806 5229 1957 5298 ejus,

304 5319 548 5392 Joscpb.
581 5316 1039 5374 Subintroierunt
1065 5319 1213 5374 enim
1245 5315 1493 5388 quidam,
1550 5314 1745 5387 inquit
1773 5315 1850 5387 (v.
1882 5315 1959 5386 4),

305 5407 553 5465 homines
585 5408 751 5478 impii
779 5408 879 5479 qui
922 5408 1060 5462 olim
1106 5404 1422 5478 praseripti
1469 5413 1520 5459 et
1572 5403 1964 5477 prmdestinati

305 5503 465 5554 erant
496 5500 557 5553 in
581 5498 861 5570 judicium
884 5498 981 5553 Dei
1002 5498 1206 5561 nostri,
1239 5512 1349 5550 non
1377 5502 1440 5550 ut
1470 5496 1615 5549 ﬁant
1636 5492 1825 5565 impii,
1859 5491 1958 5547 sed

310 5590 655 5645 exsistentes
681 5589 805 5659 jam
838 5583 1409 5658 impii,injudicium
1439 5581 1767 5656 praescripti
1799 5586 1962 5636 sunt.

2064 4853 2132 4908 de
2172 4862 2319 4910 terra
2359 4855 2582 4927 [Egypti
2629 4854 2891 4923 liberans,
2942 4852 3194 4927 deinceps
3241 4870 3331 4910 eos
3365 4853 3430 4920 alt
3456 4855 3556 4927 qui
3610 4870 3720 4912 non

2064 4944 2437 5011 crediderunt,
2496 4943 2772 5015 perdidit;
2806 4950 2872 4999 ut
2901 4960 3002 4999 eos
3031 4943 3304 5000 videlicet
3333 4961 3436 5016 per
3490 4942 3719 5016 suppli-

2065 5032 2222 5088 cium
2255 5034 2534 5090 erudiret.
2564 5034 2626 5089 In
2677 5034 2950 5106 praesenti
2980 5035 3199 5106 quippe
3231 5039 3496 5106 tempore
3525 5033 3722 5106 puniti

2066 5128 2206 5181 sunt
2237 5126 2293 5178 et
2326 5123 2627 5194 perierunt
2657 5127 2899 5197 propter
2923 5139 3024 5180 eos
3054 5123 3154 5195 qui
3183 5122 3509 5192 salvantur,
3540 5125 3726 5179 donec

2066 5217 2485 5269 convertantur
2543 5214 2611 5268 ad
2675 5212 3013 5269 Dominum.
3045 5212 3279 5282 Angelos
3332 5229 3482 5282 vero,
3528 5211 3728 5284 inquit

2069 5304 2144 5377 (v.
2165 5306 2222 5374 6)
2240 5302 2337 5374 qui
2356 5320 2471 5357 non
2491 5306 2838 5358 servaverunt
2856 5304 3151 5374 proprium
3168 5304 3579 5376 principatum,
3608 5302 3725 5358 sci-

2068 5392 2205 5449 licet
2234 5409 2406 5465 quem
2434 5396 2780 5464 acceperunt
2808 5392 3129 5447 secundum
3159 5393 3482 5463 profectum
3506 5390 3601 5446 sed
3625 5390 3723 5446 de-

2070 5482 2438 5553 reliquerunt,
2465 5481 2659 5553 inquit
2679 5479 2874 5553 (ibid)
2899 5497 3060 5536 suum
3083 5479 3481 5537 habitaculum.
3508 5480 3717 5537 cmlum

2068 5571 2339 5628 videlicet
2355 5588 2421 5627 ac
2438 5569 2638 5626 stellas
2657 5569 3021 5640 signiﬁcans,
3045 5572 3325 5643 spectate
3348 5569 3483 5628 facti
3506 5574 3647 5627 sunt
3666 5572 3724 5627 et

385 5772 457 5845 (a)
489 5771 693 5829 Matth.
726 5790 802 5847 v1,
833 5775 886 5831 9.
920 5772 996 5849 (b)
1024 5774 1047 5831 ι
1079 5772 1208 5830 Cor.
1239 5788 1294 5840 ν,
1325 5772 1379 5828 5.
1408 5768 1552 5827 Heb.
1597 5724 1724 5837 1,1.
1763 5764 1828 5831 ›ι‹
1856 5761 1918 5820 Ρ.

2041 5762 2054 5817 ι
2082 5757 2195 5819 ED.
2226 5752 2533 5817 POTTER.
