4124 6426
301 466 413 524 735

1541 472 1879 528 οιΕκΕΝε
1915 468 2478 524 ALEXANDRINUS

3612 461 3726 516 736

311 590 454 648 bum
483 591 823 664 iqsum,hoc
850 597 939 648 est
968 594 1148 651 Filius
1176 595 1271 650 Dei
1306 597 1633 652 secundum
1665 594 1963 667 aequalita-
1990 594 2046 658 Α
2077 590 2359 647 stantiam
2392 595 2450 647 et
2479 607 2614 646 cum
2646 589 2930 659 subjectis
2960 588 3185 661 angelis
3231 593 3290 645 et
3332 586 3721 658 archangelis,

314 684 434 736 tem
452 683 797 737 substantia:
812 699 995 737 unum
1019 698 1151 739 cum
1168 684 1335 741 Patre
1353 684 1959 756 consistit,sempiter-

314 786 458 826 num
490 774 580 825 est
607 775 664 824 et
693 769 975 826 infectum
1013 788 1025 827 :
1060 773 1216 844 quod
1250 790 1485 843 semper
1521 779 1648 830 erat
1680 773 1959 839 Verbum,

314 857 682 929 significatur
709 858 981 925 dicendo.
1008 862 1073 916 in
1098 863 1378 933 principio
1428 872 1548 919 erat
1596 862 1824 918 Verbum
1852 861 1959 932 (a).

314 948 477 1013 Quod
509 962 644 1001 vero
675 946 839 1014 dixit,
890 949 1033 1019 quod
1075 952 1326 1007 vidimus
1377 953 1553 1008 oculis
1589 953 1816 1018 nostris,
1850 955 1961 1006 Do-

316 1036 459 1091 mini
494 1034 793 1108 signiﬁcat
823 1036 881 1091 in
915 1054 1090 1095 carne
1123 1041 1519 1111 praesentiam,
1549 1047 1602 1097 et
1629 1056 1850 1109 manus,
1873 1040 1961 1094 in-

310 1125 442 1195 quit
473 1125 685 1195 (ibid.),
717 1131 927 1184 nostrae
954 1133 1445 1186 contractaverunt
1493 1130 1560 1186 de
1603 1132 1765 1187 verba
1808 1132 1958 1187 vitae.

311 1213 436 1270 Non
469 1214 661 1270 solum
684 1231 922 1272 carnem
949 1218 1209 1287 ejus,eed
1232 1219 1409 1275 etiam
1430 1220 1677 1275 virtutes
1697 1219 1960 1290 ejusdem

312 1302 441 1358 Filii
472 1303 789 1376 signiﬁcat,
823 1305 978 1361 sicut
1008 1307 1212 1363 radius
1238 1307 1379 1364 solis
1413 1325 1602 1381 usque
1632 1309 1700 1364 ad
1733 1308 1856 1365 haec
1883 1309 1963 1363 in-

310 1392 453 1447 ﬁma
483 1392 611 1448 loca
641 1394 1168 1467 pertransiens,qui
1199 1398 1402 1453 radius
1432 1398 1492 1453 in
1522 1414 1697 1453 carne
1725 1396 1965 1453 veniens

310 1479 630 1552 palpabilis
659 1482 849 1537 factus
878 1489 971 1538 est
999 1484 1331 1557 discipulis.
1351 1486 1558 1542 Fertur
1585 1502 1723 1557 ergo
1754 1488 1813 1541 in
1848 1497 1962 1542 tra-

312 1567 666 1626 ditionibus.
690 1571 971 1641 quoniam
1003 1572 1263 1629 Joannes
1296 1574 1489 1647 ipsum
1541 1592 1756 1647 corpus
1803 1576 1956 1645 quod

308 1666 434 1715 erat
455 1660 819 1716 extrinsecus
840 1667 1359 1735 tangens,manum
1386 1682 1555 1721 suam
1580 1666 1639 1721 in
1671 1666 1963 1736 profunda

310 1749 565 1818 misisse,
600 1754 656 1805 et
683 1750 736 1804 ei
766 1751 1047 1807 duritiam
1083 1754 1275 1809 carnis
1301 1753 1464 1811 nullo
1499 1756 1668 1811 modo
1700 1755 1960 1811 relucta-

305 1840 429 1892 tam
460 1853 612 1903 esse,
647 1839 750 1893 sed
799 1837 991 1896 locum
1042 1842 1246 1898 manui
1290 1844 1613 1914 prwbuisse
1662 1843 1959 1915 discipuli.

2068 696 2205 736 cum
2235 679 2453 750 quibus
2484 686 2772 735 vocantur
2800 677 3111 749 mquivoce,
3143 678 3405 733 diversas
3434 676 3719 748 operatio-

2071 785 2174 824 nes
2202 770 2488 827 efﬁciunt.
2521 769 2616 825 Sic
2666 768 2844 825 etiam
2892 773 2951 823 et
2991 771 3217 838 Moyses
3248 765 3494 823 Michael
3523 765 3717 838 angeli

2069 858 2340 914 virtutem
2377 874 2478 929 per
2506 858 2764 914 vicinum
2786 857 2901 914 sibi
2933 862 2991 913 et
3019 856 3293 913 infimum
3323 854 3600 927 angelum
3622 871 3721 911 vo-

2067 948 2471 1005 cat.Similiter
2487 965 2722 1020 quoque
2735 947 2792 1003 in
2811 946 3111 1019 prophetis
3125 946 3348 1002 sanctis
3362 945 3720 1016 invenimus,

2073 1039 2173 1095 sed
2209 1038 2391 1110 Moysi
2421 1038 2661 1109 quidem
2700 1038 3069 1108 propinquus
3099 1052 3167 1091 ao
3215 1034 3443 1090 vicinus
3474 1031 3722 1105 angelus

2069 1127 2365 1198 apparuit.
2399 1127 2709 1183 Exaudivit
2734 1142 2896 1190 eum,
2917 1130 2975 1181 et
3000 1124 3233 1181 locutus
3261 1123 3312 1178 ei
3343 1128 3723 1196 Moyses,ma-

2071 1218 2281 1272 nifeste
2317 1217 2460 1273 facie
2489 1216 2561 1272 ad
2595 1216 2827 1272 faciem.
2876 1214 3021 1270 Aliis
3065 1219 3262 1270 autem
3297 1212 3601 1284 prophetis
3629 1229 3722 1269 se-

2071 1307 2334 1361 cundum
2383 1306 2785 1378 operationem
2838 1302 3183 1376 angelorum
3233 1308 3429 1357 motus
3477 1300 3722 1373 quidam

2071 1396 2269 1462 ﬁebat,
2303 1394 2480 1451 veluti
2512 1394 2876 1450 audientium
2909 1409 2974 1448 ac
3004 1391 3357 1447 videntium.
3408 1390 3635 1446 Idcirco
3665 1395 3726 1447 et

2071 1484 2178 1539 soli
2213 1483 2551 1551 audiebant,
2600 1481 2830 1554 solique
2877 1482 3213 1547 cernebant,
3247 1480 3402 1535 sicut
3429 1485 3488 1535 et
3514 1479 3690 1535 inSa-

2072 1573 2266 1629 muele
2299 1573 2711 1628 manifestatur
2730 1576 2801 1640 (e)
2829 1591 2843 1638 ;
2879 1571 3127 1626 Elisteus
3147 1569 3325 1626 etiam
3348 1567 3508 1625 solus
3529 1568 3726 1625 audie-

2072 1660 2174 1715 bat
2204 1677 2422 1725 voccm,
2455 1676 2573 1731 qua
2604 1664 2842 1714 vocatus
2872 1673 2964 1713 est
2992 1657 3152 1728 (ἡδί
3188 1662 3385 1712 autem
3418 1662 3577 1712 esset
3597 1673 3720 1712 ma-

2071 1749 2285 1804 nifesta
2316 1752 2375 1804 et
2405 1747 2737 1803 communis
2767 1763 2892 1813 vox,
2912 1750 2984 1802 ab
3014 1745 3293 1801 omnibus
3324 1746 3723 1816 praesentibus

2070 1838 2416 1900 audiretur;
2450 1853 2606 1893 nunc
2638 1843 2833 1891 autem
2867 1851 2901 1890 a
2940 1833 3065 1891 solo
3113 1837 3174 1890 in
3220 1850 3336 1906 quo
3366 1834 3724 1906 operabatur

310 1925 739 2024 Propterquod
771 1934 831 1983 et
861 1928 1038 1985 infert
1072 1948 1086 1986 :
1119 1931 1182 1986 Et
1212 1949 1415 1988 manus
1434 1942 1640 1991 nostra
1663 1937 1961 1990 contrecta-
1994 1959 2041 2024 Β
2073 1933 2269 1984 motus
2298 1928 2399 2000 qui
2430 1928 2503 1983 ab
2536 1926 2743 2016 angelo
2774 1926 2972 1993 ﬁebat,
3004 1926 3208 1981 audita
3237 1931 3345 1983 est.
3400 1925 3517 2024 N-on
3543 1925 3724 2024 solum

292 2024 509 2071 verunt
537 2014 604 2071 de
630 2017 794 2073 verbo
822 2020 951 2074 vita
985 2036 998 2074 :
1033 2022 1472 2079 contrectabilts
1520 2024 1723 2095 utique
1773 2023 1962 2079 factus
1994 2014 2038 2024 ”
2072 2027 2281 2083 autem,
2313 2018 2508 2088 inquit
2538 2014 2613 2089 (ν.
2645 2019 2721 2084 2),
2762 2032 2864 2081 pro
2893 2018 3097 2070 nostris
3141 2016 3383 2086 peccatis
3430 2014 3719 2071 Dominus

314 2111 402 2160 est
430 2106 527 2176 qui
560 2107 720 2163 venit
748 2107 808 2161 in
839 2124 1039 2176 carne,
1070 2109 1229 2165 sicut
1255 2119 1307 2167 et
1333 2114 1450 2167 vita
1478 2126 1606 2184 quae
1633 2112 1963 2181 manifesta-

315 2203 371 2251 ta
397 2200 483 2249 est
513 2200 587 2260 (ν.
621 2200 696 2263 ‘2).
724 2195 865 2252 Nam
889 2202 948 2253 et
977 2196 1037 2253 in
1073 2197 1384 2271 Evangelio
1415 2200 1499 2256 sic
1530 2200 1671 2256 dicit
1698 2217 1712 2257 :
1746 2203 1809 2257 Et
1826 2201 1967 2272 quod

314 2285 527 2354 factum
556 2281 655 2352 cit,
680 2284 742 2339 in
772 2284 894 2355 ipso
925 2288 1039 2339 vita
1077 2291 1214 2350 erat,
1264 2297 1316 2344 et
1358 2287 1473 2344 vita
1501 2298 1622 2344 erat
1650 2289 1754 2345 lum
1782 2292 1966 2345 homi—

312 2389 450 2428 num
475 2373 571 2441 (b).
623 2378 689 2429 Et
730 2376 1077 2441 nuntiamus,
1132 2376 1327 2445 inquit
1371 2378 1587 2447 (ibid.),
1616 2379 1766 2433 vobis
1793 2380 1969 2433 vitam

317 2471 581 2517 aeternam
611 2477 733 2532 qua:
761 2466 880 2518 erat
900 2462 1047 2533 apud
1076 2468 1323 2531 Patrem,
1337 2473 1388 2521 et
1403 2466 1594 2535 palam
1620 2471 1771 2534 facta
1793 2468 1961 2523 vobis.

319 2549 508 2605 Patris
556 2548 943 2620 appellatione
974 2550 1290 2622 signiﬁcat,
1341 2554 1620 2623 quoniam
1674 2561 1732 2610 et
1782 2556 1967 2612 Filius

323 2653 558 2709 semper
585 2642 710 2693 erat
741 2637 869 2694 sine
897 2638 1088 2695 initio.
1121 2640 1263 2708 Quia
1298 2645 1463 2711 Deus,
1515 2642 1713 2715 inquit
1759 2646 1832 2705 (ν.
1887 2646 1966 2717 5),

322 2727 507 2782 lumen
538 2730 615 2784 est
639 2743 661 2788 ;
690 2743 807 2783 non
856 2728 1176 2785 essentiam
1228 2730 1489 2787 divinam
1536 2732 1831 2803 exprimit,
1864 2736 1965 2791 sed

321 2815 620 2872 declarare
652 2816 851 2872 volens
892 2819 1262 2887 majestatem
1291 2819 1413 2887 Dei,
1446 2822 1601 2892 quod
1637 2821 1850 2879 melius
1880 2829 1971 2880 est

321 2909 380 2960 et
425 2904 807 2961 excellentius
857 2908 1009 2978 apud
1065 2906 1333 2964 homines
1398 2909 1630 2982 proprie
1676 2912 1968 2969 divinitati

319 3010 421 3049 coa
431 2998 527 3066 pta
536 2994 579 3049 vi
590 2994 733 3050 t.Sic
745 3000 803 3050 et
816 2994 1029 3051 Paulus
1041 2997 1226 3053 lumen
1240 3014 1454 3055 vocans
1474 2999 1862 3058 inaccessibile
1878 3003 1967 3074 (c).

316 3083 428 3139 Sed
460 3088 519 3138 et
545 3082 672 3150 ipse
699 3083 959 3140 Joannes
990 3084 1048 3140 in
1078 3086 1283 3142 eadem
1334 3087 1466 3158 ipsa
1512 3087 1792 3160 Epistola,
1825 3091 1970 3147 Cha-

322 3173 481 3239 ritas,
514 3171 728 3242 inquit,
760 3173 900 3229 Deus
927 3183 1008 3229 est
1036 3174 1153 3246 td);
1188 3175 1432 3231 virtutes
1472 3177 1816 3248 signiﬁcans
1846 3178 1968 3247 Dei,

323 3260 603 3332 quoniam
637 3261 897 3317 clemens
926 3269 1018 3319 est
1044 3266 1101 3319 et
1132 3263 1491 3332 misericors,
1522 3271 1580 3320 et
1605 3267 1705 3337 qui
1738 3266 1964 3333 lumen,

323 3348 433 3405 hoc
462 3354 553 3405 est
573 3351 775 3420 justos
804 3353 1131 3407 secundum
1160 3353 1681 3424 profectumanimi
1706 3373 1811 3428 per
1828 3357 1965 3413 cha-

323 3437 554 3494 ritatem
586 3438 914 3495 constituit.
970 3441 1193 3496 Lumen
1224 3457 1361 3512 ergo
1409 3447 1566 3498 Deus
1595 3444 1695 3515 qui
1744 3450 1835 3500 est
1876 3445 1966 3500 in-

323 3528 672 3583 enarrabilis
704 3529 1031 3584 secundum
1059 3529 1342 3586 rationem
1373 3532 1722 3588 substantiis
1748 3550 1761 3587 :
1795 3537 1869 3589 Et
1898 3544 1972 3592 te-

320 3616 534 3684 nebrae,
566 3615 764 3687 inquit
792 3616 1075 3688 (ibid.),in
1101 3633 1161 3673 eo
1192 3622 1324 3674 sunt
1352 3617 1668 3684 nullae,hoo
1698 3633 1788 3678 est
1810 3623 1972 3679 nulla

321 3704 651 3769 iracundia,
705 3704 869 3760 nulla
919 3706 1140 3776 passio.
1192 3706 1358 3762 nulla
1404 3709 1558 3764 circa
1604 3727 1967 3783 quemquam

329 3791 473 3848 mali
505 3794 752 3849 retentio
811 3794 1040 3850 nullum
1095 3796 1369 3867 perdens,
1429 3798 1528 3854 sed
1587 3802 1818 3856 cunctis
1874 3819 1973 3857 sa-

327 3881 514 3937 lutem
588 3882 874 3938 tribuens.
944 3894 1165 3940 Lumen
1232 3891 1427 3941 autem
1496 3887 1813 3958 signiﬁcat,
1886 3889 1973 3947 vel

330 3975 618 4041 praecepta
664 3971 832 4040 legis,
881 3969 967 4027 vel
1015 3972 1217 4042 ﬁdem,
1270 3974 1358 4029 vel
1413 3978 1759 4033 doctrinam.
1792 3978 1975 4035 Tene-

331 4058 447 4114 brw
465 4074 599 4115 vero
629 4059 842 4116 horum
866 4061 1182 4130 contraria,
1203 4079 1319 4119 non
1342 4064 1519 4120 veluti
1552 4065 1736 4123 altera
1765 4068 1858 4123 via
1878 4068 1976 4124 sit.

333 4147 461 4204 Una
517 4147 735 4220 quippe
774 4149 867 4206 via
912 4155 1003 4206 est
1047 4152 1372 4208 secundum
1425 4161 1715 4227 praecepta
1758 4156 1976 4213 divina.

2074 2107 2423 2180 propitiator
2451 2110 2561 2171 est,
2595 2105 2705 2163 hoc
2734 2111 2825 2161 est
2855 2106 3141 2173 fidelium,
3170 2105 3274 2160 sed
3298 2106 3467 2161 etiam
3495 2119 3594 2175 pro
3616 2110 3725 2161 toto

2070 2197 2286 2253 mundo
2306 2214 2327 2259 ;
2360 2196 2601 2269 proinde
2632 2195 2935 2252 universos
2965 2196 3206 2267 quidem
3228 2194 3544 2263 salvat,sed
3575 2196 3728 2252 alios

2075 2302 2175 2356 per
2205 2285 2496 2356 supplicia
2537 2290 2905 2350 convertens,
2956 2284 3106 2340 alios
3146 2291 3344 2340 autem
3397 2290 3730 2356 spontanee

2076 2383 2456 2446 assequenles
2484 2373 2875 2440 voluntate,et
2895 2389 3027 2428 cum
3054 2373 3296 2429 honoris
3326 2372 3636 2442 dignitate,
3666 2375 3731 2428 ut

2073 2480 2235 2519 omne
2257 2480 2405 2534 genu
2436 2464 2690 2524 ﬂectatur
2717 2466 2790 2527 ei,
2819 2462 3139 2528 caelestium,
3172 2463 3527 2517 terrestrium
3555 2465 3609 2517 et
3638 2462 3727 2517 in-

2074 2557 2369 2622 fernorum
2389 2557 2463 2619 (ο)
2489 2570 2503 2617 ς
2528 2549 2636 2605 hoc
2657 2558 2743 2605 es‘t
2773 2549 3270 2620 angeli,homines
3292 2553 3350 2605 et
3368 2548 3579 2605 animae
3596 2565 3727 2620 quae

2076 2647 2211 2697 ante
2239 2642 2551 2695 adventum
2584 2639 2714 2709 ejus
2746 2639 2816 2693 de
2847 2638 2957 2694 hac
2993 2637 3113 2695 vita
3145 2637 3468 2711 migravere
3499 2643 3729 2710 tempo-

2079 2730 2210 2785 rali.
2241 2730 2308 2784 Et
2335 2728 2399 2784 in
2427 2728 2526 2785 hoc
2564 2729 2939 2798 cognoscimus
2968 2728 3225 2800 quoniam
3279 2728 3535 2783 novimus
3575 2742 3728 2796 eum,

2076 2821 2128 2875 si
2154 2818 2418 2874 mandata
2447 2819 2563 2889 ejus
2592 2817 2965 2872 custodiamus
2995 2833 3068 2883 tv.
3101 2818 3199 2888 3);
3229 2818 3331 2889 qui
3362 2817 3520 2872 enim
3552 2814 3725 2872 intel-

2078 2911 2247 2965 lector
2275 2908 2597 2978 est,utique
2627 2911 2685 2962 et
2713 2922 2890 2977 opera
2918 2906 3143 2977 perlicit
3171 2922 3301 2977 qua
3338 2907 3632 2977 pertinent
3653 2905 3727 2962 ad

2078 2998 2309 3054 virtutis
2323 2997 2580 3053 ofﬁcium
2592 2996 2724 3062 .Qui
2750 3012 2882 3051 vero
2895 3012 3073 3066 opera
3084 2994 3400 3067 perﬁcitgxt
3412 3012 3527 3051 non
3550 2995 3735 3051 conti-

2079 3104 2197 3143 nuo
2218 3085 2394 3143 etiam
2413 3084 2727 3140 intellector
2746 3084 2861 3155 (87)
2884 3089 2991 3140 est.
3005 3084 3197 3140 Potest
3215 3084 3375 3140 enim
3399 3100 3530 3140 esse
3553 3093 3731 3140 recta-

2079 3193 2208 3232 rum
2241 3175 2798 3247 operationum,non
2821 3178 3019 3229 tamen
3052 3172 3511 3245 intelligibilium
3536 3190 3734 3229 sacra-

2082 3270 2417 3321 mentorum
2440 3263 2743 3334 cognitor;
2778 3263 3018 3317 demum
3042 3262 3237 3318 sciens
3259 3262 3526 3333 quaedam
3552 3277 3733 3334 opera

2081 3353 2279 3428 perlici
2310 3352 2521 3408 timore
2553 3350 2875 3422 supplicii,
2907 3352 3176 3423 quedam
3206 3366 3339 3407 vero
3370 3357 3609 3423 propter
3638 3366 3731 3407 re-

2078 3442 2526 3516 promissionem
2562 3439 3076 3507 remunerationis,
3104 3438 3293 3505 docet,
3312 3439 3730 3513 perfectionem

2077 3530 2499 3588 intellectualis
2531 3527 2791 3584 hominis
2823 3545 2924 3600 per
2955 3527 3305 3584 charitatem
3357 3545 3535 3601 Opera
3564 3545 3727 3584 com-

2078 3618 2294 3692 plentis
2327 3636 2340 3675 :
2377 3617 2618 3690 proinde
2646 3617 3038 3690 subjungitac
3068 3617 3211 3673 dicit
3233 3619 3307 3686 (ν.
3339 3617 3397 3689 5)
3429 3633 3443 3673 :
3477 3617 3729 3686 Quivero

2079 3708 2312 3765 custodit
2343 3709 2569 3762 verbum
2596 3707 2715 3775 eius
2744 3722 2906 3774 vere;
2939 3706 3000 3761 in
3041 3705 3142 3762 hoc
3186 3706 3431 3762 charitas
3479 3705 3581 3762 Dei
3604 3722 3736 3775 per-

2081 3801 2227 3869 fecta
2255 3801 2356 3855 est.
2392 3798 2453 3852 In
2483 3795 2583 3851 hoc
2610 3796 2757 3852 enim
2784 3794 3178 3866 cognoscimus,
3210 3798 3480 3867 quoniam
3518 3795 3584 3851 in
3615 3797 3737 3867 ipso

2083 3904 2277 3942 sumus
2309 3886 2635 3942 secundum
2671 3884 2845 3940 ﬁdem
2879 3889 2937 3940 et
2984 3885 3314 3941 secundum
3363 3884 3740 3940 charitatsm.

2085 3977 2204 4033 Non
2234 3976 2555 4030 mandatum
2602 3990 2805 4030 novum
2850 3973 3029 4029 scribo
3072 3975 3243 4043 vobis,
3273 3974 3372 4030 sed
3415 3972 3745 4030 mandatum

2086 4072 2240 4121 vetus
2271 4063 2415 4135 quod
2460 4062 2737 4119 habuistis
2764 4080 2799 4119 a
2842 4062 3125 4134 principio
3154 4062 3230 4133 (v.
3262 4062 3345 4133 7),
3399 4078 3502 4135 per
3550 4060 3747 4134 legem

2089 4153 2313 4211 scilicet
2340 4159 2399 4209 et
2430 4152 2765 4225 prophetas.
2800 4150 2907 4207 Ubi
2941 4151 3157 4208 dicitur
3184 4168 3328 4208 unus
3356 4156 3434 4209 est
3463 4160 3547 4208 est
3578 4152 3743 4208 Deus.

333 4236 538 4293 Mones
569 4254 827 4310 namque
856 4238 958 4295 Dei
991 4255 1141 4311 opus
1169 4245 1281 4309 est,
1312 4243 1455 4314 dyas
1487 4249 1680 4301 autem
1712 4253 1769 4302 et
1803 4246 1981 4318 quid-
2093 4244 2313 4299 Idcirco
2345 4246 2399 4297 et
2431 4242 2610 4297 infert
2639 4240 2832 4311 (ibid.)
2867 4259 2880 4297 :
2918 4241 3189 4311 Quoniam
3233 4241 3563 4299 mandatum
3589 4243 3747 4298 vetus

336 4326 478 4398 quid
513 4332 722 4398 praeter
751 4328 1063 4385 monadem
1095 4334 1423 4401 constat,ex
1444 4332 1569 4388 vita
1603 4335 1985 4404 perversitate
2091 4337 2170 4390 est
2199 4332 2425 4389 verbum
2453 4332 2601 4403 quod
2629 4331 2884 4387 audistis.
2919 4331 3136 4387 Iterum
3166 4335 3361 4387 autem
3394 4328 3539 4387 dicit
3566 4331 3744 4402 (v.8):

334 4415 645 4487 contingit.
682 4420 747 4472 Et
772 4416 1001 4486 sanguis
1029 4416 1167 4473 Filii
1193 4418 1532 4492 ejus,inquit
1561 4421 1636 4493 (ν.
1656 4423 1733 4493 7),
1755 4424 1986 4481 mundat
2097 4422 2433 4479 Mandatum
2463 4428 2646 4476 autem
2674 4418 2774 4476 hoc
2807 4424 2884 4475 est
2935 4421 3081 4491 quod
3101 4420 3340 4479 tenebrae
3377 4423 3750 4478 transierunt.

339 4517 460 4559 nos.
494 4503 643 4558 871
680 4502 954 4561 Doctrina
979 4505 1197 4577 quippe
1228 4506 1458 4564 Domini
1481 4526 1609 4580 qua:
1632 4511 1795 4568 valde
1819 4512 1987 4569 fortis
2096 4508 2488 4583 perversionis
2520 4508 2766 4575 scilicet,
2798 4516 2851 4565 et
2882 4508 3068 4564 lumen
3107 4525 3298 4565 verum
3340 4523 3463 4567 ecce
3481 4509 3606 4581 jam
3630 4509 3754 4566 cla—

341 4597 453 4661 est,
487 4594 734 4664 sanguis
764 4593 892 4663 ejus
924 4594 1210 4666 appellata
1239 4603 1351 4652 est.
1401 4599 1557 4667 Quod
1586 4603 1637 4656 si
1678 4601 1988 4659 dixerimus
2097 4598 2253 4664 ruit;
2299 4599 2624 4655 secundum
2681 4599 2856 4654 ﬁdem
2908 4597 3157 4668 scilicet,
3214 4598 3537 4653 secundum
3583 4597 3753 4654 intel-

340 4681 482 4752 quod
510 4696 622 4736 non
648 4684 1343 4753 peccavimus,mendacem
1368 4687 1609 4759 facimus
1635 4706 1785 4757 eum,
1817 4696 1991 4748 etver-
2020 4688 2068 4754 D
2099 4689 2678 4755 lectum,secundum
2713 4686 3492 4753 testamentum,secundum
3527 4703 3753 4758 praepa-

346 4770 474 4827 bum
503 4773 621 4839 eius
650 4786 759 4826 non
787 4780 867 4827 est
895 4773 953 4827 in
985 4773 1142 4830 nobis
1172 4776 1245 4845 (ν.
1277 4774 1351 4845 9).
1394 4776 1668 4834 Doctrina
1719 4782 1869 4851 ejus,
1902 4781 1987 4836 vi-
2103 4785 2229 4835 rata
2250 4778 2477 4849 judicia
2510 4778 2568 4832 in
2603 4775 2950 4832 hominibus
2980 4790 3246 4847 operans.
3275 4774 3381 4843 Qui
3398 4774 3535 4832 dicit
3552 4792 3632 4845 se,
3654 4776 3749 4832 in-

341 4858 555 4915 delicet
584 4859 703 4916 sive
733 4861 1000 4929 verbum,
1032 4865 1245 4919 veritas
1273 4869 1380 4920 est.
1431 4867 1497 4921 Et
1544 4869 1596 4922 si
1622 4867 1770 4940 quis,
1804 4870 1992 4941 inquit
2100 4869 2231 4942 quit
2259 4880 2334 4940 (ν.
2368 4867 2444 4931 9),
2476 4865 2537 4921 in
2569 4863 2784 4921 lumine
2805 4880 2938 4934 esse,
2983 4863 3042 4919 in
3074 4863 3302 4920 lumine
3331 4864 3476 4921 dicit
3504 4865 3564 4920 in
3594 4866 3755 4921 veri-

345 4948 493 5020 (cap.
524 4965 588 5017 ιι,
624 4966 676 5005 v.
714 4950 789 5021 1),
817 4953 1147 5022 peccaverit,
1178 4956 1575 5012 consolatorem
1623 4956 1889 5015 habemus
1918 4961 1992 5014 ad
2098 4964 2242 5015 tate.
2276 4959 2344 5013 Bt
2370 4958 2607 5026 fratrem
2637 4969 2820 5021 suum,
2850 4953 3046 5024 inquit
3078 4952 3287 5019 (ibid.),
3323 4953 3460 5009 odit.
3493 4956 3757 5011 Fratrem

348 5039 575 5094 Patrem
603 5041 791 5095 Iesum
823 5039 1118 5096 Christum.
1152 5041 1319 5097 Sicut
1371 5043 1525 5101 enim
1571 5048 1724 5118 apud
1760 5046 1987 5105 Patrem
2099 5048 2365 5106 videlicet
2396 5045 2539 5103 dicit
2563 5061 2678 5102 non
2712 5044 2906 5100 solum
2937 5044 3296 5116 proximum,
3343 5044 3443 5100 sed
3475 5048 3533 5102 et
3560 5045 3763 5102 Domi-

342 5125 677 5184 consolator
708 5132 798 5185 est
829 5145 932 5201 pro
965 5128 1137 5187 nobis
1163 5129 1451 5189 Dominus
1480 5153 1494 5202 ;
1529 5134 1614 5192 sic
1642 5140 1818 5202 etiam
1851 5153 1989 5193 con-
2103 5135 2717 5196 num.0deruntenim
2744 5149 2880 5191 eum
2905 5131 3256 5201 inﬂdeles,et
3277 5149 3393 5189 non
3423 5133 3760 5192 custodien-

343 5216 567 5273 solator
595 5221 685 5273 est
714 5233 890 5290 quem
924 5223 1057 5290 post
1086 5221 1554 5292 assumptioucm
1587 5242 1756 5281 suam
1789 5225 1992 5298 digna—
2101 5235 2191 5286 tes
2218 5229 2495 5285 mandata
2516 5225 2919 5298 ejus.P.ropter
2940 5223 3095 5294 quod
3129 5223 3305 5279 etiam
3339 5224 3518 5280 infert
3536 5224 3713 5297 (v.40)
3738 5241 3754 5281 :

343 5311 441 5362 tus
472 5312 563 5363 est
595 5307 848 5362 mittere.
880 5310 977 5362 Hie
1008 5323 1265 5381 namque
1298 5310 1606 5383 primitive
1643 5314 1893 5369 virtutes
1924 5330 1993 5370 ac
2105 5319 2215 5387 Qui
2259 5316 2450 5387 diligit
2492 5320 2724 5387 fratrem
2772 5328 2955 5383 suum,
3008 5312 3068 5367 in
3115 5311 3326 5368 lumine
3365 5323 3673 5384 permanet,
3701 5322 3760 5371 et

342 5395 532 5468 primo
564 5395 1135 5464 creatae,immobiles
1150 5398 1495 5459 exsistentee
1510 5403 1834 5459 secundum
1857 5403 1994 5460 sub-
2104 5404 2433 5463 scandalum
2468 5405 2527 5459 in
2557 5420 2618 5461 eo
2647 5418 2766 5458 non
2806 5408 2907 5457 est.
2959 5399 3175 5456 Deinde
3220 5401 3515 5473 profectus
3547 5406 3604 5457 et
3633 5417 3765 5474 pro-

414 5595 478 5649 P.
510 5591 1151 5670 4000.1:OTTER.
1233 5595 1311 5670 _(a)
1336 5596 1509 5670 Joan.
1543 5616 1582 5670 ι,
1618 5600 1643 5654 1

344 5664 379 5720 3
407 5678 574 5735 seqq.
650 5664 724 5735 (Γ)
752 5664 831 5721 ΙΙΙ
863 5665 1003 5738 Reg.
1034 5681 1150 5723 xix.
1224 5664 1303 5740 (ο)
1334 5668 1482 5727 Phil.
1525 5664 1589 5739 η’,
1620 5670 1709 5727 lO.

421 5780 540 5855 (87)
570 5778 904 5855 Gnosticus,
935 5799 1003 5842 ex
1031 5781 1347 5846 Clementis
1375 5786 1642 5847 dialecto.

1723 5600 1799 5673 (ὁ)
1835 5600 1955 5658 Ibid

2098 5604 2154 5659 4.
2231 5603 2303 5676 (c)
2330 5602 2353 5659 Ι
2381 5603 2527 5660 Tim.
2557 5616 2637 5669 v1,
2668 5601 2756 5657 16.
2831 5598 2912 5672 (d)
2941 5600 2964 5655 Ι
2996 5597 3167 5656 Joan.
3200 5615 3277 5667 1v,
3310 5598 3398 5654 16.
3475 5599 3591 5672 (e)I
3622 5597 3766 5673 Reg.
