4124 6418
419 453 528 510 737

1895 450 2364 509 FRAGMENTA.

3729 456 3836 513 738

419 576 718 634 vectiones
742 574 1038 650 signiﬁcat
1061 573 1395 631 animarum
1419 573 1612 629 adhuc
1637 573 1698 629 in
1726 589 1903 630 carne
1924 571 2080 643 posi-
2110 572 2164 640 Α
2192 573 2427 644 virtute,
2460 579 2519 631 ut
2549 576 2730 647 ipsum
2757 575 2987 632 vultum
3015 577 3142 648 ejus
3188 576 3472 634 videamus
3517 579 3684 636 sicuti
3728 589 3834 652 est,

425 672 645 732 tarum,
695 670 753 721 et
797 664 1002 736 ﬁliolas
1048 663 1286 736 quidem
1321 679 1527 718 vocare
1559 678 1660 717 eos
1691 661 1908 732 quibus
1941 666 2081 717 sunt
2185 663 2819 734 comprehensibiliter.
2854 665 2939 733 (V.
2972 668 3026 736 8)
3061 685 3073 721 ε
3109 666 3216 735 Qui
3243 683 3369 723 vero
3415 670 3553 734 facit
3599 668 3835 741 injusti-

424 757 676 812 remissa
706 758 946 827 peccata
975 759 1211 826 prOpter
1232 767 1446 806 nomen
1490 751 1721 806 Domini
1747 767 1882 805 nam
1909 749 2080 805 multi
2186 751 2346 818 tiam,
2403 770 2475 808 ea:
2530 753 2749 809 diabolo
2806 759 2906 820 est,
2941 754 3047 810 hoc
3103 762 3194 810 est
3249 773 3318 811 ex
3371 766 3527 828 patre
3573 757 3789 815 diabolo
3824 776 3837 790 ο

431 843 556 902 solo
602 845 852 901 credunt
883 843 1135 899 nomine.
1171 843 1362 896 Patres
1406 843 1595 896 autem
1645 842 1929 908 perfectos
1980 855 2081 909 ap-

431 934 632 1008 pellat,
656 950 755 989 eos
787 933 889 1004 qui
922 931 1324 988 intellexerunt
1354 931 1494 1004 quod
1523 932 1650 984 erat
1674 929 1740 984 ab
1790 927 1980 994 initio,
2028 933 2085 981 et

427 1022 871 1092 intelligibiliter
893 1028 1254 1092 perceperunt
1292 1020 1370 1091 (v,
1408 1019 1514 1090 13).
1553 1017 1763 1072 Filium
1813 1017 2088 1071 videlicet

442 1115 512 1168 de
543 1129 660 1186 quo
692 1128 868 1183 supra
899 1111 1069 1175 dixit,
1100 1109 1243 1182 quod
1270 1113 1396 1163 erat
1425 1110 1492 1163 ab
1525 1107 1708 1162 initio.
1745 1106 1954 1170 Scribo,
1991 1106 2086 1158 in-

429 1203 558 1273 quit
581 1201 791 1270 (ibid.),
823 1200 972 1254 vobis
993 1201 1246 1270 juvenes,
1306 1201 1444 1269 quia
1498 1198 1707 1251 vicistis
1748 1197 2085 1262 malignum.

432 1291 638 1346 Fortes
662 1291 912 1360 juvenes
934 1293 1376 1342 contemnentes
1401 1288 1752 1356 voluptates;
1777 1286 2090 1352 malignum

437 1379 658 1435 diaboli
687 1378 1088 1433 extollentiam
1115 1376 1428 1447 signiﬁcat.
1467 1375 1592 1430 Filii
1627 1379 1823 1429 autem
1876 1389 2090 1441 cogno-

438 1474 616 1524 scunt
648 1467 899 1530 Patrem.
933 1471 1133 1536 utpote
1167 1464 1265 1535 qui
1299 1464 1372 1518 ab
1406 1463 1579 1518 idolis
1597 1463 2009 1531 confugerunt,
2037 1466 2094 1514 et

437 1559 510 1613 ad
545 1571 731 1612 unum
769 1557 945 1610 Deum
979 1554 1274 1609 convocati
1309 1557 1468 1606 sunt.
1524 1551 1792 1618 Quoniam
1821 1551 2093 1616 mundus,

437 1646 637 1717 inquit
666 1646 741 1716 (v.
780 1644 886 1716 15),
918 1645 983 1698 in
1010 1643 1260 1711 maligno
1319 1649 1415 1696 est.
1477 1640 1680 1695 Nonne
1736 1639 1996 1694 mundus
2040 1644 2096 1693 et

440 1735 644 1792 omnia
673 1750 802 1806 quis
837 1734 894 1787 in
931 1732 1150 1787 mundo
1181 1735 1323 1786 sunt
1354 1734 1626 1786 creatura
1659 1728 1759 1784 Dei
1792 1728 2095 1797 dicuntur,

443 1829 504 1881 et
537 1825 658 1879 hac
699 1822 869 1878 valde
927 1819 1123 1878 bona?
1182 1820 1286 1875 Sed
1341 1817 1786 1890 concupiscentia
1837 1819 2026 1874 carnis
2048 1821 2098 1872 et

2189 843 2578 913 eamdemque
2608 847 2951 898 consectans
2979 850 3037 899 et
3064 844 3400 916 eligens.Ab
3418 845 3604 914 initio,
3639 848 3836 920 inquit

2192 929 2402 1001 (ibid.),
2437 931 2688 986 diabolus
2716 934 2921 1002 peccat.
2956 933 3040 987 Ab
3062 932 3228 988 initio
3251 934 3476 990 scilicet
3497 953 3530 992 a
3553 954 3670 1008 quo
3705 952 3844 1010 pec-

2190 1035 2322 1073 care
2353 1021 2527 1090 coepit
2568 1019 3092 1076 inconvertibiliter
3135 1022 3194 1076 in
3249 1026 3541 1093 peccando
3575 1043 3844 1097 perseve-

2191 1123 2352 1163 rans.
2387 1109 2594 1176 Omnis,
2628 1109 2823 1180 inquit
2854 1111 2926 1180 (v.
2958 1110 3035 1176 9),
3067 1113 3171 1180 qui
3227 1122 3400 1167 natus
3451 1131 3520 1169 ex
3578 1117 3682 1172 Deo
3740 1126 3844 1184 est,

2192 1215 2299 1253 non
2332 1207 2536 1269 peccat,
2572 1200 2670 1271 qui
2722 1217 2904 1255 semen
2934 1202 3053 1273 ejus
3109 1204 3169 1256 in
3223 1218 3282 1257 eo
3338 1213 3540 1261 manet.
3582 1206 3842 1264 Verbum

2195 1289 2323 1358 ejus
2400 1289 2673 1344 videlicet
2732 1290 2788 1343 in
2850 1305 2917 1344 eo
2977 1292 3301 1346 secundum
3365 1294 3534 1347 fidem
3605 1301 3844 1352 renatus

2197 1382 2304 1433 est.
2339 1377 2424 1447 (V.
2480 1379 2565 1447 10)
2603 1395 2615 1432 :
2649 1379 2743 1433 Sic
2797 1379 2948 1448 ﬁlios
3011 1382 3109 1434 Dei
3164 1379 3534 1450 intelligimus
3590 1385 3733 1439 sicut
3791 1391 3846 1441 et

2198 1466 2344 1534 ﬁlios
2372 1467 2606 1534 diaboli,
2639 1468 2860 1522 similia
2903 1468 3135 1524 diabolo
3167 1469 3486 1541 eligentes;
3538 1473 3620 1526 sic
3669 1474 3848 1530 etiam

2201 1571 2268 1608 ex
2323 1555 2583 1628 maligno
2644 1573 2772 1612 esse
2848 1557 3082 1612 dicitur.
3144 1557 3233 1629 (V.
3300 1560 3386 1631 15)
3435 1575 3451 1615 :
3503 1560 3692 1617 Omnis
3749 1562 3847 1634 qui

2202 1645 2313 1700 odit
2369 1647 2602 1714 fratrem
2657 1662 2845 1706 suum.
2906 1645 3183 1701 homicida
3235 1653 3334 1702 est.
3398 1649 3461 1702 In
3525 1649 3634 1706 hoc
3689 1653 3847 1708 enim

2203 1735 2528 1789 secundum
2590 1735 3001 1789 infidelitatem
3048 1735 3322 1791 Christus
3370 1739 3662 1796 moritur:
3697 1746 3853 1796 recte

2205 1821 2403 1892 itaque
2459 1823 2770 1901 subiungit
2825 1824 3028 1878 dicens
3087 1825 3286 1894 (ibid.)
3331 1843 3344 1880 :
3391 1827 3454 1882 Et
3509 1828 3662 1884 scitis
3722 1832 3855 1900 quia

439 1915 748 1979 oculorum,
800 1920 854 1966 et
910 1911 1143 1965 ambitio
1191 1909 1383 1964 seculi
1438 1909 1513 1978 (ν.
1554 1907 1666 1977 16),
1699 1923 1828 1978 quae
1872 1923 1939 1961 ex
1971 1907 2097 1961 vitae
2129 1911 2188 2013 Β·
2209 1912 2390 1964 omnis
2420 1911 2694 1966 homicida
2726 1916 2776 1966 et
2807 1911 3060 1981 inﬁdelis
3089 1928 3198 1968 non
3229 1913 3390 1970 habet
3436 1915 3634 1972 vitiam
3681 1922 3850 1974 gler-

445 2001 820 2076 perversione
903 1999 1272 2068 contingunt,
1345 2013 1458 2053 non
1513 2012 1582 2051 ex
1635 2002 1823 2060 Patre,
1879 1997 1980 2050 sed
2030 2012 2100 2051 ex

446 2092 648 2148 mundo
679 2095 778 2155 est,
838 2097 894 2144 et
949 2105 1018 2143 ex
1075 2089 1265 2143 vobis.
1324 2089 1535 2142 Idcirco
1593 2094 1646 2140 et
1699 2084 1936 2140 mundus
1966 2101 2094 2155 per-

452 2183 678 2235 transiet
731 2185 787 2234 et
839 2175 1279 2249 concupiscentia
1340 2176 1457 2246 ejus
1515 2175 1589 2246 (v.
1649 2175 1734 2242 l7)
1773 2175 1914 2244 :qui
1975 2188 2099 2228 vero

456 2270 650 2340 fecerit
675 2271 1010 2324 voluntatem
1067 2268 1166 2322 Dei
1214 2272 1273 2320 et
1331 2265 1608 2320 mandata
1666 2264 1815 2334 ejus,
1875 2278 2100 2334 perma-

459 2363 550 2413 net
579 2359 636 2413 in
663 2363 953 2414 aeternum.
991 2357 1073 2410 Et
1100 2355 1283 2421 nobis,
1307 2354 1523 2425 inquit,
1556 2356 1631 2424 (v.
1670 2353 1780 2423 19),
1812 2353 2098 2419 exierunt,

458 2447 551 2502 sed
576 2463 684 2502 non
712 2456 872 2502 erant
904 2462 977 2500 ex
995 2443 1174 2510 nobis;
1211 2459 1400 2514 neque
1431 2441 1619 2514 angeli
1655 2445 1960 2513 apostataa,
1994 2456 2100 2494 ne-

454 2552 570 2608 que
601 2536 874 2592 homines
923 2535 1216 2599 cadentes,
1249 2532 1343 2588 sed
1388 2540 1448 2587 ut
1493 2531 1934 2599 manifestantur
1961 2544 2094 2600 quo-

441 2625 601 2682 niam
629 2643 744 2680 non
767 2633 898 2680 sunt
925 2640 998 2679 ea:
1026 2623 1185 2678 nobis
1243 2622 1378 2694 (88).
1426 2622 1592 2677 Clare
1645 2620 1790 2674 satis
1820 2618 2103 2674 discernit

457 2732 645 2787 genus
672 2715 994 2771 electorum
1027 2717 1086 2767 et
1113 2711 1500 2783 perditorum,
1547 2715 1606 2763 et
1658 2709 1800 2763 illud
1856 2707 2098 2780 quidem

445 2805 604 2876 quod
638 2805 695 2858 in
728 2804 842 2858 fide
865 2801 1584 2875 permanens,unctionem
1615 2798 1790 2852 habet
1820 2814 1854 2852 a
1876 2801 2102 2858 sancto,

451 2911 580 2965 quas
615 2895 680 2947 fit
700 2894 1026 2947 secundum
1053 2888 1377 2953 ﬁdem.Qui
1400 2904 1534 2942 vero
1562 2903 1681 2942 non
1705 2892 2009 2958 permanet
2041 2889 2102 2940 in

450 2985 586 3042 ﬁde.
621 2981 873 3038 mendax
894 2985 1003 3049 est,
1026 2985 1085 3034 et
1108 2978 1516 3033 antichristus.
1553 2975 1660 3043 Qui
1701 2975 1866 3041 dicit,
1911 2976 2106 3046 inquit

455 3073 679 3142 (v.22),
711 3072 848 3143 quia
885 3070 1040 3125 Iesus
1091 3083 1201 3122 non
1234 3069 1314 3121 est
1379 3064 1653 3120 Christus.
1713 3065 1889 3119 Jesus
1947 3064 2104 3119 enim

462 3161 735 3218 Salvator
759 3164 817 3215 et
836 3159 1118 3214 liberator
1137 3162 1193 3211 et
1217 3155 1488 3211 Christus
1520 3171 1616 3209 rex
1643 3169 1657 3208 :
1689 3155 1785 3224 qui
1805 3162 1975 3224 negat
2015 3153 2106 3208 Fi-

2209 2016 2340 2054 nam
2370 2001 2427 2054 in
2458 2002 2638 2070 seipso
2666 2007 3003 2055 manentem.
3036 2000 3096 2055 In
3135 2007 3324 2057 mente
3343 2005 3559 2076 quippe
3582 2006 3737 2062 fideli
3761 2007 3851 2062 vi-

2207 2104 2349 2144 vens
2379 2089 2592 2143 Christi
2645 2095 2962 2159 permanet,
2989 2089 3108 2159 ipse
3137 2093 3286 2145 enim
3315 2109 3413 2163 pro
3438 2095 3596 2151 nobis
3625 2097 3702 2166 (v.
3737 2098 3852 2170 16),

2211 2177 2318 2232 hoc
2349 2183 2438 2232 est
2469 2194 2571 2248 pro
2601 2179 2995 2247 credentibus,
3026 2178 3272 2234 animam
3303 2197 3462 2236 suam
3488 2187 3708 2253 posuit;
3744 2185 3853 2243 hoc

2210 2271 2300 2320 est
2321 2282 2424 2336 pro
2439 2267 2807 2336 apostolis.Si
2833 2283 2970 2338 ergo
2987 2284 3088 2337 pro
3103 2269 3383 2340 apostolis
3406 2272 3663 2328 animam
3679 2290 3850 2331 suam

2213 2353 2427 2423 posuit,
2461 2354 2759 2426 apostolos
2810 2362 3006 2411 autem
3051 2357 3854 2432 ejusdicitsemelipsos,tan-

2211 2458 2388 2512 quam
2413 2441 2461 2496 si
2486 2443 3126 2514 diceret,nos,inquam,
3147 2445 3419 2515 apostoli,
3446 2453 3682 2518 propter
3703 2465 3853 2520 quos

2213 2531 2470 2585 animam
2491 2547 2659 2586 suam
2684 2532 2902 2602 posuit,
2932 2532 3186 2588 debemus
3210 2550 3308 2604 pro
3330 2535 3602 2603 fratribus
3627 2539 3858 2594 animas

2209 2619 2572 2691 ponere(ib.),
2591 2621 2751 2674 salus
2774 2621 2990 2693 quippe
3017 2623 3436 2693 proximorum.
3457 2626 3856 2696 apostolorum

2211 2715 2335 2763 erat
2357 2708 2696 2780 gloria,quia
2725 2711 2902 2778 major
2921 2711 3568 2781 est,inquit(v.20),0eus
3596 2717 3754 2772 corde
3770 2733 3868 2772 no-

2209 2800 2342 2864 stro,
2376 2798 2486 2853 hoc
2507 2803 2598 2854 est
2619 2799 2801 2854 virtus
2825 2799 2918 2854 Dei
2934 2801 3293 2856 conscientia
3315 2818 3439 2870 quae
3463 2805 3866 2876 subsequetur

2213 2886 2495 2950 animam,
2543 2892 2780 2958 propter
2827 2889 2980 2959 quod
3016 2891 3327 2962 eubjungit
3356 2896 3412 2946 et
3442 2891 3587 2947 dicit
3618 2893 3814 2966 (ibid.)
3848 2907 3864 2948 :

2212 2975 2490 3043 Quoniam
2517 2975 2788 3046 cognoscit
2817 2976 3024 3032 omnia.
3051 2977 3136 3047 (V.
3160 2979 3252 3048 21)
3279 2995 3290 3033 :
3319 2980 3680 3049 Charissimi,
3710 3001 3760 3039 si
3777 2999 3872 3039 cor

2213 3074 2466 3118 nostrum
2526 3081 2634 3118 non
2665 3065 2969 3133 redarguat
2998 3081 3117 3132 nos,
3148 3067 3408 3136 ﬁduciam
3451 3069 3670 3125 habebit
3721 3070 3873 3142 apud

2216 3154 2571 3224 Deum.(Cap.
2596 3169 2672 3218 iV,
2699 3170 2751 3207 ν.
2775 3154 2831 3223 2)
2857 3171 2869 3208 :
2898 3155 2957 3209 In
2983 3155 3084 3211 hoc
3112 3156 3488 3225 cognoscimus
3526 3161 3659 3229 quia
3681 3168 3873 3216 manet

465 3251 606 3306 lium
650 3255 726 3317 (v.
783 3247 900 3314 23),
959 3245 1286 3318 ignorando
1342 3260 1502 3307 eum,
1559 3258 1661 3298 nec
1718 3243 1946 3297 Patrem
2001 3243 2108 3296 ha-
2145 3309 2180 3320 _
2220 3240 2282 3295 in
2310 3240 2490 3311 nobis,
2521 3241 2586 3296 de
2615 3244 2826 3310 spiritu
2853 3259 3011 3314 quem
3038 3244 3185 3299 dedit
3210 3245 3365 3300 nobis
3391 3249 3714 3303 secundum
3742 3247 3867 3320 epi-

457 3341 568 3406 bet,
627 3309 818 3410 neque
863 3309 1175 3408 cognoscit
1232 3350 1390 3389 eum.
1450 3333 1558 3400 Qui
1612 3348 1746 3387 vero
1804 3331 2108 3402 cogDOscit
2137 3309 2181 3378 α
2221 3309 2550 3402 scepatum,
2577 3309 2798 3386 scilicet
2843 3309 2901 3387 et
2941 3334 3366 3404 providentiam
3403 3337 3690 3392 futurum.
3727 3309 3868 3392 Per-

454 3429 666 3484 Filium
724 3431 782 3482 et
839 3430 1072 3481 Patrem
1149 3422 1475 3478 secundum
1548 3420 1852 3476 scientiam
1910 3420 2108 3486 novit;

456 3535 596 3575 cum
656 3515 1072 3572 manifestatus
1130 3513 1308 3568 tuerit
1368 3511 1668 3576 Dominus,
1727 3510 1787 3564 in
1846 3509 2107 3564 secundo

455 3608 735 3673 adventu,
769 3603 1047 3660 fiduciam
1097 3601 1360 3661 habebit.
1408 3605 1467 3655 et
1525 3615 1640 3654 non
1689 3599 2106 3654 confundetur.

460 3697 597 3762 Quae
627 3694 897 3752 confusio
927 3698 1019 3748 est
1046 3691 1270 3763 grande
1327 3688 1708 3760 supplicium.
1770 3687 1985 3754 Omnis,
2019 3687 2110 3742 in-

455 3787 585 3858 quit
613 3788 691 3856 (v.
721 3783 836 3854 29),
869 3781 969 3854 qui
993 3780 1132 3852 facit
1151 3777 1464 3851 justitiam,
1514 3793 1584 3832 ea:
1635 3781 1748 3832 Deo
1795 3786 1960 3832 natus
2003 3786 2106 3846 est,

459 3877 786 3932 secundum
840 3871 1013 3927 fidem
1051 3869 1278 3925 scilicet
1308 3871 1565 3921 renatus.
1596 3866 1758 3937 (Cap.
1791 3882 1876 3929 ιιι,
1909 3882 1967 3919 v.
2005 3865 2055 3937 1)
2092 3881 2106 3919 :

456 3967 762 4036 Propterea
792 3961 1034 4016 mundus
1071 3975 1185 4012 non
1225 3959 1498 4028 cognoscit
1545 3971 1663 4020 nos,
1713 3957 1980 4026 quoniam
2012 3970 2111 4010 nec

457 4071 585 4110 eum
617 4051 886 4124 cognovit.
917 4050 1198 4105 Mundum
1228 4046 1370 4100 dicit
1399 4044 1760 4100 saeculariter
1791 4046 1848 4098 in
1883 4043 2110 4099 deliciis

459 4145 745 4200 viventes.
783 4137 1154 4206 Dilectissimi,
1187 4135 1382 4206 inquit
1422 4135 1498 4205 (v.
1538 4133 1616 4206 2),
1664 4150 1816 4188 nunc
1858 4132 1966 4202 ﬁlii
2016 4134 2114 4187 Dei

460 4248 674 4300 sumus,
733 4247 847 4286 non
908 4225 1164 4284 naturali
1225 4225 1538 4281 dilectione
1590 4239 1604 4278 :
1656 4225 1754 4279 sed
1816 4223 1956 4293 quia
2015 4239 2110 4294 pa-

464 4328 613 4378 trem
645 4323 829 4378 Deum
891 4320 1197 4373 habemus.
1264 4315 1445 4384 Major
1499 4313 1717 4384 quippe
1769 4324 1860 4367 est
1916 4312 2108 4365 chari-

460 4416 573 4480 tas,
619 4415 683 4466 ut
735 4425 870 4465 cum
929 4406 1154 4462 nullam
1213 4402 1624 4475 cognationem
1684 4401 1975 4467 habemus
2037 4401 2110 4455 ad

462 4507 670 4569 Deum,
699 4498 886 4570 diligit
914 4513 1020 4552 nos
1042 4491 1493 4557 tamen,etfilios
1514 4507 1656 4546 suos
1677 4490 2068 4562 vocat.(lbid.)
2091 4509 2110 4544 :

461 4592 526 4646 Et
553 4589 784 4645 necdum
811 4587 1017 4642 claruit
1047 4582 1189 4655 quod
1244 4580 1454 4636 erimus
1484 4598 1504 4635 :
1538 4579 1648 4634 hoc
1707 4585 1794 4635 est
1855 4580 1922 4634 ad
1973 4596 2111 4650 qua-

2215 3423 2380 3490 fecta,
2398 3421 2594 3491 inquit
2622 3421 2698 3491 (v.
2732 3421 2844 3490 18),
2863 3421 3120 3478 charitas
3136 3428 3200 3492 ›χ‹
3218 3425 3369 3492 foras
3387 3424 3559 3480 mittit
3581 3425 3858 3482 timorem.

2219 3509 2501 3564 Perl'ectio
2532 3524 2788 3580 namque
2820 3509 3010 3565 ﬁdelis
3043 3511 3302 3568 hominis
3331 3513 3588 3569 charitas
3621 3520 3730 3570 est.
3763 3517 3868 3570 Iste

2218 3608 2318 3668 est,
2343 3597 2538 3668 inquit
2568 3601 2720 3669 (cap.
2752 3615 2807 3666 v,
2840 3614 2892 3653 v.
2925 3600 3004 3669 6),
3050 3600 3148 3672 qui
3200 3603 3350 3658 venit
3395 3619 3496 3673 per
3553 3620 3757 3675 aquam
3815 3613 3869 3660 et

2219 3689 2562 3758 sanguinen;
2603 3686 2821 3742 iterum
2859 3688 2934 3758 (v.
2965 3689 3043 3756 7),
3094 3691 3229 3761 quia
3258 3698 3368 3746 tres
3394 3695 3524 3747 sunt
3551 3695 3649 3764 qui
3679 3692 3876 3765 testiﬁ-

2227 3780 2449 3840 cantur,
2480 3775 2733 3846 spiritus,
2767 3778 2924 3848 quod
2956 3781 3040 3833 est
3095 3778 3238 3842 vita.
3291 3789 3347 3835 et
3376 3797 3539 3852 aqua,
3575 3783 3732 3854 quod
3772 3787 3869 3839 est

2221 3863 2584 3936 regeneratio
2627 3881 2692 3920 ac
2753 3865 2920 3934 ﬁdes,
2943 3874 2994 3922 et
3013 3869 3261 3936 sanguis,
3282 3870 3436 3940 quod
3469 3876 3560 3925 est
3585 3872 3872 3943 cognitio,

2219 3963 2271 4009 et
2300 3955 2360 4009 hi
2387 3963 2495 4009 tres
2525 3971 2703 4008 unum
2730 3962 2877 4008 sunt.
2906 3955 2968 4010 In
2990 3955 3289 4012 Salvatore
3310 3959 3546 4030 quippe,
3571 3959 3696 4015 ista:
3718 3968 3866 4018 sunt

2221 4043 2468 4096 virtutes
2502 4040 2922 4106 salutif'erzs,et
2947 4044 3065 4096 vita
3117 4044 3244 4116 ipsa
3289 4046 3345 4100 in
3399 4047 3523 4116 ipso
3567 4047 3706 4104 Filio
3739 4052 3874 4119 ejus

2222 4130 2470 4187 exsistit.
2506 4129 2596 4201 (V.
2635 4130 2719 4201 14)
2748 4147 2760 4184 :
2787 4131 2850 4185 Et
2879 4131 2997 4188 haec
3025 4135 3104 4187 est
3132 4135 3462 4201 conﬁdentia
3492 4151 3658 4207 quam
3707 4138 3876 4195 habe-

2219 4237 2343 4274 mus
2389 4219 2461 4274 ad
2507 4235 2653 4288 eum,
2686 4219 2812 4290 quia
2841 4221 2891 4273 si
2919 4220 3050 4291 quid
3072 4221 3400 4291 petierimus
3429 4225 3731 4282 secundum
3780 4244 3876 4284 vo-

2227 4309 2504 4364 luntatem
2535 4309 2673 4378 ejus,
2709 4308 2905 4363 audiet
2931 4324 3049 4363 nos.
3082 4309 3207 4365 Non
3240 4311 3511 4368 absolute
3541 4314 3685 4369 dixit
3715 4317 3872 4387 quod

2231 4397 2704 4468 petierimus,sed
2733 4398 2887 4468 quod
2914 4400 3562 4472 oportetpetere.(V.19)
3588 4419 3602 4458 :
3625 4405 3691 4459 Et
3711 4421 3869 4460 mun-

2222 4486 2322 4541 dus
2352 4487 2530 4540 omnis
2555 4485 2617 4540 in
2646 4488 2895 4555 maligno
2947 4489 3272 4544 constitutus
3295 4497 3409 4558 est;
3442 4508 3557 4547 non
3586 4497 3876 4565 creatura,

2223 4577 2323 4630 sed
2353 4577 2664 4631 saeculares
2696 4573 2988 4642 homines,
3013 4580 3070 4631 et
3095 4579 3419 4633 secundum
3443 4581 3870 4654 concupiscen-

460 4681 576 4736 lem
609 4675 944 4750 perventuri
979 4688 1188 4729 sumus
1214 4669 1461 4742 gloriam
1488 4686 1502 4724 :
1528 4668 1588 4723 Si
1609 4669 1758 4723 enim
1779 4671 2107 4738 manifesta-
2143 4679 2194 4743 ι)
2225 4666 2338 4721 tias
2360 4663 2833 4736 viventes.(V.20)
2857 4681 2872 4720 :
2896 4665 2962 4720 Et
2979 4667 3160 4721 Filius
3185 4669 3290 4723 Dei
3309 4667 3533 4737 venit,et
3554 4669 3704 4727 dedit
3716 4672 3874 4728 nobis

457 4777 544 4825 tus
572 4770 765 4839 fuerit,
789 4764 898 4821 hoc
920 4768 1030 4828 est,
1064 4761 1110 4816 si
1160 4759 1397 4832 perfecti
1447 4756 1757 4824 fuerimus,
1801 4758 2013 4813 similes
2058 4757 2111 4813 ei

2224 4755 2922 4822 intellectum,secundum
2947 4755 3122 4811 ﬁdem
3142 4755 3368 4812 scilicet
3385 4759 3790 4816 advenientem
3814 4761 3875 4817 in

457 4857 688 4928 erimus,
717 4853 900 4911 veluti
931 4850 1398 4922 resquiesoentes
1419 4845 1800 4917 etjustilicati
1825 4846 2032 4902 mundi
2055 4846 2116 4904 in
2227 4861 2358 4914 nos,
2391 4844 2491 4916 qui
2523 4845 2699 4900 etiam
2728 4843 2982 4916 Spiritus
3002 4850 3246 4903 sanctus
3267 4846 3622 4920 appellatur.

2125 5122 2203 5180 IV

1057 5225 1417 5288 EJUSDEM
1469 5221 2138 5284 ADUMBRATIONES
2180 5222 2260 5282 IN
2317 5219 2763 5282 EPISTOLAM
2807 5217 2861 5279 ll
2904 5219 3260 5280 JOANNIS.

530 5369 805 5428 Secunda
833 5361 1077 5424 Joannis
1097 5358 1384 5434 Epistola,
1406 5373 1534 5431 quae
1570 5357 1642 5411 ad
1664 5355 1922 5428 virgines
1961 5355 2112 5411 scri-

449 5466 557 5534 pta
573 5465 689 5529 est,
705 5452 1156 5529 simplicissima
1180 5447 1528 5519 est.Scripta
1544 5461 1679 5502 vero
1702 5450 1789 5502 est
1811 5445 1884 5501 ad
1909 5460 2114 5517 quam-

459 5551 596 5607 dam
625 5545 1001 5620 Babyloniam
1034 5541 1283 5596 Electum
1313 5536 1572 5604 nomine,
1599 5535 1896 5607 signiﬁcat
1916 5538 2112 5590 autem

520 5681 588 5749 ἄ(
617 5677 678 5734 Ρ.
711 5675 842 5732 4001
879 5674 992 5730 ED.
1029 5665 1332 5728 POTTEH.

523 5792 632 5867 (88)
676 5791 854 5865 Lapsi
882 5793 943 5847 et
961 5788 1264 5861 apostatas.

2223 5353 2565 5411 electionem
2593 5351 2862 5409 Ecclesiae
2883 5356 3116 5407 sanctae.
3147 5351 3373 5407 Astruit
3393 5352 3448 5406 in
3470 5351 3578 5408 hac
3603 5353 3872 5425 Epistola

2227 5443 2694 5516 persecutionem
2719 5441 2853 5496 fidei
2886 5446 3046 5496 extra
3075 5439 3418 5496 charitatem
3455 5457 3570 5498 non
3620 5459 3771 5514 esse,
3817 5448 3876 5502 et

2225 5537 2288 5589 ut
2319 5549 2491 5588 nemo
2519 5530 2739 5587 dividat
2765 5529 2972 5585 Jesum
3005 5528 3301 5584 Christum
3331 5546 3346 5597 ;
3378 5531 3480 5586 sed
3515 5548 3700 5588 unum
3738 5550 3869 5591 crs-
