4124 6408
350 493 459 550 739

1594 488 1934 545 CLEMKNS
1971 488 2541 545 ALEXANDRINUS

3664 438 3779 541 #740

362 619 500 675 dere
528 618 734 675 Jesum
779 612 1072 671 Christum
1115 610 1346 667 venisse
1393 611 1451 667 in
1501 627 1694 668 carne.
1729 609 1872 667 Nam
1906 609 2007 683 qui
2045 612 2094 680 Α
2126 608 2470 680 hujusmodi
2539 627 2653 666 non
2685 614 2776 668 est
2802 610 3224 678 inhumanum,
3253 608 3360 664 sed
3390 623 3496 665 nec
3525 609 3775 681 conqui-

362 708 542 765 habet
566 706 777 763 Filium
799 703 860 760 in
878 700 1176 758 intellectu
1203 700 1751 773 perceptibiliter,et
1779 702 2003 756 Patrem

358 812 590 870 quoque
615 791 913 867 cognoscit
968 794 1026 847 et
1082 790 1546 862 magnitudinem
1579 789 1815 846 virtutis
1874 790 2003 858 ejus

358 886 485 941 sine
547 883 713 939 initio
770 879 1054 946 temporis
1131 884 1474 951 operantem
1552 877 2006 949 intelligibiliter

356 977 552 1029 mente
582 970 860 1027 continet.
884 968 946 1026 Si
974 970 1097 1041 quis
1126 967 1273 1024 venit
1302 967 1373 1023 ad
1401 983 1513 1034 vos,
1548 967 1742 1038 inquit
1780 968 1858 1038 (v.
1895 967 2002 1033 10),

354 1066 406 1119 et
437 1062 578 1117 hanc
599 1062 907 1117 doctrinam
934 1073 1043 1114 non
1073 1061 1277 1129 portat,
1301 1072 1410 1112 non
1441 1058 1763 1128 suscipiatis
1789 1072 1915 1111 eum
1944 1058 2005 1110 in

356 1151 606 1220 domum,
638 1158 690 1208 et
718 1150 823 1206 Ave
851 1164 921 1204 ne
949 1147 1206 1203 dixeritis
1230 1147 1282 1203 ei
1304 1164 1317 1215 ;
1344 1147 1442 1220 qui
1470 1146 1619 1201 enim
1642 1145 1853 1201 dixerit
1875 1145 2001 1212 Ave,

351 1240 724 1297 communicat
752 1238 1007 1312 operibus
1048 1238 1163 1309 ejus
1193 1234 1481 1304 malignis.
1514 1232 1688 1291 Tales
1743 1234 2004 1290 salutare

349 1330 629 1407 prohibet
656 1333 714 1386 et
742 1327 801 1384 in
842 1326 1179 1401 bospistum
1229 1323 1549 1396 suscipere.
1583 1327 1698 1381 Hoc
1746 1322 1904 1379 enim
1939 1323 2001 1381 in

2116 716 2241 756 rere
2276 702 2357 758 vel
2393 703 2814 776 condisputare
2832 719 2966 760 cum
2991 701 3212 760 talibus
3238 702 3510 758 admonet
3531 702 3633 773 qui
3659 719 3775 758 non

2112 788 2308 844 valent
2360 790 2819 863 intelligibiliter
2855 790 3054 847 divina
3100 793 3373 857 tractare,
3407 804 3478 844 ne
3528 806 3630 861 per
3673 805 3775 845 eos

2114 880 2501 935 traducantur
2531 896 2565 935 a
2594 881 2860 936 doctrina
2890 878 3183 943 veritatis,
3213 876 3638 935 verisimilibus
3679 879 3772 933 in-

2114 965 2288 1022 ducti
2323 968 2945 1023 rationibus.Arbitror
2978 966 3347 1038 autem,quia
3368 970 3428 1021 et
3447 981 3615 1021 orare
3637 981 3773 1021 cum

2114 1054 2335 1111 talibus
2366 1073 2479 1112 non
2515 1056 3057 1130 oportet,quoniam
3092 1056 3152 1111 in
3186 1055 3450 1112 oratione
3474 1072 3602 1127 quae
3630 1054 3770 1109 titin

2115 1144 2630 1218 domo,postquam
2659 1146 2733 1201 ob
2766 1145 2987 1202 orando
3021 1143 3598 1218 surgitugsalutatio
3620 1158 3767 1217 gau-

2115 1231 2196 1286 dii
2231 1236 2320 1289 est
2344 1238 2402 1290 et
2433 1233 2595 1306 pacis
2619 1233 2930 1290 indicium.

2039 1602 2109 1659 V.

864 1722 951 1778 RE
989 1721 1295 1777 ΝΙΚΗΤΟΓ
1466 1719 1864 1776 ΗΡΑΚΛΕΙΑΣ
1899 1716 2465 1774 ΜΗΤΡΟΠΟΛΙΤΟΥ
2491 1717 2601 1773 ΕΙΣ
2635 1719 2752 1773 ΙΩΒ
2781 1716 3232 1773 ΕΞΗΒΙΙΣΕΩΣ.

1474 1847 1575 1907 EX
1620 1845 1926 1907 NICE'UE
1968 1845 2281 1907 CATENA
2328 1845 2402 1904 IN
2444 1843 2613 1906 JUB.

1768 1985 1931 2053 (Cap.
1979 1979 2023 2051 Ι,
2056 1995 2185 2035 vers
2214 1978 2331 2051 2t.)

414 2261 509 2317 87
522 2261 570 2317 2
589 2258 724 2316 Jobi
746 2262 943 2314 autem
963 2254 1140 2313 verba
1159 2255 1242 2312 sic
1258 2254 1587 2327 elegantius
1600 2252 1850 2325 intelligi
1868 2269 1983 2325 pos

2175 2249 2349 2307 Ἀλλὰ
2376 2250 2444 2306 τὰ
2490 2254 2589 2306 τοῦ
2640 2245 2764 2306 Ἰὼϐ
2810 2248 3157 2328 κομψὸτερον
3212 2251 3307 2325 μὲν
3335 2249 3478 2308 οὕτω
3507 2249 3757 2325 νοητέον·

344 2353 520 2405 sunt:
542 2348 728 2403 nudus
757 2364 792 2403 a
823 2345 961 2402 vitio
983 2350 1042 2400 et
1065 2344 1504 2417 peccato.quasi
1530 2359 1600 2399 ea:
1622 2347 1780 2398 utero
1803 2343 1995 2401 matris

338 2454 373 2496 ο
404 2445 559 2494 terra
587 2436 646 2492 in
672 2436 838 2491 initio
856 2436 1129 2496 formatus
1157 2450 1346 2500 suum,
1390 2432 1574 2487 nudus
1596 2434 1656 2487 in
1684 2433 1876 2487 eadem
1905 2447 1992 2488 rc-

336 2536 560 2589 vertar;
646 2542 762 2580 non
816 2529 1014 2580 autem
1096 2520 1595 2594 possessionibus,
1655 2520 1765 2577 hoc
1836 2522 1990 2575 enim

339 2633 587 2690 parvum
643 2620 702 2671 et
760 2613 999 2685 vulgare
1055 2616 1231 2679 esset,
1293 2611 1394 2666 sed
1443 2632 1475 2666 a
1524 2611 1663 2667 vitio
1694 2618 1753 2667 et
1785 2627 1988 2682 pecca-

338 2710 422 2771 to,
452 2710 572 2761 eta
612 2703 978 2760 tenebricoso
1022 2700 1200 2770 idolo,
1254 2701 1407 2773 quod
1462 2718 1563 2756 eos
1615 2699 1833 2771 excipit
1886 2699 1988 2771 qui

335 2794 558 2865 injuste
587 2792 876 2847 vixerunt.
923 2790 1100 2846 Juxta
1156 2805 1289 2845 vero
1349 2787 1514 2855 illud,
1580 2790 1735 2859 quod
1796 2787 1986 2845 omni-

337 2885 452 2941 bus
510 2885 571 2943 in
626 2887 903 2955 promptu
955 2898 1022 2938 ac
1082 2880 1368 2935 familiare
1398 2886 1508 2949 est,
1540 2880 1735 2936 cuncti
1796 2879 1986 2935 nasci-

338 2991 474 3030 mur
516 2974 679 3039 nudi,
712 2973 967 3043 itemque
1016 2970 1157 3026 nudi
1204 2969 1523 3038 etferimur,
1560 2969 1762 3025 fasciis
1819 2968 1985 3037 solis,

334 3079 464 3135 qua
492 3062 772 3119 humanis
801 3066 1170 3117 mortuorum
1218 3059 1563 3131 corporibus
1609 3058 1984 3129 adhibentur,

334 3152 612 3209 devincti.
638 3151 866 3209 Etenim
887 3149 1069 3205 vitam
1092 3147 1247 3204 Deus
1270 3146 1440 3203 nobis
1472 3146 1646 3203 aliam
1692 3164 1984 3218 praepara-

331 3243 437 3308 vit,
468 3251 522 3299 et
553 3247 898 3313 prmeentem
933 3255 1035 3310 pro
1065 3236 1344 3292 curriculi
1377 3235 1469 3292 via
1497 3237 1568 3291 ad
1603 3253 1732 3291 eam
1767 3236 1984 3291 instru-

332 3332 577 3399 xit;eas
607 3330 849 3386 demum
878 3344 981 3400 pro
1038 3326 1249 3381 viatico
1312 3325 1715 3396 possessiones
1762 3325 1983 3381 consti-

334 3428 531 3488 tuens,
564 3434 692 3490 quas
724 3414 1062 3473 necessitati
1092 3414 1481 3469 inservirent:
1508 3430 1640 3469 cum
1666 3413 1818 3470 hanc
1850 3430 1983 3470 vero

332 3509 489 3564 viam
519 3506 702 3564 semel
731 3505 959 3563 emensi
1000 3503 1308 3569 fuerimus,
1352 3503 1699 3559 facultatum
1736 3508 1797 3558 et
1831 3503 1981 3559 divi-

331 3599 549 3654 tiarum
601 3595 888 3665 uxsomnis
944 3594 1261 3649 comitatus
1309 3609 1418 3649 nos
1467 3593 1704 3648 deserit.
1766 3592 1978 3649 Eorum

330 3687 508 3751 enim,
540 3701 669 3757 quas
697 3684 759 3739 in
789 3683 907 3739 vita
949 3682 1292 3749 habuimus,
1346 3680 1493 3737 nihil
1546 3687 1813 3737 nostrum
1863 3681 1979 3738 dici

329 3780 543 3849 potest,
577 3790 695 3829 una
724 3776 965 3844 excepta
996 3771 1230 3843 pietate,
1264 3771 1438 3841 cujus
1469 3774 1559 3827 est
1590 3776 1794 3826 nostra
1823 3785 1982 3827 certa

328 3865 662 3938 possessio;
698 3862 850 3918 hanc
891 3877 1051 3917 mors
1075 3861 1361 3933 ingruens
1393 3858 1563 3915 nobis
1593 3874 1710 3915 non
1745 3859 1978 3931 eripiet,

331 3953 511 4011 rebus
556 3958 754 4009 autem
803 3950 1081 4008 omnibus
1131 3949 1264 4005 aliis
1294 3948 1566 4021 quamvis
1592 3948 1827 4017 invitos,
1871 3965 1977 4005 nos

331 4052 521 4101 exuet.
554 4041 707 4115 Opes
736 4039 974 4113 quidem
1031 4040 1103 4096 ad
1155 4038 1307 4094 hanc
1355 4037 1532 4093 vitam
1565 4037 1975 4095 sustinendam

328 4130 685 4205 accepimus,
719 4134 897 4203 atque
928 4128 1136 4184 barum
1168 4126 1292 4184 solo
1320 4126 1512 4183 fructu
1548 4128 1844 4200 decerpto,
1875 4128 1975 4184 de-

328 4221 546 4294 migrat
576 4217 986 4291 unusquisque
1014 4215 1293 4287 exiguum
1343 4213 1474 4270 vitas
1524 4220 1974 4270 monumentum

327 4309 692 4384 relinquens,
715 4307 824 4364 hoc
845 4307 1085 4362 demum
1122 4302 1532 4375 estjelicitatis
1562 4304 1758 4360 omnis
1787 4309 1975 4360 extre-

326 4414 515 4467 mum,
545 4397 640 4454 hic
667 4398 1019 4452 cunctorum
1064 4393 1352 4449 bonorum
1411 4408 1540 4465 quae
1588 4397 1729 4449 sunt
1765 4392 1825 4449 in
1857 4393 1975 4450 vita

321 4490 537 4547 exitus.
564 4488 739 4544 Recte
758 4484 941 4558 igitur
955 4483 1175 4550 infans,
1199 4488 1265 4539 ut
1288 4481 1493 4539 matris
1509 4487 1674 4539 utero
1690 4487 1867 4555 caput
1882 4498 1975 4539 ex-

326 4576 486 4647 tulit,
521 4593 638 4633 non
663 4591 695 4631 e
726 4575 872 4645 risu,
918 4573 1021 4629 sed
1058 4589 1092 4628 ο,
1119 4570 1398 4629 lamentis
1458 4571 1662 4628 statim
1723 4571 1972 4644 incipit;

327 4665 508 4723 flebili
527 4665 686 4722 enim
708 4663 998 4731 voce,vitas
1023 4662 1446 4733 propemodum
1468 4659 1970 4732 indignatur,quaa

326 4754 573 4813 exitiosa
599 4771 667 4810 ac
696 4751 892 4809 letalia
924 4766 1192 4821 munera,
1222 4769 1252 4805 a
1288 4750 1480 4821 primo
1524 4748 1761 4805 exordio
1791 4750 1971 4821 degu-

330 4844 547 4902 standa
569 4844 620 4900 ei
653 4841 948 4915 proponit.
979 4839 1348 4910 Simulatque
1377 4837 1535 4893 enim
1568 4839 1764 4894 editus
1787 4837 1849 4894 in
1880 4838 1972 4895 lu-

326 4951 453 4992 cem
486 4937 543 4990 et
572 4934 884 5003 susceptus
919 4933 1031 4997 est,
1065 4943 1280 4983 manus
1302 4926 1587 4998 redesquc
1612 4928 1741 4999 ejus
1772 4926 1967 4984 fasciis

2107 2340 2309 2415 γυμνὸς
2363 2339 2553 2403 κακίας
2610 2340 2699 2397 καὶ
2759 2340 3050 2415 ἁμαρτίας,
3112 2340 3186 2403 ὡς
3246 2340 3305 2396 ἐκ
3376 2340 3594 2406 κοιλίας
3656 2366 3762 2417 μη-

2100 2429 2254 2504 τρὸς,
2305 2428 2366 2485 ἐκ
2420 2437 2521 2500 τῆς
2581 2436 2686 2505 γῆς
2739 2431 2856 2485 κατ’
2909 2430 3087 2506 ἀρχὰς
3143 2426 3500 2505 διεπλάσθην,
3552 2434 3760 2507 γυμνὸς

2101 2518 2177 2580 είς
2232 2520 2330 2588 τήν
2391 2521 2493 2593 γῆν
2551 2518 2641 2574 καὶ
2700 2518 3094 2593 ἀπελεύσομαι·
3156 2521 3363 2594 γυμνὸς
3415 2520 3477 2575 06
3542 2521 3761 2596 κτημά-

2096 2629 2227 2677 των,
2264 2612 2431 2663 τοῦτο
2478 2608 2578 2683 γὰρ
2631 2609 2825 2683 μικρόν
2875 2629 2933 2663 τε
2980 2609 3069 2663 καὶ
3117 2610 3323 2679 κοινὸν,
3368 2608 3515 2665 ἀλλά
3561 2613 3762 2676 κακίας

2097 2696 2186 2751 καὶ
2217 2696 2504 2773 πονηρίας,
2545 2696 2635 2752 καὶ
2681 2700 2778 2752 106
2826 2696 3097 2771 ἑπομένου
3143 2703 3261 2761 τοῖς
3313 2696 3519 2763 ἀδίκως
3557 2700 3760 2776 βιώσα-

2098 2805 2180 2839 σιν
2207 2783 2425 2850 ἀειδοῦς
2471 2782 2727 2842 εἰδώλου·
2779 2786 2918 2841 κατὰ
2964 2783 3023 2841 δὶ
3076 2787 3140 2842 τὸ
3188 2787 3511 2865 πρόχειρον,
3558 2789 3757 2854 πάντες

2096 2872 2375 2950 ἂνθρωποι
2422 2874 2512 2930 καὶ
2556 2874 2755 2950 γυμνοὶ
2795 2876 3132 2951 γεννώμεθα,
3185 2875 3275 2931 καὶ
3328 2878 3530 2952 γυμνοὶ
3586 2877 3755 2935 πάλιν

2095 2962 2435 3041 ἐκφερόμεθα
2467 3006 2483 3033 ,
2566 2969 2684 3028 τοῖς
2777 2963 3052 3042 ἐνταφίοις
3154 2965 3343 3038 μόνοις
3426 2969 3758 3044 σπαργάνοις

2096 3048 2481 3125 δεσμούμενοι.
2532 3050 2738 3109 Ἀλλον
2790 3054 2892 3129 γὰρ
2940 3056 3078 3125 ἡμῖν
3112 3054 3140 3108 ὁ
3173 3054 3303 3117 Θεὸς
3347 3057 3758 3131 προηυτρέπισε

2098 3142 2242 3218 βίον,
2299 3144 2388 3199 καὶ
2447 3149 2543 3199 106
2591 3144 2727 3219 πρὸς
2783 3144 2985 3200 ἐκεῖνον
3050 3142 3261 3219 δρόμου
3317 3147 3445 3215 τὴν’
3478 3151 3757 3222 παροῦσαν

2096 3233 2242 3302 ζωήν
2271 3229 2397 3287 ὁδὸν
2434 3233 2809 3306 κατεσκεύασε,
2839 3236 2941 3289 τάσ
2969 3234 3116 3310 παρᾶ
3150 3242 3251 3305 τῆς
3284 3237 3531 3307 κτήσεως
3562 3234 3758 3312 χρείας

2093 3322 2169 3385 εἰς
2196 3321 2387 3383 ἐφόδια
2410 3323 2574 3397 μόνον
2606 3331 2706 3394 τῆς
2740 3322 2869 3380 ὁδοῦ
2900 3325 3215 3396 κατατάξας·
3260 3326 3462 3397 ταύτην
3516 3324 3573 3381 δὲ
3612 3329 3753 3398 ἡμῖν

2090 3412 2189 3480 τὴν
2249 3409 2375 3467 ὁδὸν
2431 3411 2737 3483 ἐξελθοῦσιν
2794 3415 2823 3468 ὁ
2865 3418 2973 3469 τῶν
3031 3413 3339 3484 κτηθέντων
3397 3412 3758 3479 ἀσυνόδευτος

2090 3501 2355 3565 πλοῦτος.
2390 3499 2560 3559 Οὐδὲν
2591 3504 2694 3579 γὰρ
2727 3504 2802 3557 ὧν
2830 3502 3167 3577 ἐσχήκαμεν,
3200 3498 3405 3579 ἔχομεν
3438 3501 3597 3575 ἴδιον,
3631 3505 3752 3569 ἑνὸς

2090 3592 2372 3663 κτήματος
2430 3592 2594 3666 μόνον
2653 3599 2757 3661 τῆς
2832 3588 3076 3655 εὐσεϐίας
3133 3592 3292 3667 ἐσμὶν
3353 3590 3757 3668 ἴδιοκτήτορες·

2087 3677 2288 3750 ταύτην
2319 3682 2467 3753 ἡμᾶς
2518 3680 2743 3745 θάνατος
2792 3678 3037 3745 ἐπελθὼν
3092 3682 3154 3737 οὐ
3200 3680 3452 3753 συλήσει,
3497 3686 3606 3737 τῶν
3648 3681 3751 3738 ἄλ-

2089 3765 2201 3823 λων
2232 3765 2290 3823 δὶ
2320 3769 2566 3824 ἁπάντων
2617 3765 2840 3827 ἐκϐαλεῖ
2885 3770 2976 3825 καὶ
3029 3772 3106 3845 μή
3159 3769 3438 3836 θέλοντας·
3482 3771 3558 3834 εἰς
3609 3772 3750 3828 ὑπο-

2086 3859 2406 3913 κατάστασιν
2453 3859 2556 3934 γὰρ
2599 3861 2698 3929 τήν
2778 3861 3040 3936 βιωτικὴν
3099 3863 3297 3924 πάντες
3357 3857 3745 3938 παρελάϐομεν

2086 3954 2297 4017 κτῆσιν,
2329 3948 2419 4003 καὶ
2456 3947 2622 4020 μόνον
2649 3948 2851 4021 ταύτης
2877 3951 2976 4019 τὴν
3009 3956 3209 4027 χρῆσιν
3258 3951 3480 4013 ἕκαστος
3511 3971 3744 4025 καρπω-

2086 4034 2317 4109 σάμενος
2378 4038 2581 4109 ἄπεισι,
2632 4038 2814 4115 βραχὺ
2861 4040 3008 4113 παρὰ
3053 4044 3152 4096 106
3202 4039 3327 4115 βίου
3373 4040 3750 4114 κομιζόμενος

2088 4129 2301 4199 μνῆμα·
2333 4131 2496 4182 τοῦτο
2527 4126 2631 4203 γὰρ
2683 4129 2861 4200 πάσης
2907 4128 3205 4206 εὐημερίας
3246 4128 3313 4184 τὸ
3356 4127 3543 4198 τᾶλος,
3580 4132 3751 4185 τοῦτο

2081 4218 2188 4268 τῶν
2244 4215 2517 4290 βιωτικῶν
2567 4216 2778 4292 ἀγαθῶν
2834 4218 2898 4273 τὸ
2958 4217 3344 4293 συμπέρασμα.
3392 4215 3589 4280 Καλῶς
3644 4216 3756 4294 ἄρα

2081 4304 2145 4358 τὸ
2180 4304 2398 4383 βρέφος,
2429 4308 2529 4375 τῆς
2578 4307 2814 4382 γαστρὸς
2862 4309 3208 4384 παρακύψαν,
3258 4308 3473 4382 θρήνων
3522 4308 3751 4381 εὐθέως,

2083 4392 2149 4447 οὗ
2178 4390 2422 4468 γέλωτος
2453 4394 2702 4470 ἄρχεται·
2733 4395 2912 4451 κλαίει
2960 4395 3061 4473 γὰρ
3110 4395 3292 4469 ὥσπερ
3340 4400 3439 4451 τοῦ
3488 4395 3610 4472 βίου
3640 4417 3746 4453 κα-

2079 4475 2294 4537 ταϐοῶν
2321 4526 2339 4554 ,
2398 4485 2524 4559 παρ’
2584 4482 2646 4539 οὗ
2704 4484 3046 4558 θνησιμαίων
3125 4483 3184 4540 ὲκ
3235 4486 3551 4562 προοιμίων
3607 4486 3747 4541 ἆπο-

2079 4570 2298 4646 γεύεται
2348 4568 2561 4649 δώρων·
2610 4574 2801 4649 τεχθὲν
2855 4575 2961 4649 γὰρ
3009 4580 3206 4650 χεῖρας
3254 4574 3450 4637 εὐθὲως
3498 4594 3747 4653 σπαργα-

2079 4664 2288 4729 νοῦται,
2312 4661 2403 4715 καὶ
2442 4658 2635 4732 πόδας,
2667 4662 2756 4717 καὶ
2794 4660 3018 4736 δεσμοῖς
3068 4662 3420 4736 ἑνειλημένον
3470 4662 3744 4719 ἀπολαύει

2078 4756 2180 4819 τῆς
2239 4749 2439 4820 θηλῆς.
2497 4757 2561 4805 Ὤ
2607 4751 2905 4825 προοιμίου
2951 4756 3117 4823 ζωῆς,
3168 4750 3490 4829 προδρόμου
3530 4754 3739 4827 νεκρώ-

2079 4841 2252 4903 σιωςί
2286 4844 2443 4915 Ἄρτι
2498 4841 2561 4896 τὸ
2616 4839 2814 4919 βρέφος
2873 4841 2950 4903 εἷς
3007 4842 3153 4911 ζωὴν
3208 4840 3585 4913 παρελήλυθε,
3644 4843 3740 4899 καὶ

2078 4935 2281 5007 νεκρῶν
2336 4929 2534 4996 εὐθέως
2581 4930 2727 5003 αὐτῷ
2766 4930 3068 5006 στολισμὸς
3111 4933 3487 5009 προσηνέχθη·
3542 4934 3744 5008 ὑπομι-

321 5022 807 5095 constringuntur
829 5025 888 5075 et
917 5017 1166 5075 vinculis
1195 5015 1517 5087 impeditus
1553 5016 1835 5073 uberibus
1864 5034 1967 5090 po-

2092 5021 2310 5090 ινήσκει
2357 5019 2457 5095 γὰρ
2501 5024 2599 5076 106
2645 5019 2838 5084 τέλους
2868 5022 2996 5084 τοὺς
3044 5022 3331 5099 τεχθὲντας
3360 5024 3396 5092 ἡ
3429 5020 3608 5101 φύσις.
3638 5022 3745 5078 Διὸ

324 5119 490 5171 titur.
523 5111 568 5169 Ο
592 5111 716 5168 vitae
742 5106 1156 5181 primordium,
1178 5103 1384 5161 mortis
1416 5106 1820 5177 prodromuml
1848 5107 1968 5165 Nu-

2078 5106 2168 5163 καὶ
2198 5108 2261 5163 τὸ
2291 5106 2509 5164 παιδίον
2542 5110 2799 5185 γεννηθὲν
2850 5106 3200 5185 ἀποδύρεται,
3231 5109 3472 5187 καθάπερ
3522 5113 3592 5184 τῇ
3627 5132 3740 5184 μη-

327 5220 429 5276 per
458 5205 549 5259 est
575 5200 773 5258 infans
801 5198 874 5254 ad
905 5196 1084 5252 vitam
1115 5194 1440 5267 ingressus,
1486 5211 1592 5254 nec
1620 5195 1968 5270 interposita

2092 5196 2165 5272 τρὶ
2197 5194 2288 5253 διὰ
2315 5202 2412 5255 τοῦ
2443 5200 2646 5274 θρήνου
2700 5199 2867 5273 βοῶν·
2900 5198 2969 5257 Τί
3020 5218 3087 5273 με
3114 5200 3251 5275 πρὸς
3290 5198 3516 5272 ταύτην,
3549 5200 3594 5255 ὦ
3624 5204 3745 5274 ’μῆ-

390 5332 456 5398 ἰη
484 5326 547 5383 P.
581 5324 721 5380 1002
743 5321 855 5378 so.
886 5318 1193 5377 POTTER.

399 5453 509 5521 (89)
541 5450 637 5506 Ἐκ
663 5447 934 5517 Νικητοῦ.
972 5442 1169 5521 Brimo.
1215 5443 1528 5521 fragmenti
1561 5442 1814 5515 hujusce
1834 5458 1974 5521 sen-

326 5515 513 5590 tentia
543 5515 1094 5590 occurrit‘superiu‘s
1136 5517 1194 5570 in
1243 5515 1445 5590 stram.
1508 5530 1583 5590 iv,
1634 5530 1797 5590 passa
1824 5515 1973 5590 63d:

328 5589 455 5649 Ἰὼϐ
485 5589 545 5646 δὲ
573 5592 602 5646 ὁ
652 5583 909 5656 δίκαιος,”
928 5584 1128 5656 Αὐτὸς,
1173 5585 1329 5662 φησὶ,
1353 5583 1869 5662 ’γυ-μνρςηέξῆλθον
1916 5583 1978 5662 ἐκ

330 5606 455 5649 Ἱὼῦ
485 5606 545 5646 σε
573 5606 602 5646 ο
652 5606 882 5656 δίκαιος,
928 5606 1128 5656 Αυτος,
1173 5606 1329 5713 ἵησι,
1376 5606 1601 5662 γυμνος,
1644 5606 1869 5655 εζηλοον
1916 5606 1971 5639 εκ

328 5663 545 5737 κοιλίας
597 5663 804 5737 μητρός
857 5679 985 5737 μου,
1031 5678 1173 5737 γυμν
1212 5678 1237 5720 ς
1279 5657 1369 5737 καὶ
1427 5654 1798 5737 ἀπελεύσομαι
1841 5655 1971 5737 ἐκεῖ·

331 5733 395 5789 06
443 5726 738 5806 1111961036
764 5726 1022 5806 36:96:,
1046 5726 1235 5804 ’(τοῦτο
1284 5729 1402 5806 μὲνῆ
1418 5727 1521 5801 γὰρ
1572 5727 1766 5806 μικρόν
1795 5748 1854 5783 1a
1882 5726 1974 5806 xui

329 5796 569 5877 κοινόν·’)’
590 5802 719 5859 ἀλλ’
747 5796 823 5865 ὡς
851 5796 1085 5872 δίκαιος,
1130 5796 1341 5875 γυμνὸς
1372 5796 1554 5854 ἄπεισι
1576 5796 1776 5864 κακίας
1798 5820 1857 5856 τε
1884 5798 1975 5856 καὶ

2086 5444 2404 5523 ᾀμαρτίας-,λ
2425 5446 2514 5523 καὶ
2571 5451 2668 5503 106
2716 5444 2988 5521 ἓπομένου
3041 5452 3163 5509 τοῖς
3211 5444 3415 5509 ἀδίκως
3475 5447 3740 5523 βιῴσασιν

2083 5516 2298 5591 ᾂειὸοὖς
2326 5516 2584 5576 εἰδώλου.
2638 5524 2776 5587 Quae
2826 5516 3182 5591 sequuntur,
3243 5537 3360 5577 non
3390 5516 3514 5576 tam
3545 5518 3737 5591 ipsius

2085 5590 2399 5666 Clementis
2428 5608 2559 5666 esse
2581 5593 2874 5660 videntur,
2909 5609 3084 5666 quam
3130 5590 3372 5666 alterius
3400 5590 3738 5666 cujuspiam

2084 5662 2366 5734 auctoris,
2414 5664 2586 5734 cujus
2645 5680 2858 5720 nomen
2914 5660 2946 5720 ὁ
2995 5664 3207 5720 Nicetis
3254 5660 3738 5720 Catenahxbidit

2084 5734 2241 5804 quod
2272 5732 2332 5789 in
2365 5732 2706 5805 hujusmodi
2734 5736 3011 5808 Operihus
3043 5751 3195 5809 saepe
3226 5735 3373 5792 alias
3404 5735 3489 5791 tit.
