4124 6498
396 531 496 586 741

398 748 656 824 προκοπή
688 748 824 821 πρὸς
853 748 943 803 τὸν
979 749 1244 819 θάνατον,
1279 749 1342 806 Τί
1377 770 1443 823 με
1481 751 1616 826 πρὸς
1666 749 2058 824 πολυτάραχον

403 837 574 892 αἰῶνα
603 839 940 914 παρήγαγες,
973 837 1024 892 ἐν
1168 839 1416 914 τεχοὲντι
1473 860 1566 911 μοι
1598 840 1668 894 τὰ
1694 839 1967 913 προοίμια
1996 839 2066 894 τὰ

405 927 686 1001 σπάργανα
719 946 732 997 ;
767 928 833 984 Τί
871 948 938 1000 με
961 927 1197 1000 τοιούτῳ
1226 925 1613 1001 παραδέδωκας
1652 929 1779 1004 βίῳ,
1809 927 1862 982 ἐν
1896 929 1942 1000 ᾧ
1974 945 2065 997 καὶ

404 1017 597 1087 νεότης
658 1012 869 1085 ἐλεεινή
921 1020 1236 1092 τρυχομένη
1292 1017 1396 1092 πρὸ
1453 1021 1682 1093 γήρως,
1740 1018 1829 1073 καὶ
1888 1026 2064 1093 γῆρας

409 1107 659 1187 φευκτὸν,
691 1106 768 1170 ὡς
806 1105 1149 1171 ἔπιθανάτιον
1187 1125 1200 1174 ;
1244 1107 1450 1175 Δεινὸν,
1479 1106 1523 1160 ὦ
1577 1114 1771 1183 μῆτερ,
1802 1113 1898 1164 τοῦ
1943 1109 2065 1184 βίου

407 1199 469 1252 τὸ
499 1194 740 1266 στάδιον,
775 1195 1000 1260 θάνατον
1049 1191 1179 1271 ἔχον
1227 1201 1336 1251 τῶν
1387 1195 1696 1272 τρεχόντων
1744 1205 2064 1272 καμπτῆρα.

411 1287 612 1362 Πικράν
688 1286 791 1355 τῆν
871 1285 1135 1360 βιωτικῆν
1197 1282 1597 1360 ὁδοιποροῦμεν
1660 1284 1784 1341 ὁδὸν
1824 1330 1838 1356 ,
1897 1288 2063 1363 τάφον

407 1375 641 1453 ἔχουσαν
696 1380 807 1430 τῶν
867 1370 1164 1430 ὀδευὸιτων
1202 1374 1510 1448 κατάλυμα·
1563 1375 1810 1451 χαλεπὸν
1857 1376 1921 1430 τὸ
1968 1382 2066 1446 τῆς

412 1475 560 1539 ζωῆς
608 1463 942 1539 διατελέομεν
994 1463 1252 1542 πέλαγος,
1304 1461 1438 1536 ᾅδην
1489 1467 1591 1542 γάρ
1643 1465 1761 1542 ἕχει
1806 1469 2067 1542 πειρατὴν

410 1557 708 1635 ἐφεστῶτα.
742 1556 923 1617 Μόνος
955 1554 1006 1609 ἐν
1041 1555 1205 1610 ἅπασι
1235 1556 1444 1629 γυμνὸς
1489 1561 1739 1629 γεννᾶται
1784 1557 1812 1610 ὁ
1862 1555 2067 1630 ἅνθρω-

409 1669 537 1717 πος,
588 1645 698 1720 οὐχ
745 1643 941 1711 ὅπλον,
999 1645 1098 1699 οὐκ
1148 1639 1348 1718 ἔνδεμα
1397 1646 1837 1720 συγγεννώμενον
1895 1645 2068 1720 σ’χώνο

413 1737 524 1812 οὐχ
554 1737 628 1798 ὡς
656 1740 764 1790 τῶν
799 1731 984 1788 ἄλλων
1039 1735 1192 1803 ζώων
1244 1733 1506 1803 ἐλάττων,
1559 1733 1687 1788 ἀλλ’
1719 1735 1866 1796 ὅπως
1903 1739 1937 1803 ἡ
1975 1735 2066 1806 μὲν

411 1826 719 1902 γύμνωσις,
769 1822 859 1878 καὶ
907 1823 970 1877 τὸ
1027 1821 1194 1896 μηδὲν
1245 1825 1657 1898 συνεπάγεσθαι,
1699 1823 2068 1897 κατασκευάζῃ

414 1937 501 1971 σοι
554 1915 842 1988 μεριμνανο
895 1915 930 1981 ὴ
979 1911 1217 1987 μέρὶμνα
1266 1909 1324 1966 δὲ
1367 1913 1430 1967 τὸ
1483 1913 1647 1989 σοφὸν
1697 1912 2069 1985 ἐκπομπεύσῃ,

1867 537 2344 593 FRAGMENTA.

395 679 511 734 τερ,
543 658 643 728 τὴν
704 658 848 727 ζωὴν
898 657 1230 730 ἀπεκύησας,
1277 658 1390 733 ἐνῇ
1436 663 1533 715 τοῦ
1566 664 1662 734 ζῇν
1696 663 1730 730 ἡ
1760 663 2051 734 προσθήκη

2195 680 2338 718 nora
2367 671 2733 720 mortuorum
2768 669 2979 738 pannis
3013 672 3287 726 amicitur

3707 548 3817 603 742

3333 691 3344 727 :
3399 681 3610 731 natura
3658 677 3816 733 enim

2171 753 2306 807 ﬁnis
2331 758 2670 809 memoriam
2699 765 2923 813 revocat
2945 759 3018 814 iis
3041 763 3140 830 qui
3171 770 3652 821 nascuntur.Huc
3685 783 3825 838 per-

2171 842 2316 895 tinet
2345 843 2485 897 editi
2517 843 2761 899 infantis
2793 846 3260 916 ejulatus,ilebili
3296 854 3466 922 quasi
3499 857 3822 927 voce,apud

2174 936 2420 986 matrem
2454 932 2831 988 lamentantis
2855 938 3000 991 :Cur
3023 954 3115 992 me
3138 939 3192 992 in
3217 941 3367 995 hanc
3390 944 3596 1008 vitam,
3618 952 3820 1012 mater,

2173 1023 2346 1074 enixa
2375 1038 2457 1090 es,
2492 1022 2550 1075 in
2585 1040 2702 1092 qua
2748 1036 2870 1078 Vitae
2923 1028 3253 1098 prorogatio
3307 1031 3375 1085 ad
3429 1040 3678 1087 mortem
3735 1039 3826 1089 est

2177 1109 2550 1180 progressio?
2576 1115 2693 1166 Cur
2726 1129 2817 1167 me
2849 1116 2906 1167 in
2941 1115 3256 1172 multarum
3288 1120 3593 1176 turbarum
3636 1138 3824 1178 sacu-

2176 1200 2300 1252 lum
2357 1199 2754 1267 introduxisti,
2787 1203 2848 1258 in
2899 1220 3016 1273 quo
3073 1206 3214 1260 mihi
3269 1215 3403 1262 nato
3456 1211 3645 1266 fasciae
3686 1217 3829 1268 sunt

2175 1289 2454 1343 exordia?
2486 1288 2601 1343 Cur
2635 1291 2974 1360 hujusmodi
3008 1309 3098 1347 me
3131 1294 3261 1349 vita:
3294 1298 3588 1364 addixisti,
3621 1298 3679 1354 in
3712 1316 3830 1371 qua

2176 1379 2537 1446 etjuventus
2570 1379 2926 1446 miseranda,
2961 1389 3095 1436 ante
3124 1385 3356 1439 senium
3407 1386 3576 1442 malis
3629 1390 3833 1444 attrita

2179 1472 2235 1520 et
2266 1468 2547 1533 conlecta,
2581 1472 2635 1521 et
2669 1476 2963 1535 senectus,
2986 1477 3050 1524 ut
3080 1472 3344 1542 exitiosa,
3365 1476 3676 1546 fugienda?
3694 1482 3829 1533 For-

2181 1556 2480 1623 midabile,
2516 1573 2548 1611 ο
2573 1563 2777 1626 mater,
2809 1565 2866 1613 et
2887 1576 3060 1630 grave
3080 1567 3169 1616 est
3189 1561 3366 1631 hujus
3389 1564 3524 1620 vitae
3545 1567 3827 1634 stadium,

2181 1647 2351 1714 cujus
2385 1653 2540 1700 meta
2566 1652 2657 1699 est
2685 1649 3049 1702 currentium
3083 1651 3375 1706 interitus.
3408 1653 3830 1710 Calamitosam

2180 1734 2308 1787 vita:
2343 1733 2495 1789 viam
2530 1735 2925 1803 ambulamus,
2959 1754 3090 1806 quae
3122 1741 3486 1806 sepulturam
3522 1742 3698 1798 habet
3731 1760 3832 1814 pro

2182 1823 2522 1889 diversorio;
2549 1825 2787 1880 dit't'icile
2807 1833 2983 1896 atque
3006 1829 3286 1883 infestum
3311 1831 3439 1884 vitae
3465 1829 3706 1902 pelagus
3730 1849 3834 1887 na-

2183 1911 2471 1981 vigamus,
2508 1913 2597 1966 cui
2632 1914 2896 1968 infernus
2941 1919 3224 1986 tanquam
3276 1917 3485 1987 pirata,
3539 1920 3833 1977 imminet.

415 2007 516 2075 τήν
552 2003 744 2079 ἀργίαν
775 1996 1004 2075 ἐκϐάλῃ,
1051 1999 1311 2076 εἷσαγάγῃ
1358 2002 1454 2063 τὰς
1499 2002 1698 2075 τέχνας
1731 1999 1800 2056 δι’
1844 1996 2071 2070 ἔνδειαν,

2195 2001 2349 2055 Solus
2371 2017 2439 2055 ex
2460 2002 2734 2057 omnibus
2757 2003 2932 2058 homo
2956 2005 3150 2059 nudus
3173 2005 3624 2076 gignitur,nullo
3639 2009 3723 2065 vel
3748 2026 3835 2065 ar-

417 2095 654 2170 γεννήσῃ
712 2095 976 2166 μηχανῶν
1035 2090 1340 2152 ποικιλίας.
1400 2092 1460 2149 Ὁ
1515 2092 1615 2166 γὰρ
1657 2091 1863 2166 γυμνὸς
1896 2089 2073 2144 πολυ-

431 2187 699 2258 μήχανος,
751 2181 934 2256 ὥσπερ
982 2180 1192 2252 κέντρῳ
1225 2184 1294 2254 τῇ
1343 2181 1507 2256 χρείᾳ
1555 2181 1906 2252 νυσσόμενος,
1957 2183 2074 2240 πῶς

433 2271 622 2334 ὑετοὺς
651 2269 921 2348 ἀποφύγῃ,
956 2274 1072 2332 πῶς
1116 2270 1406 2347 σοφίσηται
1458 2269 1645 2343 κρύος,
1695 2274 1812 2332 πῶς
1858 2268 2078 2342 πληγὰς

431 2361 833 2437 ἀντιφράξηται,
889 2364 1006 2422 πῶς
1047 2361 1340 2435 γεωργήσῃ
1388 2361 1489 2429 τῆν
1533 2366 1659 2432 γῆν,
1709 2364 1826 2422 πῶς
1857 2353 2075 2434 φοϐήσῃ

431 2451 611 2526 θηρία,
664 2453 783 2512 πῶς
859 2445 1076 2522 δαμάσῃ
1130 2449 1196 2502 τὰ
1254 2446 1594 2523 δυνατώτερα
1628 2491 1640 2504 .
1704 2449 2078 2521 Βρεχόμενος,

427 2539 634 2617 ὀροφὴν
694 2538 1022 2614 ἐτεχνήσατο
1056 2557 1069 2569 ·
1133 2537 1365 2612 ῥιγώσας
1395 2581 1411 2607 ,
1479 2533 1766 2606 ἐπενόησεν
1828 2532 2028 2608 ἔνδυμα
2062 2553 2075 2566 ’

422 2628 806 2702 πληττόμενος
883 2624 1274 2701 μεμηχάνηται
1335 2627 1555 2701 θώρακα
1603 2647 1614 2658 ·

426 2724 619 2795 χεῖρας
677 2716 888 2792 γυμνὰς
946 2715 1000 2771 ἐν
1053 2716 1337 2790 γεωργίαις
1397 2717 1704 2788 αἱμάσσων,
1755 2714 2081 2787 ἐμελέτησεν

427 2809 675 2882 ὁργάνων
709 2807 988 2881 βοήθειαν
1018 2805 1436 2880 γεγυμνωμένος
1487 2805 1702 2880 θηρίοις
1747 2804 1822 2866 εἰς
1860 2804 2078 2877 βρῶμα,

428 2897 576 2972 εὗρεν
610 2894 670 2950 ἐκ
701 2890 874 2972 φόϐου
893 2896 1118 2970 τεχνην,
1144 2894 1212 2948 τὰ
1232 2888 1506 2970 φοϐοῦντα
1536 2888 1829 2970 φοϐοὖσαν.
1863 2890 2079 2960 Ἀλλην

427 2985 480 3059 ἐξ
529 2983 708 3056 ἄλλης
769 2982 1045 3060 ἐγέννησεν
1097 2983 1132 3049 ἡ
1191 2982 1466 3059 γόμνωσις
1528 2983 1760 3051 σύνεσιν,
1817 2983 1892 3045 ὡς
1948 2982 2081 3035 εἶναι

429 3075 518 3131 καὶ
548 3076 647 3144 τήν
679 3074 956 3149 γύμνωσιν
1008 3069 1182 3148 δῶρον
1228 3072 1317 3126 καὶ
1349 3072 1510 3146 χάριν
1551 3068 1897 3140 δεσποτικήν.
1935 3075 2084 3141 Γυμ-

428 3167 520 3230 νὸς
551 3164 642 3219 οὗν
695 3163 785 3217 καὶ
835 3163 864 3216 ὁ
897 3157 1024 3217 Ἰὼϐ
1074 3161 1338 3222 καταστὰς
1387 3161 1717 3235 χρημάτων,
1767 3160 2083 3232 κτημάτων,

430 3253 725 3325 εὐτεκνίας,
763 3249 1143 3314 πολυτεκνίας,
1174 3250 1262 3304 καὶ
1311 3250 1482 3304 πάντα
1529 3249 1580 3302 ἐν
1631 3250 1829 3324 βραχεῖ
1878 3242 2087 3302 ἀποϐα-

431 3343 571 3412 λὼν,
598 3345 700 3412 τήν
751 3340 1074 3416 εὐχάριστον
1118 3338 1320 3409 ταύτην
1368 3340 1548 3417 φωνὴν
1601 3333 1904 3410 ἐξεϐόησεν·
1942 3343 2086 3408 Γυμ-

1677 2625 1928 2689 ἀκάνθαις
1983 2625 2080 2686 τὰς

2186 2106 2417 2144 morum
2448 2091 2536 2144 vel
2568 2091 3053 2146 indumentorum
3086 2101 3337 2150 connato
3377 2111 3588 2165 genere
3637 2103 3835 2167 prote-

2184 2185 2336 2246 ctus;
2372 2196 2483 2234 non
2517 2181 2667 2243 ideo,
2701 2180 2854 2248 quod
2888 2182 2965 2235 sit
2995 2183 3219 2236 caeteris
3252 2185 3654 2241 animantibus
3686 2187 3838 2241 infe-

2188 2268 2325 2336 rior,
2359 2270 2460 2322 sed
2491 2277 2554 2322 ut
2586 2270 2874 2323 nuditatis
2908 2276 3120 2324 nostrae
3152 2272 3566 2339 consideratio,
3595 2280 3651 2328 et
3680 2276 3837 2346 quod

2189 2357 2334 2410 nihil
2368 2357 2427 2410 in
2463 2359 2751 2411 mundum
2781 2357 3197 2426 invexerimus,
3245 2363 3506 2416 studium
3560 2363 3618 2416 in
3667 2364 3838 2419 nobis

2191 2451 2485 2516 procreet;
2513 2445 2778 2500 studium
2810 2463 2943 2500 vero
2974 2453 3031 2502 et
3079 2447 3414 2504 sollicitudo
3465 2451 3839 2521 prudentiam

2191 2535 2428 2605 pandat,
2463 2535 2789 2590 socordiam
2824 2536 3024 2606 procul
3057 2538 3304 2607 ablegat,
3339 2547 3494 2594 artes
3525 2541 3595 2596 ad
3650 2542 3841 2597 vitan-

2190 2625 2324 2676 dam
2349 2629 2662 2693 egestatem
2690 2625 3022 2679 introducat
3043 2633 3101 2679 et
3122 2627 3507 2683 artiliciorum
3541 2631 3842 2686 diversita-

2191 2720 2275 2766 tes
2308 2712 2637 2784 progignat.
2672 2714 2780 2778 Qui
2810 2713 2967 2768 enim
2999 2717 3196 2769 nudus
3227 2724 3338 2783 est,
3359 2718 3677 2785 indigentia
3711 2724 3841 2775 tan-

2191 2818 2368 2870 quam
2401 2801 2646 2856 stimulo
2679 2802 2994 2871 impulsus,
3036 2807 3220 2859 multa
3245 2805 3467 2860 invenit
3497 2813 3553 2861 et
3594 2809 3840 2864 fabrica-

2195 2897 2307 2958 tur,
2342 2891 2637 2960 quomodo
2670 2889 2875 2960 pluviae
2907 2891 3289 2960 declinandis,
3320 2896 3612 2964 quomodo
3655 2896 3842 2968 frigus

2193 2980 2512 3050 prudenter
2581 2981 2925 3045 arcendum,
2975 2985 3269 3051 quomodo
3334 2985 3405 3038 ad
3473 2987 3842 3055 repellendos

2195 3071 2345 3123 ictus
2379 3068 2596 3123 muniri
2627 3077 2873 3138 oportet,
2897 3074 3192 3140 quomodo
3223 3079 3378 3126 terra
3406 3075 3670 3142 colenda,
3695 3092 3846 3146 quo-

2198 3158 2370 3212 modo
2405 3157 2541 3211 feris
2574 3163 2762 3212 metus
2793 3160 3200 3227 incutiendus,
3231 3167 3288 3215 et
3319 3164 3616 3231 quomodo
3667 3166 3846 3220 robu-

2196 3248 2377 3301 stiora
2407 3245 2686 3300 animalia
2717 3247 3010 3302 domanda
3041 3251 3178 3303 sint.
3214 3254 3604 3316 Quamobrem
3651 3253 3849 3323 pluvia

2199 3338 2473 3408 perfusus
2520 3341 2672 3391 tecta
2721 3337 3055 3404 fabricavit;
3125 3339 3338 3410 frigore
3409 3339 3848 3400 vehementiore

427 3435 521 3496 νὸς
549 3408 782 3503 ἐξῆλθον
817 3408 1142 3500 ἒκνηδύος,
1175 3408 1390 3504 γυμνὸς,
1428 3427 1518 3482 καὶ
1549 3425 1924 3498 ἀπελεύσομαι
1957 3425 2083 3496 ἐκεῖ,

2203 3425 2476 3486 alﬂictus,
2511 3425 2859 3480 indumenta
2889 3428 3268 3495 excogitavit;
3301 3429 3453 3484 ictus
3482 3446 3549 3484 ac
3577 3431 3850 3488 vulnera-

429 3523 570 3597 πρὸς
600 3521 731 3577 Θεὸν
759 3516 976 3590 δηλαδή
1007 3519 1096 3574 καὶ
1127 3519 1225 3587 τῆν
1262 3517 1524 3592 μακαρίαν
1561 3515 1716 3586 λῆξιν
1760 3515 1968 3584 ἐκείνην
2001 3513 2090 3569 καὶ

432 3611 753 3668 ἀνάπαυσιν.

2204 3521 2322 3580 tus,
2345 3515 2635 3569 thoracem
2671 3515 3068 3582 invenit;cum
3099 3533 3313 3572 manus
3343 3517 3401 3572 in
3434 3519 3853 3590 agricolatione

2205 3609 2500 3674 occupatae
2532 3603 2723 3672 spinis
2753 3606 3595 3672 cruentarentur,rusticorum
3627 3609 3853 3664 instru—

437 3708 771 3759 mentorum
806 3698 1235 3756 adminiculum
1269 3695 1649 3767 excogitavit;
1684 3695 1878 3750 nudus
1906 3703 1970 3767 »ια
2004 3693 2264 3750 existens
2293 3699 2351 3748 et
2376 3708 2510 3746 esca
2540 3691 2776 3762 belluis,
2809 3697 2996 3748 artem
3029 3700 3398 3750 commentus
3428 3701 3540 3761 est,
3573 3713 3700 3766 quae
3735 3700 3854 3753 for-

439 3790 820 3848 midabilibus
853 3789 1226 3845 formidinem
1259 3787 1565 3842 incuteret.
1602 3785 1783 3840 Aliam
1817 3802 1886 3840 ex
1917 3785 2031 3840 alia
2062 3782 2362 3840 solertiam
2400 3780 2638 3835 auditas
2668 3783 2890 3852 genuit,
2939 3787 3004 3837 ut
3044 3783 3169 3851 jam
3215 3785 3454 3839 nuditas
3503 3786 3721 3842 donum
3776 3785 3856 3842 sit

439 3882 700 3945 Domini,
731 3886 790 3935 et
817 3879 1007 3950 gratia
1036 3877 1108 3933 ab
1141 3877 1242 3931 illo
1268 3892 1564 3931 concessa.
1597 3875 1866 3930 Nudatus
1899 3875 2080 3943 igitur
2106 3872 2216 3928 Job
2247 3870 2458 3942 apibus
2488 3870 2635 3936 suis,
2673 3869 3171 3940 possessionibus,
3224 3871 3500 3943 praeclara
3547 3879 3605 3929 et
3649 3891 3853 3931 nume-

437 3989 572 4027 rosa
601 3969 822 4036 sobole,
855 3974 916 4024 et
945 3969 1106 4022 brevi
1138 3966 1328 4036 spatio
1360 3965 1452 4020 bis
1481 3964 1758 4020 omnibus
1790 3963 2102 4034 spoliatus,
2133 3959 2243 4016 hac
2276 3959 2448 4031 plena
2477 3958 2629 4031 grati
2660 3959 2843 4014 animi
2876 3976 3012 4015 voce
3041 3960 3387 4016 exclamavit
3420 3979 3433 4017 :
3466 3961 3650 4018 Nudus
3677 3979 3858 4036 egres-

433 4077 530 4117 su:
556 4076 682 4115 sum
711 4074 781 4114 ex
808 4066 983 4123 utero,
1012 4056 1192 4111 nudus
1221 4057 1397 4111 etiam
1428 4059 1680 4110 revertar
1708 4053 1865 4122 illuc,
1900 4051 2180 4107 nimirum
2211 4050 2283 4105 ad
2317 4055 2497 4105 Deum
2529 4057 2584 4104 et
2615 4049 2923 4104 beatorum
2953 4055 3170 4106 sortem
3200 4055 3259 4106 et
3288 4053 3573 4121 requiem.

2101 4306 2200 4364 VI.

1490 4411 1595 4471 ex
1639 4409 1954 4470 NlCl-L'l‘jE
1997 4408 2311 4468 caram
2357 4407 2434 4466 IN
2483 4407 2621 4467 JUB
2669 4406 2820 4485 (90).

1891 4514 2052 4586 (Cap.
2084 4529 2239 4581 xxxv,
2273 4530 2326 4568 v.
2358 4513 2440 4585 7.)

526 4780 727 4850 Χρῆμα
766 4778 872 4829 τῶν
922 4771 1110 4828 ἄλλων
1156 4770 1406 4826 ἁπάντων
1451 4768 1536 4824 ὅτι
1571 4766 1810 4842 μάλιστα
1837 4764 2080 4843 τιμαλφὲ

2293 4767 2448 4823 373
2498 4766 2694 4823 Animi
2738 4767 3144 4841 tranquillitas
3181 4772 3664 4829 rerumomnium
3703 4774 3877 4848 longe

453 4884 644 4918 στατον
677 4866 713 4932 ἡ
746 4862 1018 4936 ἀταραξία·
1051 4865 1299 4916 τοιοῦτον
1344 4863 1482 4932 ἡμῖν
1515 4861 1542 4914 ὁ
1588 4856 1757 4932 λόγος
1810 4854 2109 4930 ὑπογράφει

451 4953 547 5006 τὸν
612 4953 876 5025 μακάριον
937 4945 1083 5006 Ἰώϐ.
1149 4947 1373 5024 Εἴρηται
1432 4947 1535 5023 γὰρ
1584 4947 1710 5023 περὶ
1767 4945 1950 5001 αὐτοῦ·
2013 4943 2112 5006 Τίς

454 5040 596 5114 ἀνὴρ
655 5039 838 5115 ὥσπερ
895 5034 1048 5106 Ἰὼϐ,
1101 5039 1271 5093 πίνων
1334 5037 1710 5112 μυκτηρισμὸν
1771 5037 1847 5090 ὡτ
1901 5032 2048 5109 ὕδωρ
2097 5051 2112 5104 ;

455 5127 863 5199 Ἀξὶοζήλωτος
911 5129 1013 5204 γὰρ
1063 5127 1310 5198 άληθῶς,
1360 5125 1452 5182 καὶ
1505 5127 1728 5193 παντὸς,
1772 5128 1952 5198 οἶμαι,
1986 5123 2114 5177 θαύ-

462 5237 634 5290 ματος
664 5217 836 5287 ἅξιος,
869 5215 915 5270 εί
945 5215 1080 5288 πρὸς
1110 5216 1272 5270 τοῦτό
1301 5235 1383 5277 τις
1432 5213 1553 5284 ἥκει
1591 5211 1991 5290 μακροθυμίας,
2042 5213 2118 5276 ὡς

460 5303 707 5367 εὐκόλως
737 5303 993 5367 δύνασθαι
1021 5301 1260 5360 διαθλεῗν
1290 5305 1390 5372 τήν
1441 5303 1501 5358 ἐκ
1545 5308 1643 5358 τοῦ
1675 5299 2117 5358 πλεονεκτεῖσθαι

461 5391 717 5471 δριμεῖαν
740 5392 846 5466 ἄλη
857 5394 989 5466 θῶς,
1019 5393 1110 5449 καὶ
1141 5392 1202 5449 οὗ
1230 5397 1348 5456 τοῖς
1367 5397 1628 5470 τυχοῦσιν
1652 5391 2117 5467 εὐκαταγώνιστον

461 5482 671 5555 λύπην.

533 5609 597 5674 ’14
625 5614 686 5667 P.
723 5609 867 5666 4003
897 5609 1010 5666 ED.
1046 5607 1338 5665 POTTER.

536 5738 652 5809 (90)
678 5737 808 5793 Alia
837 5737 1014 5808 hujus
1044 5744 1101 5793 et
1125 5735 1534 5809 procedentis
1566 5735 1876 5809 fragmenti
1928 5735 2114 5809 versio

461 5807 659 5868 eum
688 5810 747 5864 in
779 5807 944 5866 Pauli
973 5807 1241 5866 Comitoli
1273 5807 1495 5864 Catena
1523 5807 1582 5863 in
1610 5808 1850 5876 Jobum,
1894 5807 1995 5863 ubi
2043 5808 2116 5864 de

461 5879 779 5956 posteriori
808 5896 866 5954 p.
898 5881 997 5937 451
1032 5881 1324 5950 observat,
1373 5878 1916 5951 interpretationem
1963 5878 2116 5938 hanc

2222 4857 2656 4930 pretiosissima
2687 4859 2978 4914 est:talem
3015 4861 3183 4916 nobis
3219 4862 3309 4916 hic
3340 4867 3630 4918 tractatus
3660 4865 3877 4921 Jobum

2224 4964 2325 5019 pro
2357 4947 2676 5018 exemplari
2706 4949 3017 5019 proponit;
3054 4950 3280 5006 dictum
3311 4951 3468 5006 enim
3496 4956 3586 5007 est
3615 4953 3688 5008 de
3736 4969 3801 5008 eo
3860 4970 3876 5012 :

2223 5038 2359 5108 Quis
2386 5038 2475 5094 vir
2493 5047 2554 5093 ut
2583 5039 2700 5105 Job,
2734 5039 2921 5095 bibens
2943 5043 3437 5099 subsannationem
3457 5043 3601 5099 sicut
3631 5061 3837 5116 aquam
3856 5050 3882 5101 .9

2223 5127 2371 5183 Vere
2390 5127 2568 5182 etiam
2591 5127 2964 5184 aemulatione
2986 5137 3044 5185 et
3065 5131 3228 5186 omni
3255 5131 3640 5188 admiratione
3666 5135 3885 5206 dignus

2227 5215 2558 5271 censendus
2587 5221 2697 5286 est,
2731 5217 2781 5272 si
2807 5233 2873 5272 eo
2905 5217 3228 5274 tolerantiae
3260 5220 3392 5290 quis
3423 5222 3768 5291 pervenerit,
3818 5226 3888 5278 ut

2229 5322 2363 5362 cum
2397 5321 2740 5374 mcerore,ex
2771 5305 2990 5377 injuria
3020 5305 3184 5363 illata
3214 5307 3405 5379 reipsa
3434 5309 3663 5378 acerbo,
3689 5313 3747 5365 et
3777 5310 3881 5382 qui

2230 5395 2417 5452 obviis
2449 5389 2784 5466 quibusque
2816 5394 2991 5450 rebus
3017 5395 3340 5467 expugnari
3363 5412 3477 5452 non
3501 5397 3892 5469 potest,faeile

2231 5487 2454 5540 certare
2483 5481 2694 5542 valeat.
3902 5490 3913 5500 ‘

2225 5736 2544 5812 Clementis
2573 5735 2816 5812 totidem
2847 5735 3040 5812 verbis
3072 5740 3418 5812 usurpatam
3450 5753 3580 5794 esse
3604 5738 3882 5812 aCyrillo

2222 5808 2408 5874 Alex.,
2439 5809 2550 5864 sub
2580 5808 2750 5879 cujus
2778 5807 3016 5863 nomine
3045 5811 3236 5865 exstat
3261 5808 3320 5864 in
3353 5811 3571 5867 Catena
3602 5807 3841 5868 Nicetis.
