4124 6408
343 539 454 594 ⁸743
570 549 574 554 ’
1596 531 1938 587 CLEMBNB
1975 530 2549 587 ALEXANDRINUS
3664 527 3774 584 7M

1986 680 2115 739 Vll.

1309 785 1408 846 EX
1457 783 1770 844 NICETIE
1810 782 2128 842 CATENA
2172 778 2243 840 1N
2292 781 2795 844 MATTHEUM.

1815 903 1980 976 (Cap.
2011 919 2069 968 v,
2102 916 2155 955 v.
2194 902 2309 973 42.)

423 1038 818 1110 Eleemosynts
851 1037 1151 1102 faciendas,
1178 1039 1238 1090 at
1267 1050 1400 1090 cum
1425 1033 1674 1104 judicio,
1705 1043 1763 1088 et
1790 1030 1863 1087 iis
1896 1031 1998 1102 qui
2029 1044 2051 1104 ,ι

2190 1027 2451 1097 Ποιητὲον
2505 1026 2900 1102 ἐλεημοσύνας,
2958 1027 3108 1086 ἀλλὰ
3165 1031 3300 1103 μετά
3352 1028 3628 1106 κρίσεως,
3679 1028 3773 1083 καὶ

353 1129 516 1202 digni
548 1131 782 1195 sunt,ut
811 1125 1256 1182 retributionem
1288 1123 1658 1178 inveniamus
1689 1120 1973 1176 Altissimi

2145 1120 2223 1178 οἷς
2255 1115 2562 1188 ἀξίοις,⁹ίνα
2605 1118 2848 1195 εὕρωμεν
2883 1117 3238 1192 ἀνταπόδομα
3283 1119 3430 1188 παρὰ
3469 1123 3570 1174 τοῦ
3616 1118 3773 1192 Ὑψί-

351 1217 447 1273 Vae
479 1223 677 1273 autem
711 1216 1090 1280 habentibus,
1122 1219 1179 1269 et
1210 1212 1504 1284 hypocrisi
1549 1209 1977 1282 accipientibus

2146 1225 2262 1262 του.
2295 1205 2430 1263 Οὐαὶ
2484 1205 2541 1262 δὲ
2587 1213 2705 1272 τοῖς
2734 1206 2947 1284 ἔχουσι,
2979 1209 3068 1264 καὶ
3118 1208 3170 1264 ἐν
3225 1202 3505 1282 ὑποκρίσει
3551 1202 3774 1282 λαμϐά-

353 1311 456 1362 aut
484 1322 613 1362 sese
645 1306 806 1378 ipsos
826 1305 1038 1376 juvare
1064 1303 1416 1369 valentibus,
1447 1307 1506 1357 et
1535 1300 1608 1356 ab
1656 1300 1788 1356 aliis
1835 1299 1981 1354 auxi.

2145 1315 2314 1367 ουσιν,
2347 1297 2380 1366 ἢ
2411 1292 2734 1369 δυναμένοις
2787 1298 3006 1374 βοηθιῖν
3055 1299 3290 1371 ἑαυτοῖς,
3320 1297 3411 1353 καί
3471 1293 3773 1372 Λαμόἀνειν

350 1394 498 1450 lium
527 1394 896 1450 emendicare
941 1391 1290 1448 volentibus.
1342 1390 1451 1458 Qui
1497 1390 1657 1445 enim
1706 1387 1978 1444 habuerit

2153 1389 2237 1456 ap’
2269 1383 2466 1460 ὲτέρων
2511 1384 2880 1462 βουλομένοις
2905 1389 2918 1444 ί
2945 1389 2973 1443 6
3001 1387 3102 1464 γὰρ
3135 1384 3280 1464 ἔχων
3323 1387 3414 1443 καὶ
3445 1385 3518 1443 δι’
3547 1387 3776 1462 ὑπόκριο

349 1499 417 1540 ac
448 1500 551 1556 per
575 1482 929 1556 hypocrisim
962 1488 1063 1537 aut
1087 1479 1372 1537 desidiam
1405 1477 1977 1551 acceperit,condemt

1692 1477 1998 1546 .,condem-
2111 1493 2192 1528 σιν
2224 1473 2258 1543 ἢ
2291 1473 2479 1550 ἀργίαν
2514 1471 2812 1550 λαμϐάνων
2844 1478 3320 1549 κατακριθήσεται.

350 1572 609 1630 nahitur.

1499 1665 1564 1739 τις
1592 1667 1674 1721 Ea:
1704 1663 1894 1722 eadem
1923 1666 1983 1720 in
2012 1679 2134 1736 cap.
2167 1680 2292 1729 xm,
2322 1682 2381 1734 v,
2411 1666 2502 1732 31,
2533 1668 2621 1722 32.

419 1769 880 1826 Annuntiativus
905 1767 1066 1840 regni
1091 1766 1370 1822 caelorum
1395 1781 1588 1820 sermo
1609 1779 1742 1819 acer
1763 1763 2004 1834 quidem

2185 1761 2247 1818 Ὁ
2276 1769 2377 1830 τῆς
2399 1767 2506 1816 τῶν
2540 1761 2784 1838 οὐρανῶν
2821 1761 3100 1838 βασιλείας
3129 1763 3552 1840 καταγγελτικὸς
3601 1762 3774 1839 λόγος

349 1875 414 1915 ac
449 1859 712 1926 mordax,
745 1859 1241 1931 quemadmodum
1271 1855 1557 1925 sinapi,ac
1586 1853 1878 1908 choleram
1912 1853 1977 1906 di

2149 1851 2312 1922 ριμὺς
2347 1852 2445 1923 μὲν
2477 1848 2586 1906 ἔστι
2617 1852 2710 1907 καὶ
2745 1849 3021 1922 δηκτικὸς,
3054 1852 3294 1926 καθάπερ
3331 1853 3395 1908 τὸ
3442 1852 3650 1920 σίναπι,
3680 1853 3772 1909 καὶ

347 1965 578 2022 gerens,
612 1948 668 2004 id
697 1954 788 2004 est
815 1947 1202 2014 iracundiam;
1235 1952 1293 2001 et
1322 1946 1596 2017 phlegma
1628 1943 1914 2006 incidens,
1943 1942 1975 1995 ὶι

2145 1946 2211 2008 ῆς
2258 1938 2442 2014 χολῆς
2500 1942 2780 2016 βιωτικὸς,
2829 1941 3076 1997 τουτέστι
3131 1946 3229 1998 τοῦ
3280 1944 3478 2015 θυμοῦ,
3527 1943 3616 1998 καὶ
3671 1947 3771 1999 τοῦ

346 2043 438 2093 est
467 2036 830 2109 superbiam,
880 2054 948 2092 ex
995 2052 1109 2104 quo
1152 2049 1420 2091 sermone
1471 2050 1604 2088 vera
1649 2031 1859 2087 anima:
1910 2047 1974 2086 sa

2145 2025 2430 2102 ηλέγματος
2481 2027 2860 2098 διακοπτικὸς,
2909 2029 3154 2087 τουτέστι
3210 2034 3308 2086 τοῦ
3353 2031 3549 2109 τύφου,
3598 2031 3650 2106 ἒξ
3707 2032 3773 2088 οὗ

347 2129 520 2192 nitas,
554 2144 620 2183 ac
669 2131 1018 2198 perpetuum
1065 2129 1603 2196 temperamentum
1654 2121 1862 2177 oritur.
1913 2125 1975 2173 At

2151 2117 2284 2192 όγου
2314 2121 2348 2188 ἡ
2383 2117 2601 2188 ἀληθὴς
2651 2127 2754 2189 τῆς
2804 2123 2992 2196 ψυχῆς
3045 2121 3244 2197 ὑγίεια,
3272 2120 3363 2176 καὶ
3393 2124 3428 2190 ἠ
3476 2119 3652 2184 ἀΐδιος
3683 2121 3774 2176 εύ-

340 2221 577 2272 tantum
611 2221 802 2272 autem
835 2215 1264 2269 incrementum
1298 2228 1536 2284 germen
1562 2210 1853 2266 sermonis
1876 2226 1968 2282 per

2147 2208 2304 2280 ρασία
2358 2208 2716 2284 περιγίνεται.
2779 2209 2874 2272 Εἷς
2930 2209 3204 2280 τοσαύτην
3259 2208 3318 2265 δὲ
3361 2207 3525 2281 αὔξην
3577 2213 3613 2280 ἡ
3662 2211 3773 2288 φυὴ

337 2305 520 2372 venit,
554 2309 620 2358 ut
651 2310 787 2360 nata
817 2319 886 2358 ex
917 2319 984 2358 eo
1026 2302 1200 2357 arbor
1246 2301 1324 2357 sit
1374 2317 1386 2354 :
1439 2315 1571 2370 qua:
1623 2299 1825 2368 utique
1872 2315 1965 2354 ess

2145 2301 2207 2350 οὖ
2253 2296 2425 2371 λόγου
2477 2297 2781 2372 προῆλθεν,
2826 2300 2902 2362 ὡς
2945 2299 3009 2353 τὸ
3052 2297 3103 2369 ἐξ
3156 2298 3322 2354 αὐτοῦ
3371 2301 3504 2377 φύον
3553 2296 3773 2376 δένδρον

343 2393 534 2466 possit
565 2392 781 2462 ubique
815 2400 1101 2447 terrarum
1153 2389 1416 2445 stabilita
1462 2387 1679 2446 Christi
1723 2386 1971 2442 Ecclesia

2148 2390 2296 2441 τοῦτο
2332 2383 2378 2440 δ’
2410 2387 2470 2440 ἃν
2521 2385 2606 2458 εἴη
2639 2389 2674 2456 ἡ
2708 2391 2991 2463 πανταχοῦ
3030 2394 3137 2463 γῆς
3187 2385 3452 2463 ἱδρυμένη
3499 2393 3598 2445 τοῦ
3645 2391 3776 2466 Χρι-

345 2487 412 2538 ut
440 2481 641 2537 omnia
675 2479 916 2552 impleat
945 2479 1051 2548 sic,
1079 2484 1144 2534 ut
1168 2479 1227 2533 in
1262 2478 1444 2533 ramis
1491 2478 1622 2548 ejus
1671 2476 1972 2532 inhabiten

2151 2475 2242 2529 τοῦ
2275 2473 2600 2548 Ἐκκλησία)
2646 2478 2713 2530 τὰ
2756 2476 2931 2531 πάντα
2989 2475 3308 2552 πληρῶσαι,
3364 2477 3504 2534 ὥστε
3553 2477 3608 2534 ἂν
3655 2483 3779 2542 τοῖς

345 2570 617 2628 volucres
677 2569 827 2640 cmli,
877 2566 1068 2639 angeli
1121 2567 1392 2624 videlicet
1437 2566 1654 2637 Deibac
1718 2565 1972 2621 sublime

2148 2561 2340 2626 λάδοις
2374 2565 2546 2634 αὐτῆς
2574 2569 2992 2636 κατασκηνιῖηαι
3023 2566 3090 2620 τὰ
3125 2565 3344 2622 πετεινὰ
3369 2570 3468 2622 τοῦ
3514 2567 3775 2643 ούρανοῦ,

345 2660 586 2717 animm.
2111 2652 2385 2729 ἀγγὲλους
2411 2651 2630 2724 δηλαδὴ
2673 2652 2850 2716 θείους
2878 2655 2970 2710 καὶ
3005 2655 3316 2732 μετεώρους
3348 2655 3529 2732 ψυχάς
3562 2658 3698 2733 (91).

1607 2779 1692 2832 Ex
1715 2776 1906 2833 eadem
1937 2779 1997 2832 in
2029 2793 2149 2849 cap.
2183 2794 2285 2847 xu,
2318 2795 2374 2834 v.
2405 2778 2492 2832 46.

413 2896 732 2969 Margarita
760 2901 851 2952 est
882 2896 1059 2952 etiam
1093 2895 1387 2968 pellucida
1415 2900 1472 2952 et
1496 2895 1891 2950 mundissima
1907 2895 2001 2951 Je-

2179 2896 2333 2950 Ἔστι
2390 2895 2734 2970 μαργαρίτης
2779 2894 2869 2949 καὶ
2902 2895 2931 2949 6
2981 2891 3208 2970 διαυγὴς
3256 2895 3346 2950 καὶ
3384 2898 3770 2970 καθαρώτατος

342 3003 648 3058 sus,quem
680 3003 746 3042 ex
778 2984 976 3041 divino
1010 2984 1234 3056 fulgore
1263 2984 1440 3057 Virgo
1473 2985 1962 3057 concepitzquem

2149 2982 2340 3052 ησοῦς,
2390 2984 2447 3037 ὃν
2500 2982 2551 3054 ἐξ
2597 2983 2876 3058 ἀστραπῆς
2928 2989 3028 3052 τῆς
3061 2985 3206 3048 θείας
3235 2987 3270 3054 ἡ
3304 2987 3576 3062 Ιῐαρθάνος
3620 2985 3772 3064 ἒγὲν-

345 3076 668 3132 admodum
699 3091 858 3130 enim
891 3073 1210 3147 margarita
1237 3074 1295 3128 in
1326 3090 1499 3129 carne
1529 3079 1586 3128 et
1633 3073 1875 3140 concha,
1927 3091 1973 3128 ai

2146 3093 2285 3142 ησεν.
2363 3075 2568 3146 Ὥσπερ
2645 3072 2748 3147 γὰρ
2808 3073 2836 3126 6
2917 3073 3287 3148 μαργαρίτης,
3345 3073 3398 3130 ἐν
3460 3076 3617 3152 σαρκί
3674 3095 3774 3150 καὶ

343 3163 573 3237 liquore
593 3163 883 3220 exsistens
903 3180 1116 3235 corpus
1138 3162 1367 3218 videtur
1385 3179 1514 3218 esse
1535 3162 1799 3218 lucidum
1822 3179 1888 3217 ac
1919 3161 1971 3216 lit

2144 3161 2332 3236 στρείῳ
2380 3162 2469 3215 καὶ
2521 3159 2572 3216 ἐν
2619 3160 2804 3236 ὑγροῖς
2844 3161 3156 3235 γενόμενος,
3209 3166 3370 3236 σῶμα
3413 3160 3586 3220 ἕοικεν
3635 3165 3772 3224 εἶναι

343 3254 614 3326 quidum,
634 3253 783 3309 lucis
805 3269 872 3309 ac
894 3252 1140 3325 spiritus
1162 3252 1426 3325 plenum,
1445 3251 1528 3307 ita
1549 3257 1605 3307 et
1622 3253 1971 3307 incarnatun

2145 3250 2264 3326 γρὸν
2315 3251 2405 3306 καὶ
2456 3247 2672 3320 διειδὶς,
2704 3250 2881 3325 φωτὸς
2925 3248 3015 3304 καὶ
3048 3248 3358 3323 πνεύματος
3396 3253 3589 3329 γὲμον,
3621 3255 3773 3312 οὕτω

338 3342 495 3398 Deus
523 3343 765 3398 verbum
798 3341 899 3397 lux
927 3347 1016 3398 est
1046 3341 1374 3414 spiritualis
1407 3358 1509 3413 per
1537 3341 1800 3397 lucidum
1825 3357 1890 3397 ac
1921 3339 1961 3396 li

2146 3339 2191 3394 ιιὶ
2241 3341 2268 3394 6
2319 3338 2618 3416 σαρκωθεὶς
2670 3339 2800 3403 Θεὸς
2843 3337 3028 3413 λόγος,
3079 3343 3196 3416 φῶς
3246 3340 3358 3396 ἐστι
3416 3344 3626 3418 νοερὸν,
3681 3342 3774 3402 διὰ

335 3433 584 3504 quidam
617 3449 833 3505 corpus
866 3431 1118 3504 fulgens.

2101 3430 2282 3507 φωτὸς
2313 3428 2404 3484 καὶ
2439 3429 2606 3506 ὑγροῦ
2639 3427 2924 3502 ἐκλάμψας
2953 3427 3208 3502 σώματος

1939 3671 2083 3728 VIII.

1111 3771 1213 3832 EX
1263 3770 1577 3831 CATENA
1618 3771 1697 3831 IN
1744 3771 1808 3833 S.
1856 3772 2132 3835 LUCAM
2179 3776 2224 3832 Α
2271 3772 2668 3835 CORDERIO
2715 3775 2974 3837 EDITA.

415 3909 552 3965 (ΣΑΡ.
587 3923 674 3972 ιιι,
707 3924 757 3962 v.
807 3907 899 3962 22.
949 3905 1100 3962 Num
1151 3906 1246 3962 hic
1294 3906 1577 3977 hominis,
1625 3907 1726 3962 sed
1771 3907 1986 3962 colum-
2017 3913 2063 3976 ο
2105 3923 2218 3978 que
2250 3915 2645 3964 consentanea
2675 3909 2769 3966 via
2798 3928 2922 3981 quae
2955 3928 3058 3982 per
3085 3911 3204 3968 iota
3229 3915 3348 3969 Iesu
3395 3913 3761 3981 insinuatur,

346 3997 431 4054 [γε
448 3995 873 4052 similitudinem
898 3997 1049 4052 Deus
1072 3995 1564 4068 assumpsit;quia
1587 3995 1819 4051 volebat
1851 4012 1997 4051 nova
2105 4001 2199 4050 est
2228 3995 2358 4067 ipsa
2387 3997 2519 4066 ejus
2551 3998 2803 4068 bonitas,
2835 4016 2964 4069 qua
2996 4000 3198 4057 fideles
3237 4018 3303 4056 ex
3351 4001 3580 4068 auditu,
3629 4003 3763 4060 sine

337 4087 594 4157 quadam
621 4085 989 4158 apparitione
1011 4084 1262 4156 Spiritus
1285 4101 1390 4156 per
1407 4085 1698 4141 columbae
1720 4085 1998 4140 similitu-
2105 4086 2490 4156 cespitatione
2522 4091 2862 4143 constanter
2891 4088 3110 4161 dirigit.
3145 4091 3264 4146 Non
3294 4089 3482 4162 itaque
3523 4096 3765 4163 preter-

338 4177 562 4243 dinem,
583 4175 1023 4246 simplicitatem
1045 4191 1110 4230 ac
1134 4174 1649 4230 mansuetudinem
1673 4174 1992 4230 declarare.
2106 4175 2211 4229 ibit
2237 4190 2270 4228 a
2305 4175 2417 4245 lege
2450 4177 2561 4230 iota
2588 4192 2763 4231 unum
2793 4182 2890 4233 aut
2919 4194 3066 4234 unus
3093 4195 3256 4250 apex,
3286 4180 3396 4236 hoc
3425 4185 3535 4247 est,
3569 4197 3765 4253 neque

410 4265 540 4321 CAP.
575 4281 689 4321 xvx.
722 4281 778 4332 v,
805 4264 891 4318 17.
925 4263 1093 4320 Forte
1123 4269 1315 4318 autem
1350 4279 1452 4332 per
1480 4262 1593 4318 iota
1621 4268 1678 4318 et
1718 4279 1822 4334 per
1868 4265 1994 4334 api-
2105 4279 2137 4318 a
2169 4264 2347 4319 rectis
2379 4270 2436 4319 et
2466 4265 2667 4334 probis
2699 4272 2917 4322 mutuae
2949 4269 3658 4342 repromissionesmeque
3687 4271 3764 4328 ab

344 4369 462 4409 cem
486 4353 723 4424 justitia
751 4355 883 4423 ejus
913 4351 1150 4419 clamat,
1186 4353 1236 4407 si
1266 4351 1406 4408 recti
1432 4352 1504 4408 ad
1528 4369 1618 4408 me
1647 4353 1929 4418 veneritis,
1943 4361 1998 4407 et
2104 4351 2365 4423 obliquis
2395 4358 2450 4407 et
2482 4353 2882 4426 injustis,quaa
2913 4355 3031 4412 illis
3061 4357 3545 4414 interminataest
3566 4375 3762 4430 pana.

343 4459 446 4510 ego
475 4446 626 4498 recta
655 4441 726 4496 ad
755 4457 846 4497 vos
873 4445 1101 4498 veniam
1124 4458 1146 4504 ;
1167 4443 1254 4496 sin
1282 4440 1515 4512 obliqui,
1545 4450 1598 4497 et
1623 4457 1725 4510 ego
1754 4441 1991 4512 oblique.
2106 4441 2390 4510 Benefacit
2420 4443 2568 4496 enim
2602 4445 2870 4499 Dominus
2901 4445 3076 4508 bonis,
3105 4445 3444 4502 declinante:
3471 4452 3662 4503 autem
3701 4450 3768 4504 in

345 4530 480 4586 dicit
512 4531 773 4586 Dominus
804 4532 1072 4585 virtutum
1103 4530 1200 4601 (a);
1233 4529 1547 4585 insinuans
1578 4528 1904 4600 implicatas
1937 4537 1996 4585 et
2102 4529 2472 4599 obligatione:
2500 4531 2735 4588 adducit
2759 4533 3028 4589 Dominus
3069 4550 3194 4590 cum
3243 4537 3598 4608 operantibus
3647 4536 3767 4594 ini-

345 4618 618 4690 obliquas
649 4624 1019 4690 peccatorum
1051 4634 1183 4674 esse
1215 4618 1356 4676 vias.
1389 4617 1536 4674 Nam
1568 4623 1726 4674 recta
1754 4624 1996 4674 nature-
2100 4619 2374 4691 quitatem
2403 4620 2504 4692 (b).

1997 4858 2092 4916 IX.

1785 4959 2301 5022 FRAGMENTA.

1090 5083 1184 5140 EX
1222 5083 1632 5142 CLEMENTIS
1669 5083 2168 5142 ALEXANDRINI
2209 5085 2448 5143 LIBRIS
2485 5086 2718 5144 ΥΗΟΤΥΙ

1375 5083 1632 5142 MENTIS
1669 5083 2168 5142 ALEXANDRINI
2209 5085 2448 5143 LIBRIS
2485 5086 3003 5145 ΥΗΟΤΥΠΩΣΕΩΝ.

1307 5310 1394 5366 Ea:
1424 5310 1520 5366 lib.
1555 5310 1655 5367 Ill.
1686 5341 1754 5354 -ο
1783 5311 1882 5382 Ap.
1916 5309 2138 5367 (licam.
2170 5309 2232 5367 in
2261 5311 2283 5367 I
2311 5309 2382 5367 ad
2413 5309 2559 5381 ϐοτη,
2592 5328 2672 5379 xx,
2703 5311 2792 5370 10.

410 5434 640 5503 Propter
660 5428 908 5500 angelos.
941 5425 1198 5498 Angelos
1225 5426 1369 5482 dicit
1390 5427 1588 5497 justos
1638 5441 1704 5480 ac
1759 5426 1976 5496 probos
2010 5428 2038 5493 [

2156 5425 2254 5480 Διὰ
2295 5425 2425 5488 τοὺς
2470 5423 2762 5501 ἀγγέλους.
2805 5424 3110 5502 ’Δγγὲλους
3163 5429 3295 5506 φησί
3335 5429 3467 5493 τοὺς
3516 5429 3765 5490 δικαίους

341 5520 516 5576 viros.
549 5520 860 5593 Operiatur
888 5534 1049 5590 ergo,
1082 5532 1153 5572 ne
1180 5517 1252 5572 ad
1282 5523 1554 5588 stuprum
1606 5515 1693 5570 eis
1736 5515 1969 5570 oﬂ‘endi-

2139 5512 2182 5567 ιὶ
2214 5513 2520 5589 ἐναρέτους.
2563 5514 3069 5572 Κατακαλυπτὲσθω
3098 5517 3214 5591 οὖν,
3252 5514 3346 5573 ἵνα
3395 5519 3473 5593 μὴ
3513 5518 3588 5584 εἲς
3621 5541 3767 5599 πορ-

417 5645 480 5709 >X<
509 5647 569 5703 P.
603 5647 738 5701 1004
768 5646 880 5702 ED.
909 5643 1213 5700 POTTER.
1292 5643 1363 5713 (α)
1397 5640 1551 5697 Pal.
1583 5656 1724 5710 xvn,
1756 5640 1847 5697 27.
1924 5641 2001 5713 (ὁ)
2035 5640 2189 5698 Psal.
2221 5658 2408 5709 cxxxv,
2437 5643 2492 5698 5.

419 5770 533 5844 (91)
563 5768 664 5824 His
695 5764 1130 5844 quodammodo
1162 5762 1539 5844 respondent,
1571 5779 1701 5834 quin
1734 5761 1813 5844 'in
1858 5763 1990 5820 Cle-
2175 5763 2290 5837 (92)
2321 5763 2526 5844 Simile
2555 5765 2702 5844 quid
2729 5765 2790 5824 in
2818 5766 3026 5826 eodem
3055 5767 3378 5828 Clementis
3401 5769 3633 5844 Peada].
3654 5770 3766 5833 lib.

348 5834 569 5897 mentis
599 5834 786 5896 nostri
813 5837 1034 5909 Pcdag.
1066 5834 1170 5892 lib.
1205 5851 1245 5907 ι,
1262 5834 1406 5908 ουρ.
1441 5835 1529 5906 11,
1559 5834 1838 5907 reperias.
2107 5851 2150 5905 ι,
2182 5834 2309 5908 cap.
2344 5837 2431 5907 11,
2451 5834 2748 5910 leguntur.
2827 5881 2834 5886 .
