4124 6478
418 435 534 489 745
1912 448 2081 502 FRAC

2154 447 2379 500 [ENTA.
3748 473 3854 528 ηδ

417 560 570 614 νείαν
635 559 834 626 αὐτοὺς
920 563 1251 643 σκανδαλίσῃ
1289 587 1302 602 ·
1361 571 1412 624 οἱ
1471 570 1571 645 γάρ
1648 566 1818 633 ὅντως
1883 570 1973 626 καὶ
2029 570 2080 625 ia

461 650 472 666 Ἰ
623 657 646 667 υ
707 649 729 664 ⁸,
831 651 851 671 Ν
1053 655 1066 671 ι
1389 658 1406 671 ἢ
1559 659 1570 671 ι
1775 660 1787 671 ι
1843 661 1854 671 ι
1953 658 2043 671 ΑΚ.

2154 615 2168 640 ι
2198 571 2332 671 culo
2367 591 2378 628 :
2415 591 2548 630 nam
2582 580 2638 631 et
2669 579 2770 649 qui
2802 597 2931 638 vere
2964 582 3019 638 in
3052 585 3215 644 caelis
3246 594 3387 646 sunt
3417 592 3636 666 angeli,
3661 596 3851 671 ipsam

414 650 674 726 οὐρανοῖς
699 649 919 729 ἄγγελοι
977 655 1068 709 καὶ
1115 658 1678 733 κατακεκαλυμμένην
1729 660 1896 730 αύτήν
1952 658 2081 734 βλέ-

2193 660 2332 718 licet
2363 667 2574 720 tectam
2608 667 2932 726 intuentur.

411 760 634 796 πουσιν.

1381 853 1464 904 Ea:
1499 849 1598 904 tib.
1633 849 1727 904 ιν.
1760 881 1832 891 -
1860 851 1958 921 Ap.
1993 849 2243 907 eumdem
2273 851 2335 907 in
2367 854 2416 908 II
2441 854 2510 909 ad
2542 854 2660 911 Cor.
2695 875 2751 926 ν,
2789 861 2872 916 16.

483 938 550 996 Ei
609 937 666 994 δὶ
723 941 813 995 καὶ
865 939 1177 1018 ίγνώκαμεν
1228 943 1364 998 κατὰ
1389 944 1560 1015 σάρκα
1591 946 1842 1020 Χριστόν,
1876 948 2079 1020 Ὥσπερ

2264 952 2436 1008 Porro
2494 955 2662 1009 etiam
2712 959 2765 1012 si
2807 961 3162 1028 cognovimus
3213 964 3493 1023 Christum
3539 972 3844 1029 secundum

408 1031 572 1100 ἡμῶν
596 1029 659 1083 τὸ
685 1029 822 1084 κατὰ
853 1029 1026 1106 σάρκα
1055 1030 1166 1085 ἐστὶ
1198 1032 1258 1087 τὸ
1291 1031 1344 1088 ἐν
1393 1034 1702 1111 ἁμαρτίαις,
1735 1035 1823 1089 καὶ
1869 1036 1932 1091 τὸ
1979 1033 2079 1106 ἔξω

2190 1055 2409 1095 carnem
2422 1043 2622 1105 .Quem
2634 1045 2700 1099 ad
2714 1048 2949 1104 modum
2973 1053 3126 1120 apud
3144 1069 3247 1109 nos
3261 1057 3478 1112 secund
3491 1075 3584 1114 um
3601 1076 3841 1118 carnem

409 1118 621 1173 τούτων
657 1117 718 1174 ού
749 1121 886 1174 κατά
919 1121 1090 1196 σάρκα
1115 1141 1127 1154 ·
1163 1120 1305 1177 οὕτω
1337 1123 1424 1177 καὶ
1451 1128 1546 1178 τοῦ
1579 1129 1813 1200 Χριστοῦ
1841 1125 1904 1179 τὸ
1941 1125 2079 1180 κατά

2188 1144 2336 1198 esse,
2371 1131 2588 1186 dicitur
2618 1149 2747 1190 esse
2777 1137 2834 1191 in
2867 1140 3156 1210 peccatis;
3190 1148 3246 1197 et
3279 1143 3404 1200 sine
3435 1145 3530 1201 his
3557 1164 3703 1217 esse,
3751 1152 3840 1206 di-

406 1208 580 1284 σάρκα
609 1209 672 1263 τὸ
703 1206 865 1264 εἷ’κειν
897 1214 1018 1272 τοῖς
1049 1217 1301 1288 φυσικοῖς
1332 1211 1546 1284 πάθεσι,
1578 1215 1640 1268 τὸ
1676 1214 1751 1286 μὴ
1804 1213 1965 1269 εἷ’κειν
2019 1211 2076 1269 δὲ

2186 1219 2339 1310 citur
2368 1235 2498 1276 esse
2530 1239 2645 1276 non
2674 1228 3001 1282 secundum
3033 1233 3390 1288 carnemzita
3416 1251 3651 1308 quoque
3682 1206 3838 1310 apud

403 1295 466 1352 ού
498 1297 636 1352 κατὰ
667 1296 872 1372 σάρκα·
903 1295 1029 1353 ἀλλ’
1061 1299 1264 1376 ὥσπερ,
1300 1301 1490 1376 φησὶν,
1522 1301 1725 1364 ἐκεῖνος
1746 1303 2070 1377 ἀπηλλάγη,

2184 1306 2482 1364 Christum
2518 1314 2846 1369 secundum
2879 1332 3112 1373 carnem
3140 1335 3270 1375 esse
3301 1295 3840 1390 diciturmaturalio

401 1385 549 1441 οὕτω
581 1387 671 1442 καὶ
700 1390 884 1460 ἡμεῖς.

2185 1396 2293 1451 bus
2320 1399 2968 1469 subjiciaﬂ‘ectionibus
2987 1423 2998 1460 :
3018 1423 3132 1462 non
3156 1410 3367 1481 subjici
3389 1428 3548 1483 vero,
3570 1430 3701 1471 esse
3719 1434 3836 1474 non

2179 1488 2508 1578 secundum
2542 1494 2921 1550 carnem.Sed
2956 1500 3458 1567 quemadmodum
3493 1502 3834 1578 ille,inquit,

2175 1573 2461 1632 liberatus
2493 1584 2602 1648 est,
2637 1581 2721 1636 sic
2751 1586 2810 1638 et
2837 1600 2964 1641 nos.

1368 1688 1451 1742 Ex
1480 1687 1576 1742 lib.
1611 1687 1702 1741 IV.
1738 1717 1806 1728 —
1835 1688 1934 1759 Ap.
1968 1688 2217 1745 eumdem
2248 1692 2308 1746 in
2336 1693 2384 1748 lt
2410 1695 2489 1749 ad
2516 1697 2638 1753 Cor.
2675 1714 2750 1765 v1,
2786 1700 2871 1754 11.

465 1801 530 1856 Ἡ
565 1795 764 1874 καρδία
815 1799 976 1870 ἡμῶν
1010 1796 1400 1856 πεπλάτυνται.
1434 1799 1529 1862 Εἲς
1557 1801 1618 1856 τὸ
1649 1802 1822 1856 πάντα
1852 1798 2060 1872 διδάξαι

2245 1790 2352 1848 Cor
2379 1803 2635 1850 nostrum
2663 1795 2977 1853 dilatatam
3005 1803 3102 1856 est.
3119 1799 3192 1856 Ut
3223 1819 3326 1858 vos
3357 1807 3558 1864 omnia
3587 1810 3830 1867 docere-

398 1890 562 1962 ὑμᾶς.
594 1889 778 1961 Ὑμεῖς
838 1885 896 1942 δέ
955 1894 1384 1964 στενοχωρεῖσθε
1433 1889 1484 1944 ἐν
1540 1895 1658 1953 τοῖς
1717 1889 2060 1966 σπλάγχνοις

2173 1898 2343 1949 mus;
2378 1885 2480 1939 sed
2517 1901 2616 1940 vos
2643 1888 2880 1956 angusti
2914 1888 3059 1944 estis
3108 1889 3166 1944 in
3220 1892 3546 1951 visceribus
3591 1900 3823 1965 vestris,

398 1979 574 2050 ὑμῶν,
605 1977 902 2045 τουτέστιν,
939 1975 991 2031 ἐν
1042 1981 1110 2052 τῇ
1163 1978 1298 2051 πρὸς
1338 1979 1469 2034 Θεὸν
1519 1978 1728 2054 ἀγάπῃ,
1848 1979 2054 2055 ἀγαπᾷν

2170 1971 2276 2028 hoc
2308 1978 2417 2043 est,
2449 1973 2508 2029 in
2542 1973 2854 2032 dilectione
2885 1993 3024 2049 erga
3060 1979 3264 2047 Deum,
3297 1997 3416 2052 qua
3447 2001 3538 2041 me
3579 1987 3823 2060 diligere

401 2088 467 2140 με
498 2066 765 2141 ὀφείλετε.

2165 2069 2410 2124 debetis.

1209 2231 1224 2236 -
1248 2213 1311 2277 ›χ‹
1341 2207 1422 2261 Ea:
1452 2207 1550 2262 tib.
1581 2210 1654 2264 V.
1695 2239 1728 2247 —
1750 2239 1762 2247 -
1793 2207 1888 2278 Ap.
1924 2207 2172 2264 eumdem
2205 2209 2265 2262 in
2295 2210 2394 2278 Bp.
2428 2204 2498 2260 ad
2528 2205 2750 2274 Galata,
2781 2220 2833 2258 ν.
2867 2204 2956 2258 24.

475 2321 541 2378 Οἱ
575 2318 628 2375 δὲ
656 2325 746 2375 τοῦ
775 2323 1014 2398 Χριστοῦ
1043 2321 1140 2390 τήν
1175 2320 1362 2397 σάρκα.
1391 2324 1489 2377 Καὶ
1517 2323 1570 2377 τί
1602 2321 2045 2400 λέγω,φησῖν,ἓν

2229 2326 2299 2380 Hi
2326 2327 2512 2379 autem
2544 2322 2757 2378 Christi
2777 2337 3022 2377 carnem.
3058 2323 3124 2377 Et
3153 2324 3295 2394 quid
3328 2325 3696 2396 singulatim,
3730 2331 3821 2386 in-

400 2413 515 2474 καθ’
545 2409 596 2464 ἓν
627 2409 819 2483 ἀρετῆς
853 2407 995 2470 εἶδος
1026 2408 1169 2478 ;εἷσὶ
1199 2411 1299 2484 γάρ
1329 2432 1473 2474 τινες
1505 2411 1559 2466 οἳ
1587 2412 1678 2465 καὶ
1709 2410 2051 2486 ἐσταύρωσαν

2165 2415 2602 2484 quit,virtutum
2635 2411 2861 2483 species
2891 2411 3360 2468 recenseo?Sunt
3386 2416 3544 2471 enim
3576 2419 3821 2488 quidam

392 2499 636 2571 ἑαυτοὺς,
670 2498 796 2554 ὅσον
829 2500 968 2574 πρὸς
995 2499 1062 2554 τὰ
1091 2499 1261 2568 πάθη,
1293 2500 1384 2554 καὶ
1423 2501 1492 2555 τὰ
1538 2499 1684 2571 πάθη
1736 2500 1860 2555 ὅσον
1918 2501 2054 2575 πρὸς

2165 2505 2264 2575 qui
2295 2503 2521 2574 seipsos
2553 2501 2971 2555 cruciﬁxerunt
3001 2502 3195 2571 quoad
3220 2503 3552 2572 alfectus,et
3579 2507 3823 2565 allectus

390 2588 635 2651 ἑαυτούς.
662 2589 813 2647 Κατὰ
842 2589 1044 2660 ταύτην
1073 2590 1174 2659 τὴν
1206 2589 1498 2664 ἑρμηνείαν
1533 2590 1594 2645 ού
1625 2589 1955 2664 παρέλκεται
1989 2591 2052 2645 τὸ

2165 2591 2354 2662 quoad
2381 2589 2813 2660 seipsos.Juxta
2834 2589 2985 2644 hanc
3007 2589 3552 2661 interpretationem
3600 2590 3657 2648 δέ
3705 2613 3820 2653 non

385 2674 463 2734 δέ.
498 2678 566 2732 Οἱ
595 2675 652 2732 δὶ
681 2683 780 2732 τοῦ
809 2680 1071 2747 Χριστοῦ,
1103 2677 1369 2747 τουτέστι,
1399 2679 1689 2749 τείνοντες,
1711 2680 1811 2748 τὴν
1846 2681 2049 2735 ἑαυτῶν

2162 2687 2252 2736 est
2283 2678 2578 2752 parelcon,
2613 2681 2708 2734 sed
2744 2695 2958 2733 sensus
2989 2683 3077 2734 est
3111 2694 3125 2736 :
3157 2677 3208 2731 οἱ
3243 2675 3300 2732 δὲ
3337 2677 3435 2734 τοῖ’)
3482 2687 3716 2756 Χριστοῦ
3765 2686 3825 2743 id

388 2767 489 2842 σάρ
509 2767 953 2842 καέσταύρωσαν.

2161 2775 2250 2826 est
2280 2769 2381 2842 qui
2411 2785 2545 2824 vero
2577 2768 2828 2824 tendunt
2861 2768 2934 2824 ad
2985 2767 3312 2838 Christum,
3363 2788 3533 2828 suam
3584 2791 3822 2832 carnem

2159 2859 2598 2916 crucifixerunt.

1207 2996 1292 3049 Ea:
1322 2994 1466 3050 libro
1497 2992 1566 3049 V.
1596 3025 1664 3034 —
1697 2994 1794 3065 Ap.
1835 2993 2116 3050 Moschum
2146 2992 2298 3048 Prati
2333 2989 2660 3063 spiritualis
2689 3006 2810 3060 cap.
2846 2991 2974 3049 176.

455 3109 562 3165 Ναὶ
622 3107 848 3179 άληθῶς
905 3104 1305 3178 ἐϐαπτίσθησαν
1367 3110 1442 3181 (οἱ
1490 3105 1835 3182 ἀπόστολοι),
1867 3108 2081 3169 καθὼς(

2230 3108 2382 3163 Sane
2413 3105 2496 3161 illi
2526 3105 2820 3178 (apostoli)
2852 3105 3132 3177 baptizati
3173 3110 3334 3175 sunt,
3381 3107 3534 3164 sicut
3583 3112 3640 3165 et
3685 3109 3814 3167 Cle-

384 3197 635 3271 Κλήμης
685 3200 713 3254 ὁ
773 3197 1136 3274 Στρωματεὺς
1195 3196 1248 3252 ἐν
1305 3198 1383 3262 τῷ
1440 3200 1674 3269 πέμπτῳ
1723 3196 1881 3269 τόμῳ
1935 3201 2042 3251 τῶν

378 3289 812 3344 Ὑποτυπώσεων
862 3287 1154 3361 μέμνηται.
1202 3285 1346 3357 Φησὶ
1395 3285 1522 3361 γὰρ,
1564 3287 1626 3340 τὸ
1680 3283 2042 3340 ἀποστολικὸν

381 3379 550 3453 ῥητὸν
584 3375 958 3452 ἐξηγούμενος
984 3375 1048 3430 τὸ
1102 3373 1284 3450 λέγον,
1315 3374 1660 3450 Εὐχαριστῶ⁷
1693 3373 1777 3428 ὅτι
1838 3370 2044 3446 μηδένα

381 3468 539 3541 ὑμῶν
568 3461 835 3522 ἐϐάπτισα
867 3485 880 3499 ⁸
916 3487 946 3518 ‹‹
975 3465 1210 3541 Χριστὸς
1241 3461 1452 3538 λέγεται
1499 3463 1698 3540 Πέτρον
1748 3463 1909 3536 μόνον
1953 3463 2041 3536 βε-

376 3553 723 3625 ϐαπτικέναι,
777 3557 980 3630 Πέτρος
1041 3551 1099 3609 δὲ
1135 3551 1411 3630 Ἀνδρέαν,
1462 3549 1716 3629 Ἀνδρέας
1781 3547 2038 3609 Ἰάκωϐον

373 3643 470 3698 καὶ
502 3641 784 3713 Ἰωάννην,
817 3640 1015 3697 ἐκεῖνοι
1048 3637 1105 3696 δε
1134 3639 1263 3703 τοὺς
1294 3638 1548 3702 λοιπούς.
1582 3664 1608 3692 ››

2157 3213 2325 3253 mens
2354 3199 2722 3251 Stromateus
2757 3194 3025 3250 meminit
3055 3195 3110 3249 in
3137 3195 3346 3267 quinto
3369 3201 3808 3271 Hypotyposeon.

2154 3285 2554 3358 Apostolicum
2590 3283 2744 3338 enim
2778 3283 2921 3340 illud
2956 3284 3178 3340 dictum
3207 3301 3504 3357 exponens
3535 3304 3648 3360 quo
3673 3289 3814 3345 dici-

2154 3365 2252 3430 tur
2286 3394 2298 3430 :
2333 3374 2552 3430 Gratias
2579 3389 2681 3445 ago
2710 3374 2836 3441 Deo,
2860 3375 2994 3446 quia
3022 3376 3300 3430 neminem
3348 3385 3592 3433 vestrum
3640 3378 3811 3451 bapti-

2152 3466 2299 3529 zavi,
2340 3487 2360 3512 α
2394 3463 2686 3530 Christus,
2716 3463 2932 3534 inquit,
2966 3463 3185 3519 dicitur
3211 3467 3448 3520 Petrum
3480 3466 3674 3523 solum
3704 3468 3812 3524 ba-

2152 3554 2426 3626 ptizasse,
2472 3551 2682 3607 Petrus
2727 3552 3044 3620 Andream,
3096 3555 3360 3612 Andreas
3417 3556 3700 3614 Iacobum
3755 3560 3815 3615 et

2150 3642 2460 3709 Joannem,
2491 3639 2576 3695 illi
2600 3645 2796 3696 autem
2831 3640 3108 3713 reliquos.
3146 3664 3175 3692 ››

1416 3767 1501 3822 Ex
1531 3765 1629 3823 tib.
1663 3765 1757 3821 Vl.
1791 3797 1857 3807 —
1888 3771 1989 3838 Ap.
2024 3767 2218 3824 Euseb.
2252 3765 2391 3823 Hist.
2419 3766 2574 3833 eccl.,
2608 3781 2672 3832 ιι,
2707 3769 2757 3820 1.

449 3882 697 3956 Κλήμης
730 3880 788 3938 δὲ
831 3881 882 3938 έν
915 3878 1057 3956 ἕκτῳ
1086 3885 1193 3937 τῶν
1225 3880 1652 3937 Ὑποτυπώσεων
1683 3881 1903 3959 γράφων
1938 3879 2044 3937 ὧδέ

370 3973 912 4048 παρίστησι.ΙΙέτρον
938 3971 1042 4049 γάρ
1074 3993 1206 4050 φησι
1237 3971 1327 4026 καὶ
1360 3966 1621 4026 Ἰάκωϐον
1654 3970 1742 4025 καὶ
1774 3971 2036 4040 Ἰωάννην

377 4063 517 4136 μετὰ
544 4064 645 4132 τήν
677 4062 954 4134 ἀνάληψιν
985 4065 1082 4116 τοῦ
1115 4066 1399 4135 Σωτῆρος,
1427 4061 1502 4122 ὡς
1544 4059 1603 4114 ἂν
1652 4060 1743 4113 καὶ
1792 4060 1896 4114 ὑπὸ
1941 4063 2038 4114 τοῦ

375 4151 582 4225 Κυρίου
639 4149 1176 4226 προτετιμημένους,
1238 4149 1313 4221 μή
1375 4146 1779 4217 ἐπιδικάζεσθαι
1850 4145 2036 4219 δόξης,

376 4237 504 4294 ἀλλ’
552 4235 814 4297 Ἰάκωϐον
853 4240 946 4294 τὸν
1021 4235 1228 4293 δίκαιον
1278 4237 1579 4294 ἐπίσκοπον
1637 4235 2035 4312 Ἱεροσολύμων

382 4325 619 4385 ἑλέσθαι.

2223 3883 2490 3938 Clemens
2511 3885 2667 3937 certe
2688 3881 2747 3937 in
2769 3886 2930 3937 sexto
2951 3883 3379 3941 Institutionum
3401 3884 3551 3943 libro
3581 3885 3665 3942 ita
3689 3890 3808 3943 tra-

2147 3973 2253 4027 dit.
2288 3971 2382 4027 Ait
2406 3971 2586 4036 enim,
2622 3980 2754 4042 post
2777 3972 3102 4029 Servatoris
3151 3989 3488 4043 ascensum,
3542 3980 3806 4046 Petrum,

2145 4061 2431 4117 Jacobum
2461 4064 2519 4115 et
2565 4059 2875 4126 Joannem,
2925 4061 3196 4131 quamvis
3245 4061 3532 4119 Dominus
3580 4065 3808 4121 ceteris

2147 4150 2309 4221 ipsos
2342 4148 2722 4221 praetulisset,
2765 4163 2885 4204 non
2933 4147 3154 4204 idcirco
3201 4149 3272 4205 de
3320 4150 3512 4223 primo
3567 4152 3804 4209 honoris

2145 4239 2334 4311 gradu
2357 4237 2862 4304 contendisse,sed
2881 4236 3169 4293 Jacobum
3192 4240 3542 4310 cognomine
3560 4239 3593 4298 J
3600 4245 3803 4299 ustum

2147 4326 2645 4398 Jerosolymorum
2678 4325 3025 4398 episcopum
3057 4325 3326 4400 elegisse.

1272 4454 1428 4509 θαι
1460 4455 1546 4508 Ex
1573 4452 1761 4508 eodem
1790 4452 1937 4507 libro
1963 4452 2057 4507 VI.
2091 4482 2158 4493 —
2189 4451 2286 4523 Ap.
2320 4449 2536 4520 Euseb,
2568 4448 2706 4504 ibid.
2738 4465 2786 4505 c.
2823 4450 2911 4506 15.

457 4565 616 4623 Οὕτω
664 4565 730 4638 δὴ
780 4567 870 4624 οὗν
923 4564 1375 4640 ἐπιδημήσαντος
1407 4565 1592 4628 αὐτοῖς
1619 4569 1717 4620 τοῦ
1749 4565 1897 4629 θείου
1941 4561 2038 4619 λό-
2072 4569 2081 4634 ]

2223 4566 2405 4636 Igitur
2435 4580 2567 4620 cum
2596 4563 2699 4620 Dei
2732 4562 3000 4619 doctrina
3047 4567 3340 4622 Romanos
3388 4568 3642 4626 adventu
3693 4587 3804 4628 suo

375 4677 503 4732 γου,
537 4659 571 4726 ἠ
610 4658 705 4731 μὲν
735 4660 834 4713 τοῦ
867 4657 1118 4730 Σίμωνος
1157 4649 1368 4724 ἀπέσϐη
1418 4653 1508 4708 καὶ
1557 4659 1903 4728 παραχρῆμα
1948 4651 2039 4707 καὶ

338 4749 458 4816 ’τῷ
501 4743 655 4820 ἀνδρὶ
695 4743 1032 4802 καταλέλυτο
1084 4741 1315 4816 δύναμις
1345 4761 1358 4774 ⁸
1391 4745 1621 4796 τοσοῦτο
1672 4737 1719 4796 δ’
1757 4741 2042 4814 ἐπέλαμψε

373 4840 497 4899 ταῖς
545 4838 653 4891 τῶν
707 4836 987 4912 ἀκροατῶν
1039 4836 1138 4889 τοῦ
1190 4833 1398 4909 Πέτρου
1438 4828 1708 4893 διανοίαις
1765 4825 2038 4893 εὐσεϐείας

377 4924 602 5000 φέγγος,
659 4924 734 4987 ὡς
795 4924 874 4998 μὴ
931 4927 1001 4996 τῇ
1045 4921 1265 4992 εἰσάπαξ
1314 4922 1511 4983 ἱκανῶς
1558 4915 1704 4997 ἔχειν
1760 4919 2041 4996 ἀρκεῖσθαι

375 5013 543 5086 ἀκοῇ,
579 5010 724 5088 μηδὲ
752 5017 821 5088 τῇ
869 5010 1103 5091 ἀγράφῳ
1142 5016 1240 5068 τοῦ
1287 5011 1436 5067 θείου
1481 5009 1838 5088 κηρύγματος
1885 5006 2039 5065 διδα-

377 5101 582 5175 σκαλίᾳ
613 5123 626 5138 ο
678 5099 1066 5176 παρακλήσεσι
1118 5099 1176 5156 δὲ
1227 5099 1514 5164 παντοίαις
1568 5098 1810 5174 Μάρκον,
1861 5098 1922 5153 οὗ
1977 5098 2040 5155 τὸ

375 5188 721 5266 Εὐαγγὲλιον
751 5192 994 5269 φέρεται,
1026 5188 1332 5253 ἀκόλουθον
1365 5187 1493 5244 ὄντα
1535 5188 1763 5262 Πέτροῦ,
1795 5186 2040 5264 λιπαρῆ-

373 5299 486 5348 σαι,
519 5281 594 5342 ὡς
637 5277 698 5334 ἂν
729 5279 822 5335 καὶ
855 5276 946 5333 διὰ
985 5285 1202 5356 γραφῆς
1246 5277 1550 5350 ὑπόμνημα
1590 5283 1690 5346 τῆς
1734 5273 1824 5330 διὰ
1868 5275 2040 5351 λόγου

370 5366 777 5444 παραδοθείσης
836 5368 1022 5430 αὐτοῖς
1089 5369 1415 5440 καταλεῖψαι
1487 5362 1838 5427 διδασκαλίας
1869 5385 1882 5399 ο
1961 5365 2038 5438 μὴ

325 5491 330 5497 -
369 5459 640 5535 πρότερόν
692 5479 753 5514 τε
795 5456 1002 5513 ἀνιέναι
1037 5457 1073 5528 ἢ
1123 5455 1552 5532 κατεργάσασθαι
1605 5455 1696 5509 τὸν
1728 5450 1918 5528 ἄνδρα,
1946 5453 2038 5507 καὶ

321 5578 324 5584 ι
370 5546 548 5624 ταύτῃ
580 5546 792 5610 αἰτίους
821 5545 1065 5625 γενέσθαι
1110 5551 1210 5615 τῆς
1232 5547 1330 5600 τοῦ
1359 5542 1664 5618 λεγομένου
1693 5543 1831 5598 κατὰ
1887 5544 2041 5618 Μάρ-

371 5658 471 5694 κον
503 5635 855 5714 Εὐαγγελίου
883 5641 1122 5713 γραφῆς.
1155 5634 1356 5689 Γνόντα
1403 5629 1460 5688 δὶ
1505 5633 1567 5688 τὸ
1614 5631 1879 5708 πραχθὲν,
1913 5629 2042 5709 φασὶ

439 5786 505 5851 ᾗ(
531 5783 594 5842 Ρ.
629 5783 773 5841 1005
793 5783 911 5840 ED.
946 5779 1249 5839 POTTER.

712 5901 974 5964 Panos.
1020 5898 1133 5960 Gs.
1176 5896 1285 5960 IX.

2151 4653 2530 4721 illustrasset,
2559 4652 2815 4709 Simonis
2845 4652 3082 4723 quidem
3110 4654 3199 4710 vis
3239 4672 3306 4711 ac
3354 4658 3617 4729 potentia
3665 4676 3804 4718 cum

2151 4743 2260 4814 ipsi
2288 4741 2468 4799 simul
2490 4745 2728 4798 auctore
2753 4741 2914 4797 brevi
2947 4741 3237 4800 exstincta
3268 4748 3441 4815 atque
3471 4746 3666 4805 deleta
3691 4761 3802 4806 est.
3843 4797 3846 4800 .

2149 4831 2376 4888 Tantus
2407 4835 2608 4886 autem
2637 4829 2902 4886 veritatis
2930 4830 3128 4904 fulgor
3154 4833 3395 4891 emicuit
3415 4835 3474 4891 in
3502 4837 3806 4895 mentibus

2149 4935 2376 4988 eorum,
2410 4919 2511 4992 qui
2545 4922 2779 4974 Petrum
2811 4918 3140 4989 audierant,
3173 4927 3235 4978 ut
3266 4939 3474 4994 parum
3519 4923 3806 4983 haberent

2151 5009 2334 5065 semel
2361 5009 2617 5076 audisse,
2651 5025 2756 5064 nec
2788 5009 3043 5065 contenti
3095 5016 3294 5066 essent
3340 5012 3592 5069 cmlestis
3639 5013 3802 5070 verbi

2150 5097 2480 5154 doctrinam
2511 5097 2638 5152 viva
2667 5113 2825 5168 voce,
2861 5097 3040 5154 nullis
3070 5100 3347 5156 traditam
3377 5101 3613 5172 scriptis
3642 5117 3804 5159 acce-

2151 5187 2310 5260 pisse
2343 5204 2356 5243 :
2389 5187 2490 5241 sed
2523 5185 2782 5241 Marcum
2815 5185 2971 5242 Petri
3011 5191 3357 5243 sectatorem
3407 5192 3579 5259 cujus
3626 5189 3804 5249 hodie

2149 5274 2758 5346 exstatEvangelium,
2790 5275 2957 5330 enixe
2977 5280 3213 5330 orarent
3233 5281 3298 5331 ut
3314 5277 3592 5333 doctrinae
3614 5277 3803 5353 illius,

2151 5382 2328 5438 quam
2362 5364 2569 5420 auditu
2604 5368 2970 5434 acceperant,
3003 5363 3294 5435 scriptum
3323 5365 3561 5439 aliquod
3593 5384 3804 5426 monu-

2152 5458 2419 5510 mentum
2441 5452 2597 5524 apud
2621 5467 2686 5508 se
2707 5451 3082 5523 relinqueret.
3105 5452 3221 5511 Nec
3244 5452 3407 5525 prius
3429 5456 3802 5531 destiterunt,

2152 5559 2330 5614 quam
2364 5541 2668 5597 hominem
2715 5546 3175 5612 expugnassent,
3225 5548 3610 5616 auctoresque
3656 5547 3804 5604 scri-

2153 5631 2330 5689 bendi
2351 5629 2513 5687 illius
2535 5629 2692 5701 quod
2720 5629 3047 5686 secundum
3071 5629 3335 5690 Marcum
3357 5633 3595 5708 dicitur,
3611 5637 3803 5696 Evan-

3398 5895 3477 5954 24
