4124 6404
367 456 471 512 747
1613 455 1995 508 CLEMENTI!

2169 454 2558 505 EXANDRINI
3691 451 3797 507 748

366 581 502 652 gelii
535 580 918 636 exstitissent.
954 577 1113 640 Quod
1151 593 1285 631 cum
1321 580 1529 633 Petrus
1572 592 1676 649 per
1724 574 1994 631 revelatio

2166 572 2232 627 ’ὸν
2266 571 2626 644 Ἀπὸστολον,
2660 569 3112 646 ἀποκαλύψαντος
3154 570 3301 644 αύτῷ
3330 577 3427 628 τοῦ
3459 571 3794 648 Πνεύματος,

369 687 504 725 nem
529 669 717 724 sancti
749 665 1003 738 Spiritus
1032 666 1427 738 cognovisset,
1452 664 1778 722 delectatus
1801 665 1997 719 ardent

2167 665 2374 728 ,σθῆναι
2422 662 2490 732 τῇ
2538 662 2645 714 τῶν
2699 655 2904 732 ἀνδρῶν
2943 660 3242 735 προθυμίᾳ,
3295 661 3540 736 κυρῶσαί
3582 682 3642 717 τε
3695 663 3795 731 τήν

371 759 677 814 hominum
706 753 1149 824 studio,librum
1177 753 1347 810 illum
1373 754 1724 811 auctoritate
1747 769 1856 808 sua
1876 769 1999 808 com

2169 750 2350 826 ’ραφὴν
2380 749 2458 812 εἷς
2492 748 2720 821 ἔντευξιν
2752 756 2869 812 ταῖς
2900 748 3244 828 Ἐκκλγσίαις
3295 751 3530 826 [ᾗλήμης
3555 752 3608 808 έν
3655 749 3797 826 ’ἐκτῳ

369 849 652 921 probasse
683 845 920 913 dicitur,
953 849 1020 900 ut
1070 844 1346 916 deinceps
1396 845 1454 900 in
1501 843 1767 900 ecclesiis
1816 842 1997 914 legere

1917 858 2032 898 ere-
2139 844 2245 894 τῶν
2280 840 2708 894 Ὑποτυπώσεων
2737 839 3117 916 παρατέθειται
3149 842 3248 911 τὴν
3280 841 3545 918 ⁴ίατορίαν.

368 943 486 993 tur.
519 936 786 992 Refertur
814 933 872 990 id
907 950 940 989 a
963 933 1264 990 Clemente
1293 933 1350 989 in
1405 937 1566 991 sexto
1614 932 2032 988 lnstitulionum

368 1027 543 1084 libro.

1527 1121 1610 1176 Ex
1635 1119 1822 1176 eodem
1856 1117 2023 1175 libro.
2055 1146 2124 1162 —
2150 1119 2248 1190 Ap.
2282 1119 2474 1174 Euseb.
2502 1118 2640 1173 ibid.

442 1245 506 1308 ἰι
533 1239 697 1295 Tunc
727 1239 928 1306 etiam,
961 1242 1029 1292 ut
1059 1237 1260 1292 divina
1287 1236 1468 1293 tradit
1497 1236 1820 1308 Scriptura,
1843 1240 2032 1291 Hero-

2213 1234 2585 1303 Τοτηνικαῦτα
2645 1229 2723 1299 δὲ,
2768 1229 2844 1293 ὥς
2919 1253 3081 1310 φησιν
3140 1235 3174 1302 ἠ
3233 1233 3346 1298 θεία
3406 1237 3618 1313 Γραφή,
3669 1233 3799 1293 ῒδὼν

375 1330 482 1386 des
511 1345 646 1385 cum
673 1327 877 1384 Jacobi
910 1327 1126 1382 caedem
1177 1325 1582 1398 gratissimam
1635 1342 1766 1381 esse
1809 1323 1998 1381 Judaei

2173 1319 2396 1397 Ηρώδης
2425 1320 2512 1376 ἐπὶ
2550 1323 2618 1394 τῇ
2653 1325 2749 1375 τοῦ
2775 1315 3041 1377 Ἰακώϐου
3090 1321 3358 1397 ἀναιρέσει
3409 1324 3493 1378 ὅτι
3537 1322 3604 1396 δὴ
3664 1327 3801 1401 πρὸς

374 1419 618 1484 videret,
652 1418 883 1473 Petrum
917 1431 1153 1488 quoque
1183 1416 1428 1472 adortus
1457 1419 1562 1471 est.
1600 1415 1783 1480 Quem
1816 1414 1876 1468 in
1907 1413 2002 1468 vin

2173 1409 2348 1481 ιδονῆς
2380 1407 2463 1480 εἷή
2495 1410 2557 1464 τὸ
2587 1411 2832 1486 πραχθὲν
2883 1416 2998 1474 τοῖς
3033 1409 3345 1485 Ἰουδαίοις,
3376 1411 3670 1478 ἐπιτίθεται
3710 1418 3801 1471 καὶ

377 1507 509 1564 cula
534 1507 868 1578 conjectum
900 1504 1138 1576 capitali
1181 1503 1476 1576 supplicio
1514 1505 1644 1576 jam
1685 1503 1995 1559 addicturu

2174 1499 2355 1575 Ιέτρῳ.
2401 1505 2631 1572 Δεσμοῖς
2677 1520 2734 1554 τε
2782 1498 2944 1556 αὐτὸν
2995 1498 3296 1576 παραδοὺς,
3328 1500 3454 1558 ὅσον
3508 1499 3663 1558 οὔπω
3709 1505 3802 1560 καὶ

375 1601 522 1668 erat,
555 1596 670 1652 nisi
703 1599 909 1651 Petrus
939 1593 1140 1650 divina
1168 1593 1402 1663 virtute,
1433 1591 1626 1666 angeli
1657 1592 1884 1649 scilicet
1930 1608 2003 1648 no

2177 1590 2233 1643 ὸν
2282 1589 2401 1642 κατ’
2430 1587 2595 1643 αὐτοῦ
2635 1587 2793 1666 φόνον
2845 1587 3142 1665 ἐνήργησεν
3175 1589 3258 1662 ἃν,
3291 1591 3336 1645 εί
3389 1591 3467 1664 μή
3514 1589 3606 1647 διὰ
3659 1592 3805 1655 θείας

378 1691 476 1744 otu
509 1684 853 1759 apparentia
885 1682 1122 1755 auxilio,
1155 1687 1364 1756 praeter
1393 1681 1658 1738 omnium
1690 1697 1855 1755 spem
1906 1679 2001 1736 vin

2178 1677 2455 1754 πιφανείας
2505 1676 2822 1741 ἐπιστάντος
2872 1677 3020 1751 αύτῷ
3067 1677 3280 1755 νύκτωρ
3333 1680 3593 1756 ἀγγέλου,
3626 1702 3806 1758 παρα-

377 1775 528 1832 culis
560 1775 863 1845 liberatus,
897 1773 969 1830 ad
1010 1772 1448 1846 praedicationis
1497 1771 1892 1828 ministerium
1944 1770 2000 1826 di

2180 1766 2314 1840 όεως
2363 1770 2473 1820 τῶν
2524 1765 2767 1840 εἱργμῶν
2812 1764 3179 1842 ἀπαλλαγεὶς,
3211 1766 3299 1823 ἐπὶ
3326 1769 3426 1838 τὴν
3474 1773 3570 1824 τοῦ
3627 1770 3808 1847 κηρύ-

381 1865 603 1923 missus
629 1863 859 1921 fuisset.

2143 1875 2351 1932 γματος
2380 1854 2597 1932 ἀφεῖται
2631 1853 2921 1912 διακονίαν.

1330 1997 1415 2051 Ea:
1444 1995 1638 2051 eodem
1670 1994 1833 2051 libro.
1865 2022 1940 2039 —
1961 1996 2062 2066 Ap.
2092 1992 2290 2048 Euseb.
2321 1991 2464 2048 Hist.
2495 1991 2624 2048 θεοί.
2657 2009 2738 2059 νι,
2777 1992 2858 2047 14.

451 2116 614 2174 Idem
682 2113 999 2186 (Clemens)
1059 2112 1118 2167 in
1177 2111 1348 2167 libris
1403 2110 1856 2179 ’Υποτυπώσεων,
1915 2111 2079 2176 om-]

2218 2109 2308 2164 ’Ev
2352 2103 2410 2160 δὲ
2441 2111 2562 2169 ταῖς
2608 2107 3038 2176 Ὑποτυπώσεσι,
3070 2107 3358 2179 ξυνελόντα
3387 2110 3581 2183 είπεῖν,
3625 2109 3806 2181 πάσης

377 2207 569 2273 nium,
598 2209 664 2260 ut
693 2220 810 2260 uno
841 2203 1018 2258 verbo
1051 2200 1268 2268 dicam,
1320 2201 1630 2274 utriusque
1679 2201 2005 2256 Testameni

2184 2201 2249 2264 ἧς
2307 2191 2630 2264 ἐνδιαθήκου
2687 2197 2905 2273 Γραφῆς
2989 2194 3430 2270 ἐπιτετμημένας
3512 2198 3809 2268 πεποίηται

379 2294 820 2366 Scripturarum
879 2291 1359 2364 compendiosam
1412 2289 1671 2346 instituit
1716 2289 2007 2345 enarratio

2187 2285 2452 2358 ιηγήσεις,
2491 2281 2632 2356 μηδὲ
2690 2284 2785 2348 τὰς
2841 2283 3267 2360 ἀντιλεγομέναις
3324 2286 3614 2362 παρελθών
3645 2307 3658 2320 ·
3707 2289 3808 2356 τήν

381 2399 540 2448 nem,
578 2397 649 2438 ne
676 2381 797 2437 illis
828 2381 1068 2453 quidem
1117 2379 1528 2452 praetermissis
1577 2377 1917 2450 Scripturis,
1967 2377 2002 2431 d

2180 2370 2330 2430 [ούδα
2389 2371 2533 2447 λέγω
2580 2372 2672 2428 καὶ
2719 2372 2816 2437 τὰς
2873 2373 3071 2437 λοιπὰς
3100 2374 3397 2439 “solum
3434 2374 3762 2440 Ἐπιστολάς
3795 2397 3808 2410 ·

383 2473 601 2544 quibus
632 2471 784 2526 inter
814 2469 1034 2526 multos
1065 2467 1410 2541 ambigitur.
1432 2468 1598 2524 Judm
1630 2467 1953 2538 Epistolam
1984 2482 2011 2522 e

2187 2465 2250 2533 ήν
2280 2483 2339 2518 τε
2370 2457 2618 2539 Βαρνάϐα
2646 2462 2736 2517 καὶ
2765 2463 2868 2532 τήν
2913 2463 3118 2540 Πέτρου
3171 2463 3478 2542 λεγομένην
3527 2464 3815 2522 ἀποκάλυ-

384 2561 753 2628 Barnabaa,ac
787 2559 1042 2631 reliquas
1076 2555 1396 2614 catholicas
1427 2557 1720 2629 Epistolas
1753 2555 2012 2628 intelligo

2187 2575 2268 2609 μιν.
2304 2552 2400 2607 Καὶ
2449 2553 2550 2621 τὴν
2610 2553 2748 2628 πρὸς
2778 2547 3068 2629 Ἐϐραίους
3121 2551 3178 2609 δὲ
3211 2553 3542 2625 Ἐπιστολὴν
3590 2553 3815 2611 Παύλου

384 2655 442 2705 et
463 2647 901 2705 Revelationem
925 2664 1048 2718 quae
1072 2647 1292 2702 dicitur
1313 2645 1819 2717 Petri,Epistolam
1842 2650 2012 2702 auten

2187 2644 2255 2697 ιέν
2343 2641 2476 2696 εἶναί
2529 2663 2685 2716 φησι,
2743 2644 3039 2720 γεγράφθαι
3098 2641 3157 2699 δὶ
3212 2639 3490 2722 Ἑϐραίοις
3546 2640 3815 2720 Ἑϐραίκῇ

385 2740 455 2796 ad
491 2739 758 2795 Hebraeos
792 2737 959 2794 Pauli
991 2735 1230 2808 quidem
1281 2752 1412 2792 esse
1461 2735 1740 2799 afﬁrmat,
1789 2735 1892 2790 sed
1931 2737 2013 2790 He

2189 2735 2314 2806 ›ωνῇ
2351 2753 2362 2766 -
2396 2737 2606 2786 Λουκᾶν
2653 2729 2730 2799 δὲ,
2765 2729 3075 2810 φιλοτίμως
3127 2732 3294 2803 αὐτὴν
3343 2734 3817 2811 μεθερμηνεύσαν-

384 2829 582 2884 braico
614 2843 909 2897 sermone,
945 2830 1148 2898 utpote
1178 2826 1250 2882 ad
1284 2825 1580 2894 Hebraeos,
1616 2825 1876 2896 primum
1909 2824 2012 2880 scri

2191 2843 2241 2889 α,
2293 2817 2543 2875 ἐκδοῦναι
2593 2826 2710 2883 τοῖς
2753 2820 3048 2891 Ἕλλησιν.
3085 2823 3246 2887 ’Ὀθεν
3277 2824 3368 2879 τὸν
3417 2825 3580 2880 αὐτὸν
3625 2828 3818 2899 χρῶτα

385 2921 551 2990 ptem
584 2918 802 2984 fuisse;
836 2917 1054 2972 Lucam
1083 2931 1219 2971 vero
1249 2917 1517 2972 eamdem
1546 2913 1746 2970 Greco
1777 2930 2010 2970 sermon

2188 2910 2518 2986 ὑρίσκεσθαι,
2549 2910 2687 2966 κατὰ
2713 2913 2812 2981 τὴν
2847 2911 3161 2988 ἑρμηνείαν,
3191 2912 3392 2983 ταύτης
3424 2935 3483 2968 τε
3527 2921 3630 2984 τῆς
3662 2916 3816 2969 Ἐπι-

389 3007 653 3063 studiose
684 3005 1380 3078 interpretatum,Grzecis
1402 3004 1745 3060 hominibus
1767 3003 2017 3059 edidisse

2188 2998 2362 3070 τολῆς
2403 2999 2494 3054 καὶ
2543 3003 2651 3054 τῶν
2703 3000 2952 3074 Πράξεων
2990 3019 3002 3032 ·
3042 3002 3118 3074 μή
3167 3001 3578 3080 προγεγράφθαι
3624 2999 3682 3058 δὶ
3729 3004 3816 3072 τὸ,

390 3099 580 3164 Quare
608 3095 669 3152 in
720 3111 788 3152 ea
835 3095 1085 3168 epistola
1133 3099 1190 3152 et
1238 3095 1298 3150 in
1347 3095 1592 3150 Actibus
1643 3092 2018 3166 apostolorun

1397 3095 1592 3150 ctibus
1643 3092 2046 3166 apostolorum
2155 3088 2372 3153 Παῦλος
2401 3088 2739 3159 ἀπόστολος,
2772 3089 3021 3153 εἰκότως.

391 3187 664 3244 eumdem
697 3184 972 3242 dictionis
1007 3184 1258 3242 colorem
1289 3182 1552 3256 reperiri.
1587 3183 1746 3239 Hanc
1776 3199 1909 3239 vero
1940 3180 2384 3254 inscriptionem
2417 3181 2626 3237 Paulus
2655 3182 2954 3254 apostolus,
2987 3188 3143 3240 recte
3173 3183 3373 3257 itaque
3402 3183 3604 3242 ordine
3629 3184 3817 3242 omis-

390 3291 516 3332 sam
549 3274 732 3331 fuisse
761 3275 1050 3331 observat.

1355 3371 1438 3426 Ea:
1467 3369 1564 3426 lib.
1596 3369 1725 3426 VII.
1757 3399 1824 3411 —
1853 3369 1956 3441 Ap.
1983 3368 2253 3438 eumdem,
2287 3370 2346 3423 in
2377 3370 2400 3425 Ι
2429 3367 2500 3424 ad
2526 3369 2660 3424 Tim.
2693 3385 2756 3436 ιι,
2787 3370 2841 3424 6.

463 3489 812 3563 Temporibus
843 3490 983 3545 suis.
1011 3487 1130 3544 Hoc
1159 3487 1394 3559 quando
1443 3490 1598 3543 recte
1649 3501 1713 3543 se
1757 3484 2053 3542 habebant
2083 3495 2091 3548 1

2237 3487 2458 3558 Καιροῖς
2521 3479 2702 3546 ἰδίοις.
2754 3479 3068 3556 Τουτέστιν,
3118 3484 3208 3542 ὅτε
3275 3483 3598 3558 έπιτηδείως
3667 3486 3820 3564 εἶχον

392 3579 667 3637 homines
699 3578 772 3636 ab
801 3576 1003 3636 ﬁdem.

2164 3573 2301 3647 πρὸς
2331 3572 2432 3642 τὴν
2464 3571 2645 3628 πίστιν
2678 3573 2732 3629 oi.
2763 3573 3065 3649 ἂνθρωποι.

1877 3691 2005 3762 Cap.
2037 3707 2124 3760 In,
2155 3706 2207 3746 υ.
2242 3691 2330 3746 16.

474 3799 628 3856 Visus
657 3809 735 3856 est
780 3799 848 3854 ab
897 3797 1132 3870 angelis.
1182 3797 1248 3867 (Ο
1301 3796 1682 3870 mysterium!
1727 3797 2050 3854 Nobiscum

2237 3797 2411 3873 ’Ὠφθη
2465 3795 2737 3871 ἀγγέλοις.
2771 3802 2856 3867 (Ὢ
2912 3799 3255 3871 μυστήριονί
3291 3799 3426 3856 Μεθ’
3475 3801 3638 3873 ἡμῶν
3687 3799 3835 3858 εἶδον

397 3891 674 3947 viderunt
693 3887 1368 3961 angeli.Christum,cum
1394 3887 1558 3960 prius
1584 3903 1699 3944 non
1717 3887 2025 3944 vidissent.

2212 3903 2218 3938 ι
2249 3883 2480 3960 ἄγγελοι
2509 3884 2601 3939 τὸν
2631 3885 2892 3961 Χριστὸν,
2924 3886 3194 3964 πρότερον
3241 3887 3350 3964 οὐχ
3401 3889 3682 3966 ὁρῶντες.)
3714 3892 3840 3968 Οὐχ

396 3979 524 4036 Non
555 3979 712 4034 sicut
741 3977 814 4035 ab
847 3975 1210 4033 hominibus.

1124 3993 1210 4032 us.
2162 3973 2236 4036 ὡς
2265 3977 2382 4037 τοῖς
2409 3972 2752 4049 ἀνθρώποις.

1915 4091 2047 4164 Cap.
2077 4108 2135 4160 ν,
2167 4109 2217 4148 υ.
2249 4091 2306 4147 8.

469 4203 533 4258 Et
574 4201 822 4258 maxime
850 4199 1182 4257 domesticis.
1214 4198 1348 4255 Suis
1392 4202 1451 4254 et
1481 4198 1821 4256 domesticis
1861 4200 2052 4270 provi-

2235 4197 2334 4252 Καὶ
2396 4196 2634 4271 μάλιστα
2674 4202 2784 4254 τῶν
2824 4198 3065 4260 οἰκείων.
3095 4205 3212 4256 Τῶν
3274 4199 3427 4258 ἰδίων
3485 4202 3577 4258 καὶ
3606 4209 3718 4261 τῶν
3747 4205 3837 4262 ol-

398 4291 517 4360 det,
542 4290 640 4361 qui
671 4306 788 4346 non
820 4288 1013 4345 solum
1049 4303 1252 4345 curam
1282 4287 1460 4344 habet
1500 4304 1726 4359 eorum,
1777 4305 1904 4360 quae
1947 4287 2022 4344 ali

2211 4286 2326 4342 ιίων
2372 4293 2620 4364 προνοεῖ,
2652 4290 2681 4344 ὁ
2741 4291 2818 4362 μή
2876 4289 3045 4363 μόνον
3091 4293 3204 4346 τῶν
3255 4291 3650 4368 προσηκόντων
3693 4315 3839 4368 προ-

402 4396 519 4452 quo
552 4379 726 4434 modo
757 4378 1131 4450 contingunt,
1164 4379 1266 4435 sed
1299 4381 1356 4434 et
1382 4377 1476 4434 sui
1525 4376 1738 4450 ipsius,
1785 4377 2030 4450 proprio:

2219 4380 2323 4449 div,
2354 4375 2499 4432 ἀλλᾶ
2549 4379 2642 4434 καὶ
2697 4378 2864 4442 αὐτὸς
2904 4379 3120 4455 ἑαυτοῦ,
3153 4378 3244 4436 διὰ
3283 4385 3382 4438 τοῦ
3433 4381 3717 4440 ἐκκόπτειν
3767 4387 3847 4441 τὰ

403 4469 768 4542 amputanda
801 4467 1069 4526 aﬂ’eotus.

711 4469 768 4525 lo
801 4467 1069 4526 aﬂ’eotus.
2168 4465 2339 4538 πάθη.

1889 4583 2025 4654 Cap.
2056 4599 2111 4650 ν,
2151 4599 2198 4638 v.
2233 4583 2320 4638 10.

482 4690 544 4746 Si
571 4698 888 4748 sanctorum
910 4689 1074 4763 pedes
1107 4689 1272 4747 lavit.
1313 4688 1433 4746 Hoc
1461 4693 1552 4746 est
1581 4690 1633 4746 si
1658 4693 1918 4747 extrema
1951 4689 2066 4746 mi-

2247 4688 2317 4746 Εΐ
2372 4688 2537 4766 ἁγίων
2593 4687 2764 4755 πόδας
2819 4685 2990 4767 ἔνιψε.
3024 4693 3326 4751 Τουτέστιν
3383 4694 3430 4752 εί
3471 4696 3569 4760 τὰς
3600 4694 3845 4774 έσχάτας

410 4778 657 4837 nisteria
681 4780 905 4837 sanctis
931 4780 1160 4851 absque
1178 4778 1392 4835 rubore
1421 4777 1707 4835 exhibuit.

2179 4777 2474 4854 ὑπηρεσίας
2499 4783 2615 4842 τοῖς
2646 4777 2822 4856 ἁγίοις
2855 4781 3301 4859 ἀνεπαισχύντως
3331 4782 3649 4857 ἐξετέλεσεν.

1901 4896 2037 4968 Cap.
2069 4911 2126 4962 v,
2157 4911 2207 4952 υ.
2238 4896 2330 4952 21.

479 4994 615 5051 Sine
640 4992 1096 5066 praecipitath
1115 4989 1342 5064 judicii.
1375 4990 1495 5048 Hoc
1527 4995 1618 5048 est
1646 4963 1859 5049 cavens
1890 5009 1963 5049 ne
1979 4963 2064 5050 ad
2095 4995 2107 5061 1

2243 4991 2428 5067 Χωρὶς
2482 4992 2884 5069 προκρίματος.
2941 4995 3232 5053 Τουτέστιν
3307 4995 3433 5055 ἄνευ
3487 5003 3588 5056 τοῦ
3643 4999 3722 5063 εἵς
3777 5021 3839 5058 τι

408 5082 634 5156 aliquid
665 5081 1070 5155 impingendo,
1125 5080 1462 5153 subjiciaris
1501 5081 1728 5154 judicio
1755 5087 1812 5139 et
1852 5081 2036 5139 ultion

2211 5081 2470 5137 ταίσαντα
2519 5082 2810 5139 ὑποπεσεῖν
2857 5087 2928 5158 τῇ
2973 5085 3267 5160 κρίσεικαί
3296 5090 3365 5162 τῇ
3395 5095 3497 5159 τῆς
3543 5094 3839 5166 παρακοῆς

408 5171 842 5230 inobedientiaa.

787 5189 842 5228 Β.
2171 5167 2415 5227 κολάσει.

1883 5307 2018 5376 Cap.
2050 5321 2126 5374 γι,
2160 5322 2213 5363 υ.
2246 5307 2335 5364 13.

485 5427 594 5494 Qui
622 5427 851 5481 testatus
878 5429 962 5478 est
1005 5422 1107 5477 sub
1151 5422 1344 5478 Pontio
1393 5420 1600 5476 Pilato.
1654 5419 1931 5475 Testatus
1977 5424 2069 5476 est

2246 5424 2356 5478 Τοῦ
2389 5425 2834 5499 μαρτυρήσαντος
2867 5423 2956 5480 ini
2997 5425 3229 5480 Ποντίου
3275 5425 3538 5485 Πιλάτου.
3564 5432 3839 5507 Ἐμαρτύ-

414 5531 520 5588 per
547 5531 615 5573 ea
645 5531 774 5588 quas
805 5513 960 5583 fecit,
993 5511 1148 5586 quod
1188 5511 1316 5585 ipse
1361 5514 1520 5569 esset
1566 5507 1835 5566 Christus
1883 5507 2042 5566 Filiu:

414 5604 540 5655 Dei.

2209 5531 2309 5580 ησε
2335 5510 2438 5586 γὰρ
2465 5509 2536 5566 δι’
2561 5509 2636 5568 ὧν
2668 5509 2952 5588 ἔπραττεν,
2983 5513 3068 5570 ὅτι
3099 5511 3262 5579 αὐτός
3305 5514 3448 5573 ἐστιν
3482 5519 3512 5575 ὁ
3539 5521 3776 5595 Χριστὸς
3803 5523 3837 5579 ὃ

2209 5599 2298 5655 ’ἱὸς
2327 5603 2424 5655 τοῦ
2453 5603 2608 5655 Θεοῦ.

414 5604 540 5662 Dei.

2173 5603 2298 5662 Υἱὸς
2327 5603 2424 5655 τοῦ
2453 5603 2607 5660 Θεοῦ.

486 5776 551 5841 ιιι
576 5771 640 5830 Ρ.
675 5771 814 5828 1006
839 5769 954 5829 ED.
986 5767 1292 5830 POTTER.
