4124 6456
243 571 346 626 749

1714 575 2186 630 FRAGMENTA.

3553 581 3662 635 750

1578 742 1726 798 Idem
1755 745 1816 798 in
1849 744 1900 800 ll
1928 743 1999 799 ad
2035 745 2150 800 Tim
2180 761 2241 815 ιι,
2271 745 2325 799 2.

309 835 410 894 Διά
435 834 668 892 πολλῶν
701 834 1012 912 μαρτύρων.
1043 835 1296 893 Τουτέστι
1325 838 1501 912 νόμου
1539 839 1630 894 καὶ
1677 858 1896 915 προφη-
1929 844 1962 910 Α

2085 844 2194 898 Per
2223 841 2427 899 multo:
2456 845 2640 900 tum.
2671 848 2792 900 Hoc
2821 849 2913 901 est
2967 845 3156 919 legem
3196 863 3264 904 ac
3321 849 3664 923 prophetas.

238 931 368 984 τῶν.
401 925 641 988 Τουτοός
669 925 774 1002 γὰρ
807 924 1150 990 ’Δπόστολος
1181 927 1421 983 ἐποιειτο
1469 929 1747 1006 μάρτυρας
1801 932 1898 984 τοῦ

2044 930 2156 986 lam
2190 931 2298 988 hos
2327 931 2388 987 in
2420 935 2602 989 testes
2634 933 2962 1004 proferebat
2991 935 3301 1008 Apostolus
3341 954 3463 995 sua
3517 955 3666 1011 prm-

241 1015 386 1073 ίδίσυ
413 1015 789 1092 κηρύγματος.

2011 1019 2350 1077 dicationis.

1033 1138 1116 1193 Ex
1143 1137 1330 1194 eodem
1362 1137 1507 1194 libro
1537 1137 1659 1193 VII.
1699 1168 1760 1179 -—
1789 1137 1888 1210 Ap.
1924 1139 1962 1193 E

2044 1138 2217 1194 ebium
2255 1141 2394 1195 Hist.
2428 1141 2560 1198 sccl.
2595 1141 2634 1196 ι.
2668 1157 2732 1212 n,
2757 1156 2805 1198 ε.
2837 1141 2889 1198 Ι.

312 1228 565 1308 Ἰακώϐῳ
594 1234 676 1306 τῷ
736 1235 946 1308 Δικαίῳ
991 1235 1082 1290 καὶ
1131 1236 1357 1310 Ἰωάννῃ
1408 1234 1498 1290 καὶ
1530 1236 1721 1311 Πέτρῳ
1770 1235 1908 1290 κατά

2088 1238 2304 1294 Jacobo
2335 1239 2527 1304 Justo,
2559 1244 2616 1296 et
2642 1239 2880 1309 Joanni,
2911 1243 2969 1296 et
3017 1243 3188 1298 Petro
3220 1240 3507 1300 Dominus
3539 1244 3676 1314 post

239 1325 338 1393 τήν
373 1322 663 1380 ἀνάστασιν
696 1321 984 1397 παρέδωκε
1013 1325 1111 1394 τὴν
1158 1329 1354 1400 γνῶσιν
1389 1326 1417 1380 ὁ
1471 1324 1688 1398 Κύριος.
1743 1325 1909 1382 Οὗτοι

2044 1329 2508 1384 ’θευιιι-θοιὶουεω
2539 1329 2798 1386 scientias
2829 1330 3050 1386 donum
3068 1330 3374 1403 impertiit.
3404 1331 3568 1399 Quod
3588 1329 3675 1387 illi

242 1420 358 1477 τοῖς
393 1413 616 1475 λοιποῖς
647 1414 980 1478 ἀποστόλοις
1003 1412 1348 1490 παρέδωκαν·
1386 1415 1438 1470 οἱ
1469 1413 1527 1469 δὲ
1558 1413 1745 1470 λοιποὶ
1781 1415 1920 1470 ἀπό-ι

246 1501 435 1559 στολοι
465 1507 585 1566 τοῖς
619 1497 1026 1578 ἑϐδομήκοντα,
1059 1505 1132 1560 ὧν
1163 1505 1234 1568 εἶς
1266 1505 1332 1574 ἦν
1365 1505 1454 1559 καὶ
1490 1498 1791 1578 Βαρνάϐας.

2020 1419 2246 1473 caeteris
2276 1410 2584 1490 apostolis,
2624 1419 2686 1474 bi
2744 1435 2879 1476 vero
2909 1421 3284 1494 septuaginta
3341 1421 3675 1494 discipulis,

2022 1523 2276 1579 quorum
2309 1525 2466 1565 unus
2487 1507 2599 1565 fuit
2628 1509 2950 1581 Barnabas,
2982 1510 3376 1568 tradiderunt.

1293 1625 1378 1678 Ex
1407 1622 1593 1680 eodem
1621 1621 1789 1679 libro.
1824 1652 1892 1663 —-
1921 1622 2022 1694 Ap.
2054 1623 2303 1679 eumdem
2335 1623 2500 1691 ibid.,
2529 1641 2579 1682 ο.
2609 1625 2646 1679 2

318 1723 453 1798 Περὶ
483 1726 683 1778 τοῦτου
710 1717 768 1776 δὲ
811 1722 840 1775 ὁ
872 1720 1115 1794 Κλήμης
1160 1724 1260 1776 τοῦ
1312 1715 1576 1778 Ἰακώϐου
1625 1719 1715 1774 καί
1763 1720 1913 1774 ἱστο-

252 1814 366 1892 ρίαν
407 1815 636 1886 μνήμης
665 1809 814 1884 ἀξίαν
855 1809 907 1864 ἐν
952 1813 1022 1885 τῇ
1069 1815 1178 1864 τῶν
1227 1811 1654 1864 Ὑποτυπώσεῶν
1703 1803 1912 1883 ἑϐδόμῃ

249 1903 630 1978 παρατιθεται,
663 1900 738 1963 ὡς
768 1899 828 1954 ἐκ
869 1897 1232 1976 σταραὸσεως
1280 1901 1387 1953 τῶν
1439 1899 1546 1972 πρὸ
1593 1898 1758 1952 αὐτοῦ
1807 1898 1913 1972 φά-

259 2015 424 2061 σκων,
485 1990 574 2047 ὅτι
617 1987 684 2060 δὴ
746 1991 774 2044 ὁ
826 1990 1129 2065 εἰσαγαγὼν
1187 1988 1346 2043 αὐτὸν
1397 1987 1473 2051 εἰς
1535 1986 1911 2063 δικαστήριον,

262 2083 679 2157 μαρτυρήσαντα
730 2077 890 2134 αὐτὸν
925 2075 1080 2146 ἰδὼν,
1104 2078 1347 2147 κινηθεὶς
1380 2076 1744 2151 ὡμολόγησεν
1774 2078 1912 2131 εἶναι

259 2172 352 2226 καὶ
382 2170 541 2232 αὐτὸς
573 2169 759 2224 ἑαυτὸν
791 2167 1138 2244 Χριστιανόν.
1183 2167 1625 2241 Συναπήχθησαν
1677 2166 1767 2220 οὖν
1801 2162 1911 2238 ἅμ-

2097 1722 2176 1778 De
2205 1721 2315 1778 boc
2341 1722 2570 1780 Jucobo
2601 1739 2725 1780 rem
2757 1739 2971 1797 prosus
2999 1725 3285 1782 memoria
3314 1726 3554 1799 dignam
3587 1739 3678 1783 re-

2026 1812 2134 1866 fert
2161 1811 2431 1869 Clemens
2460 1813 2520 1868 in
2552 1813 2807 1886 septimo
2839 1814 3261 1871 [mutationum
3289 1813 3465 1881 libro,
3504 1819 3681 1887 prout

2024 1917 2150 1956 eam
2185 1917 2219 1957 a
2250 1902 2576 1973 majoribus
2607 1907 2931 1976 acceperat.
2962 1905 3058 1960 Ait
3087 1904 3245 1960 enim
3276 1920 3437 1970 eum,
3457 1905 3557 1976 qui
3582 1904 3679 1960 Ja-

2023 1991 2234 2046 cobum
2261 1992 2484 2062 judicio
2515 1992 2829 2065 obtulerat,
2861 2009 2998 2050 cum
3029 1993 3199 2050 illum
3227 1993 3474 2051 vidisset
3506 1992 3676 2050 Chri-

2023 2081 2098 2135 sti
2131 2079 2195 2144 ›ι‹
2226 2080 2401 2137 fidem
2451 2080 2634 2138 libere
2689 2083 3088 2152 conﬁtentem,
3141 2086 3502 2139 commotum
3558 2081 3674 2137 viri

2023 2169 2356 2226 constantia
2383 2185 2447 2226 se
2477 2186 2712 2243 quoque
2742 2171 3144 2228 Christianum
3176 2188 3306 2228 esse
3325 2172 3672 2228 afﬁrmasse.

271 2281 379 2336 φω,
414 2258 567 2336 φησὶ,
591 2259 676 2313 καὶ
729 2257 867 2312 κατά
913 2258 1014 2326 τήν
1065 2253 1188 2311 ὁδὸν
1219 2256 1448 2329 ἠξίωσεν
1477 2256 1739 2334 ἀφεθῆναι
1773 2255 1919 2326 αὑτῷ
1949 2274 1962 2338 ]

2044 2259 2209 2313 \mbo
2243 2258 2442 2330 igitur,
2495 2258 2710 2331 inquit,
2756 2259 2938 2316 simul
2989 2261 3061 2317 ad
3121 2259 3481 2332 supplicium
3520 2258 3684 2316 ducti

277 2348 380 2404 ὑπὸ
406 2352 502 2403 τοῦ
533 2341 811 2405 Ἰακώϐου.
845 2348 902 2400 Ὀ
944 2343 1023 2418 δὲ,
1057 2344 1243 2421 ὀλίγον
1293 2347 1650 2420 σκεψάμενος,
1701 2343 1914 2418 Εῗρήνη

274 2459 380 2508 σοι,
413 2437 543 2506 εἶπε,
573 2437 663 2492 καὶ
694 2434 1059 2514 κατεφίλησεν
1109 2435 1294 2492 αὐτὸν.
1332 2436 1428 2490 Kal
1481 2432 1654 2496 οὕτως
1682 2432 1921 2511 ἀμφότε-

265 2546 351 2602 ροι
382 2527 520 2600 ὁμου
547 2525 1060 2604 ἐκαρατομήθησαν.

2027 2351 2187 2402 sunt.
2221 2346 2485 2419 Cumque
2513 2347 2671 2404 inter
2699 2351 2960 2404 eundum
2993 2356 3260 2422 rogasset
3279 2348 3566 2406 Jacobum
3589 2363 3686 2405 co-

2027 2452 2174 2505 mes,
2211 2444 2275 2491 ut
2305 2436 2419 2492 sibi
2451 2437 2677 2495 veniam
2707 2438 2871 2494 daret
2898 2454 2912 2494 :
2938 2439 3240 2511 paulisper
3283 2441 3550 2495 moratus
3578 2437 3684 2494 Ja-

2027 2525 2232 2596 cobus,
2263 2529 2381 2582 Pax
2410 2525 2540 2596 tibi,
2571 2527 2786 2599 inquit,
2818 2528 3138 2600 statimque
3177 2527 3348 2607 illum
3379 2526 3684 2585 osculatus

2026 2619 2132 2671 est.
2171 2616 2258 2672 Ita
2287 2614 2467 2672 simul
2497 2617 2670 2673 ambo
2702 2616 2892 2690 capite
2922 2617 3180 2675 truncati
3211 2617 3503 2674 interiere.

1113 2736 1208 2790 Ea:
1236 2734 1421 2790 eodem
1450 2733 1610 2788 libro.
1642 2763 1712 2774 -
1742 2731 1906 2804 Apud
1929 2733 2178 2788 eumdem
2208 2733 2343 2788 Hist.
2377 2734 2522 2792 Eccl.
2554 2751 2632 2801 vx,
2663 2751 2711 2790 c.
2745 2735 2833 2791 14.

332 2832 474 2907 ’Ἠδη
511 2831 590 2906 δὲ,
623 2834 699 2895 ὡς
733 2834 761 2889 ὁ
815 2831 1081 2907 μακάριος
1115 2826 1268 2907 ἔλεγε
1311 2825 1696 2906 πρεσϐύτερος,
1730 2827 1846 2884 ἐπεὶ
1892 2829 1921 2884 ὁ

257 2925 467 3002 Κύριος
499 2923 810 2986 ἀπόστολος
851 2919 924 2976 ὢν
968 2925 1066 2977 τοῦ
1115 2921 1584 2996 Παντοκράτορος,
1640 2916 1920 2990 ἀπεστάλη

253 3019 402 3087 πρὸς
432 3010 744 3092 Ἑϐραίους,
797 3011 888 3068 διὰ
919 3011 1247 3087 μετριότητα
1296 3013 1324 3067 ὁ
1356 3008 1596 3083 Παῦλος,
1628 3011 1702 3072 ὡς
1735 3007 1794 3064 ἂν
1846 3007 1921 3071 εἰς

252 3107 326 3163 τὰ
362 3104 489 3175 ἔθνη
516 3103 951 3177 ἀπεσταλμένος,
1001 3102 1103 3157 οὐκ
1132 3100 1391 3180 ἐγγράφει
1421 3099 1608 3156 ἐαυτὸν
1654 3093 1920 3175 Ἑϐραίων

256 3192 604 3263 ἀπόστολον,
638 3191 728 3248 διά
755 3213 814 3248 τε
841 3192 941 3262 τήν
969 3193 1110 3268 πρὸς
1138 3192 1229 3246 τὸν
1276 3189 1474 3267 Κύριον
1505 3190 1696 3262 τιμὴν,
1752 3184 1840 3243 διά
1866 3207 1925 3242 τε

253 3289 321 3344 τὸ
358 3285 420 3341 ἐκ
449 3282 766 3360 περιουσίας
791 3282 882 3337 καὶ
910 3286 1029 3343 τοῖς
1050 3275 1329 3357 Ἑϐραίοις
1357 3275 1722 3346 ἐπιστέλλειν,
1754 3274 1922 3332 ἐθνῶν

253 3377 485 3453 κήρυκα
516 3367 645 3429 ὄντα
681 3371 774 3428 καὶ
805 3367 1139 3427 ἀπόστολον.

2103 2830 2234 2888 Jam
2266 2849 2422 2900 vero,
2457 2832 2610 2889 sicut
2641 2833 2848 2890 beatus
2879 2833 3112 2891 dicebat
3142 2833 3464 2907 presbyter,
3495 2849 3692 2905 quan-

2034 2919 2348 2990 doquidem
2383 2920 2669 2978 Dominus
2699 2921 3124 2994 omnipotentis
3152 2921 3252 2978 Dei
3283 2921 3586 2994 apostolus
3617 2921 3686 2979 ad

2035 3009 2308 3065 Hebraeos
2340 3009 2561 3066 missus
2595 3009 2804 3078 fuerat,
2837 3027 2954 3083 prae
2977 3010 3268 3067 modestia
3297 3008 3542 3081 Paulus,
3593 3012 3691 3066 ut-

2035 3102 2166 3171 pote
2199 3097 2301 3170 qui
2332 3100 2401 3154 ad
2435 3108 2636 3171 gentes
2658 3106 2781 3155 erat
2809 3099 3092 3168 directus,
3123 3100 3504 3155 Hebraeorum
3545 3114 3690 3172 apo-

2035 3188 2254 3244 stolum
2285 3204 2350 3244 se
2371 3187 2615 3245 minime
2647 3188 2916 3245 inscribit
2943 3207 2955 3244 :
2987 3193 3115 3245 tum
3137 3190 3211 3246 ob
3229 3204 3397 3245 suam
3414 3204 3554 3262 erga
3577 3193 3690 3246 Do-

2037 3276 2266 3332 minum
2299 3277 2710 3346 reverentiam,
2743 3282 2872 3333 tum
2913 3278 3070 3350 quod
3123 3293 3194 3333 ex
3221 3276 3550 3334 abundanti
3605 3277 3679 3334 ad

2035 3365 2304 3423 Hebraeos
2333 3365 2460 3439 ipse
2487 3365 2754 3439 gentium
2791 3382 2978 3439 prauo
3008 3369 3068 3423 et
3094 3365 3400 3440 apostolus
3453 3365 3686 3424 scribe-

2037 3459 2145 3511 ret.

1390 3576 1475 3631 Ex
1504 3575 1690 3632 eodem
1719 3575 1885 3630 libro.
1917 3601 1986 3614 -—
2015 3569 2222 3627 Ibidem
2249 3571 2418 3644 paulo
2444 3575 2587 3643 post.

339 3681 464 3738 Τοῦ
494 3676 705 3753 Πέτρου
737 3673 979 3749 δημοσίᾳ
1008 3674 1062 3730 ἑν
1089 3673 1279 3749 Ῥώμῃ
1309 3673 1644 3750 κηρύξαντος
1694 3673 1788 3727 τὸν
1838 3670 1930 3726 λό-
1961 3702 1962 3714 ι

2112 3668 2257 3726 Cum
2289 3674 2494 3726 Petrus
2524 3669 2586 3726 in
2619 3671 2763 3728 urbe
2793 3671 2972 3727 Roma
3017 3670 3264 3727 verbum
3307 3669 3412 3726 Dei
3456 3666 3693 3742 publice

254 3791 394 3849 γον,
437 3768 529 3824 καὶ
579 3765 853 3840 Πνιύματι
899 3765 962 3820 τὸ
1009 3761 1345 3840 Εὖαγγέλιον
1403 3761 1707 3836 ἐξειπόντος
1734 3805 1749 3833 ,
1801 3758 1931 3823 τοὺς

2044 3759 2438 3849 praedicasset,
2472 3763 2529 3816 et
2557 3760 2781 3849 Spiritu
2815 3762 3019 3849 sancto
3047 3759 3283 3816 afﬂatus
3312 3756 3695 3849 Evangelium

259 3858 550 3936 παρόντας
605 3853 856 3917 πολλοὺς
887 3849 1044 3915 ὄντας
1102 3850 1477 3929 παρακαλέσαι
1533 3851 1626 3906 τὸν
1681 3851 1930 3924 Μάρκον,

265 3952 349 4014 ὡς
414 3947 477 4003 ἂν
523 3945 976 4015 ἀκολουθήσαντα
1005 3942 1155 4013 αὐτῷ
1212 3940 1493 4020 πόρῥωθεν
1523 3940 1612 3996 καὶ
1646 3939 1932 4014 μεμνημέ-

268 4061 377 4096 νον
428 4041 539 4092 τῶν
590 4032 924 4110 λεχθέντων,
969 4032 1278 4107 ἀναγράψαι
1329 4031 1399 4086 τὰ
1439 4029 1718 4103 εἰρημένω
1776 4029 1937 4099 ποιήο

2041 3847 2494 3920 promulgasset,
2529 3847 2701 3904 multi
2732 3848 2834 3921 qui
2865 3849 3386 3905 aderantMarcum
3409 3845 3694 3904 cohortati

2043 3941 2205 4008 sunt,
2237 3942 2440 4009 utpote
2468 3938 2571 4010 qui
2601 3938 2838 3994 Petrum
2856 3938 3213 4010 jamdudum
3246 3941 3503 3994 sectatus
3541 3936 3695 3992 fuis-

2046 4030 2154 4096 set,
2188 4030 2244 4081 et
2273 4027 2429 4081 dicta
2458 4027 2587 4098 ejus
2620 4026 2907 4084 memoria
2934 4031 3180 4096 teneret,
3209 4030 3274 4082 ut
3302 4042 3432 4098 qum
3462 4025 3534 4082 ab
3560 4040 3696 4098 apo-

269 4148 452 4185 σαντα
483 4123 540 4182 δὲ
582 4126 645 4180 τὸ
699 4121 1051 4200 Εὐαγγέλιον,
1104 4117 1427 4194 μεταδοῦναι
1483 4124 1600 4182 τοῖς
1659 4115 1942 4191 δεομένοις

2048 4117 2198 4175 stolo
2231 4118 2544 4190 praedicata
2572 4124 2740 4174 erant
2787 4117 3202 4174 conscriberet.
3253 4116 3488 4172 Marcus
3518 4115 3699 4188 igitur

274 4220 482 4274 αὐτοῦ.
531 4217 705 4288 Ὅπερ
756 4210 1048 4288 ἐπιγνόντα
1090 4211 1184 4266 τὸν
1245 4209 1470 4283 Πέτρον,
1527 4210 1941 4285 προτρεπτικῶς

285 4309 436 4380 μήτε
462 4303 707 4360 κωλῦσαι
745 4303 886 4376 μήτε
923 4300 1349 4376 προτρέψασθαι·
1378 4298 1471 4354 τὸν
1524 4298 1708 4371 μέντοι
1754 4295 1942 4354 Ἰωάν-

2049 4206 2431 4279 Evangelium
2463 4207 2796 4278 composuit
2823 4207 3018 4280 iisque
3049 4206 3151 4278 qui
3179 4205 3325 4262 illud
3358 4205 3431 4260 ab
3461 4204 3590 4276 ipso
3611 4218 3701 4260 ro-

2052 4297 2272 4369 gabant
2292 4295 2598 4368 impertiit.
2614 4295 2777 4362 Quod
2792 4312 2925 4351 cum
2939 4299 3148 4351 Petrus
3170 4293 3574 4366 comperisset,
3595 4307 3702 4349 nee

283 4416 395 4465 νην
445 4389 670 4468 ἔσχατον
696 4437 710 4464 ,
765 4387 1052 4445 συνιδόντα
1110 4387 1195 4443 ὅτι
1251 4387 1320 4442 τὰ
1374 4387 1663 4460 σωματικά
1715 4385 1768 4440 ἐν
1823 4388 1943 4446 τοῖς

2055 4384 2358 4459 prohibuit
2383 4385 2625 4441 omnino
2655 4401 2777 4440 rem
2809 4383 2959 4455 ﬁeri,
2989 4399 3096 4440 nee
3120 4387 3185 4438 ut
3207 4384 3392 4452 fieret,
3415 4381 3702 4438 incitavit.

281 4480 646 4559 Εὐαγγελίοις
703 4477 1037 4551 δεδήλωται,
1096 4477 1473 4553 προτραπέντα
1523 4477 1626 4532 ὑπὸ
1655 4478 1764 4530 τῶν
1801 4495 1946 4549 γνωσ

2056 4477 2129 4530 At
2181 4474 2439 4530 Joannes
2470 4473 2737 4530 omnium
2795 4477 3156 4546 postremus,
3195 4488 3332 4529 cum
3391 4472 3617 4528 videret
3642 4469 3707 4526 in

279 4573 499 4652 ρίμων,
536 4569 810 4645 Πνεύματι
861 4566 1282 4646 θεοφορηθέντα,
1329 4563 1693 4639 πνευματικὸν
1721 4565 1948 4629 ποιῆσαι

2058 4561 2358 4652 (aliorum)
2385 4561 2717 4652 Evangeliis
2732 4577 2834 4652 ea,
2857 4578 2989 4652 quas
3012 4560 3084 4617 ad
3105 4577 3319 4652 corpus
3338 4559 3558 4652 Cbristi
3579 4573 3712 4652 per-

278 4659 662 4739 Εὖαγγέλιον.

2059 4651 2272 4723 tinent,
2292 4651 2512 4708 tradita
2541 4667 2694 4721 esse,
2725 4651 2850 4725 ipse
2877 4650 3074 4708 divino
3091 4649 3315 4723 Spiritu
3335 4650 3570 4708 afﬂatus
3589 4649 3714 4723 spi-

2061 4741 2182 4798 tale
2210 4739 2591 4813 Evangelium
2619 4740 3002 4799 familiarium
3045 4755 3290 4798 suorum
3336 4743 3544 4814 rogatu
3575 4755 3716 4798 con-

2067 4829 2327 4904 scripsit.

1991 5104 2048 5160 X

1698 5222 1850 5281 875
1895 5220 2340 5280 FRAGMENTA

1212 5342 1301 5402 Ex
1329 5338 1664 5404 Clementis
1691 5338 2101 5402 Alexandrini
2130 5339 2295 5400 libro
2324 5335 2415 5400 De
2443 5333 2842 5397 Providentia

1457 5463 1558 5535 Ap.
1592 5462 1649 5519 S.
1679 5463 2002 5535 Maximum,
2037 5462 2171 5535 Opp.
2203 5471 2245 5518 ι.
2279 5460 2350 5529 Il,
2380 5475 2437 5532 p.
2466 5459 2591 5515 144.

381 5583 552 5640 Οόσία
580 5581 723 5638 ἐστὶν
757 5580 844 5637 ἐπὶ
880 5582 1037 5636 Θεοῦ.
1071 5578 1202 5640 Θεὸς
1241 5576 1397 5633 οὐσία
1427 5578 1545 5634 θεία
1575 5577 1743 5651 ἐστὶν,
1796 5575 1962 5632 ἀΐδιόν

2044 5592 2052 5640 ι
2155 5574 2504 5634 Substantia
2532 5573 2593 5627 in
2629 5572 2742 5627 Deo
2759 5573 2867 5626 est.
2894 5569 3046 5624 Deus
3059 5566 3259 5624 divina
3278 5549 3736 5638 substantiaest,

282 5699 358 5735 τι
395 5674 488 5731 καὶ
537 5670 808 5749 ἄναρχον,
861 5666 1154 5742 ἀσώματόν
1198 5687 1260 5724 τε
1304 5667 1398 5722 καὶ
1441 5667 1840 5743 ἀπερίγραφον,
1887 5667 1962 5722 κα

2088 5667 2516 5739 sempiternum
2563 5659 2788 5749 aliquid
2837 5656 3169 5749 omnisque
3196 5655 3470 5732 principii
3509 5668 3737 5728 expers,

287 5768 424 5824 τῶν
453 5760 626 5820 ὄντων
676 5757 875 5828 αἴτιον.
936 5755 1104 5814 Οὐσία
1127 5755 1240 5840 έστὶ
1290 5756 1354 5813 τὸ
1404 5753 1474 5812 δι’
1515 5754 1652 5813 ὅλου
1710 5756 1975 5835 ὑφεστὼς.

481 5930 545 5984 Ρ.
579 5923 719 5982 1007
749 5930 806 5981 οι
836 5938 961 5996 seq.
992 5919 1111 5980 RD.
1145 5917 1455 5991 POTTER,
1479 5918 1710 5993 passim.

2086 5755 2622 5828 ineorporeumque
2663 5749 2723 5805 et
2769 5744 3367 5819 iueircumsoriptum,
3418 5761 3486 5804 ac
3540 5758 3740 5809 rerum
