4124 6418
418 528 519 581 751
1654 520 2046 575 CLEMENTIS

2232 519 2608 571 iXANDRlNl
3750 505 3860 562 752

422 654 642 707 auctor.
665 644 1009 705 Substantia
1039 648 1147 713 est,
1178 644 1334 717 quod
1368 643 1767 716 undiquevere
1781 641 2050 700 exsisten<

2229 637 2358 692 view
2392 636 2534 694 ἐστὶν
2583 639 2620 707 ἡ
2650 640 2757 693 τῶν
2808 636 3144 711 πραγμάτιον
3176 631 3429 704 ἀλήθεια,
3461 632 3498 702 ἢ
3536 629 3752 685 τούτων
3792 632 3857 687 τὸ

422 740 504 813 (id
536 744 621 795 est
654 734 1006 806 subsistens)
1038 742 1102 806 ›ι‹
1147 737 1255 791 est.
1288 737 1498 789 Natura
1533 749 1726 789 rerum
1762 733 1974 789 veritas
1995 748 2050 787 es

2229 729 2455 800 ιούσιον,
2501 728 2640 784 κατᾶ
2679 725 2737 783 δὲ
2779 724 2906 788 τοὺς
2964 722 3190 792 ἄλλους,
3219 726 3255 794 ἡ
3307 726 3417 778 τῶν
3471 720 3548 784 εἷς
3605 722 3671 777 τὸ
3716 722 3857 776 εἶναι

426 807 517 886 vel
548 842 742 884 rerum
772 824 1130 894 substantia,
1163 823 1306 895 sive,
1340 827 1408 879 ut
1435 822 1532 879 alii
1566 821 1853 893 sentiunt,
1877 838 2054 879 eorun

2227 817 2646 893 ῖαραγενομὲνων
2693 815 2918 890 γένεσις’
2967 814 3087 870 καθ’
3135 813 3353 889 ἑτέρους
3385 808 3464 880 ὃὶ,
3496 812 3532 880 ἡ
3563 807 3664 867 τοῦ
3716 814 3855 865 Θεοῦ

428 933 557 992 quas
576 916 636 971 in
664 929 862 972 rerum
895 917 1169 969 naturam
1204 912 1632 985 producuntur,
1667 911 1964 986 generatio
1996 916 2055 967 at

2227 908 2421 981 πρόνοια
2473 906 2780 981 ἐμποιοῦσα
2820 909 2940 967 τοῖς
2996 902 3312 979 γινομένοις
3366 901 3430 957 τὸ
3475 900 3636 973 εῖναι,
3669 899 3855 956 καὶτὸ

429 1022 546 1080 que
578 1005 782 1078 origo;
816 1008 881 1059 ut
904 1006 1101 1059 autem
1136 1000 1257 1069 alii,
1301 1001 1404 1058 Dei
1463 1001 1846 1075 providentia,
1907 1001 2084 1057 rebus
2199 1000 2310 1059 πῶς
2343 996 2500 1055 εἶναι.

429 1113 559 1169 qua;
587 1094 741 1150 ﬁunt
769 1092 880 1151 hoc
909 1091 1144 1161 indens,
1175 1092 1328 1163 quod
1358 1096 1449 1148 est
1475 1108 1624 1162 esse,
1656 1097 1715 1148 et
1760 1090 1864 1147 tali
1910 1091 2084 1147 modo

429 1202 581 1244 0538.

1726 1304 1833 1369 Ap.
1867 1294 2137 1365 eumdem,
2180 1294 2319 1351 ibid.
2352 1311 2408 1368 p.
2446 1294 2568 1349 152.

500 1432 791 1488 Voluntas
819 1435 910 1487 est
941 1428 1226 1485 naturalis
1260 1428 1509 1485 facultas
1539 1429 1668 1501 ejus
1701 1429 1856 1502 quod
1890 1433 1980 1484 est
2017 1444 2086 1483 ex

2265 1424 2495 1497 Θέλησίς
2542 1424 2653 1480 ἐστι
2703 1423 2904 1503 φυσική
2955 1419 3184 1493 δύναμις
3234 1423 3334 1474 τοῦ
3380 1419 3517 1475 κατὰ
3558 1418 3718 1497 φύσιν
3763 1413 3860 1474 ὅν-

431 1527 641 1578 natura
671 1519 986 1592 appetendi
1018 1518 1132 1573 vim
1157 1519 1402 1575 habens.
1426 1517 1711 1575 Voluntas
1730 1523 1821 1573 est
1840 1521 2059 1573 natura

2235 1536 2288 1578 ος
2320 1515 2597 1591 ὀρεκτική.
2631 1511 2866 1583 Θὲλησίς
2896 1510 3008 1567 έστι
3049 1509 3252 1578 φυσική
3284 1503 3485 1580 ὄρεξις,
3509 1512 3579 1583 τῇ
3627 1512 3726 1563 τοῦ
3760 1507 3863 1565 λο-

428 1611 504 1667 lis
523 1609 838 1681 appetitus,
863 1614 1088 1665 natura:
1114 1608 1303 1664 utenti
1324 1609 1552 1664 ratione
1572 1609 1948 1664 conveniens.
1973 1606 2056 1661 Vo

2232 1610 2349 1660 ικοῦ
2379 1604 2533 1683 φύσει
2562 1601 2939 1673 κατάλληλος.
2969 1596 3200 1666 Θὲλησίς
3222 1598 3335 1653 ἐστι
3356 1599 3557 1676 φυσική
3585 1597 3860 1674 αὐτογρά-

430 1696 632 1754 luntas
663 1695 956 1754 naturalis
986 1701 1077 1752 est
1108 1696 1325 1752 mentis
1354 1695 1446 1753 sui
1490 1696 1723 1752 arbitra
1767 1700 1966 1752 motus
2009 1693 2051 1749 li

2232 1714 2358 1769 ορος
2389 1697 2487 1749 νοῦ
2519 1693 2774 1767 [κίνησις]
2810 1689 3173 1760 αὐτεξούσιος,
3202 1689 3237 1753 ἢ
3269 1692 3397 1752 νοῦς
3428 1687 3555 1763 περί
3581 1709 3636 1743 τι
3665 1688 3860 1752 adeat-

433 1787 578 1857 ber;
608 1785 730 1843 sive
760 1800 929 1842 mens
960 1801 1090 1857 qua
1121 1784 1279 1842 circa
1296 1784 1521 1857 aliquid
1544 1785 1727 1841 libere
1744 1790 2048 1841 moveatur

2236 1784 2364 1845 ίτως
2391 1782 2735 1854 κινούμενος.
2760 1778 3217 1859 Museum“;
3238 1776 3347 1834 έστὶ
3400 1782 3528 1834 νοῦς
3576 1777 3714 1833 κατᾶ
3759 1774 3864 1852 φύ-

433 1806 537 1844 οθι·
561 1806 578 1857 ς
608 1806 730 1843 alvo
760 1806 929 1842 mens
960 1806 1090 1857 qua
1121 1806 1279 1842 011⁸08
1296 1806 1521 1857 διιιιυια
1544 1806 1727 1841 11061⁸0
1744 1806 2048 1841 moveatur

432 1881 536 1933 aut
563 1874 949 1946 intelligentia
978 1874 1161 1933 animi
1186 1879 1383 1933 motus
1404 1874 1497 1931 sui
1519 1874 1740 1932 arbiter
1758 1891 1824 1931 ac
1851 1878 2060 1946 potens

2240 1806 2364 1845 ιτως
2391 1806 3149 1854 κινουμινος.ιὶυτῑςουσιυτῐ
3198 1806 3347 1836 ξιστι
3401 1806 3528 1834 νους
3576 1806 3714 1833 κατα
3759 1806 3865 1852 φυ-

2240 1894 2277 1927 ιν
2327 1871 2669 1945 κινούμενος,
2725 1869 2761 1939 ἢ
2818 1869 2981 1945 νοερά
3021 1806 3388 1955 ἸἈιινοχῆις
3432 1867 3645 1938 κίνησις
3698 1865 3868 1923 αότο-

2193 1964 2418 2037 κρατής.

2095 2223 2196 2280 XI.

1912 2356 2353 2414 FRAGMENTA
2365 2399 2377 2410 .

1416 2474 1507 2534 Ex
1536 2471 1872 2535 Clementis
1891 2473 2302 2535 Alexandrini
2331 2472 2492 2534 libro
2527 2471 2613 2533 De
2640 2477 2869 2533 anima.

1014 2618 1135 2691 (Ap.
1168 2615 1492 2686 Maximum,
1520 2631 1689 2673 sem.
1718 2615 1812 2685 53,
1851 2616 1933 2673 De
1977 2615 2197 2687 anima,
2225 2633 2283 2689 p.
2317 2616 2438 2684 156,
2468 2619 2520 2673 et
2545 2614 2847 2672 Antonium
2876 2613 3158 2672 Melinum
3190 2631 3203 2670 :
3238 2613 3257 2687 )

510 2753 799 2810 Omnibus
824 2752 1029 2809 soluta:
1061 2768 1129 2809 ac
1160 2751 1518 2824 respirantes
1546 2750 1754 2807 animas
1787 2752 1967 2807 vitam
1988 2751 2088 2807 ha-

2272 2748 2486 2807 Πάντων
2517 2748 2868 2804 ἀναπνέουσαι
2928 2748 2983 2802 αἱ
3031 2747 3206 2824 ψυχαὶ
3235 2747 3300 2803 τὸ
3332 2749 3430 2822 ζῇν
3481 2744 3699 2823 ἔχουσι,
3761 2744 3861 2803 κᾶν

437 2845 601 2911 bent,
636 2848 694 2898 et
715 2840 853 2898 licet
882 2857 917 2899 ε
945 2857 1186 2913 corpore
1233 2848 1512 2913 separata
1558 2840 1860 2910 exsistant,
1909 2841 2065 2913 inqut

2233 2840 2518 2915 ιωρισθῶσι
2570 2838 2667 2893 τοῦ
2702 2840 2960 2912 σώματος
3006 2836 3097 2893 καὶ
3138 2838 3231 2893 τὸν
3282 2834 3359 2899 είς
3402 2836 3537 2892 αὐτὸ
3597 2835 3861 2911 εὐρεθῶσι

442 2931 587 2989 illud
622 2932 916 2988 desiderio
945 2929 1231 2997 ferantur,
1261 2929 1323 2985 in
1355 2928 1456 2986 Dei
1483 2932 1680 2985 tamen
1714 2930 1911 2986 sinum
1955 2945 2070 2986 evo

2234 2928 2365 2983 πόθον
2397 2925 2647 3004 ἔχουσαι,
2676 2925 2755 2989 εἷς
2784 2927 2877 2982 τὸν
2907 2930 3005 2982 τοῦ
3036 2929 3171 2982 Θεοῦ
3193 2926 3406 2982 κόΑπον
3438 2926 3691 3005 φέρονται
3721 2925 3862 2981 ἀθά-

433 3022 561 3078 lant
584 3020 954 3078 immortales
977 3039 992 3091 ;
1014 3020 1170 3077 haud
1195 3035 1366 3077 secus
1387 3036 1453 3075 ac
1473 3019 1723 3077 hiberna
1739 3024 2061 3092 tempestat

2235 3036 2371 3074 ατοι·
2404 3017 2481 3081 ὡς
2529 3015 2585 3072 ἐν
2642 3020 2921 3092 χειμῶνος
2954 3014 3071 3091 ὥρᾳ
3127 3015 3180 3070 oi
3235 3013 3402 3089 ἀτμοὶ
3429 3021 3531 3085 τῆς
3562 3021 3692 3091 γῆς,
3754 3015 3863 3071 ὑπὸ

440 3109 655 3165 terreni
685 3123 928 3181 vapores
960 3108 1142 3165 radiis
1173 3107 1318 3165 solis
1344 3109 1597 3177 attracti,
1635 3123 1844 3165 versus
1890 3108 2068 3179 ipsun

2236 3110 2305 3161 ὢν
2351 3109 2449 3161 τοῦ
2485 3102 2656 3175 ἡλίου
2705 3104 2934 3160 ἀκτίνων
2980 3102 3366 3180 ἐφελκόμενοι,
3418 3102 3670 3183 φέρονται
3716 3105 3864 3181 πρὸς

443 3198 733 3256 feruntur.

2199 3193 2360 3251 αὐτόν
2372 3240 2383 3254 .

724 3336 851 3393 Περ
879 3336 1158 3392 sententia
1186 3349 1402 3408 quoque
1425 3335 1626 3407 legitur
1652 3333 1772 3393 cod.
1805 3333 1934 3406 143,
1965 3337 2220 3402 Barocc.,
2249 3348 2350 3405 cap

1965 3337 2220 3402 Barocc.,
2249 3348 2370 3405 cap.
2403 3330 2535 3406 Περὶ
2564 3327 2857 3404 ἐπιμελίας
2884 3332 3097 3406 ψυχῆς,
3126 3331 3234 3404 fol.
3270 3332 3396 3401 181,
3423 3349 3481 3406 p.
3518 3333 3571 3404 1,

509 3450 882 3507 [mmortales
901 3453 1047 3506 sunt
1067 3466 1273 3507 omnes
1294 3448 1525 3519 animus,
1547 3448 1722 3506 etiam
1741 3448 2083 3522 impiorum,
2116 3449 2137 3517 (

2268 3446 2558 3503 Ἀθάνατοι
2608 3450 2772 3501 πᾶσαι
2835 3446 2889 3501 αἱ
2937 3444 3134 3521 ψαχαὶ,
3186 3446 3278 3501 καὶ
3327 3450 3435 3502 τῶν
3480 3440 3717 3518 ἀσεϐῶν,
3777 3450 3870 3511 αἶς

438 3538 656 3612 quibus
687 3543 1010 3611 pmstamt,
1043 3538 1199 3594 baud
1231 3554 1362 3594 esse
1392 3537 1887 3611 incorruptibiles.
1942 3538 2066 3594 Dun

2244 3556 2423 3610 μεινον
2477 3536 2546 3605 ἧν
2597 3536 2672 3608 μὴ
2733 3534 3040 3613 ἀφθάρτους
3098 3534 3253 3591 εἶναι.
3314 3534 3700 3609 Κολαζόμεναι
3758 3535 3865 3613 γὰρ

442 3628 600 3684 enim
654 3626 812 3700 ignis
870 3625 1373 3699 inexstinguibilis
1413 3630 1695 3699 perpetuo
1742 3631 2070 3700 torquentu:

2230 3626 2311 3681 υπὸ
2340 3630 2437 3681 τοῦ
2494 3619 2758 3681 ἀσϐέστου
2806 3625 2978 3700 πυρὸς
3021 3624 3307 3702 ἀπεράντῳ
3333 3624 3579 3701 τιμωρίᾳ
3624 3627 3718 3682 καὶ
3780 3628 3858 3700 μὴ

444 3714 760 3789 supplicio,
793 3730 899 3773 nec
929 3731 1194 3788 unquam
1251 3716 1607 3785 moriuntur,
1655 3715 1887 3773 nullum
1937 3716 2072 3773 mall

2238 3716 2558 3786 νήσκουσαι,
2604 3712 2693 3770 ἐπὶ
2744 3717 2898 3788 κακῷ
2941 3718 3022 3788 τῷ
3051 3715 3256 3771 ἑαυτῶν
3306 3712 3466 3779 τέλος
3518 3709 3707 3772 λαϐεῖν
3759 3715 3866 3774 οὐκ

444 3822 552 3864 suo
583 3804 764 3862 finem
796 3804 1060 3861 nancisci
1091 3808 1365 3877 possunt.

815 3804 1060 3861 lancisci
1091 3808 1365 3877 possunt.
2200 3802 2443 3880 ἔχουσιν.

2081 4091 2209 4149 XII.

1065 4210 1515 4291 Fragmentum
1544 4226 1621 4272 ex
1652 4210 1987 4273 Clementis
2015 4209 2427 4274 Alexandrini
2454 4208 2617 4272 libro
2647 4211 2739 4273 De
2768 4211 3220 4274 obtrectatione.

647 4356 746 4429 Ap.
780 4358 982 4413 Anton.
1015 4352 1239 4425 leum,
1274 4354 1374 4410 lib.
1408 4356 1477 4426 II,
1510 4368 1673 4411 eerm.
1702 4354 1794 4423 69,
1818 4354 1898 4411 De
1928 4351 2419 4411 obtrectatoribus
2447 4356 2503 4409 et
2532 4353 2913 4426 contumelia,
2945 4354 3119 4415 Graec.
3150 4371 3317 4414 aerm.
3346 4356 3441 4427 54,
3467 4374 3525 4432 p.
3549 4360 3642 4416 87.

503 4508 612 4564 Fac
641 4521 951 4578 nunquam
983 4504 1300 4564 reverearis
1330 4521 1489 4577 eum,
1521 4504 1625 4579 qui
1657 4506 1813 4579 apud
1835 4509 1892 4562 te
1913 4503 2082 4563 alteri
2113 4510 2131 4574 1

2264 4500 2548 4569 Μηδέποτε
2622 4498 2881 4579 αἰδεσθῇς
2947 4503 3040 4561 τὸν
3103 4505 3242 4581 πρὸς
3298 4507 3358 4564 σὶ
3412 4505 3865 4586 καταλαλοῦντα,

426 4593 708 4662 detrahit,
741 4594 843 4651 sed
877 4594 1073 4668 potius
1104 4594 1276 4651 illum
1306 4593 1393 4651 sic
1424 4594 1911 4660 moneas,dicens
1936 4596 2054 4654 :De

2237 4590 2412 4649 ἄλλον
2477 4589 2536 4647 δὲ
2584 4589 2729 4670 λέγε·
2792 4597 3022 4667 Παῦσαι,
3073 4592 3293 4675 ἀδελφέ·
3354 4596 3466 4673 έγὼ
3496 4598 3616 4654 καθ’
3642 4599 3865 4676 ἡμέραν

428 4684 579 4754 sine,
610 4683 828 4754 frater;
863 4699 969 4757 ego
1000 4683 1267 4757 quotidie
1296 4683 1536 4755 gravius
1586 4682 1755 4740 labor
1781 4687 1839 4740 et
1886 4701 2056 4757 pecco

2241 4680 2563 4758 αλεπώτερα
2590 4682 2792 4757 male),
2845 4684 2938 4739 καὶ
2984 4686 3103 4749 πῶς
3135 4684 3337 4742 έκεῖνον
3386 4692 3710 4762 κατακρῖναι
3764 4687 3869 4747 δύ-

431 4776 491 4830 et
518 4772 622 4845 qui
653 4789 897 4845 possum
926 4771 1097 4828 illum
1127 4771 1522 4830 condemnem
1549 4770 1574 4827 ?
1603 4771 1762 4830 Duos
1789 4773 1945 4830 enim
1991 4773 2059 4830 lu

2239 4791 2400 4844 ιμαις
2460 4770 2564 4827 Δύο
2611 4771 2713 4849 γὰρ
2763 4770 3062 4847 κερδανεῖς,
3113 4772 3166 4829 έν
3227 4780 3328 4849 μιᾷ
3376 4772 3718 4853 έμπλάστρῳ
3765 4780 3867 4836 καὶ

428 4861 710 4932 craberis,
742 4878 859 4920 uno
890 4861 1211 4935 emplastro
1235 4866 1295 4918 et
1322 4865 1381 4919 te
1408 4860 1631 4934 ipsum,
1663 4865 1723 4919 et
1748 4861 2056 4935 proximun

1663 4865 1723 4919 et
1748 4861 2085 4935 proximum
2194 4860 2415 4916 σεαυτὸν
2443 4860 2534 4917 καὶ
2562 4861 2655 4917 τὸν
2687 4861 2924 4932 πλησίον
2959 4861 3271 4939 ἰασάμενος.

433 4964 677 5008 sanans.

454 5229 466 5244 _
498 5162 633 5217 Haec
661 5159 723 5215 in
754 5158 829 5244 iis
854 5156 1169 5244 Clementis
1183 5156 1387 5244 libris,
1419 5174 1569 5244 quos
1599 5160 1951 5244 superstites
1981 5160 2300 5244 habemus,
2328 5162 2919 5244 nusquam‘reperira
2937 5167 3048 5244 est,
3081 5181 3148 5221 ac
3180 5165 3425 5244 proinde
3455 5183 3711 5244 pronum
3737 5172 3871 5229 col-

426 5228 630 5307 ligere,
665 5232 835 5307 quod
855 5230 1296 5307 sententiaista
1315 5228 1393 5307 sit
1412 5228 1816 5307 fragmen—tum
1847 5232 2133 5305 deperditi
2162 5228 2301 5307 libri
2336 5228 2849 5307 Περῖκαταλαλιᾶς,
2880 5235 2953 5291 De
2980 5228 3417 5307 obtrectatione,
3455 5228 3639 5307 'quem
3672 5228 3871 5299 nm-

422 5301 560 5387 hius
581 5301 747 5387 ἐρίοι-
776 5301 1096 5387 Clementis
1120 5301 1494 5387 Alexandrini
1515 5301 1702 5387 opera
1732 5301 2019 5387 recenset,
2048 5384 2050 5387 ι

2239 5321 2335 5387 am
2379 5301 2452 5361 ab
2480 5306 2758 5387 _An_ton_i_o
2779 5301 2849 5387 in
2880 5322 3059 5365 serm.
3085 5301 3731 5387 ββερὶᾲιιαταλαλούντων
3762 5314 3866 5371 καὶ

423 5372 550 5449 περὶ
580 5369 788 5460 ὔξρειυς
821 5372 1125 5460 allegatur.
1157 5375 1438 5460 Craterum
1471 5369 1949 5460 quiprascripta
1978 5369 2013 5430 a
2044 5369 2340 5460 Clemente
2377 5377 2555 5433 verba
2582 5377 2650 5460 in
2674 5379 2833 5435 dicto
2862 5394 3003 5460 casu
3030 5369 3293 5460 adbibet,
3337 5387 3397 5441 et
3441 5383 3709 5458 seipsum
3759 5369 3868 5446 ea?

423 5445 566 5504 nare
594 5445 832 5515 dicitur,
862 5445 1009 5503 dum
1040 5450 1278 5519 peccata
1307 5462 1419 5502 sua
1445 5445 1784 5515 conﬁtetur,
1813 5445 1870 5503 et
1899 5447 2255 5519 proximum,
2286 5447 2432 5505 dum
2463 5464 2602 5506 eum
2635 5449 2783 5507 bene
2812 5450 3197 5524 reprehendit
3221 5471 3237 5514 :

428 5650 688 5707 ostendit
716 5652 873 5724 quod
901 5668 1035 5711 vere
1064 5653 1290 5711 malum
1318 5657 1429 5710 est.
1456 5651 1739 5721 Quocirca
1781 5651 2056 5725 sapiente]

2234 5650 2426 5708 ιικνύει
2472 5652 2535 5707 τὸ
2578 5648 2749 5717 ὄντως
2790 5655 2981 5713 κακόν.
3027 5641 3188 5722 Ὅθεν
3236 5655 3328 5714 διὰ
3379 5663 3491 5717 τῶν
3544 5660 3862 5721 ὑποθέσεων

425 5732 723 5825 disposuit
748 5743 926 5810 Deus,
965 5746 1035 5800 ut
1085 5742 1181 5801 his
1228 5740 1618 5819 argumentis,
1661 5757 1777 5815 quo
1823 5740 2053 5818 ςυίείίω

2235 5739 2394 5797 ιύτων
2421 5738 2807 5817 έμηκανήσατο
2852 5744 2883 5801 ὁ
2930 5746 3061 5811 Θεὸς
3104 5750 3413 5825 φανερῶσαι
3468 5750 3570 5822 τὴν
3624 5750 3863 5812 Meton

424 5821 757 5898 animojit,
790 5832 1174 5889 monstretur.

812 5832 1118 5889 nonstretu
1126 5848 1174 5888 r.
2187 5827 2440 5897 διάθεσιν.
