4124 6452
422 457 537 512 753
1911 462 2382 516 FRAGMENTA.
3749 461 3855 514 754

489 598 574 655 Ea:
599 597 835 656 Maximi
855 613 1022 654 serm.
1045 598 1136 667 59,
1169 595 1298 674 Περὶ
1328 596 1556 674 λογικοῦ
1584 598 1683 676 καὶ-
1699 599 1990 676 λογισμοῦ,
2007 618 2117 676 pag

2223 603 2328 671 369,
2377 606 2429 658 et
2482 605 2639 661 Joan.
2699 605 3030 660 Damasceni
3083 604 3182 660 lib.
3216 622 3258 660 11
3310 566 3627 670 Piarallell.,
3661 618 3710 658 c.
3757 604 3851 672 78,

1212 673 1447 728 necnon
1477 673 1708 730 Antonii
1737 673 1938 730 Meliss.
1973 673 2071 728 tib.
2105 690 2145 742 1,
2177 689 2342 730 serm.
2370 677 2463 742 64,
2497 684 2546 731 ει
2569 677 2666 732 lib.
2698 692 2952 743 11,serm.
2983 676 3073 730 87.

490 786 609 846 Οὔκ
637 787 672 856 ἡ
704 790 817 842 τῶν
845 785 1090 862 πράξεων
1125 786 1316 864 ἀποχὴ
1358 784 1564 844 δικαιοῖ
1587 789 1679 845 τὸν
1709 789 1923 862 πιστὸν,
1955 784 2086 844 ἀλλ’
2115 849 2118 859 ι

2271 792 2399 849 Νοιι
2432 792 2568 848 inde
2599 792 2790 849 fidelis
2812 792 3199 864 justificatur,
3225 793 3382 864 quod
3415 809 3448 847 a
3487 791 3847 848 facinoribus

414 880 451 948 ἡ
483 875 592 932 τῶν
629 875 851 931 ἐννοιῶν
882 875 1071 952 ἆγνεία
1098 877 1188 932 καὶ
1222 875 1296 933 εἴ)
1319 876 1566 954 ικρίνεια.

2215 884 2503 955 ὼειίιιοοῐ,
2528 885 2630 940 sed
2661 901 2728 941 ex
2742 885 3165 956 cogitationum
3191 884 3458 941 castitate
3478 886 3535 939 et
3555 898 3702 956 pura
3724 882 3843 938 sin-

2190 973 2434 1030 ceritate
2462 973 2602 1046 (93).

2069 1221 2199 1279 XIII

1279 1337 1436 1393 876
1480 1336 1936 1395 FRAGMENTA
1993 1338 2158 1394 ALIA
2181 1338 2270 1394 EX
2294 1339 2615 1397 ANTONIO
2636 1340 2968 1397 MELISSA.

1009 1453 1126 1510 Lib.
1159 1471 1177 1509 1
1206 1470 1354 1510 serm
1388 1455 1472 1522 17,
1503 1456 1581 1511 De
1606 1454 1947 1527 paenitentia
1974 1465 2024 1511 et
2056 1457 2421 1528 confessione,
2459 1456 2636 1514 Grave.

1607 1454 1947 1527 paenitentia
1974 1465 2024 1511 et
2056 1457 2421 1528 confessione,
2459 1456 2636 1514 Grave.
2668 1474 2834 1513 serm.
2868 1459 2994 1525 179,
3023 1477 3079 1531 ρ.
3113 1459 3235 1514 300.

482 1566 762 1626 Μετάνοια
787 1566 914 1624 τότε
967 1569 1371 1645 ἁμαρτήματος
1422 1569 1622 1631 παντὸς
1670 1569 1869 1646 γίνεται
1930 1570 2073 1625 ἀπα-

2248 1574 2601 1630 Poenitentia
2629 1579 2772 1630 tunc
2803 1592 2977 1631 omne
2999 1582 3303 1647 peccatum
3328 1574 3542 1642 abolet,
3565 1591 3697 1630 cum
3722 1575 3833 1630 ali-

403 1655 666 1726 λειπτική
695 1701 709 1725 ,
768 1655 894 1711 ὅταν
936 1655 1025 1711 ἐπὶ
1075 1663 1157 1730 τῷ
1213 1659 1489 1733 γινομένῳ
1537 1663 1726 1735 ψυχῆς
1787 1658 2031 1737 σφάλματ

2200 1679 2297 1733 [uo
2331 1663 2390 1718 in
2423 1665 2623 1718 anima
2653 1680 2847 1718 errore
2878 1667 3105 1730 oborto,
3139 1681 3364 1720 moram
3402 1680 3520 1719 non
3549 1664 3828 1726 admittit.

401 1742 682 1815 ἀναϐολὴν
738 1747 816 1819 μή
849 1744 1088 1818 δέξηται,
1152 1745 1294 1821 μηδὲ
1322 1750 1662 1824 παραπεμψῃ
1692 1750 1755 1805 τὸ
1786 1749 1958 1815 πάθος
1987 1749 2029 1804 εἰ

2198 1769 2288 1823 ieq
2299 1769 2368 1807 ue
2390 1753 2462 1808 ad
2484 1751 2670 1808 ullum
2689 1753 2972 1822 temporis
2984 1754 3244 1823 spatium
3261 1752 3624 1809 affectionem
3639 1759 3826 1809 trans-

400 1837 661 1913 χρονικὸν
719 1833 1018 1908 διάστημα.
1072 1836 1234 1894 Οὕτω
1281 1837 1387 1912 γὰρ
1431 1838 1542 1913 οὐχ
1585 1836 1690 1908 ἕξει
1737 1838 2028 1914 καταλεῖψι

2199 1841 2378 1896 nittit.
2409 1841 2506 1896 Sic
2535 1841 2694 1896 enim
2726 1841 2956 1896 nullum
2991 1841 3216 1897 malitia
3246 1841 3554 1911 vestigium
3575 1841 3630 1895 in
3657 1842 3827 1898 nobis

393 1925 560 2002 ’ἴχνος
589 1925 642 1981 ἐν
673 1927 812 1999 ἡμῖν
861 1926 923 1979 τὸ
967 1926 1156 1997 κακὸν,
1202 1927 1294 1981 ἅτε
1324 1926 1437 1999 ἅμα
1481 1931 1562 1998 τῷ
1608 1923 1863 1997 ἐπιϐῆναι
1893 1929 2021 1984 ἀποι

2197 1929 2509 2000 'elinquere
2541 1935 2754 2000 potest,
2776 1946 2912 1986 cum
2927 1931 2987 1985 in
3003 1931 3192 2001 primo
3217 1932 3487 2000 ingressu
3511 1929 3825 1986 revellatur

401 2015 602 2071 πασθὲν
632 2011 788 2084 δίκην
825 2018 1002 2093 φητοῦ
1031 2017 1144 2086 (94)
1177 2015 1588 2090 ἀρτισυστάτου.

2173 2019 2361 2074 instar
2391 2020 2625 2090 plantae,
2659 2025 2976 2091 antequam
3011 2021 3267 2075 radicem
3301 2025 3455 2090 agat.

467 2108 671 2181 Ὠσπερ
725 2104 782 2159 οἱ
834 2101 1125 2178 λεγόμενοι
1181 2110 1433 2180 καρκῖνοι
1498 2105 1904 2182 εὐεπιχείρητοι
1935 2129 2062 2182 τυγ-

2242 2109 2746 2173 Quemadmodum
2779 2109 2975 2165 cancri
3007 2108 3176 2164 facile
3207 2108 3543 2180 capiuntur,
3569 2109 3668 2165 ubi
3698 2124 3821 2164 mo-

399 2195 662 2270 χάνουσιν
719 2192 808 2248 διὰ
853 2193 915 2248 τὸ
958 2195 1093 2249 ποτὶ
1146 2194 1242 2268 μὶν
1293 2194 1483 2271 πρόσω
1532 2195 1764 2270 βαίνειν,
1816 2198 1951 2252 ποτὶ
2006 2194 2027 2252 δ

2190 2198 2245 2254 lo
2277 2200 2636 2266 antrorsum,
2672 2198 2841 2254 modo
2863 2201 3185 2253 retrorsum
3207 2197 3512 2253 incedunt:
3533 2197 3617 2252 sic
3642 2197 3818 2253 etiam

399 2281 645 2348 ὄπισθεν·
697 2281 867 2344 οὕτως
918 2283 1010 2339 καὶ
1058 2285 1240 2359 ψυχὴ,
1271 2284 1405 2340 ποτέ
1441 2284 1535 2357 μὲν
1568 2283 1806 2360 γελῶσα,
1840 2286 1973 2342 ποτὶ
2003 2284 2027 2342 δ

2187 2287 2392 2356 mima,
2422 2302 2579 2343 nunc
2610 2285 2752 2341 risui
2783 2289 2842 2341 et
2870 2285 3121 2352 deliciis,
3167 2303 3301 2342 mox
3350 2285 3537 2342 luctui
3598 2286 3815 2356 dedita,

399 2375 666 2430 πενθοῦσα
712 2374 848 2429 ποτὶ
905 2371 962 2428 δὲ
1017 2378 1300 2452 τρυφῶσα,
1356 2371 1515 2430 οὐδὶν
1563 2372 1846 2453 ὠφελῆσαι
1897 2373 2027 2431 δύνα

1239 2395 1300 2446 ἀ,
1356 2371 1515 2430 οὐδὶν
1563 2372 1846 2453 ὠφελῆσαι
1897 2373 2057 2431 δύνα-
2169 2377 2314 2433 nihil
2345 2375 2626 2448 proﬁcere
2655 2379 2867 2448 potest.

397 2485 510 2521 ται.

465 2555 526 2612 Ὀ
556 2552 690 2610 ποτὶ
722 2553 818 2627 μὶν
851 2554 1084 2624 πενθῶν,
1116 2553 1250 2608 ποτὶ
1281 2550 1338 2609 δὲ
1367 2558 1583 2633 τρυφῶν
1617 2556 1708 2610 καὶ
1728 2553 2055 2630 γελοιάζων,

2239 2555 2347 2622 Qui
2383 2571 2540 2610 nunc
2569 2553 2753 2627 luget,
2787 2570 2946 2610 nunc
2970 2553 3284 2609 deliciatur
3311 2556 3370 2609 et
3400 2553 3570 2624 ridet,
3602 2552 3817 2611 similis

387 2643 587 2718 ὅμοιός
619 2641 729 2697 ἐστι
759 2646 840 2715 τῷ
873 2641 1009 2715 μετᾶ
1042 2639 1206 2716 ἄρτου
1254 2644 1345 2698 τὸν
1395 2643 1530 2698 κύνα
1574 2650 1675 2714 τῆς
1725 2642 2015 2722 φιληδονία

2186 2651 2256 2701 ist
2287 2644 2534 2711 homini,
2569 2659 2778 2716 panem
2813 2644 3100 2699 adversus
3137 2659 3340 2699 canem
3389 2641 3814 2714 sensualitatis,

388 2732 696 2805 λιθάζοντι,
747 2732 807 2795 ’ὸς
852 2735 934 2805 τῷ
987 2732 1083 2805 μὲν
1132 2733 1382 2807 σχήματι
1421 2738 1612 2788 τοῦτον
1649 2732 1857 2803 διώκει,
1889 2732 2016 2806 τῷἓ

2191 2735 2382 2806 apidis
2413 2735 2622 2805 instar,
2653 2733 3012 2805 projicienti,
3045 2732 3142 2803 qui
3175 2736 3344 2805 gestu
3377 2732 3616 2804 quidem
3654 2734 3816 2806 fugat

393 2822 677 2900 πράγματι
707 2819 1056 2897 παρεδρεύειν
1085 2825 1277 2877 τοῦτον
1309 2821 1624 2899 προτρέπει.

2168 2841 2394 2893 canem,
2428 2825 2579 2880 facto
2610 2827 2807 2880 autem
2838 2838 3144 2880 remanere
3173 2823 3464 2879 hortatur.

1259 2963 1342 3017 Ex
1373 2961 1470 3016 lib.
1504 2979 1546 3030 1,
1574 2978 1743 3018 serm.
1773 2963 1864 3030 51,
1902 2965 1978 3016 De
2007 2961 2200 3031 laude,
2224 2960 2399 3017 Grazc.
2423 2974 2586 3015 serm.
2611 2961 2835 3029 51,pag.
2866 2959 2958 3012 77.

471 3080 638 3154 Σοφῷ
666 3097 771 3132 τινι
799 3080 909 3132 τῶν
942 3075 1195 3133 κολάκων
1217 3075 1358 3140 τινὲς
1391 3075 1740 3153 ἐμακάριζονο
1771 3078 1798 3132 6
1831 3074 1888 3132 δέ
1919 3098 2050 3154 φησι

2234 3079 2642 3132 Assentatores
2660 3075 2898 3146 quidam
2912 3074 3149 3130 beatum
3167 3073 3810 3147 praedicabantsapien-

391 3166 536 3242 πρὸς
597 3165 819 3228 αὐτούς·
869 3165 930 3223 Εἰ
983 3167 1078 3237 μὶν
1130 3170 1228 3221 τοῦ
1276 3164 1512 3221 ἐπαινεῖν
1549 3187 1612 3241 με
1645 3164 1943 3236 παύσησθε,
1994 3165 2017 3221 ἐ

2189 3183 2280 3223 em
2315 3165 2669 3238 quemdam;
2703 3164 2800 3220 ille
2844 3180 2978 3220 vero
3027 3164 3256 3219 dicebat
3299 3164 3369 3220 ad
3421 3181 3520 3220 eos
3557 3179 3569 3218 :
3616 3163 3674 3219 Si
3719 3180 3815 3220 me

386 3261 495 3325 τῆς
526 3255 680 3329 ὑμῶν
716 3254 1131 3331 ὑποχωρήσεως
1163 3254 1298 3332 μέγα
1342 3255 1475 3311 εἶναι
1524 3255 1755 3329 ἐμαυτὸν
1799 3255 2014 3326 νενόηκο

2188 3257 2403 3311 audere
2445 3253 2808 3322 destileritis,
2855 3270 2924 3309 ex
2972 3253 3232 3309 discessu
3282 3257 3479 3308 vestro
3529 3269 3809 3326 magnum

387 3345 438 3402 εἰ
473 3342 532 3400 δὲ
561 3344 899 3408 ἐπαινοῦντες
929 3345 996 3400 οὐ
1026 3344 1276 3416 παύεσθε,
1312 3344 1371 3401 ἐκ
1397 3349 1495 3401 τοῖ’)
1524 3348 1674 3420 ὑμῶν
1705 3345 1930 3402 ἐπαίνου
1949 3346 2015 3414 τὴ

2182 3346 2421 3418 ιιίᾳιιειιι
2455 3343 2749 3416 meipsum
2793 3343 3080 3416 cogitabo;
3124 3342 3172 3398 si
3222 3359 3359 3399 vero
3405 3341 3646 3400 laudare
3695 3360 3810 3400 non

387 3433 632 3509 ἐμαυτοῦ
664 3433 988 3511 ἀκαθαρσίαν
1024 3411 1387 3512 στοχάζομαι.
1560 3411 1570 3420 ‘
2007 3411 2015 3414 ⁷

2184 3434 2457 3506 lesinitis,
2482 3451 2550 3491 ex
2577 3434 2751 3491 laude
2781 3439 2978 3490 vestra
3009 3450 3198 3490 meam
3233 3433 3638 3506 impuritatem
3670 3451 3812 3494 con-

2181 3542 2314 3580 1010.

461 3615 832 3678 Ἐπίπλαστος
859 3613 1079 3678 ἔπαινος
1111 3614 1353 3686 ἀληθοῦς
1382 3614 1707 3692 ἀτιμότερος
1738 3617 1932 3690 ψόγου.

2181 3544 2193 3580 ι
2239 3542 2251 3580 ι
2301 3565 2314 3580 .

1895 3638 1932 3673 ι.
2148 3543 2172 3598 J
2204 3542 2382 3672 ὓιῗιυε
2414 3615 2549 3672 ﬁcta
2579 3615 2741 3687 pejor
2770 3616 2858 3671 est
2890 3613 3342 3685 reprehensione
3371 3629 3523 3670 vera.

817 3753 898 3807 Ea.
929 3751 1028 3807 lib.
1063 3768 1126 3820 11,
1159 3751 1338 3807 Serm.
1373 3751 1466 3818 46,
1498 3755 1577 3807 De
1607 3751 1877 3808 osoribus
1926 3751 2192 3808 laborum
2225 3755 2284 3807 et
2330 3752 2534 3824 pigris,
2569 3749 2738 3807 Graec.
2773 3764 2940 3805 serm.
2973 3749 3064 3817 98,
3095 3765 3224 3818 pag.
3260 3749 3382 3804 151.

455 3869 588 3931 Τοῖς
620 3869 834 3931 ἀτόνοις
863 3868 951 3924 καὶ
981 3867 1287 3931 ἀοθενικοῖς
1321 3869 1382 3923 τὸ
1415 3867 1610 3944 μέτρον
1644 3870 1756 3942 (95)
1792 3867 1924 3945 ὑπὲρ
1955 3868 2042 3925 τό·

2230 3869 2646 3937 Quiinﬁrmiet
2671 3868 2998 3924 imbecilles
3012 3868 3255 3937 sunt,iis
3286 3867 3376 3925 vel
3403 3869 3560 3942 quod
3585 3869 3809 3926 medio-

385 3979 479 4016 νον
513 3956 688 4018 δοκεῖ.

2158 3976 2255 4016 ore
2284 3963 2396 4028 est,
2431 3976 2612 4032 supra
2635 3958 2792 4015 vires
2823 3959 3090 4031 ipsorum
3119 3957 3369 4015 videtur.

388 4097 474 4152 Ea:
509 4093 610 4152 lib.
645 4110 711 4165 ιι,
740 4095 918 4152 Serm.
949 4095 1042 4160 55,
1073 4093 1154 4150 De
1185 4093 1471 4164 proximo,
1504 4093 1660 4166 quod
1695 4097 1825 4163 ejus
1857 4111 2035 4151 onera
2058 4094 2298 4151 ferenda
2330 4093 2471 4161 sint,
2503 4095 2672 4166 eique
2703 4095 3194 4158 succurrendum,
3230 4093 3477 4166 etquod
3504 4093 3691 4149 amice
3722 4109 3815 4149 re-

855 4163 1222 4240 prehendere
1253 4166 1474 4236 deceat,
1508 4163 1556 4223 si
1593 4166 1736 4239 quid
1773 4167 2112 4223 indecenter
2140 4166 2345 4239 egerit,
2379 4170 2491 4222 etc.
2525 4164 2700 4224 Graec.
2733 4181 2905 4220 serm.
2939 4166 3028 4219 74.
3059 4181 3188 4237 pag.
3221 4163 3345 4218 128.

457 4282 650 4348 Πιστὸς
680 4279 738 4337 εὖ
774 4280 924 4355 μάλα
953 4283 981 4337 6
1017 4281 1134 4354 μετ’
1163 4279 1475 4354 ἐπιστήμης
1515 4278 1750 4358 ἔλεγχος
1781 4285 1911 4356 (96)·
1947 4281 2037 4338 ὅτε

2227 4283 2446 4339 Fidelis
2475 4287 2566 4338 est
2586 4297 2654 4338 ea
2683 4283 2957 4347 maxime,
2996 4298 3124 4353 quis
3156 4296 3287 4335 cum
3322 4279 3575 4335 scientia
3595 4279 3684 4349 ﬁt,
3718 4295 3807 4335 re-

382 4369 476 4424 καὶ
503 4369 819 4443 τελειοτάτη
869 4368 1146 4442 ἀπόδειξις
1186 4369 1490 4446 εὑρίσκεται
1517 4373 1553 4441 ἡ
1584 4375 1785 4447 γνῶσις
1816 4376 1922 4426 τῶν
1947 4392 2010 4427 κα

2178 4372 2486 4428 prehensio:
2508 4371 2988 4444 quandoquidem
3004 4369 3437 4444 perfectissima
3457 4373 3548 4425 est
3569 4369 3806 4437 demon,

378 4464 767 4534 τιγνωσμὲνων
797 4463 937 4536 (97).

2154 4462 2382 4528 stratio,
2416 4462 2939 4517 condemnatorum
2974 4475 3207 4516 reorum
3239 4458 3519 4532 cognitio.

778 4615 819 4653 ac
849 4599 924 4656 ιι.
956 4616 1020 4667 ιι,
1051 4615 1201 4654 serm
1228 4599 1320 4668 74,
1353 4597 1434 4655 De
1465 4597 1740 4670 superbis
1783 4603 1840 4654 et
1868 4597 2064 4655 inanis
2117 4597 2315 4670 gloriae
2375 4597 2631 4670 cupidis,
2670 4596 2844 4655 Graec.
2868 4612 3033 4653 serm.
3066 4595 3155 4664 33,
3185 4611 3322 4668 pag.
3353 4594 3445 4649 52.

450 4714 544 4785 Τῷ
592 4713 884 4787 ὑψουμένῳ
930 4713 1022 4769 καὶ
1070 4711 1494 4789 μεγαλυνομὲνῳ
1524 4711 1914 4787 παραπὲπηγεν
1946 4711 2038 4788 ἀγ·
2070 4717 2078 4782 )

2221 4712 2508 4769 Exaltanti
2532 4730 2593 4770 se
2622 4718 2680 4770 et
2702 4711 3106 4786 magniﬁcanti
3127 4711 3301 4767 afﬁxa
3322 4717 3413 4768 est
3432 4712 3707 4771 volubilis
3731 4715 3802 4772 ad

371 4801 677 4880 χίστροφος
710 4805 745 4871 ἡ
776 4803 915 4878 πρὸς
941 4804 1005 4859 τὸ
1033 4803 1289 4858 ταπεινὸν
1332 4797 1619 4876 μεταϐολὴ
1669 4803 1758 4857 καὶ
1807 4805 1999 4857 πτῶσιι

2172 4803 2549 4860 iumilitatem
2584 4803 2835 4860 mutatio
2853 4807 2910 4859 et
2941 4817 3140 4871 casus,
3166 4801 3514 4859 utdivinum
3555 4804 3800 4861 verbum

369 4891 448 4953 ὡς
479 4892 508 4947 ὁ
541 4896 710 4955 θεῖοις
741 4888 981 4948 διδάσκει
1015 4891 1200 4969 λόγος.

706 4914 710 4950 :
741 4888 981 4948 διδάσκει
1015 4891 1200 4969 λόγος.
2150 4894 2334 4950 docet.

1358 5028 1442 5084 Ea:
1473 5027 1566 5085 lib.
1605 5044 1666 5098 ιι,
1695 5043 1865 5084 serm.
1899 5027 1988 5097 87,
2024 5026 2196 5086 (ἓν-«το.
2229 5042 2392 5083 serm.
2417 5026 2508 5099 82,
2538 5043 2664 5100 pag.
2691 5025 2814 5083 141.

443 5141 541 5196 Καὶ
575 5137 742 5219 λόγος
772 5144 1009 5219 καθαρὸς
1058 5143 1148 5200 καὶ
1184 5145 1304 5221 βίος
1335 5141 1682 5216 ἀκηλίδωτος
1715 5143 1908 5221 θρόνος
1939 5144 2027 5199 καὶ

2211 5147 2418 5204 Sermo
2450 5161 2637 5218 purus
2666 5149 2723 5202 et
2751 5145 2870 5202 vita
2902 5143 3284 5202 immaculata
3313 5146 3455 5201 sunt
3469 5141 3721 5200 thronus
3743 5149 3796 5200 et

362 5229 496 5296 ναός
525 5229 668 5288 ἐστιν
697 5231 962 5304 ἀληθινὸς
991 5237 1090 5290 τοῦ
1120 5238 1276 5291 Θεοῦ.

1184 5238 1276 5291 οὗ.
2138 5237 2427 5309 templum
2458 5235 2559 5292 Dei
2591 5251 2812 5292 verum.

437 5410 555 5484 (92)
587 5416 776 5486 Atque
805 5413 926 5470 hac
958 5415 1196 5488 quidem
1231 5415 1290 5472 in
1338 5415 1514 5472 editis
1541 5414 1863 5488 Clementis
1893 5430 2029 5488 ope-
2140 5431 2311 5487 opera
2338 5415 2534 5487 faciat.

363 5479 948 5564 ribus'non'exstant
973 5479 993 5542 Ξ
1023 5487 1499 5564 habetur__autem
1553 5486 1757 5564 simile
1793 5479 2028 5564 aliquod
2178 5479 2509 5564 '(9§)'I_aege
2538 5487 2726 5564 φιξτοῧ-

363 5554 592 5632 dictum
621 5557 725 5632 lib.
759 5575 817 5614 v1
850 5559 1081 5625 Strom.,
1114 5576 1170 5631 p.
1202 5560 1342 5632 665,
1386 5560 1484 5615 ubi
1520 5561 1650 5632 ait:
1685 5557 1813 5632 Οὐχ
1834 5554 1991 5632 6311::

1163 5602 1170 5613 .
1202 5560 1342 5632 665,
1386 5560 1484 5615 ubi
1520 5561 1650 5632 ait:
1685 5557 1813 5632 Οὐχ
1834 5554 2030 5632 631:5:
2211 5554 2324 5632 (95)
2358 5554 2526 5632 ane
2551 5554 2791 5632 μέτριον.

363 5622 612 5706 γόμενος
649 5629 815 5706 μόνον
858 5635 960 5700 τῆς
995 5622 1176 5706 panic
1211 5622 1462 5706 ξτράξεως
1516 5622 1885 5706 sitat-04,715!"
1927 5650 1991 5706 ,μ

1516 5622 1885 5706 δίκαιος,ν’ἒᾶιν
1927 5630 2026 5706 -μή
2355 5622 2562 5706 Yersio
2588 5622 2742 5706 forte
2763 5627 3128 5706 corrigenda.

365 5698 872 5776 erpocsﬁspy'a’iamai
916 5698 1012 5776 ’καὶ
1071 5703 1133 5757 τὸ
1185 5698 1484 5758 εὗ’ποιεῖν.
1522 5706 1643 5776 Non
1673 5698 1770 5776 qui
1796 5698 1993 5758 abstini

2158 5774 2183 5776 __
2213 5698 2329 5776 (97)
2355 5703 2600 5758 Gemina
2650 5698 2944 5757 habentur
2994 5698 3094 5755 lib.
3146 5714 3165 5754 1
3212 5701 3422 5757 Strom.
3479 5715 3535 5772 p.
3585 5698 3691 5754 350
3720 5698 3786 5755 D.

364 5772 551 5828 solum
581 5772 614 5829 ἁ
649 5772 836 5848 ’ρναυα
883 5775 1097 5833 actione
1125 5779 1205 5832 est
1221 5777 1430 5848 justus,
1466 5775 1585 5833 nisi
1612 5772 1839 5849 iniuper
1889 5776 2029 5832 bona
2139 5772 2272 5832 Hec
2302 5775 2476 5831 Grab.
