4124 6444
401 476 514 533 757

1893 479 2362 533 FRAGMENTA.

3724 482 3830 537 758

1951 635 2103 690 877
2137 632 2283 690 XVI.

1002 737 1402 817 Fragmenta,
1434 753 1576 818 qua;
1607 737 1819 799 Graece
1846 741 2092 800 tantum
2124 736 2190 796 in
2222 735 2499 800 editione
2529 736 2866 800 Oxoniensi
2887 736 3210 818 leguntur.

1332 985 1491 1058 Apud
1517 988 1800 1044 auctorem
1825 986 2097 1043 Chronici
2129 985 2453 1056 Paschalis,
2481 1003 2613 1060 pag.
2643 988 2697 1055 7,
2733 987 2809 1043 al.
2842 989 2898 1044 5.

465 1115 599 1177 Τοῖς
654 1112 750 1185 μὶν
813 1108 904 1166 οὖν
964 1107 1410 1187 παρεληλυθόσιν
1470 1106 1608 1165 ἔτεσι
1667 1110 1731 1165 τὸ
1795 1110 2058 1185 θυόμενον

2245 1111 2658 1184 Superioribus
2699 1112 2872 1167 annis
2913 1112 3197 1168 Dominus
3249 1113 3470 1170 Pascha
3502 1115 3825 1187 celebrans,

385 1204 528 1278 πρὸς
573 1198 857 1259 Ἰουδαίων
917 1198 1103 1271 ἤσθιεν
1165 1200 1436 1276 ἑορτάζων
1493 1200 1522 1254 6
1580 1199 1777 1274 Κύριος
1832 1201 2049 1276 Πάσχα.

2171 1201 2505 1257 comederat
2529 1205 2848 1256 mactatum
2870 1217 2903 1256 a
2931 1201 3314 1258 Judaeis.Jam
3337 1219 3469 1259 vero
3501 1206 3826 1276 praedicans

384 1291 542 1350 Ἐπεὶ
599 1289 659 1346 δὶ
711 1289 969 1366 ἐκήρυξεν
1054 1287 1212 1350 αὐτὸς
1293 1286 1365 1343 ὢν
1435 1288 1497 1343 τὸ
1551 1290 1745 1364 Πάσχα
1799 1289 1827 1343 6
1886 1289 2060 1363 ἀμνὸς

2169 1305 2233 1346 se
2263 1290 2458 1361 ipsum
2493 1306 2622 1346 esse
2650 1290 2872 1346 Pascha
2906 1307 3125 1363 agnum
3177 1291 3299 1361 Dei,
3345 1293 3444 1364 qui
3494 1298 3557 1348 ut
3585 1295 3709 1350 ovis
3749 1297 3822 1353 ad

377 1385 484 1438 τοῦ
541 1384 699 1448 Θεοῦ,
733 1380 809 1442 ὡς
864 1374 1141 1456 πρόϐατον
1202 1377 1294 1433 ἐπὶ
1353 1379 1564 1457 σφαγὴν
1613 1379 1906 1454 ἀγόμενος,
1959 1378 2057 1433 αύ-

385 1470 514 1528 τίκα
565 1467 775 1540 ἐδίδαξε
832 1469 928 1542 μὶν
987 1468 1113 1531 τοὺς
1176 1467 1422 1542 μαθητὰς
1476 1472 1572 1522 τοῦ
1619 1466 1794 1523 τύπου
1837 1468 1900 1523 τὸ
1961 1489 2060 1541 μυ-

2169 1379 2586 1435 mactationem
2627 1379 2959 1449 duceretur,
3002 1379 3200 1435 statim
3250 1380 3453 1436 docuit
3496 1382 3822 1455 discipulos

2167 1469 2370 1541 figura;
2422 1468 2769 1540 mysterium
2822 1469 2915 1524 die
2963 1468 3196 1524 decima
3233 1470 3426 1542 tertia,
3482 1487 3601 1543 qua
3642 1473 3820 1528 etiam

388 1562 620 1636 στήριον
677 1563 748 1634 τῇ
809 1559 900 1634 ιγ’,
929 1557 981 1613 ἐν
1127 1557 1219 1612 καὶ
1270 1555 1637 1621 πυνθάνονται
1697 1557 1860 1613 αὐτοῦ
1895 1577 1907 1589 '
1944 1561 2056 1613 Ποῦ

2166 1574 2235 1614 ex
2266 1557 2394 1630 ipso
2425 1561 2887 1630 percontantur:
2925 1557 3025 1616 Ubi
3073 1562 3157 1614 vis
3206 1559 3417 1615 Pascha
3464 1559 3573 1616 tibi
3621 1561 3692 1616 ad
3731 1576 3820 1618 co-

387 1647 568 1716 θελεις
624 1647 1012 1721 ἑτοιμάσωμέν
1072 1668 1157 1702 σοι
1215 1647 1279 1702 τὸ
1335 1645 1528 1722 Πάσχα
1586 1651 1812 1723 φαγεῖν;
1874 1646 2052 1722 Ταύτῃ

2163 1647 2489 1704 medendum
2506 1663 2764 1719 paremus
2795 1648 2874 1719 (a)
2902 1650 2924 1702 Ρ
2953 1646 3059 1703 Illa
3080 1647 3262 1721 igitur
3284 1649 3378 1704 die
3395 1653 3453 1704 et
3480 1665 3819 1721 azymorum

384 1737 478 1796 οὗν
533 1742 604 1814 τῇ
663 1739 849 1815 ἡμέρᾳ
901 1738 992 1792 καὶ
1037 1738 1065 1792 6
1106 1737 1376 1812 ἁγιασμὸς
1431 1740 1539 1791 τῶν
1595 1735 1840 1810 ἀζύμων,
1871 1737 1962 1792 καὶ
2016 1739 2051 1807 ἡ

2163 1735 2553 1793 sanctificatio
2583 1741 2641 1792 et
2685 1736 3027 1808 praeparatio
3063 1736 3190 1792 festi
3243 1737 3396 1793 facta
3425 1741 3532 1794 est.
3568 1736 3732 1794 Unde
3763 1743 3820 1794 et

379 1829 787 1904 προετοιμασία
841 1831 942 1893 τῆς
999 1827 1194 1903 ἑορτῆς
1254 1825 1483 1902 ἐγίνετο.
1516 1827 1676 1890 Ὅθεν
1733 1827 1761 1880 6
1793 1824 2051 1897 Ἰωάννης

2157 1825 2418 1882 Joannes
2448 1825 2551 1881 illa
2581 1826 2674 1881 die
2700 1825 3115 1882 convenienter
3135 1829 3333 1896 utpote
3357 1831 3816 1898 praeparatorum

380 1917 436 1974 ἰν
495 1918 670 1993 ταύτῃ
730 1919 800 1990 τῇ
855 1915 1040 1990 ἡμέρᾳ
1091 1910 1319 1980 εἰκότως
1375 1914 1450 1978 ὠς
1482 1911 1542 1970 ἂν
1575 1917 2048 1990 προετοιμαζομέ-

380 2028 512 2070 νους
569 2003 680 2077 ἤδη
733 2005 1102 2080 ἀπονίψασθαι
1145 2004 1274 2070 τοὺς
1331 2002 1503 2066 πόδας
1547 2005 1682 2080 πρὸς
1715 2008 1814 2059 τοῦ
1846 2006 2048 2081 Κυρίου

381 2096 510 2159 τοῦς
546 2095 794 2169 μαθητὰς
843 2095 1162 2172 ἀναγράφει.
1195 2092 1438 2157 ΙΙὲπονθε
1495 2091 1554 2148 δὲ
1608 2097 1677 2168 τῇ
1739 2091 1962 2168 ἐπιούσῃ
2020 2095 2048 2149 6

389 2186 591 2261 Σωτὴρ
617 2187 801 2259 ἡμῶν,
826 2183 986 2247 αὐτὸς
1045 2181 1120 2239 ὢν
1161 2183 1225 2239 τὸ
1257 2183 1471 2259 Πάσχα,
1502 2182 1911 2259 καλλιερευθεὶς
1944 2182 2048 2238 ὑπὸ
2111 2189 2124 2196 ’

388 2271 689 2334 Ἰουδαίων.

2151 1915 2279 1986 jam
2311 1914 2736 1986 discipulorum
2767 1915 2946 1987 pedes
2978 1931 3012 1970 a
3041 1914 3274 1970 Christo
3306 1915 3455 1970 lotos
3485 1913 3693 1971 scribit
3713 1915 3810 1986 (ὁ).

2159 2006 2435 2060 Insecuta
2464 2008 2660 2060 autem
2693 2004 2786 2060 die
2817 2020 3032 2076 passus
3063 2008 3153 2060 est
3181 2003 3450 2060 Salvator
3475 2005 3811 2076 noster,qui

2157 2092 2285 2166 ipse
2312 2098 2437 2151 erat
2468 2093 2679 2162 Pacha,
2714 2093 3060 2150 immolatus
3091 2110 3125 2148 a
3152 2093 3396 2149 Judaeis.

1990 2369 2199 2427 Ibidem

449 2487 804 2552 ’Δκολούθως
856 2490 959 2566 ἄρα
998 2489 1070 2565 τῇ
1120 2485 1206 2564 ιδ’,
1239 2488 1329 2543 ὅτε
1357 2487 1450 2542 καὶ
1482 2483 1698 2558 ἔπαθεν,
1731 2481 1893 2551 ἕωθεν
1952 2484 2050 2541 αύ-

2227 2486 2634 2561 Congruenter
2662 2487 2845 2560 igitur
2874 2489 2969 2544 die
3001 2489 3445 2563 quartadecima
3482 2505 3600 2561 qua
3630 2489 3802 2549 etiam

376 2581 471 2635 τὸν
553 2579 606 2634 οἱ
677 2578 959 2656 ἀρχιερεῖς
1028 2578 1119 2634 καὶ
1178 2578 1231 2633 οἱ
1290 2582 1634 2654 γραμματεῖς
1689 2580 1767 2649 τῷ
1821 2575 2044 2649 Πιλάτῳ

379 2669 776 2745 προσάγοντες,
807 2667 907 2724 οὐκ
936 2667 1195 2738 εἰσῆλθον
1230 2665 1310 2730 εἷς
1357 2666 1419 2722 τὸ
1449 2667 1808 2743 πραιτώριον,
1845 2664 1939 2721 ’ίνα
1963 2667 2038 2739 μὴ

386 2761 712 2832 μιανθῶσιν,
747 2755 876 2813 ἀλλ’
907 2756 1207 2819 ἀκωλύτως
1261 2757 1491 2832 ἐσπέρας
1522 2757 1585 2811 τὸ
1617 2754 1812 2831 Πάσχα
1859 2757 2042 2831 φάγω-

384 2868 462 2907 σι.
495 2846 676 2922 Ταύτῃ
721 2851 830 2903 τῶν
889 2847 1113 2922 ἡμερῶν
1164 2849 1234 2920 τῇ
1287 2839 1538 2921 ἀκριϐείᾳ
1587 2847 1675 2900 καὶ
1724 2846 1778 2899 αἱ
1834 2843 2042 2922 Γραφαὶ

367 2942 546 2993 πᾶσαι
605 2940 987 3016 συμφωνοῦσι,
1019 2936 1110 2992 καὶ
1165 2936 1235 2991 τὰ
1279 2933 1594 3011 Εὐαγγὲλια
1644 2931 1872 3007 συνῳδά.
1915 2937 2042 2991 Ἐπι

380 3030 653 3104 μαρτυρεῖ
710 3024 768 3082 δί
823 3026 912 3082 καὶ
963 3028 998 3096 ἡ
1032 3023 1361 3094 ἀνάστασιςῖ·
1386 3027 1456 3098 τῇ
1489 3027 1618 3100 γοῦν
1651 3022 1808 3100 τρίτῃ
1841 3021 2036 3092 ἀνέστη

2155 2595 2368 2651 passus
2395 2583 2504 2648 est,
2539 2594 2714 2634 mane
2755 2579 3054 2651 principes
3103 2580 3476 2636 sacerdotum
3509 2582 3566 2634 et
3603 2579 3809 2635 scribae

2154 2667 2452 2724 Christum
2485 2666 2668 2724 Pilato
2693 2669 2802 2723 add
2815 2673 3198 2736 ucentes,non
3231 2668 3484 2741 ingressi
3509 2673 3650 2725 sunt
3671 2685 3811 2741 pras-

2153 2757 2392 2826 torium,
2424 2772 2497 2812 ne
2544 2755 2971 2828 polluerentur,
3017 2758 3117 2814 sed
3175 2757 3338 2814 nullo
3380 2757 3808 2830 impedimento

2153 2845 2376 2902 Pascha
2423 2861 2662 2916 vespere
2705 2846 3100 2915 comederent.
3152 2847 3299 2903 Huic
3349 2849 3632 2902 accuratae
3681 2847 3806 2902 die-

2153 2953 2285 2992 rum
2317 2936 2746 3010 computationi
2777 2937 2953 2993 etiam
2984 2936 3297 3009 Scriptura:
3329 2937 3618 2993 universas
3665 2953 3807 2993 con-

2150 3025 2416 3082 sentiunt
2436 3030 2494 3083 et
2509 3027 2830 3082 concinunt
2851 3024 3628 3098 Evangelia.Testimonium
3655 3042 3803 3098 quo-

371 3117 584 3192 ἠμὲρᾳ,
616 3114 743 3187 ἥτις
784 3114 836 3172 ἐν
869 3115 1062 3190 πρώτῃ
1098 3118 1207 3170 τῶν
1251 3109 1575 3188 ἑϐδομάδων
1623 3116 1721 3168 τοῦ
1775 3115 2037 3186 θερισμοῦ

2156 3131 2261 3186 que
2290 3115 2340 3170 ei
2375 3115 2643 3187 perhibet
2670 3114 3015 3172 resurrectio
3051 3132 3063 3171 :
3097 3116 3269 3172 tertio
3294 3115 3452 3171 enim
3477 3115 3571 3172 die
3599 3129 3802 3170 resur-

369 3204 432 3262 ἐν
573 3206 664 3262 καὶ
717 3206 781 3262 τὸ
842 3201 1057 3282 δράγμα
1115 3203 1493 3279 ἐνομοθετεῖτο
1549 3207 1893 3280 προενεγκεῖν
1945 3202 2032 3257 τὸν

2156 3204 2314 3273 rexit,
2346 3203 2533 3277 quiin
2570 3205 2819 3277 primam
2854 3203 3281 3262 hebdomadam
3316 3203 3538 3260 mensis
3570 3203 3798 3275 incidit,

371 3288 549 3368 ἱερέα.

2145 3310 2263 3366 qua
2294 3293 2384 3349 lex
2414 3297 2770 3366 praeceperat
2798 3311 2832 3350 a
2863 3295 3164 3351 sacerdote
3203 3293 3576 3366 manipulum
3617 3293 3800 3366 spica-

2145 3400 2278 3440 rum
2309 3383 2527 3440 offerri.

369 3512 538 3588 Apud
567 3513 880 3572 llacarium
910 3511 1430 3586 Chrysoccphatum,
1453 3519 1596 3569 orat.
1639 3528 1698 3568 ιι
1727 3511 1789 3566 in
1821 3515 2051 3583 Lucam,
2099 3510 2198 3567 sub
2245 3511 2436 3582 ﬁnem.
2487 3541 2558 3552 —-
2605 3513 2690 3567 Ex
2717 3527 2819 3568 ms.
2872 3509 3004 3567 bibl.
3035 3510 3194 3568 Bodl.
3225 3510 3346 3567 cod.
3398 3509 3526 3580 211,
3577 3508 3804 3566 Barocc.

452 3636 498 3686 1.
561 3630 768 3700 Ὁπόση
827 3628 1022 3704 χορεία
1080 3630 1156 3703 (3)
1201 3629 1292 3684 καὶ
1350 3630 1660 3705 πανήγυρις
1717 3626 1769 3683 ἒν
1821 3627 2070 3720 ούρανῷγ

2222 3631 2273 3685 1.
2310 3629 2511 3694 Qualis
2541 3633 2726 3686 cmtus
2756 3633 2814 3686 et
2844 3628 3156 3702 panegyris
3189 3628 3246 3683 in
3281 3627 3424 3685 cmlo
3455 3627 3541 3694 ﬁt,
3571 3627 3806 3699 quando

2156 3719 2286 3742 ___:_
2321 3723 2606 3742 --ιη-,μ
2637 3735 2693 3742 -,
2719 3718 2973 3742 ..-ΔΔεΔει
3001 3723 3049 3742 ,ι
3092 3717 3345 3742 “md-..
3383 3735 3409 3742 _
3449 3717 3677 3742 -ε-.ει,ι,
3701 3716 3773 3742 ῃ,

367 3718 604 3797 γίνεται,
633 3716 689 3772 εἷ’
709 3739 795 3780 τις
824 3716 1032 3793 ἐξόριος
1061 3719 1245 3795 γέγονε
1282 3718 1373 3774 καὶ
1406 3719 1575 3797 φυγὰς
1642 3725 1741 3788 τῆς
1807 3718 1910 3774 ὑπὸ
1958 3722 2039 3792 τῷ
2069 3716 2070 3720 “

2156 3719 2288 3791 quis
2319 3723 2611 3776 extorrem
2635 3735 2696 3775 se
2719 3718 2976 3774 reddidit
2996 3723 3053 3774 et
3088 3717 3351 3774 exsulem
3383 3735 3416 3773 a
3446 3717 3679 3774 civitate
3701 3716 3806 3772 Pa-

374 3807 552 3883 Πατρῖ
591 3806 876 3871 πολιτείας
910 3811 1011 3882 (ό),
1044 3809 1256 3884 ἀγδοῶν
1287 3809 1362 3873 ὡς
1417 3809 1470 3862 οἱ
1528 3807 1887 3884 μακρύνοντες
1945 3806 2042 3862 αύ-

375 3895 1158 3953 τοῦά””’λ”
1313 3894 1648 3954 ίΕ’“δό
1869 3896 2002 3918 “

487 3917 512 3958 ς
607 3917 648 3952 π
718 3917 888 3952 αυτου
948 3917 1054 3952 απο
1099 3917 1282 3952 ουνται
1411 3919 1554 3967 ιτην
1656 3919 1737 3952 σιν
1794 3917 1886 3952 και
1941 3918 2041 3967 την

375 3992 572 4056 κτῆσιν
601 3984 691 4041 καὶ
721 3985 822 4055 τὴν
854 3983 1234 4063 κληρονομίαν
1283 3987 1382 4057 τήν
1441 3987 1696 4063 πανρῴαν
1739 3985 2042 4060 ἀνήλωσεν,

375 4075 429 4132 ετ
454 4096 607 4136 τινος
640 4072 884 4150 ἐξέλιπεν
916 4078 950 4146 ἡ
985 4074 1187 4144 πίστις,
1217 4075 1308 4131 καὶ
1357 4077 1392 4146 ἡ
1443 4075 1600 4139 ἐλπὶς
1656 4073 2044 4149 δεδαπάνηται,

372 4168 499 4227 τοῖς
529 4163 734 4220 ἔθνεσιν
767 4165 1160 4240 συντρέχοντος
1193 4163 1270 4230 εἷς
1297 4167 1396 4237 τήν
1447 4164 1614 4236 αὐτὴν
1662 4168 1762 4236 τῆς
1810 4165 2046 4228 ἀσωτίας

377 4254 643 4330 ἀνάχυσιν
676 4272 688 4285 ·
726 4253 842 4310 εἶτα
893 4254 1188 4328 λιμώττων
1234 4257 1324 4310 καὶ
1365 4255 1745 4330 στερούμενος,
1777 4255 1866 4310 καὶ
1914 4253 2043 4329 μηδ’

380 4339 454 4396 ὧν
517 4345 570 4398 οἱ
629 4348 817 4420 χοῖροι
871 4346 1144 4398 σιτοῦνται
1185 4345 1596 4420 πληρούμενος,
1630 4343 1856 4407 ἀναστὰς
1905 4343 2046 4414 ἦλθε

381 4431 522 4506 πρὸς
550 4431 640 4487 τὸν
671 4433 880 4508 πατέρα
909 4433 1100 4488 αὐτοῦ.
1137 4432 1300 4490 Ἀλλ’
1335 4435 1362 4488 6
1411 4433 1656 4510 χρηστὸς
1706 4436 1884 4507 πατὴρ
1945 4435 2046 4488 οὐκ

379 4517 626 4593 ἕπιμὲνει
685 4519 790 4585 ἓως
850 4519 914 4577 ἂν
950 4522 978 4577 6
1027 4527 1156 4584 παῖς
1203 4521 1339 4598 πρὸς
1371 4522 1529 4578 αὐτὸν
1581 4520 1886 4601 ἀφίκηται·
1921 4519 2046 4578 οὐδὲ

371 4609 477 4686 γὰρ
507 4607 639 4673 ἴσως
671 4607 960 4682 δυνήσεται
1011 4611 1174 4666 πόθεν
1206 4614 1305 4685 (5),
1339 4608 1465 4666 οὐδὶ
1491 4608 1765 4686 τολμήσει
1801 4613 1876 4685 μὴ
1903 4609 2044 4666 ’ίλεω

375 4699 568 4774 τυχὼν
602 4699 769 4756 αὐτοῦ
799 4698 1145 4778 προσελθεῖν.
1178 4701 1270 4756 Διὸ
1323 4699 1686 4774 βουληθέντος
1735 4697 1926 4773 μόνον,
1959 4699 2042 4754 εύ-

390 4787 488 4853 θὺς
519 4789 846 4867 ἀρξαμένου,
878 4793 1098 4866 πρῶτον
1130 4791 1494 4867 ὁρμήσαντος,
1519 4786 1597 4845 ἔτι
1656 4790 1862 4863 μακρὰν
1911 4790 2044 4845 ἀπέ-

379 4897 606 4955 χοντος,
640 4877 1080 4955 ἐσπλαγχνίσθη,
1111 4878 1202 4936 καὶ
1234 4877 1544 4955 ἐκδραμὼν,
1577 4877 1760 4936 ἔπεσεν
1808 4879 1893 4934 ἐπὶ
1947 4880 2042 4935 τὸν

373 4965 666 5044 τράχηλον
715 4968 907 5042 αὐτοῦ,
962 4971 1052 5025 καὶ
1100 4968 1461 5045 κατεφίλησεν
1515 4968 1699 5027 αὐτόν.
1759 4969 1862 5027 Καὶ
1919 4968 2044 5025 τότε

2151 3808 2285 3877 tris,
2315 3809 2563 3882 ignarus
2592 3810 2749 3882 quod
2781 3809 2875 3865 his
2907 3809 3008 3880 qui
3037 3808 3110 3864 ab
3142 3825 3208 3864 eo
3252 3807 3534 3863 recedunt
3563 3807 3642 3863 sit
3670 3822 3806 3879 per-

2151 3899 2432 3955 eundum!
2451 3904 2766 3970 Postquam
2783 3897 3153 3971 largitionem
3169 3896 3328 3953 ﬁlius
3345 3895 3808 3968 pssessionem-

2151 4004 2265 4060 que
2297 3993 2352 4044 et
2382 3987 2791 4044 haereditatem
2823 3988 3076 4060 patriam
3122 3985 3520 4058 consumpsit,
3569 3985 3804 4058 quando

2152 4077 2300 4134 ﬁdes
2330 4077 2585 4150 alicujus
2617 4077 2815 4133 deficit
2845 4081 2904 4132 et
2953 4093 3090 4150 spes
3141 4075 3465 4147 dilapidata
3511 4078 3619 4143 est,
3669 4089 3806 4130 cum

2151 4168 2428 4240 gentibus
2460 4168 2511 4224 is
2542 4168 2728 4223 currit
2759 4169 2817 4222 in
2851 4167 3097 4222 effusam
3132 4182 3198 4221 ac
3220 4163 3574 4220 dissolutam
3595 4163 3800 4218 vitam.

2157 4257 2372 4314 Deinde
2404 4257 2671 4313 famelico
2701 4261 2758 4312 et
2785 4255 2946 4326 inepi
2978 4270 3114 4310 cum
3150 4270 3254 4310 nec
3294 4252 3378 4308 illi
3425 4253 3666 4308 daretur
3693 4251 3805 4306 im-

2152 4345 2298 4418 pleri
2331 4346 2548 4417 quibus
2579 4344 2739 4418 porci
2783 4345 3076 4414 cibanlur,
3127 4341 3320 4413 surgit
3366 4344 3424 4396 et
3473 4340 3545 4395 ad
3577 4343 3804 4411 patrem

2154 4451 2330 4492 suum
2374 4435 2581 4491 tendit.
2634 4435 2832 4490 Bonus
2891 4437 3087 4488 autem
3135 4436 3300 4504 pater
3350 4446 3466 4486 non
3508 4431 3805 4500 exspectat

2151 4527 2334 4580 donec
2365 4524 2436 4579 ad
2472 4539 2606 4579 eum
2638 4523 2834 4579 veniat
2888 4522 3046 4577 ﬁlius
3086 4539 3100 4590 ;
3150 4535 3340 4592 neque
3380 4517 3538 4575 enim
3587 4517 3807 4590 poterit

2152 4613 2423 4678 fortasse,
2456 4616 2560 4668 aut
2589 4612 2813 4669 veritus
2843 4628 2916 4668 ne
2949 4610 3267 4683 propitium
3319 4608 3477 4664 haud
3521 4606 3804 4674 inveniat,

2153 4719 2268 4759 non
2334 4702 2574 4758 audebit
2620 4719 2634 4756 :
2688 4701 2818 4758 ideo
2874 4703 3108 4757 volente
3163 4699 3265 4755 illo
3323 4698 3516 4755 solum
3575 4701 3633 4753 et
3688 4697 3808 4769 pri-

2152 4809 2316 4848 mum
2347 4792 2441 4849 vix
2471 4792 2760 4865 impetum
2794 4790 3061 4864 capiente
3092 4789 3315 4855 statim,
3352 4787 3592 4845 absente
3614 4785 3808 4842 adhuc

2154 4881 2382 4955 procul,
2416 4886 2582 4954 pater
2613 4881 3024 4938 misericordia
3073 4883 3404 4936 commotus
3444 4875 3721 4944 accurrit,
3752 4878 3810 4931 et

2153 4970 2301 5028 collo
2333 4973 2462 5044 ejus
2495 4971 2793 5040 allabitur,
2839 4970 3148 5042 ﬁliumque
3198 4967 3592 5025 exosculatur.
3644 4965 3806 5020 Tunc

364 5035 585 5134 θάρβών
637 5059 666 5112 6
715 5035 1369 5135 πα“ίς,’ἐξοι.ι.ολγγεῖται⁷
1404 5059 1472 5114 τὰ
1529 5057 1902 5136 πεπραγμένα.
1950 5059 2046 5115 Διά

2156 5035 2456 5118 conﬁdens
2486 5061 2607 5130 ille,
2635 5035 2898 5118 admissa
2926 5035 3255 5116 confitetur.
3287 5058 3540 5128 Ideoque
3570 5056 3736 5126 pater
3754 5053 3808 5108 ei

441 5185 523 5257 (a)
551 5183 761 5243 Matth.
793 5201 950 5254 xxvn,
981 5186 1069 5241 17.
1144 5185 1221 5257 (ὁ)
1251 5185 1417 5242 Joan.
1448 5203 1574 5253 xm,
1604 5187 1661 5241 5.

450 5304 530 5376 (3)
560 5304 1402 5383 ’Ondcn‘xopuPerlegendaiin
1437 5311 1862 5383 commentario
1886 5309 2044 5366 Gras-

371 5379 1280 5452 corum_precipuePatrum,in
1315 5382 1765 5448 Lucam,utrum
1799 5382 2044 5438 alterius

373 5447 528 5504 forte
555 5447 674 5507 sint
706 5447 988 5508 auctoris.
1021 5447 1718 5511 GaAB.-Emendatiora
1733 5453 2043 5510 Oxoniensi

378 5520 641 5598 editione
673 5540 707 5578 a
738 5540 801 5580 se
835 5523 930 5598 hic
963 5523 1222 5598 exhibita
1252 5523 1578 5598 fragmenta
1627 5527 1743 5582 ista
1794 5531 2048 5582 testatur

386 5591 741 5664 Fabricius:
776 5595 874 5664 qui
906 5600 964 5650 et
992 5611 1061 5664 ea
1092 5595 1294 5652 Latine
1323 5591 1598 5654 rEddidit.

452 5663 530 5737 (4)
565 5663 877 5742 ῌολιτείας.
911 5663 1199 5721 Πολιτείαν
1235 5666 1345 5742 hoc
1372 5669 1498 5726 loco
1550 5668 1752 5725 malim
1785 5669 2048 5742 accipere

383 5751 496 5864 Ero
529 5739 667 5797 vita
695 5741 916 5796 ratione
943 5742 994 5796 ct
1022 5739 1438 5809 consuetudine,
1467 5758 1644 5814 quam
1667 5757 1772 5814 pro
1801 5739 2045 5799 civitate.

431 5822 464 5864 0
496 5807 798 5864 siquidem
831 5827 1009 5864 sensu
1053 5812 1208 5864 anud
1263 5813 1579 5864 scriptores
1618 5813 2045 5864 ecclesiasticos

431 5822 464 5864 ο
496 5807 798 5883 siquidem
831 5827 1009 5870 sensu
1053 5812 1208 5884 apud
1263 5807 1579 5886 scriptores
1618 5807 2049 5872 ecclesiasticos

2151 5327 2260 5388 νοιι
2281 5309 2395 5366 ista
2424 5309 2903 5388 frequentissime
2934 5312 3220 5388 usurpata
3250 5303 3643 5388 comperitur:
3665 5303 3808 5370 quin

2151 5383 2478 5453 etipsemet
2499 5380 2806 5440 contextus
2829 5380 3100 5438 eamdem
3121 5380 3657 5453 interpretationem
3674 5391 3806 5453 su_a_-

2155 5446 2292 5510 der'e
2320 5454 2570 5511 videtur.
2585 5456 2724 5512 Vide
2743 5454 3038 5510 Svicerum
3065 5453 3122 5507 in
3143 5446 3408 5506 Thesauro
3428 5449 3556 5504 ccci.
3572 5452 3713 5503 tom.
3730 5446 3808 5518 ll,

2155 5524 2264 5652 co}.
2293 5527 2580 5652 Z?95439q.,
2604 5531 2662 5583 et
2686 5527 2973 5598 Cangium
3004 5525 3063 5579 in
3099 5523 3343 5580 Glossar.
3369 5523 3544 5578 Graec.
3571 5525 3715 5575 tom.
3737 5518 3808 5589 ll,

2157 5614 2220 5652 co
2254 5639 2266 5652 .
2437 5638 2450 5652 .

2157 5599 2266 5653 col.
2293 5599 2450 5654 1194.

2228 5669 2306 5741 (5)
2338 5669 2629 5740 Δυνήσεται
2683 5665 2871 5726 πόθεν.
2923 5667 3192 5724 Fortasse
3247 5663 3588 5738 legendum,
3647 5657 3809 5730 δυνή-

2159 5739 2307 5796 σεταί
2337 5739 2492 5798 ποτε.
2525 5741 2758 5798 FABRIC.
