4124 6406
338 476 452 532 759

1585 471 1996 528 CLEMENTIS
2037 470 2130 522 AL
2140 471 2541 526 EXANDBINI

3668 473 3779 528 760

341 599 590 673 gloriam
622 601 679 654 et
704 598 983 653 honorem
1009 594 1272 651 debitum
1293 594 1720 664 decentemque
1743 591 2001 648 restituit

2121 591 2276 643 ταῦτα
2334 590 2363 644 6
2414 591 2608 667 Πατήρ
2658 591 2805 665 αὐτῷ
2846 595 2947 663 τήν
3000 591 3159 666 δόξαν
3193 595 3285 650 καὶ
3324 595 3427 662 τήν
3470 595 3641 668 τιμήν
3672 595 3776 664 τήν

340 689 674 760 stolamque
690 686 943 760 primam
966 686 1179 740 iterum
1197 684 1283 739 illi
1300 685 1517 750 induit,
1532 680 2004 753 incorruptibili-

2116 676 2481 753 ὀφειλομένην
2541 680 2630 735 καὶ
2687 683 2999 756 πρέπουσαν
3059 682 3517 756 ἀποδίδωσι,τήν
3566 683 3776 754 στολὴν

343 781 549 844 talem,
599 775 1033 847 annulumque,
1085 774 1306 844 regium
1355 773 1587 846 insigne
1634 780 1692 828 et
1739 771 2005 826 divinum

2121 767 2213 834 τήν
2253 768 2477 842 πρώτην
2538 767 2760 842 ἐνδῦων,
2804 774 2903 841 τήν
2967 773 3295 849 ἀφθαρσίαν,
3340 782 3433 830 καί
3482 770 3780 829 δακτύλιον

347 868 638 942 sigillum,
672 882 1012 939 expressam
1050 864 1294 939 figuram
1348 863 1777 930 sanctimoniae,
1812 862 2008 934 gloriae

344 955 923 1031 signaculumﬁdele
953 956 1379 1011 documentum
1412 952 1735 1010 testimonii
1762 970 1775 1008 :
1810 952 2010 1021 Signa-

348 1047 429 1104 oit
457 1045 1016 1117 enim,inquit,quod
1038 1050 1185 1100 Deus
1202 1060 1373 1100 verax
1401 1048 1480 1099 est
1510 1042 2009 1114 (a).lnduitetiam

351 1135 602 1203 calceos,
636 1151 751 1190 non
794 1132 1235 1205 corruptibiles,
1266 1131 1468 1197 quales
1515 1148 1727 1187 exuere
1769 1132 2016 1202 jubetur

354 1224 693 1283 calcatur-us
712 1230 928 1281 terram
950 1230 1213 1280 sanctam
1235 1222 2017 1295 (b),prohibeturqueindue'

348 1331 411 1372 re
424 1314 525 1388 qui
540 1314 797 1371 mittitur
809 1315 881 1370 ad
898 1313 1336 1385 praedicandum
1354 1328 1600 1383 regnum
1617 1311 1898 1368 ccelorum
1919 1311 2011 1384 (e);

349 1400 452 1459 sed
485 1400 989 1472 incorruptibiles,
1038 1406 1328 1473 aptosque
1378 1401 1447 1455 ad
1501 1400 1919 1471 profectionem
1954 1399 2011 1454 in

350 1492 588 1557 coelum,
621 1494 678 1547 et
706 1491 979 1547 decentes
1028 1495 1204 1562 atque
1267 1488 1500 1545 caeleste
1552 1488 1663 1543 iter
1710 1493 2012 1565 ornantes,

352 1580 562 1654 quales
592 1596 899 1652 nunquam
932 1578 1115 1635 illotis
1146 1578 1916 1649 pedibusinducuntur,sed
1942 1578 2015 1632 iis

2118 856 2429 930 σήμαντρον
2485 856 2795 931 βασιλικὸν,
2826 860 2918 916 καὶ
2967 859 3205 939 σφαγῖδα
3255 863 3424 934 θείαν,
3479 860 3782 936 ἐκτύπωμα

2118 943 2476 1018 ἀγιάσματος,
2534 946 2925 1027 ἀποσφάγισμα
2999 948 3183 1022 δόξης,
3238 950 3500 1025 πίστωμα
3569 972 3780 1027 μαρτυ-

2119 1033 2237 1109 ρίας
2271 1053 2285 1067 ο
2342 1034 2665 1113 Ἐσφράγισε
2719 1040 2843 1113 γὰρ,
2902 1042 3093 1118 φησὶν,
3144 1039 3229 1095 ὅτι
3286 1041 3316 1095 6
3374 1042 3505 1104 Θεὸς
3563 1040 3784 1113 ἀληθής

2120 1121 2231 1177 ἐστι
2267 1142 2280 1156 ·
2315 1124 2404 1178 καὶ
2441 1123 2772 1199 ὑποδήματα
2823 1127 2885 1183 οὐ
2925 1130 3153 1208 φθαρτὰ,
3187 1128 3221 1185 ἃ
3266 1129 3641 1196 ὗπολύσασθαι
3693 1152 3784 1187 κε-

2122 1210 2336 1267 λεύεται
2383 1213 2410 1267 6
2456 1220 2558 1284 τῆς
2604 1216 2761 1291 ἁγίας
2809 1221 2916 1293 γῆς
2964 1213 3353 1289 ἐπιϐεϐηκὼς.,
3382 1220 3473 1275 καὶ
3517 1220 3603 1275 οἶα
3657 1221 3789 1275 ὑπο.

2123 1297 2365 1356 δεδέσθαι
2425 1301 2697 1360 κωλύεται
2756 1306 2785 1361 6
2838 1306 3126 1383 κηρύσσων
3179 1310 3279 1378 τήν
3347 1308 3627 1384 βασιλείαν
3679 1314 3791 1366 τῶν

2122 1390 2363 1466 οὐρανῶν
2424 1392 2855 1468 ἀπεσταλμένος,
2900 1393 3025 1452 ἀλλ’
3081 1392 3275 1469 ἀτριϐῆ
3332 1398 3423 1453 καὶ
3481 1397 3791 1475 εὐάρμοστα

2119 1483 2190 1553 τῇ
2220 1480 2358 1555 πρὸς
2390 1480 2617 1557 οὐρανὸν
2651 1478 2919 1553 διαϐάσει,
2949 1484 3194 1560 εὐπρεπῆ
3217 1506 3274 1541 τε
3322 1486 3413 1543 καὶ
3469 1493 3794 1562 κοσμοῦντα

2121 1569 2220 1638 τήν
2283 1568 2601 1646 ἐπουράνιον
2656 1573 2905 1648 πορείαν,
2938 1575 3026 1629 οἷα
3080 1578 3297 1650 μήποτε
3347 1574 3563 1633 ἅνιπτοι
3620 1575 3787 1643 πόδες

353 1684 505 1743 quos
557 1668 834 1741 magister
880 1675 1101 1740 noster,
1156 1669 1434 1724 Dominus
1473 1665 1678 1722 laverit
1709 1667 1806 1737 (4t).
1841 1668 2011 1723 Varia

2126 1655 2489 1729 ὑποδύωνται,
2524 1660 2654 1717 ἀλλ’
2682 1661 2776 1727 οὓς
2804 1662 2865 1718 ἂν
2898 1662 3025 1740 νίψῃ
3055 1667 3218 1738 ἡμῶν
3250 1668 3278 1721 6
3311 1663 3644 1729 διδάσκαλος
3692 1669 3786 1725 καὶ

353 1760 589 1831 quidem
624 1757 973 1830 suntimpizs
997 1759 1207 1813 anima:
1226 1756 1621 1813 calceamenta
1634 1755 1852 1827 quibus
1874 1755 2011 1827 liga-

2123 1747 2153 1801 6
2203 1748 2427 1822 Κύριος.
2481 1749 2675 1806 Πολλὰ
2733 1753 2830 1825 μὲν
2891 1751 2982 1808 οῦν
3032 1754 3100 1809 τὰ
3152 1761 3251 1824 τῆς
3302 1762 3547 1833 πονηρᾶς
3599 1759 3790 1833 ψυχῆς

349 1847 571 1905 turilla
587 1852 644 1905 et
665 1848 1096 1920 constringitur
1124 1866 1138 1916 ;
1164 1847 1537 1920 propriorum
1571 1844 1727 1901 enim
1754 1849 2011 1918 peccato-

2128 1834 2476 1911 ὑποδήματα,
2510 1842 2594 1905 οἷς
2640 1839 2941 1913 πεπέδηται
2989 1844 3079 1898 καὶ
3119 1842 3497 1924 συνέσφιγκται
3532 1865 3544 1878 ⁸
3576 1854 3788 1924 σειραῖς

354 1954 487 1994 rum
520 1937 715 2011 laquei
746 1937 1072 2011 quemlibet
1100 1934 1683 2007 constringunt.Ideo
1714 1934 2011 1991 Abraham

2121 1927 2224 2017 γὰρ
2270 1931 2377 1982 τῶν
2432 1926 2586 1984 ἰδίων
2639 1931 3050 2006 ἁμαρτημάτων
3087 1929 3312 1996 ἕκαστος
3344 1934 3653 2012 σφίγγεται.
3687 1935 3790 1991 Καὶ

353 2026 477 2101 regi
484 2029 648 2097 jurat
665 2024 1310 2097 Sodomorum,quod,A
1336 2024 1430 2095 filo
1458 2023 1827 2093 subtegminis
1848 2040 2011 2096 usque

2129 2013 2221 2071 διὰ
2264 2021 2426 2073 τοῦτο
2476 2017 2777 2092 ἐπόμνυται
2809 2017 3061 2095 Ἀϐραὰμ
3089 2023 3227 2099 πρὸς
3255 2024 3347 2079 τὸν
3401 2023 3629 2101 βασιλέα
3687 2032 3789 2081 Σο-

365 2116 438 2173 ad
464 2118 768 2188 corrigiam
797 2115 1164 2172 calceamenti
1190 2129 1299 2169 non
1345 2114 1616 2183 accipiam
1661 2128 1733 2168 ea:
1759 2113 2011 2168 omnibus

2128 2102 2315 2191 δόμων
2352 2125 2365 2139 ·
2417 2106 2488 2164 Εἴ
2542 2108 2649 2164 ἀπὸ
2707 2110 2970 2185 σπαρτίου
3037 2108 3144 2177 ἓως
3198 2121 3586 2191 σφαιρωτῆρος
3662 2115 3798 2171 ὐπο-

364 2221 486 2278 quae
515 2212 620 2262 tua
648 2213 778 2262 sunt
804 2205 1095 2276 (e).Quare
1123 2201 1380 2275 vulgatis
1411 2202 1531 2257 illis
1558 2204 1618 2257 et
1645 2201 1936 2272 corruptis
1958 2202 2011 2257 in

2129 2190 2374 2267 δήματος
2414 2194 2669 2271 λήψομαι
2726 2199 2833 2254 ἀπὸ
2889 2203 3107 2256 παντων
3156 2190 3269 2257 τῶν
3322 2206 3454 2261 σῶν.
3487 2206 3583 2259 Ὢν
3612 2200 3791 2261 ἕνεκεν

363 2299 520 2351 terra
547 2294 725 2350 vitam
748 2293 944 2350 omnis
968 2290 1263 2363 injustitia
1284 2289 1648 2362 avaritiaque
1670 2294 2011 2363 occupatam

2126 2283 2539 2357 κεκοινωμένων
2572 2287 2661 2342 καὶ
2693 2289 3017 2365 φυρομένων
3046 2287 3136 2345 ἐπὶ
3160 2297 3264 2365 γῆς
3295 2288 3479 2347 ἀδικία
3508 2299 3655 2348 πᾶσα
3701 2295 3790 2349 καὶ

361 2384 617 2452 tenet,ut
632 2387 1032 2453 perAmosum
1055 2378 1341 2435 Dominus
1360 2378 1633 2433 lsraelem
1666 2380 1862 2451 arguit
1880 2395 2014 2434 cum

363 2476 449 2533 ait
481 2492 495 2532 :
531 2475 705 2547 Super
732 2472 911 2528 tribus
941 2468 1242 2526 sceleribus
1272 2468 1448 2525 Israel
1490 2471 1543 2524 et
1586 2485 1756 2541 super
1784 2473 2021 2541 quatuor

362 2580 478 2621 non
506 2570 827 2622 convertam
855 2577 982 2617 eum
1012 2576 1024 2613 :
1057 2574 1160 2631 pro
1190 2574 1251 2614 eo
1283 2559 1438 2630 quod
1465 2558 1775 2614 vendiderit
1796 2574 1896 2631 pro
1924 2574 2016 2613 ar-

360 2661 521 2725 gento
540 2653 781 2727 juslum,
812 2655 863 2706 et
879 2664 1180 2723 pauperem
1203 2664 1305 2719 pro
1335 2645 1728 2705 calceamentis
1756 2662 2019 2721 quaecon-

362 2747 548 2803 terunt
572 2742 856 2817 pulverem
885 2743 1053 2797 terra?
1081 2737 1167 2811 (Ι).

432 2922 487 2978 2.
522 2922 658 2988 Quas
687 2935 821 2976 vero
845 2917 1021 2989 jubet
1049 2919 1216 2989 pater
1243 2914 1640 2972 calceamenta
1669 2917 1807 2973 dare
1832 2916 2017 2988 paeni-

360 3012 508 3070 tenti
539 3010 641 3083 qui
673 3009 745 3066 ad
778 3008 976 3081 ipsum
1009 3005 1350 3077 confugerat
1382 3004 1523 3073 filio,
1543 3022 1657 3061 non
1687 3005 2015 3077 impedien-

361 3103 450 3160 tia
476 3104 619 3158 sunt
646 3114 754 3155 nec
784 3097 842 3153 in
879 3100 1092 3153 terram
1107 3095 1390 3151 trahunt:
1421 3099 1772 3167 aggravetur
1802 3095 1957 3150 enim
1982 3113 2017 3152 a

355 3192 595 3250 terreno
624 3184 1609 3254 tabernaculomens,etmultarum
1642 3184 1813 3257 plena
1838 3190 1897 3240 ιιι
1918 3201 2014 3241 cu-

358 3298 562 3339 rarum
598 3296 613 3336 :
646 3278 745 3335 sed
777 3293 911 3333 vero
944 3274 1229 3333 sublimia
1248 3278 1305 3330 et
1334 3291 1573 3330 sursum
1607 3273 1934 3330 attollentia
1957 3279 2013 3330 et

356 3368 807 3429 transducentia
830 3366 886 3420 in
912 3363 1490 3435 cmlum,eujusmodi
1506 3363 1765 3434 gradu'et
1785 3363 2014 3419 vehicu-

356 3459 414 3517 lo
445 3459 672 3531 indiget
700 3455 801 3528 qui
839 3455 1065 3510 Patrem
1097 3452 1261 3509 adire
1309 3456 1499 3522 parat.
1534 3450 1827 3508 Omnibus
1856 3454 2012 3509 enim

355 3548 519 3606 hisce
540 3547 706 3620 prius
726 3544 1095 3601 extrinsecus
1127 3540 1373 3615 pulchre
1397 3541 1647 3613 pulcher
1675 3544 1920 3598 ornatus
1940 3544 2013 3598 ad

356 3638 693 3694 interiorem
706 3633 973 3689 laetitiam
992 3627 1719 3703 ingreditur.E/ferteenim
1737 3630 2015 3703 dixit,qui

359 3726 524 3800 prius
554 3725 803 3792 dixerat,
833 3722 1031 3777 Procul
1061 3721 1246 3776 adhuc
1275 3719 1396 3790 ﬁlio
1425 3719 1646 3776 absente
1667 3721 1740 3775 ad
1773 3738 1898 3776 eum
1929 3738 2015 3777 uc-

358 3816 618 3885 curril,et
638 3813 843 3873 collum
876 3812 994 3880 eius
1019 3814 1102 3867 est
1132 3808 1587 3880 amplexulelic
1608 3811 1765 3866 enim
1789 3815 2018 3883 oportet

362 3902 847 3978 praparationem
872 3916 1106 3955 omnem
1128 3900 1198 3955 ad
1235 3900 1569 3971 ingressum
1587 3902 1644 3954 in
1672 3900 2013 3971 nuptias,ad

360 3987 2015 4067 quasvocatisumus,perflci.Quisquisigiturparatusin-

358 4080 1033 4156 gredietur,dicet:Hocce
1044 4078 1312 4148 gaudium
1325 4093 1505 4133 meum
1511 4080 1818 4149 perfectum
1831 4085 1908 4133 est
1916 4078 2014 4149 (θ).

357 4172 570 4228 Foedus
601 4174 797 4226 autem
833 4183 899 4224 ac
922 4166 1205 4223 deformis
1231 4165 1431 4222 audiet
1463 4182 1475 4222 :
1511 4165 1717 4232 Amice,
1750 4166 2014 4237 quomodo

357 4262 463 4317 huc
480 4260 844 4327 intrasti,non
864 4258 1072 4313 habent
1086 4260 1291 4312 vestem
1303 4255 1609 4326 nuptialem
1627 4256 1705 4326 (ἡ)
1728 4254 1755 4309 ?
1771 4255 2014 4328 Pinguis

354 4352 523 4407 cibus
551 4356 643 4405 est
670 4352 728 4404 et
748 4346 1332 4417 lautus,deliciaaque
1364 4346 1673 4401 beatorum
1710 4361 1935 4417 magna;
1957 4351 2015 4402 et

354 4439 724 4496 abundantes
758 4453 771 4491 :
801 4435 1023 4491 vitulus
1055 4434 1363 4507 saginatus
1397 4437 1711 4502 mactatur,
1743 4434 1842 4505 qui
1871 4433 2012 4490 alibi

354 4544 547 4600 agnus
593 4525 830 4591 dicitur,
883 4540 999 4580 non
1048 4522 1418 4593 simpliciter,
1472 4538 1543 4578 ne
1597 4523 1734 4593 quis
1767 4538 2009 4593 parvum

2128 2372 2411 2445 πλεονεξία
2440 2375 2661 2451 κατέχει
2689 2376 2781 2432 τὸν
2817 2377 2964 2452 βίον
3003 2379 3079 2442 ὡς
3111 2375 3200 2434 διὰ
3224 2385 3322 2435 τοῦ
3354 2382 3540 2455 Ἀμὼς
3570 2380 3794 2461 ἰλέγχει

2125 2461 2216 2517 τὸν
2244 2461 2457 2539 Ἰσραή)
2499 2466 2527 2519 6
2580 2465 2781 2530 Κύριος
2824 2466 3002 2541 λέγων
3040 2487 3053 2501 ·
3084 2470 3209 2525 Ἐπί
3267 2474 3388 2534 ταῖς
3438 2471 3614 2545 τρισὶν
3665 2471 3791 2528 ἀσι-

2128 2545 2301 2614 6είαις
2329 2552 2548 2629 Ἰσραήλ
2585 2554 2674 2609 καὶ
2709 2554 2795 2610 ἐπὶ
2827 2561 2946 2618 ταῖς
2975 2558 3258 2632 τέσσαρσιν
3301 2557 3401 2614 οὐκ
3430 2559 3788 2638 ἀποστραφή-

2127 2661 2295 2713 σομαι
2343 2641 2525 2716 αὐτὸν,
2558 2644 2673 2709 ἀνθ’
2702 2645 2776 2699 ὧν
2829 2643 3091 2702 ἀπέδοντο
3145 2646 3406 2725 ἀργυρίου
3438 2646 3666 2724 δίκαιον,
3697 2652 3786 2707 καὶ

2125 2729 2333 2802 πένητα
2362 2728 2540 2789 ἕνεκεν
2567 2731 2958 2809 ὑποδημάτων,
2990 2736 3058 2792 τὰ
3085 2741 3359 2793 πατοῦντα
3407 2736 3495 2795 ἐπὶ
3526 2740 3619 2795 τὸν
3649 2745 3786 2818 χοῦν

2125 2826 2225 2891 τῆς
2255 2827 2380 2898 γῆς.

2195 2914 2249 2966 2.
2281 2917 2346 2966 *Δ
2388 2908 2446 2966 δὲ
2475 2910 2705 2985 ξκελεύει
2756 2914 2784 2969 6
2833 2915 3014 2988 πατὴρ
3070 2913 3402 2990 ὑποδήματα
3446 2917 3575 2981 τοὺς
3618 2920 3784 2997 θερά-
3882 2970 3885 2973 .

2124 3018 2324 3061 ποντας
2364 2998 2549 3055 δοῦναι
2593 3006 2669 3074 τῷ
2700 3005 3090 3075 μετανοήσαντι
3120 3006 3210 3060 καὶ
3260 3004 3629 3086 προσφυγόντι
3660 3010 3791 3083 υἱῷ,

2126 3091 2227 3145 οὐκ
2283 3089 2514 3147 ἐπίπεδα
2561 3091 2692 3167 οὖγὶ
2737 3090 2971 3150 ἕλκοντα
3022 3095 3099 3159 εἷς
3142 3097 3241 3165 τὴν
3284 3103 3386 3175 γῆν
3420 3098 3623 3175 (βρίθει
3681 3100 3787 3177 γὰρ

2123 3180 2185 3235 τὸ
2210 3178 2410 3257 γεῶδες
2445 3185 2644 3247 σκῇνος
2673 3186 2797 3237 νοῦν
2831 3182 3298 3262 πολυφρόντιδα)·
3333 3184 3481 3243 ἀλλὰ
3541 3189 3793 3265 μετέωρα

2124 3270 2214 3323 καὶ
2262 3270 2517 3347 ἀνώφορα
2542 3273 2619 3344 (6)
2649 3272 2739 3326 καὶ
2799 3269 3273 3347 διαπορθμεύοντα
3329 3276 3469 3351 πρὸς
3526 3276 3788 3350 οὐρανὸν,

2126 3355 2242 3421 ο⁰ίας
2274 3354 2570 3432 ἐπιϐάθρας
2600 3361 2691 3415 καὶ
2727 3360 3019 3436 ὀχήματος
3069 3360 3240 3419 δεῖται
3287 3366 3317 3419 6
3347 3365 3490 3440 πρὸς
3539 3366 3634 3421 τὸν
3678 3369 3793 3423 Πα-

2120 3447 2249 3533 τέρα
2278 3451 2651 3523 ποιησάμενος
2683 3447 2922 3515 ἔνδοθεν.
2959 3458 3095 3507 Πᾶσι
3125 3453 3229 3529 γὰρ
3266 3453 3488 3518 τούτοις
3517 3455 3790 3533 πρότερον

2121 3530 2223 3609 ἔξω
2272 3535 2440 3602 καλὸς
2499 3536 2687 3603 καλῶς
2740 3542 3182 3615 κεκοσμημένος,
3214 3541 3303 3599 ἐπὶ
3349 3545 3451 3614 τὴν
3504 3530 3657 3601 ἔνδον
3695 3530 3793 3601 *εὐ-

2121 3626 2395 3705 φροσύνην
2455 3626 2758 3707 εἰσέρχεται
2790 3650 2805 3664 ’
2860 3631 3194 3709 Ἐξενέγκατε
3252 3635 3357 3710 γὰρ
3418 3635 3536 3691 εἶπε
3592 3657 3787 3711 προσι-

2120 3716 2237 3772 πὼν
2284 3716 2369 3791 τὸ,
2419 3719 2538 3775 Ἔτι
2590 3716 2649 3775 δὲ
2708 3720 2874 3775 αὐτοῦ
2920 3719 3227 3798 ἀπέχοντος
3271 3723 3505 3798 μακρὰν,
3557 3722 3787 3800 δραμὼν

2122 3804 2305 3862 ἔπεσεν
2354 3806 2442 3862 ἐπὶ
2488 3808 2579 3863 τὸν
2627 3807 2915 3884 τράχηλον
2949 3828 2963 3844 ⁸
3008 3809 3244 3866 ἐντεῦθεν
3296 3811 3400 3886 γὰρ
3433 3809 3518 3868 δεῖ
3545 3814 3646 3882 τήν
3678 3834 3787 3869 πα-

2120 3898 2385 3972 ρασκευὴν
2412 3902 2583 3953 πᾶσαν
2610 3906 2712 3969 τῆς
2742 3898 2819 3962 εἷς
2846 3898 2981 3962 τοὺς
3010 3901 3219 3975 γάμους
3240 3902 3318 3964 εἱς
3342 3899 3434 3965 οὓς
3463 3900 3675 3975 ἐκλήθη
3686 3926 3787 3978 μεν

2120 3984 2339 4042 εἰσόδου
2367 3990 2748 4063 κατηρτίσθαι.
2783 3990 2841 4043 Ὀ
2885 3989 2981 4063 μὶν
3015 3987 3107 4044 οὖν
3137 3988 3363 4066 ἕτοιμος
3389 3992 3637 4069 γεγονὼς
3668 3993 3787 4050 εἷσ-

2120 4074 2319 4148 ελΘεῖν,
2370 4075 2528 4148 ἐρεῖ·
2566 4077 2710 4148 Αὕτη
2770 4080 2806 4148 ή
2857 4078 3005 4154 χαρὰ
3054 4081 3089 4150 ή
3141 4078 3248 4153 ἐμή
3306 4080 3720 4156 πεπλήρωται·
3759 4085 3789 4139 6

2120 4162 2179 4220 δὲ
2208 4164 2458 4235 ἀκαλλής
2488 4166 2578 4222 καὶ
2608 4164 2860 4236 δυσειδής
2890 4168 3177 4224 ἀκούσεται
3211 4189 3224 4203 ο
3257 4171 3492 4248 Ἑταῖρε,
3525 4176 3643 4234 πῶς
3674 4171 3789 4230 ὧδε

2120 4253 2373 4322 εἰσῆλθες
2432 4257 2509 4329 μή
2566 4253 2711 4332 ἔχων
2771 4254 2978 4331 ἔνδυμα
3035 4260 3260 4333 γάμου;
3302 4261 3365 4317 Ἡ
3402 4257 3459 4315 δὶ
3506 4261 3645 4317 πίων
3688 4263 3786 4319 καὶ

2119 4342 2328 4419 λιπαρὰ
2354 4345 2558 4420 τροφὴ,
2590 4345 2680 4400 καὶ
2708 4347 2886 4423 τρυφή
2916 4350 3026 4402 τῶν
3061 4350 3343 4424 μακαρίων
3384 4351 3419 4420 ἡ
3452 4348 3788 4429 ἀμφιλαφὴς

2117 4434 2206 4489 καὶ
2242 4431 2493 4507 διαρκὴς,
2528 4435 2555 4489 ὁ
2593 4434 2805 4510 μόσχος
2836 4436 2865 4489 ὁ
2898 4436 3138 4497 σιτευτὸς
3170 4437 3374 4508 Θύεται,
3408 4438 3437 4493 6
3475 4439 3566 4493 καὶ
3614 4439 3784 4496 πάλιν

2119 4524 2292 4595 ἀμνὸς
2350 4520 2665 4599 λεγόμενος,
2723 4523 2824 4579 οὐκ
2880 4524 3097 4592 ἁπλῶς,
3151 4524 3360 4600 ἵναμή
3435 4548 3520 4592 τις
3587 4531 3785 4605 μικρὸν

354 4616 590 4688 cogitet.
624 4614 726 4672 sed
759 4629 1032 4686 magnus,
1078 4613 1198 4669 imo
1251 4612 1569 4667 maximus.
1620 4611 1822 4683 Neque
1851 4614 2008 4668 enim

2121 4607 2397 4688 ὑπολάϐῃ,
2433 4612 2560 4669 ἀλλ’
2593 4614 2620 4668 6
2657 4612 2824 4688 μέγας
2853 4614 2944 4669 καὶ
2994 4612 3274 4690 μέγιστος.
3309 4615 3386 4673 Οὐ
3438 4618 3635 4694 μικρὸς
3678 4618 3784 4696 γὰρ

351 4723 568 4781 parvus
599 4704 698 4777 qui
730 4702 832 4760 Dei
865 4718 1053 4776 agnus
1084 4705 1194 4774 est,
1228 4703 1327 4772 qui
1356 4702 1498 4756 tollit
1528 4706 1806 4764 peccatum
1838 4718 2003 4758 mun-

2121 4702 2146 4756 6
2220 4706 2318 4757 τοῦ
2385 4706 2518 4758 Θεοῦ
2592 4703 2783 4776 ἀμνὸς,
2837 4704 2865 4758 6
2941 4701 3108 4778 a'lpmv
3164 4705 3265 4774 τήν
3343 4691 3609 4782 ἁμαρτίαν
3678 4691 3779 4764 τοῦ

351 4795 414 4853 di
441 4793 653 4867 (i);qoi
680 4798 744 4850 ut
762 4790 887 4848 ovis
910 4792 981 4847 ad
1007 4789 1423 4845 mactationem
1454 4791 1669 4845 ductus
1700 4800 1819 4857 est;
1846 4791 2007 4847 victi-

355 4904 453 4945 ma
484 4885 1014 4953 medullosa,cujus
1044 4882 1241 4939 omnis
1272 4882 1453 4954 adeps
1482 4883 1729 4938 Domino
1758 4883 2007 4939 debetur

352 4977 676 5034 secundum
691 4977 958 5031 sanctam
974 4970 1161 5043 legem
1178 4969 1442 5041 (k);totus
1454 4969 1609 5027 enim
1626 4978 2001 5029 consecratus

351 5084 419 5124 ac
449 5067 694 5123 devotus
726 5060 973 5119 Domino
1004 5064 1130 5127 est;
1163 5058 1245 5115 ita
1277 5060 1423 5115 bene
1455 5058 1609 5116 altus
1649 5067 1708 5117 et
1737 5062 1999 5134 grandis,

346 5163 414 5215 ut
444 5158 503 5211 in
535 5155 733 5212 omnia
755 5151 1053 5225 pertingat
1080 5165 1147 5205 ac
1176 5149 1877 5222 sufﬁciat,vescentesque
1899 5151 1999 5207 illo

345 5264 414 5304 ac
440 5248 700 5303 fruentes
730 5244 959 5300 saturet
990 5255 1004 5293 :
1039 5254 1173 5293 caro
1204 5240 1362 5294 enim
1395 5245 1487 5294 est
1525 5240 1718 5311 panis,
1751 5245 1808 5295 et
1840 5247 1996 5295 utra.

344 5352 458 5408 que
482 5350 616 5390 cum
647 5332 746 5396 sit,
777 5328 1210 5386 comedendum
1245 5344 1309 5384 se
1342 5329 1514 5383 nobis
1546 5328 1783 5400 praebet.
1818 5331 1996 5385 Acceo

343 5424 622 5483 dentibus
654 5422 839 5495 igitur
869 5417 1008 5475 ﬁliis
1043 5420 1216 5474 Pater
1242 5417 1495 5473 vitulum
1530 5417 1755 5489 dat,qui
1783 5422 1997 5474 macta-

416 5603 487 5657 (al
517 5600 685 5651 Joan.
720 5608 805 5655 in,
834 5591 923 5647 33.

2114 4790 2347 4864 κόσμου,
2378 4793 2405 4846 6
2466 4791 2542 4853 ὡς
2591 4786 2866 4865 πρόϐατον
2916 4791 3005 4847 ἐπὶ
3051 4795 3264 4870 σφαγήν
3294 4795 3506 4871 ἀχθεὶς,
3539 4797 3602 4853 τὸ
3634 4801 3785 4871 θῦμα

2114 4880 2175 4935 τὸ
2210 4878 2666 4955 μεμυελωμένον,
2707 4882 2767 4936 οὗ
2799 4883 2935 4937 κατά
2963 4883 3054 4938 τὸν
3089 4884 3233 4959 ἱερὸν
3266 4885 3435 4958 νόμον
3481 4892 3585 4942 πᾶν
3619 4887 3782 4963 στέαρ

2111 4975 2190 5042 τῷ
2226 4970 2439 5047 Κυρίῳ·
2478 4976 2585 5035 πᾶς
2630 4970 2732 5047 γὰρ
2763 4971 2791 5026 6
2823 4971 3175 5045 ἀνακείμενος
3222 4974 3312 5030 καὶ
3367 4974 3785 5051 ἀνατεθειμένος

2111 5064 2188 5131 τῷ
2248 5057 2470 5134 Κυρίῳο
2507 5059 2682 5122 οὕτως
2733 5059 3005 5139 εὐτραφὴς
3060 5061 3149 5116 καὶ
3201 5062 3670 5138 ὑπερηυξημένος,
3704 5066 3782 5130 ὡς

2110 5147 2186 5211 εἲς
2243 5149 2416 5204 πάντα
2470 5155 2725 5225 χωρῆσαι
2782 5150 2874 5204 καὶ
2931 5147 3286 5221 ἀναδοθῆναι,
3331 5152 3422 5208 καὶ
3479 5152 3781 5228 πληρῶσαι

2106 5238 2233 5299 τοὺς
2267 5236 2542 5303 ἐσθίοντας
2574 5238 2758 5307 αὐτὸν,
2786 5239 2876 5294 καὶ
2906 5238 3035 5303 τοὺς
3069 5240 3524 5318 ἐμφορουμένους
3555 5245 3727 5300 αὐτοῦ
3765 5266 3779 5280 ·

2107 5329 2137 5383 6
2168 5328 2260 5383 καὶ
2313 5328 2442 5403 σὰρξ
2473 5328 2566 5383 καὶ
2612 5328 2776 5402 ἄρτος
2820 5326 2919 5397 ὣν,
2950 5329 3042 5385 καὶ
3090 5329 3374 5408 ἀμφότερα
3411 5333 3598 5388 ἑαυτὸν
3649 5330 3780 5390 ὄντα

2106 5414 2294 5480 διδοὺς
2328 5420 2469 5491 ἡμῖν
2502 5422 2715 5496 φαγεῖν.
2746 5422 2874 5483 Τοῖς
2905 5418 3000 5492 μὲν
3045 5419 3139 5475 οὗν
3185 5424 3509 5497 προσιοῦσιν
3566 5425 3710 5489 υἱοῖς
3752 5425 3781 5479 6

1001 5588 1292 5669 (ῥλεκρὰ.
1328 5606 1413 5658 ιιι,
1445 5590 1521 5669 5_._
1581 5587 1890 5669 (c)__M.atth.
1922 5590 2099 5669 xuii).
2172 5590 2251 5669 (dt
2275 5594 2453 5669 _Joa_n.
2481 5606 2604 5653 xm,
2624 5592 2691 5669 ‘8‘.
2770 5590 2842 5665 (e)
2873 5590 3016 5650 Gen.
3048 5593 3260 5662 x1v,23.
3336 5594 3405 5668 (Ι)
3437 5597 3616 5653 Amos
3645 5597 3772 5669 11,6.

343 5667 419 5740 (q)
448 5673 618 5723 Joan.
653 5680 742 5729 ιιι.
769 5663 861 5718 29.
938 5659 1018 5732 (hi
1047 5659 1255 5718 Matth.
1285 5677 1424 5729 xm,
1456 5659 1546 5716 l2.
1621 5659 1691 5731 (ι’)
1717 5659 1888 5718 Joan.
1923 5659 2011 5731 με

2162 5659 2239 5735 (lc)
2273 5662 2452 5719 Levit.
2493 5679 2580 5733 ιιι,
2616 5663 2702 5720 16.

420 5808 498 5879 (6)
528 5805 630 5863 Καὶ
663 5802 939 5876 ἀνώφορα.
975 5803 1108 5859 Hac
1141 5803 1293 5859 male
1322 5803 1683 5860 omittuntur
1712 5804 1772 5859 in
1804 5802 2011 5860 edition

2121 5804 2449 5862 'abriciana.
