4124 6452
403 515 508 570 761

1894 520 2365 577 FRAGMENTA.

3733 523 3842 579 762

405 639 598 713 Πατὴρ
627 637 723 694 τὸν
773 637 988 716 μόσχον
1020 636 1234 713 δίδωσι,
1266 640 1356 697 καὶ
1390 641 1594 713 θύεται,
1645 644 1737 700 καὶ
1780 645 2046 720 τρώγεται

2156 646 2283 708 tur
2310 645 2370 699 et
2398 642 2748 698 comeditur.
2787 640 2912 698 Non
2960 641 3338 699 accedentem
3394 647 3593 703 autem
3643 663 3846 720 perse-

401 726 533 791 τοὺς
567 725 627 783 δὲ
660 729 739 801 μή
785 728 1114 804 προσιόντας
1162 728 1352 786 διώκει
1398 733 1488 787 καὶ
1538 731 1929 809 ἀποκηρύττει,
1979 729 2070 786 καὶ

400 817 796 889 ἀλκιμώτατος
824 822 1027 891 ταῦρος
1060 818 1383 892 εὑρίσκεται·
1436 818 1525 875 διὰ
1573 823 1676 897 γὰρ
1730 824 1793 877 τὸ
1839 821 2069 896 μέγεθος

400 907 489 962 καὶ
522 908 625 976 τὴν
679 903 927 981 ἀνδρείαν
978 905 1234 963 λέλεκται
1280 912 1405 984 περὶ
1447 909 1613 966 αὐτοῦ
1660 917 1743 973 Ὠς
1796 908 1926 982 δόξα
1967 928 2068 980 μο-

399 996 708 1069 νοκέρωτος
766 994 913 1068 αὐτῷ
945 1038 959 1054 .
1020 997 1153 1072 Ὁρᾷ
1205 995 1263 1053 δὲ
1315 997 1473 1054 αὐτὸν
1540 1000 1633 1055 καὶ
1685 1001 1713 1054 6
1774 1000 2066 1075 προφήτης

400 1077 719 1139 ’Δϐϐακοὺκ
763 1089 925 1159 κέρας
958 1089 1255 1162 φοροῦντα,
1309 1087 1400 1142 καὶ
1429 1086 1522 1143 τὸν
1580 1088 1917 1163 ἀμυντήριον
1950 1085 2067 1159 ᾅδει

397 1172 629 1247 τρόπον·
668 1173 876 1246 Κέρατα
932 1172 986 1229 ἐν
1048 1176 1236 1250 χερσὶν
1292 1175 1480 1234 αὐτοῦ.
1537 1178 1637 1233 Διά
1680 1181 1841 1233 τοῦτο
1872 1175 1962 1232 καὶ
2003 1177 2065 1231 τὸ

399 1266 633 1335 σημεῖον
695 1259 961 1317 δείκνυσιν
1024 1263 1188 1319 αὐτοῦ
1216 1266 1318 1334 τὴν
1367 1262 1594 1339 δύναμιν
1639 1265 1730 1321 καὶ
1781 1267 1880 1336 τὴν
1916 1264 2063 1336 ἐξου-

401 1350 543 1422 σίαν,
622 1350 955 1427 ἑκατέρωθεν
1029 1353 1243 1426 μᾶλλον
1311 1350 1368 1409 δὲ
1423 1355 1763 1431 πανταχόθεν
1824 1356 1911 1410 καὶ
1976 1352 2065 1410 διὰ

396 1441 616 1496 πάντων
660 1436 925 1512 διήκοντα
969 1441 1037 1497 τὰ
1083 1443 1297 1517 κέρατα.
1356 1442 1815 1519 Ἐνδυναμοῦνται
1862 1442 1921 1500 δὲ
1970 1440 2061 1498 οὕ-

392 1550 504 1593 τως
533 1530 586 1584 o't
617 1527 908 1601 ἐσθίοντες,
938 1533 1030 1586 καὶ
1059 1531 1327 1603 τοσαύτην
1362 1532 1521 1608 ἰσχὺν
1569 1533 1630 1589 ἐκ
1672 1541 1774 1605 τῆς
1822 1540 2058 1604 ζωτικῆς

392 1616 449 1675 ἐν
480 1620 697 1681 ἑαυτοῖς
730 1617 985 1696 ἰσχύουσι
1010 1624 1242 1699 τροφῆς,
1278 1620 1406 1677 ὥστ’
1455 1623 1610 1678 αὐτοὶ
1659 1622 1750 1678 καὶ
1797 1624 1914 1678 κατ’
1962 1621 2060 1699 ἐχ·

393 1713 537 1785 θρῶν
570 1710 703 1764 εἶναι
738 1711 992 1786 καρτεροὶ
1040 1712 1131 1767 καὶ
1184 1714 1486 1788 μονονοοχί
1517 1718 1613 1769 τοῦ
1641 1714 1843 1788 ταύρου
1892 1712 2056 1789 κέρα-

391 1820 472 1854 σιν
505 1798 877 1873 ὠπλισμένοι.
909 1801 998 1863 Ὧς
1034 1798 1202 1878 λέγει.
1238 1803 1326 1859 Ἐν
1346 1802 1434 1858 σοὶ
1466 1802 1593 1867 τοὺς
1628 1802 1861 1880 ἐχθροὺς
1892 1806 2052 1876 ἡμῶν

389 1893 777 1963 κερατιοῦμεν.

2184 731 2383 803 quitur
2413 731 2740 803 rejicitque,
2764 736 2821 787 et
2851 730 3305 788 robustissimus
3355 736 3565 791 taurus
3614 737 3839 809 reperi-

2181 824 2299 875 tur.
2348 826 2589 892 Propter
2634 820 3102 893 magnitudinem
3145 821 3304 878 enim
3355 839 3422 878 ac
3473 825 3656 880 robur
3713 827 3836 884 dic-

2177 913 2304 964 tum
2339 912 2410 965 de
2440 926 2528 979 eo,
2561 910 2716 982 quod
2753 909 2941 981 gloria
2987 914 3106 982 ejus
3153 910 3230 966 sit
3268 911 3414 968 velut
3452 913 3827 988 unicoris(a).

2177 996 2322 1054 Nam
2372 1006 2429 1054 et
2479 999 2766 1071 propheta
2815 998 3089 1055 Habacuc
3134 1016 3271 1056 eum
3321 1017 3505 1057 cornu
3541 1002 3826 1061 ferentem

2177 1087 2489 1160 conspicit,
2549 1094 2607 1143 et
2660 1087 2929 1143 vindictas
2987 1088 3117 1159 ejus
3176 1088 3418 1145 modum
3478 1090 3826 1164 decantans,

2177 1174 2672 1250 Camua,‘inquit,
2706 1179 2767 1233 in
2794 1177 3065 1233 manibus
3114 1177 3233 1249 ejus
3263 1177 3359 1250 (ὸ).
3408 1182 3724 1251 Propterea
3770 1185 3828 1237 et

2174 1265 2284 1322 hoc
2316 1267 2554 1339 signum
2587 1267 2826 1322 denotat
2878 1268 3008 1338 ejus
3065 1267 3390 1339 potentiam
3449 1272 3507 1324 et
3562 1273 3823 1340 potesta-

2171 1359 2290 1410 tem
2328 1372 2340 1410 :
2369 1373 2592 1412 cornua
2620 1356 2777 1411 enim
2813 1355 3111 1429 utrinque,
3134 1354 3221 1412 vel
3252 1356 3450 1429 potius
3482 1372 3820 1429 usquequa-

2173 1461 2287 1516 que
2319 1446 2555 1500 leriun’t.
2589 1445 2693 1509 Qui
2740 1461 2877 1502 vero
2926 1444 3263 1513 comedunt,
3309 1444 3395 1502 ita
3441 1447 3822 1504 corroboran-

2170 1538 2288 1599 tur,
2322 1540 2379 1589 et
2408 1541 2606 1591 tantas
2640 1534 2787 1591 vires
2819 1551 2884 1590 ex
2919 1534 3148 1590 vivifico
3200 1533 3298 1589 illo
3348 1534 3478 1590 cibo
3511 1535 3567 1590 in
3610 1551 3673 1591 se
3720 1552 3821 1592 ca-

2171 1623 2361 1695 piunt,
2395 1629 2457 1680 ut
2487 1630 2543 1680 et
2573 1632 2775 1681 contra
2809 1623 3082 1680 inimicos
3113 1624 3235 1679 sint
3266 1622 3441 1679 validi
3480 1628 3539 1681 et
3586 1630 3817 1681 tantum

2170 1729 2285 1769 non
2318 1718 2626 1769 taurorum
2662 1713 2873 1769 armati
2929 1712 3228 1769 cornibus.
3284 1711 3445 1769 Unde
3494 1714 3719 1770 aitzln
3765 1719 3819 1771 te

2166 1801 2423 1859 inimicos
2451 1812 2663 1859 nostra:
2692 1801 3084 1859 ventilabimus
3113 1817 3288 1858 cornu
3319 1801 3419 1873 (ὁ).
3556 1798 3563 1804 ’

464 1981 518 2036 3.
554 1977 877 2057 Εὐφροσύνη
907 1978 1003 2082 καὶ
1038 1977 1277 2054 συνῳδία
1323 1983 1413 2037 καὶ
1464 1983 1650 2058 χοροί·
1705 1981 1801 2038 κᾶν
1835 1983 1863 2037 6
1896 2003 2047 2058 πρεσ-

2235 1980 2389 2037 818
2428 1981 2482 2037 3.
2543 1979 2768 2037 Laetitia
2821 1978 2957 2036 hinc
3014 1985 3072 2035 et
3127 1982 3447 2036 concentus
3504 1979 3815 2054 chorique,

394 2062 645 2145 ϐύτερος,
676 2069 705 2124 ὁ
761 2066 1033 2146 πάρεδρος
1090 2070 1172 2124 ἀεὶ
1220 2071 1312 2126 καὶ
1367 2073 1698 2141 καταπειθὴς
1749 2073 1831 2145 τῷ
1887 2073 2047 2147 πατρῖ

2164 2087 2314 2142 aegre
2347 2071 2567 2127 ferente
2612 2070 2743 2126 licet
2795 2071 2973 2126 fratre
3022 2069 3245 2141 majore
3295 2073 3458 2135 natu,
3508 2069 3610 2142 qui
3658 2070 3811 2141 patri

403 2154 683 2235 δυσχερῶς
742 2158 917 2235 φέρει,
975 2156 1255 2232 μηδέποτε
1315 2161 1410 2235 μὶν
1468 2161 1634 2224 αὐτὸς
1692 2161 1744 2216 ἐν
1801 2160 2052 2236 (ἀσωτίᾳ)

406 2243 551 2318 μηδὲ
615 2246 665 2301 ἐν
716 2243 967 2323 διαχύσει
1043 2249 1334 2323 γινόμενος
1366 2293 1379 2318 ,
1453 2249 1931 2326 μεμακαρισμένον
1992 2248 2050 2306 δὲ

401 2335 543 2410 ὁρῶν
598 2335 686 2391 τὸν
734 2334 1150 2410 ἐνδεδικημένον
1178 2381 1191 2396 .
1252 2339 1567 2416 Παρακαλεῖ
1623 2338 1714 2395 οὖν
1772 2344 1968 2395 τοῦτον
2019 2341 2046 2396 ὁ

392 2425 593 2500 πατὴρ,
652 2423 853 2501 λέγων’
916 2427 1143 2497 Τέκτον,
1206 2427 1269 2483 σὺ
1322 2428 1554 2485 πάντοτε
1617 2431 1732 2503 μετ’
1781 2428 1918 2502 ἐμοῦ
1976 2428 2043 2485 εἶ.

382 2513 488 2571 Καὶ
538 2514 620 2577 τίς
656 2515 859 2588 μείζων
898 2516 1202 2594 εὐφροσύνη
1254 2519 1345 2573 καὶ
1393 2519 1554 2595 ἑορτή
1601 2519 1690 2575 καὶ
1742 2521 2047 2595 πανήγυρις

373 2607 473 2657 τοῦ
505 2600 802 2667 διαπαντὸς
858 2611 1095 2661 συνεῖναι
1147 2605 1239 2661 καὶ
1271 2607 1597 2686 παρεστάναι
1655 2609 1745 2663 καὶ
1793 2607 2042 2683 λειτουρ-

373 2696 490 2768 γεῖν
520 2697 602 2766 τῷ
651 2699 811 2766 Scip;
863 2695 968 2751 Καὶ
1025 2697 1201 2751 πάντα
1255 2696 1323 2751 τὰ
1370 2696 1476 2771 ἐμὰ
1532 2697 1597 2752 σά
1652 2696 1787 2767 ἐστι,
1848 2698 2042 2755 Μακά-

373 2801 497 2859 ριος
531 2778 590 2837 δὲ
623 2783 651 2837 ὀ
677 2782 1036 2858 κληρονόμος
1068 2788 1165 2840 τοῦ
1195 2789 1351 2855 Θεοῦ,
1385 2785 1431 2859 ᾧ
1480 2788 1664 2863 πατὴρ
1696 2786 1980 2859 ἐκτήσατοο
2011 2789 2041 2844 6

374 2871 587 2940 πιστὸς,
639 2872 701 2927 οὗ
733 2877 836 2936 πᾶς
886 2872 1028 2929 ἐστιν
1064 2875 1092 2929 6
1140 2875 1351 2949 κόσμος
1393 2879 1502 2930 τῶν
1556 2876 1880 2952 χρημάτων.
1934 2878 2038 2934 Εὗ-

375 2968 685 3039 φρανθῆναι
767 2958 826 3017 δὶ
888 2961 981 3018 καί
1043 2967 1283 3040 χαρῆναι
1352 2958 1484 3037 ἔδει,
1557 2966 1640 3021 ὅτι
1718 2966 1745 3020 ὁ
1803 2964 2039 3045 ἀδελφός

377 3072 480 3106 σου
560 3049 721 3114 οὗτος
770 3052 961 3127 νεκρὸς
1019 3052 1128 3124 ἦν,
1189 3051 1281 3108 καί
1333 3053 1586 3126 ἀνέζησε.
1651 3057 1868 3130 Χρηστὲ
1925 3058 2036 3112 Πά-

373 3159 494 3214 τερ,
530 3140 558 3195 ὁ
611 3144 902 3215 ζωογονῶν
962 3142 1029 3196 τὰ
1072 3141 1270 3212 πάντα,
1302 3143 1330 3197 6
1362 3141 1584 3219 ἐγείρων
1615 3145 1745 3208 τοὺς
1777 3145 1997 3220 νεκρούς
2023 3146 2035 3203 l

372 3229 480 3286 Καὶ
539 3228 854 3293 ἀπολωλὼς
912 3230 1019 3302 ἦν,
1082 3231 1172 3286 καὶ
1231 3231 1462 3309 εὑρέθη.
1525 3233 1805 3311 Μακάριος
1862 3233 1920 3290 δὲ
1976 3236 2034 3290 ὅν

367 3312 621 3389 ἐξελέξω,
707 3318 800 3373 καὶ
877 3316 1250 3395 προσελάϐου,
1336 3322 1426 3376 καὶ
1502 3322 1559 3377 ὃν
1639 3325 1878 3394 ζητήσας
1948 3323 2033 3380 εὖ·

367 3405 584 3483 ρίσκεις
621 3453 634 3467 .
680 3407 956 3486 Μακάριοι
1023 3410 1096 3464 ὧν
1172 3409 1447 3488 ἀφέθησαν
1507 3412 1562 3466 αἱ
1621 3412 1893 3486 ἀνομίαι,
1951 3415 2041 3470 καὶ

371 3494 451 3551 ὧν
531 3496 985 3576 ἐπεκαλύφθησαν
1065 3500 1122 3554 αἱ
1197 3498 1480 3575 ἁμαρτίαι.
1558 3501 1736 3559 Ἀλλὰ
1806 3503 1869 3558 τὸ
1945 3504 2041 3578 μὲν

374 3592 661 3659 μετανοεῖν
694 3586 745 3661 ἐξ
788 3587 1200 3663 ἁμαρτημάτων
1252 3590 1613 3664 ἀνθρώπινονο
1661 3592 1752 3647 καὶ
1806 3592 2040 3668 γινέσθω

365 3679 535 3731 τοῦτο
591 3677 709 3750 μεθ’
751 3676 1102 3757 ὑποστροφῆς
1157 3678 1415 3755 ἀσχέτου·
1476 3681 1504 3735 6
1547 3681 1650 3757 γὰρ
1704 3683 1799 3754 μή-
1845 3681 2036 3755 οὕτως,

370 3763 826 3837 ὀνειδισθήσεται,
886 3765 969 3822 ὅτι
1023 3768 1098 3842 μὴ
1159 3765 1210 3839 ἐξ
1270 3766 1409 3840 ὅλης
1467 3767 1714 3845 καρδίας,
1769 3770 1894 3828 ἀλλ’
1950 3771 2038 3828 ἐπὶ

364 3851 609 3911 σπεύδει.
662 3854 762 3910 Καὶ
804 3856 867 3911 τὸ
913 3861 1242 3935 καταφυγεῖν
1290 3856 1379 3913 ἐπὶ
1423 3856 1516 3913 τὸν
1549 3859 1698 3930 Θεὸν,
1742 3860 2033 3939 ἡμέτερον·

369 3943 464 3998 καὶ
523 3945 664 4019 πρὸς
717 3946 865 4000 τοῦτ’
916 3943 1303 4027 ἀδιαλείπτως.
1337 3948 1425 4002 καὶ
1489 3948 1760 4012 συντόνως
1808 3949 2036 4028 ἐπειγώο

377 4043 538 4105 μεθα.
602 4036 782 4101 Δεῦτε,
835 4036 937 4111 γὰρ
994 4033 1165 4111 λέγει,
1226 4037 1363 4112 πρὸς
1427 4039 1515 4112 μὲ,
1576 4037 1772 4103 πάντες
1827 4040 1879 4095 οἱ
1937 4062 2036 4097 κο-

371 4126 612 4184 πιῶντες
721 4122 812 4178 καὶ
924 4126 1384 4202 πεφορτισμένοι,
1492 4128 1642 4203 κᾶγώ
1744 4128 2035 4187 ἀναπαύσω

373 4210 517 4283 ὑμᾶς
546 4254 559 4268 .
615 4212 719 4268 Καὶ
769 4213 832 4268 τὸ
891 4210 1098 4279 δεῖσθαι
1147 4215 1238 4270 καὶ
1292 4217 1356 4271 τὸ
1413 4214 1866 4293 ἐξομολογεῖσθαι
1903 4221 2038 4294 μετὰ

371 4301 877 4377 ταπεινοφροσύνης
924 4301 1192 4361 ἐκούσιον.
1249 4306 1341 4360 Διὸ
1390 4302 1725 4364 ἐντέλλεται.
1786 4310 1922 4386 Λέγε
1968 4310 2031 4365 σὺ

2161 2176 2396 2232 semper
2425 2160 2757 2216 adhaeserat
2785 2158 2956 2231 eique
2984 2158 3317 2230 obsequens
3364 2157 3572 2226 fuerat,
3607 2159 3809 2215 neuti-

2160 2265 2337 2321 quam
2368 2266 2503 2305 vero
2534 2250 2660 2321 ipse
2690 2247 2931 2320 ﬂagitiis
2961 2263 3024 2305 se
3052 2251 3111 2304 et
3151 2245 3502 2303 libidinibus
3545 2247 3807 2320 dederat,

2152 2336 2271 2407 jam
2304 2351 2439 2392 vero
2470 2335 2705 2393 videbat
2737 2334 3007 2402 alterum,
3050 2350 3284 2407 pcnnam
3337 2333 3437 2406 qui
3486 2338 3804 2407 meruerat,

2156 2425 2328 2483 beate
2357 2441 2548 2498 agere.
2584 2424 2805 2481 Blande
2833 2423 3018 2498 igitur
3036 2422 3203 2479 illum
3226 2422 3592 2497 compellans
3618 2427 3806 2497 pater,

2154 2517 2293 2586 Fili,
2327 2514 2539 2586 inquit,
2571 2519 2633 2571 tu
2660 2530 2875 2587 semper
2899 2529 3113 2570 mecum
3141 2530 3218 2570 es.
3254 2514 3327 2570 Et
3374 2529 3648 2586 quaenam
3682 2530 3804 2570 ma-

2147 2606 2246 2678 jor
2274 2605 2478 2662 laetitia
2505 2606 2793 2661 festumve
2820 2607 2925 2660 aut
2952 2603 3291 2677 panegyris,
3339 2618 3519 2675 quam
3568 2618 3805 2674 semper

2154 2697 2362 2751 adesse
2390 2700 2448 2752 et
2476 2695 2756 2752 assistere
2785 2694 2903 2751 Deo
2943 2692 3116 2766 eique
3146 2693 3476 2749 inservire?
3504 2692 3569 2748 Et
3606 2693 3803 2748 omnia

2147 2800 2273 2840 mea
2302 2787 2401 2840 tua
2428 2788 2581 2840 sunt.
2614 2784 2827 2840 Beatus
2859 2783 2961 2855 qui
2991 2782 3179 2839 heres
3208 2784 3300 2838 est
3346 2781 3467 2850 Dei,
3516 2781 3577 2837 in
3627 2782 3801 2853 cujus

2151 2890 2306 2942 unus
2334 2878 2506 2930 Pater
2536 2890 2646 2930 sua
2693 2873 3002 2946 possidet:
3038 2870 3251 2940 fidelis,
3300 2872 3473 2942 cujus
3512 2875 3607 2927 est
3663 2870 3799 2926 uni-

2147 2979 2354 3020 versus
2379 2979 2557 3036 opum
2592 2964 2999 3034 bonorumque
3019 2962 3301 3017 mundus.
3324 2961 3593 3018 Exultare
3613 2964 3797 3017 autem

2147 3063 2200 3111 et
2226 3053 2479 3128 gaudere
2531 3052 2833 3126 oportebat,
2894 3051 3037 3124 quod
3088 3052 3303 3123 [ναέταν
3340 3050 3430 3105 hic
3471 3059 3597 3107 tuus
3645 3065 3799 3106 mar-

2146 3148 2276 3200 tuus
2329 3148 2473 3207 erat,
2528 3150 2583 3198 et
2638 3140 2865 3198 revixit.
2930 3140 3088 3196 Bone
3163 3138 3351 3206 Pater,
3430 3138 3531 3212 qui
3609 3137 3800 3194 vivifi-

2147 3249 2245 3289 cas
2304 3232 2545 3302 omnia,
2625 3235 2684 3287 et
2752 3229 2972 3286 excites
3034 3228 3343 3285 mortuos!
3406 3231 3478 3285 Et
3552 3227 3801 3301 perditus

2156 3331 2294 3392 erat,
2324 3336 2388 3378 ac
2416 3329 2662 3394 repertus
2699 3324 2799 3376 est.
2824 3362 2827 3365 ι
2851 3321 3063 3376 Beatus
3115 3334 3277 3391 quem
3330 3318 3571 3390 elegisti,
3610 3326 3663 3374 et
3707 3332 3802 3374 as-

2154 3412 2439 3484 :umpsisti
2467 3411 2568 3483 (ά),
2600 3426 2897 3483 quemque
2926 3425 3197 3481 quaerens
3218 3407 3461 3481 reperis.
3488 3408 3646 3463 Beati
3661 3423 3800 3480 quo-

2147 3494 2271 3559 rum
2302 3500 2556 3558 remissa
2581 3507 2710 3557 sunt
2737 3498 3087 3572 iniqui'ates,
3118 3501 3169 3553 et
3198 3513 3431 3569 quorum
3475 3501 3623 3552 tecta
3665 3502 3801 3553 sunt

2139 3592 2462 3667 peccata(e).
2486 3591 2597 3647 Sed
2630 3589 2975 3660 resipiscere
3004 3605 3038 3644 a
3078 3585 3356 3660 peccatis,
3382 3585 3643 3643 hominis
3673 3590 3792 3643 est:

2145 3680 2326 3754 idque
2356 3681 2457 3737 ﬁat
2504 3697 2618 3736 non
2670 3677 2996 3736 revocanda
3037 3675 3439 3733 conversione.
3496 3675 3641 3732 Nam
3693 3673 3796 3747 qui

2144 3770 2256 3828 hoc
2288 3787 2405 3828 non
2437 3770 2595 3838 facit,
2626 3766 2957 3843 ignominia
2995 3765 3306 3836 afﬁcietur,
3338 3765 3618 3838 quoniam
3675 3780 3796 3821 non

2144 3878 2214 3920 ex
2244 3865 2368 3918 toto
2400 3860 2622 3929 animo,
2656 3858 2758 3917 sed
2788 3873 2896 3931 per
2922 3857 3213 3929 impetum
3245 3855 3419 3913 modo
3450 3854 3641 3912 rediit.
3673 3854 3791 3912 Nos

2143 3952 2310 4007 decet
2340 3951 2409 4007 ad
2444 3950 2626 4005 Deum
2662 3944 3000 4020 corﬂUgere.
3049 3945 3169 4001 Hoc
3225 3950 3508 4017 perpetuo
3539 3949 3598 4001 et
3645 3943 3793 4000 assi-

2143 4042 2254 4098 due
2284 4055 2552 4113 agamus.
2591 4037 2797 4105 Venite,
2858 4037 3042 4102 enim,
3084 4034 3302 4107 inquit,
3335 4035 3429 4094 ad
3472 4049 3563 4088 me
3607 4049 3795 4090 omne:

2142 4126 2239 4203 qui
2269 4130 2538 4186 laborati:
2565 4133 2617 4185 et
2642 4128 2858 4183 onerati
2885 4126 3036 4191 estis,
3084 4132 3138 4181 et
3176 4139 3273 4195 ego
3300 4122 3553 4194 reficiam
3581 4138 3674 4178 vos
3702 4122 3792 4195 (ί).

2140 4221 2209 4277 Et
2237 4235 2440 4291 rogare
2471 4223 2529 4274 et
2556 4217 2821 4273 confiteri
2871 4231 3005 4272 cum
3059 4212 3416 4277 humilitate,
3472 4212 3533 4266 in
3591 4215 3795 4268 nostra

2139 4311 2438 4365 voluntate
2495 4307 2753 4379 positum
2811 4310 2921 4360 est.
2974 4304 3106 4358 Ideo
3165 4300 3431 4372 praecipit
3477 4316 3491 4356 :
3544 4302 3652 4356 Dic
3728 4310 3793 4357 tu

374 4393 593 4465 πρῶτος
650 4390 745 4454 τὰς
800 4391 1067 4468 ἁμαρτίας
1126 4414 1244 4467 σου,
1299 4392 1389 4450 τίνα
1447 4393 1764 4472 δικαιωθῇς.
1818 4400 1941 4457 Ἐπὶ
1975 4397 2034 4457 δὲ

2156 4401 2299 4455 φνὶιιδ
2353 4405 2574 4467 peccata
2632 4406 2730 4450 tua
2773 4402 2835 4449 ιιι
2854 4392 3183 4465 justiﬁceris
3214 4390 3313 4462 (g).
3346 4388 3563 4445 Exinde
3595 4392 3791 4445 autem

368 4476 584 4542 τούτοις
611 4478 772 4535 τίνων
803 4479 1120 4555 τευξόμεθα,
1171 4482 1265 4537 καὶ
1315 4481 1370 4537 τί
1428 4481 1680 4556 ἐσόμεθα,
1733 4484 1840 4563 οὐχ
1869 4488 2032 4561 ἡμεῖς

2156 4487 2276 4561 ιυὶᾱ
2313 4483 2683 4544 consecuturi
2728 4482 2957 4557 etquid
3008 4479 3213 4547 futuri,
3247 4495 3363 4535 non
3415 4495 3522 4535 nos
3559 4476 3795 4551 judices

364 4566 565 4644 κριταί.

2156 4594 2367 4636 sumus.

441 4659 493 4713 4.
545 4656 737 4721 Οὕτως
771 4661 847 4733 (7)
891 4657 1009 4735 ἔχει
1040 4659 1130 4715 καὶ
1163 4656 1404 4736 ἀκριϐῶς
1442 4662 1477 4731 ἡ
1510 4657 1826 4738 παραϐολή.
1860 4665 2024 4721 Ἦκεν

2204 4670 2257 4724 4.
2291 4666 2388 4723 Sic
2416 4668 2688 4723 accurate
2722 4679 2785 4719 se
2816 4661 2993 4718 habet
3021 4659 3313 4733 parobolte
3335 4658 3652 4716 sententia.
3682 4657 3792 4714 Ve-

364 4747 397 4802 6
421 4751 554 4811 παῖς
583 4747 615 4802 6
647 4751 930 4820 μετανοῶν
961 4749 1101 4823 πρὸς
1131 4751 1223 4805 τὸν
1253 4746 1639 4827 εὕσπλαγχνον
1690 4752 1917 4829 πατέρα,
1968 4754 2030 4810 οὐ

2156 4757 2228 4814 ait
2259 4756 2420 4812 filius
2467 4755 2754 4827 paenitens
2784 4752 2856 4807 ad
2910 4748 3352 4807 misericordem
3384 4753 3639 4822 patrem,
3671 4763 3788 4805 non

359 4839 534 4892 ταῦτα
576 4833 805 4899 ἐλπίσας
850 4838 1005 4907 ποτὲ,
1054 4840 1159 4909 τὴν
1210 4838 1577 4910 στολὴνρτήν
1631 4842 1880 4917 πρώτην,
1940 4845 2030 4900 καὶ

2156 4847 2245 4902 illa
2275 4861 2524 4919 sperans
2574 4843 2828 4913 priorem
2880 4839 3096 4896 stolam
3148 4838 3558 4911 annulumque
3586 4840 3642 4893 et
3671 4836 3789 4893 cal-

362 4926 461 4980 τὸν
523 4923 844 4998 δακτύλιον,
903 4925 993 4983 καὶ
1040 4928 1109 4983 τὰ
1165 4925 1513 5003 ὑποδήματα,
1572 4928 1699 4987 οὐδὲ
1740 4932 2029 5008 γεύσασθαι

2156 4939 2466 5002 :eamenta,
2514 4948 2704 5004 neque
2735 4932 2808 4986 de
2836 4929 3016 4986 vitulo
3055 4928 3319 5000 saginan
3368 4943 3434 4984 se
3491 4929 3791 4993 comestu-

356 5019 461 5071 τοῦ
516 5015 734 5092 μόσχου
781 5020 879 5072 τοῦ
924 5021 1193 5088 σιτευτοῦ,
1229 5015 1355 5074 οὐδὲ
1390 5019 1632 5092 μεθέξειν
1664 5022 2029 5100 εὐφροσύνης,

2156 5044 2302 5093 rum,
2350 5041 2539 5097 neque
2570 5021 2786 5078 laetitiae
2817 5020 3081 5076 futurum
3116 5015 3486 5091 participem,
3519 5017 3621 5071 aut
3649 5028 3789 5070 con-

360 5102 493 5161 οὐδὲ
523 5102 791 5179 συνῳδίας
838 5106 929 5161 καὶ
983 5110 1172 5183 χορῶν
1204 5107 1556 5165 ἀπολαύσειν
1590 5108 1717 5167 ἀλλ’
1748 5111 2031 5188 ἀγαπητὸν

2156 5116 2411 5174 sentibus
2458 5120 2515 5170 et
2545 5110 2739 5169 choris
2769 5126 2831 5166 se
2863 5109 3202 5165 fruiturum.
3254 5105 3365 5161 Sed
3416 5102 3564 5159 illud
3615 5102 3789 5160 modo

361 5195 462 5268 μὶν
522 5195 591 5265 ἦν
637 5196 788 5268 αύτῷ
844 5200 1034 5271 τυχεῖν
1084 5196 1132 5269 ᾧ
1175 5195 1333 5268 ἠξίου
1376 5201 1497 5264 καθ’
1528 5194 1734 5256 ἑαυτόν.
1787 5202 2025 5275 ΙΙοίησόν

2156 5204 2518 5265 lesiderabat
2549 5198 2857 5271 consequi,
2884 5198 3036 5269 quod
3069 5195 3223 5268 apud
3259 5211 3321 5251 se
3348 5193 3610 5265 optabat,
3645 5191 3792 5250 vole-

360 5304 452 5357 με,
519 5278 856 5358 βεϐούλευτο
915 5282 1111 5352 εἰπεῖν,
1170 5286 1246 5350 ὡς
1293 5284 1388 5343 ’ἕνα
1443 5292 1552 5343 τῶν
1614 5289 1844 5362 μισθίων
1906 5313 2023 5353 σου.

2156 5302 2355 5367 latque
2411 5307 2617 5367 rogare
2650 5307 2665 5346 :
2697 5290 2802 5345 Fac
2826 5302 2913 5343 me
2940 5284 3085 5341 sicut
3112 5298 3283 5338 unum
3315 5282 3383 5338 de
3422 5280 3789 5338 mercenarii:

354 5373 474 5443 Τήν
545 5369 604 5428 δὲ
681 5371 1094 5451 φιλοφροσύνην
1174 5371 1305 5430 ἰδὼν
1378 5379 1879 5453 προύπαντήσασαν
1928 5383 2025 5439 τοῦ

2159 5389 2267 5444 uis.
2298 5386 2444 5442 Cum
2476 5397 2610 5438 vero
2642 5377 2965 5435 bonitatem
2997 5372 3220 5430 videret
3260 5370 3444 5442 patris
3490 5369 3601 5426 sibi
3648 5376 3788 5428 ante

430 5508 718 5595 (ιξλὶΝυιῐιἔ
751 5525 914 5595 xxm,
944 5509 1036 5564 22.
1085 5510 1197 5595 (Lb)
1230 5510 1445 5570 Habac.
1479 5531 1564 5589 ιιι,
1598 5516 1650 5572 4.
1729 5517 1799 5589 (c)
1826 5517 1977 5576 Psal.
2002 5540 2047 5579 x1

2156 5525 2238 5595 ,6.
2316 5521 2396 5593 (ιι)
2420 5515 2570 5574 Psal.
2599 5528 2744 5578 Lxxv,
2766 5512 2822 5566 5.
2899 5508 2971 5580 (θ)
3000 5504 3150 5562 Psal:
3175 5521 3328 5572 xxxx,
3362 5521 3402 5560 ι.
3479 5503 3551 5577 (γ’)
3572 5503 3784 5563 Matth,

351 5597 436 5650 ιι,
467 5580 561 5637 28.
643 5581 717 5652 (g)
749 5581 859 5638 lsa.
892 5597 1056 5648 XLIII,
1085 5580 1185 5638 26.
1256 5652 1265 5659 ο

433 5718 514 5785 (7)
535 5712 810 5799 Ὀὕτως-κ.
838 5735 891 5799 τ.
926 5713 982 5771 λ.
1034 5717 1161 5799 Huc
1209 5734 1395 5799 usque
1433 5720 1735 5799 Clemens:
1766 5741 1893 5799 quas
1925 5742 2018 5784 se-
2130 5746 2275 5791 nova
2305 5726 2575 5799 sequitur
2603 5714 2891 5799 expositio
2920 5710 3252 5799 parabolte;
3296 5728 3483 5799 eaq‘ue
3513 5716 3670 5799 certe
3698 5716 3785 5799 est

359 5795 649 5861 quuntur,
684 5787 931 5870 alterius
962 5789 1164 5870 procul
1198 5785 1379 5855 dubio
1400 5798 1542 5849 sunt
1560 5785 2018 5870 auc_toris,cujus
2129 5785 2408 5858 auctoris'
2442 5785 2738 5870 Clemente
2795 5785 3152 5854 recentioris,
3213 5785 3355 5858 quia
3398 5785 3690 5844 Novatum
3721 5786 3783 5843 in

358 5877 578 5919 nomen
613 5861 807 5917 scriba
826 5861 886 5917 in
919 5861 1186 5934 margine
1214 5879 1508 5936 apponere
1552 5861 1834 5941 neglexit;
1876 5861 2019 5930 Nam
2100 5873 2245 5932 'ﬂne
2274 5871 2511 5930 refutat.
2540 5863 2724 5922 GRAB.
