4124 6460
337 432 448 492 763

1579 430 1992 486 ΟΒΕΠΕΝΤΙΒ
2028 429 2529 493 ALEXANDRINI

3662 436 3773 495 764

339 559 672 618 venientem
706 555 962 625 obviam,
992 554 1065 612 de
1094 554 1204 613 hac
1232 551 1434 624 siluit;
1485 552 1633 611 dixit
1677 569 1813 611 vero
1859 568 1987 625 quea

2115 554 2335 630 Πατρὸς,
2375 559 2539 613 τοῦτο
2574 557 2669 631 μὲν
2702 555 3033 631 ἐσιώπησεν,
3067 557 3183 615 εῖπε
3221 553 3281 613 δὶ
3320 552 3355 613 ἃ
3400 555 3510 636 πρὸ
3555 558 3768 617 τούτων

342 654 516 706 antea
546 647 862 704 meditatus
889 646 1086 702 animo
1137 643 1327 701 fuerat
1359 659 1372 699 :
1405 643 1637 701 Peccavi
1684 645 1748 701 in
1792 646 1993 701 calum

339 746 395 795 et
423 754 608 794 coram
635 740 709 793 te.
740 740 876 792 Haec
907 732 1213 791 humilitas
1244 737 1302 789 et
1342 732 1433 789 sui
1467 733 1661 806 ipsius
1710 736 1990 790 condem-

340 827 502 884 natio
534 827 688 882 facta
744 824 858 897 ipsi
917 828 1007 880 est
1063 839 1239 880 causa
1289 822 1738 895 justiﬂcationis
1779 828 1837 879 et
1866 822 1990 897 glo-

340 915 439 972 ria:
472 933 486 973 :
519 915 717 986 justus
747 912 902 969 enim
939 911 1102 983 prius
1132 928 1194 968 se
1225 910 1423 983 ipsum
1474 913 1852 969 condemnat.
1905 913 1992 969 lta

340 1010 397 1062 et
428 1003 783 1078 publicanus
815 1020 929 1075 prae
968 1001 1259 1057 Pharisaeo
1285 1001 1655 1073 justiﬁcatus
1685 1002 1994 1058 discessit.

341 1094 545 1167 Neque
571 1093 733 1149 novit
763 1092 922 1148 {llius
952 1107 1021 1147 ea
1050 1107 1179 1161 quas
1209 1090 1685 1163 consequebatur
1713 1090 1804 1147 vel
1837 1092 1989 1149 acci-

340 1199 479 1257 pere
506 1183 595 1241 vel
624 1182 700 1239 iis
731 1183 840 1251 uti,
871 1188 974 1238 aut
1002 1181 1139 1238 data
1189 1180 1303 1237 sibi
1351 1184 1670 1258 applicare.
1702 1183 1849 1238 Nam
1883 1198 1994 1239 nec

341 1272 554 1332 stolam
589 1273 717 1347 ipse
749 1274 976 1348 accepit
1004 1280 1061 1331 et
1083 1275 1313 1342 induit;
1348 1275 1477 1345 sed,
1507 1273 1742 1341 lnduile,
1776 1273 1994 1345 inquit,

344 1363 526 1420 illum.
564 1363 760 1435 Neque
816 1362 1105 1420 annulum
1157 1364 1283 1437 ipse
1334 1362 1535 1420 manui
1584 1361 1859 1419 induxit:
1892 1363 1990 1419 sed

342 1452 442 1526 qui
468 1451 625 1523 jussi
656 1457 823 1508 erant
852 1470 863 1508 :
897 1453 1035 1508 Date
1061 1454 1335 1509 annulum
1366 1454 1426 1509 in
1456 1469 1688 1509 manum
1715 1456 1861 1525 ejus.
1884 1452 1994 1508 Ne-

343 1558 456 1614 que
474 1558 536 1597 se
567 1540 696 1613 ipse
723 1540 1021 1609 calceavit,
1054 1543 1156 1598 sed
1209 1542 1428 1615 quibus
1470 1545 1597 1597 erat
1638 1541 1861 1597 dictum
1900 1557 1912 1596 :
1942 1543 1997 1596 et

346 1632 723 1689 calceamenta
755 1632 817 1686 in
842 1632 1005 1703 pedes
1026 1631 1165 1703 ejus.
1190 1637 1321 1688 Haec
1345 1631 1457 1705 ipsi
1483 1630 1752 1688 fortassis
1779 1635 1837 1687 et
1865 1628 1998 1686 aliis

348 1720 719 1777 incredibilia
767 1725 826 1776 et
861 1720 1180 1795 insperata,
1238 1726 1557 1793 antequam
1612 1721 1840 1791 fierent,
1872 1719 1999 1775 visa

349 1816 511 1867 sunt.
546 1809 898 1867 Gratissima
925 1827 1061 1867 vero
1090 1816 1147 1867 et
1177 1811 1527 1868 admiranda
1574 1825 1707 1866 cum
1735 1808 1855 1866 illis
1887 1809 1994 1866 do-

346 1904 521 1958 natus
545 1904 654 1957 est.

412 2097 468 2156 5.
502 2101 668 2153 Hunc
700 2112 943 2154 sensum
978 2096 1257 2171 parabola
1293 2102 1606 2156 monstrat:
1646 2114 1994 2157 concessum

343 2185 599 2261 singulis
646 2202 776 2243 esse
807 2186 1053 2243 rationis
1092 2187 1456 2246 exercitium.
1490 2188 1625 2246 Ideo
1656 2186 2000 2245 luxuriosus

347 2276 674 2338 inducitur.
705 2276 1031 2347 portionem
1060 2275 1407 2334 facultatum
1428 2294 1463 2335 a
1479 2281 1644 2350 patre
1664 2277 1997 2351 postulans,

346 2364 460 2422 hoc
487 2368 578 2421 est
607 2363 834 2422 ratione
870 2365 1094 2422 utentis
1119 2365 1491 2425 conditionis.
1524 2366 1811 2423 Omnibus
1840 2366 2000 2424 enim

346 2454 485 2510 data
514 2458 605 2511 est
632 2453 1007 2512 rationabilis
1038 2455 1337 2512 facultatis
1369 2456 1687 2529 possessio,
1737 2462 1806 2513 ut
1851 2456 2003 2514 bona

349 2543 666 2601 observent
693 2547 752 2599 et
781 2560 815 2599 a
844 2541 1016 2599 malis
1043 2543 1399 2601 abstineant.
1430 2546 1541 2603 Sed
1575 2545 1685 2603 hac
1731 2546 1919 2602 ornati
1969 2562 2003 2603 a

350 2635 469 2694 Deo
501 2632 695 2705 multi,
728 2634 867 2691 data
892 2634 1226 2707 cognitione
1257 2635 1410 2694 male
1442 2642 1711 2706 utuntur,
1767 2641 1832 2693 ut
1876 2653 2003 2711 pra-

350 2740 445 2781 vis
502 2722 835 2781 actionibus
884 2722 1277 2793 luxuriantur,
1328 2742 1589 2799 opesque
1636 2725 2003 2784 rationabilis

352 2811 651 2870 facultatis
703 2811 856 2870 male
903 2812 1198 2887 dissipant
1238 2831 1253 2871 :
1304 2816 1497 2874 visum
1532 2817 1604 2874 ad
1637 2825 1835 2889 turpes
1863 2832 2000 2897 cop-

352 2902 769 2976 templationes
799 2942 816 2971 ,
879 2902 1146 2977 linguam
1205 2905 1280 2962 ad
1337 2921 1507 2963 voces
1587 2906 2001 2980 blasphemas,

353 2992 635 3050 olfactum
666 2993 737 3050 ad
772 2993 1006 3049 fmtidas
1061 2992 1428 3067 voluptatum
1489 2996 1787 3069 libidines,
1819 3015 1887 3056 os
1928 3000 2003 3056 ad

351 3082 652 3157 porcinam
708 3083 1113 3155 voracitatem,
1173 3101 1389 3165 manus
1445 3087 1519 3142 ad
1571 3088 1843 3161 rapinas,
1901 3106 2002 3161 pe-

349 3172 456 3229 des
486 3173 689 3229 cureui
747 3172 819 3229 ad
879 3173 1149 3245 insidias,
1207 3175 1592 3248 cogitationes
1639 3177 1710 3233 ad
1754 3177 2005 3236 consilia

349 3262 536 3335 impia
566 3262 856 3321 rationem
887 3263 958 3320 ad
999 3263 1241 3321 desidias
1285 3266 1804 3339 consuetudinem,
1834 3284 1997 3325 men-

348 3355 466 3409 tem
498 3352 572 3408 ad
603 3350 875 3409 bestialia
931 3353 1364 3412 oblectamenta
1394 3371 1408 3411 :
1443 3355 1589 3412 nihil
1636 3357 1781 3415 adeo
1828 3359 2003 3416 ratio-

347 3440 566 3497 nabilis
627 3439 926 3499 facultatis
983 3448 1220 3499 servant
1267 3445 1423 3517 quod
1489 3462 1611 3503 non
1686 3446 1999 3520 dissipent.

344 3531 553 3591 Talem
580 3531 762 3606 igitur
788 3533 1059 3592 Christus
1082 3534 1264 3592 veluti
1288 3536 1540 3594 obscura
1556 3539 1802 3597 rationis
1830 3544 2001 3597 uten-

347 3625 471 3679 tem
504 3621 653 3689 luce,
683 3626 742 3678 et
768 3622 984 3679 rationi
1014 3625 1401 3697 congruentia
1455 3643 1490 3683 a
1535 3631 1749 3685 natura
1801 3629 2002 3687 divina

348 3714 668 3785 petentem,
728 3711 788 3767 in
847 3712 1129 3785 parabcla
1182 3713 1545 3785 introducit;
1605 3718 2002 3793 eamdemque

352 3800 607 3873 deinque
662 3800 786 3857 hac
814 3818 848 3858 a
877 3802 995 3859 Deo
1050 3808 1458 3876 consecutum,
1503 3805 1774 3880 datisque
1826 3823 2001 3865 usum

351 3889 528 3957 male,
599 3891 854 3948 maxime
910 3908 1048 3949 vero
1104 3892 1275 3951 bonis
1320 3893 1607 3968 Θεριίεωί
1683 3897 2002 3970 concessis,

353 3978 514 4036 unde
540 3979 718 4036 etiam
750 3996 888 4037 eum
942 3998 1198 4055 nequam
1260 3983 1539 4057 appellat.
1599 3984 1814 4043 Deinde
1872 3992 2006 4060 post

353 4068 626 4126 datorum
682 4069 1158 4143 dissipaticnem,
1217 4071 1434 4130 iterum
1500 4075 1633 4131 hinc
1681 4078 2003 4150 reparatio-

353 4174 514 4228 nem,
547 4159 760 4216 iterum
817 4160 953 4217 hinc
1007 4162 1435 4234 reparationem
1469 4181 1573 4237 per
1602 4167 2005 4239 pmnitentiam

353 4252 415 4305 et
444 4247 870 4322 benignitatem
902 4267 937 4307 a
970 4250 1081 4308 Deo
1116 4252 1231 4325 ipsi
1264 4254 1609 4324 praestitum.

424 4445 484 4501 6.
539 4446 827 4513 Adducilc,
876 4446 1097 4521 inquit,
1148 4451 1385 4508 vitulum
1430 4455 1777 4527 saginatum,
1809 4460 1862 4513 et
1886 4472 2009 4513 ma-

2100 639 2340 700 ἐσκόπει·
2417 645 2615 723 Πάτερ,
2698 645 2950 724 ἥμαρταν
3032 646 3109 710 είς
3192 647 3287 702 τὸν
3363 645 3589 722 οὐρανὸν
3669 647 3763 703 καὶ

2101 729 2335 789 ἐνώπιόν
2383 755 2499 792 σου.
2550 738 2727 792 Ταῦτα
2780 733 2839 792 δὲ
2890 735 3040 811 αύτῷ
3087 734 3124 806 ἢ
3172 756 3232 792 τε
3281 738 3760 815 ταπεινοφροσύνη

2101 824 2193 876 καί
2241 824 2277 893 ἡ
2335 823 2529 880 ἑαυτοῦ
2574 825 2880 903 κατηγορία
2919 827 3107 904 γέγονε
3134 831 3235 896 τῆς
3267 822 3610 889 δικαιώσεως
3667 826 3761 883 καὶ

2100 916 2204 981 τῆς
2236 909 2398 987 δόξης
2445 913 2613 970 αἴτία·
2669 912 2878 979 δίκαιος
2923 916 3028 991 γὰρ
3085 915 3279 970 ἑαυτοῦ
3337 917 3648 992 κατήγορος
3712 914 3765 971 έν

2102 1001 2482 1079 πρωτολογίᾳ.
2536 1002 2694 1062 Οὕτω
2740 1004 2831 1061 καὶ
2881 1005 2910 1060 ὁ
2960 1003 3209 1075 τελώνης
3267 1005 3399 1082 ὑπὲρ
3451 1004 3544 1061 τὸν
3592 1012 3768 1082 Φαρι-

2104 1095 2256 1146 σαῖον
2315 1092 2530 1163 ἀπῆλθε
2583 1090 3024 1169 δεδικαιωμένος.
3085 1091 3213 1153 Οὕν⁹
3266 1095 3357 1150 οῦν
3417 1095 3684 1165 ἠπίστατο
3736 1097 3765 1152 ὁ

2103 1185 2231 1243 παῖς
2288 1182 2362 1237 ὧν
2421 1182 2683 1255 τεύξεται,
2737 1180 2861 1239 οὔτε
2918 1181 3186 1255 δέξασθαι,
3244 1180 3369 1240 οὔτε
3424 1187 3763 1261 χρήσασθαι,

2104 1267 2228 1327 οὔτε
2285 1272 2523 1347 ἁρμόσαι
2595 1272 2745 1347 αύτῷ
2794 1272 2861 1330 τὰ
2920 1270 3203 1348 διδόμενα.
3260 1273 3414 1330 Ἐπεὶ
3470 1276 3612 1348 μήτε
3662 1275 3763 1346 τὴν

2103 1358 2308 1430 στολὴν
2368 1358 2557 1417 λαϐὼν
2609 1361 2769 1426 αύτὸς
2828 1359 3149 1419 ἐνεδύσατο·
3198 1358 3365 1434 ἀλλ’,
3417 1360 3713 1421 Ἐνδύσατε
3745 1407 3764 1431 ,

2104 1450 2291 1530 φησὶν,
2328 1449 2514 1507 αὐτόν.
2549 1450 2626 1509 Ού
2676 1450 2770 1506 τὸν
2822 1447 3113 1507 δακτύλιον
3147 1450 3310 1513 αὐτὸς
3342 1450 3420 1513 είς
3449 1452 3549 1521 τήν
3601 1457 3767 1528 χεῖρα

2102 1536 2348 1616 ἤνεγκεν.
2408 1538 2616 1596 ἇλλόἱ
2669 1538 3109 1615 κεκελευσμένοι·
3142 1539 3275 1597 Δότε
3332 1537 3624 1596 δακτύλιον
3685 1541 3765 1605 είς

2102 1629 2203 1698 τήν
2265 1632 2429 1705 χεῖρα
2481 1629 2670 1685 αὐτοῦ·
2730 1626 2861 1685 οὐδὲ
2916 1630 3104 1686 ἑαυτὸν
3162 1626 3464 1699 ύπέδυσεν,
3524 1629 3651 1687 ἀλλ’
3711 1630 3765 1686 οἱ

2107 1717 2431 1781 ἀκούσαντες
2461 1737 2475 1751 ·
2534 1718 2625 1775 καὶ
2681 1716 3006 1794 ὑποδήματα
3074 1718 3151 1783 εἰς
3204 1718 3332 1782 τοὺς
3382 1716 3557 1782 πόδας
3586 1764 3600 1778 .
3653 1720 3763 1776 Καὶ

2106 1810 2274 1863 ταῦτα
2293 1806 2360 1877 ἦν
2421 1805 2555 1872 ἴσως
2606 1807 2757 1882 αύτῷ
2809 1829 2869 1865 τε
2923 1808 3164 1872 καὶτοῖς
3195 1806 3391 1875 ἄλλοις
3440 1807 3641 1865 ἄπιστα
3667 1808 3762 1865 καὶ

2028 1931 2077 1998 Β
2106 1894 2405 1998 ἀνέλπιστα
2460 1897 2595 1998 «pix:
2648 1898 2791 1954 οὕτω
2821 1899 3090 1974 γενέσθαι·
3125 1897 3371 1955 ἀσπαστά
3414 1896 3473 1956 δὲ
3518 1898 3609 1955 καὶ
3638 1900 3765 1955 θαυ-

2111 1988 2309 2062 μαστὰ,
2342 1985 2396 2043 ἐν
2426 1988 2507 2052 οἷς
2539 1984 2792 2065 έδωρήθη
2828 1987 3114 2064 γενόμενα.

2212 2099 2269 2153 5.
2322 2094 2541 2167 Ταύτην
2598 2095 2696 2166 τήν
2731 2091 2940 2153 ἔννοιαν
2970 2098 3007 2167 ἡ
3045 2091 3342 2172 παραϐολὴ
3375 2092 3633 2169 δείκνυσι,
3661 2096 3765 2166 τὴν

2109 2184 2410 2261 δεδομένην
2445 2186 2653 2260 ἑκάστῳ
2682 2190 2780 2242 τοῦ
2810 2185 3038 2262 λογικοῦ
3085 2185 3411 2262 γυμνασίαν.
3457 2187 3557 2243 Διά
3600 2189 3767 2244 τοῦτο

2108 2277 2137 2332 ὁ
2167 2273 2383 2339 ἄσωτος
2444 2275 2709 2353 εἰσάγεται
2761 2282 2864 2348 τῆς
2913 2274 3097 2340 ούσίσς
3127 2277 3368 2332 ἀπαιτῶν
3411 2276 3504 2333 τὸν
3557 2275 3769 2352 πατέρα

2106 2364 2170 2421 τὸ
2204 2362 2389 2441 μέρος·
2418 2364 2665 2421 τουτέστι
2694 2371 2797 2436 τῆς
2837 2364 3073 2441 λογικῆς
3114 2363 3515 2429 καταστάσεως·
3558 2366 3769 2422 Ἀπασι

2107 2453 2210 2530 γὰρ
2242 2456 2277 2525 ἡ
2324 2458 2422 2510 τοῦ
2466 2451 2692 2531 λογικοῦ
2748 2451 3111 2532 παραδέδοται
3165 2458 3382 2523 κτῆσις,
3427 2451 3505 2519 εἴς
3553 2474 3613 2511 τε
3659 2456 3764 2526 τὴν

2107 2547 2216 2599 τῶν
2275 2542 2461 2600 καλῶν
2517 2541 2833 2618 ἐπιμέλειαν
2892 2544 2982 2600 καὶ
3027 2546 3127 2616 τὴν
3158 2548 3267 2600 τῶν
3300 2548 3480 2601 κακῶν
3516 2545 3765 2622 ἀποχήν.

2108 2631 2291 2692 Ἀλλᾶ
2339 2636 2502 2689 τοῦτο
2558 2633 2706 2710 παρά
2751 2638 2886 2690 Θεοῦ
2948 2633 3357 2710 κεκοσμημένοι
3414 2631 3624 2691 πολλοὶ
3672 2634 3767 2690 κέ-

2108 2742 2344 2800 χρηνται
2373 2726 2443 2798 τῇ
2490 2723 2685 2799 γνώσει
2715 2730 2784 2794 τῆ
2822 2720 3086 2798 δεδομένῃ
3131 2727 3313 2788 κακῶς
3353 2724 3493 2801 πρὸς
3520 2721 3767 2801 πράξεων

2110 2816 2371 2891 πονηρῶν
2431 2812 2687 2870 ἀσωτίαν·
2746 2815 2839 2870 καὶ
2884 2818 3063 2878 κακῶς
3092 2818 3189 2870 τοῦ
3238 2817 3466 2891 Λογικοῦ
3518 2813 3620 2883 τὴν
3671 2811 3766 2869 ού-

2112 2901 2230 2959 σίαν
2299 2901 2782 2960 καταναλίσκουσιν
2818 2919 2832 2935 ⁶
2889 2905 2952 2960 τὸ
3025 2901 3254 2981 βλέμμα
3324 2903 3461 2980 πρὸς
3532 2899 3770 2980 αἵσχρᾶς

2113 2991 2364 3068 θεωρίας,
2390 2994 2492 3064 τήν
2549 2990 2803 3070 γλῶσσαν
2860 2992 2939 3056 εἰς
3001 2991 3363 3070 βλασφήμους
3420 2992 3623 3069 φωνὰς,
3662 2992 3765 3062 τήν

2112 3078 2379 3162 ὄσφρησιν
2434 3082 2509 3146 είς
2567 3079 2828 3146 δυσώδεις
2890 3080 3100 3154 ἡδονῶν
3153 3080 3465 3159 ἀσολγείας,
3496 3082 3560 3138 τὸ
3587 3082 3770 3156 στόμα

2112 3173 2252 3250 πρὸς
2294 3170 2547 3250 χοιρώδη
2585 3174 3043 3250 γαστριμαργίαν,
3098 3172 3195 3228 τὰς
3226 3177 3419 3249 χεῖρας
3465 3172 3605 3248 πρὸς
3665 3172 3769 3248 ἀρ-

2112 3262 2307 3337 παγὰς,
2360 3261 2490 3326 τοὺς
2541 3260 2713 3326 πόδας
2740 3264 2877 3339 πρὸς
2905 3260 3111 3338 δρόμον
3146 3257 3479 3332 ἰπιϐουλῶν,
3511 3259 3636 3323 τοὺς
3667 3259 3767 3317 λο-

2107 3351 2346 3429 γισμοὺς
2420 3353 2557 3430 πρὸς
2609 3346 2855 3416 ἀσεϐείας
2915 3350 3118 3428 βουλὰς
3148 3396 3165 3425 ,
3234 3353 3336 3424 τὴν
3393 3351 3625 3425 γνώμην
3686 3348 3768 3414 είς

2112 3441 2379 3520 ῥᾳθυμίας
2408 3440 2738 3522 έμφόρησιν,
2794 3441 2887 3498 τὸν
2936 3446 3063 3498 νοῦν
3113 3440 3190 3506 είς
3245 3437 3503 3513 κτηνώδη
3562 3437 3768 3516 διαγω-

2109 3532 2237 3607 γήν·
2270 3529 2423 3588 οὐδὲν
2480 3536 2591 3588 τῶν
2619 3537 2720 3602 τῆς
2762 3528 2999 3608 λογικῆς
3043 3529 3227 3593 οὐσίας
3272 3533 3533 3606 τηροῦσιν
3565 3527 3765 3607 ἀσκόρ-

2108 3641 2298 3678 πιστον
2324 3665 2338 3679 .
2395 3622 2498 3679 Τὸν
2555 3621 2806 3678 τοιοῦτον
2858 3619 2952 3678 οὖν
3011 3622 3040 3677 ὁ
3096 3620 3351 3697 Χριστὸς,
3407 3620 3482 3683 ὡς
3534 3618 3761 3697 λογικὸν

2109 3708 2514 3786 έσκοτισμένον,
2564 3710 2656 3767 καὶ
2700 3712 2769 3767 τὰ
2809 3709 3088 3784 πρέποντα
3139 3714 3220 3784 τῷ
3278 3707 3430 3786 λόγῳ
3458 3710 3607 3786 παρά
3658 3715 3761 3780 τῆς

2111 3800 2323 3880 φύσεως
2387 3802 2719 3858 ἀπαιτοῦντα
2767 3802 2869 3873 τῆς
2912 3801 3083 3863 θείας.
3143 3797 3235 3856 διὰ
3283 3805 3384 3870 τῆς
3438 3794 3766 3876 παραϐολῆς

2113 3891 2445 3949 ὑποτίθεται·
2505 3893 2623 3947 εἶτα
2649 3891 2797 3967 παρά
2844 3893 2979 3946 Θεοῦ
3033 3889 3429 3964 κομιζόμενον,
3461 3889 3549 3945 καὶ
3604 3889 3770 3965 χρώ-

2119 4002 2279 4055 μενον
2336 3985 2454 4044 τοῖς
2488 3977 2806 4054 δεδομένοις
2836 3983 3043 4047 κακῶς,
3092 3979 3184 4035 καὶ
3236 3976 3476 4053 μάλιστα
3504 3982 3613 4034 τῶν
3669 3981 3773 4034 τοῦ

2120 4072 2493 4149 βαπτίσματος
2539 4069 2843 4145 ἠξιωμένον
2902 4069 3111 4141 καλῶν,
3142 4070 3264 4126 ὅθεν
3292 4068 3383 4126 καὶ
3416 4068 3626 4125 ἄσωτον
3653 4069 3776 4124 ὀνο·

2119 4161 2299 4237 μάζει.
2359 4162 2492 4220 Εἶτα
2546 4160 2683 4235 μετᾶ
2722 4162 2823 4230 τὴν
2853 4165 2965 4217 τῶν
2997 4156 3297 4235 δεδομένων
3332 4156 3634 4225 ἀπώλειαν,
3679 4156 3772 4214 καὶ

2115 4250 2281 4310 πάλιν
2340 4253 2438 4321 τὴν
2496 4247 2588 4307 διὰ
2648 4251 2936 4323 μετανοίας
2992 4252 3311 4322 ἀνάκτησιν,
3368 4250 3469 4321 τὴν
3497 4248 3647 4324 παρά
3671 4251 3774 4304 τοῦ

2116 4344 2251 4399 Θεοῦ
2279 4339 2692 4421 φιλανθρωπίαν
2726 4338 2805 4404 εἷς
2835 4339 2995 4396 αὐτὸν
3022 4339 3343 4416 γινομένην.

2187 4450 2244 4506 6.
2303 4443 2647 4525 Ἐνεγκόντες
2700 4447 2827 4523 γὰρ,
2887 4444 3063 4526 φησὶ,
3118 4446 3213 4502 τὸν
3275 4443 3487 4521 μόσχον
3539 4444 3636 4501 τὸν
3693 4465 3778 4501 σι-

358 4539 526 4606 ctate,
557 4540 611 4592 et
659 4536 1055 4596 manducemus
1099 4549 1153 4597 et
1197 4542 1321 4600 laeti
1363 4545 1661 4615 epulamur
1689 4560 1705 4601 :
1737 4545 1872 4618 quia
1922 4547 2001 4603 Ιιίι

2118 4538 2331 4610 τευτὸν,
2417 4535 2631 4605 θύσατε,
2715 4536 2806 4592 καὶ
2878 4534 3144 4612 φαγόντες
3220 4533 3628 4613 εὐφρανθῶμεν·
3689 4532 3776 4591 ὅτι

360 4624 514 4697 ﬁlius
540 4640 713 4693 metu,
746 4642 991 4683 summae
1024 4628 1329 4687 charitatis
1362 4648 1575 4689 nomen
1615 4636 1769 4707 quod
1825 4635 2011 4692 fideli-

360 4714 475 4770 bus
504 4713 708 4771 datum
738 4714 954 4783 innuit,
983 4721 1237 4775 martum
1263 4729 1385 4777 erat
1413 4725 1463 4777 et
1491 4722 2008 4794 pen'crat,summaa

359 4802 736 4861 alienationis
783 4806 1120 4879 appellatio.
1171 4808 1321 4873 Quid
1371 4809 1529 4866 enim
1586 4828 1622 4868 a
1677 4812 2010 4871 viventibus

359 4892 611 4964 alienus,
645 4911 821 4965 quam
850 4897 1007 4968 quod
1054 4903 1356 4954 mortuum
1388 4905 1475 4956 est
1503 4916 1571 4957 ac
1601 4901 1817 4974 periit?
1858 4918 2008 4961 neu-

356 4986 515 5040 trum
546 4984 704 5041 enim
736 4985 1026 5057 possideri
1043 4985 1303 5060 amplius
1353 4993 1564 5061 potest.
1585 4991 1696 5047 Sed
1716 5008 1749 5049 e
1769 5008 2008 5051 summa

354 5073 662 5131 charitatis
684 5074 1120 5132 necessitudine
1150 5075 1211 5132 in
1242 5092 1473 5136 summe
1502 5080 1756 5137 alienam
1776 5081 2005 5139 excide-

358 5168 452 5221 rat
480 5164 877 5221 conditionem
912 5181 926 5220 :
961 5165 1034 5220 ad
1066 5181 1359 5223 summam
1375 5167 1683 5226 charitatis
1706 5170 2009 5229 familiari-

355 5257 535 5309 tatem
566 5252 782 5310 iterum
817 5254 1126 5311 revertitur
1176 5271 1281 5328 per
1321 5258 1745 5328 pmnitentiam.
1788 5259 2009 5317 Induits

354 5341 513 5399 enim
542 5341 729 5412 illum,
760 5342 974 5416 inquit.
1003 5344 1203 5401 stolam
1250 5348 1513 5419 primam,
1565 5365 1743 5421 quam
1798 5351 2008 5408 habuit

355 5436 497 5489 tunc
526 5432 753 5499 statim,
786 5450 922 5490 cum
944 5434 1281 5507 baptismus
1314 5436 1424 5508 ipsi
1448 5439 1714 5512 contigit.
1745 5438 2004 5496 Gloriam

354 5521 621 5595 intelligo
652 5523 1051 5595 baptismatis,
1086 5525 1492 5582 remissionem
1521 5533 1918 5600 peccatorum,
1951 5533 2011 5584 et

360 5609 611 5666 aliorum
643 5611 937 5669 honorum
970 5613 1413 5687 exhibitionem,
1437 5632 1616 5689 quam
1639 5616 1842 5673 statim
1874 5632 2009 5673 cum

357 5696 655 5757 lavacrum
690 5702 908 5776 attigit,
939 5708 1031 5762 est
1060 5710 1431 5763 consecutus.
1464 5706 1529 5763 Et
1556 5707 1688 5763 date
1737 5706 2011 5764 annulum

357 5787 417 5844 in
450 5806 676 5847 manum
705 5792 854 5863 ejus;
918 5809 1021 5866 per
1066 5792 1176 5851 hoc
1232 5794 1529 5856 indicatur
1580 5801 1634 5853 S.
1696 5795 1955 5855 Trinitas
1993 5814 2008 5853 :

2121 4628 2281 4692 οὗτος
2330 4628 2359 4683 ὁ
2418 4625 2536 4690 υἱός
2596 4647 2740 4702 μου,
2792 4623 2959 4700 ἄκρας
3019 4623 3361 4695 οἰκειότητος
3413 4619 3626 4697 ὄνομα,
3682 4623 3778 4680 καὶ

2128 4716 2425 4793 μηνυτικὸν
2473 4721 2592 4780 τοῖς
2647 4720 2863 4778 πιστοῖς
2911 4711 3206 4789 δεδομένου
3239 4756 3254 4783 ,
3314 4713 3503 4790 νεκρὸς
3560 4713 3629 4783 ἦν
3683 4712 3778 4769 καὶ

2123 4804 2458 4877 ἀπολωλὼς,
2486 4803 2652 4884 ἄκρας
2708 4801 3146 4881 ἀλλοτριότητος
3206 4802 3381 4881 ῥῆσις·
3412 4801 3466 4859 τί
3505 4802 3608 4879 γὰρ
3638 4803 3777 4860 ἀπο-

2123 4894 2375 4961 λωλότος
2406 4897 2497 4952 καὶ
2524 4897 2720 4971 νεκροῦ
2758 4898 2877 4956 τοῖς
2920 4897 3082 4964 ζῶσιν
3140 4890 3625 4968 ἀλλοτριώτερονς
3682 4913 3779 4950 κει-

2120 4988 2349 5058 κτῆσθαι
2398 4986 2501 5062 γὰρ
2532 4984 2715 5042 οὐκέτι
2773 4981 3081 5060 οὐδέτερον.
3113 4979 3271 5041 Ἀλλ’
3301 4981 3390 5037 ἀπ’
3421 4978 3591 5059 ἄκρας
3615 4981 3777 5039 ἆκπε-

2124 5079 2232 5133 σὼν
2264 5075 2605 5146 οἰκειότητος
2633 5074 2711 5139 είς
2738 5074 2905 5150 ἄκραν
2945 5069 3375 5148 ἀλλοτριότητα,
3423 5069 3562 5147 πρὸς
3612 5071 3780 5147 ἄκραν

2123 5164 2185 5222 tu
2244 5165 2528 5240 μετανοίας
2596 5161 2899 5233 ἐπανῆλθεν
2955 5159 3269 5232 οΐκειότητα
3320 5157 3488 5217 πάλιν
3517 5202 3533 5221 .
3592 5157 3778 5218 Ἐνδό-

2124 5276 2251 5311 σατε
2302 5255 2405 5331 γὰρ
2463 5253 2624 5310 αὐτὸν
2660 5295 2676 5321 ,
2729 5250 2885 5331 φησὶ,
2938 5251 3040 5321 τήν
3099 5248 3304 5319 στολὴν
3360 5250 3463 5320 τήν
3521 5249 3774 5323 πρώτην,

2124 5346 2188 5415 ἦν
2247 5343 2403 5410 εὐθὺς
2429 5342 2754 5419 τετυχηκὼς
2781 5345 2879 5397 τοῦ
2913 5338 3291 5416 βαπτίσματος
3340 5333 3492 5415 ἔσχε⁴
3548 5339 3653 5408 τὴν
3684 5336 3779 5394 δό-

2124 5435 2215 5507 ξαν
2246 5434 2392 5514 φημὶ
2447 5434 2547 5503 τὴν
2595 5437 2693 5489 τοῦ
2743 5431 3141 5509 βαπτίσματος,
3196 5432 3305 5484 τῶν
3364 5428 3775 5505 ἁμαρτημάτων

2122 5526 2223 5594 τὴν
2280 5522 2487 5603 ἄφεσιν,
2537 5523 2638 5594 τήν
2668 5542 2727 5579 τε
2754 5525 2863 5578 τῶν
2896 5517 3084 5577 ἄλλων
3126 5519 3348 5582 ἀπαθῶν
3380 5516 3675 5594 χορηγίαν,
3707 5518 3779 5588 ἧς

2121 5613 2313 5691 ἓτυχεν
2373 5612 2524 5675 εὔθὺς
2554 5619 2655 5682 τῆς
2710 5604 3107 5685 κολυμϐήθρας
3137 5605 3436 5682 ἁψάμενος.
3497 5606 3598 5662 Καὶ
3655 5604 3779 5664 δότε

2123 5702 2414 5761 δακτύλιον
2482 5704 2558 5766 εῗς
2615 5704 2714 5772 τήν
2774 5708 2938 5780 χεῖρα
2992 5700 3182 5756 αὐτοῦ·
3238 5702 3341 5767 τῆς
3397 5695 3636 5771 Τριάδος
3691 5697 3777 5755 έν-

2122 5800 2294 5862 ταῦθα
2321 5794 2384 5852 τὸ
2415 5791 2658 5871 αἴνιγμα·
2710 5793 2887 5865 έκείνη
2943 5790 3047 5868 γὰρ
3098 5791 3217 5851 τοῖς
3267 5793 3487 5851 πιστοῖς
3544 5786 3777 5868 tvm..-
