4124 6400
361 416 472 471 765

1861 417 2329 475 FRAGMENTA.

3687 418 3795 474 768

357 539 592 613 γίζεται.
651 537 754 597 Καὶ
839 537 1147 597 ὑποδύσατε
1232 541 1397 598 αὐτοῦ
1481 543 1609 609 τοὺς
1685 545 1880 624 πόδας,
1938 550 2016 614 εἷς

2128 549 2229 606 illa
2257 547 2413 606 enim
2443 547 2717 603 fidelibus
2763 543 3150 617 imprimitur.
3198 546 3266 601 Et
3295 542 3540 600 inducite
3573 547 3786 601 calcea-

356 629 458 698 τήν
516 627 832 701 ἓτοιμασίαν
903 633 1002 685 τοῦ
1066 630 1416 707 Εὐαγγελίου
1469 642 1569 704 τῆς
1631 636 1876 713 εἰρήνης,
1925 641 2026 711 τήν

358 738 422 773 τε
450 718 590 791 πρὸς
617 717 714 782 τὰς
741 715 914 779 καλὰς
941 719 1160 794 πράξεις
1191 720 1547 798 ὁλοδρομίαν.

433 811 489 862 7.
545 805 704 864 Ἀλλ’
759 806 852 870 οὓς
912 810 1147 885 εὑρίσκει
1192 813 1425 886 Χριστὸς
1475 814 1839 880 ἀπολωλότας
1892 818 2026 890 μετᾶ

358 897 462 966 τὴν
512 895 783 971 ἁμαρτίαν
833 899 934 967 τὴν
978 899 1055 960 εἷς
1092 900 1394 974 βάπτισμα,
1428 903 1654 969 τούτους
1684 907 1711 961 ὁ
1743 907 2023 982 θεομάχος

359 985 608 1050 Ναυάτος
638 985 936 1043 ἀπόλλυσι.
971 987 1153 1058 Μηδὲν
1208 993 1394 1048 τοίνυν
1457 991 1598 1065 μηδὲ
1647 994 1800 1051 αὐτοὶ
1858 1017 2022 1068 μετα-

355 1079 608 1137 νοοῦντες
657 1075 1008 1150 λογιζώμεθα
1059 1085 1305 1152 πταῖσμα
1340 1102 1352 1113 ·
1385 1080 1786 1159 φυλαττόμενοι
1827 1086 1889 1140 τὸ
1932 1086 2021 1140 πί-

356 1185 534 1233 πτειν,
569 1165 919 1228 πεπτωκότες
968 1166 1357 1242 ἀναπηδῶμεν.
1392 1171 1498 1226 Καὶ
1550 1170 1863 1237 δειλιῶντες
1920 1177 2019 1244 τήν

356 1252 751 1341 πρόσκρουσιν,
788 1255 925 1326 μετά
969 1256 1072 1324 τήν
1120 1258 1484 1333 πρόσκρουσιν
1534 1262 1845 1338 ἀπόγνωσιν
1890 1264 2022 1341 φεύ-

360 1362 576 1417 γωμεν,
608 1340 936 1418 ἐστηρίχθαι
991 1343 1384 1416 σπουδάζοντες
1421 1369 1434 1382 ο
1481 1340 1910 1428 κατενεχθέντες
1945 1355 2021 1417 είς

357 1431 662 1507 ἀνόρθωσιν
721 1431 1064 1507 σπεύδωμεν.
1118 1437 1440 1511 Πειθώμεθα
1523 1442 1662 1514 πρὸς
1745 1445 1893 1516 ἡμᾶς
1941 1449 2021 1517 τῷ

355 1521 602 1596 Δεσπότῃ
685 1523 884 1598 βοῶντι
941 1545 954 1557 ·
1019 1529 1179 1581 Δεῦτε
1257 1526 1455 1590 πάντες
1539 1532 1589 1585 οἱ
1675 1537 2020 1603 κοπιῶντες,

351 1611 514 1687 κάγὼ
573 1612 868 1668 ἀναπαύσω
929 1615 1087 1688 ὑμᾶς.
1142 1623 1482 1692 Κτησώμεθα
1536 1623 1635 1690 τὴν
1693 1627 1792 1677 τοῦ
1853 1621 2021 1697 λόγου

355 1698 569 1776 δωρεὰν,
617 1704 758 1777 πρὸς
799 1706 1020 1779 πράξεις
1092 1706 1526 1782 εὐγνωμοσύνης.
1589 1712 1862 1785 Μάθωμεν
1937 1713 2020 1767 ἐν·

351 1792 526 1846 ταῦθα
581 1793 682 1860 τήν
724 1796 833 1848 τῶν
882 1799 1061 1850 κακῶν
1103 1796 1347 1873 ἀποχήν,
1377 1798 1471 1855 ’ίνα
1518 1797 1569 1855 ἔν
1599 1807 1715 1865 τοῖς
1755 1800 2021 1876 μέλλουσι

359 1880 436 1953 μὴ
474 1881 734 1954 μάθωμεν
768 1878 1012 1945 ἄκοντες.
1041 1887 1384 1960 Χρησώμεθα
1432 1888 1536 1964 βίῳ
1583 1890 1721 1966 πρὸς
1764 1892 1830 1945 τὰ
1875 1889 2020 1947 καλά

351 1968 637 2044 γυμνασίῳ
670 1990 684 2002 ⁵
723 1971 859 2044 πρὸς
888 1973 952 2027 τὸ
993 1979 1096 2044 τῆς
1141 1976 1405 2051 ἁμαρτίας
1451 1979 1878 2054 παροξυνώμεθα
1931 1987 2018 2054 μῖ-

357 2078 472 2120 σος.
507 2059 684 2116 Βαθύν
714 2080 833 2115 τινα
855 2062 949 2116 τὸν
989 2067 1086 2118 τοῦ
1123 2064 1350 2120 Κτίστου
1397 2071 1776 2146 περιφέρωμεν
1819 2068 2015 2147 ἔρωτα,

366 2146 472 2223 ὅλῃ
506 2150 642 2225 πρὸς
675 2150 836 2207 αὐτὸν
886 2151 1259 2229 κολληθῶμεν
1307 2155 1522 2234 καρδίᾳ,
1553 2161 1653 2229 τήν
1701 2165 1799 2216 τοῦ
1849 2146 2017 2236 λόγου

377 2238 453 2309 μὴ
511 2243 684 2303 κακῶς
739 2240 878 2296 κατά
923 2242 1014 2297 τὸν
1061 2241 1267 2300 ἄσωτον
1303 2246 1489 2302 οὐσίαν
1521 2249 2015 2324 καταναλώσωμεν.

375 2328 488 2396 Τὴν
516 2327 882 2415 ἀποκειμένην
914 2329 1122 2406 ἐκείνην
1175 2337 1505 2410 κτησώμεθα
1550 2337 1846 2415 καύχησιν,
1877 2341 1938 2409 ἣν
1990 2339 2018 2394 ὁ

366 2415 578 2479 Παῦλος
611 2413 742 2474 ἐϐόα
773 2422 1130 2497 καυχώμενος
1159 2445 1172 2457 ·
1205 2425 1305 2488 Τίς
1337 2429 1486 2500 ἡμᾶς
1516 2413 1749 2502 χωρίσει
1779 2429 1887 2483 ἀπὸ
1917 2435 2015 2498 τῆς

359 2506 579 2582 ἀγάπης
604 2513 706 2563 τοῦ
736 2511 973 2584 Χριστοῦ
1003 2534 1017 2583 ;
1051 2513 1214 2588 Αύτῷ
1240 2517 1434 2589 πρέπει
1465 2515 1591 2590 δόξα
1630 2519 1720 2574 καὶ
1751 2521 1888 2592 τιμή
1924 2518 2015 2573 σὺν

355 2601 438 2668 τῷ
468 2596 640 2674 Πατρὶ
673 2600 764 2655 καὶ
792 2605 872 2674 τῷ
904 2602 1043 2677 ἁγίῳ
1075 2603 1349 2678 Πνεύματι
1382 2605 1458 2669 εἷς
1487 2607 1614 2670 τοὺς
1664 2608 1864 2671 αἰῶνας
1909 2613 2016 2664 τῶν

359 2683 576 2740 αἰώνων
611 2708 622 2720 ·
657 2687 827 2761 ἀμήν.

2133 641 2318 694 menta
2348 638 2406 692 in
2435 633 2596 709 pedes
2643 633 2783 698 eius,
2812 638 2876 688 ut
2920 630 3109 704 parati
3159 630 3279 687 sint
3320 633 3394 687 ad
3424 631 3793 701 Evangelium

2133 727 2286 801 pacis
2315 728 2413 796 (a),
2444 730 2500 780 et
2531 726 2822 795 integrum
2854 722 3137 777 bonarum
3189 720 3489 777 actionum
3521 737 3786 778 cursum.

2203 817 2256 870 7.
2291 816 2402 872 Sed
2454 830 2601 886 quos
2650 816 2784 884 post
2827 815 3132 884 peccatum
3181 809 3240 864 in
3291 809 3588 881 baptisma
3629 825 3788 865 com-

2136 907 2387 964 missum
2422 904 2680 976 perditos
2711 901 2981 958 Christus
3030 902 3240 957 iterum
3273 900 3508 971 reperit,
3541 899 3649 956 hos
3680 904 3790 957 No-

2133 1002 2304 1053 vatus
2331 995 2432 1051 Dei
2461 993 2834 1050 adversarius
2863 991 2987 1046 vult
3019 991 3278 1063 perdere.
3313 992 3392 1046 De
3423 989 3582 1045 nullo
3613 989 3792 1061 igitur

2134 1091 2191 1143 et
2221 1103 2329 1142 nos
2367 1084 2538 1156 lapsu
2589 1083 2636 1138 si
2691 1082 2763 1138 ab
2793 1098 2859 1138 eo
2909 1079 3333 1152 resipuerimus
3365 1081 3742 1151 desperemus
3771 1098 3786 1152 ;

2135 1191 2445 1232 caveamus
2475 1179 2668 1229 tamen
2702 1169 2842 1242 labi,
2866 1171 3014 1243 lapsi
3049 1174 3246 1225 autem
3269 1173 3648 1226 revertamur.
3683 1170 3787 1226 Ve-

2132 1269 2446 1334 rentesque
2476 1261 2820 1333 impingere,
2851 1264 3165 1330 postquam
3195 1256 3571 1329 impegimus,
3599 1256 3784 1330 fugia-

2134 1370 2270 1410 mus
2300 1354 2632 1424 desperare,
2666 1354 2838 1420 atque
2860 1347 3112 1405 stabiliri
3137 1345 3788 1418 maturemus,erigique

2133 1457 2517 1516 properemus
2535 1438 2914 1511 supplantali.
2937 1437 3258 1494 Credamus
3277 1434 3558 1490 clamanti
3585 1435 3655 1490 ad
3681 1451 3788 1491 nos

2132 1534 2426 1590 Domino:
2469 1533 2684 1602 Venite,
2728 1545 2912 1586 omnes
2964 1530 3060 1601 qui
3113 1525 3399 1593 laboratis,
3449 1531 3502 1582 et
3542 1524 3790 1596 reﬁciam

2131 1641 2227 1680 vos
2255 1625 2351 1696 (b).
2405 1623 2805 1678 Adhibeamus
2854 1617 3100 1674 rationis
3148 1617 3371 1673 donum
3421 1616 3493 1672 ad
3525 1615 3786 1672 actiones

2132 1714 2423 1769 decentes.
2454 1711 2759 1767 Discamus
2790 1725 2922 1764 cum
2955 1706 3207 1763 maxime
3229 1705 3526 1761 abstinere
3547 1721 3582 1761 a
3604 1703 3781 1772 malo,

2133 1820 2203 1859 ne
2234 1804 2292 1859 in
2329 1804 2591 1858 futurum
2617 1799 2965 1856 discendum
2989 1797 3097 1853 hoc
3119 1795 3289 1851 nobis
3312 1795 3389 1850 sit
3411 1794 3631 1850 invitis.
3652 1794 3786 1850 Vita

2130 1899 2368 1948 utamur
2399 1895 2465 1947 ut
2493 1891 2554 1946 in
2587 1891 2740 1945 bono
2767 1904 2874 1944 nos
2904 1901 3298 1950 exerceamus,
3323 1888 3380 1939 et
3411 1887 3784 1955 peccatorum

2130 1979 2320 2052 magis
2348 1979 2657 2051 magisque
2688 1977 2748 2032 in
2783 1975 2952 2032 nobis
3000 1974 3392 2030 accendamus
3422 1972 3648 2028 odium.
3682 1971 3783 2026 ΔΙ-

2129 2076 2256 2127 tum
2289 2067 2624 2126 Conditoris
2671 2080 2930 2122 amorem
2981 2063 3491 2141 circumferamus,
3537 2064 3663 2116 toto
3693 2059 3781 2117 illi

2129 2159 2536 2216 adhtereamus
2566 2157 2760 2227 corde,
2793 2171 2920 2222 nec,
2953 2152 3060 2208 ﬁlii
3091 2167 3343 2224 nequam
3375 2148 3661 2221 exemplo,
3685 2166 3779 2204 ra-

2129 2249 2305 2306 tionis
2358 2249 2698 2304 facultatem
2751 2243 2904 2300 male
2950 2257 3391 2299 consumamus.
3442 2239 3780 2311 Repositam

2126 2341 2291 2398 illam
2323 2339 2494 2396 nobis
2516 2352 2928 2410 comparemus
2951 2333 3377 2408 gloriationem,
3402 2347 3520 2404 qua
3540 2329 3782 2386 efferens

2129 2449 2192 2488 se
2238 2429 2450 2488 Paulus
2498 2428 2716 2486 clamat
2767 2444 2782 2484 :
2833 2425 2967 2496 Quis
3013 2440 3112 2480 nos
3157 2422 3448 2494 separabit
3499 2420 3566 2476 ab
3596 2435 3784 2476 amore

2131 2519 2337 2576 Christi
2391 2519 2508 2593 (c)?
2565 2518 2682 2590 Ipsi
2730 2514 3008 2588 competit
3062 2513 3250 2586 gloria
3297 2515 3355 2567 et
3401 2510 3590 2566 honor
3645 2525 3781 2565 cum

2132 2610 2298 2666 Patre
2354 2613 2412 2664 et
2469 2612 2672 2664 sancto
2729 2605 2975 2678 Spiritu,
3033 2604 3093 2660 in
3150 2599 3362 2658 secula
3407 2598 3776 2656 saeculorum.

2126 2702 2334 2755 Amen.

352 2803 512 2876 Apud
539 2805 789 2862 eumdem
817 2808 1121 2866 Macarium
1149 2809 1670 2886 Chrysocephalum,
1730 2819 1879 2874 orat.
1906 2834 2011 2872 VIII
2058 2817 2121 2872 in
2152 2816 2352 2872 Matth.
2402 2830 2522 2886 cap.
2554 2829 2679 2884 vni,
2722 2828 2753 2869 e
2798 2810 2914 2869 cod.
2969 2815 3202 2867 Barocc.
3238 2807 3360 2876 156,
3391 2811 3443 2863 et
3478 2805 3572 2861 ιω.
3613 2818 3694 2858 vn
3720 2799 3782 2857 in

1481 2888 1704 2956 Lucam,
1738 2906 1864 2961 cap.
1896 2906 2022 2958 xm,
2050 2904 2081 2944 θ
2102 2888 2220 2946 cod.
2260 2892 2483 2942 Barocc.
2514 2886 2641 2940 211.

423 2973 541 3031 Οὐκ
597 2974 939 3051 ἀνθρωπίνην
981 2977 1072 3033 οὖν
1120 2979 1386 3055 ὁμοίωσιν
1438 2984 1466 3038 ὁ
1515 2985 1646 3048 Θεὸς
1677 2988 1754 3058 (8)
1787 2987 2013 3052 ἐνταῦθα

2199 2987 2350 3042 379
2384 2985 2508 3040 Non
2541 2984 2864 3040 humanam
2895 2980 3012 3052 hic,
3044 2979 3146 3036 sed
3177 2976 3464 3034 columbas
3497 2973 3778 3031 similitu-

358 3059 828 3136 λαμϐάνει,ἀλλά
853 3075 1196 3146 περιστερᾶς,
1229 3071 1313 3126 ὅτι
1359 3074 1460 3143 τήν
1506 3073 1758 3153 ἀφέλειαν
1801 3077 1890 3132 καὶ
1949 3078 2011 3132 τὸ

353 3159 528 3228 πρᾶον
559 3156 657 3223 τῆς
688 3156 811 3218 νέας
862 3157 1174 3236 ἐπιφανείας
1218 3166 1316 3217 τοῦ
1374 3163 1694 3237 ΙΙνεύματος
1752 3162 2012 3222 ἐϐούλετο

354 3237 523 3333 δεῖξαι
580 3246 816 3333 τῷτῆς
868 3255 1186 3324 περιστερᾶς
1245 3251 1583 3326 ὁμοιώματι.
1636 3255 1697 3312 Ὁ
1754 3257 1848 3329 μὲν
1907 3257 2012 3333 γὰρ

347 3331 524 3423 νόμος
577 3332 744 3423 βαρὺς
795 3336 861 3405 ἧν
909 3338 998 3393 καὶ
1046 3339 1296 3416 μαχαίρᾳ
1341 3342 1616 3418 κολάζων,
1659 3347 1694 3415 ἡ
1746 3343 1804 3400 δὲ
1851 3331 2014 3423 χάρις

347 3417 518 3491 ἱλαρά
571 3424 662 3478 καὶ
721 3421 870 3502 λόγῳ
934 3426 1268 3503 ῥυθμίζουσα
1305 3417 1640 3506 πραότητος.
1687 3417 1892 3492 Ταῦτά-
1928 3417 2013 3491 τοι

350 3508 443 3563 καὶ
506 3511 535 3565 ὁ
589 3511 794 3589 Κύριος
850 3516 988 3590 πρὸς
1043 3517 1172 3582 τοὺς
1254 3521 1596 3585 ἀποστόλους
1654 3523 1906 3590 εἰπόντας
1961 3523 2014 3580 ἐν

346 3598 484 3677 πυρὶ
541 3602 781 3668 κολάσας
834 3605 963 3670 τοὺς
1016 3611 1093 3681 μή
1149 3607 1471 3684 δεξαμένους
1495 3612 1692 3676 αὐτοὺς
1737 3616 1874 3670 κατά
1918 3616 2011 3670 τὸν

353 3686 549 3830 ὲΗλίαν
586 3711 599 3724 ·
666 3693 784 3752 Ούκ
885 3693 1119 3768 οἷ’δατε,
1188 3699 1321 3777 φησί
1355 3745 1369 3772 ,
1447 3701 1611 3757 ποίου
1696 3703 2012 3779 Πνεύματός

384 3797 494 3830 στι.

384 3797 494 3835 στι.

2122 3076 2317 3132 dinem
2349 3074 2676 3146 assumpsit
2696 3072 2870 3134 Deus.
2888 3071 3027 3143 quia
3050 3066 3490 3140 simplicitatem
3521 3079 3587 3119 ac
3612 3078 3782 3118 man-

2123 3166 2499 3223 suetudinem
2533 3180 2691 3220 novss
2723 3159 3110 3234 apparitionis
3140 3157 3394 3231 Spiritus
3424 3153 3653 3211 volebat
3682 3168 3778 3207 co-

2121 3255 2337 3312 lumbw
2369 3254 2627 3325 imagine
2657 3251 3014 3325 signiﬁcare.
3041 3254 3149 3304 Lex
3177 3247 3330 3304 enim
3363 3243 3559 3318 gravis
3590 3242 3777 3297 fuerat

2123 3350 2180 3403 et
2208 3345 2402 3418 gladio
2435 3343 2754 3417 puniebat;
2802 3346 2863 3398 at
2903 3339 3091 3414 gratia
3123 3336 3324 3394 suavis
3362 3339 3420 3391 et
3445 3347 3585 3390 voce
3614 3347 3778 3387 man-

2123 3441 2292 3493 sueta
2339 3438 2512 3490 utens
2571 3434 2644 3490 ad
2695 3430 3131 3505 corrigendum.
3187 3426 3330 3482 llinc
3372 3423 3656 3480 Dominus
3706 3419 3779 3476 ad

2124 3525 2445 3599 apostolos,
2491 3540 2628 3580 eum
2680 3522 2968 3578 dixissent
3013 3526 3078 3576 ut
3105 3517 3244 3574 Elite
3291 3511 3560 3586 exemplo
3603 3510 3712 3566 hos
3743 3526 3774 3568 a

2124 3615 2343 3688 quibus
2374 3614 2590 3686 recepti
2620 3629 2738 3670 non
2772 3613 3003 3669 fuerant
3028 3609 3165 3682 igne
3196 3605 3433 3680 puniret
3465 3619 3480 3660 :
3511 3599 3776 3669 Nescitis,

2123 3704 2338 3777 inquit,
2369 3705 2526 3775 cuius
2551 3701 2800 3772 Spiritus
2829 3702 2958 3757 estis
2987 3699 3087 3772 (ἀ).

1241 3891 1396 3962 Apud
1423 3894 1674 3950 eumdem
1706 3899 2022 3953 Macarium
2051 3897 2150 3953 tib.
2184 3913 2304 3963 xm,
2338 3897 2400 3952 in
2427 3894 2618 3951 Matth.
2650 3907 2771 3963 cap.
2806 3909 2883 3948 ix.

420 3977 581 4053 Τάχα
613 3976 670 4035 δὲ
697 3977 786 4036 διά
815 3987 912 4037 τοῦ
946 3983 1082 4040 ἰῶτα
1131 3986 1220 4042 καὶ
1270 3995 1374 4058 τῆς
1431 3991 1650 4066 κεραίας
1703 3994 1737 4062 ἡ
1797 3991 2008 4049 δικαιο-

2194 3997 2464 4053 Fortasse
2515 4011 2618 4068 per
2666 3998 2892 4050 rectum
2920 3991 3040 4047 iota
3080 3991 3138 4044 et
3189 3985 3497 4058 obliquum
3547 3979 3774 4053 apicem

350 4065 484 4158 σύνη
544 4072 805 4148 κέκραγεν
861 4075 1027 4132 αύτοῦ
1061 4097 1074 4111 ·
1125 4079 1248 4135 Ἐὰν
1301 4080 1453 4157 ὀρθοὶ
1499 4065 1640 4158 πρὸς
1694 4085 1760 4158 μὲ
1816 4084 2009 4158 ἥκητε,

348 4156 501 4248 κάγὼ
559 4159 722 4236 ὀρθὸς
779 4164 918 4237 πρὸς
980 4166 1120 4241 ὑμᾶς
1156 4187 1168 4200 ·
1221 4156 1344 4224 ἐάνγ
1389 4156 1621 4247 πλάγιοι
1681 4156 2008 4248 πορεύησθε,

348 4247 504 4336 κάγῲ
563 4248 826 4327 πλάγιος,
886 4253 1029 4332 λέγει
1088 4257 1285 4332 Κύριος
1357 4265 1466 4316 τῶν
1548 4247 1847 4336 δυνάμεων.
1902 4265 2011 4327 Τάς

356 4333 676 4425 ἐπιπλήξεις
730 4345 840 4397 τῶν
898 4345 1246 4420 ἁμαρτωλῶν
1327 4348 1567 4425 πλαγίας
1634 4333 2007 4425 αἰνιττόμενος

356 4421 515 4516 ὁδούς
553 4448 565 4458 ·
597 4430 632 4498 ἡ
689 4429 793 4506 γὰρ
854 4431 1034 4489 εὐθεῖα
1088 4434 1177 4490 καί
1222 4438 1361 4493 κατά
1390 4439 1566 4516 φύσιν,
1597 4441 1658 4509 ἣν
1720 4421 2009 4497 αἰνίττεταί

447 4514 582 4606 ίῶτα
601 4523 699 4573 τοῦ
730 4520 934 4593 Ἰησοῦ,
965 4525 1000 4593 ἡ
1033 4524 1353 4600 ἀγαθωσύνη
1391 4514 1577 4600 αὐτοῦ,
1613 4531 1647 4600 ἡ
1698 4531 1834 4606 πρὸς
1883 4531 2008 4593 τοὺς

439 4605 688 4677 ὑπακοῆς
738 4613 1184 4684 πεπιστευκότας,
1216 4615 1612 4689 ἀμετακίνητός
1668 4603 1860 4675 τεκαὶ
1912 4619 2009 4697 ἆῤ-

354 4692 548 4783 ῥεπής.
585 4697 662 4754 Οὐ
698 4701 774 4771 μὴ
825 4699 915 4756 οὖν
958 4702 1206 4780 παρέλθῃ
1257 4707 1362 4762 ἀπὸ
1405 4712 1503 4762 τοῦ
1549 4708 1724 4783 νόμου
1769 4700 1893 4764 οῦτε
1947 4692 2009 4764 τὸ

350 4780 508 4857 ἰῶτα,
540 4783 663 4841 οὔτε
718 4790 753 4858 ἡ
812 4791 1024 4866 κεραία,
1070 4795 1344 4853 τουτέστιν
1401 4794 1523 4852 οὔτε
1568 4780 1629 4868 ήὝ
1661 4803 1776 4860 τοῖς
1832 4800 2009 4865 εὐθέσι

2115 4087 2355 4158 justitia
2384 4085 2514 4156 ejus
2546 4082 2834 4139 exclamat
2865 4098 2877 4136 :
2909 4079 2974 4135 Si
3001 4080 3139 4135 recti
3180 4076 3251 4131 ad
3280 4090 3366 4130 me
3406 4071 3691 4158 veneritis,
3720 4077 3779 4158 et

2119 4157 2222 4248 ego
2253 4184 2430 4231 rectus
2458 4173 2528 4229 ad
2558 4189 2648 4229 vos
2680 4191 2695 4226 :
2724 4173 2779 4227 si
2807 4170 3018 4240 obliqui
3047 4163 3401 4232 inccsseritis,
3430 4170 3480 4217 et
3507 4175 3602 4231 ego
3631 4157 3776 4214 obti-

2121 4247 2280 4336 quus,
2330 4262 2515 4335 inquit
2560 4262 2826 4316 Dominus
2875 4259 3222 4313 exercituum
3257 4253 3350 4324 (θ).
3404 4247 3776 4306 Peccantium

2119 4355 2274 4410 enim
2304 4352 2653 4408 offensiones
2705 4366 2806 4421 per
2851 4346 3124 4418 obliquas
3172 4343 3296 4398 vias
3339 4337 3775 4412 signiﬁcantur.

2119 4447 2299 4499 Recta
2327 4458 2461 4498 vero
2493 4445 2550 4497 et
2580 4437 2867 4496 naturalis
2885 4441 2978 4492 est
2998 4450 3177 4506 quam
3198 4431 3318 4488 iota
3350 4426 3607 4485 nominis
3629 4425 3772 4482 Jesu

2121 4532 2358 4599 indicat,
2387 4530 2620 4586 bonitas
2640 4529 2769 4600 ejus
2800 4543 2928 4599 quae
2958 4540 3099 4598 erga
3118 4519 3458 4578 obedientes
3478 4533 3544 4574 ac
3570 4513 3775 4572 ﬁdeles

2120 4621 2369 4677 immota
2397 4625 2487 4677 est
2517 4635 2584 4676 ac
2637 4616 2892 4674 stabilis.
2943 4615 3071 4672 Non
3120 4611 3303 4685 igitur
3350 4605 3671 4682 praeteribit
3700 4604 3772 4660 de

2118 4711 2246 4784 lege
2277 4726 2382 4767 nec
2430 4726 2574 4780 apex
2604 4726 2709 4765 nec
2757 4708 2892 4778 iota,
2923 4705 3034 4762 hoc
3081 4707 3194 4771 est,
3239 4715 3427 4769 neque
3470 4695 3647 4754 rectis
3677 4709 3774 4750 re-

2120 4802 2416 4874 spondens
2445 4798 2778 4872 promissio,
2811 4811 3003 4868 neque
3024 4809 3203 4866 quam
3235 4788 3472 4863 oblique
3503 4784 3774 4842 inceden-

423 4911 503 4983 (a)
535 4912 683 4985 Eph.
718 4931 794 4985 vi,
829 4917 916 4974 15.
995 4920 1072 4992 (ὁ)
1103 4921 1304 4978 Matth.
1337 4939 1413 4994 xi,
1445 4925 1536 4982 28.
1615 4925 1688 4998 (c)
1722 4926 1889 4983 Rom.
1921 4943 2024 4982 vm

2128 4929 2164 4983 5.
2241 4928 2322 4996 (ά)
2351 4927 2489 4982 Luc.
2521 4942 2599 4992 ix,
2629 4925 2722 4981 55.
2798 4923 2869 4995 (c)
2903 4920 3082 4978 Levit.
3115 4934 3268 4985 xxvr,
3293 4915 3384 4971 24.

427 5038 502 5120 (8_)
532 5039 593 5123 '_O
652 5040 1017 5123 eadc._Al._,6
1064 5045 1446 5123 Παράκλητος.
1486 5051 1714 5108 FAaaic.
1749 5052 2009 5108 Primam

349 5114 660 5200 periodum
691 5116 1070 5200 pauldaliter
1089 5114 1158 5176 et'
1178 5114 1515 5200 accuratius
1545 5125 1696 5200 citat
1717 5123 1870 5180 idem
1896 5131 2012 5200 lida-

347 5190 547 5274 qarius
578 5190 724 5274 orat.
749 5205 836 5274 1m
869 5190 924 5274 in
961 5190 1198 5261 Lucam,
1229 5197 1398 5265 cujus
1427 5196 1738 5274 inscriptio
1769 5202 1893 5253 est:
1921 5195 2010 5258 Εἷς

348 5260 676 5342 παραμονὴν
708 5263 815 5342 τῶν
851 5260 1070 5342 φώτων,
1103 5260 1228 5342 ἰδέη)Σ
1255 5260 1386 5342 κὶα,
1422 5268 1550 5342 cod.
1591 5260 1718 5342 211,
1749 5270 2010 5342 _Bar_occ.,

348 5326 750 5429 REI-ichneer
785 5333 841 5429 ig)
863 5326 1116 5418 'tyodu'm
1137 5326 1314 5429 ξὈιξκ
1359 5326 1716 5429 ἀνθρωπίνην
1741 5326 2005 5411 ὁμοίωσιν

347 5395 575 5498 ἔξταῦὲα
632 5405 729 5498 τονῦ
787 5407 921 5495 Θεοῦ
969 5405 1399 5498 παρειληφότος,
1449 5395 1593 5465 ἀλλά
1646 5395 1709 5465 τὸ
1761 5395 2010 5486 περιστε-

347 5471 638 5565 ξξςέεῒδος,
673 5473 756 5529 ὅτι
812 5477 913 5565 την
969 5471 1246 5565 ἀεξέλειαν,
1294 5471 1428 5565 etei,
1462 5490 1528 5539 ut
1585 5500 1765 5565 supra
1821 5471 2010 5556 usque

346 5544 785 5626 ad‘éptoubpm‘tt.
806 5544 997 5626 atque
1014 5544 1179 5626 ibanc
1203 5544 1512 5611 lectionem
1537 5544 1854 5626 genuinam
1878 5544 2008 5613 esse

346 5619 511 5740 patet
543 5635 660 5674 non
694 5623 867 5677 modo
897 5619 965 5678 ex
996 5625 1194 5679 Graeca
1221 5626 1437 5682 Catena
1466 5619 1773 5685 inULucam
1805 5645 1918 5685 ms.
1948 5630 2006 5684 in

392 5687 710 5740 lbllOthCR
741 5693 1177 5740 Vindnhnnnnai
1208 5699 1312 5740 τ’Πᾶ
1373 5701 1442 5740 Α9
1490 5700 1642 5740 Hunni
1702 5703 1862 5740 invia
1914 5718 2006 5740 np-

392 5687 710 5770 ibliotbeca
741 5693 1180 5770 Yindpbonensi
1208 5699 1336 5753 cod.
1373 5701 1442 5754 42
1490 5700 1667 5758 theol.
1702 5703 1867 5769 iuxta
1913 5718 2006 5758 or-

346 5758 547 5818 dinem
609 5763 929 5838 Lambecii,
963 5769 1062 5824 ubi
1122 5770 1328 5826 eodem
1389 5772 1563 5830 modo
1616 5758 1854 5845 legitur,
1892 5772 2007 5829 nisi

2163 5052 2276 5107 uod
2312 5069 2414 5125 pro
2463 5049 2609 5106 ἀλλὰ
2650 5049 2712 5104 τὸ
2760 5050 3051 5124 περιστερᾶ
3099 5041 3265 5108 εἶδος,
3297 5035 3646 5164 simpliciter
3695 5031 3776 5089 sit

2163 5122 2266 5164 ns
2297 5130 2398 5164 φ-ἳ-τρ
2429 5126 2748 5164 ιπ-ςηιηφεηῆρ
2784 5142 2796 5154 ·
2829 5122 2927 5164 and
2962 5128 3020 5164 at.
3049 5135 3114 5164 ex
3150 5115 3348 5164 Latine
3379 5126 3408 5164 ε
3458 5118 3535 5163 Ita
3566 5123 3600 5160 ιι
3626 5104 3768 5161 COP-

2159 5104 2276 5180 λλᾶ
2429 5104 2748 5199 περιστερᾶς
2784 5142 2796 5154 ·
2829 5104 2930 5177 sed
2962 5104 3020 5175 et
3049 5135 3118 5173 ex
3150 5104 3348 5172 Latine
3379 5104 3600 5199 edit.an
3626 5104 3768 5199 Cir:

2120 5199 2282 5254 derio
2309 5176 2527 5254 etiam}
2559 5201 2614 5254 in
2650 5176 2868 5252 Lucam
2904 5176 3030 5263 Cap.
3063 5206 3149 5263 ιιι,
3183 5202 3326 5263 num
3379 5183 3471 5263 33,
3502 5177 3602 5263 ubi
3648 5176 3771 5263 haec

2122 5250 2439 5326 Clementis
2453 5250 2547 5325 ita
2561 5250 2789 5324 sonant
2811 5281 2826 5322 :
2851 5263 2964 5320 Non
2974 5250 3078 5316 'hic
3104 5250 3472 5326 hominis,sed
3492 5250 3774 5326 cotumbaz

2117 5322 2545 5399 sibiitititdivnciu
2579 5322 2722 5397 beas
2779 5333 3121 5405 assumpsit;
3169 5329 3304 5406 quia
3353 5322 3584 5406 petebat
3624 5336 3773 5406 flio-va

2118 5393 2750 5485 ᾓὶὶᾶὶιτὶὶῆᾝῇῥᾶνῖιὲόηε
2791 5393 3022 5480 spiritus
3066 5393 3772 5485 ριν-ὀρίαηιὺκὲξζξςῑξίιξ-

2117 5466 2780 5555 ἀπέλιζδίῑῆβιιςθάιείη
2808 5466 2873 5555 ἀρ
2925 5466 3408 5555 τηαηξυειυοιίκενη
3457 5466 3764 5555 declarare

2118 5535 2966 5624 Eéié'éh’iﬁiiaiiei;"astutiam
2997 5547 3189 5624 priore
3239 5546 3364 5624 loco
3413 5543 3593 5622 verba
3639 5535 3767 5624 Cle:

2120 5610 2674 5702 [B'ériiiﬁéhlﬁiu'm
2728 5610 3097 5686 immutasse,
3131 5623 3197 5673 ut
3254 5615 3428 5688 plena
3479 5610 3768 5683 inciperet

2119 5701 2415 5774 periodus.
2449 5701 2632 5759 GRAB.
