4124 6402
345 433 453 490 767

1591 439 2005 495 CLEMENTIS
2042 438 2551 493 ALEXANDRINI

3670 413 3782 470 768

343 558 507 615 tibus
536 559 692 617 Deus
723 559 1138 629 comminatur,
1161 578 1352 634 pcsna.
1377 560 1574 617 Rectis
1595 562 1753 618 enim
1777 560 1998 616 bonum

2144 555 2477 628 ιατάλληλος
2534 553 2862 631 ἐπαγγελία,
2912 548 3037 608 οὔτε
3091 549 3128 620 ἡ
3183 551 3302 609 τοῖς
3379 541 3777 634 πλαγιάζουσιν

348 665 411 704 se
443 650 659 720 praebet
689 650 1008 719 Dominus;
1049 651 1416 707 declinantes
1445 667 1581 707 vero
1614 650 1685 707 ad
1719 655 2014 707 tortuosos

2144 645 2478 719 ᾗπειλημένη
2539 628 2784 707 κόλασις.
2822 641 3099 720 Ἀγαθύνει
3142 638 3245 715 γὰρ
3301 638 3420 697 τοῖς
3449 628 3781 720 εὐθέσιᾼΚᾷ-

351 738 675 803 anfractus,
722 739 961 796 abducit
1010 740 1081 795 ad
1134 745 1352 796 sortem
1403 757 1605 796 eorum
1657 739 1755 811 qui
1790 739 2014 811 operati

2144 758 2241 799 ›ιος
2276 718 2445 799 ’τοὺς
2479 733 2536 792 δὲ
2565 718 2916 796 ἐκκλίνοντας
2949 731 3026 794 εἰς
3083 729 3176 792 τὰς
3225 721 3590 813 πραγγαλιᾶς
3633 718 3777 813 ἇπάς

350 831 492 883 sunt
521 827 914 899 iniquitatem.
950 829 1014 884 Et
1043 845 1168 886 cum
1224 829 1513 885 innocente
1546 833 1805 886 innocens
1832 837 1933 898 est,
1961 833 2014 884 et

2144 847 2204 901 πει
2267 827 2404 900 μετὰ
2454 829 2565 881 τῶν
2618 821 2996 901 ἐργαζομένων
3052 820 3151 889 τὴν
3199 814 3452 903 ἀνομίαν.
3486 810 3585 903 καὶ
3646 809 3781 903 μετᾷ

349 930 474 972 cum
496 916 776 989 perversis
801 934 1091 990 perversus
1121 920 1217 988 (al,
1243 923 1299 975 et
1323 919 1581 990 obliquis
1612 919 1881 990 obliquas
1903 918 2012 974 im-

350 1005 534 1061 mittit
565 1007 707 1063 vias.

788 1122 919 1180 Alia
951 1124 1249 1181 Clementis
1279 1123 1575 1194 allegoria.

423 1229 579 1286 Deus
609 1230 834 1285 homini
887 1231 959 1286 ad
1015 1231 1471 1287 similitudinem
1524 1247 1690 1287 suam
1726 1230 1877 1287 facto
1909 1230 2020 1286 for-

355 1334 514 1374 mam
547 1335 718 1374 suam
753 1319 1151 1391 splendidam,
1203 1320 1369 1375 velut
1398 1319 1659 1392 sigillum
1693 1319 2014 1374 maximum

354 1407 680 1480 impressit,
713 1414 780 1464 ut
808 1410 1089 1465 omnibus
1140 1410 1460 1481 imperaret
1506 1414 1564 1463 et
1592 1409 2017 1473 dominaretur,

351 1502 411 1554 et
438 1504 654 1553 cuncta
685 1498 770 1553 illi
802 1500 1111 1553 servirent.
1151 1500 1284 1555 ldeo
1310 1500 1538 1569 judicat
1562 1499 1717 1554 Deus
1738 1504 1925 1553 totum
1956 1514 2021 1553 se

352 1591 412 1642 et
442 1586 761 1659 imaginem
814 1588 906 1642 sui
937 1587 1238 1642 hominem
1291 1604 1442 1643 esse.
1493 1587 1792 1658 Quidquid
1841 1586 2023 1659 igitur

353 1675 580 1731 homini
613 1674 813 1731 fecerit
842 1675 1061 1747 aliquis
1091 1677 1209 1731 sive
1239 1677 1376 1732 boni
1411 1676 1534 1731 sive
1564 1675 1729 1743 mali,
1752 1676 1811 1730 in
1840 1681 2017 1731 Deum

350 1766 624 1821 refertur.
658 1765 792 1820 ldeo
826 1780 894 1820 ex
924 1765 1335 1834 illojudicium
1368 1765 1651 1821 omnibus
1681 1781 1787 1837 pro
1810 1763 2020 1820 merito

353 1870 462 1910 suo
511 1853 782 1911 tribuens
829 1854 1065 1913 veniet:
1100 1870 1272 1911 suam
1321 1854 1481 1912 enim
1527 1854 1844 1927 imaginem
1892 1850 2021 1910 vin-

355 1943 531 2000 dicat.

2124 900 2307 981 ἇθώου
2337 916 2515 978 ἁθῶός
2540 914 2675 982 ἐστι,
2694 900 2806 970 καὶ
2841 912 2979 986 μετᾶ
3008 904 3277 986 στρεϐλοῖ)
3325 900 3655 980 διαστρέφει,
3686 900 3777 955 καὶ

2120 1011 2240 1070 τοῖς
2272 1004 2524 1070 σκολιοῖς
2554 1003 2778 1067 σκολιὰς
2808 1000 2973 1066 ὁδοὺς
2996 995 3347 1056 ἀποστὶλλει.

2544 1120 2732 1192 ἈλΛη
2767 1117 2977 1195 Θεωρία
3008 1115 3129 1187 Κλή
3141 1132 3359 1188 μεντος.

2197 1231 2280 1303 Τῇ
2314 1230 2507 1301 ἑαυτοό
2539 1223 2832 1303 φωτοειδεῖ
2864 1228 3051 1303 μορφῇ
3083 1224 3112 1280 6
3142 1219 3295 1293 Θεὸς,
3325 1218 3400 1282 ὠς
3428 1215 3482 1274 ἐν
3533 1210 3788 1294 σφραγῖδι

2130 1319 2376 1395 μεγίστῃ,
2426 1319 2517 1374 τὸν
2574 1316 2625 1373 ὲν
2678 1316 2997 1389 ὁμοιώματι
3054 1313 3341 1387 ἄνθρωπον
3389 1304 3790 1395 ἐνετυπώσατο,

2128 1393 2278 1471 tina):
2339 1407 2400 1463 ἂν
2460 1406 2680 1463 πάντων
2735 1402 2886 1481 ἄρχῃ
2915 1402 3005 1459 καὶ
3037 1400 3283 1477 κυριεῦῃ,
3312 1397 3402 1455 καὶ
3431 1398 3604 1453 πάντα
3633 1393 3785 1481 αὐτῷ

2129 1494 2394 1572 δουλεύῃ.
2436 1497 2530 1552 Διὸ
2559 1496 2800 1572 κρίνεται
2890 1493 3020 1556 Θεὸς
3047 1491 3184 1548 εἶναι
3230 1491 3293 1545 τὸ
3326 1493 3431 1543 πᾶν
3481 1484 3640 1540 αὐτὸν
3690 1480 3783 1572 καὶ

2128 1588 2226 1656 τὴν
2278 1571 2471 1642 ἑαυτοῦ
2529 1571 2715 1640 εἰκότα
2759 1584 2851 1639 τὸν
2899 1579 3208 1655 ἄνθρωπον.
3242 1579 3417 1640 Οὗτος
3466 1573 3719 1652 ἀόρατος,
3748 1571 3786 1639 ἠ

2130 1674 2189 1732 δὲ
2235 1676 2402 1732 αὐτοῦ
2443 1674 2627 1743 εἰκὼν,
2662 1676 2690 1730 6
2748 1672 3051 1749 ἅνθρωπος,
3084 1669 3278 1745 ὁρατός
3309 1670 3406 1741 (9).
3431 1666 3500 1723 Ὃ
3545 1661 3636 1720 οὖν
3696 1658 3786 1717 ἐάν

2127 1783 2210 1825 τις
2255 1764 2557 1834 ποιήσηται
2605 1766 2716 1837 (10)
2763 1761 3059 1836 ἀνθρώπῳ,
3110 1758 3219 1814 εἴτε
3268 1754 3469 1832 ἀγαθὸν
3528 1751 3639 1808 εἴτε
3685 1770 3787 1806 κα-

2128 1854 2250 1924 κὸν,
2301 1853 2377 1914 εἷς
2432 1852 2640 1908 ἐκεῖνον
2698 1850 3041 1929 ἁναφιρεται.
3096 1848 3191 1903 Διὸ
3249 1846 3301 1917 ἐξ
3361 1843 3529 1900 αὐτοῦ
3583 1839 3791 1918 κρίσις,

2038 1937 2086 2004 Β
2118 1947 2249 1999 πᾶσι
2279 1942 2397 1998 κατ’
2426 1941 2572 2015 ἀξίαν
2622 1941 2997 2014 ἁπονὲμουσα,
3048 1935 3446 2015 παρελεύσεται
3477 1951 3488 1963 ·
3523 1932 3625 2002 τὴν
3680 1929 3790 2007 γὰρ

2112 2032 2282 2087 αὐτοῦ
2317 2032 2538 2110 μορφὴν
2569 2027 2796 2087 ἐκδικεῖ.

1978 2287 2167 2350 XVII.

1177 2395 1556 2473 Fragmenta
1587 2413 1728 2473 quae
1755 2394 1817 2455 in
1847 2395 2119 2456 editione
2146 2394 2482 2456 Oxoniensi
2511 2393 2972 2455 desiderantur.

967 2528 1132 2601 Apud
1160 2529 1219 2584 S.
1252 2528 1606 2585 Anastasium
1634 2529 1936 2600 Sinaitam,
1976 2536 2168 2602 quaest.
2200 2545 2349 2597 xcvi,
2379 2544 2511 2603 pag.
2543 2528 2642 2584 401
2677 2526 2808 2585 edit.
2848 2527 3180 2585 novissimae.

428 2643 940 2707 Quemadmodum
974 2643 1102 2700 fieri
1121 2648 1333 2716 potest,
1356 2650 1421 2700 ut
1450 2654 1508 2700 et
1531 2662 1687 2701 nunc
1708 2644 1884 2701 homo
1907 2648 2022 2701 tor-

355 2735 475 2787 met
504 2731 830 2800 hominem,
865 2750 932 2789 eo
960 2740 1131 2807 pacto
1184 2751 1301 2806 quo
1332 2734 1518 2790 Adam
1570 2736 1861 2790 formatus
1892 2739 2022 2805 est;

356 2818 415 2875 id
450 2825 645 2877 tamen
680 2839 797 2878 non
830 2822 915 2894 ﬁt,
965 2840 1031 2879 eo
1086 2825 1241 2895 quod
1275 2822 1503 2880 homini
1552 2823 1670 2879 vim
1705 2825 2024 2896 generandi

356 2908 625 2967 homines
655 2913 1031 2984 concesserit,
1057 2912 1253 2969 verbis
1277 2913 1395 2970 illis
1419 2914 1491 2969 ad
1513 2917 1784 2969 naturam
1809 2914 2022 2970 huma-

360 3015 496 3054 nam
530 2999 774 3072 prolatis
810 3017 822 3056 :
861 3001 1111 3071 Crescite,
1145 3012 1196 3057 et
1224 3002 1706 3075 multiplicamini,
1738 3007 1791 3059 et
1821 3004 2026 3075 replete

362 3097 565 3145 terram
596 3090 670 3161 (b)
698 3110 711 3161 ;
745 3091 829 3147 ita
855 3091 1258 3164 omnipotente
1284 3097 1341 3149 et
1370 3092 1611 3164 provida
1643 3110 1754 3148 sua
1782 3093 2022 3161 virtute,

358 3193 674 3251 corporum
720 3182 1139 3237 resolutionem
1171 3187 1227 3237 et
1271 3184 1730 3253 corruptionem,
1765 3181 2023 3237 naturali

362 3268 618 3339 quadam
650 3270 798 3325 serie
850 3275 909 3326 et
956 3270 1391 3341 consecutione,
1424 3269 1855 3327 elementorum
1890 3288 2022 3328 mu-

358 3356 571 3414 tationi
623 3359 891 3431 permisit
941 3364 998 3416 et
1041 3361 1361 3428 commisit,
1396 3361 1727 3416 secundum
1777 3359 2021 3416 insitam

357 3447 633 3503 essentia;
671 3448 834 3505 illius
878 3449 1273 3522 cognitionem
1325 3454 1382 3506 et
1410 3449 2020 3521 comprehensionem.

2201 2645 2405 2720 Ὠσπερ
2465 2639 2689 2698 δυνατὸν
2741 2641 2831 2697 καὶ
2874 2644 2967 2695 νῦν
3017 2636 3308 2713 ἄνθρωπον
3365 2633 3622 2692 πλάττειν
3700 2633 3796 2688 άν-

2134 2733 2413 2809 θρώπους,
2444 2734 2581 2788 κατὰ
2630 2732 2729 2802 τὴν
2792 2729 3058 2805 προτέραν
3112 2732 3210 2784 τοῦ
3239 2723 3425 2800 ’Δδᾶμ
3476 2721 3797 2792 διάπλασιν,

2135 2821 2233 2878 οὐκ
2284 2818 2362 2878 ἔτι
2413 2821 2557 2878 οὕτω
2605 2825 2757 2877 ποιεῖ
2804 2817 2894 2876 διὰ
2942 2820 3006 2875 τὸ
3054 2817 3194 2889 ἅπαξ
3225 2815 3664 2892 χαρίσασθαιτῷ
3701 2814 3798 2868 άνο

2135 2911 2343 2988 θρώπῳ
2402 2911 2722 2985 ἀνθρώπους
2778 2911 2992 2985 γεννᾷν,
3039 2904 3206 2962 εἰπὼν
3265 2903 3401 2980 πρὸς
3458 2902 3561 2972 τὴν
3630 2899 3793 2976 φύσιν

2134 3003 2296 3075 ἡμῶν
2326 3000 2411 3070 τὸ,
2440 2998 2742 3072 Αὒξάνεσθε
2786 2998 2875 3054 καὶ
2928 2995 3288 3066 πληθύνεσοε,
3319 2993 3410 3049 καὶ
3461 2990 3803 3067 πληρώσατε

2132 3092 2234 3160 τήν
2261 3098 2362 3168 γῆν
2400 3110 2412 3123 ’
2448 3090 2593 3145 οὕτω
2621 3092 2690 3155 τῇ
2722 3087 3090 3159 παντεξουσίῳ
3117 3084 3209 3141 καὶ
3253 3084 3598 3160 προνοητικῇ
3630 3079 3803 3135 αὐτοῦ

2136 3167 2363 3253 δυνάμει
2394 3178 2483 3235 καί
2512 3179 2614 3247 τὴν
2663 3182 2771 3234 τῶν
2806 3175 3077 3250 σωμάτων
3111 3171 3359 3230 διάλυσιν
3390 3170 3482 3227 καὶ
3510 3167 3801 3239 τελευτὴν,

2136 3272 2338 3347 φυσικῇ
2390 3289 2499 3323 τινι
2548 3265 2852 3338 ἀκολουθίᾳ
2897 3265 2987 3321 καὶ
3034 3264 3204 3337 τάξει,
3235 3267 3303 3337 τῇ
3351 3265 3461 3317 τῶν
3509 3257 3802 3347 στοιχείών

2138 3344 2421 3433 μεταϐολῇ
2479 3356 2805 3431 ᾠκονόμησε
2861 3355 3119 3432 γίνεσθαι,
3178 3354 3316 3409 κατὰ
3371 3352 3472 3422 τὴν
3551 3344 3799 3418 οὖσιώδη

2134 3445 2299 3504 αὐτοῦ
2331 3445 2657 3523 θεογνωσίαν
2688 3446 2777 3501 καὶ
2810 3442 3146 3520 κατάληψιν.

364 3573 599 3631 Joannes
633 3575 848 3641 Veccus,
880 3574 1203 3645 patriarcha
1231 3576 1365 3644 CP.,
1422 3578 1503 3632 De
1527 3575 1878 3705 processio?
1924 3575 2166 3704 διίἰνὶιυε
2208 3574 2414 3704 ἑιῖἐσιί.
2446 3604 2517 3616 -
2559 3573 2716 3646 Apud
2761 3575 2992 3630 Leonem
3019 3572 3308 3642 Allatium,
3359 3567 3536 3627 Grec.
3573 3562 3802 3624 orthod.

1866 3664 1942 3704 m.
2008 3689 2022 3705 .
2053 3665 2180 3705 paa.
2325 3689 2337 3702 .

1866 3664 1942 3704 m.
1977 3664 2022 3717 ι,
2049 3665 2180 3721 pag.
2208 3664 2337 3704 κω.

434 3761 544 3817 Sed
572 3764 631 3818 et
659 3760 931 3818 Clemens
963 3763 1354 3833 Stromateus,
1386 3763 1444 3818 in
1476 3763 1656 3820 variis
1686 3780 1835 3835 quas
1866 3778 2027 3821 com-

363 3849 563 3923 posuit
593 3851 1063 3918 deﬁnitionibus,
1083 3856 1140 3908 et
1159 3851 1379 3924 quibus
1400 3853 1594 3909 omnis
1620 3853 1701 3926 pii
1732 3854 2028 3927 dogmatis

363 3940 622 3995 rationes
654 3940 1119 4011 praescribuntur
1149 3941 1255 4011 illi,
1308 3942 1407 4013 qui
1438 3942 1795 4015 theologiam
1830 3958 2025 4016 perse-

367 4028 470 4102 qui
500 4028 774 4095 voluerit,
802 4030 1158 4086 definiturus
1191 4031 1329 4103 quid
1357 4031 1606 4104 Spiritus
1640 4036 1697 4087 et
1726 4036 1871 4103 quot
1901 4048 2027 4087 mo-

369 4117 462 4174 dis
491 4118 746 4185 dicatur,
779 4119 865 4176 ait
896 4135 909 4174 :
937 4119 1185 4192 Spiritus
1214 4124 1295 4176 est
1339 4121 1650 4178 substantia
1678 4120 2028 4193 tenuissima,

366 4209 623 4266 materiae
649 4211 700 4265 et
723 4209 921 4282 formae
953 4225 1165 4282 expers.

2210 3759 2390 3818 Ἀλλὰ
2419 3761 2508 3816 καὶ
2534 3760 2562 3815 6
2594 3758 2835 3834 Κλήμης
2867 3760 2895 3815 6
2930 3756 3292 3834 Στρωματεὺς
3323 3755 3378 3812 ἰν
3410 3756 3493 3818 οἷς
3548 3752 3798 3817 συνέθετο

2138 3847 2421 3929 διαφόροις
2476 3848 2653 3925 ὅροις,
2710 3847 2850 3905 ὥστε
2919 3847 3120 3909 παντὸς
3192 3839 3448 3907 εὐσεϐοῦς
3525 3839 3800 3917 δόγματος

2136 3945 2496 4017 προηγεῖσθαι
2545 3937 2741 4003 αὐτοὺς
2789 3942 2870 4009 τῷ
2932 3935 3260 4015 βουλομένῳ
3288 3934 3577 4010 θεολογίαν
3614 3930 3799 4004 μετιὲ-

2136 4048 2243 4098 ναι,
2304 4028 2626 4104 ὁριζόμενος
2683 4028 2737 4082 τί
2783 4030 3020 4100 πνεῦμα,
3071 4025 3160 4081 καὶ
3236 4025 3502 4098 ποσαχῶς
3576 4017 3801 4096 λέγεται

2139 4122 2377 4192 πνεῦμα,
2410 4117 2547 4195 φησί
2582 4137 2594 4151 ο
2634 4121 2849 4190 Πνεῦμα
2878 4115 2974 4190 μὶν
3007 4111 3119 4171 ἔστι
3142 4112 3318 4183 λεπτή
3347 4109 3440 4167 καὶ
3487 4105 3656 4172 ἅϋλος
3704 4109 3801 4164 καὶ

2137 4207 2557 4283 ἀσχημάτιστος
2589 4205 2949 4278 ἑκπορευτική
2982 4204 3230 4281 ὕπαρξις.

445 4355 531 4409 Ea:
554 4352 846 4425 Nicephori
876 4352 979 4409 ΕΡ.
1015 4354 1389 4410 Antirrhetico
1418 4352 1638 4410 inedita
1667 4352 1938 4409 adversus
1965 4354 2351 4410 lcanoclastas.
2382 4383 2453 4394 —
2496 4351 2681 4408 Edidit
2710 4350 2997 4425 Graecast
3036 4350 3237 4425 latine
3264 4347 3324 4406 γ.
3366 4345 3430 4405 C.
3467 4343 3731 4404 Nicolaus

942 4427 992 4481 le
1019 4427 1236 4498 Nourry
1267 4427 1326 4480 in
1360 4426 1622 4498 Apparet.
1649 4425 1720 4481 ad
1750 4425 1998 4481 biblioth.
2030 4425 2136 4482 SS.
2167 4429 2416 4492 Petrum,
2456 4432 2585 4481 tam.
2620 4426 2663 4494 Ι,
2701 4440 2834 4497 pag.
2867 4423 3027 4479 4334.
3060 4425 3127 4479 Δ.
3159 4421 3223 4477 Β.

375 4542 669 4600 Clementis
694 4542 1006 4616 presbyteri
1052 4542 1433 4600 Alexandrini
1482 4560 1511 4600 e
1560 4543 1701 4601 libro
1725 4553 1914 4601 contra
1945 4558 2033 4601 eos

675 4616 772 4687 qui
798 4615 1118 4673 Juda’orum
1148 4631 1363 4672 errares
1394 4618 1720 4687 sequuntur.

445 4721 718 4778 Salomon
750 4722 988 4779 Davidis
1015 4722 1194 4790 ﬁlius,
1227 4724 1289 4779 in
1322 4722 1492 4779 libris
1516 4723 1874 4797 Regnorum,
1898 4740 2030 4779 cum

2062 4654 2110 4719 D

2286 4538 2608 4616 Κλήμεντος
2639 4536 3006 4617 πρεσβυτέρου
3037 4532 3440 4617 Ἄλεξανδρείας
3469 4533 3530 4591 tu
3557 4536 3656 4589 τοῦ

2658 4608 2805 4668 Κατὰ
2834 4608 3268 4680 Ἰουδαϊζόντὼν.

2217 4719 2490 4794 Σολομῶν
2548 4720 2578 4777 ὁ
2628 4722 2726 4776 τοῦ
2785 4713 2952 4774 Δαϐὶδ
3007 4721 3159 4785 παῖς,
3207 4714 3261 4770 ἐν
3313 4717 3432 4777 ταῖς
3488 4708 3806 4775 Βασιλείαις

372 4815 735 4868 structuram
768 4813 887 4868 veri
920 4811 1123 4884 templi
1149 4827 1264 4868 non
1297 4811 1490 4868 solum
1508 4811 1803 4869 ccelestem
1826 4829 1958 4868 esse
1978 4816 2025 4868 et

2144 4809 2626 4890 ἐπιγραφομέναις,
2653 4810 2753 4879 τὴν
2811 4813 2909 4864 τοῦ
2967 4802 3234 4879 ἀληθινοῦ
3293 4804 3400 4860 νεὼ
3440 4801 3803 4871 κατασκευήν,

371 4901 722 4974 spiritalem,
748 4904 850 4957 sed
876 4902 948 4958 ad
981 4918 1220 4958 carnem
1253 4918 1510 4974 quoque,
1535 4918 1713 4975 quam
1738 4901 1897 4958 ﬁlius
1927 4904 2033 4960 Da-

368 4990 521 5048 vidis
550 4996 609 5049 st
640 4991 922 5048 Dominus
953 4992 1356 5048 tediticaturus
1385 4998 1530 5063 erat,
1564 4996 1830 5065 spectare
1860 4990 2032 5048 intel-

369 5080 578 5154 ligeret
609 5098 623 5138 :
651 5086 832 5154 atque
852 5080 1122 5137 eamdem
1145 5086 1505 5138 structuram
1529 5082 1600 5138 ad
1624 5083 1755 5154 ejus
1776 5098 2033 5154 praesen-

439 5217 518 5291 (a)
550 5215 705 5273 Psal.
737 5231 877 5286 xvu,
907 5216 1011 5286 27;
1046 5216 1096 5273 II
1127 5219 1264 5289 Reg.
1295 5232 1432 5285 χχιι,
1462 5216 1554 5271 27.
1633 5217 1708 5286 (b)
1736 5215 1877 5273 Gen.
1909 5232 1951 5284 ι,
1981 5216 2072 5274 28.

440 5343 516 5470 φ)
550 5342 644 5397 Διὸ
689 5342 937 5426 ,κρίνεται
988 5343 1017 5398 6
1066 5341 1262 5406 Θεὸς...
1290 5342 1689 5430 ὁρᾳτόςηοιιὶᾶ
1745 5342 1856 5426 hoc
1914 5341 2029 5424 sibi

440 5466 441 5470 η
472 5421 495 5470 t
525 5434 538 5470 :
569 5416 785 5470 Iudicat
818 5417 960 5470 Deus
989 5419 1161 5470 totum
1189 5431 1245 5470 se
1273 5421 1327 5470 et
1357 5431 1665 5470 zmaainem
1720 5429 1806 5469 sui
1850 5415 2027 5469 homi-

367 5413 538 5474 vult':
569 5415 785 5474 Iudicat
818 5417 960 5473 Deus
989 5419 1161 5473 totum
1189 5431 1245 5471 se
1273 5413 1332 5471 et
1357 5413 1665 5486 imaginem
1720 5415 1808 5469 sui
1850 5413 2027 5469 homi-

365 5503 494 5544 nem
517 5492 669 5544 esse?
696 5489 858 5544 Adde
892 5488 1043 5560 quod
1079 5489 1370 5560 integram
1404 5488 1709 5560 periodum
1764 5486 2031 5560 omiserit

370 5561 682 5631 interpres.
718 5561 829 5616 Sed
865 5557 1180 5631 antequam
1212 5557 1393 5614 aliam
1409 5557 1755 5631 versionem
1804 5557 2027 5631 substi-

370 5626 559 5702 tuam',
589 5630 856 5702 Graecum
916 5626 1141 5702 textum
1203 5631 1287 5702 sic
1339 5630 1589 5702 emendo
1624 5646 1636 5684 :
1670 5626 1764 5702 Διὸ
1787 5626 2028 5702 κρίνεται

374 5700 565 5771 οθεὸς
595 5701 727 5755 εἶναι
771 5700 941 5755 τύπον
969 5701 1135 5757 αὐτοῦ
1163 5701 1255 5756 rei
1304 5702 1402 5771 τήν
1463 5700 1656 5756 ἑαυτοῦ
1700 5697 1883 5755 εἰκόνα
1936 5699 2026 5755 τὸν

377 5769 690 5848 ἄνθρωπον,
719 5793 770 5829 κ.
804 5794 854 5828 τ.
889 5770 940 5830 λ.
974 5775 1067 5830 Sic
1100 5777 1297 5830 autem
1346 5769 1702 5847 interpretor
1732 5788 1745 5829 :
1780 5773 1902 5831 Ideo
1938 5774 2028 5842 iu-

2144 4900 2317 4963 συνεὶς
2377 4900 2442 4955 οὗ
2505 4901 2670 4971 μόνον
2721 4897 3043 4974 ἐπουράνιον
3093 4898 3231 4952 εἶναι
3279 4893 3371 4950 καὶ
3399 4891 3803 4965 πνευματικὴν,

2141 4986 2252 5059 ἤδη
2288 4986 2346 5043 δὲ
2369 4986 2457 5044 καὶ
2489 4986 2566 5051 είς
2596 4988 2695 5057 τήν
2726 4988 2897 5063 σάρκα
2928 4984 3224 5064 διαφέρειν,
3253 4984 3323 5052 ἣν
3368 4977 3601 5056 ἔμελλεν
3643 4979 3803 5035 οἷκο-

2144 5076 2334 5153 δομεῖν
2394 5079 2423 5132 ὁ
2469 5080 2566 5132 τοῦ
2625 5071 2792 5132 Δαϐὶδ
2849 5075 2968 5139 υἱός
3024 5095 3083 5130 τε
3137 5073 3227 5129 καὶ
3253 5072 3474 5148 Κύριος,
3504 5068 3583 5132 εἴς
3609 5089 3672 5126 τε
3699 5072 3803 5140 τὴν

2138 5342 2287 5399 dicat
2314 5343 2452 5399 Deus
2481 5352 2676 5415 typum
2705 5357 2801 5415 seu
2821 5340 3186 5415 simulacrum
3212 5339 3302 5394 sui
3330 5352 3446 5415 esse
3473 5336 3763 5393 hominem
3782 5353 3805 5392 .-

2142 5414 2235 5471 hic
2270 5414 2476 5486 (Deus)
2506 5412 2817 5486 invisibilis
2847 5422 2944 5486 est,
2977 5414 3100 5486 eius
3139 5414 3325 5486 autem
3351 5412 3571 5486 imago,
3603 5423 3808 5486 nempe

2140 5479 2321 5551 homo,
2366 5479 2632 5542 visibilis.
2668 5489 2754 5543 Ita
2801 5489 2871 5541 V.
2907 5485 2969 5542 C.
3010 5482 3291 5540 Claudius
3324 5479 3804 5554 Cappcronnier,

2140 5558 2213 5614 ab
2245 5558 2463 5613 calcem
2497 5563 2639 5613 tom.
2678 5560 2696 5614 l
2732 5558 2995 5614 Thesauri
3024 5553 3350 5621 Canasiani,
3382 5552 3516 5626 pag.
3546 5552 3673 5626 766.

2138 5630 2325 5759 GUO)
2374 5630 2703 5699 Ποιήσηται.
2766 5629 2863 5686 Vel
2929 5629 3158 5700 ποιήσῃ.
3217 5626 3303 5681 ita
3357 5623 3501 5681 sane
3556 5623 3801 5697 legitur.

2190 5718 2323 5758 ΒΑΕ.

2190 5718 2323 5758 RAB.
