4124 6400
343 501 460 554 769

1834 494 2308 551 FRAGMENTA.

3673 501 3779 555 770

340 621 511 678 αὐτοῦ
586 619 910 691 παρουσίαν,
970 614 1093 672 ἔνθα
1171 614 1551 692 καθιδρύεσθαι
1634 616 1874 688 καθάπερ
1949 634 2041 684 τι⁴

2156 617 2282 683 iam,
2306 634 2405 688 per
2435 632 2610 688 quam
2643 617 3026 673 constituerat
3057 618 3317 690 aliquam
3351 620 3529 677 veluti
3553 623 3777 680 anima-

338 708 564 787 ἄγαλμα
613 706 865 784 ἔμψυχον
921 705 1227 782 διεγνώκει,
1260 703 1336 769 εἷ¹ς
1383 726 1440 760 τε
1491 707 1590 774 τὴν
1620 707 1758 760 κατά
1785 701 2010 759 σύνοδον

338 801 579 861 πίστεως
623 797 980 875 ἐγειρομένην
1035 795 1387 867 Ἐκκλησίαν,
1419 796 1558 850 κατὰ
1611 793 1754 866 λέξιν
1815 792 2010 867 λέγει·

340 891 409 946 Εἰ
470 889 697 960 ἀληθῶς
757 889 863 964 ἄρα
917 887 1235 954 κατοικήσει
1296 885 1426 948 Θεὸς
1509 885 1644 957 μετά
1707 883 2010 956 ἀνθρώπων

343 979 436 1035 ἐπὶ
466 985 566 1047 τῆς
600 980 746 1053 γῆςς
781 981 1043 1034 Κατοικεῖ
1100 973 1157 1029 δὲ
1214 974 1302 1028 έπὶ
1359 981 1460 1044 τῆς
1512 976 1636 1049 γῆς,
1663 972 1833 1046 σάρκα
1861 989 2014 1043 περι-

345 1064 722 1140 ϐαλλόμενος,
779 1067 870 1122 καὶ
957 1065 1091 1136 μετᾶ
1145 1065 1444 1137 ἀνθρώπων
1499 1063 1645 1134 αύτῷ
1695 1060 2014 1130 κατοίκησις

343 1156 556 1233 γίνεται
618 1154 670 1210 έν
729 1158 800 1228 τῇ
848 1155 985 1210 κατᾶ
1037 1153 1166 1214 τοὺς
1216 1150 1464 1214 δικαίους
1515 1154 1758 1216 συνθέσει
1811 1171 1871 1204 τε
1927 1148 2016 1204 καὶ

345 1245 616 1322 ἁρμονίᾳ,
666 1245 796 1299 νεὼν
857 1245 1012 1319 ἅγιον
1063 1242 1410 1317 ἐργαζομένῳ
1467 1262 1524 1295 τε
1577 1240 1667 1295 καὶ
1720 1239 2015 1294 άνιστάντι.

344 1341 424 1404 Γῆ
454 1336 559 1410 γὰρ
593 1334 645 1388 οἱ
679 1331 907 1398 δίκαιοι,
937 1334 1038 1400 τήν
1068 1338 1168 1407 γῆν
1201 1327 1278 1385 ἔτι
1331 1329 1704 1405 περικείμενοι
1738 1347 1750 1359 ·
1784 1328 1874 1383 καὶ
1923 1333 2021 1403 γῆ,

349 1425 428 1486 ὡς
480 1423 620 1497 πρὸς
666 1423 730 1477 τὸ
792 1422 1027 1496 μέγεθος
1097 1415 1590 1495 παραϐαλλόμενοι
1639 1422 1736 1474 τοῦ
1791 1418 2021 1492 Κυρίου.

345 1517 531 1568 Ταῦτά
586 1532 676 1567 τοι
721 1513 813 1567 καὶ
844 1513 873 1565 ὁ
904 1513 1169 1586 μακάριος
1223 1511 1427 1584 Ιιέτρος
1458 1509 1559 1564 οὐκ
1606 1508 1755 1563 ὀκνεῖ
1805 1505 1979 1582 λέγειν
2007 1524 2021 1538 ·

350 1603 463 1660 Καὶ
535 1601 693 1658 αὐτοὶ
775 1602 852 1665 ὡς
913 1599 1062 1656 λίθοι
1129 1605 1326 1670 ζῶντες
1402 1597 1827 1672 οἰκοδομεῖσθε,
1876 1597 2026 1660 οἶκος

350 1692 766 1766 πνευματικὸς,
834 1691 1130 1766 ἱεράτευμα
1227 1691 1420 1765 ἅγιον,
1480 1689 1754 1763 ἀνενέγκαι
1861 1707 2026 1742 πνευ-

362 1782 596 1856 ματικὰς
667 1779 853 1845 θυσίας
926 1780 1020 1841 τὰς
1092 1776 1430 1854 προσδεκτὰς
1490 1782 1570 1850 τῷ
1617 1782 1736 1850 Θεῷ
1781 1775 1871 1831 διὰ
1918 1777 2026 1845 Ἰησ-

361 1877 461 1928 σοῦ
509 1873 768 1946 Χριστοῦ.
800 1868 926 1927 Ἑπί
961 1865 1020 1923 δὲ
1047 1873 1146 1924 τοῦ
1195 1868 1469 1942 σώματος,
1504 1868 1533 1922 ’ὁ
1579 1867 1716 1922 κατὰ
1765 1885 2028 1940 περιγρα-

2121 710 2239 759 tam
2271 705 2542 760 collocari
2590 711 2868 774 statuam,
2901 709 3198 778 simulque
3230 711 3301 764 ad
3337 711 3649 767 Ecclesium
3685 731 3780 769 se—

2120 795 2378 848 cundum
2410 795 2908 852 ﬁdeiconsensum
2933 797 3239 851 excitatam
3267 800 3780 873 pertinerecogno-

2124 888 2347 951 sceret;
2384 884 2476 938 bis
2510 883 2693 938 utitur
2724 887 2916 939 verbis
2950 903 2962 940 :
3013 887 3155 940 Num
3186 903 3310 941 vero
3340 889 3480 943 Deus
3509 889 3783 946 habitabit

2121 988 2245 1026 cum
2283 972 2600 1027 hominibus
2627 989 2795 1044 super
2827 983 3029 1029 terram
3064 977 3190 1046 (a)?
3241 977 3500 1032 Profecto
3555 979 3784 1036 habitat

2126 1078 2305 1132 super
2331 1067 2570 1130 terram,
2593 1079 2767 1118 carne
2800 1064 3084 1128 indutus;
3111 1082 3337 1135 suaque
3368 1083 3499 1121 cum
3518 1068 3702 1138 justis
3727 1075 3785 1125 et

2127 1153 2542 1220 conjunctione
2570 1157 2627 1207 et
2655 1153 2966 1207 concordia
2998 1154 3062 1208 ﬁt
3092 1172 3221 1208 cum
3260 1157 3603 1213 hominibus
3652 1161 3783 1228 ejus

2131 1240 2432 1308 habitatio,
2468 1247 2780 1312 postquam
2823 1250 3089 1297 sanctum
3153 1244 3413 1299 condidit
3472 1247 3781 1318 templum,

2132 1329 2393 1400 illudque
2422 1331 2730 1385 exstruxit.
2763 1332 2941 1386 Terra
2972 1333 3186 1404 quippe
3208 1334 3356 1403 justi
3403 1343 3543 1390 sunt
3594 1337 3786 1391 homi-

2134 1435 2260 1488 nes,
2285 1425 2496 1474 terram
2528 1421 2720 1475 adhuc
2754 1421 3076 1476 incolentes
3112 1439 3124 1476 :
3177 1428 3334 1477 terra
3365 1441 3592 1494 qniique
3624 1434 3785 1495 sunt,

2133 1507 2182 1562 si
2216 1525 2348 1562 cum
2384 1509 2482 1564 Dei
2517 1510 2922 1581 magnitudine
2955 1519 3391 1583 comparentur.
3422 1514 3549 1569 Haec
3580 1520 3636 1569 et
3653 1533 3789 1570 san-

2136 1604 2262 1652 ctus
2295 1601 2501 1653 Petrus
2534 1615 2646 1652 non
2680 1599 2910 1654 dubitat
2943 1600 3135 1655 dicere
3168 1617 3180 1655 :
3231 1603 3295 1656 Et
3355 1601 3461 1673 ipsi
3514 1608 3791 1674 tanquam

2136 1686 2345 1757 lapides
2394 1687 2508 1741 vivi
2554 1687 3113 1758 superaedi/icamini,
3145 1689 3336 1746 domus
3373 1692 3663 1763 spiritalis,
3695 1710 3792 1748 sa-

2135 1775 2437 1830 cerdotium
2490 1785 2764 1840 sanctum,
2799 1777 2996 1848 oﬂ'erre
3041 1778 3326 1848 spiritales
3378 1785 3604 1849 bestias,
3638 1799 3792 1838 acce-

2133 1864 2368 1937 ptabiles
2398 1865 2504 1920 Deo
2529 1869 2846 1936 perJesum
2879 1865 3169 1922 Christum
3221 1870 3313 1940 (b).
3351 1868 3586 1926 Habitat
3637 1879 3691 1927 et
3730 1872 3791 1927 in

365 1964 475 2040 φὴν
527 1960 696 2016 τόπον
746 1955 929 2024 ἔνθεον
981 1958 1154 2030 ἑαυτῷ
1194 1962 1522 2032 καθιέρωσεν
1571 1957 1658 2012 ἐπὶ
1696 1962 1798 2032 γῆς
1842 1957 1869 2009 ὁ
1917 1952 2028 2010 Κύ-

590 2049 648 2061 ,.
885 2050 914 2061 -
1091 2048 1105 2061 .
1277 2046 1290 2061 .
1456 2050 1480 2061 ..
1734 2045 1749 2061 .
1814 2043 1828 2061 .

2156 1969 2379 2026 torpore
2411 1955 2566 2025 quod
2597 1955 2921 2010 secundum
2980 1955 3606 2029 circumscriptionem,
3641 1961 3795 2015 sicut

374 2073 512 2128 ριος,
574 2049 805 2120 Λύσατε,
863 2050 1000 2118 εἶπε,
1052 2048 1144 2103 τὸν
1203 2046 1329 2103 ναὸν
1388 2050 1602 2116 τοῦτον,
1662 2045 1751 2100 καὶ
1810 2043 1861 2100 έν
1912 2065 2029 2120 τρι-

381 2142 460 2195 σὶι
516 2136 754 2213 ἡμέραις
807 2135 978 2212 έγερῶ
1036 2135 1220 2192 αὐτόν.
1273 2136 1440 2192 Εἶπον
1503 2135 1594 2190 οῦν
1654 2135 1707 2190 οἳ
1748 2131 2030 2189 Ἰουδαῖοι·

384 2228 789 2304 Τεσσεράκοντα
865 2226 957 2281 καὶ
1029 2223 1085 2296 ἓξ
1145 2222 1313 2280 ἔτεσιν
1373 2225 1401 2278 ὁ
1453 2225 1581 2285 ναὸς
1655 2224 1812 2285 οὗτος
1890 2223 2035 2294 ᾠκο-

385 2315 621 2390 δομήθη,
673 2317 765 2372 καὶ
833 2314 894 2371 σὺ
981 2312 1034 2370 ἰν
1111 2314 1285 2391 τρισὶν
1353 2314 1586 2390 ἡμέραις
1666 2312 1869 2390 ἐγερεῖς
1942 2310 2036 2366 αύ-

378 2407 468 2463 τόν
498 2426 512 2478 ;
545 2408 784 2468 Ἐκεῖνος
841 2401 900 2462 δὲ
954 2403 1106 2478 ἔλεγε
1155 2404 1278 2481 περὶ
1327 2409 1426 2460 τοῦ
1476 2407 1607 2460 ναοῦ
1654 2407 1751 2459 τοῦ
1781 2403 2036 2476 σώματος

375 2497 564 2554 αὐτοῦ.

2141 2041 2336 2098 locum
2369 2041 2655 2111 divinum,
2680 2043 2792 2100 sibi
2822 2044 3108 2101 Dominus
3139 2062 3317 2117 super
3348 2052 3563 2104 terram
3595 2066 3796 2106 conse-

2146 2131 2346 2189 cravit.
2408 2133 2636 2198 Solvite,
2692 2134 2884 2205 inquit
2929 2136 3192 2206 templum
3241 2136 3358 2204 hoc,
3393 2147 3444 2194 et
3498 2138 3561 2194 in
3617 2141 3797 2196 tribus

2145 2221 2336 2278 diebus
2360 2222 2608 2279 excitabo
2640 2223 2802 2278 illud.
2831 2224 3106 2279 Dixerunt
3128 2241 3256 2293 ergo
3273 2225 3459 2284 Judaei
3477 2246 3498 2282 .·
3544 2228 3796 2296 Quadra-

2147 2314 2305 2381 ginta
2334 2317 2384 2368 et
2413 2328 2510 2368 sea:
2539 2314 2703 2368 annis
2733 2312 3067 2382 adiﬁcatum
3096 2325 3178 2370 est
3205 2317 3491 2388 templum,
3527 2321 3580 2372 et
3632 2326 3691 2374 tu
3737 2320 3799 2374 in

2149 2403 2324 2457 tribus
2351 2400 2543 2458 diebus
2571 2403 2842 2458 excitabit
2872 2403 3012 2459 illud
3040 2407 3065 2456 .9
3118 2404 3218 2460 Ille
3262 2414 3447 2462 autem
3488 2407 3702 2464 dicebat
3729 2409 3801 2465 de

2150 2493 2346 2562 templo
2376 2509 2622 2564 corporis
2651 2495 2742 2548 sui
2771 2493 2863 2564 (c).

662 2608 756 2662 Ex
783 2603 970 2662 codice
998 2605 1291 2660 chartaceo
1324 2602 1584 2660 biblioth.
1618 2605 1763 2676 regis
1796 2599 2264 2660 Christianissimi
2289 2601 2508 2670 signato
2537 2619 2594 2656 η.
2626 2601 2788 2656 2431.
2825 2632 2887 2642 -
2919 2603 3057 2658 Ibid.
3088 2619 3218 2672 pag.
3253 2604 3412 2661 l336.
3446 2610 3514 2663 A.

373 2700 816 2777 Tobdrpmdmu
846 2701 935 2777 καὶ
971 2702 1389 2777 μακαριῳτάτου
1430 2700 1772 2777 Κλῄμεντος,
1805 2694 2040 2777 πρεσϐυς

444 2769 609 2847 τέρὸυ
639 2769 1074 2850 ξΛλεξανδρείας,
1106 2769 1204 2829 τοῦ
1238 2769 1634 2850 Στρωματέὼς,
1668 2774 1728 2828 ἐκ
1764 2769 1861 2828 τοῦ
1909 2769 2042 2846 Περὶ

449 2844 720 2923 Προνοίας
752 2844 950 2921 λόγου.

446 2953 510 3010 Τί
541 2954 674 3017 Θεός
698 2974 712 3023 ;
737 2955 868 3017 Θεός
894 2952 1059 3020 ἐστιν,
1091 2953 1165 3016 ὡς
1195 2953 1284 3008 καὶ
1321 2953 1349 3006 ὁ
1377 2952 1576 3026 Κύριος
1606 2950 1773 3027 λέγει,
1806 2956 2040 3025 πνεῦμα.

376 3048 605 3116 Πνεῦμα
634 3041 691 3098 δέ
721 3042 832 3099 ἐστι
863 3041 1069 3117 κυρίως
1102 3041 1256 3096 ούσία
1282 3041 1573 3114 ἀσώματος
1595 3041 1685 3096 καὶ
1712 3040 2044 3117 ἀπερίγραπ-

371 3154 492 3196 τος.
525 3133 851 3205 Ἀσώματον
885 3128 943 3186 δέ
972 3131 1113 3186 ἐστιν
1146 3131 1176 3186 ὃ
1211 3132 1287 3204 μὴ
1331 3127 1756 3204 συμπληροῦται
1804 3132 2040 3204 σώματι,

2151 2699 2499 2756 Sanctissimi
2553 2717 2617 2755 ac
2672 2700 2986 2755 beatissimi
3060 2703 3389 2767 Clementis,
3449 2705 3803 2761 Alexandriae

2221 2774 2549 2898 prgsbgteri,
2584 2771 2922 2827 Stromatum
2949 2774 3211 2840 auctoris,
3242 2791 3312 2830 ex
3349 2777 3490 2832 libro
3537 2777 3618 2832 De
3666 2777 3806 2833 Pro—

2223 2861 2274 2898 νι
2322 2861 2390 2898 en
2427 2861 2498 2898 1a.

2223 2861 2498 2899 Vlaenua.

2223 2950 2370 3015 Quid
2404 2955 2494 3004 est
2525 2955 2678 3004 Deus
2700 2949 2727 3004 ?
2749 2950 2904 3005 Deus
2936 2950 3210 3018 est,sicut
3240 2955 3295 3006 et
3327 2952 3608 3009 Dominus
3641 2955 3803 3024 dicit,

2153 3039 2980 3112 spiritus(d).Spiritusautem
3005 3045 3091 3094 est
3118 3041 3349 3112 proprie
3373 3044 3807 3100 substantiain-

2153 3144 2430 3199 corporea
2459 3135 2516 3182 et
2544 3126 3070 3198 incircumscripta.
3107 3131 3520 3201 Incorporeum
3544 3148 3677 3187 vero
3696 3138 3805 3203 est,

377 3225 416 3295 ἢ
451 3223 514 3277 οῦ
567 3223 631 3277 τὸ
680 3222 814 3276 εἶναι
867 3221 971 3276 οὐκ
1016 3217 1130 3276 ἔστι
1176 3220 1314 3276 κατὰ
1350 3220 1414 3275 τὸ
1463 3218 1695 3288 πλάτος,
1732 3226 1910 3291 μῆκος
1947 3224 2038 3275 καί

2156 3218 2309 3289 quod
2342 3233 2455 3271 non
2490 3221 2722 3272 constat
2753 3233 3011 3287 corpore,
3039 3216 3124 3272 vel
3158 3221 3308 3287 quod
3347 3237 3461 3275 non
3485 3225 3574 3276 est
3595 3237 3805 3277 secun-

385 3313 575 3387 βάθος.
606 3310 1043 3386 Ἀπερίγραπτον
1078 3307 1135 3364 δέ
1165 3311 1308 3365 ἔστιν
1337 3308 1397 3364 ού
1427 3308 1619 3380 τόπος,
1653 3306 1834 3372 οὐδεὶς
1879 3310 2048 3375 τόπος

381 3402 448 3457 τὸ
478 3400 618 3456 κατὰ
636 3400 812 3456 πάντα
840 3401 893 3455 έν
924 3405 1110 3468 πᾶσιν,
1141 3397 1232 3454 καί
1276 3398 1328 3454 έν
1379 3399 1590 3471 ἑκάστῳ
1639 3397 1796 3466 ὅλον,
1824 3399 1914 3454 καὶ
1967 3399 2050 3477 ἐφ’

383 3491 582 3546 δαυτοῦ
609 3488 672 3545 τὰ
711 3488 841 3544 αὐτό
875 3491 1006 3562 (11).

2158 3311 2300 3364 dum
2333 3307 2596 3377 longum,
2630 3305 2814 3360 latum
2849 3313 2906 3360 et
2948 3309 3330 3378 profundum.
3366 3311 3808 3368 Incirculnscri-

2158 3403 2326 3469 ptum
2357 3401 2554 3451 autem
2587 3403 2677 3450 est
2706 3395 2782 3462 id,
2808 3395 2964 3465 quod
2999 3412 3113 3450 non
3146 3403 3235 3451 est
3267 3403 3429 3454 locus
3453 3416 3466 3454 :
3492 3400 3693 3456 nullus
3724 3407 3811 3457 et-

2157 3488 2312 3542 enim
2347 3483 2512 3540 locus
2543 3488 2632 3538 est
2659 3500 2758 3554 per
2786 3483 3007 3551 omnia,
3031 3484 3090 3539 in
3123 3485 3497 3555 omnibus,ac
3529 3493 3716 3546 totum
3752 3491 3812 3546 in

2155 3575 2438 3648 quolibet,
2472 3577 2647 3644 atque
2673 3573 2734 3627 in
2763 3589 2824 3628 se
2853 3573 2978 3643 ipso
3008 3574 3188 3630 idem.

394 3691 480 3744 Ea:
505 3687 693 3744 eodem
720 3685 904 3743 codice
933 3687 1241 3752 charlaceo,
1271 3689 1397 3756 post
1421 3685 1578 3760 aliud
1600 3689 1984 3760 fragmentum
2017 3685 2178 3760 quod.
2210 3700 2240 3740 e
2269 3688 2378 3738 tom
2410 3685 2586 3760 Ippp.
2621 3680 2677 3734 S.
2713 3679 2942 3760 βιαξίφί
2961 3682 3084 3760 iam
3113 3689 3293 3740 exstat
3326 3686 3388 3740 in
3421 3686 3660 3743 editione
3690 3688 3815 3744 Cle-

1179 3753 1383 3814 mentis
1413 3753 1730 3828 Oxoniensi,
1764 3761 1882 3816 haec
1907 3753 2297 3831 subjiciuntur.
2329 3785 2398 3797 --
2439 3753 2577 3808 Ibid.
2605 3769 2736 3824 pag.
2773 3753 2929 3809 1335.
2964 3753 3028 3810 D.

465 3855 636 3918 Φύσις
669 3857 884 3932 Λέγεται
909 3854 1060 3930 παρὰ
1087 3856 1150 3910 τὸ
1176 3853 1492 3932 πεφυκέναι.
1519 3855 1719 3932 Πρώτη
1753 3857 1912 3911 οὐσία
1941 3855 2052 3910 ἐστὶ

387 3951 494 4001 πᾶν
537 3946 658 4010 καθ’
689 3944 881 4000 ἑαυτοῦ
933 3943 1199 4018 ὑφεστὼς,
1234 3947 1351 3999 οἷον
1399 3942 1552 4006 λίθος
1607 3944 1764 4000 οὐσία
1811 3944 2051 4020 λέγεται.

390 4035 624 4112 Δευτέρα
654 4031 713 4089 δὲ
742 4034 906 4089 οὐσία
934 4033 1224 4106 αὐξητικὴ,
1255 4033 1388 4099 καθὸ
1429 4032 1577 4105 αὔξει
1623 4035 1713 4090 καὶ
1763 4035 1959 4109 φθίνει,
1991 4034 2054 4090 τὸ

388 4123 580 4203 φυτόν.
613 4122 783 4196 Τρίτη
819 4119 878 4178 δὲ
907 4121 1065 4177 οὐσία
1093 4117 1369 4198 ἔμψυχος,
1401 4123 1717 4195 αἰσθητικὴ,
1747 4125 1810 4179 τὸ
1845 4128 2007 4193 ζῶον,
2027 4123 2056 4177 ὁ

380 4212 830 4287 ’ίππος.Δευτέρα
858 4213 974 4286 (12)
1005 4209 1164 4266 οὐσία
1194 4208 1470 4289 ἔμψυχος,
1493 4213 1806 4284 αἰσθητικὴ,
1827 4212 2057 4287 λογικὴ,

390 4302 682 4376 ἄνθρωπος
715 4319 730 4332 °
761 4298 832 4356 δι’
863 4301 892 4355 ’ὀ
922 4301 1011 4355 καὶ
1043 4298 1274 4364 ἕκαστος
1322 4298 1538 4378 γέγονεν
1571 4303 1644 4364 ὡς
1691 4300 1765 4356 ὢν
1815 4301 1875 4357 ἐκ
1921 4301 2055 4356 πάν-

388 4412 524 4459 των,
554 4391 656 4458 τήν
687 4391 874 4466 ψυχὴν
907 4382 1051 4465 ἔχων
1085 4387 1382 4459 ἄῡλον,καὶ
1412 4391 1504 4446 τὸν
1532 4395 1653 4446 νοῦν
1687 4395 1821 4446 Θεοῦ
1852 4389 2056 4446 εἰκόνα.

2233 3853 2389 3910 380
2415 3851 2637 3907 Natura
2657 3867 2725 3906 ex
2745 3867 2811 3906 eo
2829 3852 3063 3920 dicitur,
3093 3855 3246 3924 quod
3266 3859 3464 3910 natum
3489 3863 3599 3913 est.
3621 3857 3822 3914 Prima

2163 3943 2498 4000 substantia
2518 3945 2607 3996 est
2626 3940 2683 3994 id
2709 3956 2882 3994 omne
2903 3943 3056 4012 quod
3086 3959 3187 4014 per
3203 3960 3266 3999 se
3297 3944 3591 4014 subsistit,
3615 3962 3823 4014 quem-

2165 4035 2234 4090 ad
2247 4033 2483 4088 modum
2500 4029 2649 4102 lapis
2663 4031 2998 4085 substantia
3012 4032 3667 4089 dicitur.Secundavero
3681 4050 3748 4089 su
3759 4035 3822 4088 b-

2165 4121 2381 4178 stantia
2401 4124 2490 4175 est
2513 4136 2640 4190 quae
2664 4118 3008 4173 incrementi
3033 4119 3144 4175 vim
3177 4120 3376 4188 habet,
3403 4122 3677 4191 quoniam
3714 4139 3822 4177 au-

2166 4219 2338 4284 getur
2357 4214 2414 4265 et
2434 4209 2837 4272 marcet,sicut
2861 4207 3080 4278 planta.
3105 4209 3299 4263 Tertia
3321 4215 3516 4264 autem
3540 4212 3825 4266 substan-

2166 4303 2250 4356 tia
2298 4304 2388 4354 est
2430 4298 2712 4357 animata.
2749 4312 3046 4366 sensuque
3109 4297 3371 4366 praedita,
3405 4302 3468 4352 ut
3497 4297 3738 4366 animal,
3769 4303 3828 4356 et

2167 4403 2375 4459 equus.
2410 4387 2630 4448 Quarta
2657 4383 2991 4438 substantia
3021 4391 3110 4439 est
3138 4385 3421 4450 animata,
3456 4403 3633 4442 sensu
3681 4405 3826 4458 prai-

393 4482 539 4550 dita,
573 4481 898 4549 rationalis,
928 4485 993 4536 ut
1023 4481 1199 4538 homo
1232 4497 1246 4537 :
1278 4498 1393 4552 quo
1427 4487 1596 4554 pacto
1629 4488 1898 4539 nostrum
1936 4479 2350 4551 unusquisque
2380 4475 2571 4530 lactus
2603 4476 2714 4542 est,
2751 4478 2812 4527 ut
2853 4473 2952 4544 qui
3004 4491 3069 4529 ex
3121 4475 3214 4529 bis
3263 4477 3543 4533 omnibus
3573 4484 3826 4546 constat,

395 4570 776 4642 animamque
805 4569 984 4626 habet
1014 4586 1127 4625 non
1163 4570 1551 4639 materiatam,
1576 4576 1635 4627 et
1669 4576 1926 4627 mentem
1958 4569 2061 4626 Dei
2092 4565 2436 4638 imaginem.

1036 4677 1197 4748 Apud
1227 4676 1280 4732 S.
1313 4677 1581 4733 Joannem
1610 4679 2009 4734 Damascenum
2038 4679 2099 4733 in
2131 4676 2314 4732 sacris
2347 4668 2614 4727 Parallel.
2647 4679 2778 4725 tom.
2810 4669 2880 4736 Il,
2912 4686 3036 4742 pag.
3070 4671 3194 4726 307.

468 4774 527 4831 Ὀ
552 4777 648 4828 τοῦ
681 4771 923 4837 ἀπαθοῦς
955 4776 1090 4828 Θεοῦ
1149 4767 1317 4849 φόϐος
1370 4773 1607 4844 ἀπαθής,
1639 4770 1900 4831 Φοϐεῖται
1957 4773 2041 4851 γάρ

2241 4772 2444 4828 Timor
2472 4769 2572 4826 Dei
2607 4769 2706 4840 qui
2735 4770 3281 4840 perturbationibus
3312 4776 3498 4840 vacat,
3526 4775 3836 4844 perturba-

393 4883 479 4924 τις
535 4862 596 4917 οὐ
653 4862 748 4917 τὸν
809 4861 961 4929 Θεὸν,
1015 4859 1164 4916 ἀλλὰ
1229 4862 1290 4917 τὸ
1369 4864 1660 4919 ἀποπεσεῖν
1731 4868 1828 4920 τοῦ
1904 4868 2059 4920 Θεοῦ.

393 4955 452 5004 'O
521 4949 578 5006 δὲ
651 4955 816 5006 τοῦτο
889 4948 1102 5021 δεδιὼς,
1160 4952 1223 5006 τὸ
1289 4958 1409 5018 τοῖς
1478 4959 1670 5018 κακοῖς
1744 4960 2059 5029 συμπεσεῖν,

399 5034 652 5119 φοϐεῖται
723 5039 814 5095 καὶ
889 5036 1060 5094 δέδιεν
1133 5040 1203 5094 τὰ
1276 5042 1438 5100 κακά.
1490 5042 1547 5095 Ὀ
1606 5039 1798 5106 δεδιὼς
1874 5041 1932 5098 δὲ
2001 5043 2064 5096 τὸ

398 5132 627 5203 πτῶμα,
689 5126 961 5206 ἄφθαρτον
1021 5129 1209 5184 ἑαυτὸν
1285 5130 1376 5185 καὶ
1448 5130 1631 5202 ἀπαθῆ
1710 5132 1846 5188 εἶναι
1933 5131 2062 5209 βού-

405 5217 584 5277 λεται.

2175 4863 2318 4918 tioni
2355 4877 2470 4916 non
2505 4863 2596 4915 est
2628 4858 2932 4914 obnoxius.
2967 4859 3168 4932 Neque
3217 4861 3373 4916 enim
3427 4862 3611 4918 Deum
3661 4865 3834 4934 quis-

2175 4969 2352 5025 quam
2394 4950 2584 5016 timet,
2620 4949 2719 5004 sed
2755 4965 2826 5004 ne
2857 4965 2892 5004 a
2923 4949 3038 5005 Deo
3071 4951 3318 5006 excidat.
3353 4951 3462 5015 Qui
3494 4960 3686 5006 autem
3721 4953 3834 5009 hoc

2175 5042 2364 5111 timet,
2401 5055 2472 5095 ne
2501 5038 2722 5094 incidat
2754 5039 2812 5092 in
2845 5039 3024 5109 mala,
3056 5039 3106 5094 is
3139 5039 3383 5111 proinde
3437 5041 3593 5095 mala
3624 5042 3836 5098 metuit

2177 5137 2354 5187 Porro
2380 5128 2480 5200 qui
2513 5144 2713 5183 casum
2751 5127 2937 5198 timet,
2962 5128 3011 5182 is
3043 5128 3113 5182 ab
3148 5129 3383 5184 interitu
3418 5135 3474 5184 et
3506 5131 3834 5202 perpessio-

2182 5221 2355 5276 nibus
2388 5218 2619 5274 alienus
2649 5215 2774 5272 ﬁeri
2805 5215 2987 5288 cupit.

477 5347 554 5421 (a)
587 5347 663 5404 III
693 5351 834 5420 Reg.
869 5365 996 5420 vm,
1025 5349 1116 5406 27.
1191 5348 1264 5422 (b)
1299 5351 1321 5406 Ι
1352 5353 1505 5406 Petr.
1539 5367 1603 5421 ιι,
1635 5351 1690 5407 5.
1765 5351 1836 5423 (ο)
1867 5349 2035 5422 (Joan

2193 5348 2401 5416 19-21.)
2475 5344 2560 5416 (d)
2594 5343 2786 5414 (Joan.
2819 5359 2897 5413 ιν,
2928 5343 3049 5404 24.)

481 5474 597 5545 (ll)
653 5473 1476 5550 'A_1tepl1paittov_...abab-:6.
1534 5478 1617 5534 Ex
1671 5477 1880 5550 Latina
1919 5475 2070 5550 iqui-

407 5545 545 5630 dem
574 5545 1055 5630 versipne'hujus
1087 5547 1378 5630 loci‘nibil
1410 5566 1623 5630 sensus
1669 5545 2071 5630 exsculpi—po-

409 5622 556 5674 test:
581 5623 638 5674 et
669 5616 853 5676 miror
882 5616 1072 5675 virum
1101 5621 1340 5675 doctum
1368 5637 1436 5678 ea
1465 5625 1526 5677 in
1559 5621 1750 5677 lucem
1781 5616 2072 5689 emisisse,

411 5706 545 5820 gum
576 5706 677 5747 nec
709 5691 835 5764 ipse
865 5709 972 5750 nec
1001 5691 1155 5774 alius
1177 5691 1474 5777 quispiam
1504 5692 1694 5749 valeat
1725 5691 2073 5776 intelligere.

455 5762 527 5819 ed
559 5761 759 5820 (ἔσωσα
787 5765 965 5820 verba
994 5763 1162 5820 facile
1190 5780 1388 5820 sanam
1418 5770 1691 5820 possunt.
1723 5781 1772 5820 ει
1801 5764 2073 5820 leuantur

455 5762 527 5819 ed
559 5761 759 5838 Greca
787 5765 965 5838 verba
994 5763 1162 5838 facile
1190 5761 1388 5838 sanari
1418 5770 1691 5838 possunt,
1723 5765 1772 5822 si
1801 5761 2078 5838 legantur

412 5833 527 5893 hoc
557 5835 734 5892 modo
761 5852 774 5891 :
834 5833 1270 5912 ’Δπερίγραπτόν
1303 5832 1439 5906 ἐστι,
1472 5833 1535 5892 οῦ
1562 5837 1732 5898 τόπος
1765 5832 1966 5908 οὐδεὶς,
1996 5839 2076 5910 τῷ

2181 5473 2318 5528 κατά
2363 5470 2539 5525 πάντα
2578 5467 2630 5522 έν
2680 5471 2842 5521 πᾶσιν
2895 5465 2983 5520 καὶ
3044 5464 3095 5520 ἐν
3156 5465 3363 5539 ἑκάστῳ
3423 5464 3576 5536 ὅλον,
3607 5469 3697 5523 καὶ
3758 5469 3840 5539 ἔφ’

2183 5493 2318 5528 κατα
2363 5492 2539 5525 παντα
2578 5492 2630 5522 εν
2680 5492 2842 5521 πασιν
2895 5492 2983 5520 και
3044 5492 3095 5520 εν
3156 5492 3363 5539 εκαστῳ
3423 5492 3576 5536 οΛον,
3607 5492 3697 5523 και
3758 5492 3781 5525 ι
3828 5492 3835 5495 -

2183 5543 2376 5600 ἑαυτοῦ
2404 5543 2466 5596 τὸ
2497 5539 2650 5594 αὐτό.
2691 5543 2805 5596 Hoc
2837 5547 2926 5596 est
2959 5557 2971 5594 :
3033 5541 3576 5613 Incircumscriptum
3629 5553 3707 5599 est
3760 5492 3839 5613 i3,

2183 5621 2339 5691 cujus
2368 5616 2558 5691 nullus
2587 5614 2882 5691 est-locus;
2912 5627 2984 5691 eo
3002 5609 3144 5691 quod
3172 5609 3474 5691 secundum
3527 5618 3732 5691 omnia
3770 5609 3843 5673 sit

2186 5684 2528 5747 in’omnibus
2559 5688 2612 5762 et
2665 5685 2723 5738 in
2770 5685 3009 5755 singulis
3039 5686 3239 5756 totum,
3268 5692 3320 5742 et
3347 5684 3411 5741 in
3438 5702 3496 5742 se
3525 5689 3642 5762 ipso
3676 5687 3842 5747 idem.

2187 5764 2554 5821 CAPPERONN.
2583 5757 2623 5811 l.
2656 5770 2708 5812 c.

2258 5833 2371 5907 (12)
2406 5826 2653 5903 Δεειτέρα.
2696 5827 2824 5902 Leg.
2853 5822 3108 5899 τετάρτη.
