4090 6398
299 534 401 590 771
1538 525 1949 581 CLEMENTIS
1988 524 2491 580 ALEXANDRINI
3614 532 3724 588 772

1783 672 1921 730 Ibid.
1947 688 2075 730 sua.
2101 674 2227 730 341.

1783 688 1921 730 ιοια.

367 783 453 840 Sit
480 781 571 839 lex
601 780 718 836 ista
746 774 1088 847 constituta,
1111 773 1396 831 adversus
1423 787 1525 829 eos
1554 770 1655 843 qui
1687 788 1782 829 res
1811 690 1982 838 san-pl

2107 688 2227 730 541.

2137 770 2329 845 Νόμος
2382 767 2520 829 ἔστω
2550 774 2687 830 κατὰ
2711 778 2819 831 τῶν
2876 776 3047 850 σεμνὰ
3072 776 3165 832 καὶ
3214 783 3331 842 θεῖα
3382 778 3445 835 οὗ
3505 785 3722 855 σεμνῶς

296 879 419 931 etas
449 877 507 929 et
534 869 788 937 divinas,
818 884 937 924 non
995 868 1201 922 sancte
1230 866 1288 920 et
1318 866 1385 918 ut
1414 862 1528 918 Deo
1559 860 1808 934 dignum
1837 878 1911 918 est

2108 859 2155 916 ιὶ
2217 866 2537 937 θεοπρεπῶς
2593 864 2723 941 ὁρᾷν
2794 864 3114 942 ἀξιούντων,
3156 864 3384 924 κόλασιν
3444 867 3723 949 ἆπιφὲριιν

296 976 531 1021 cernere
560 959 834 1033 cupiunt,
861 971 1096 1030 pcenam
1125 952 1407 1012 cecitatis
1436 951 1672 1008 inferre.
2064 949 2346 1027 ἀορασίας.

1784 1094 1926 1152 Ibid.
1954 1111 2082 1168 pag.
2114 1096 2241 1152 657.

365 1223 426 1278 ln
461 1221 807 1279 universum
836 1216 1213 1275 Christianus
1266 1213 1631 1285 solitudinis,
1663 1213 1951 1270 secessio-

2136 1212 2390 1269 Καθόλου
2422 1212 2451 1267 ὁ
2480 1212 2801 1285 Χριστιανὸς
2832 1212 3069 1290 ὶρημίας
3098 1217 3190 1272 καὶ
3218 1217 3456 1295 ἡσυχίας
3486 1221 3579 1278 καί
3609 1241 3718 1297 γα-

293 1311 507 1385 nisque
526 1314 585 1368 et
612 1306 1040 1382 tranquilitatis
1066 1321 1135 1361 ac
1167 1303 1329 1377 pacis
1361 1302 1590 1361 amicus
1620 1307 1731 1360 est.

1427 1302 1590 1360 nicus
1620 1307 1731 1360 est.
2065 1299 2245 1372 λήνης
2276 1301 2366 1357 καὶ
2398 1302 2622 1379 εἰρήνης
2654 1302 2856 1367 οἰκεῖός
2883 1302 3042 1362 ἐστιν.

866 1424 950 1479 Ea:
981 1420 1186 1477 Catena
1213 1421 1275 1477 in
1309 1419 1740 1478 Pentateuchum
1766 1417 1960 1476 Latine
1986 1417 2140 1475 edita
2167 1437 2199 1475 a
2230 1420 2522 1477 Francisco
2558 1421 2826 1495 Zephyro,
2857 1437 2986 1493 pag.
3026 1423 3145 1479 146.

274 1583 282 1591 .
362 1529 585 1587 Nomen
617 1525 765 1583 illud
798 1526 1113 1599 mysticum
1146 1523 1302 1597 quod
1334 1524 1545 1579 vocant
1572 1521 1947 1593 Tetragram-
2058 1519 2341 1593 quoniam
2365 1519 3067 1594 solquasicandelabrum
3085 1525 3290 1581 mundi
3315 1526 3546 1586 medius
3567 1527 3723 1588 inter

294 1623 516 1690 maton,
549 1633 665 1690 quo
696 1619 932 1672 tantum
982 1613 1412 1671 muniebantur
1436 1609 1521 1667 illi
1553 1609 1772 1682 quibus
1802 1610 1948 1684 ady-
2059 1607 2207 1667 alios
2238 1610 2505 1682 planetas
2536 1610 2737 1668 divina
2776 1612 3067 1686 sapientia
3114 1613 3370 1673 libratus
3419 1634 3531 1674 sua
3584 1618 3719 1678 luce

292 1715 421 1766 tum
479 1706 742 1781 pervium
799 1708 942 1772 erat,
995 1707 1164 1760 ssnat
1218 1700 1496 1769 Jebovah,
1550 1699 1707 1772 quod
1766 1698 1948 1755 inter-
2058 1697 2391 1771 superiores
2418 1699 2634 1757 lustrat
2663 1705 2721 1758 et
2748 1701 3079 1760 inferiores.
3104 1704 3190 1760 Ad
3215 1703 3462 1763 alteram
3484 1712 3715 1781 partem

290 1801 576 1871 pretatur,
605 1795 702 1868 qui
720 1798 796 1851 est
817 1794 984 1868 εἰριιὶ
999 1795 1148 1855 erit;
1179 1789 1593 1848 candelabrum
1623 1803 1757 1845 vero
1788 1786 1945 1861 quod
2056 1786 2247 1859 ipsius
2278 1804 2393 1845 ara
2422 1788 2611 1861 posita
2644 1794 2767 1846 erat
2806 1807 3033 1861 mensa,
3054 1792 3115 1849 in
3146 1808 3265 1865 qua
3294 1810 3476 1867 panes
3504 1813 3716 1870 propo-

290 1889 359 1944 ad
385 1884 703 1943 australem
728 1884 959 1957 plagam
981 1882 1211 1939 astabat
1241 1879 1468 1948 altaris,
1493 1881 1720 1951 saptem
1744 1876 1945 1950 plane-
2055 1877 2540 1950 nebantur,quod
2562 1894 2631 1935 ex
2659 1895 2727 1936 ea
2757 1885 2921 1953 parte
2937 1879 3064 1939 cmli
3097 1881 3272 1940 ﬂatus
3305 1885 3479 1942 nobis
3507 1886 3717 1945 vitales

286 1982 379 2033 tas
409 1975 719 2041 referebat,
741 1972 842 2046 qui
877 1971 1263 2029 meridianam
1296 1968 1595 2043 regionem
1626 1966 1946 2040 circumagi
2053 1971 2111 2024 et
2140 1966 2282 2024 almi
2313 1967 2597 2041 aspirant.

288 2065 460 2123 nobis
488 2061 886 2121 videntumcui
905 2059 1059 2118 terni
1081 2058 1361 2132 utrinque
1382 2057 1528 2114 rami
1551 2061 1941 2130 consurgunt,

361 2328 713 2399 Fragmenta
742 2324 857 2380 alia
879 2323 1168 2399 exhibent
1192 2319 1759 2399 Cgtenmeeegocum
1781 2319 2021 2399 Patrum
2048 2318 2119 2399 i1:
2141 2312 2349 2399 Nouum
2375 2323 2803 2399 Testamentum,
2821 2336 2971 2399 quas
2990 2321 3196 2399 onnii
3228 2324 3509 2399 adgﬂdem
3540 2327 3717 2385 codd.

288 2416 436 2473 mss.
468 2390 651 2455 Edidit
675 2398 731 2452 J.
764 2402 835 2473 A_.
868 2396 1105 2473 Cramer
1133 2394 1193 2450 S.
1228 2394 1297 2473 Ἰξ.
1327 2391 1392 2450 Ρ.
1425 2392 1608 2462 (1840,
1639 2392 1675 2445 8
1703 2390 1824 2473 vol;
1843 2391 2051 2473 inﬁgo):
2081 2391 2181 2446 En.
2217 2391 2383 2473 Pun.
2415 2421 2487 2432 —
2513 2390 2698 2473 Τοωο
2731 2390 3276 2473 Ill,'qu_i_Catena_m
3308 2397 3368 2452 in
3394 2399 3538 2455 Acta
3568 2417 3715 2473 apo-

289 2470 578 2528 stolorum
609 2468 1023 2541 complectitur
1051 2467 1176 2522 hec
1204 2465 1277 2522 ad
1309 2480 1438 2537 cap.
1471 2480 1575 2532 vn,
1605 2479 1761 2521 vers.
1792 2463 1884 2531 24,
1910 2465 2001 2528 25,
2034 2462 2335 2535 leguntur,
2364 2480 2493 2535 quas
2521 2463 2581 2518 in
2614 2462 2897 2535 operibus
2929 2466 3247 2524 Clementis
3278 2485 3396 2525 non
3427 2462 3666 2529 exstant
3701 2489 3718 2529 :

358 2605 576 2662 Dicunt
605 2608 802 2661 autem
835 2607 1038 2674 mystea
1064 2598 1350 2674 [Moysen]
1375 2598 1549 2656 verbo
1572 2596 1697 2655 solo
1713 2613 1948 2669 percus-

2129 2596 2450 2671 Κλήμεντος
2481 2598 2881 2675 Στρωματὲως.
2914 2599 3057 2656 Φασῖ
3102 2598 3162 2657 δὶ
3207 2602 3261 2657 οἱ
3312 2601 3509 2675 μύσται
3555 2600 3717 2681 λόγῳ

288 2693 443 2751 sisse
471 2692 832 2767 Egyptium,
863 2692 1019 2748 sicut
1048 2694 1253 2763 postea
1293 2689 1350 2745 in
1392 2688 1637 2745 Actibus
1677 2691 1903 2743 narratu

2107 2684 2216 2760 όνῳ
2273 2686 2485 2744 ἀνελεῐν
2544 2690 2635 2744 τὸν
2682 2688 3000 2766 Αἰγύπτιον,
3028 2689 3213 2767 ὥσπερ
3256 2690 3452 2767 ἀμέλει
3491 2691 3718 2769 ὕστερον

288 2782 445 2852 illos,
480 2783 584 2856 qui
641 2780 966 2839 celaverant
996 2784 1225 2852 partem
1255 2776 1425 2852 pretii
1456 2776 1578 2849 agri
1610 2776 1903 2848 cujusdan

2100 2797 2111 2830 ρ
2160 2782 2281 2842 ταῖς
2337 2776 2563 2852 Πράξεσι
2618 2779 2857 2857 φέρεται,
2915 2779 3046 2844 τοὺς
3115 2782 3545 2861 νοσφισαμένους
3612 2786 3715 2854 τῆς

288 2875 347 2930 et
374 2872 604 2929 mentiti
633 2876 822 2941 erant,
853 2869 1030 2929 verbo
1063 2867 1342 2940 [Petrum]
1371 2865 1763 2924 interemisse.

2101 2868 2224 2939 ,μῆς
2272 2870 2371 2921 τοῦ
2421 2866 2636 2943 χωρίου
2683 2868 2772 2924 καί
2824 2867 3217 2944 ψευσαμένους,
3258 2869 3409 2949 λόγῳ
3453 2870 3716 2928 ἀποκτεῖ-

2053 2975 2162 3012 ναι.

783 3096 967 3152 Tomo
996 3093 1089 3162 IV,
1124 3110 1180 3167 p.
1211 3092 1338 3161 291,
1368 3090 1430 3147 in
1460 3089 1821 3164 expositione
1850 3089 2121 3164 Epistola-
2152 3091 2224 3147 ad
2255 3093 2573 3159 Romanos,
2603 3107 2731 3165 cap.
2753 3108 2877 3160 VIII,
2903 3109 3055 3151 vers.
3087 3094 3159 3151 38
3190 3112 3206 3152 :

356 3211 488 3269 Sive
544 3212 725 3269 vitam
785 3212 1003 3285 (inquit
1059 3215 1120 3269 Β.
1157 3208 1394 3281 Paulus)
1450 3224 1581 3281 qum
1636 3206 1940 3279 praesentis

2121 3204 2239 3277 Κλή
2252 3225 2468 3279 μιντος.
2502 3206 2572 3262 Ἢ
2606 3207 2777 3279 ζωήν,
2805 3207 2905 3276 τήν
2937 3208 3075 3264 κατὰ
3101 3209 3192 3264 τὸν
3243 3208 3486 3286 παρόντα
3537 3210 3659 3287 βίον
3689 3231 3704 3248 ·

286 3302 572 3374 temporis
600 3305 711 3370 est,
742 3307 800 3358 et
829 3304 1079 3358 mortem
1114 3315 1241 3373 qua:
1269 3303 1711 3371 persecutorum
1743 3298 1901 3353 furor

2095 3292 2142 3348 ιὶ
2199 3293 2450 3363 θάνατον,
2480 3295 2574 3351 τὸν
2632 3296 2750 3350 κατ’
2781 3294 3046 3375 ἰπιφορᾶν
3090 3302 3199 3353 τῶν
3248 3294 3583 3374 διωκόντων,
3610 3300 3710 3379 ἀγ.

280 3391 459 3463 saevit,
484 3390 606 3447 sive
632 3389 873 3464 angelos
916 3394 974 3448 et
1020 3389 1387 3463 principatus
1408 3392 1466 3444 et
1494 3388 1761 3456 virtutes,
1793 3386 1895 3443 mi:

2097 3381 2243 3447 ιλους
2295 3403 2354 3439 τε
2394 3383 2483 3439 καὶ
2535 3382 2714 3460 ἀρχὰς
2764 3384 2857 3440 καὶ
2918 3383 3198 3462 δυνάμεις,
3241 3388 3310 3443 τὰ
3364 3387 3712 3446 ἀποστολικὰ

280 3496 379 3539 sos
410 3497 447 3539 a
476 3484 589 3539 Deo
628 3480 900 3552 spiritus.

726 3480 900 3537 ritus.
2043 3472 2341 3547 πνεύματα.

1166 3594 1237 3650 Et
1265 3592 1333 3651 ad
1364 3592 1632 3664 ejusdem
1665 3589 1936 3663 Epistolm
1992 3589 2204 3664 capitis
2234 3608 2269 3646 x
2296 3607 2447 3647 vers.
2477 3591 2532 3661 3,
2565 3607 2623 3664 p.
2656 3590 2764 3647 369
2794 3607 2810 3648 :

346 3713 418 3769 Et
446 3730 563 3769 non
595 3716 1037 3786 cognoscentes,
1072 3727 1261 3785 neque
1305 3710 1586 3767 facientes
1617 3706 1765 3782 legis
1796 3724 1933 3781 pro-

2116 3708 2457 3781 Κλήμεντος.
2500 3706 2598 3762 Καὶ
2653 3708 2731 3781 μὴ
2776 3707 3021 3785 γνόντες,
3074 3707 3216 3784 μηδὲ
3267 3713 3590 3784 ποιήσαντες
3637 3715 3702 3771 τὸ

279 3801 564 3875 positum,
598 3803 993 3876 quodcunque
1022 3801 1141 3858 illis
1173 3800 1418 3874 placuit,
1451 3798 1563 3855 hoc
1607 3798 1894 3871 ipsum'vc

2088 3794 2311 3870 οόλημα
2360 3800 2458 3851 τοῦ
2508 3796 2704 3872 νόμου,
2737 3797 2767 3853 ’ὸ
2826 3792 3103 3853 ὑπέλαϐον
3156 3798 3338 3871 αὐτοὶ,
3388 3805 3551 3857 τοῦτο
3607 3803 3703 3860 καὶ

272 3889 462 3949 luisse
510 3891 702 3965 legem
749 3892 1166 3962 crediderunt;
1217 3905 1408 3962 neque
1459 3888 1635 3945 etiam
1681 3892 1887 3944 ventur

2090 3883 2341 3941 ούλεσθαι
2368 3886 2463 3941 τὸν
2520 3887 2691 3960 νόμον
2737 3886 3021 3960 ᾠήθησαν.
3055 3888 3154 3944 Καὶ
3203 3888 3328 3946 οὐδ’
3356 3890 3432 3953 ὡς
3483 3911 3705 3972 προφη-

276 3982 698 4053 prenuntianti
738 3979 1370 4049 conﬁderunt,litteree
1429 3994 1562 4034 vero
1619 3982 1678 4033 et
1733 3977 1891 4033 timo:

2087 3976 2254 4030 εύοντι
2283 3978 2365 4047 τῷ
2388 3974 2547 4050 νόμῳ
2580 3975 2922 4048 ἐπίστευσαν,
2955 3975 3106 4055 λόγῳ
3155 3973 3213 4033 δὲ
3261 3977 3414 4054 ψιλῷ
3461 3979 3550 4035 καὶ
3600 3981 3702 4059 φόο

272 4071 616 4141 servientes,
642 4088 757 4129 non
789 4071 1066 4144 spiritum
1089 4075 1149 4126 et
1170 4068 1347 4126 iidem
1370 4066 1555 4125 secuti
1587 4071 1749 4135 sunt,

2042 4059 2144 4138 ϐῳ,
2187 4061 2314 4119 ἀλλ’
2344 4062 2405 4119 οὖ
2438 4060 2669 4120 διαθέσει
2700 4064 2791 4120 καὶ
2821 4066 3003 4122 πίστει
3030 4064 3436 4141 ἠκολούθησαν.

339 4217 520 4293 Tomo
549 4214 647 4293 Vl,
681 4215 898 4293 p._385,
927 4214 990 4293 inn
1018 4217 1238 4272 Catena
1268 4212 1329 4269 in
1361 4211 1544 4286 Epist.
1578 4211 1629 4268 Il
1661 4210 1732 4267 ad
1764 4211 1920 4282 Cor.,

2089 4226 2185 4267 nec
2213 4208 2392 4267 verba
2418 4225 2572 4267 vers.
2602 4211 2671 4266 16
2718 4211 2930 4283 capitis
2956 4229 2990 4269 v
3017 4231 3035 4267 :
3088 4211 3154 4267 El
3213 4209 3272 4269 δὲ
3317 4213 3409 4270 καὶ
3465 4212 3704 4293 ἐγνώκα-

271 4304 365 4359 μιν
389 4286 527 4342 κατὰ
552 4283 725 4364 σάρκα
753 4283 1006 4361 Χριστόν.

338 4424 409 4478 Et
440 4423 500 4479 in
532 4428 790 4492 tantum,
822 4422 1019 4496 inquit
1047 4421 1101 4478 S.
1136 4420 1379 4488 Paulus,
1412 4435 1584 4476 nemo
1616 4416 1810 4475 adhuc
1836 4433 1927 4475 se-

2113 4415 2215 4471 Καὶ
2266 4419 2548 4487 τοσοῦτον,
2598 4417 2786 4495 φησὶν,
2838 4414 3017 4481 οὐδεὶς
3069 4414 3147 4474 ἔτι
3194 4420 3332 4476 κατὰ
3379 4423 3551 4498 σάρκα
3610 4427 3704 4500 ζῇ,

269 4512 531 4569 cundum
592 4527 828 4569 carnem
884 4511 1028 4568 vivit
1083 4509 1240 4583 quod
1287 4526 1405 4567 non
1472 4514 1563 4565 est
1612 4508 1770 4577 vita,
1825 4524 1884 4563 se

2086 4504 2216 4579 ιείνη
2274 4506 2376 4583 γὰρ
2431 4505 2531 4562 οὔκ
2578 4500 2689 4562 ἔστι
2743 4507 2881 4579 ζωὴ,
2915 4504 3063 4562 ἄλλὰ
3111 4509 3362 4578 Θάνατος,
3395 4512 3478 4567 ὅτι
3529 4514 3619 4568 καὶ
3672 4514 3701 4569 ὁ

271 4616 453 4673 mors,
485 4601 546 4658 in
578 4605 867 4675 quantum
912 4617 1020 4658 nec
1065 4600 1193 4673 ipse
1238 4599 1559 4657 Christus:
1619 4604 1686 4655 ut
1730 4596 1886 4671 palat

2090 4595 2274 4672 ριστός
2309 4613 2323 4628 ⁸
2350 4592 2446 4651 ’ίνα
2489 4592 2637 4671 δείξῃ
2682 4595 2767 4652 ὅτι
2814 4596 2877 4653 τὸ
2929 4599 3068 4653 κατά
3120 4599 3292 4674 σάρκα
3333 4601 3427 4673 ζῇν
3461 4600 3703 4658 ἐπαύσα-

267 4689 694 4759 manifestaret,
725 4691 881 4763 quod
913 4690 1041 4747 vitae
1073 4689 1403 4747 secundum
1436 4703 1673 4745 carnem
1731 4686 1882 4759 impo

2084 4707 2099 4740 ι
2132 4703 2146 4719 ’
2170 4688 2331 4757 πῶς;
2365 4684 2428 4740 οὗ
2456 4686 2521 4741 τὸ
2553 4689 2715 4761 σῶμα
2768 4685 2948 4763 ἀφεὶς,
2975 4684 3152 4763 ἄπαγε
3185 4710 3198 4723 ·
3235 4695 3352 4763 μετ’
3380 4689 3546 4747 αὐτοῦ
3594 4693 3699 4769 γὰρ

267 4777 489 4836 suisset
519 4778 721 4837 finem.
751 4779 1053 4846 Quomodo
1072 4777 1102 4834 ἵ
1143 4778 1272 4837 Νοιι
1303 4794 1519 4852 corpus
1548 4793 1789 4845 exuens,
1823 4776 1882 4833 al

2083 4773 2153 4845 Est
2201 4773 2278 4837 ὡς
2338 4769 2480 4830 ἰδίου
2537 4775 2731 4849 κριτὴς
2784 4772 3056 4848 ἁπάντων,
3089 4774 3238 4832 ἀλλὰ
3287 4782 3402 4835 τῶν
3453 4786 3698 4859 φυσικῶν

263 4865 375 4922 sitl
407 4867 555 4925 Nam
589 4885 725 4926 cum
759 4870 886 4942 ipso
917 4866 1153 4942 proprio
1193 4882 1435 4939 corpore
1466 4883 1574 4924 suo
1600 4866 1794 4923 veniet
1817 4865 1878 4921 Ju

2088 4859 2375 4939 ταλλαγιῖς
2423 4863 2637 4934 παθῶν,
2671 4864 2788 4919 οἷον
2836 4864 3033 4935 πείνης
3084 4864 3176 4920 καὶ
3206 4862 3373 4941 δίψης
3404 4868 3497 4924 καὶ
3527 4867 3703 4927 ὕπνου

262 4956 373 5013 dex
398 4958 697 5026 omnium;
721 4957 1000 5015 omnibus
1024 4962 1222 5015 autem
1252 4956 1703 5014 infirmitatibus
1730 4954 1877 5029 phys

2083 4951 2125 5006 ιὶ
2152 4950 2329 5007 κόπου
2356 4968 2371 4983 '
2415 4954 2507 5007 νῦν
2544 4953 2646 5029 γὰρ
2692 4952 2895 5015 ἀπαθὲς
2923 4952 3016 5008 καὶ
3053 4953 3328 5030 ἀκήρατον
3359 4949 3478 5033 ἔχει
3510 4962 3698 5034 σῶμά.

261 5045 349 5102 cis
407 5047 740 5121 expeditus,
772 5048 927 5105 fame
982 5046 1226 5120 scilicet,
1258 5045 1379 5114 siti,
1411 5062 1621 5104 somno
1678 5062 1747 5103 ac
1800 5043 2193 5105 lassitudine:
2249 5056 2410 5099 nunc
2466 5043 2626 5101 enim
2683 5041 3055 5118 impassibile
3109 5050 3168 5102 et
3221 5046 3529 5107 doloribus
3584 5048 3701 5108 im-

261 5150 443 5193 mune
470 5154 687 5211 corpus
717 5136 913 5195 habet.

331 5227 838 5293 Quemadmodum
852 5227 1008 5300 apud
1033 5243 1140 5283 nos
1162 5225 1490 5283 secundum
1513 5241 1745 5283 carnem
1768 5240 1923 5294 esse,

2105 5223 2311 5298 ’Ὥσπερ
2358 5219 2426 5290 ἦν
2475 5221 2611 5295 [163.
2644 5223 2831 5295 ἡμῶν]
2860 5221 2924 5276 τὸ
2966 5223 3105 5277 κατὰ
3152 5222 3346 5301 σάρκα,
3376 5224 3491 5281 ἐστὶ
3529 5225 3595 5281 τὸ
3642 5226 3696 5286 ἕν

261 5313 481 5373 dicitur
511 5333 643 5375 esse
670 5316 730 5374 in
764 5316 1024 5390 peccatis
1049 5341 1065 5386 ;
1115 5319 1173 5372 et
1221 5314 1349 5373 sine
1376 5313 1471 5373 his
1500 5330 1651 5386 esse,
1702 5315 1876 5371 dicito

2083 5309 2342 5388 ιαρτίαις,
2364 5308 2456 5365 καὶ
2476 5310 2538 5366 τὸ
2559 5305 2661 5382 ἔξω
2680 5310 2890 5367 τούτων
2924 5310 2987 5367 οὐ
3016 5311 3155 5368 κατὰ
3181 5313 3356 5389 σάρκα
3388 5334 3402 5348 ·
3435 5315 3582 5372 οὕτω
3605 5317 3698 5374 καὶ

258 5418 390 5463 esse
438 5422 556 5463 non
611 5409 935 5465 secundum
995 5419 1278 5463 carnem:
1335 5404 1420 5460 ita
1475 5421 1711 5478 quoque
1760 5420 1873 5477 apu

2080 5403 2268 5475 ριστοῦ
2288 5398 2353 5454 τὸ
2381 5398 2519 5454 κατὰ
2546 5400 2741 5476 σάρκα,
2756 5400 2821 5455 τὸ
2852 5397 3016 5456 εἷ’κειν
3048 5406 3167 5465 τοῖς
3200 5408 3454 5477 φυσικοῖς
3476 5402 3693 5470 πάθεσι*

258 5492 562 5552 Christum
597 5497 921 5554 secundum
955 5510 1191 5552 carnem
1222 5509 1354 5551 esse
1385 5492 1873 5559 dicitur,naturalt

2081 5499 2092 5544 ί
2143 5490 2220 5563 μὴ
2274 5485 2437 5543 εἷ’κειν
2484 5485 2544 5544 δὲ
2587 5488 2650 5544 οὐ
2679 5489 2817 5545 κατὰ
2845 5491 3037 5565 σάρκα.
3073 5489 3240 5547 Ἀλλ’
3267 5490 3474 5570 ὥσπερ,
3506 5494 3696 5573 φησὶν,

257 5580 371 5640 bus
401 5584 617 5655 subjici
644 5586 1094 5654 affectionibus;
1150 5600 1267 5639 non
1315 5582 1531 5654 subjici
1584 5599 1737 5649 vero,
1788 5597 1872 5639 es:

2079 5583 2240 5641 ιεῖνος
2288 5576 2614 5655 ἀπηλλάγη,
2648 5578 2793 5635 οὕτω
2841 5580 2930 5635 καὶ
2974 5581 3140 5655 ἡμεῖς
3171 5599 3186 5613 ’
3239 5581 3461 5651 Οὐκέτι,
3505 5583 3694 5662 φησὶν,

258 5685 375 5727 non
429 5674 760 5731 secundum
815 5689 1076 5731 carnem.
1111 5672 1222 5729 Sed
1258 5672 1763 5745 quemadmodum
1792 5671 1873 5729 illi

2079 5689 2127 5726 εν
2189 5665 2508 5741 ὲμπαθητὸν
2570 5668 2751 5745 σαρκί.
2784 5666 2946 5728 Οὕτω
3001 5668 3093 5726 καὶ
3152 5670 3181 5726 ὁ
3242 5669 3483 5745 Κλήμης
3540 5672 3593 5730 ἂν
3648 5671 3694 5731 δ’

255 5754 476 5833 inquit,
509 5758 797 5818 liberatus
826 5766 937 5828 est,
968 5760 1054 5818 sic
1101 5764 1161 5818 et
1206 5776 1335 5819 nos.
1367 5760 1498 5819 Jam
1530 5774 1669 5829 non,
1701 5759 1868 5832 inqui

868 5766 937 5828 st,
968 5760 1054 5818 sic
1101 5764 1161 5818 et
1206 5776 1335 5819 nos.
1367 5760 1498 5819 Jam
1530 5774 1669 5829 non,
1701 5759 1916 5832 inquit,
2026 5758 2483 5818 Ὑποτυπώσιων.

257 5849 420 5909 carni
452 5847 748 5917 subjectio
778 5850 877 5907 sit.
908 5849 1006 5906 Sic
1034 5848 1307 5907 Clemens
1333 5848 1396 5907 in
1426 5853 1636 5922 quarto
1662 5850 2089 5925 Hypetypomn
2116 5848 2288 5908 libro.
