4090 6410
266 503 378 558 773

1758 495 2226 552 FRAGMENTA.

3589 503 3696 561 774

342 656 530 712 Tomo
555 650 785 720 eodem,
845 666 904 722 p.
963 648 1090 720 39l,
1151 649 1223 706 ad
1279 649 1400 706 haec
1455 648 1725 722 Epistolas
1784 649 1834 705 II
1893 648 1966 705 ad

2082 665 2141 704 η’.
2176 647 2384 720 capitis
2426 663 2506 714 v1,
2539 661 2689 704 vers.
2727 648 2826 705 ll:
2888 648 2952 706 'll
3007 647 3203 724 καρδία
3260 654 3421 727 ἡμῶν
3482 655 3699 712 πεπλά.

268 744 490 783 τονται.

347 821 600 896 Καθάπερ
654 819 759 896 γὰρ
821 818 884 874 τὸ
951 817 1153 892 θερμὸν
1209 816 1448 894 εύρύνειν
1499 816 1727 890 εἴωθεν,
1786 815 1969 888 οὕτω⁴

2117 818 2628 885 Quemadmodum
2659 819 2814 875 enim
2839 822 3012 878 ardor
3050 823 3294 881 dilatare
3325 827 3493 895 solet,
3527 829 3608 884 ita
3639 833 3702 886 et

271 914 367 970 καὶ
411 916 447 983 ἡ
501 911 712 987 ἀγάπη·
746 909 946 986 θερμὸν
977 909 1078 985 γάρ
1117 929 1170 963 τι
1204 914 1402 983 χρῆμα
1447 908 1483 977 ἢ
1541 906 1748 983 ἀγάπηο
1800 907 1929 960 ὡσει

2082 907 2320 979 baritas,
2354 925 2490 964 nam
2523 908 2780 966 charitas
2812 915 2901 966 est
2954 910 3175 986 aliquid
3226 916 3472 984 ardens;
3523 917 3695 989 quasi

275 1003 446 1074 εἶπεν,
475 1001 554 1060 Οὐ
590 999 755 1073 μόνον
789 997 1044 1073 στόματι,
1076 997 1223 1055 ἀλλὰ
1258 997 1348 1053 καὶ
1395 993 1591 1072 καρδίᾳ
1637 996 1807 1072 φιλῶ,
1838 995 1927 1050 καὶ

2084 998 2260 1053 ioeret
2291 1015 2303 1054 :
2339 1001 2463 1054 Non
2496 1003 2724 1054 tantum
2757 1015 2875 1068 ore,
2910 1000 3011 1056 sed
3043 1004 3217 1059 corde
3243 1004 3444 1077 diligo,
3478 1011 3534 1061 et
3565 1023 3702 1062 om-

275 1094 484 1154 πάντας
532 1085 684 1146 ἔνδον
718 1084 855 1166 ἔχω.
889 1088 983 1144 Διό
1033 1108 1220 1162 φησιν,
1253 1111 1281 1139 ‹‹
1311 1086 1388 1145 Οὐ
1421 1087 1850 1161 στενοχωρεῖσθε
1879 1083 1931 1139 έν

2087 1104 2150 1143 es
2181 1087 2240 1142 in
2273 1092 2503 1160 pectore
2524 1087 2732 1143 habeo.
2755 1088 3118 1162 Quapropter
3147 1092 3330 1148 dixit:
3367 1117 3394 1146 «
3429 1100 3553 1152 Non
3587 1113 3695 1152 an-

274 1185 441 1255 ἠμῖν,
478 1203 507 1232 ››
536 1183 634 1234 τοῦ
666 1179 839 1234 πόθου
870 1177 1186 1249 εύρύνοντος
1234 1177 1400 1232 αὐτοῦ
1446 1177 1546 1244 τὴν
1596 1177 1805 1250 ψυχήν⁸
1839 1199 1865 1226 (ι
1899 1175 1935 1243 ἡ

2090 1175 2390 1231 ustiamiui
2424 1176 2481 1231 in
2516 1177 2704 1244 nobis,
2743 1200 2769 1227 ν
2803 1179 3087 1234 charitate
3121 1181 3245 1253 ipsa
3267 1183 3528 1240 animum
3555 1185 3703 1240 dila-

275 1267 480 1348 καρδία
534 1271 700 1342 ἡμῶν
757 1265 1193 1322 πεπλάτυνται»

1250 1265 1328 1328 εἲς
1379 1265 1442 1320 τὸ
1496 1265 1672 1319 πάντα
1729 1261 1939 1335 διδάξαι

2082 1271 2248 1320 ante:
2285 1287 2312 1314 ‹‹
2346 1281 2442 1321 cor
2474 1272 2741 1321 nostrum
2770 1268 3084 1323 dilatatum
3104 1275 3212 1338 est,
3244 1293 3270 1320 ››
3300 1274 3579 1329 utomnia
3599 1290 3706 1330 vos

283 1363 448 1434 ὑμᾶς,
483 1359 639 1432 ὑμεῖς
672 1354 730 1412 δὲ
776 1357 1266 1432 «στενοχωρεῖσθε
1311 1354 1364 1411 ἐν
1420 1359 1537 1417 τοῖς
1598 1354 1941 1428 σπλάγχνοις

2082 1371 2315 1426 ιοοεαῐῐι,
2348 1371 2449 1411 vos
2489 1361 2688 1412 autem
2741 1379 2767 1406 ‹‹
2802 1358 3229 1430 angustiamini
3276 1361 3333 1416 in
3385 1361 3710 1422 visceribus

281 1451 463 1524 ὐμῶν,
499 1472 528 1500 »
559 1446 861 1516 τουτέστιν,
911 1445 964 1500 ἐν
990 1449 1058 1520 τῇ
1110 1447 1248 1522 πρὸς
1294 1445 1424 1501 Θεὸν
1479 1444 1690 1519 ἀγάπῃ,
1807 1443 1943 1519 ἀγά·

173 1573 198 1588 ι
280 1545 387 1612 πᾷν
417 1559 488 1614 με
511 1536 782 1617 ὀφείλετε.
838 1535 1031 1598 Οὕτως
1066 1536 1095 1591 6
1127 1533 1366 1609 Κλήμης
1414 1533 1465 1590 ἐν
1497 1535 1739 1609 τετάρτῳ
1780 1533 1946 1587 Ὑπο-

279 1627 606 1685 τυπώσεων.

2054 1443 2285 1514 vestris,
2318 1466 2347 1496 »
2379 1445 2486 1501 hoc
2509 1449 2597 1502 est
2621 1445 2679 1501 in
2703 1445 2990 1503 charitate
3020 1450 3343 1506 secundum
3376 1451 3714 1526 Deum,qua

2058 1551 2151 1590 me
2181 1550 2379 1590 amare
2408 1535 2655 1591 debetis.
2691 1536 2775 1592 Ita
2803 1535 3074 1595 Clemens
3121 1537 3182 1594 in
3228 1545 3435 1611 quarto
3479 1545 3716 1618 Hypoty-

2055 1639 2252 1696 poseon
2284 1622 2460 1693 libro,

359 1767 440 1821 Ex
467 1767 690 1842 catena
720 1763 787 1842 in
831 1761 1119 1842 Epistolas
1169 1760 1336 1842 Pauli
1384 1765 1530 1818 tom.
1581 1759 1718 1830 VII;
1751 1776 1807 1832 p.
1839 1759 1946 1814 286
1976 1759 2045 1815 sd
2077 1759 2198 1815 haec
2224 1757 2498 1832 Epistolis
2550 1760 2621 1815 ad
2676 1759 2947 1817 Hebrtsos
3001 1779 3038 1830 ι,
3100 1763 3168 1819 1:
3233 1761 3569 1842 Πολυμερῶς
3625 1769 3718 1824 καὶ

285 1834 661 1912 πολυτρόπως
690 1831 862 1889 πάλαι
878 1831 924 1888 ’ὁ
954 1833 1108 1905 Θεός,
1141 1853 1193 1891 κ.
1225 1853 1275 1890 τ.
1302 1831 1357 1890 λ.

360 1949 688 2025 Κλήμεντος
711 1954 752 2006 ί.
805 1944 1026 2019 Ἐπειδή
1095 1967 1156 2025 γε
1202 1949 1310 2021 μὴν
1351 1947 1380 2002 6
1432 1944 1629 2022 Κύριος
1687 1943 1952 1999 ’Λπόστο-

291 2039 394 2105 λος
450 2038 526 2096 ὣν
551 2043 650 2096 τοῦ
677 2039 1126 2114 Παντοκράτορος
1159 2035 1436 2107 ἀπεστάλη
1470 2035 1610 2111 πρὸς
1641 2029 1950 2109 Ἐϐραίους,

292 2127 384 2186 διὰ
445 2129 773 2204 μετριότητα
829 2127 857 2182 6
908 2125 1127 2189 Παῦλος
1173 2127 1273 2182 οὐκ
1321 2124 1571 2202 ἐγγράφει
1631 2123 1816 2179 ἑαυτὸν
1865 2125 1951 2180 Ἑ-

295 2213 500 2294 ϐραίων
533 2214 896 2287 Ἀπόστολον,
944 2213 1034 2271 διὰ
1075 2217 1174 2285 τήν
1206 2215 1343 2291 πρὸς
1396 2215 1491 2269 τὸν
1523 2212 1725 2289 Κύριον
1757 2213 1950 2284 τιμὴν,

297 2305 388 2362 διά
417 2329 474 2362 τε
499 2311 602 2362 τῶν
635 2307 798 2362 ἐθνῶν
834 2306 968 2361 εἶναι
1018 2308 1188 2380 κῆρυξ
1227 2305 1318 2359 καὶ
1351 2301 1713 2372 Ἀπόστολος,
1763 2301 1823 2357 ἐκ
1862 2321 1954 2356 πε-

297 2397 538 2473 ριουσίας
571 2393 629 2451 δὲ
659 2394 964 2451 ἐπιστεῖλαι
995 2393 1084 2450 καὶ
1116 2399 1234 2456 τοῖς
1257 2387 1558 2467 Ἑϐραίοις.

2136 1945 2280 2002 381
2319 1946 2631 2003 Clementis.
2649 1947 2934 2014 Quoniam
2951 1949 3188 2020 quidem
3208 1951 3496 2008 Dominus
3523 1959 3725 2010 noster

2065 2035 2286 2092 missus
2311 2035 2816 2108 fueratapostolus
2838 2039 2910 2094 ab
2934 2037 3344 2111 Omnipotente
3358 2043 3428 2097 ad
3445 2043 3718 2099 Hebraeos

2065 2142 2167 2197 per
2190 2125 2539 2181 modestiam
2560 2125 2776 2182 Paulus
2801 2144 2913 2183 non
2935 2128 3174 2200 scripsit
3190 2133 3579 2202 semetipsum
3603 2137 3720 2189 He-

2064 2215 2353 2270 braeorum
2377 2214 3068 2286 apostolum,utDomiuo
3093 2217 3370 2275 honorem
3389 2219 3722 2292 legitimum

2063 2303 2432 2370 tribueret,et
2453 2305 2594 2374 quia
2615 2321 2798 2374 praeco
2818 2305 3054 2376 quidem
3070 2309 3444 2380 etapostolus
3458 2312 3724 2382 gentium

2064 2398 2212 2461 erat,
2240 2410 2309 2449 ex
2341 2393 2709 2450 abundantia
2739 2400 2934 2450 autem
2966 2397 3206 2469 scripsit
3235 2399 3306 2454 ad
3339 2399 3631 2457 Hebraeos.

365 2522 932 2611 Tomo_eodemhsub
963 2521 1279 2611 Clementis
1311 2521 1551 2611 nomine
1582 2519 2252 2611 sequnentianlragmenta
2281 2519 2535 2611 reperire
2565 2525 2678 2611 est:
2710 2520 3160 2611 Primum‘(pa‘g.
3202 2524 3326 2611 429)
3368 2523 3485 2610 inc.
3514 2542 3528 2582 :
3578 2523 3726 2611 [ςλή-

297 2615 516 2721 μεντος,
551 2591 1028 2668 Μεγαλόδωρος...
1073 2593 1374 2678 ρέεάαριξθί
1417 2593 1519 2675 lit).
1553 2609 1592 2661 ι,
1625 2591 1679 2647 οξ
1710 2594 1764 2663 9,
1800 2611 1860 2648 n.
1889 2593 1959 2647 85

325 2664 665 2721 πιδείξασθαι
693 2664 979 2721 τρόπαιον.
1011 2666 1182 2721 aliter
1209 2683 1277 2721 ao
1305 2681 1364 2720 in
1396 2665 1574 2721 edito.
1604 2667 1969 2721 Fraamentun

2088 2608 2170 2646 es.
2215 2631 2228 2644 .
2275 2633 2290 2647 .
2329 2630 2346 2648 .

2082 2662 2298 2720 lterum
2331 2665 2346 2721 ί

2404 2591 2853 2666 ὑπεραποθανεῖν,
2903 2591 3132 2666 καῖ’-τὸῖ
3161 2591 3439 2666 κατᾶίτοῦ
3493 2591 3725 2660 θανάτου

374 2662 670 2742 ιδε-ίξασθαι
693 2662 979 2742 τρόπαιον,
1011 2666 1182 2722 aliter
1209 2662 1277 2722 ao
1305 2662 1364 2742 in
1396 2665 1582 2742 edito._
1604 2662 1969 2742 Erag'mentul

2082 2662 2301 2742 lterum
2331 2662 2569 2742 (ιλ-455)
2599 2681 2612 2720 :
2678 2665 3168 2742 KAﬁpfewocinpc‘zc
3197 2665 3499 2739 Ἓλληνας.
3548 2667 3726 2724 Ἀλλά

295 2734 546 2815 γὰρ
588 2739 680 2815 καί
709 2734 803 2815 νῦν
832 2739 861 2792 6
893 2737 1110 2815 Κύριος,
1141 2757 1194 2792 κ.
1225 2756 1284 2815 τ..
1312 2734 1366 2792 λ.
1388 2756 1402 2805 ;
1425 2737 1703 2815 “desinit;
1720 2734 1799 2792 'ut
1830 2737 1889 2790 in
1921 2751 1969 2791 et

2088 2751 2118 2815 :_
2163 2734 2237 2796 ὡς
2264 2734 2480 2815 Ἰησοῦς
2507 2734 2956 2815 πεπιστευκότας.
3006 2734 3429 2810 Fragmentum
3480 2744 3724 2815 tertium

291 2803 383 2884 (μ’
409 2803 541 2884 4Ὡο)
569 2828 583 2868 :
619 2809 939 2883 Κλήμεντος
970 2803 1399 2884 παιδαγωγέωςζ
1423 2803 1810 2882 Πρωτόγονον,
1839 2827 1892 2864 κ.
1924 2826 1969 2862 τ.

2097 2809 2160 2863 In
2193 2803 2399 2864 multis
2432 2809 2503 2864 ab
2544 2810 2702 2866 edito
2733 2811 2963 2881 dill‘ert;
2998 2803 3388 2884 quamobrem
3447 2813 3543 2871 hic
3602 2815 3728 2870 sal-
3792 2867 3798 2872 .

292 2890 412 2941 tem
444 2884 643 2940 Grece
666 2884 1002 2941 sistendum
1029 2884 1328 2939 duximus.

369 2995 696 3071 Κλήμεντος
769 2995 1198 3074 Παιδαγωγέως.
1277 2994 1636 3071 Πρωτόγονον
1702 2993 1766 3049 τὸ
1825 2996 1964 3066 αἷμα

297 3085 606 3162 εὐρίσκεται
665 3087 717 3143 ἐν
770 3088 1066 3165 ἀνθρώπῳ,
1118 3090 1282 3142 τοῦτο
1332 3083 1400 3154 δὴ
1444 3089 1508 3140 τὸ
1566 3076 1704 3158 αἷμα
1762 3085 1962 3161 φυσικῇ

295 3175 636 3252 τρεπόμενον
676 3177 860 3252 πέψει,
910 3177 1191 3248 κυησάσης
1238 3181 1339 3245 τῆς
1386 3175 1618 3250 μητρὸς,
1665 3169 1966 3248 φιλοστορ-

298 3265 397 3342 γίᾳ
426 3269 722 3341 συμπαθεῖ,
778 3265 986 3338 ἐξανθεῖ
1013 3267 1104 3322 καὶ
1135 3264 1398 3341 γηράσκει
1456 3263 1593 3337 πρὸς
1632 3263 1696 3318 τὸ
1753 3257 1960 3341 ἄφοϐον

298 3359 400 3412 τοῦ
447 3353 696 3413 παιδίου.
745 3356 852 3414 Καὶ
892 3351 1005 3412 ἔστι
1041 3355 1134 3430 μὲν
1165 3362 1264 3426 τῆς
1312 3356 1510 3428 σαρκὸς
1556 3351 1852 3429 ὑγρότερον
1901 3350 1965 3407 τὸ

303 3447 467 3519 αἷμα,
496 3449 614 3502 οἷον
645 3445 778 3522 ὑγρά
821 3467 906 3509 τις
939 3443 1072 3501 οὖσα
1103 3445 1256 3521 σὰρξ,
1283 3447 1380 3500 τοῦ
1429 3441 1488 3499 δὲ
1517 3440 1753 3517 α’ίματος
1781 3462 1964 3498 νοστι-

310 3535 559 3610 μώτερον
617 3534 681 3590 τὸ
709 3532 854 3611 γάλα
882 3533 975 3590 καὶ
1023 3532 1546 3608 λεπτομερέστερον.
1579 3528 1705 3590 Εἴτε
1751 3532 1853 3608 γὰρ
1900 3530 1966 3586 τὸ

2073 2992 2392 3066 πνευμάτων
2449 2995 2502 3049 οἱ
2558 2996 2786 3067 ποιηταί
2833 3018 2990 3076 φασιν
3043 2999 3339 3055 ἀποπτύειν
3365 2998 3499 3065 ἁλὸς
3526 2999 3727 3075 ἄχνην·

2074 3079 2222 3152 πλὴν
2257 3080 2403 3138 ἀλλὰ
2433 3085 2571 3157 αἷμα
2601 3082 2718 3160 ἔχει
2770 3088 2870 3156 τὴν
2902 3086 3108 3142 οὐσίαν·
3152 3077 3334 3161 τούτῳ
3382 3094 3461 3162 τῷ
3516 3091 3725 3164 τρόπῳ,

2073 3173 2161 3228 καὶ
2197 3174 2249 3228 οἱ
2280 3176 2521 3248 ποταμοὶ
2555 3175 2701 3251 ῥόθῳ
2731 3177 3046 3254 φερόμενοι,
3105 3183 3174 3253 τῇ
3207 3178 3468 3254 ἐπιλήψει
3499 3183 3597 3237 τοῦ
3645 3203 3737 3238 πε-

2075 3263 2439 3338 ρικεχυμένου
2508 3264 2665 3339 ἀέρος
2731 3267 3062 3340 ξαινόμενοι,
3129 3268 3299 3346 ἀφρὸν
3361 3271 3731 3347 μορμύρουσι,

2073 3351 2166 3406 καὶ
2221 3353 2284 3406 τὸ
2315 3351 2604 3426 ἐνστὸμιον
2637 3357 2798 3428 ἡμῶν
2829 3356 2993 3432 ὑγρὸν
3019 3356 3100 3431 τῷ
3130 3359 3397 3434 πνεύματι
3448 3359 3734 3416 ἐκλευκαί-

2075 3461 2246 3499 νεται.

2146 3531 2241 3594 Τίς
2273 3529 2364 3586 οὗν
2395 3534 2430 3602 ἡ
2465 3531 2878 3610 ἀποκλήρωσις,
2913 3537 2989 3610 μή
3044 3536 3173 3614 οὐχὶ
3217 3539 3307 3594 καὶ
3356 3538 3421 3594 τὸ
3461 3542 3601 3613 αἷμα
3647 3539 3736 3596 ἐπὶ

303 3622 814 3700 ἐπιχορηγούμενον
849 3626 989 3698 αἷμα
1015 3627 1095 3697 τῷ
1135 3617 1384 3697 ἐμϐρύῳ,
1416 3623 1508 3678 καὶ
1557 3619 1650 3676 διὰ
1700 3620 1965 3694 μητρώου
1999 3641 2042 3710 C
2076 3619 2140 3676 τὸ
2172 3621 2565 3699 φωτεινότατον
2618 3625 2706 3679 καὶ
2755 3623 3082 3682 λευκότατον
3117 3627 3221 3682 ὑπὸ
3277 3633 3374 3683 τοῦ
3430 3629 3741 3703 πνεύματος

304 3713 421 3769 ἆστὶ
451 3713 716 3790 πρότερον
748 3712 1103 3789 πεμπόμενον
1138 3710 1416 3792 ὀμφαλοῦ,
1468 3710 1575 3767 εἴτε
1617 3709 1683 3766 αὖ
1711 3710 1773 3765 τὸ
1803 3731 1966 3766 κατα-

312 3804 511 3876 μήνιον
571 3802 704 3858 αὐτὸ
764 3801 1122 3859 ἀποκλεισθέν
1178 3806 1279 3868 τῆς
1355 3801 1559 3864 οίκείας
1609 3807 1778 3876 φορᾶς
1835 3800 1973 3856 κατὰ

310 3893 545 3968 φυσικὴν
597 3892 860 3968 ἀνάχυσιν
915 3893 1119 3969 χωρεῖν
1167 3889 1448 3947 κελεύεται
1509 3891 1648 3968 πρὸς
1705 3895 1802 3946 τοῦ
1833 3911 1971 3945 παν-

309 3980 519 4060 τρόφου
543 3981 636 4036 καὶ
680 3986 1067 4059 γενεσιουργοῦ
1096 3979 1185 4036 ἐπὶ
1217 3981 1349 4044 τοὺς
1397 3980 1832 4058 φλεγμαίνοντας
1859 3976 1970 4051 ἤδη

315 4069 582 4146 μαστοὺς,
633 4071 726 4126 καὶ
789 4071 893 4127 ὑπὸ
947 4069 1258 4144 πνεύματος
1309 4067 1709 4143 ἀλλοιούμενον
1745 4073 1972 4144 θερμοῦ.

228 4169 234 4176 ’
311 4161 543 4231 ποθεινή
576 4160 889 4230 σκευάζεται
938 4165 1019 4234 τῷ
1047 4160 1230 4234 νηπίῳ
1277 4161 1484 4238 τροφὴ,
1539 4160 1677 4232 αἷμα
1705 4159 1769 4215 τὸ
1809 4178 1973 4232 μετα-

311 4245 525 4306 ϐάλλον
581 4249 731 4308 ἰστί.
786 4249 1041 4307 Μάλιστα
1097 4250 1204 4325 γὰρ
1258 4248 1474 4304 πάντων
1541 4247 1722 4322 μελῶν
1779 4248 1976 4322 μαστοὶ

311 4341 620 4414 συμπαθεῖς
653 4341 856 4415 μήτρᾳ,
918 4341 1086 4395 Ἐπάν
1119 4339 1210 4395 οὗν
1244 4339 1379 4394 κατὰ
1419 4337 1548 4402 τοὺς
1593 4334 1788 4400 τόκους
1839 4339 1975 4392 ἀπο-

310 4430 492 4500 κοπὴν
540 4424 686 4506 λάϐῃ
737 4431 799 4486 τὸ
852 4431 1093 4507 ἀγγεῖον.
1154 4425 1223 4484 δι’
1284 4427 1347 4484 οὗ
1377 4428 1514 4505 πρὸς
1535 4427 1600 4483 τὸ
1628 4423 1867 4503 ἔμϐρυον
1912 4427 1976 4482 τὸ

311 4521 454 4593 αἷμα
503 4519 746 4598 ἐφέρετο,
801 4519 964 4594 μύσις
1018 4520 1114 4593 μὲν
1154 4518 1358 4594 γίνεται
1400 4522 1500 4573 τοῦ
1539 4513 1738 4594 πόρου,
1767 4518 1866 4586 τὴν
1919 4513 1977 4572 δὲ

313 4611 497 4686 ὁρμὴν
534 4610 622 4666 ἐπὶ
646 4611 775 4672 τοὺς
809 4608 1049 4684 μαστοὺς
1077 4610 1141 4666 τὸ
1191 4611 1332 4683 αἷμα
1361 4604 1650 4683 λαμϐάνει,
1701 4607 1794 4662 καὶ
1832 4606 1974 4664 πολ-

314 4699 423 4770 λῆς
449 4706 551 4770 τῆς
583 4699 848 4779 ἐπιφορᾶς
904 4699 1234 4774 γενομένης,
1265 4696 1646 4766 διατείνονται,
1676 4696 1765 4753 καὶ
1803 4717 1974 4771 μετα-

311 4782 517 4844 ϐάλλει
545 4789 609 4845 τὸ
639 4790 776 4863 αἷμα
805 4789 882 4852 εἷς
914 4787 1080 4864 γάλα,
1112 4787 1396 4864 ἀναλόγως
1423 4790 1492 4862 τῇ
1532 4785 1621 4842 ἐπὶ
1649 4791 1752 4856 τῆς
1797 4784 1972 4842 ἑλκώ-

311 4897 452 4940 σεως
480 4877 559 4941 εἰς
588 4881 726 4934 πῦον
775 4881 876 4934 τοῦ
922 4875 1154 4951 α’ίματος
1211 4871 1515 4951 μεταϐολῇ.
1575 4875 1701 4932 Εἴτε
1752 4872 1819 4931 αὖ
1867 4875 1975 4930 ἀπὸ

309 4971 422 5022 τῶν
486 4965 539 5022 ἐν
613 4971 842 5042 μαστοῖς
886 4968 1302 5042 παρακειμένων
1360 4961 1581 5042 φλεϐῶν
1629 4965 1975 5040 ἀναστομου-

319 5055 502 5130 μένων
547 5057 687 5112 κατὰ
747 5057 842 5120 τὰς
899 5053 1205 5121 διαστάσεις
1257 5062 1358 5126 τῆς
1425 5057 1672 5127 κυήσεως
1727 5057 1791 5111 τὸ
1843 5057 1984 5128 αἷμα

323 5150 648 5222 μεταχεῖται
703 5144 784 5209 εῒς
828 5145 925 5208 τὰς
979 5145 1207 5222 φυσικὰς
1255 5149 1364 5200 τῶν
1418 5145 1636 5218 μαστῶν
1701 5142 1979 5220 σύριγγας·

315 5233 531 5291 τούτων
564 5233 623 5290 δὶ
666 5234 1087 5310 ἀνακιρνάμενον
1132 5236 1196 5291 τὸ
1245 5235 1350 5291 ἀπὸ
1401 5239 1512 5290 τῶν
1563 5237 1980 5310 γειτνιαζουσῶν

318 5319 819 5399 καταπεμπόμενον
895 5324 1172 5401 ἀρτηριῶν
1246 5328 1480 5397 πνεῦμα,
1559 5321 1830 5398 μενούσης
1903 5319 1982 5380 ἔτι

316 5414 422 5482 τῆς
454 5412 824 5486 ὑποκειμένης
869 5410 1126 5487 ἀκεραίου
1181 5416 1280 5468 τοῦ
1340 5409 1572 5486 αἹματος
1631 5409 1836 5481 οὐσίας,
1894 5409 1982 5465 ἐκ·

321 5501 730 5575 κυμαινόμενον
787 5501 1147 5571 λευκαίνεται,
1205 5502 1297 5556 καὶ
1350 5505 1420 5576 τῇ
1465 5499 1691 5574 τοιαύτῃ
1734 5500 1983 5575 ἀνακοπῇ

318 5592 444 5648 κατ’
500 5591 829 5670 ἰξαφρισμὸν
890 5587 1314 5666 μεταϐάλλεται,
1371 5588 1758 5667 παραπλήσιόν
1804 5611 1858 5644 τι
1888 5610 1987 5645 πε-

2077 3710 2366 3785 τρέπεσθαι
2401 3713 2738 3789 ὁμολογεῖν;
2771 3716 2970 3791 πάσχει
3029 3714 3086 3772 δὲ
3113 3718 3214 3787 τήν
3247 3713 3559 3790 μεταϐολὴν
3604 3719 3742 3775 κατὰ

2081 3796 2351 3871 ποιότητα
2381 3800 2442 3856 ού
2494 3803 2611 3857 κατ⁴
2658 3802 2864 3861 οὐσίαν.
2901 3804 3123 3878 Ἀμέλει
3181 3811 3316 3881 γοῦν
3359 3805 3420 3863 οὐ
3452 3809 3741 3886 τροφιμώ-

2079 3910 2236 3965 τερον
2265 3889 2407 3946 άλλο
2435 3912 2510 3961 τι,
2539 3889 2667 3948 οὐδὲ
2701 3895 2809 3966 μήν
2839 3892 3196 3971 γλυκύτερον,
3231 3895 3357 3952 ἀλλ’
3391 3895 3519 3952 οὐδὲ
3550 3897 3742 3953 λευκό-

2081 3999 2238 4053 τερον
2293 3979 2470 4055 εῧροις
2521 3979 2580 4035 ἂν
2628 3981 2928 4058 γάλακτος.
2981 3984 3160 4054 Πάντη
3221 3983 3278 4039 δὲ
3308 3983 3453 4041 ἔοικε
3480 3991 3645 4042 τοῦτο
3669 3987 3742 4062 τῇ

2081 4073 2428 4143 πνευματικῇ
2461 4073 2659 4148 τροφῇ,
2720 4071 2844 4141 ἥτις
2894 4072 3005 4128 ἐστὶ
3061 4070 3291 4148 γλυκεῖα
3335 4076 3452 4148 μὲν,
3502 4073 3592 4130 διὰ
3637 4076 3736 4146 τὴν

2083 4157 2270 4234 χάριν,
2325 4158 2595 4236 τρόφιμος
2653 4158 2711 4216 δὲ
2767 4162 2842 4225 ὡς
2905 4164 3040 4233 ζωὴ,
3105 4161 3272 4232 λευκή
3334 4161 3391 4219 δὲ
3432 4164 3508 4229 ὡς
3559 4166 3742 4242 ἡμέρα

2084 4250 2338 4324 Χριστοῦ.
2387 4248 2569 4324 Ταύτῃ
2615 4252 2797 4306 τοίνυν
2842 4252 2967 4327 περὶ
3016 4254 3114 4322 τὴν
3157 4253 3461 4324 ἀποκύησιν
3519 4253 3739 4309 οἰκονο-

2089 4337 2363 4412 μούμενον
2417 4343 2496 4412 τῷ
2553 4340 2737 4418 βρέφει
2792 4343 2855 4396 τὸ
2912 4339 3054 4418 γάλα
3111 4349 3461 4419 χορηγεῖται.
3529 4343 3628 4399 Καὶ
3688 4345 3743 4398 οἱ

2089 4427 2285 4501 μαστοὶ
2342 4428 2393 4482 οἱ
2449 4430 2586 4492 τέως
2640 4430 2733 4485 τὸν
2793 4428 2960 4505 ἄνδρα
3017 4427 3485 4507 περιϐλεπόμενοι
3535 4433 3690 4510 ὀρθοί
3725 4479 3739 4506 ,

2083 4514 2194 4588 ἤδη
2227 4516 2579 4573 κατανεύουσι
2607 4519 2744 4596 πρὸς
2768 4520 2833 4575 τὸ
2885 4517 3125 4579 παιδίον.
3184 4523 3284 4590 τὴν
3347 4523 3452 4579 ὑπὸ
3506 4529 3608 4592 τῆς
3643 4522 3746 4600 φύ-

2085 4626 2224 4669 σεως
2280 4607 2668 4681 πεπονημένην
2703 4653 2718 4679 ,
2773 4606 3046 4681 εὔληπτον
3105 4613 3366 4688 παρέχειν
3414 4610 3748 4686 διδασκόμε-

2085 4697 2410 4774 νοιτροφὴν
2443 4697 2520 4763 είς
2543 4698 2852 4778 ἀνατροφὴν
2903 4700 3198 4778 σωτηρίας’
3261 4701 3322 4757 ού
3382 4703 3484 4779 γὰρ
3554 4703 3629 4765 ὡς
3690 4702 3747 4758 αἱ

2085 4785 2259 4862 πηγαὶ
2289 4784 2524 4862 πλήρεις
2555 4787 2687 4842 εΐσίν
2730 4789 2781 4843 οἱ
2845 4790 3042 4862 μαστοὶ
3101 4788 3474 4864 ἐπεισρέοντος
3521 4790 3748 4864 ἑτοίμου

2086 4873 2383 4949 γάλακτος,
2413 4875 2561 4932 ἀλλὰ
2612 4872 3048 4951 μεταϐάλλοντες
3075 4881 3176 4950 τήν
3224 4882 3456 4959 τροφήν,
3512 4879 3563 4935 ἐν
3623 4881 3746 4935 ἑαυ-

2087 4969 2208 5027 τοῖς
2267 4963 2588 5040 ἐργάζονται
2641 4965 2783 5041 γάλα
2841 4968 2930 5023 καὶ
2991 4967 3352 5026 διαπνέουσιν.
3386 4971 3448 5028 Ὁ
3476 4971 3652 5047 τροφή
3687 4966 3747 5025 δὶ

2092 5055 2127 5122 ἡ
2185 5052 2542 5125 κατάλληλος
2601 5054 2737 5127 αὕτη
2786 5058 2876 5112 καὶ
2937 5057 3251 5136 πρόσφορος
3327 5063 3586 5134 νεοπαγεῖ
3654 5058 3747 5112 καὶ

2090 5148 2311 5221 νεοφυεῖ
2360 5141 2566 5218 παιδίῳ
2596 5145 2734 5222 πρὸς
2764 5150 2863 5202 τοῦ
2897 5151 3032 5202 Θεοῦ
3069 5151 3167 5202 τοῦ
3195 5149 3441 5224 τροφέως
3499 5147 3585 5202 ναὶ
3640 5167 3748 5202 πα-

2092 5232 2224 5308 τρὸς
2267 5237 2378 5288 τῶν
2408 5233 2762 5308 γεννωμένων
2815 5235 2906 5290 καὶ
2963 5236 3422 5310 ἀναγεννωμένων
3475 5235 3749 5310 πενουμέ-

2094 5343 2185 5392 νη,
2242 5323 2363 5377 οἷον
2394 5325 2456 5379 τὸ
2490 5323 2660 5397 μάννα
2694 5324 2981 5400 οὐρανόθεν
3011 5323 3295 5402 ἐπεῤῥέετο
3341 5330 3460 5388 τοῖς
3489 5322 3750 5392 παλαιοῖς

2092 5405 2388 5485 Ἑϐραίοις,
2417 5414 2452 5482 ἡ
2485 5416 2592 5467 τῶν
2637 5411 2914 5489 Ἀγγέλων
2947 5411 3265 5488 ἐπουράνιος
3293 5417 3499 5492 τροφὴ,
3552 5413 3748 5488 ἀμέλει

2094 5501 2185 5556 καὶ
2213 5505 2302 5556 νῦν
2335 5503 2391 5557 αἱ
2417 5499 2594 5566 τίτθαι
2622 5502 2686 5557 τὸ
2734 5503 3092 5578 πρωτόχυτον
3122 5509 3219 5558 τοῦ
3264 5504 3539 5581 γάλακτος
3595 5504 3752 5578 πόμα

2095 5590 2405 5665 ὁμωνύμως
2438 5590 2613 5665 ἐκείνῃ
2642 5593 2710 5664 τῇ
2740 5594 2918 5668 τροφῇ
2951 5590 3096 5666 γάλα
3133 5591 3454 5664 κεκλήκασι.
3514 5595 3636 5670 Χρή
3693 5591 3751 5649 δὲ

322 5681 532 5745 πονθὸς
559 5683 630 5756 τῇ
676 5679 943 5756 θαλάττη,
996 5681 1059 5751 ἢν
1119 5677 1187 5750 δὴ
1237 5679 1373 5736 κατὰ
1429 5680 1524 5744 τὰς
1581 5674 1825 5755 ἐμϐολὰς
1877 5683 1986 5736 τῶν
2092 5687 2422 5751 κατανοῆσαι
2477 5681 2576 5750 τὴν
2637 5678 2816 5755 φύσιν·
2875 5681 2911 5751 ἡ
2943 5680 3047 5757 γάρ
3099 5703 3186 5738 τοι
3243 5685 3422 5761 τροφὴ
3472 5687 3758 5760 χειμῶνος

403 5838 428 5876 ⁸
458 5836 654 5913 Κλήμ.
685 5840 830 5900 God.
