4090 6420
372 452 482 507 775
1618 449 2022 504 CLEMENTIS

2131 452 2561 505 .EXANDRINI
3695 444 3807 503 776

376 577 471 650 μὶν
504 578 837 634 πυκνοῦντος
862 576 960 628 τοῦ
997 572 1353 647 περιέχοντος
1408 569 1500 625 καὶ
1532 566 1774 644 πάροδον
1830 569 1893 625 οὐ
1944 566 2029 625 δι-
2065 574 2115 639 Α
2216 571 2311 626 Διά
2343 572 2498 628 τοῦτο
2524 575 2627 649 ἄρα
2657 574 2935 647 μυστικῶς
2963 572 3026 627 τὸ
3066 570 3120 626 ἐν
3145 572 3226 643 τῴ
3276 568 3600 644 Ἀποστόλῳ
3651 569 3809 645 ἅγιον

372 663 587 735 δόντος,
614 662 765 726 ἐντὸς
797 659 1259 734 κατακλειομένη.
1318 664 1398 732 τῷ
1429 663 1618 735 θερμῷ
1650 656 1893 733 ἑψομένη
1944 658 2035 713 καὶ
2150 661 2391 734 Πνεῦμα,
2421 666 2489 737 τῇ
2519 667 2618 719 τοῦ
2642 663 2843 737 Κυρίου
2895 662 3295 737 ἀποχρώμενον
3337 664 3517 740 φωνῇ,
3578 684 3609 713 α
3659 657 3809 735 γαλα

370 754 678 827 πεττομένη
731 750 809 813 εἷς
857 749 951 811 τὰς
1011 743 1215 828 φλέϐας
1271 746 1711 823 έξαιματουμένη
1771 746 2031 824 έκχωρεῖ.
2151 750 2291 821 ὑμᾶς
2351 750 2576 807 ἐπότισα
2634 777 2663 804 »
2723 751 2905 829 λέγει.
2966 750 3038 808 Εἴ
3075 750 3179 827 γὰρ
3229 751 3666 828 ἀνεγεννήθημεν
3728 748 3808 811 εἰς

371 845 444 900 Αἱ
474 840 532 898 δὲ
563 840 654 897 διά
695 845 873 910 πνοῆς
920 838 983 895 οὐ
1011 838 1407 916 τυγχάνουσαι,
1433 836 1872 913 πεπληρωμέναι
1930 837 2033 910 μά·
2146 839 2396 914 Χριστὸν,
2430 842 2458 895 6
2490 840 2856 916 ἀναγεννήσας
2899 843 3047 915 ἡμᾶς
3110 839 3351 918 ἐκτρέφει
3398 844 3482 912 τῷ
3532 836 3659 911 ἰδίῳ
3703 837 3804 912 γά-

370 932 529 989 λιστα
559 929 918 986 συντείνονται
976 928 1065 984 καὶ
1122 927 1404 1007 σφύζουσι·
1468 924 1554 982 διὸ
1611 927 1705 982 καὶ
1752 927 1807 982 αἱ
1857 926 2034 982 τίτθαι
2146 926 2415 1002 λακτιτῷ
2463 928 2637 1006 λόγῳ·
2689 936 2792 986 πᾶν
2840 931 2946 1006 γάρ
2989 930 3053 985 τὸ
3100 932 3363 1006 γεννῆσαν
3414 927 3587 984 ἔοικεν
3644 925 3802 989 εὐθὺς

364 1019 731 1098 περιπληθεῖς
804 1015 930 1075 τότε
1014 1016 1256 1092 μάλιστα
1336 1016 1580 1093 γίνονται
1637 1019 1717 1089 τῷ
1773 1014 2031 1091 γάλακτι.
2143 1013 2404 1094 παρέχειν
2454 1022 2535 1093 τῷ
2562 1019 2886 1094 γεννωμένῳ
2913 1020 3146 1098 τροφήν.
3200 1022 3453 1095 Καθάπερ
3486 1015 3608 1087 δὶὴ
3669 1016 3803 1072 ἀνα-

361 1107 788 1170 Ἀποδέδειλται
847 1105 907 1164 δὲ
962 1110 1101 1182 ἡμῖν
1164 1111 1352 1184 μεκρῷ
1406 1106 1637 1182 πρόσθεν
1683 1105 1746 1160 τὸ
1789 1107 1930 1178 αἷμα
1959 1104 2036 1169 είς
2141 1126 2388 1182 γεννησις
2419 1107 2723 1185 ἀναλόγως,
2758 1105 2903 1165 οὕτω
2932 1106 3023 1164 καὶ
3067 1110 3102 1178 ἡ
3134 1107 3312 1186 τροφὴ
3353 1108 3546 1184 γέγονε
3585 1110 3667 1179 τῷ
3709 1105 3802 1161 ἀν-

368 1198 512 1277 γάλα
542 1204 661 1262 ταῖς
703 1198 959 1261 κυούσαις
1013 1196 1149 1253 κατά
1199 1191 1514 1271 μεταϐολὴν
1572 1196 1637 1250 οὐ
1695 1196 1813 1250 κατ’
1845 1193 2031 1249 οὐσίαν
2144 1196 2352 1270 θρώπῳ
2381 1199 2726 1271 πνευματικὴ
2758 1199 2958 1269 πάντη.
2992 1198 3187 1253 Τοίνυν
3227 1196 3319 1252 καὶ
3371 1200 3537 1270 ἡμεῖς
3573 1197 3640 1251 τὰ
3668 1195 3805 1251 πάν-

370 1294 600 1367 χωρεῖν.
645 1290 851 1360 Ὠσπερ
901 1286 1094 1360 ἀμέλει
1147 1286 1234 1341 καὶ
1281 1286 1336 1341 αἱ
1367 1284 1555 1362 τρίχες
1586 1286 1642 1341 αἱ
1673 1284 1857 1356 ξανθαὶ
1912 1288 2030 1346 τοῖς

368 1384 609 1456 γηρῶσιν
643 1378 721 1440 εἰς
751 1375 952 1440 πολιάς
985 1370 1444 1449 μεταϐάλλουσιν.
1496 1376 1696 1447 Θέρους
1748 1373 1805 1429 δὲ
1853 1371 2028 1446 ἔμπα-

370 1469 457 1526 λιν
492 1469 812 1545 ἀραιότερον
850 1467 908 1521 ὃν
936 1466 1000 1521 τὸ
1040 1470 1222 1538 σῶμα,
1280 1467 1381 1535 τήν
1429 1466 1638 1544 τροφὴν
1691 1462 2029 1541 εὖδιαφορω-

366 1559 528 1631 τέραν
557 1557 811 1634 παρέχει,
843 1556 930 1611 καὶ
968 1554 1168 1624 ἥκιστα
1216 1552 1504 1624 πλεονάζει
1560 1554 1625 1609 τὸ
1684 1552 1852 1629 γάλα,
1910 1551 2028 1607 επεὶ

372 1651 511 1722 μήτε
552 1647 617 1702 τὸ
663 1648 821 1719 αἷμα·
870 1642 999 1701 οὐδὲ
1045 1644 1147 1720 γάρ
1191 1648 1336 1699 πᾶσα
1378 1645 1667 1719 κατέχεται
1727 1643 1762 1711 ὴ
1821 1642 2026 1718 τροφή.

369 1735 432 1795 Εἰ
485 1735 661 1791 τοίνυν
693 1736 728 1804 ἢ
793 1734 885 1808 μὲν
938 1732 1262 1808 κατεργασία
1305 1738 1407 1803 τῆς
1434 1734 1642 1808 τροφῆς
1704 1730 2026 1802 έξαιματοῦ-

366 1846 477 1893 ται,
528 1824 593 1879 τὸ
652 1820 710 1879 δὲ
748 1824 888 1895 αἷμα
934 1820 1386 1896 έκγαλακτοῦται,
1444 1820 1760 1896 παρασκευή
1817 1816 2025 1895 γίνεται

366 1915 427 1969 τὸ
458 1913 595 1986 αἷμα
621 1916 719 1967 τοῦ
743 1910 1017 1986 γάλακτος
1065 1909 1247 1985 ὥσπερ
1279 1911 1417 1981 αἷμα
1448 1909 1764 1985 ἀνθρώπου,
1793 1906 1886 1962 καὶ
1932 1906 2021 1980 γί-

363 2022 561 2077 γαρτον
594 1999 870 2075 ἀμπέλου.

438 2088 800 2166 ’ΔλΛηγορῶν
832 2088 1013 2145 τοίνυν
1057 2088 1153 2144 τὸν
1185 2085 1353 2164 λόγον
1387 2087 1415 2142 6
1446 2085 1694 2159 Παῦλος,
1739 2084 1829 2141 καὶ
1876 2081 2023 2160 γάλα

365 2179 525 2237 αὐτὸν
579 2177 891 2253 ὀνομάζων,
941 2175 1288 2233 «ἐπότισα»
1341 2175 1604 2253 ἐπιφέρει.
1657 2173 1877 2231 Πίνεται
1918 2176 2021 2250 γὰρ

366 2270 396 2324 6
440 2266 630 2344 λόγος,
663 2270 698 2338 ἡ
729 2269 907 2346 τροφὴ
937 2273 1038 2337 τῆς
1074 2264 1358 2337 ἀληθείας,
1410 2263 1603 2339 ἀμέλει
1660 2262 1751 2319 καὶ
1799 2264 1861 2317 τὸ
1918 2284 2020 2317 πο-

363 2359 481 2428 τὸν,
542 2358 677 2434 ὑγρά
736 2355 987 2413 καλεῖται
1030 2358 1231 2429 τροφή.
1285 2355 1519 2410 Δυνατὸν
1563 2350 1622 2409 δὲ
1651 2354 1712 2409 τὸ
1742 2351 1872 2408 αὐτὸ
1929 2351 2020 2407 καὶ

370 2449 570 2525 βρῶμα
595 2445 729 2502 εἶναί
760 2467 878 2510 πως
906 2441 1037 2522 ἔχον
1058 2444 1151 2500 καὶ
1181 2443 1368 2513 ποτὸν,
1401 2442 1538 2519 πρὸς
1564 2439 1707 2499 ἄλλο
1757 2439 1848 2497 καῖ
1878 2438 2022 2496 ἄλλο

364 2535 688 2610 νοούμενον,
758 2535 1001 2609 καθάπερ
1071 2533 1160 2589 καὶ
1241 2534 1264 2576 θ’
1357 2533 1523 2608 τυρὸς
1579 2528 1854 2607 γάλακτος
1908 2529 2023 2585 ἐστὶ

365 2626 550 2697 πῆξις,
607 2626 643 2697 ἢ
676 2622 825 2699 γάλα
850 2623 1120 2697 πεπηγός·
1157 2621 1220 2676 οὐ
1263 2620 1370 2696 γάρ
1423 2640 1518 2693 μοι
1562 2627 1663 2689 τῆς
1711 2618 2027 2695 λεξιθηρίας

371 2713 525 2789 μέλει
577 2718 757 2782 τανῦν,
784 2711 932 2783 πλὴν
966 2710 1050 2768 ὅτι
1078 2712 1176 2776 τὰς
1200 2712 1405 2789 τροφάς
1455 2707 1622 2787 ἄμφω
1674 2707 1773 2782 μία
1830 2705 2024 2764 διακο-

364 2809 533 2860 νεῖται
591 2802 769 2859 οὐσία.
827 2800 1003 2859 Ἀλλά
1045 2802 1139 2856 καὶ
1186 2805 1303 2862 τοῖς
1363 2799 1702 2860 ὑποτιτθίοις
1759 2794 2021 2867 παιδίοις,

366 2893 524 2968 ἀρκεῖ
583 2891 747 2966 μόνον
793 2892 857 2947 τὸ
909 2888 1054 2966 γάλα
1102 2889 1193 2945 καὶ
1223 2888 1390 2944 ποτὸν
1451 2887 1587 2943 εἶναι
1640 2887 1732 2942 καὶ
1785 2888 2018 2966 τροφήν.

367 2979 684 3057 Πολλαχῶς
717 2977 777 3036 δέ
805 2981 834 3035 6
878 2978 1047 3055 λόγος
1094 2975 1514 3055 ἀλληγορεῖται,
1550 2975 1641 3032 καὶ
1676 2976 1897 3053 βρῶμα,
1929 2977 2021 3031 καὶ

364 3072 515 3148 σάρξ,
571 3070 662 3127 καὶ
716 3070 919 3147 τροφὴ,
976 3066 1067 3123 καὶ
1126 3065 1312 3139 ἄρτος,
1358 3067 1448 3122 καὶ
1493 3069 1656 3139 αἷμα,
1703 3067 1793 3121 καὶ
1852 3063 2020 3141 γάλα,

364 3162 574 3216 ἅπαντα
602 3161 632 3215 6
664 3157 864 3234 Κύριος
899 3157 977 3220 εἷς
1025 3155 1327 3211 ἀπόλαυσιν
1361 3157 1521 3228 ἡμῶν
1570 3159 1679 3210 τῶν
1730 3153 1807 3216 εἷς
1861 3153 2021 3209 αὐτὸν

363 3247 826 3306 πεπιστευκότων.
886 3246 1042 3317 Πλήν
1100 3243 1247 3302 ἀλλά
1292 3244 1383 3301 καὶ
1415 3247 1449 3315 ἠ
1483 3244 1635 3321 σάρξ,
1689 3243 1825 3314 αὐτή
1884 3246 2025 3318 αἷμα

2138 1302 2206 1337 τα
2251 1285 2473 1358 Χριστῷ
2515 1285 3029 1359 προσοικειούμεθα,
3078 1284 3168 1340 καὶ
3221 1283 3300 1347 εἷς
3347 1284 3653 1361 συγγένειαν
3716 1280 3806 1338 διά

2138 1368 2202 1424 τὸ
2259 1373 2399 1444 αἷμα
2445 1371 2614 1427 αὐτοῦ
2662 1372 2708 1445 ᾧ
2756 1371 3128 1449 λυτρούμεθα,
3185 1373 3276 1428 καὶ
3323 1372 3402 1435 εἷς
3461 1374 3801 1445 συμπάθειαν

2140 1455 2232 1513 διά
2258 1461 2357 1529 τὴν
2389 1460 2698 1535 ἀνατροφὴν
2730 1463 2828 1533 τήν
2862 1462 2924 1517 ἐκ
2944 1466 3043 1517 τοῦ
3075 1462 3273 1537 Λόγου,
3325 1462 3416 1517 καὶ
3463 1461 3539 1524 εἷς
3588 1461 3801 1540 ἀφθαρ-

2138 1547 2255 1603 σίαν
2288 1545 2378 1604 διά
2403 1552 2504 1620 τήν
2539 1550 2762 1627 ἀγωγὴν
2792 1555 2890 1606 τοῦ
2920 1552 3109 1607 αὐτοῦ.
3140 1551 3212 1606 Τὸ
3260 1550 3453 1625 θρέψαι
3486 1547 3534 1605 δ’
3574 1551 3630 1606 έν
3664 1551 3798 1626 βρο-

2134 1641 2280 1692 τοῖσι
2329 1635 2629 1710 πολλάκις,
2679 1639 2857 1696 πλείω
2906 1640 3189 1718 πορίζεται
3240 1638 3443 1718 φίλτρα
3489 1638 3588 1696 τοῦ
3629 1643 3796 1719 φῦσαι

2136 1724 2315 1784 τέκνα.
2365 1728 2487 1783 Ὅτι
2536 1730 2721 1784 τοίνυν
2772 1729 2825 1802 ἐξ
2884 1727 3116 1804 α’ίματος
3161 1729 3307 1806 γάλα
3368 1730 3508 1786 κατά
3559 1724 3801 1804 μεταϐο-

2136 1815 2242 1885 λὴν
2271 1817 2500 1893 γίνεται,
2532 1816 2643 1890 ἤδη
2681 1819 2775 1892 μὲν
2809 1821 2997 1895 σαφὲς,
3030 1821 3095 1875 οὐ
3132 1822 3241 1894 μὴν
3284 1817 3431 1876 ἀλλά
3460 1819 3550 1875 καὶ
3582 1818 3643 1875 έκ
3686 1823 3797 1874 τῶν

2134 1908 2433 1982 ποιμνίων,
2484 1906 2543 1964 ἔκ
2586 1929 2645 1965 τε
2688 1913 2796 1965 τῶν
2851 1908 3160 1986 βουκολίων
3212 1906 3381 1982 ἔξεστι
3436 1909 3644 1983 μαθεῖν.
3707 1908 3793 1967 Τά

2126 1995 2228 2072 γάρ
2289 2001 2402 2067 ζῶα
2451 2002 2621 2054 ταῦτα
2668 2003 2768 2055 τοῦ
2814 1993 2970 2064 ἔτους
3023 1998 3163 2055 κατά
3207 2000 3308 2069 τὴν
3370 1998 3513 2075 ὥραν
3574 2000 3643 2070 ἢν
3700 1995 3796 2072 ἔαρ

2126 2085 2411 2159 καλοῦσιν,
2448 2085 2742 2165 ὑγροτέρου
2771 2093 2870 2144 τοῦ
2894 2090 3255 2166 περιέχοντος
3293 2090 3613 2166 γεγονότος,
3646 2085 3796 2144 ἀλλά

2126 2176 2347 2246 καὶτῆς
2386 2178 2526 2243 πόας
2572 2178 2660 2233 καὶ
2707 2182 2817 2234 τῶν
2867 2182 3056 2253 νομῶν
3104 2176 3359 2258 εὐχύλων
3406 2180 3468 2234 τὸ
3499 2181 3795 2245 τηνικαῦτα

2130 2264 2302 2321 οὐσῶν
2361 2267 2450 2322 καὶ
2512 2265 2771 2341 ένίκμων,
2830 2265 3061 2341 αἵματος
3119 2267 3435 2343 πίμπλαται
3493 2266 3788 2343 πρότερον,

2129 2354 2206 2416 ὡς
2238 2353 2299 2410 έκ
2325 2362 2425 2424 τῆς
2469 2352 2767 2419 διατάσεως
2822 2360 2931 2412 τῶν
2963 2352 3182 2435 φλεϐῶν
3233 2356 3617 2433 κυρτουμένων
3678 2360 3789 2412 τῶν

2131 2443 2361 2521 ἀγγείων
2408 2441 2698 2501 δείκνυται.
2752 2447 2846 2503 Ἐκ
2893 2443 2952 2501 δὲ
2978 2450 3077 2502 τοῦ
3109 2443 3343 2520 α’ίματος
3394 2444 3787 2521 δαψιλέστερον

2133 2538 2313 2608 χεῖται
2341 2534 2404 2588 τὸ
2434 2533 2598 2609 γάλα.
2632 2535 2830 2607 Θέρους
2871 2532 2919 2590 δ’
2948 2529 3189 2609 ἔμπαλιν
3224 2535 3329 2591 ὑπὸ
3359 2538 3457 2590 τοῦ
3503 2535 3791 2609 καύματος

2132 2623 2525 2698 συγκαιόμενον
2556 2623 2646 2679 καὶ
2697 2624 3211 2700 ἀναξηραινόμενον,
3237 2622 3426 2694 ἵστησι
3455 2625 3556 2696 τήν
3616 2646 3791 2698 μετα-

2133 2706 2307 2781 ϐολὴν
2337 2712 2402 2767 τὸ
2432 2714 2589 2786 αἷμα,
2623 2715 2711 2769 καὶ
2754 2713 2926 2789 ταύτῃ
2986 2712 3212 2770 ἔλαττον
3266 2712 3627 2789 ἀμέλγονται.
3685 2716 3794 2770 Ναὶ

2137 2801 2245 2872 μὴν
2274 2799 2363 2855 καὶ
2414 2800 2723 2877 συγγένειάν
2762 2822 2883 2856 τινα
2930 2802 3070 2876 πρὸς
3110 2803 3174 2857 τὸ
3226 2799 3375 2877 ὓδωρ
3407 2803 3794 2876 φυσικωτάτην

2134 2887 2251 2965 ἔχει
2307 2890 2370 2945 τὸ
2424 2890 2592 2965 γάλα,
2647 2892 2891 2966 καθάπερ
2949 2889 3145 2964 ἀμέλει
3185 2891 3323 2966 πρὸς
3361 2890 3463 2961 τήν
3491 2911 3791 2964 πνευματι-

2130 2980 2233 3049 κήν
2265 2979 2327 3034 τὸ
2350 2977 2583 3055 λουτρὸν
2613 2980 2676 3035 τὸ
2726 2979 3113 3053 πνευματικόν.
3176 2980 3245 3039 Οἱ
3291 2983 3420 3055 γοῦν
3466 2978 3795 3057 έπιῤῥοφαν-

2130 3089 2217 3131 τες
2273 3072 2353 3141 τῷ
2401 3067 2635 3145 γάλακτι
2683 3073 2902 3144 ψυχροῦ
2945 3068 3139 3145 ὀλίγον
3170 3067 3390 3137 ὕδατος,
3449 3067 3796 3147 ὠφελοῦνται

2131 3164 2498 3232 παραχρῆμα.
2533 3159 2615 3215 O6
2648 3160 2753 3235 γὰρ
2786 3159 3143 3230 ἂποξύνεσθαι
3174 3159 3236 3214 τὸ
3268 3156 3415 3235 γάλα
3442 3157 3503 3230 ἐᾷ
3560 3157 3596 3227 ἢ
3651 3159 3793 3234 πρὸς

2130 3246 2193 3301 τὸ
2238 3244 2384 3321 ὕδωρ
2445 3248 2724 3320 κοινωνία,
2780 3246 2880 3303 οὐκ
2927 3248 3218 3319 ἀντιπαθίᾳ
3264 3247 3394 3318 τινὶ,
3445 3249 3795 3323 προσπεπαί-

361 3343 440 3413 τῷ
467 3338 722 3415 γάλακτι,
756 3339 871 3393 οἷον
923 3333 1489 3410 ἀντιπελαργούμενον
1540 3330 1758 3409 ἄρδεται
1813 3353 1873 3388 τε
1928 3333 2019 3388 καὶ
2051 3325 2095 3393 C
2130 3336 2361 3409 νομένου
2410 3333 2488 3408 δὲ,
2521 3336 2880 3413 προσπαθείᾳ.
2916 3337 3019 3393 Καὶ
3049 3338 3115 3406 ἣν
3142 3339 3170 3393 6
3220 3335 3387 3412 λόγος
3418 3332 3535 3412 ἔχει
3566 3337 3705 3411 πρὸς
3732 3336 3796 3392 τὸ

364 3427 597 3499 αὔξεται.
652 3425 752 3481 Καὶ
808 3422 875 3496 δὴ
910 3425 1000 3480 καὶ
1030 3426 1065 3494 ἡ
1093 3420 1475 3501 διαμόρφωσις
1524 3425 1623 3478 τοῦ
1680 3419 2020 3500 συλληφθέν-

362 3538 457 3580 τος
484 3520 566 3590 τῷ
590 3522 692 3586 τῆς
723 3513 812 3570 ἐπὶ
857 3520 1004 3589 μῆνα
1050 3513 1362 3588 καθάρσεως
1412 3510 1874 3584 ὑπολελειμμένῳ
1919 3531 2021 3566 κα-

362 3609 513 3682 θαρῷ
564 3606 965 3684 περιττώματι,
1018 3602 1348 3677 κιρναμένου
1404 3606 1502 3659 τοῦ
1550 3607 1860 3679 σπέρματος
1877 3602 2019 3677 γίνε-

360 3717 472 3752 ται.
516 3697 581 3754 Ἦ
613 3695 717 3772 γὰρ
749 3693 803 3750 έν
851 3693 1035 3767 τούτῳ
1076 3690 1307 3766 δύναμις
1338 3686 1655 3767 θρομϐοῦσα
1703 3695 1802 3747 τοῦ
1855 3688 2019 3765 α’ίμα-

361 3785 456 3848 τός
512 3785 612 3854 τὴν
671 3783 855 3862 φύσιν,
911 3784 968 3838 ὃν
1028 3780 1234 3857 τρόπον
1290 3784 1325 3835 ἢ
1370 3780 1566 3836 πυτεία
1596 3781 1900 3851 συνίστησι,
1956 3779 2020 3836 16

363 3871 510 3950 γάλα
562 3871 750 3929 οὐσίαν
795 3871 1073 3948 ἐργάζεται
1127 3870 1486 3949 μορφώσεως·
1548 3869 1766 3925 εὐθαλεῖ
1822 3870 1926 3944 γάρ
1982 3871 2017 3938 ἡ

360 3968 575 4040 κρᾶσις,
604 3961 850 4040 σφαλερὰ
880 3958 938 4016 δὶ
968 3962 1004 4030 ἡ
1035 3959 1274 4036 ἀκρότης
1320 3958 1397 4022 είς
1453 3957 1720 4016 ἀτεκνίαν.
1779 3959 1883 4015 Καὶ
1918 3959 2018 4034 γάρ

362 4052 534 4122 αὐτῆς
564 4049 673 4123 ἤδη
726 4057 827 4122 τῆς
870 4057 973 4125 γῆς
1022 4050 1125 4104 ὑπὸ
1169 4050 1264 4122 μὲν
1294 4043 1598 4122 ἐπομϐρίας
1652 4046 2019 4104 κατακλυσθὲν

362 4140 691 4218 ἀποσύρεται
738 4141 803 4196 τὸ
846 4139 1084 4216 σπέρμα·
1138 4135 1228 4194 διὰ
1277 4136 1335 4194 δὲ
1366 4137 1580 4215 αὐχμὸν
1612 4134 1825 4200 νοτίδος
1883 4136 2021 4193 ἀπο-

362 4231 708 4306 ξηραίνεται.
757 4227 1064 4300 Κολλώδης
1125 4226 1184 4284 δὲ
1238 4229 1267 4283 6
1324 4229 1510 4304 χυμὸς
1566 4226 1641 4282 ὣν
1683 4226 1900 4303 συνέχει
1956 4227 2021 4283 τὸ

360 4323 581 4395 σπέρμα
635 4320 726 4375 καὶ
773 4318 916 4398 φύει.
967 4319 1126 4381 Τινὲς
1158 4315 1217 4373 δὶ
1239 4317 1329 4373 καὶ
1358 4317 1421 4373 τὸ
1451 4316 1668 4394 σπέρμα
1720 4320 1816 4372 τοῦ
1873 4316 2021 4386 ζώου

363 4409 532 4487 ἀφρὸν
591 4410 722 4465 εἶναι
783 4413 882 4465 τοῦ
940 4406 1172 4481 α’ίματος
1225 4408 1342 4463 κατ’
1393 4405 1579 4462 οὐσίαν
1639 4407 1977 4463 ὑποτίθενται
2003 4425 2017 4441 ⁸

363 4498 393 4553 ’ὀ
426 4495 493 4569 δὴ
523 4502 592 4572 τῇ
623 4496 850 4575 έμφύτῳ
879 4501 977 4553 τοῦ
1037 4494 1263 4574 ἄρρενος
1319 4495 1497 4571 θέρμῃ
1553 4494 1700 4570 παρά
1747 4496 1844 4560 τὰς
1881 4516 2022 4569 συμ-

360 4586 576 4652 πλοκάς
632 4585 986 4663 έκταραχθὶν,
1045 4585 1475 4660 ἐκραπιζόμενον
1523 4584 1865 4661 έξαφροῦται,
1925 4585 2022 4641 κάν

2135 3424 2417 3501 βάπτισμα
2453 3426 2764 3495 κοινωνίαν,
2790 3424 2991 3496 ταύτην
3043 3423 3160 3502 ἔχει
3190 3426 3254 3482 τὸ
3284 3424 3431 3502 γάλα
3459 3427 3559 3495 τὴν
3592 3423 3793 3481 συναλ-

2131 3515 2304 3588 λαγήν
2337 3515 2475 3591 πρὸς
2500 3515 2565 3570 τὸ
2595 3512 2763 3589 ὕδωρ.
2802 3517 3029 3591 Δέχεται
3055 3516 3157 3593 γὰρ
3212 3516 3379 3589 μόνον
3434 3520 3544 3570 τῶν
3610 3516 3793 3591 ὑγρῶν

2126 3603 2290 3659 τοῦτο
2335 3604 2426 3660 καὶ
2473 3605 2574 3673 τήν
2624 3604 2762 3680 πρὸς
2806 3604 2869 3660 τὸ
2918 3601 3066 3681 ὕδωρ
3103 3604 3248 3677 μίξιν
3279 3603 3631 3681 ἐπικάθαρσιν
3682 3624 3793 3660 πα-

2130 3688 2648 3767 ραλαμϐανόμεσον,
2680 3695 2920 3769 καθάπερ
2958 3694 3022 3749 τὸ
3075 3692 3357 3770 βάπτισμα
3406 3692 3496 3749 ἐπὶ
3548 3693 3796 3768 ἀφέσεως

2129 3780 2433 3856 ἀμαρτιῶν.
2493 3780 2761 3858 Μίγνυται
2823 3780 2883 3838 δὲ
2930 3781 3021 3838 καὶ
3082 3782 3267 3857 μέλιτι
3325 3784 3648 3861 προσφυῶς,
3704 3782 3797 3838 καὶ

2127 3874 2290 3926 τοῦτο
2323 3871 2410 3925 έπὶ
2437 3872 2693 3946 καθάρσει
2742 3871 2909 3927 πάλιν
2942 3873 3078 3945 μετά
3106 3871 3363 3948 γλυκείας
3409 3875 3510 3937 τῆς
3554 3879 3795 3949 τρυφῆς’

2133 3960 2462 4037 μιγνύμενος
2489 3960 2593 4035 γάρ
2625 3961 2654 4015 6
2704 3958 2869 4035 λόγος
2912 3960 3321 4039 φιλανθρωπίᾳ,
3372 3960 3517 4017 ἰᾶταί
3565 3982 3629 4035 γε
3678 3962 3811 4035 ἅμα,

2127 4050 2195 4105 τά
2240 4050 2383 4120 πάθη
2434 4049 2525 4104 καὶ
2572 4050 2919 4126 ἀνακαθαίρει
2969 4051 3065 4114 τὰς
3118 4052 3408 4127 ἁμαρτίας.
3461 4050 3795 4126 Ἐπιμίγνυ-

2126 4159 2214 4193 ται
2238 4136 2295 4193 δὲ
2322 4139 2387 4194 τὸ
2414 4138 2556 4215 γάλα
2586 4140 2676 4194 καὶ
2708 4135 2842 4213 οἷ’νῳ
2871 4137 3087 4215 γλυκεῖ.
3118 4139 3446 4219 Ἐπωφελὴς
3479 4137 3536 4195 δὲ
3560 4143 3596 4211 ἡ
3624 4139 3793 4214 μίξις,

2128 4227 2555 4302 ἀνακιρναμένου
2610 4232 2709 4284 τοῦ
2770 4227 2976 4293 πάθους
3052 4229 3129 4292 είς
3208 4229 3531 4308 ἀφθαρσίαν.
3600 4229 3791 4307 Ἐξορο

2131 4316 2319 4393 ῥοῦται
2355 4317 2457 4394 γὰρ
2505 4317 2609 4372 ὑπὸ
2654 4321 2751 4373 τοῦ
2799 4314 2950 4373 οἷ’νου
2981 4317 3043 4373 τὸ
3073 4316 3219 4393 γάλα
3248 4318 3338 4374 καὶ
3371 4319 3640 4394 σχίζεται·
3701 4318 3795 4374 καὶ

2129 4407 2159 4463 ὃ
2186 4428 2241 4462 τι
2273 4427 2374 4482 περ
2405 4406 2573 4462 αὐτοῦ
2601 4407 2785 4476 νόθον,
2837 4411 3000 4463 τοῦτο
3049 4407 3463 4483 ἀποχετεύεται.
3524 4408 3673 4463 Κατά
3725 4408 3799 4463 τά

2129 4497 2269 4552 αὐτὰ
2297 4492 2357 4552 δὲ
2383 4503 2484 4567 τῆς
2515 4497 2749 4560 πίστεως
2782 4498 2817 4566 ἡ
2864 4498 3125 4553 κοινωνία
3176 4501 3212 4567 ἡ
3263 4499 3606 4571 πνευματικὴ
3656 4497 3798 4571 πρὸς

2127 4586 2219 4641 τὸν
2262 4586 2511 4655 παθητὸν
2550 4587 2837 4660 ἄνθρωπον
2886 4587 2984 4649 τάς
3034 4588 3292 4663 σαρκικάς
3321 4584 3614 4661 ἐπιθυμίας
3641 4584 3796 4663 ἐξορο

355 4681 477 4739 ταῖς
508 4674 842 4749 σπερματίσι
885 4676 1239 4751 παρατίθεται
1270 4674 1491 4752 φλεψὶν,
1522 4672 1759 4739 ἐντεῦθεν
1811 4674 1903 4731 καὶ
1957 4675 2025 4730 τά
2053 4700 2101 4766 D
2133 4675 2301 4750 ῥοῦσα
2348 4674 2424 4737 εἰς
2478 4672 2766 4744 άϊδιότητα
2814 4673 3101 4731 συστέλλει
3156 4676 3250 4730 τὸν
3310 4672 3620 4750 ἄνθρωπον,
3668 4681 3794 4738 τοῖς

359 4763 659 4842 ἀφροδίσια
735 4761 1024 4836 κέκληται.
1102 4764 1389 4843 Συμφανὶς
1445 4762 1627 4819 τοίνυν
1702 4762 1763 4818 ἐκ
1811 4762 2020 4819 τούτων
2053 4761 2090 4766 ⁷
2131 4765 2298 4827 θείοις
2345 4764 2836 4833 ἀπαθανάτίζουσα.
2883 4764 2953 4822 Οἱ
2998 4763 3204 4821 πολλοὶ
3236 4762 3295 4820 6‘s
3323 4764 3413 4820 καὶ
3444 4765 3507 4821 τὸ
3555 4763 3793 4838 λιπαρὸν

361 4853 636 4922 ἁπάντων,
692 4856 830 4928 αἷμα
878 4854 1013 4910 εἶναι
1064 4858 1164 4909 τοῦ
1205 4851 1549 4929 ἀνθρωπίνου
1607 4853 1862 4925 σώματος
1919 4854 2022 4922 τήν

363 4945 574 5014 οὐσίαν,
621 4942 768 5001 ἀλλά
813 4943 904 4999 καὶ
953 4944 1089 5017 μετὰ
1131 4943 1232 5013 τὴν
1276 4944 1579 5014 ἀποκύησιν
1629 4941 1784 5004 αὖθις
1838 4941 2024 5016 ἐκτρέ-

364 5054 519 5113 φεται
546 5034 611 5089 16
664 5031 883 5089 παιδίον
912 5030 1102 5106 α’ίματι
1132 5036 1215 5105 τῷ
1245 5030 1412 5105 αὐτῷ.
1447 5028 1691 5105 Α’ίματος
1730 5031 1831 5107 γάρ
1863 5030 2021 5109 φύσις

355 5127 455 5179 τοῦ
501 5120 780 5199 γάλακτος
824 5124 860 5192 ἡ
916 5120 1089 5199 ῥύσις,
1134 5121 1227 5177 καὶ
1265 5122 1419 5197 πηγή
1448 5124 1660 5199 τροφῆς
1688 5120 1752 5175 τὸ
1780 5118 1941 5196 γάλα,
1975 5122 2022 5195 ᾧ

361 5210 430 5282 δὴ
461 5212 554 5268 καὶ
601 5212 742 5289 γυνὴ
793 5208 942 5283 δήλη
982 5214 1214 5267 τεκοῦσα
1245 5210 1468 5281 ἀληθῶς
1500 5208 1591 5265 καὶ
1625 5210 1814 5284 μήτηρ
1845 5205 1916 5264 δι’
1959 5207 2024 5264 οὗ

356 5299 449 5356 καὶ
477 5298 707 5380 φίλτρον
740 5298 955 5361 εὐνοίας
981 5293 1398 5375 προσλαμϐάνει

2128 4858 2226 4909 τοῦ
2255 4852 2555 4928 γάλακτος,
2590 4854 2619 4908 '6
2662 4850 2729 4923 δὴ
2780 4852 3047 4928 βούτυρον
3096 4854 3349 4921 καλοῦσι,
3408 4857 3797 4929 καταχρῶνται

2133 4942 2209 5008 εΐς
2241 4942 2471 5017 λύχνον,
2503 4943 2566 4997 τὸ
2596 4940 2932 4997 πολυέλαιον
2962 4946 3060 4998 τοῦ
3109 4941 3277 5017 λόγου
3336 4940 3406 4997 δι’
3465 4942 3792 5018 αἶ’νίγματος

2129 5029 2416 5107 ἀριδήλως
2449 5030 2861 5109 σαφηνίσαντες,
2910 5032 2984 5094 ὡς
3019 5031 3189 5106 μόνου
3219 5029 3378 5088 τοῦδε
3423 5030 3655 5096 ἐνδίκως
3699 5034 3791 5089 καὶ

2128 5122 2428 5199 τρέφοντος
2499 5121 2588 5176 καὶ
2660 5117 2918 5194 αὔξοντος
2973 5123 3064 5176 καὶ
3121 5120 3454 5200 φωτίζοντος
3504 5121 3636 5184 τοὺς
3690 5144 3793 5195 νη-

2131 5210 2316 5273 πίους.
2350 5212 2601 5267 Τοσαῦτα
2629 5209 2755 5286 περὶ
2782 5208 3055 5285 γάλακτος
3081 5211 3173 5267 καὶ
3228 5217 3331 5281 τῆς
3359 5209 3557 5266 τούτου
3606 5210 3795 5284 ἀλλη-

2132 5301 2349 5377 γορίας.
