4090 6414
399 359 502 416 801

1525 363 1624 416 ΒΕ
1658 360 2219 449 ωΗΟΒΤΔΤῙΟΝΕ
2258 365 2356 418 AD
2393 365 2699 420 GBNTES.

3726 369 3836 424 802

396 483 1169 559 Xenocratis_septem___non
1217 483 1410 559 solum
1441 485 1731 559 planetas,
1763 487 1864 542 sed
1897 491 2058 542 octa-
2088 489 2143 556 Α
2174 501 2433 558 paganos
2467 488 2674 542 merito
2706 487 2923 559 arguit,
2956 489 3110 559 quod
3147 490 3627 548 amantissimum
3663 492 3830 550 illum

394 573 535 612 vum
566 555 906 628 quemdam,
939 555 1163 628 scilicet
1193 555 1506 621 mundum,
1531 558 1702 628 cujus
1732 561 1927 613 tamen
1954 574 2059 612 no-

398 645 535 683 men
590 627 905 693 reticebat,
985 627 1044 682 in
1104 629 1348 683 deorum
1407 627 1671 684 ordinem
1729 629 2058 685 referentis.

398 699 664 756 Posthac
690 715 829 754 vero
855 698 1102 764 Stoicos,
1138 699 1321 755 Deum
1353 701 1554 755 omnia
1584 701 1845 766 omnino,
1880 701 2059 756 etiam

397 773 691 827 vilissima
728 787 976 841 quaeque
1033 773 1345 842 pervadere
1394 774 1746 827 arbitrantes
1792 773 2061 827 exsibilat

399 850 460 898 et
489 842 770 914 explodit.
795 845 1167 896 Aristotelem
1200 860 1371 913 porro
1405 861 1608 912 parum
1643 844 1756 899 sibi
1790 853 2060 899 constare

398 913 888 996 probat;_qtiippe
923 913 1027 996 qui
1057 914 1303 996 hujusce
1332 917 1538 996 mundi
1572 916 1854 996 animam.
1875 917 2057 996 Deum

398 988 596 1058 ipsum
634 988 714 1039 ita
745 1001 871 1040 esse
901 989 1299 1058 contenderet,
1333 993 1396 1040 ut
1444 988 1598 1042 intra
1644 989 1869 1042 lunaris
1901 988 2060 1043 orbis

395 1057 684 1111 terminos
718 1057 1083 1126 providentia
1116 1057 1273 1111 illius
1305 1058 1910 1114 circumscriberetur.
1944 1064 2056 1114 Ne-

394 1146 512 1201 que
541 1128 834 1201 veriorem
859 1128 1272 1199 Theophrasti,
1291 1131 1602 1199 ipsiusmet
1626 1131 1954 1185 Aristotelis
1974 1131 2058 1184 fa-

398 1199 673 1263 miliaris,
704 1199 888 1254 Deum
919 1201 1133 1253 alicubi
1167 1201 1400 1264 coelum,
1435 1202 1575 1256 alibi
1619 1219 1752 1256 vero
1784 1203 2057 1271 Spiritum

397 1272 737 1335 asserentis,
773 1277 970 1325 censet
1010 1271 1366 1342 Opinionem.
1403 1278 1696 1328 Postremo
1728 1273 1823 1328 ille
1858 1274 2061 1328 irridet

395 1349 456 1400 et
487 1343 703 1398 refellit
737 1342 1074 1412 Epicurum,
1113 1344 1210 1412 qui
1247 1348 1424 1398 Deum
1460 1361 1552 1399 res
1585 1345 1876 1400 humanas
1907 1362 2058 1400 curae

396 1415 521 1470 ullo
559 1414 730 1468 modo
764 1414 980 1467 habere
1017 1416 1312 1484 praefracte
1342 1416 1737 1470 inﬁciahatur.

468 1485 735 1556 Explosis
767 1485 966 1556 itaque
994 1485 1086 1540 his
1119 1488 1398 1541 omnibus
1456 1489 1620 1542 falsis
1669 1487 2060 1556 tutilibusque

394 1557 885 1628 philosophorum
916 1558 1245 1622 sententiis,
1277 1559 1348 1612 ad
1381 1559 1526 1614 alios
1557 1560 1793 1625 transit,
1827 1559 1924 1626 qui
1960 1575 2058 1611 ve-

395 1629 558 1684 riora
617 1629 686 1683 de
720 1633 860 1701 Deo
909 1637 1250 1695 senserunt,
1285 1631 1790 1701 tradideruntque.
1829 1629 2060 1684 Primus

395 1705 598 1756 autem
623 1717 692 1754 ex
713 1700 785 1754 iis
808 1700 1092 1755 Clementi
1128 1707 1326 1755 nostro
1352 1718 1479 1756 sese
1501 1700 1719 1757 obtulit
1737 1701 1896 1757 Plato
1927 1702 1993 1766 ³⁵,
2028 1718 2061 1754 a

395 1789 513 1856 quo
538 1772 776 1843 quidem
805 1771 1246 1856 quamvislhaud
1267 1773 1514 1855 obscure
1532 1775 1763 1856 dicatur
1786 1779 2058 1856 naturam

395 1844 1004 1938 divinamjnonlplosse
1037 1844 1480 1938 ahhqmiqibns
1532 1845 1853 1938 explicari,
1887 1848 2063 1938 negat
2097 1875 2142 1938 Β

394 1921 595 1970 tamen
629 1915 786 1968 idem
818 1915 1081 1987 Clemens
1111 1914 1254 1984 ipsis
1283 1917 1354 1970 ab
1390 1917 1550 1970 illius
1592 1914 1979 1987 inquisitione
2006 1919 2066 1969 et

396 1987 853 2057 investigatione
902 1986 1118 2040 idcirco
1165 2003 1294 2040 esse
1345 1986 1772 2042 desistendum.
1825 1987 2062 2042 Cunctis

398 2058 560 2130 enim
585 2075 739 2127 vero,
764 2074 827 2112 ac
851 2057 925 2112 iis
948 2057 1342 2130 potissimum,
1367 2061 1465 2130 qui
1499 2059 1558 2114 in
1595 2059 1862 2114 doctrina
1881 2064 1939 2130 et
1960 2058 2061 2130 lit-

400 2129 547 2184 teris
564 2133 896 2195 versantur,
923 2130 1064 2184 adeo
1089 2129 1330 2183 insitum
1351 2129 1439 2186 est
1462 2132 1758 2200 quoddam
1792 2129 2066 2183 Divinita-

403 2203 478 2256 tis
502 2201 906 2265 efﬂuvium,ut
926 2216 1131 2255 omnes
1151 2200 1332 2256 Deum
1359 2219 1538 2256 unum
1574 2219 1702 2257 esse
1731 2201 2062 2271 ingenitum

414 2278 471 2326 et
499 2273 918 2340 Immortalem,
941 2272 1119 2326 velint
1153 2273 1357 2339 nolint,
1385 2274 1676 2328 fateantur
1711 2289 1946 2327 necesse
1965 2274 2060 2327 sit.

404 2346 479 2398 At
507 2343 649 2397 illud
687 2345 942 2416 profecto
976 2348 1177 2416 auctor
1203 2350 1400 2399 noster
1449 2346 1702 2400 maxime
1752 2344 2061 2416 approbat,

407 2416 562 2486 quod
608 2416 680 2469 ab
729 2417 934 2470 eodem
983 2415 1222 2470 Platone
1269 2417 1550 2471 traditum
1604 2415 1838 2486 legitur,
1881 2416 2063 2470 Deum

403 2486 674 2542 omnium
710 2503 901 2541 rerum
936 2502 1064 2541 esse
1095 2504 1309 2557 regem,
1340 2505 1577 2542 causam
1612 2495 1670 2542 et
1703 2504 2062 2556 mensuram;

405 2559 509 2631 sed
545 2559 702 2631 hunc
735 2558 1216 2629 philosophorum
1256 2561 1419 2614 facile
1453 2560 1831 2631 principema
1853 2560 2063 2631 barba-

402 2630 488 2684 ris
515 2630 796 2684 scientias
833 2631 1122 2683 humanas
1146 2630 1649 2700 quemadmodum
1684 2647 1849 2684 veras
1879 2630 2062 2701 leges,

403 2718 721 2772 veramque
745 2703 813 2755 de
838 2706 951 2755 Deo
985 2702 1377 2771 cognitionem
1403 2705 1472 2755 ab
1500 2703 1750 2757 Hebr-ais
1769 2704 2066 2772 accepisse

403 2773 637 2826 nullum
673 2772 770 2827 ille
803 2778 969 2844 putat
999 2788 1129 2827 esse
1152 2774 1459 2828 dubitandi
1483 2774 1674 2829 locum
1697 2774 1977 2844 '7.Neque
1998 2790 2066 2828 ex

404 2844 522 2899 alio
575 2845 752 2911 fonte,
804 2845 915 2898 nisi
965 2859 1032 2897 ex
1081 2844 1213 2907 isto,
1266 2852 1368 2898 aut
1419 2863 1486 2900 ex
1532 2845 1726 2899 divino
1777 2846 2062 2899 instinctu

404 2916 689 2969 haustum
742 2915 796 2968 id
845 2921 1064 2978 censet,
1098 2917 1251 2986 quod
1304 2916 1389 2970 vel
1441 2917 1816 2970 Antisthenes
1863 2917 2066 2971 docuit

413 2988 593 3042 Deum
629 2986 772 3040 nulli
808 2986 1052 3041 similem
1073 2989 1416 3056 eximagine
1447 2988 1683 3059 agnosci
1721 3005 1831 3042 non
1867 3004 2061 3058 posse;

403 3060 496 3113 vel
530 3059 684 3128 quod
715 3059 1038 3130 Xenophon
1065 3059 1300 3128 scripsit
1326 3060 1573 3125 Deum,a
1594 3076 1708 3130 quo
1731 3060 1930 3114 omnia
1950 3076 2067 3114 mo-

404 3135 618 3184 ventur
651 3129 732 3184 vel
765 3131 1432 3202 consistunttmagnum
1479 3138 1536 3186 et
1586 3129 1877 3202 potentem
1913 3147 2062 3198 esse,

405 3202 509 3256 sed
541 3219 658 3272 qua
689 3202 876 3255 forma
911 3202 1006 3270 sit,
1030 3201 1173 3256 nulli
1199 3204 1536 3273 cognitum;
1561 3201 1645 3257 vel
1679 3203 1831 3273 quod
1859 3202 2062 3257 Clean-

402 3273 535 3327 thes
567 3273 798 3327 Stoicus
824 3274 865 3307 ³⁸
890 3274 1090 3343 paucis
1140 3275 1503 3328 carminibus
1534 3291 1726 3329 veram
1764 3274 1862 3328 Dei
1896 3277 2066 3328 natu-

405 3360 533 3398 ram
570 3343 902 3417 luculenter
933 3345 1260 3414 expressit;
1293 3345 1379 3400 vel
1414 3347 1566 3408 quod
1605 3345 1938 3417 Pythagorae
1980 3361 2073 3401 se-

404 3421 666 3471 ctatores
718 3415 911 3486 palam
969 3418 1359 3485 tradiderunt,
1410 3417 1593 3472 Deum
1647 3415 1728 3471 ita
1777 3415 1961 3472 unum
2015 3421 2073 3472 et

406 3503 643 3558 semper
692 3503 838 3553 esse,
875 3493 938 3542 ut
968 3494 1129 3542 totus
1161 3488 1238 3541 sit
1269 3490 1325 3542 in
1361 3493 1482 3544 toto
1529 3490 1772 3557 mundo,
1805 3489 2072 3544 omnium

407 3563 655 3626 creator,
690 3565 874 3629 pater,
911 3576 1099 3626 mens,
1134 3559 1440 3623 animatio,
1477 3565 1534 3614 et
1564 3564 1782 3614 motus.

480 3631 625 3695 Quid
652 3647 786 3684 vero
810 3631 962 3700 quod
998 3648 1109 3685 non
1146 3632 1320 3686 modo
1353 3631 1760 3702 philosophos,
1791 3631 1887 3686 sed
1909 3630 2072 3699 ipsos

405 3702 584 3756 etiam
611 3707 833 3774 poetas,
860 3703 971 3756 etsi
1003 3704 1058 3756 in
1083 3702 1297 3756 fabulis
1323 3703 1606 3774 falsisque
1631 3702 2072 3757 narrationibus

404 3773 717 3828 cantaridis
749 3775 868 3828 fere
893 3790 1128 3845 semper
1159 3773 1838 3845 occupatos,’aliquando
1872 3779 2068 3828 tamen

402 3861 538 3900 vera
572 3846 641 3900 de
677 3850 787 3899 Deo
811 3845 1091 3900 cecinisse
1113 3845 1420 3916 perspicue
1438 3848 1845 3901 demonstrat?
1865 3846 2071 3901 Testes

403 3916 620 3971 etenim
650 3919 890 3971 Aratum
918 3917 1355 3988 Hesiodumque
1379 3920 1521 3972 citat
1543 3919 1726 3988 ",qui
1754 3923 1929 3972 Deum
1958 3917 2070 3972 im-

405 3988 564 4058 perio
579 4004 686 4042 suo
699 3990 899 4043 omnia
913 3989 1214 4044 continere
1230 3990 1532 4044 afﬁrmant
1559 3990 1928 4045 Deindevero
1947 4007 2009 4043 ru
2022 4005 2072 4044 r-

403 4075 536 4114 sum
566 4059 802 4133 Hesiodi
829 4066 1002 4132 atque
1026 4061 1202 4115 etiam
1230 4061 1538 4131 Sophoclis
1569 4067 1626 4116 et
1653 4060 1868 4133 Orphei
1898 4060 2072 4116 refert

411 4132 679 4186 carmina
703 4133 992 4200 3°,quibus
1014 4149 1198 4186 unum
1227 4134 1511 4189 duntaxat
1546 4132 2073 4203 Deum,solumque

401 4202 909 4268 immortalem,ac
943 4221 1138 4259 rerum
1173 4205 1438 4259 omnium
1474 4206 1834 4260 conditorem
1874 4202 2072 4274 aperte

409 4274 895 4346 pronuntiarunt.
930 4276 1053 4330 Huc
1084 4276 1261 4332 etiam
1293 4283 1457 4333 vocat
1486 4275 2073 4344 Menandrum,Euri-

400 4346 613 4472 (pidem
646 4351 703 4401 et
736 4351 1049 4402 Homerum
1072 4348 1256 4417 3‘,qui
1287 4350 1556 4403 versibus
1596 4349 1720 4403 suis
1761 4349 1902 4402 deos
1939 4347 2068 4401 irri-

442 4433 559 4472 ere.
597 4435 702 4472 nec
735 4419 866 4472 sine
899 4420 1128 4472 nrobris
1177 4425 1234 4472 et
1283 4419 1612 4472 maledictis
1664 4419 1976 4472 exsibilare
2017 4422 2068 4472 et

442 4433 559 4481 ere,
597 4435 702 4490 nec
735 4419 866 4473 sine
899 4420 1128 4490 probris
1177 4425 1234 4474 et
1283 4419 1612 4475 maledictis
1664 4419 1976 4474 exsibilare
2017 4422 2074 4472 et

411 4488 775 4561 proscribere
803 4488 1048 4546 minime
1070 4491 1234 4546 veriti
1267 4497 1428 4546 sunt.

472 4561 733 4633 Posthac
765 4569 959 4618 autem
991 4567 1195 4617 contra
1227 4580 1486 4633 paganos
1516 4561 1714 4615 divina
1744 4559 1973 4633 Veteris
1995 4576 2069 4633 ac

2173 563 2420 629 patrem,
2456 559 2557 630 qui
2591 575 2826 631 summa
2859 576 3101 631 prorsus
3127 567 3186 616 et
3215 562 3546 618 incredibili
3576 564 3834 622 bonitate

2171 636 2517 707 eos-aeterna
2553 630 2824 686 felicitate
2853 630 3036 701 gratis
3087 639 3143 686 et
3193 635 3305 688 cito
3359 637 3540 707 beare,
3579 635 3829 707 volebat,

2172 702 2374 755 audire
2406 703 2813 768 detrectantes,
2848 719 2976 758 sese
3001 709 3211 773 sponte
3261 721 3369 760 sua
3418 707 3476 761 in
3531 702 3827 764 infernum

2173 773 2498 844 praecipites
2530 775 2767 828 dabant.

2244 842 2461 898 Vanam
2497 845 2748 898 subinde
2776 844 2821 877 ³³
2853 848 2910 898 et
2942 842 3206 898 frivolam
3256 861 3459 900 eorum
3488 849 3702 902 evertit
3734 866 3822 904 re-

2171 917 2571 986 sponsionem,
2591 915 2689 986 qui
2714 916 2984 969 traditam
3005 934 3037 969 a
3058 917 3322 983 patribus
3356 919 3480 972 suis
3512 927 3826 976 consuetu-

2171 989 2366 1060 dinem
2398 987 2867 1060 labefactandam
2899 1003 3027 1042 esse
3052 991 3361 1060 negabant.
3380 991 3620 1054 Quantae.
3645 993 3828 1060 enim,

2172 1059 2324 1113 Deus
2354 1060 2525 1126 bone,
2559 1059 2614 1112 in
2650 1060 2922 1121 diversis,
2948 1059 3158 1127 inquit,
3183 1061 3311 1113 vitae
3342 1061 3614 1116 humanae
3647 1059 3829 1117 aetati;

2174 1133 2282 1204 bus
2315 1131 2466 1204 ﬁunt
2497 1129 2976 1204 immutationes!
3011 1131 3123 1183 Cur
3140 1134 3638 1202 ergo,pergitille,
3662 1135 3829 1204 impii

2169 1200 2442 1256 homines
2474 1218 2507 1255 a
2539 1201 2698 1256 vitiis
2746 1202 2814 1255 ad
2872 1202 3166 1271 pietatem,
3195 1200 3230 1255 δῖ
3270 1200 3488 1258 nefario
3538 1200 3831 1260 idolorum

2170 1273 2331 1327 cultu
2365 1276 2433 1329 ad
2466 1289 2664 1327 veram
2709 1273 3076 1343 religionem,
3112 1275 3240 1327 sine
3271 1291 3386 1344 qua
3417 1275 3616 1330 nullus
3668 1284 3832 1331 reter-

2172 1361 2308 1398 nam
2371 1344 2620 1398 salutem
2674 1345 2954 1414 consequi
3009 1345 3240 1414 poterit,
3275 1347 3548 1400 accedere
3601 1364 3834 1402 recusa-

2173 1415 2367 1470 bunt‘?
2398 1418 2470 1471 Et
2503 1415 2560 1470 id
2589 1416 2827 1485 quidem
2882 1421 2946 1470 ut
2991 1415 3236 1486 paganis
3285 1418 3516 1473 facilius
3567 1421 3833 1487 suadeat,

2172 1488 2430 1542 ostendit
2473 1503 2674 1541 eorum
2729 1487 3118 1558 presbyteros,
3151 1489 3194 1543 5
3232 1489 3470 1543 sordida
3517 1497 3676 1545 veste
3723 1492 3838 1546 diis

2172 1559 2595 1632 sacriﬁcantes,
2631 1559 2812 1613 videri
2833 1559 2990 1632 deos
3022 1559 3220 1632 potius
3252 1558 3474 1632 lugere,
3510 1577 3687 1632 quam
3735 1579 3835 1617 co-

2173 1631 2323 1696 lere;
2348 1635 2404 1683 et
2424 1629 2656 1703 illorum
2683 1629 2951 1699 sepulcra
2973 1630 3171 1703 potius
3200 1629 3461 1686 indicare
3485 1629 3664 1703 quam
3689 1638 3838 1688 tem-

2174 1703 2283 1776 pla
2303 1702 2590 1776 venerari,
2615 1706 2980 1776 QuaprOpter
3008 1702 3242 1776 eosdem
3279 1702 3531 1776 gentiles
3557 1711 3620 1759 ut
3645 1706 3840 1776 priora

2173 1772 2390 1853 delicta
2440 1772 2775 1853 pcenitendo
2822 1773 3119 1852 corrigant
3164 1773 3230 1838 3‘,
3262 1779 3320 1853 et
3370 1775 3443 1853 ad
3489 1772 3839 1853 Dei_confu-

2173 1845 2340 1918 giant
2375 1843 2865 1918 misericordiam,
2886 1859 2997 1898 non
3026 1843 3152 1897 sine
3176 1843 3532 1914 quibusdam
3566 1845 3842 1918 eloquen-

2174 1914 2264 1988 tiae
2297 1914 2562 1969 ﬂosculis
2593 1914 2808 1988 iterum
2844 1919 3141 1984 provocat,
3175 1914 3707 1988 Deumqueipsum
3741 1935 3840 1973 eos

2174 1986 2600 2068 alloqulentem,
2634 1984 3324 2068 ho_rtantem,etla3ternae
3359 1984 3654 2068 felicitatis
3685 1991 3841 2044 bona

2175 2058 2258 2113 eis
2293 2056 2666 2128 pollicentem
2699 2057 2764 2126 ³⁸,
2790 2057 2943 2112 haud
2969 2056 3842 2128 ineleganterinducit.Auctor

2175 2131 2460 2212 itaqueet
2489 2129 2814 2212 suasorheis
2846 2134 2955 2211 est,
2975 2129 3224 2183 utnulla
3257 2131 3605 2212 interposita
3633 2132 3838 2187 incon-

2175 2198 2440 2256 sideratae
2501 2198 2953 2255 consultationis
3011 2198 3570 2270 procrastinatione,
3611 2220 3836 2259 morem

2174 2272 2258 2326 illi
2291 2275 2537 2342 gerant;
2572 2287 2677 2325 nec
2709 2271 2948 2326 audiant
2981 2271 3237 2342 amplius
3284 2274 3536 2329 factores
3586 2274 3836 2329 simula-

2176 2359 2430 2411 crorum,
2461 2348 2517 2395 et
2550 2342 2827 2414 lapidum
2879 2343 3236 2412 adoratores,
3271 2346 3370 2414 qui
3437 2345 3835 2400 Alexandrum

2177 2414 2478 2485 Magnum,
2512 2413 2778 2483 aliosque
2810 2414 3078 2469 homines
3119 2416 3178 2468 in
3228 2413 3470 2471 deorum
3523 2434 3835 2472 numerum

2178 2490 2392 2540 referre
2424 2485 2553 2540 ausi
2606 2491 2764 2540 sunt.
2801 2485 2916 2540 Hos
2967 2486 3125 2540 enim
3173 2488 3425 2542 artiﬁces
3475 2493 3531 2542 et
3581 2489 3836 2544 cultores

2177 2557 2627 2613 simulacrorum
2663 2557 3092 2630 iniquissimos,
3113 2563 3169 2612 et
3191 2559 3455 2614 daemone
3487 2559 3613 2630 ipso
3645 2560 3837 2615 infeli-

2178 2631 2362 2684 ciores
2408 2645 2535 2683 esse
2594 2630 2870 2683 ostendit.
2917 2628 3091 2682 Nulla
3139 2630 3432 2685 enimvero
3482 2628 3836 2687 perversitas

2178 2649 2362 2684 CIOI‘OS
2408 2649 2535 2683 esse
2594 2649 2870 2683 ostendit.
2917 2649 3091 2682 l‘tUlla
3139 2649 3432 2685 enimvero
3523 2649 3831 2687 erversnas

2178 2705 2370 2772 potest
2415 2716 2544 2755 esse
2596 2703 2801 2770 major,
2836 2716 3012 2772 quam
3045 2717 3247 2755 eorum
3284 2701 3384 2772 qui
3418 2649 3618 2758 eorum
3653 2702 3831 2771 idola,

2175 2771 2407 2841 quando
2459 2772 2697 2844 quidem
2752 2771 2962 2844 nullus,
2999 2773 3203 2844 artifex
3232 2771 3520 2843 3°,ineque
3568 2775 3830 2844 Phidias,

2177 2860 2367 2917 neque
2399 2843 2653 2917 Apelles,
2684 2859 2874 2912 neque
2887 2843 3044 2917 ullus
3063 2843 3210 2917 alius
3229 2844 3552 2915 spirantem
3570 2843 3832 2917 unquam

2177 2914 2495 2986 imaginem
2531 2914 2617 2967 vel
2653 2919 2911 2986 statuam
2947 2915 3168 2986 fecerit.
3203 2914 3277 2969 At
3305 2933 3438 2970 cum
3473 2914 3837 2972 solum-Ver-

2175 2985 2320 3061 bum
2351 2985 2860 3061 divinu_m,_Filius
2884 2985 3006 3061 Dei,
3031 2991 3243 3061 et_vera
3273 2987 3371 3041 Dei
3408 2987 3838 3061 Patrisiimago,

2175 3055 2359 3129 vivam
2413 3056 2502 3110 sui
2545 3057 2602 3111 in
2641 3056 2890 3129 homine
2922 3056 3239 3128 imaginem
3295 3060 3668 3129 expresserit,
3702 3055 3839 3114 hinc

2176 3128 2372 3201 arguit
2402 3144 2535 3201 eum
2570 3127 2758 3201 solum
2787 3127 3552 3201 adorandum,pravamque
3573 3131 3726 3186 idola
3745 3149 3845 3186 co-

2184 3199 2339 3274 lendi
2372 3206 2427 3253 et
2459 3199 2740 3274 adorandi
2792 3201 3291 3274 consuetudinem,
3319 3199 3514 3274 sacris
3562 3203 3845 3274 baptismi

2186 3272 2362 3346 undis
2393 3286 2528 3346 esse
2550 3270 2969 3346 sepeliendam.
3005 3271 3158 3346 Etid
3183 3273 3432 3346 quidem
3486 3270 3698 3346 pagani
3727 3275 3842 3331 nisi

2181 3343 2297 3398 cito
2332 3342 2640 3412 perﬁciant
2671 3343 2735 3406 ³⁷,
2770 3359 2834 3396 ac
2868 3343 3021 3397 sicut
3061 3343 3328 3397 Ninivita:
3381 3342 3662 3401 anteacta:
3707 3346 3841 3401 vita:

2183 3415 2603 3484 pmnitcant,eo
2627 3415 2826 3487 minus
2855 3415 3023 3468 venia
3055 3416 3216 3485 digni
3249 3421 3574 3487 erunt.quo
3609 3417 3841 3472 facilius

2183 3491 2506 3560 potuerunt
2531 3491 2588 3538 et
2623 3486 2807 3560 Deum
2840 3501 3213 3555 cognoscere,
3247 3486 3549 3560 et_veram
3605 3489 3841 3560 religio-

2184 3574 2316 3612 nem
2352 3556 2694 3627 amplexari.
2731 3558 3013 3619 Quocirca
3045 3574 3144 3612 eos
3175 3557 3376 3612 sedulo
3411 3565 3627 3624 monet,
3662 3556 3748 3625 ut',
3769 3562 3842 3615 ad

2184 3631 2418 3702 saniora
2452 3627 2870 3702 redeuutes,in
2902 3628 3061 3702 idola
3093 3646 3222 3699 quae
3255 3629 3426 3702 nihil,
3452 3631 3609 3686 aliud
3665 3648 3841 3702 quam

2186 3699 2410 3772 lapides
2442 3705 2604 3765 sunt,
2639 3700 2958 3755 excolenda
2988 3705 3045 3755 et
3077 3701 3375 3755 adoranda
3407 3699 3738 3771 facultates,
3760 3703 3833 3757 vi-

2182 3778 2423 3842 tamque
2456 3789 2622 3826 suam
2656 3789 2768 3826 non
2803 3772 3060 3842 amplius
3092 3772 3420 3827 insumant.

2255 3844 2428 3897 Nulla
2455 3843 2671 3916 quippe
2703 3853 2946 3898 deorum
2981 3844 3300 3898 simulacra
3325 3845 3845 3916 etefﬁgies,neque

2182 3915 2356 3988 etiam
2377 3932 2546 3988 area,
2583 3915 2706 3984 iris,
2739 3916 2884 3983 dies,
2920 3917 3163 3981 mensis,
3189 3933 3402 3978 annus,
3429 3923 3487 3971 et
3510 3915 3763 3988 tempus,
3783 3935 3846 3972 ac

2184 3987 2427 4058 proinde
2462 4003 2566 4058 nec
2589 3989 2893 4058 eaquibus
2925 4004 3124 4041 eorum
3161 4005 3442 4042 mensura
3473 3989 3754 4043 deﬁnitur
3777 3989 3844 4058 ³⁸,

2184 4057 2459 4113 nimirum
2483 4057 2566 4113 sol
2588 4057 2801 4130 etluna
2829 4058 2907 4112 dii
2940 4058 3057 4112 ullo
3092 4060 3326 4130 penitus
3360 4059 3533 4114 modo
3567 4059 3679 4114 dici
3708 4057 3844 4130 posé

2183 4135 2338 4184 sunt.
2373 4130 2453 4183 Ex
2484 4130 2701 4200 quibus
2734 4129 2830 4211 ille
2864 4136 3018 4212 recte
3050 4129 3288 4212 colligit
3315 4130 3484 4199 longe
3533 4129 3840 4212 absurdio-

2183 4219 2301 4255 rem
2337 4218 2466 4255 esse
2492 4217 2696 4255 eorum
2730 4201 3090 4271 opinionem,
3121 4201 3217 4270 qui
3251 4206 3487 4256 Poenam
3525 4208 3580 4254 et
3609 4202 3840 4272 Suppli-

2179 4275 2360 4332 cium.
2394 4272 2696 4327 Justitiam
2734 4280 2790 4326 et
2819 4272 3116 4332 Nemesin,
3169 4273 3395 4335 Furias,
3448 4272 3682 4339 Parcas,
3737 4275 3843 4328 Fa-

2181 4352 2326 4409 tum,
2362 4343 2830 4414 Rempublicam,
2861 4343 3140 4403 Gloriam,
3174 4343 3409 4397 Plutum
3443 4361 3542 4399 seu
3578 4344 3840 4410 divitias,

2179 4415 2629 4477 Verecundiam,
2665 4421 2962 4481 Amorem,
3002 4415 3301 4482 Venerem,
3338 4415 3648 4478 Somnum,
3684 4415 3840 4471 Mor-

2180 4493 2321 4552 tem,
2361 4486 2652 4556 Enyonem
2695 4503 2797 4540 seu
2832 4485 3149 4550 Bellonam,
3187 4486 3456 4548 Martem,
3489 4488 3758 4542 Cometes
3786 4493 3844 4543 et

2184 4563 2497 4611 Fortunam
2533 4558 2672 4612 deos
2702 4573 2830 4613 esse
2862 4558 3080 4612 frustra
3109 4557 3545 4612 existimabant.
3576 4559 3754 4629 Atqui
3789 4560 3838 4615 si

399 4631 541 4686 Novi
571 4633 746 4688 etiam
782 4634 1143 4689 Testamenti
1177 4619 1523 4688 auctoritate
1557 4631 2062 4703 pugnat,manife-
2099 4619 2144 4682 D
2180 4630 2407 4684 nullum
2433 4645 2510 4703 ex
2544 4629 2647 4689 eis,
2669 4630 2860 4698 inquit
2890 4630 3388 4703 Clemens,neque
3422 4619 3764 4703 ullaiimago
3785 4637 3842 4686 et

398 4709 678 4774 stumque
713 4705 850 4760 facit
879 4722 1078 4761 sacros
1108 4705 1270 4760 illius
1303 4709 1814 4772 auctores,sancto
1845 4703 2062 4774 Spiritu

399 4775 652 4840 afﬁatos,
687 4776 806 4858 ullo
850 4776 1072 4849 absque
1123 4779 1431 4858 verborum
1463 4778 1646 4858 .fuco,
1673 4781 1956 4858 apparatu
1984 4779 2064 4858 ‘et

398 4853 749 4902 ornamento
779 4865 924 4902 verte
959 4847 1072 4904 non
1107 4851 1279 4904 modo
1313 4848 1838 4919 religionisjecisse
1860 4847 2066 4919 funda-
2114 4886 2119 4890 -

402 4923 620 4985 menta,
657 4921 757 4974 sed
793 4920 1062 4975 homines
1111 4921 1286 4976 etiam
1335 4939 1366 4976 a
1414 4921 1572 4975 vitiis
1624 4924 1682 4974 et
1729 4918 2066 4973 idololatria

400 5007 701 5055 evocasse,
733 5007 952 5060 eosque
983 4992 1205 5047 sanctis
1237 4993 1519 5048 imbuisse
1553 4991 1679 5045 vitae
1719 5006 2066 5057 merumque

401 5063 709 5134 praeceptis
737 5067 795 5117 et
827 5063 1137 5118 institutis.
1168 5065 1327 5128 Quod
1365 5064 1600 5134 quidem
1655 5063 1726 5118 ab
1775 5080 1840 5117 eo
1888 5063 2068 5116 variis

398 5133 651 5206 Sibyllae,
684 5134 975 5198 Jeremiae,
1011 5137 1194 5200 Isaiae,
1231 5133 1466 5206 Moysis,
1492 5143 1687 5191 Amos.
1715 5134 2063 5206 Salomonis,

399 5203 657 5278 Davidis,
683 5211 859 5276 atque
881 5207 1056 5262 etiam
1090 5203 1347 5278 Apostoli
1386 5206 1743 5261 testimoniis
1765 5205 2062 5278 mirumiin

401 5277 640 5332 modum
692 5280 976 5348 probatur
1022 5280 1089 5332 ³³.
1124 5280 1300 5333 Addit
1350 5295 1411 5333 se
1457 5280 1649 5333 adhuc
1699 5295 1890 5348 posse,
1919 5277 2067 5332 alios

399 5347 744 5404 innumerds
759 5351 1051 5416 conjicere
1067 5352 1406 5405 earumdem
1421 5351 1541 5405 Scri
1554 5356 1651 5419 ptu
1665 5347 1796 5403 raru
1809 5366 1862 5402 m
1885 5347 2064 5419 locos,

396 5421 619 5489 quibus
659 5423 808 5476 Deus
841 5421 1111 5477 homines
1164 5423 1234 5476 ad
1291 5423 1504 5491 impios
1541 5418 1780 5476 deorum
1819 5418 2066 5474 idololo-

396 5507 653 5564 rumque
683 5493 880 5548 cultus
911 5494 1261 5561 rejiciendos
1281 5499 1336 5548 et
1353 5511 1546 5549 veram
1581 5491 1924 5562 religionem
1946 5507 2068 5545 am-

397 5562 769 5633 plectendam
798 5565 1052 5619 mirabili
1082 5564 1442 5633 benignitate
1461 5567 1758 5628 admonet,
1778 5564 2068 5628 obsecrat,

394 5640 598 5704 instat,
629 5641 820 5709 urget,
847 5637 1196 5692 obtestatur.
1224 5637 1373 5692 Tum
1397 5637 1610 5692 deinde
1642 5641 1848 5692 auctor
1869 5639 2071 5691 noster

469 5852 515 5887 ²⁶
551 5869 683 5925 pag.
735 5855 825 5909 45.
905 5856 949 5889 ²τ
991 5870 1122 5926 pag.
1183 5855 1271 5909 46.
1352 5853 1398 5888 ³⁸
1451 5870 1582 5926 pag.
1635 5855 1743 5926 47.
1807 5851 1851 5887 ²⁹

400 5921 446 5956 ³³
481 5921 610 5997 pag.
631 5921 733 5982 '57.
809 5927 854 5960 ³⁴
884 5921 1018 5999 pag.
1051 5921 1121 5980 58
1151 5930 1208 5982 et
1237 5943 1363 5998 seq.
1441 5921 1486 5961 ⁵⁵
1519 5921 1651 5998 pag.
1685 5925 1776 5980 61.

1903 5868 2034 5923 pag.
2087 5851 2175 5906 48.

1855 5921 2059 5996 3“pag.
2093 5923 2183 5977 62.
2262 5923 2304 5954 ⁸⁷
2339 5936 2476 5991 pag.
2510 5921 2604 5974 63.

2177 4707 2376 4756 statua
2396 4700 2472 4756 sit
2495 4706 2667 4769 Deus,
2690 4706 2745 4756 et
2765 4703 3030 4772 quaedam
3056 4707 3252 4756 tamen
3280 4702 3337 4756 in
3374 4719 3480 4756 nos
3511 4702 3709 4756 divina
3741 4719 3841 4773 po-

2177 4773 2359 4827 tentia
2390 4778 2685 4836 cernatur,
2719 4773 2854 4843 quid
2893 4773 3050 4827 aliud
3087 4778 3378 4844 superest,
3412 4773 3522 4828 nisi
3557 4780 3622 4827 ut
3653 4791 3839 4828 unum

2175 4861 2380 4899 verum
2410 4850 2465 4898 et
2490 4844 2678 4899 solum
2713 4862 2841 4899 esse
2872 4844 3057 4899 Deum
3084 4846 3514 4900 conﬁteamur?
3545 4847 3684 4900 Orat
3705 4863 3842 4916 ergo

2178 4924 2242 4971 ut
2273 4917 2505 4986 pagani.
2539 4933 2570 4970 a
2600 4933 2807 4971 somno
2847 4918 3085 4972 tandem
3137 4917 3390 4982 excitati,
3423 4917 3582 4972 hunc
3633 4922 3843 4984 Deum,

2177 4987 2350 5044 idolis
2373 4988 2618 5057 aliisque
2640 4989 2791 5043 ﬁctis
2809 4989 3152 5044 numinibus
3171 4989 3843 5059 repudiatis,a1iquamio

2177 5063 2555 5128 cognoscant.

2253 5133 2414 5186 Hunc
2451 5147 2617 5199 porro
2653 5130 2859 5194 Deum,
2886 5128 3132 5184 minime
3154 5134 3350 5183 autem
3394 5133 3478 5184 tot
3509 5131 3840 5185 daemonum

2177 5203 2233 5256 in
2273 5209 2424 5257 terra
2457 5203 2849 5256 habitantium
2887 5201 3202 5272 myriades,
3228 5203 3412 5255 totius
3437 5207 3727 5257 terrarum
3760 5220 3845 5257 or-

2179 5275 2268 5328 bis
2302 5275 2609 5328 dominum
2662 5291 2792 5328 esse
2845 5273 3232 5344 demonstrat.
3269 5274 3549 5327 Homines
3582 5274 3781 5344 itaque
3815 5292 3848 5328 a

2182 5351 2293 5400 Deo
2326 5345 2504 5400 creati
2531 5346 2594 5409 3°,
2631 5361 2763 5398 cum
2798 5350 2963 5397 terra:
2999 5343 3292 5397 fructibus
3343 5344 3624 5398 continuo
3675 5343 3845 5399 alan-

2179 5423 2297 5483 tur,
2330 5422 2417 5471 tot
2447 5422 2597 5472 certe
2625 5417 2923 5481 tantisque
2967 5416 3095 5481 ejus
3150 5415 3452 5469 beneﬁciis
3501 5416 3714 5480 affecti,
3749 5417 3850 5470 de-

2179 5489 2320 5544 bent
2340 5505 2543 5544 eorum
2568 5503 2885 5557 agnoscere
2910 5487 3344 5558 auctoremrﬁed
3366 5486 3846 5558 pagapiﬁllorum

2182 5577 2422 5631 prorsus
2454 5561 2857 5624 immemores,
2884 5565 2940 5612 et
2969 5557 3120 5631 sicut
3149 5557 3330 5612 Niobe
3367 5557 3652 5631 Lothique
3683 5576 3848 5627 uxor,

2181 5629 2376 5688 omnis
2409 5648 2622 5686 sensus
2662 5634 2951 5701 expertes,
2979 5630 3162 5700 impio
3195 5646 3309 5685 non
3345 5629 3536 5685 solum
3571 5631 3733 5686 cultu
3770 5633 3852 5687 fe-

2257 5851 2301 5884 ³⁰
2348 5865 2483 5919 pag.
2540 5846 2627 5902 49.
2703 5846 2746 5883 ³¹
2800 5863 2931 5918 pag.
2986 5848 3079 5902 50.
3157 5847 3202 5881 3’

3249 5864 3382 5918 pag.
3433 5847 3524 5903 51.
3578 5851 3637 5904 et
3685 5864 3852 5920 seqq.

2685 5919 2728 5953 ³⁸
2759 5934 2892 5992 pag.
2925 5919 3018 5974 64.

3099 5921 3144 5954 ³ο
3175 5936 3306 5992 pag.
3340 5921 3430 5974 65.
