  <div class='ocr_page' id='page_1' title='image "/cluster/home/n/w/nwhite01/storage/ocr_20150623/9/coo.31924054872886/410.png"; bbox 0 0 4090 6394; ppageno 0'>
   <div class='ocr_carea' id='block_1_1' title="bbox 254 319 365 374">
    <p class='ocr_par' dir='ltr' id='par_1_1' title="bbox 254 319 365 374">
     <span class='ocr_line' id='line_1_1' title="bbox 254 319 365 374; baseline 0 0"><span class='ocrx_word' id='word_1_1' title='bbox 254 319 365 374; x_wconf 87' lang='grc'><strong>805</strong></span> 
     </span>
    </p>
   </div>
   <div class='ocr_carea' id='block_1_2' title="bbox 1385 320 2566 382">
    <p class='ocr_par' dir='ltr' id='par_1_2' title="bbox 1385 320 2566 382">
     <span class='ocr_line' id='line_1_2' title="bbox 1385 320 2566 382; baseline 0.007 -8"><span class='ocrx_word' id='word_1_2' title='bbox 1385 321 1485 374; x_wconf 77' lang='lat' dir='ltr'><strong>DE</strong></span> <span class='ocrx_word' id='word_1_3' title='bbox 1521 320 2084 378; x_wconf 79' lang='lat' dir='ltr'><strong>COHORTATIONB</strong></span> <span class='ocrx_word' id='word_1_4' title='bbox 2120 326 2220 379; x_wconf 73' lang='lat' dir='ltr'><strong>AD</strong></span> <span class='ocrx_word' id='word_1_5' title='bbox 2259 327 2566 382; x_wconf 74' lang='lat' dir='ltr'><strong>GBNTBS.</strong></span> 
     </span>
    </p>
   </div>
   <div class='ocr_carea' id='block_1_3' title="bbox 3578 330 3685 387">
    <p class='ocr_par' dir='ltr' id='par_1_3' title="bbox 3578 330 3685 387">
     <span class='ocr_line' id='line_1_3' title="bbox 3578 330 3685 387; baseline 0.019 -2"><span class='ocrx_word' id='word_1_6' title='bbox 3578 330 3685 387; x_wconf 85' lang='lat'><strong>806</strong></span> 
     </span>
    </p>
   </div>
   <div class='ocr_carea' id='block_1_4' title="bbox 244 441 3684 526">
    <p class='ocr_par' dir='ltr' id='par_1_4' title="bbox 244 441 3684 526">
     <span class='ocr_line' id='line_1_4' title="bbox 244 441 3684 526; baseline 0.003 -27"><span class='ocrx_word' id='word_1_7' title='bbox 244 445 524 501; x_wconf 75' lang='lat' dir='ltr'><strong>nitwnem</strong></span> <span class='ocrx_word' id='word_1_8' title='bbox 555 441 1073 526; x_wconf 60' lang='lat' dir='ltr'><strong>tribustdogogi</strong></span> <span class='ocrx_word' id='word_1_9' title='bbox 1100 441 1270 526; x_wconf 72' lang='lat' dir='ltr'><strong>libris</strong></span> <span class='ocrx_word' id='word_1_10' title='bbox 1300 442 1659 526; x_wconf 38' lang='lat' dir='ltr'><strong>anClremente</strong></span> <span class='ocrx_word' id='word_1_11' title='bbox 1680 445 1908 526; x_wconf 63' lang='lat' dir='ltr'><strong>praami-</strong></span> <span class='ocrx_word' id='word_1_12' title='bbox 1940 455 1993 519; x_wconf 77' lang='grc' dir='ltr'>Α</span> <span class='ocrx_word' id='word_1_13' title='bbox 2027 446 2130 526; x_wconf 73' lang='lat' dir='ltr'><strong>ris,</strong></span> <span class='ocrx_word' id='word_1_14' title='bbox 2165 449 2525 526; x_wconf 73' lang='lat' dir='ltr'><strong>sciasvelim</strong></span> <span class='ocrx_word' id='word_1_15' title='bbox 2548 449 3276 526; x_wconf 71' lang='lat' dir='ltr'><strong>illaessesubaudienda,</strong></span> <span class='ocrx_word' id='word_1_16' title='bbox 3304 456 3684 526; x_wconf 89' lang='lat' dir='ltr'><strong>quandoqui-</strong></span> 
     </span>
    </p>
   </div>
   <div class='ocr_carea' id='block_1_5' title="bbox 247 514 1904 585">
    <p class='ocr_par' dir='ltr' id='par_1_5' title="bbox 247 514 1904 585">
     <span class='ocr_line' id='line_1_5' title="bbox 247 514 1904 585; baseline -0.001 -13"><span class='ocrx_word' id='word_1_17' title='bbox 247 534 379 572; x_wconf 86' lang='lat' dir='ltr'><strong>sam</strong></span> <span class='ocrx_word' id='word_1_18' title='bbox 429 519 838 571; x_wconf 88' lang='lat' dir='ltr'><strong>asseveranter</strong></span> <span class='ocrx_word' id='word_1_19' title='bbox 869 514 1274 585; x_wconf 82' lang='lat' dir='ltr'><strong>prenuntiavit</strong></span> <span class='ocrx_word' id='word_1_20' title='bbox 1303 514 1366 569; x_wconf 74' lang='grc'><strong>⁸⁸.</strong></span> <span class='ocrx_word' id='word_1_21' title='bbox 1418 514 1511 569; x_wconf 90' lang='lat' dir='ltr'><strong>Sic</strong></span> <span class='ocrx_word' id='word_1_22' title='bbox 1560 514 1721 571; x_wconf 88' lang='lat' dir='ltr'><strong>enim</strong></span> <span class='ocrx_word' id='word_1_23' title='bbox 1771 516 1904 572; x_wconf 91' lang='lat' dir='ltr'><strong>ille:</strong></span> 
     </span>
    </p>
   </div>
   <div class='ocr_carea' id='block_1_6' title="bbox 242 588 1907 720">
    <p class='ocr_par' dir='ltr' id='par_1_6' title="bbox 242 588 1907 720">
     <span class='ocr_line' id='line_1_6' title="bbox 242 588 1907 667; baseline 0 -18"><span class='ocrx_word' id='word_1_24' title='bbox 242 595 306 653; x_wconf 75' lang='grc' dir='ltr'><strong>Ὀ</strong></span> <span class='ocrx_word' id='word_1_25' title='bbox 364 591 424 649; x_wconf 75' lang='grc' dir='ltr'><strong>δὲ</strong></span> <span class='ocrx_word' id='word_1_26' title='bbox 474 589 818 667; x_wconf 79' lang='grc' dir='ltr'><strong>Παιδαγωὸς,</strong></span> <span class='ocrx_word' id='word_1_27' title='bbox 870 593 925 646; x_wconf 70' lang='grc' dir='ltr'><strong>ἓν</strong></span> <span class='ocrx_word' id='word_1_28' title='bbox 957 593 1101 666; x_wconf 82' lang='grc' dir='ltr'>τρισὶ</span> <span class='ocrx_word' id='word_1_29' title='bbox 1132 591 1395 664; x_wconf 74' lang='grc' dir='ltr'><strong>τὸμοις...</strong></span> <span class='ocrx_word' id='word_1_30' title='bbox 1437 588 1463 646; x_wconf 73' lang='grc' dir='ltr'>ἓ</span> <span class='ocrx_word' id='word_1_31' title='bbox 1511 613 1554 647; x_wconf 85' lang='grc' dir='ltr'>ει</span> <span class='ocrx_word' id='word_1_32' title='bbox 1587 590 1644 648; x_wconf 79' lang='grc' dir='ltr'><strong>δὲ</strong></span> <span class='ocrx_word' id='word_1_33' title='bbox 1698 595 1907 649; x_wconf 74' lang='grc' dir='ltr'><strong>τούτων</strong></span> 
     </span>
     <span class='ocr_line' id='line_1_7' title="bbox 242 611 1905 720; baseline 0 0"><span class='ocrx_word' id='word_1_34' title='bbox 242 668 334 720; x_wconf 77' lang='grc' dir='ltr'>καὶ</span> <span class='ocrx_word' id='word_1_35' title='bbox 386 664 826 720; x_wconf 69' lang='grc' dir='ltr'>προηγούμενον.</span> <span class='ocrx_word' id='word_1_36' title='bbox 874 664 964 717; x_wconf 84' lang='grc' dir='ltr'><strong>καὶ</strong></span> <span class='ocrx_word' id='word_1_37' title='bbox 1024 664 1446 720; x_wconf 68' lang='grc' dir='ltr'><strong>σὸνταττόμενον</strong></span> <span class='ocrx_word' id='word_1_38' title='bbox 1467 611 1658 720; x_wconf 60' lang='grc' dir='ltr'><strong>χλόηων</strong></span> <span class='ocrx_word' id='word_1_39' title='bbox 1698 663 1905 720; x_wconf 66' lang='grc' dir='ltr'><strong>ἓτεῡον.</strong></span> 
     </span>
    </p>
   </div>
   <div class='ocr_carea' id='block_1_7' title="bbox 241 663 1906 740">
    <p class='ocr_par' dir='ltr' id='par_1_7' title="bbox 241 663 1906 740">
     <span class='ocr_line' id='line_1_8' title="bbox 241 663 1906 740; baseline -0.001 -19"><span class='ocrx_word' id='word_1_40' title='bbox 241 668 334 721; x_wconf 77' lang='grc' dir='ltr'>καὶ</span> <span class='ocrx_word' id='word_1_41' title='bbox 386 663 826 740; x_wconf 60' lang='grc' dir='ltr'><strong>προηγούμενον,</strong></span> <span class='ocrx_word' id='word_1_42' title='bbox 863 664 964 740; x_wconf 28' lang='grc' dir='ltr'><strong>*καῖ</strong></span> <span class='ocrx_word' id='word_1_43' title='bbox 1024 663 1446 740; x_wconf 61' lang='grc' dir='ltr'><strong>σὸνταίςτόμενον</strong></span> <span class='ocrx_word' id='word_1_44' title='bbox 1468 663 1658 738; x_wconf 26' lang='grc' dir='ltr'><strong>νλόγον</strong></span> <span class='ocrx_word' id='word_1_45' title='bbox 1698 663 1906 740; x_wconf 72' lang='grc' dir='ltr'><strong>ἕτερον,</strong></span> 
     </span>
    </p>
   </div>
   <div class='ocr_carea' id='block_1_8' title="bbox 246 733 1906 812">
    <p class='ocr_par' dir='ltr' id='par_1_8' title="bbox 246 733 1906 812">
     <span class='ocr_line' id='line_1_9' title="bbox 246 733 1906 812; baseline 0 -20"><span class='ocrx_word' id='word_1_46' title='bbox 246 738 299 794; x_wconf 72' lang='grc' dir='ltr'><strong>ἐν</strong></span> <span class='ocrx_word' id='word_1_47' title='bbox 332 739 379 810; x_wconf 83' lang='grc' dir='ltr'>ᾦ</span> <span class='ocrx_word' id='word_1_48' title='bbox 409 733 822 812; x_wconf 36' lang='grc' dir='ltr'><strong>ιὲἤ,ν⁷Ἑλλήνωή</strong></span> <span class='ocrx_word' id='word_1_49' title='bbox 859 733 1135 812; x_wconf 62' lang='grc' dir='ltr'><strong>διελᾷγχει</strong></span> <span class='ocrx_word' id='word_1_50' title='bbox 1186 733 1472 812; x_wconf 74' lang='grc' dir='ltr'><strong>ἀθεὸτητα.</strong></span> <span class='ocrx_word' id='word_1_51' title='bbox 1516 758 1538 786; x_wconf 76' lang='grc' dir='ltr'>ι</span> <span class='ocrx_word' id='word_1_52' title='bbox 1579 733 1906 812; x_wconf 57' lang='grc' dir='ltr'><strong>Ρκαιιρὸθίἐ</strong></span> 
     </span>
    </p>
   </div>
   <div class='ocr_carea' id='block_1_9' title="bbox 243 810 1908 882">
    <p class='ocr_par' dir='ltr' id='par_1_9' title="bbox 243 810 1908 882">
     <span class='ocr_line' id='line_1_10' title="bbox 243 810 1908 882; baseline 0.001 -17"><span class='ocrx_word' id='word_1_53' title='bbox 243 829 350 882; x_wconf 74' lang='lat' dir='ltr'><strong>gus</strong></span> <span class='ocrx_word' id='word_1_54' title='bbox 381 813 576 866; x_wconf 86' lang='lat' dir='ltr'><strong>tribus</strong></span> <span class='ocrx_word' id='word_1_55' title='bbox 608 811 868 866; x_wconf 89' lang='lat' dir='ltr'><strong>libris....</strong></span> <span class='ocrx_word' id='word_1_56' title='bbox 903 810 1118 882; x_wconf 85' lang='lat' dir='ltr'><strong>quibus</strong></span> <span class='ocrx_word' id='word_1_57' title='bbox 1143 816 1200 864; x_wconf 88' lang='lat' dir='ltr'><strong>et</strong></span> <span class='ocrx_word' id='word_1_58' title='bbox 1235 811 1416 865; x_wconf 91' lang='lat' dir='ltr'><strong>alium</strong></span> <span class='ocrx_word' id='word_1_59' title='bbox 1466 814 1770 881; x_wconf 75' lang='lat' dir='ltr'><strong>praemittit</strong></span> <span class='ocrx_word' id='word_1_60' title='bbox 1809 810 1908 867; x_wconf 82' lang='lat' dir='ltr'><strong>ad-</strong></span> 
     </span>
    </p>
   </div>
   <div class='ocr_carea' id='block_1_10' title="bbox 233 881 1910 956">
    <p class='ocr_par' dir='ltr' id='par_1_10' title="bbox 233 881 1910 956">
     <span class='ocr_line' id='line_1_11' title="bbox 233 881 1910 956; baseline -0.001 -17"><span class='ocrx_word' id='word_1_61' title='bbox 233 881 558 956; x_wconf 83' lang='lat' dir='ltr'><strong>jungitque</strong></span> <span class='ocrx_word' id='word_1_62' title='bbox 579 883 940 953; x_wconf 85' lang='lat' dir='ltr'><strong>singularem</strong></span> <span class='ocrx_word' id='word_1_63' title='bbox 972 881 1211 956; x_wconf 78' lang='lat' dir='ltr'><strong>librum,</strong></span> <span class='ocrx_word' id='word_1_64' title='bbox 1239 899 1354 954; x_wconf 91' lang='lat' dir='ltr'><strong>quo</strong></span> <span class='ocrx_word' id='word_1_65' title='bbox 1386 883 1649 956; x_wconf 87' lang='lat' dir='ltr'><strong>gentium</strong></span> <span class='ocrx_word' id='word_1_66' title='bbox 1695 884 1910 940; x_wconf 83' lang='lat' dir='ltr'><strong>refellit</strong></span> 
     </span>
    </p>
   </div>
   <div class='ocr_carea' id='block_1_11' title="bbox 243 954 1908 1026">
    <p class='ocr_par' dir='ltr' id='par_1_11' title="bbox 243 954 1908 1026">
     <span class='ocr_line' id='line_1_12' title="bbox 243 954 1908 1026; baseline 0 -15"><span class='ocrx_word' id='word_1_67' title='bbox 243 954 634 1026; x_wconf 74' lang='lat' dir='ltr'><strong>impietatem.</strong></span> <span class='ocrx_word' id='word_1_68' title='bbox 677 977 696 1002; x_wconf 73' lang='grc' dir='ltr'>υ</span> <span class='ocrx_word' id='word_1_69' title='bbox 735 961 808 1007; x_wconf 85' lang='lat' dir='ltr'><strong>At</strong></span> <span class='ocrx_word' id='word_1_70' title='bbox 838 970 952 1023; x_wconf 93' lang='lat' dir='ltr'><strong>quo</strong></span> <span class='ocrx_word' id='word_1_71' title='bbox 973 954 1156 1026; x_wconf 80' lang='lat' dir='ltr'><strong>fretus</strong></span> <span class='ocrx_word' id='word_1_72' title='bbox 1176 961 1526 1026; x_wconf 86' lang='lat' dir='ltr'><strong>argumento</strong></span> <span class='ocrx_word' id='word_1_73' title='bbox 1557 955 1613 1026; x_wconf 91' lang='lat' dir='ltr'><strong>id</strong></span> <span class='ocrx_word' id='word_1_74' title='bbox 1651 957 1732 1010; x_wconf 88' lang='lat' dir='ltr'><strong>ita</strong></span> <span class='ocrx_word' id='word_1_75' title='bbox 1753 973 1908 1011; x_wconf 89' lang='lat' dir='ltr'><strong>asse-</strong></span> 
     </span>
    </p>
   </div>
   <div class='ocr_carea' id='block_1_12' title="bbox 244 1024 1905 1099">
    <p class='ocr_par' dir='ltr' id='par_1_12' title="bbox 244 1024 1905 1099">
     <span class='ocr_line' id='line_1_13' title="bbox 244 1024 1905 1099; baseline -0.001 -16"><span class='ocrx_word' id='word_1_76' title='bbox 244 1024 455 1092; x_wconf 79' lang='lat' dir='ltr'><strong>ruerit,</strong></span> <span class='ocrx_word' id='word_1_77' title='bbox 480 1025 718 1097; x_wconf 88' lang='lat' dir='ltr'><strong>quando</strong></span> <span class='ocrx_word' id='word_1_78' title='bbox 739 1026 988 1099; x_wconf 81' lang='lat' dir='ltr'><strong>quidem</strong></span> <span class='ocrx_word' id='word_1_79' title='bbox 1021 1024 1100 1079; x_wconf 85' lang='lat' dir='ltr'><strong>ibi</strong></span> <span class='ocrx_word' id='word_1_80' title='bbox 1153 1024 1395 1099; x_wconf 81' lang='lat' dir='ltr'><strong>minime</strong></span> <span class='ocrx_word' id='word_1_81' title='bbox 1443 1025 1716 1099; x_wconf 75' lang='lat' dir='ltr'><strong>explicat,</strong></span> <span class='ocrx_word' id='word_1_82' title='bbox 1765 1028 1905 1099; x_wconf 91' lang='lat' dir='ltr'><strong>quid</strong></span> 
     </span>
    </p>
   </div>
   <div class='ocr_carea' id='block_1_13' title="bbox 239 1095 1906 1171">
    <p class='ocr_par' dir='ltr' id='par_1_13' title="bbox 239 1095 1906 1171">
     <span class='ocr_line' id='line_1_14' title="bbox 239 1095 1906 1171; baseline 0 -17"><span class='ocrx_word' id='word_1_83' title='bbox 239 1095 518 1171; x_wconf 78' lang='lat' dir='ltr'><strong>prohibet</strong></span> <span class='ocrx_word' id='word_1_84' title='bbox 549 1097 871 1171; x_wconf 79' lang='lat' dir='ltr'><strong>quominus</strong></span> <span class='ocrx_word' id='word_1_85' title='bbox 898 1095 997 1150; x_wconf 91' lang='lat' dir='ltr'><strong>ille</strong></span> <span class='ocrx_word' id='word_1_86' title='bbox 1027 1100 1129 1151; x_wconf 89' lang='lat' dir='ltr'><strong>aut</strong></span> <span class='ocrx_word' id='word_1_87' title='bbox 1161 1112 1230 1171; x_wconf 78' lang='lat' dir='ltr'><strong>ex</strong></span> <span class='ocrx_word' id='word_1_88' title='bbox 1262 1096 1395 1152; x_wconf 88' lang='lat' dir='ltr'><strong>aliis</strong></span> <span class='ocrx_word' id='word_1_89' title='bbox 1430 1095 1746 1171; x_wconf 77' lang='lat' dir='ltr'><strong>Clementis</strong></span> <span class='ocrx_word' id='word_1_90' title='bbox 1778 1095 1906 1170; x_wconf 82' lang='lat' dir='ltr'><strong>ope-</strong></span> 
     </span>
    </p>
   </div>
   <div class='ocr_carea' id='block_1_14' title="bbox 243 1168 1906 1242">
    <p class='ocr_par' dir='ltr' id='par_1_14' title="bbox 243 1168 1906 1242">
     <span class='ocr_line' id='line_1_15' title="bbox 243 1168 1906 1242; baseline 0.001 -17"><span class='ocrx_word' id='word_1_91' title='bbox 243 1168 415 1225; x_wconf 73' lang='lat' dir='ltr'><strong>ribus</strong></span> <span class='ocrx_word' id='word_1_92' title='bbox 445 1176 503 1225; x_wconf 88' lang='lat' dir='ltr'><strong>et</strong></span> <span class='ocrx_word' id='word_1_93' title='bbox 533 1168 797 1240; x_wconf 85' lang='lat' dir='ltr'><strong>scriptis,</strong></span> <span class='ocrx_word' id='word_1_94' title='bbox 827 1175 928 1242; x_wconf 87' lang='lat' dir='ltr'><strong>aut</strong></span> <span class='ocrx_word' id='word_1_95' title='bbox 950 1183 1029 1242; x_wconf 84' lang='lat' dir='ltr'><strong>ex</strong></span> <span class='ocrx_word' id='word_1_96' title='bbox 1061 1169 1312 1242; x_wconf 84' lang='lat' dir='ltr'><strong>testibus</strong></span> <span class='ocrx_word' id='word_1_97' title='bbox 1355 1169 1517 1224; x_wconf 91' lang='lat' dir='ltr'><strong>omni</strong></span> <span class='ocrx_word' id='word_1_98' title='bbox 1568 1168 1906 1242; x_wconf 83' lang='lat' dir='ltr'><strong>exceptione</strong></span> 
     </span>
    </p>
   </div>
   <div class='ocr_carea' id='block_1_15' title="bbox 240 1240 1905 1313">
    <p class='ocr_par' dir='ltr' id='par_1_15' title="bbox 240 1240 1905 1313">
     <span class='ocr_line' id='line_1_16' title="bbox 240 1240 1905 1313; baseline -0.001 -14"><span class='ocrx_word' id='word_1_99' title='bbox 240 1243 568 1312; x_wconf 80' lang='lat' dir='ltr'><strong>majoribus</strong></span> <span class='ocrx_word' id='word_1_100' title='bbox 609 1246 833 1313; x_wconf 80' lang='lat' dir='ltr'><strong>certam</strong></span> <span class='ocrx_word' id='word_1_101' title='bbox 852 1240 1158 1313; x_wconf 83' lang='lat' dir='ltr'><strong>deduxerit</strong></span> <span class='ocrx_word' id='word_1_102' title='bbox 1181 1242 1526 1296; x_wconf 87' lang='lat' dir='ltr'><strong>assertionis</strong></span> <span class='ocrx_word' id='word_1_103' title='bbox 1559 1240 1905 1313; x_wconf 70' lang='lat' dir='ltr'><strong>sumproba-</strong></span> 
     </span>
    </p>
   </div>
   <div class='ocr_carea' id='block_1_16' title="bbox 240 1310 1906 1382">
    <p class='ocr_par' dir='ltr' id='par_1_16' title="bbox 240 1310 1906 1382">
     <span class='ocr_line' id='line_1_17' title="bbox 240 1310 1906 1382; baseline 0.001 -13"><span class='ocrx_word' id='word_1_104' title='bbox 240 1310 463 1370; x_wconf 87' lang='lat' dir='ltr'><strong>tionem</strong></span> <span class='ocrx_word' id='word_1_105' title='bbox 491 1314 519 1368; x_wconf 72' lang='lat' dir='ltr'><strong>‘P</strong></span> <span class='ocrx_word' id='word_1_106' title='bbox 550 1313 616 1368; x_wconf 89' lang='lat' dir='ltr'><strong>Et</strong></span> <span class='ocrx_word' id='word_1_107' title='bbox 650 1328 783 1366; x_wconf 89' lang='lat' dir='ltr'><strong>vero</strong></span> <span class='ocrx_word' id='word_1_108' title='bbox 806 1310 1076 1366; x_wconf 86' lang='lat' dir='ltr'><strong>Clemens</strong></span> <span class='ocrx_word' id='word_1_109' title='bbox 1108 1311 1232 1382; x_wconf 91' lang='lat' dir='ltr'><strong>ipse</strong></span> <span class='ocrx_word' id='word_1_110' title='bbox 1281 1313 1340 1365; x_wconf 91' lang='lat' dir='ltr'><strong>in</strong></span> <span class='ocrx_word' id='word_1_111' title='bbox 1392 1313 1660 1382; x_wconf 85' lang='lat' dir='ltr'><strong>ejusdem</strong></span> <span class='ocrx_word' id='word_1_112' title='bbox 1698 1310 1906 1370; x_wconf 62' lang='grc' dir='ltr'><em>Ῥωιια·</em></span> 
     </span>
    </p>
   </div>
   <div class='ocr_carea' id='block_1_17' title="bbox 236 1383 1904 1458">
    <p class='ocr_par' dir='ltr' id='par_1_17' title="bbox 236 1383 1904 1458">
     <span class='ocr_line' id='line_1_18' title="bbox 236 1383 1904 1458; baseline -0.004 -16"><span class='ocrx_word' id='word_1_113' title='bbox 236 1388 368 1458; x_wconf 80' lang='lat' dir='ltr'><strong>gogi</strong></span> <span class='ocrx_word' id='word_1_114' title='bbox 397 1385 640 1457; x_wconf 79' lang='lat' dir='ltr'><strong>prologo</strong></span> <span class='ocrx_word' id='word_1_115' title='bbox 671 1383 1074 1458; x_wconf 68' lang='lat' dir='ltr'><strong>“clarissime</strong></span> <span class='ocrx_word' id='word_1_116' title='bbox 1104 1384 1273 1458; x_wconf 84' lang='lat' dir='ltr'><strong>docet</strong></span> <span class='ocrx_word' id='word_1_117' title='bbox 1301 1406 1328 1434; x_wconf 86' lang='lat'><strong>«</strong></span> <span class='ocrx_word' id='word_1_118' title='bbox 1364 1385 1842 1458; x_wconf 75' lang='lat' dir='ltr'><strong>exhortatorium</strong></span> <span class='ocrx_word' id='word_1_119' title='bbox 1876 1408 1904 1436; x_wconf 88' lang='grc'><strong>››</strong></span> 
     </span>
    </p>
   </div>
   <div class='ocr_carea' id='block_1_18' title="bbox 241 1454 1906 1527">
    <p class='ocr_par' dir='ltr' id='par_1_18' title="bbox 241 1454 1906 1527">
     <span class='ocr_line' id='line_1_19' title="bbox 241 1454 1906 1527; baseline -0.001 -13"><span class='ocrx_word' id='word_1_120' title='bbox 241 1454 604 1519; x_wconf 48' lang='lat' dir='ltr'><strong>sermonem}</strong></span> <span class='ocrx_word' id='word_1_121' title='bbox 636 1455 733 1526; x_wconf 89' lang='lat' dir='ltr'><strong>qui</strong></span> <span class='ocrx_word' id='word_1_122' title='bbox 767 1454 1036 1510; x_wconf 82' lang='lat' dir='ltr'><strong>homines</strong></span> <span class='ocrx_word' id='word_1_123' title='bbox 1069 1471 1103 1509; x_wconf 92' lang='lat' dir='ltr'><strong>a</strong></span> <span class='ocrx_word' id='word_1_124' title='bbox 1125 1454 1273 1527; x_wconf 81' lang='lat' dir='ltr'><strong>falsa</strong></span> <span class='ocrx_word' id='word_1_125' title='bbox 1296 1455 1576 1527; x_wconf 85' lang='lat' dir='ltr'><strong>religione</strong></span> <span class='ocrx_word' id='word_1_126' title='bbox 1594 1459 1906 1526; x_wconf 77' lang='lat' dir='ltr'><strong>deterreat,</strong></span> 
     </span>
    </p>
   </div>
   <div class='ocr_carea' id='block_1_19' title="bbox 241 1526 1907 1612">
    <p class='ocr_par' dir='ltr' id='par_1_19' title="bbox 241 1526 1907 1612">
     <span class='ocr_line' id='line_1_20' title="bbox 241 1526 1907 1612; baseline 0 -28"><span class='ocrx_word' id='word_1_127' title='bbox 241 1530 319 1584; x_wconf 91' lang='lat' dir='ltr'><strong>iis</strong></span> <span class='ocrx_word' id='word_1_128' title='bbox 349 1545 493 1612; x_wconf 78' lang='lat' dir='ltr'><strong>esse</strong></span> <span class='ocrx_word' id='word_1_129' title='bbox 515 1527 1011 1612; x_wconf 69' lang='lat' dir='ltr'><strong>prmmittendum,</strong></span> <span class='ocrx_word' id='word_1_130' title='bbox 1037 1543 1170 1612; x_wconf 81' lang='lat' dir='ltr'><strong>quae</strong></span> <span class='ocrx_word' id='word_1_131' title='bbox 1189 1526 1564 1612; x_wconf 33' lang='lat' dir='ltr'><strong>inoPa’ddgpgj</strong></span> <span class='ocrx_word' id='word_1_132' title='bbox 1593 1528 1757 1612; x_wconf 80' lang='lat' dir='ltr'><strong>libris</strong></span> <span class='ocrx_word' id='word_1_133' title='bbox 1781 1545 1907 1612; x_wconf 88' lang='lat' dir='ltr'><strong>per-</strong></span> 
     </span>
    </p>
   </div>
   <div class='ocr_carea' id='block_1_20' title="bbox 240 1597 1908 1668">
    <p class='ocr_par' dir='ltr' id='par_1_20' title="bbox 240 1597 1908 1668">
     <span class='ocr_line' id='line_1_21' title="bbox 240 1597 1908 1668; baseline 0.001 -12"><span class='ocrx_word' id='word_1_134' title='bbox 240 1597 596 1657; x_wconf 80' lang='lat' dir='ltr'><strong>tractantur.</strong></span> <span class='ocrx_word' id='word_1_135' title='bbox 643 1600 757 1653; x_wconf 88' lang='lat' dir='ltr'><strong>Hac</strong></span> <span class='ocrx_word' id='word_1_136' title='bbox 820 1598 1004 1668; x_wconf 79' lang='lat' dir='ltr'><strong>igitur</strong></span> <span class='ocrx_word' id='word_1_137' title='bbox 1045 1597 1300 1652; x_wconf 83' lang='lat' dir='ltr'><strong>auctoris</strong></span> <span class='ocrx_word' id='word_1_138' title='bbox 1351 1597 1538 1654; x_wconf 83' lang='lat' dir='ltr'><strong>nostri</strong></span> <span class='ocrx_word' id='word_1_139' title='bbox 1591 1597 1908 1657; x_wconf 85' lang='lat' dir='ltr'><strong>ratiocina-</strong></span> 
     </span>
    </p>
   </div>
   <div class='ocr_carea' id='block_1_21' title="bbox 237 1669 1905 1741">
    <p class='ocr_par' dir='ltr' id='par_1_21' title="bbox 237 1669 1905 1741">
     <span class='ocr_line' id='line_1_22' title="bbox 237 1669 1905 1741; baseline 0 -13"><span class='ocrx_word' id='word_1_140' title='bbox 237 1674 424 1738; x_wconf 86' lang='lat' dir='ltr'><strong>tione,</strong></span> <span class='ocrx_word' id='word_1_141' title='bbox 447 1678 505 1727; x_wconf 90' lang='lat' dir='ltr'><strong>et</strong></span> <span class='ocrx_word' id='word_1_142' title='bbox 532 1672 664 1741; x_wconf 92' lang='lat' dir='ltr'><strong>ipsa</strong></span> <span class='ocrx_word' id='word_1_143' title='bbox 684 1669 875 1723; x_wconf 90' lang='lat' dir='ltr'><strong>Photii</strong></span> <span class='ocrx_word' id='word_1_144' title='bbox 896 1671 1243 1741; x_wconf 85' lang='lat' dir='ltr'><strong>auctoritate</strong></span> <span class='ocrx_word' id='word_1_145' title='bbox 1266 1669 1415 1736; x_wconf 87' lang='lat' dir='ltr'><strong>fulti,</strong></span> <span class='ocrx_word' id='word_1_146' title='bbox 1438 1671 1590 1727; x_wconf 89' lang='lat' dir='ltr'><strong>haud</strong></span> <span class='ocrx_word' id='word_1_147' title='bbox 1627 1674 1905 1728; x_wconf 81' lang='lat' dir='ltr'><strong>dubitan-</strong></span> 
     </span>
    </p>
   </div>
   <div class='ocr_carea' id='block_1_22' title="bbox 239 1740 1904 1816">
    <p class='ocr_par' dir='ltr' id='par_1_22' title="bbox 239 1740 1904 1816">
     <span class='ocr_line' id='line_1_23' title="bbox 239 1740 1904 1816; baseline -0.001 -15"><span class='ocrx_word' id='word_1_148' title='bbox 239 1740 644 1816; x_wconf 76' lang='lat' dir='ltr'><strong>terat&#39;tirmare</strong></span> <span class='ocrx_word' id='word_1_149' title='bbox 668 1757 983 1810; x_wconf 83' lang='lat' dir='ltr'><strong>possumus</strong></span> <span class='ocrx_word' id='word_1_150' title='bbox 1005 1740 1314 1816; x_wconf 26' lang='lat' dir='ltr'><strong>hunctquo</strong></span> <span class='ocrx_word' id='word_1_151' title='bbox 1331 1742 1401 1796; x_wconf 92' lang='lat' dir='ltr'><strong>de</strong></span> <span class='ocrx_word' id='word_1_152' title='bbox 1414 1744 1668 1816; x_wconf 89' lang='lat' dir='ltr'><strong>agimus,</strong></span> <span class='ocrx_word' id='word_1_153' title='bbox 1688 1745 1904 1800; x_wconf 91' lang='lat' dir='ltr'><strong>librum</strong></span> 
     </span>
    </p>
   </div>
   <div class='ocr_carea' id='block_1_23' title="bbox 242 1812 1984 1898">
    <p class='ocr_par' dir='ltr' id='par_1_23' title="bbox 242 1812 1984 1898">
     <span class='ocr_line' id='line_1_24' title="bbox 242 1812 1984 1898; baseline -0.001 -25"><span class='ocrx_word' id='word_1_154' title='bbox 242 1833 362 1873; x_wconf 87' lang='lat' dir='ltr'><strong>non</strong></span> <span class='ocrx_word' id='word_1_155' title='bbox 397 1815 571 1898; x_wconf 78' lang='lat' dir='ltr'><strong>mede</strong></span> <span class='ocrx_word' id='word_1_156' title='bbox 600 1812 966 1898; x_wconf 58' lang='grc' dir='ltr'><strong>ξινοηιαιεεητ,</strong></span> <span class='ocrx_word' id='word_1_157' title='bbox 1019 1813 1120 1866; x_wconf 91' lang='lat' dir='ltr'><strong>sed</strong></span> <span class='ocrx_word' id='word_1_158' title='bbox 1174 1812 1476 1898; x_wconf 59' lang='lat' dir='ltr'><strong>Paedagogi</strong></span> <span class='ocrx_word' id='word_1_159' title='bbox 1511 1819 1689 1898; x_wconf 76' lang='lat' dir='ltr'><strong>etiam</strong></span> <span class='ocrx_word' id='word_1_160' title='bbox 1740 1817 1907 1898; x_wconf 78' lang='lat' dir='ltr'><strong>libris</strong></span> <span class='ocrx_word' id='word_1_161' title='bbox 1940 1833 1984 1896; x_wconf 82' lang='grc' dir='ltr'>Β</span> 
     </span>
    </p>
   </div>
   <div class='ocr_carea' id='block_1_24' title="bbox 241 1883 1905 1958">
    <p class='ocr_par' dir='ltr' id='par_1_24' title="bbox 241 1883 1905 1958">
     <span class='ocr_line' id='line_1_25' title="bbox 241 1883 1905 1958; baseline -0.002 -13"><span class='ocrx_word' id='word_1_162' title='bbox 241 1903 376 1945; x_wconf 81' lang='lat' dir='ltr'><strong>esse</strong></span> <span class='ocrx_word' id='word_1_163' title='bbox 397 1883 816 1958; x_wconf 82' lang='lat' dir='ltr'><strong>antiquiorem.</strong></span> <span class='ocrx_word' id='word_1_164' title='bbox 850 1884 929 1938; x_wconf 88' lang='lat' dir='ltr'><strong>Ea</strong></span> <span class='ocrx_word' id='word_1_165' title='bbox 963 1900 1132 1958; x_wconf 79' lang='lat' dir='ltr'><strong>porro</strong></span> <span class='ocrx_word' id='word_1_166' title='bbox 1157 1889 1249 1958; x_wconf 88' lang='lat' dir='ltr'><strong>est</strong></span> <span class='ocrx_word' id='word_1_167' title='bbox 1277 1883 1486 1941; x_wconf 84' lang='lat' dir='ltr'><strong>horum</strong></span> <span class='ocrx_word' id='word_1_168' title='bbox 1523 1886 1777 1942; x_wconf 88' lang='lat' dir='ltr'><strong>liborum</strong></span> <span class='ocrx_word' id='word_1_169' title='bbox 1820 1889 1905 1942; x_wconf 84' lang='lat' dir='ltr'><strong>in-</strong></span> 
     </span>
    </p>
   </div>
   <div class='ocr_carea' id='block_1_25' title="bbox 242 1955 1906 2028">
    <p class='ocr_par' dir='ltr' id='par_1_25' title="bbox 242 1955 1906 2028">
     <span class='ocr_line' id='line_1_26' title="bbox 242 1955 1906 2028; baseline -0.001 -13"><span class='ocrx_word' id='word_1_170' title='bbox 242 1966 334 2016; x_wconf 88' lang='lat' dir='ltr'><strong>ter</strong></span> <span class='ocrx_word' id='word_1_171' title='bbox 361 1974 428 2014; x_wconf 86' lang='lat' dir='ltr'><strong>se</strong></span> <span class='ocrx_word' id='word_1_172' title='bbox 491 1955 795 2028; x_wconf 74' lang='lat' dir='ltr'><strong>connexio,</strong></span> <span class='ocrx_word' id='word_1_173' title='bbox 830 1955 976 2025; x_wconf 65' lang='lat' dir='ltr'><strong>quae</strong></span> <span class='ocrx_word' id='word_1_174' title='bbox 1002 1955 1131 2028; x_wconf 80' lang='lat' dir='ltr'><strong>illos</strong></span> <span class='ocrx_word' id='word_1_175' title='bbox 1179 1956 1352 2026; x_wconf 85' lang='lat' dir='ltr'><strong>longe</strong></span> <span class='ocrx_word' id='word_1_176' title='bbox 1401 1961 1686 2028; x_wconf 87' lang='lat' dir='ltr'><strong>temporis</strong></span> <span class='ocrx_word' id='word_1_177' title='bbox 1729 1958 1906 2014; x_wconf 90' lang='lat' dir='ltr'><strong>inter-</strong></span> 
     </span>
    </p>
   </div>
   <div class='ocr_carea' id='block_1_26' title="bbox 241 2025 1906 2102">
    <p class='ocr_par' dir='ltr' id='par_1_26' title="bbox 241 2025 1906 2102">
     <span class='ocr_line' id='line_1_27' title="bbox 241 2025 1906 2102; baseline -0.003 -14"><span class='ocrx_word' id='word_1_178' title='bbox 241 2029 397 2088; x_wconf 82' lang='lat' dir='ltr'><strong>vallo</strong></span> <span class='ocrx_word' id='word_1_179' title='bbox 429 2046 465 2086; x_wconf 83' lang='lat' dir='ltr'><strong>a</strong></span> <span class='ocrx_word' id='word_1_180' title='bbox 493 2045 557 2102; x_wconf 88' lang='lat' dir='ltr'><strong>se</strong></span> <span class='ocrx_word' id='word_1_181' title='bbox 583 2027 834 2102; x_wconf 81' lang='lat' dir='ltr'><strong>invicem</strong></span> <span class='ocrx_word' id='word_1_182' title='bbox 866 2025 1127 2102; x_wconf 83' lang='lat' dir='ltr'><strong>divulsos</strong></span> <span class='ocrx_word' id='word_1_183' title='bbox 1169 2025 1306 2081; x_wconf 31' lang='lat' dir='ltr'><strong>dici’</strong></span> <span class='ocrx_word' id='word_1_184' title='bbox 1337 2025 1582 2102; x_wconf 77' lang='lat' dir='ltr'><strong>minime</strong></span> <span class='ocrx_word' id='word_1_185' title='bbox 1625 2030 1906 2102; x_wconf 86' lang='lat' dir='ltr'><strong>patiatur.</strong></span> 
     </span>
    </p>
   </div>
   <div class='ocr_carea' id='block_1_27' title="bbox 244 2099 1908 2172">
    <p class='ocr_par' dir='ltr' id='par_1_27' title="bbox 244 2099 1908 2172">
     <span class='ocr_line' id='line_1_28' title="bbox 244 2099 1908 2172; baseline 0.001 -18"><span class='ocrx_word' id='word_1_186' title='bbox 244 2126 273 2154; x_wconf 70' lang='grc' dir='ltr'>α</span> <span class='ocrx_word' id='word_1_187' title='bbox 305 2101 648 2159; x_wconf 84' lang='lat' dir='ltr'><strong>Admonitio</strong></span> <span class='ocrx_word' id='word_1_188' title='bbox 683 2121 711 2148; x_wconf 87' lang='grc'><strong>››</strong></span> <span class='ocrx_word' id='word_1_189' title='bbox 743 2099 942 2170; x_wconf 77' lang='lat' dir='ltr'><strong>itaque</strong></span> <span class='ocrx_word' id='word_1_190' title='bbox 975 2119 1004 2147; x_wconf 84' lang='lat'><strong>«</strong></span> <span class='ocrx_word' id='word_1_191' title='bbox 1035 2099 1107 2172; x_wconf 78' lang='lat' dir='ltr'><strong>ad</strong></span> <span class='ocrx_word' id='word_1_192' title='bbox 1129 2104 1334 2170; x_wconf 85' lang='lat' dir='ltr'><strong>gentes</strong></span> <span class='ocrx_word' id='word_1_193' title='bbox 1368 2122 1396 2149; x_wconf 84' lang='lat'><em>»</em></span> <span class='ocrx_word' id='word_1_194' title='bbox 1419 2099 1643 2172; x_wconf 62' lang='lat' dir='ltr'><strong>aliquo;</strong></span> <span class='ocrx_word' id='word_1_195' title='bbox 1666 2104 1766 2158; x_wconf 87' lang='lat' dir='ltr'><strong>sed</strong></span> <span class='ocrx_word' id='word_1_196' title='bbox 1793 2119 1908 2157; x_wconf 89' lang='lat' dir='ltr'><strong>non</strong></span> 
     </span>
    </p>
   </div>
   <div class='ocr_carea' id='block_1_28' title="bbox 248 2171 1908 2246">
    <p class='ocr_par' dir='ltr' id='par_1_28' title="bbox 248 2171 1908 2246">
     <span class='ocr_line' id='line_1_29' title="bbox 248 2171 1908 2246; baseline -0.002 -16"><span class='ocrx_word' id='word_1_197' title='bbox 248 2175 334 2230; x_wconf 82' lang='lat' dir='ltr'><strong>ita</strong></span> <span class='ocrx_word' id='word_1_198' title='bbox 357 2173 553 2246; x_wconf 87' lang='lat' dir='ltr'><strong>longo,</strong></span> <span class='ocrx_word' id='word_1_199' title='bbox 578 2176 717 2246; x_wconf 85' lang='lat' dir='ltr'><strong>ante</strong></span> <span class='ocrx_word' id='word_1_200' title='bbox 747 2187 968 2226; x_wconf 88' lang='lat' dir='ltr'><strong>annum</strong></span> <span class='ocrx_word' id='word_1_201' title='bbox 1007 2171 1128 2235; x_wconf 77' lang='grc'><strong>194,</strong></span> <span class='ocrx_word' id='word_1_202' title='bbox 1161 2172 1314 2226; x_wconf 89' lang='lat' dir='ltr'><strong>circa</strong></span> <span class='ocrx_word' id='word_1_203' title='bbox 1344 2171 1729 2246; x_wconf 26' lang='lat' dir='ltr'><strong>quem’libros</strong></span> <span class='ocrx_word' id='word_1_204' title='bbox 1759 2174 1908 2228; x_wconf 79' lang='lat' dir='ltr'><strong>Stro-</strong></span> 
     </span>
    </p>
   </div>
   <div class='ocr_carea' id='block_1_29' title="bbox 253 2243 1910 2317">
    <p class='ocr_par' dir='ltr' id='par_1_29' title="bbox 253 2243 1910 2317">
     <span class='ocr_line' id='line_1_30' title="bbox 253 2243 1910 2317; baseline 0 -16"><span class='ocrx_word' id='word_1_205' title='bbox 253 2243 904 2317; x_wconf 57' lang='lat' dir='ltr'><strong>matum&#39;scriptosesse</strong></span> <span class='ocrx_word' id='word_1_206' title='bbox 941 2247 1140 2312; x_wconf 88' lang='lat' dir='ltr'><strong>postea</strong></span> <span class='ocrx_word' id='word_1_207' title='bbox 1169 2243 1569 2312; x_wconf 84' lang='lat' dir='ltr'><strong>ostendemus,</strong></span> <span class='ocrx_word' id='word_1_208' title='bbox 1602 2246 1661 2299; x_wconf 88' lang='lat' dir='ltr'><strong>in</strong></span> <span class='ocrx_word' id='word_1_209' title='bbox 1695 2246 1910 2317; x_wconf 90' lang='lat' dir='ltr'><strong>vulgus</strong></span> 
     </span>
    </p>
   </div>
   <div class='ocr_carea' id='block_1_30' title="bbox 252 2314 957 2392">
    <p class='ocr_par' dir='ltr' id='par_1_30' title="bbox 252 2314 957 2392">
     <span class='ocr_line' id='line_1_31' title="bbox 252 2314 957 2392; baseline -0.01 -19"><span class='ocrx_word' id='word_1_210' title='bbox 252 2317 541 2392; x_wconf 81' lang='lat' dir='ltr'><strong>prodiisse</strong></span> <span class='ocrx_word' id='word_1_211' title='bbox 566 2314 817 2370; x_wconf 90' lang='lat' dir='ltr'><strong>dicenda</strong></span> <span class='ocrx_word' id='word_1_212' title='bbox 847 2319 957 2368; x_wconf 90' lang='lat' dir='ltr'><strong>est.</strong></span> 
     </span>
    </p>
   </div>
   <div class='ocr_carea' id='block_1_31' title="bbox 321 2385 1907 2458">
    <p class='ocr_par' dir='ltr' id='par_1_31' title="bbox 321 2385 1907 2458">
     <span class='ocr_line' id='line_1_32' title="bbox 321 2385 1907 2458; baseline -0.001 -14"><span class='ocrx_word' id='word_1_213' title='bbox 321 2391 384 2445; x_wconf 88' lang='lat' dir='ltr'><strong>In</strong></span> <span class='ocrx_word' id='word_1_214' title='bbox 416 2389 600 2458; x_wconf 86' lang='lat' dir='ltr'><strong>hujus</strong></span> <span class='ocrx_word' id='word_1_215' title='bbox 630 2393 824 2440; x_wconf 89' lang='lat' dir='ltr'><strong>autem</strong></span> <span class='ocrx_word' id='word_1_216' title='bbox 853 2385 1159 2458; x_wconf 60' lang='lat' dir='ltr'><strong>sententiae</strong></span> <span class='ocrx_word' id='word_1_217' title='bbox 1213 2385 1717 2458; x_wconf 81' lang='lat' dir='ltr'><strong>confirmationem</strong></span> <span class='ocrx_word' id='word_1_218' title='bbox 1763 2387 1907 2444; x_wconf 88' lang='lat' dir='ltr'><strong>illud</strong></span> 
     </span>
    </p>
   </div>
   <div class='ocr_carea' id='block_1_32' title="bbox 291 2455 1905 2530">
    <p class='ocr_par' dir='ltr' id='par_1_32' title="bbox 291 2455 1905 2530">
     <span class='ocr_line' id='line_1_33' title="bbox 291 2455 1905 2530; baseline -0.001 -14"><span class='ocrx_word' id='word_1_219' title='bbox 291 2455 744 2530; x_wconf 71' lang='lat' dir='ltr'><strong>roducipotest,</strong></span> <span class='ocrx_word' id='word_1_220' title='bbox 779 2457 934 2528; x_wconf 90' lang='lat' dir='ltr'><strong>quod</strong></span> <span class='ocrx_word' id='word_1_221' title='bbox 979 2455 1076 2530; x_wconf 76' lang='lat' dir='ltr'><strong>ait</strong></span> <span class='ocrx_word' id='word_1_222' title='bbox 1123 2456 1410 2530; x_wconf 88' lang='lat' dir='ltr'><strong>Eusebius</strong></span> <span class='ocrx_word' id='word_1_223' title='bbox 1441 2458 1484 2491; x_wconf 77' lang='grc'><strong>⁵⁸</strong></span> <span class='ocrx_word' id='word_1_224' title='bbox 1525 2457 1905 2530; x_wconf 86' lang='lat' dir='ltr'><strong>Clementem,</strong></span> 
     </span>
    </p>
   </div>
   <div class='ocr_carea' id='block_1_33' title="bbox 248 2479 1907 2595">
    <p class='ocr_par' dir='ltr' id='par_1_33' title="bbox 248 2479 1907 2595">
     <span class='ocr_line' id='line_1_34' title="bbox 291 2479 1905 2530; baseline -0.002 -14"><span class='ocrx_word' id='word_1_225' title='bbox 291 2479 496 2516; x_wconf 76' lang='grc' dir='ltr'><strong>Γοαιιῧι</strong></span> <span class='ocrx_word' id='word_1_226' title='bbox 530 2479 744 2530; x_wconf 71' lang='grc' dir='ltr'><strong>ρῧιθδῐ,</strong></span> <span class='ocrx_word' id='word_1_227' title='bbox 779 2479 934 2528; x_wconf 84' lang='lat' dir='ltr'><strong>quuu</strong></span> <span class='ocrx_word' id='word_1_228' title='bbox 993 2479 1076 2509; x_wconf 64' lang='grc'><strong>811.</strong></span> <span class='ocrx_word' id='word_1_229' title='bbox 1123 2479 1410 2512; x_wconf 68' lang='grc' dir='ltr'><strong>ωυδυυιυε</strong></span> <span class='ocrx_word' id='word_1_230' title='bbox 1441 2479 1484 2491; x_wconf 68' lang='grc' dir='ltr'>ὐ</span> <span class='ocrx_word' id='word_1_231' title='bbox 1525 2479 1905 2527; x_wconf 63' lang='lat' dir='ltr'><strong>Clementem,</strong></span> 
     </span>
     <span class='ocr_line' id='line_1_35' title="bbox 248 2479 1907 2595; baseline -0.001 -8"><span class='ocrx_word' id='word_1_232' title='bbox 248 2479 410 2587; x_wconf 57' lang='lat' dir='ltr'><strong>haud</strong></span> <span class='ocrx_word' id='word_1_233' title='bbox 444 2531 624 2586; x_wconf 87' lang='lat' dir='ltr'><strong>dubie</strong></span> <span class='ocrx_word' id='word_1_234' title='bbox 655 2535 929 2584; x_wconf 89' lang='lat' dir='ltr'><strong>nostrum</strong></span> <span class='ocrx_word' id='word_1_235' title='bbox 962 2526 1437 2595; x_wconf 84' lang='lat' dir='ltr'><strong>Alexandrinum,</strong></span> <span class='ocrx_word' id='word_1_236' title='bbox 1495 2546 1562 2583; x_wconf 82' lang='lat' dir='ltr'><strong>ex</strong></span> <span class='ocrx_word' id='word_1_237' title='bbox 1610 2528 1683 2584; x_wconf 91' lang='lat' dir='ltr'><strong>iis</strong></span> <span class='ocrx_word' id='word_1_238' title='bbox 1722 2548 1907 2586; x_wconf 89' lang='lat' dir='ltr'><strong>unum</strong></span> 
     </span>
    </p>
   </div>
   <div class='ocr_carea' id='block_1_34' title="bbox 254 2598 1908 2673">
    <p class='ocr_par' dir='ltr' id='par_1_34' title="bbox 254 2598 1908 2673">
     <span class='ocr_line' id='line_1_36' title="bbox 254 2598 1908 2673; baseline 0 -15"><span class='ocrx_word' id='word_1_239' title='bbox 254 2603 465 2670; x_wconf 81' lang='lat' dir='ltr'><strong>fuisse,</strong></span> <span class='ocrx_word' id='word_1_240' title='bbox 497 2603 596 2673; x_wconf 88' lang='lat' dir='ltr'><strong>qui</strong></span> <span class='ocrx_word' id='word_1_241' title='bbox 631 2606 766 2655; x_wconf 84' lang='lat' dir='ltr'><strong>ante</strong></span> <span class='ocrx_word' id='word_1_242' title='bbox 815 2601 1147 2673; x_wconf 78' lang='lat' dir='ltr'><strong>Romanum</strong></span> <span class='ocrx_word' id='word_1_243' title='bbox 1199 2598 1450 2673; x_wconf 79' lang='lat' dir='ltr'><strong>Victoris</strong></span> <span class='ocrx_word' id='word_1_244' title='bbox 1502 2601 1908 2672; x_wconf 82' lang='lat' dir='ltr'><strong>pontificatum</strong></span> 
     </span>
    </p>
   </div>
   <div class='ocr_carea' id='block_1_35' title="bbox 247 2670 1907 2747">
    <p class='ocr_par' dir='ltr' id='par_1_35' title="bbox 247 2670 1907 2747">
     <span class='ocr_line' id='line_1_37' title="bbox 247 2670 1907 2747; baseline -0.002 -16"><span class='ocrx_word' id='word_1_245' title='bbox 247 2670 594 2747; x_wconf 81' lang='lat' dir='ltr'><strong>supremam</strong></span> <span class='ocrx_word' id='word_1_246' title='bbox 619 2673 834 2747; x_wconf 89' lang='lat' dir='ltr'><strong>Christi</strong></span> <span class='ocrx_word' id='word_1_247' title='bbox 862 2670 1230 2747; x_wconf 75' lang='lat' dir='ltr'><strong>divinitatem</strong></span> <span class='ocrx_word' id='word_1_248' title='bbox 1255 2670 1310 2725; x_wconf 91' lang='lat' dir='ltr'><strong>in</strong></span> <span class='ocrx_word' id='word_1_249' title='bbox 1330 2670 1749 2747; x_wconf 79' lang='lat' dir='ltr'><strong>suisadversus</strong></span> <span class='ocrx_word' id='word_1_250' title='bbox 1773 2690 1907 2745; x_wconf 89' lang='lat' dir='ltr'><strong>gen-</strong></span> 
     </span>
    </p>
   </div>
   <div class='ocr_carea' id='block_1_36' title="bbox 244 2742 1910 2815">
    <p class='ocr_par' dir='ltr' id='par_1_36' title="bbox 244 2742 1910 2815">
     <span class='ocr_line' id='line_1_38' title="bbox 244 2742 1910 2815; baseline -0.004 -12"><span class='ocrx_word' id='word_1_251' title='bbox 244 2742 386 2803; x_wconf 76' lang='lat' dir='ltr'><strong>tiles</strong></span> <span class='ocrx_word' id='word_1_252' title='bbox 418 2754 520 2802; x_wconf 88' lang='lat' dir='ltr'><strong>aut</strong></span> <span class='ocrx_word' id='word_1_253' title='bbox 547 2745 849 2799; x_wconf 68' lang='lat' dir='ltr'><strong>haereticos</strong></span> <span class='ocrx_word' id='word_1_254' title='bbox 877 2742 1044 2797; x_wconf 89' lang='lat' dir='ltr'><strong>libris</strong></span> <span class='ocrx_word' id='word_1_255' title='bbox 1074 2743 1552 2815; x_wconf 80' lang='lat' dir='ltr'><strong>constantissime</strong></span> <span class='ocrx_word' id='word_1_256' title='bbox 1586 2742 1910 2815; x_wconf 58' lang='lat' dir='ltr'><strong>propugna-</strong></span> 
     </span>
    </p>
   </div>
   <div class='ocr_carea' id='block_1_37' title="bbox 248 2813 1908 2884">
    <p class='ocr_par' dir='ltr' id='par_1_37' title="bbox 248 2813 1908 2884">
     <span class='ocr_line' id='line_1_39' title="bbox 248 2813 1908 2884; baseline -0.001 -9"><span class='ocrx_word' id='word_1_257' title='bbox 248 2824 482 2875; x_wconf 90' lang='lat' dir='ltr'><strong>verunt.</strong></span> <span class='ocrx_word' id='word_1_258' title='bbox 528 2820 595 2871; x_wconf 82' lang='lat' dir='ltr'><strong>At</strong></span> <span class='ocrx_word' id='word_1_259' title='bbox 644 2817 822 2880; x_wconf 92' lang='lat' dir='ltr'><strong>hunc,</strong></span> <span class='ocrx_word' id='word_1_260' title='bbox 871 2815 943 2869; x_wconf 89' lang='lat' dir='ltr'><strong>de</strong></span> <span class='ocrx_word' id='word_1_261' title='bbox 992 2830 1108 2884; x_wconf 92' lang='lat' dir='ltr'><strong>quo</strong></span> <span class='ocrx_word' id='word_1_262' title='bbox 1155 2813 1548 2884; x_wconf 83' lang='lat' dir='ltr'><strong>disputamus,</strong></span> <span class='ocrx_word' id='word_1_263' title='bbox 1592 2813 1908 2873; x_wconf 87' lang='lat' dir='ltr'><strong>Clementis</strong></span> 
     </span>
    </p>
   </div>
   <div class='ocr_carea' id='block_1_38' title="bbox 251 2885 1905 2958">
    <p class='ocr_par' dir='ltr' id='par_1_38' title="bbox 251 2885 1905 2958">
     <span class='ocr_line' id='line_1_40' title="bbox 251 2885 1905 2958; baseline -0.002 -11"><span class='ocrx_word' id='word_1_264' title='bbox 251 2890 441 2948; x_wconf 88' lang='lat' dir='ltr'><strong>nostri</strong></span> <span class='ocrx_word' id='word_1_265' title='bbox 473 2888 690 2944; x_wconf 89' lang='lat' dir='ltr'><strong>librum</strong></span> <span class='ocrx_word' id='word_1_266' title='bbox 724 2888 795 2942; x_wconf 91' lang='lat' dir='ltr'><strong>ab</strong></span> <span class='ocrx_word' id='word_1_267' title='bbox 826 2885 1422 2958; x_wconf 76' lang='lat' dir='ltr'><strong>Eusebiodesignari,</strong></span> <span class='ocrx_word' id='word_1_268' title='bbox 1450 2891 1508 2940; x_wconf 92' lang='lat' dir='ltr'><strong>et</strong></span> <span class='ocrx_word' id='word_1_269' title='bbox 1545 2887 1698 2958; x_wconf 88' lang='lat' dir='ltr'><strong>ipse</strong></span> <span class='ocrx_word' id='word_1_270' title='bbox 1731 2905 1905 2958; x_wconf 90' lang='lat' dir='ltr'><strong>quem</strong></span> 
     </span>
    </p>
   </div>
   <div class='ocr_carea' id='block_1_39' title="bbox 253 2955 1906 3030">
    <p class='ocr_par' dir='ltr' id='par_1_39' title="bbox 253 2955 1906 3030">
     <span class='ocr_line' id='line_1_41' title="bbox 253 2955 1906 3030; baseline -0.001 -14"><span class='ocrx_word' id='word_1_271' title='bbox 253 2963 481 3018; x_wconf 86' lang='lat' dir='ltr'><strong>indicat</strong></span> <span class='ocrx_word' id='word_1_272' title='bbox 511 2960 774 3030; x_wconf 83' lang='lat' dir='ltr'><strong>ejusdem</strong></span> <span class='ocrx_word' id='word_1_273' title='bbox 805 2957 938 3012; x_wconf 90' lang='lat' dir='ltr'><strong>libri</strong></span> <span class='ocrx_word' id='word_1_274' title='bbox 972 2955 1200 3030; x_wconf 75' lang='lat' dir='ltr'><strong>titulus,</strong></span> <span class='ocrx_word' id='word_1_275' title='bbox 1235 2955 1541 3030; x_wconf 80' lang='lat' dir='ltr'><strong>etsumma</strong></span> <span class='ocrx_word' id='word_1_276' title='bbox 1571 2955 1785 3014; x_wconf 79' lang='lat' dir='ltr'><strong>Christi</strong></span> <span class='ocrx_word' id='word_1_277' title='bbox 1816 2959 1906 3014; x_wconf 90' lang='lat' dir='ltr'><strong>di-</strong></span> 
     </span>
    </p>
   </div>
   <div class='ocr_carea' id='block_1_40' title="bbox 249 3029 1905 3098">
    <p class='ocr_par' dir='ltr' id='par_1_40' title="bbox 249 3029 1905 3098">
     <span class='ocr_line' id='line_1_42' title="bbox 249 3029 1905 3098; baseline -0.002 -8"><span class='ocrx_word' id='word_1_278' title='bbox 249 3034 471 3090; x_wconf 86' lang='lat' dir='ltr'><strong>vinitas</strong></span> <span class='ocrx_word' id='word_1_279' title='bbox 501 3029 562 3086; x_wconf 88' lang='lat' dir='ltr'><strong>in</strong></span> <span class='ocrx_word' id='word_1_280' title='bbox 593 3049 681 3087; x_wconf 92' lang='lat' dir='ltr'><strong>eo.</strong></span> <span class='ocrx_word' id='word_1_281' title='bbox 708 3035 773 3085; x_wconf 93' lang='lat' dir='ltr'><strong>ut</strong></span> <span class='ocrx_word' id='word_1_282' title='bbox 801 3030 956 3084; x_wconf 84' lang='lat' dir='ltr'><strong>infra</strong></span> <span class='ocrx_word' id='word_1_283' title='bbox 986 3029 1337 3098; x_wconf 90' lang='lat' dir='ltr'><strong>videbimus,</strong></span> <span class='ocrx_word' id='word_1_284' title='bbox 1371 3029 1698 3084; x_wconf 88' lang='lat' dir='ltr'><strong>clarissime</strong></span> <span class='ocrx_word' id='word_1_285' title='bbox 1719 3048 1905 3086; x_wconf 84' lang='lat' dir='ltr'><strong>asser-</strong></span> 
     </span>
    </p>
   </div>
   <div class='ocr_carea' id='block_1_41' title="bbox 251 3100 1904 3171">
    <p class='ocr_par' dir='ltr' id='par_1_41' title="bbox 251 3100 1904 3171">
     <span class='ocr_line' id='line_1_43' title="bbox 251 3100 1904 3171; baseline -0.004 -9"><span class='ocrx_word' id='word_1_286' title='bbox 251 3112 332 3170; x_wconf 85' lang='lat' dir='ltr'><strong>ta,</strong></span> <span class='ocrx_word' id='word_1_287' title='bbox 369 3104 590 3160; x_wconf 90' lang='lat' dir='ltr'><strong>indicio</strong></span> <span class='ocrx_word' id='word_1_288' title='bbox 622 3103 778 3158; x_wconf 83' lang='lat' dir='ltr'><strong>haud</strong></span> <span class='ocrx_word' id='word_1_289' title='bbox 810 3100 984 3171; x_wconf 87' lang='lat' dir='ltr'><strong>plane</strong></span> <span class='ocrx_word' id='word_1_290' title='bbox 1006 3101 1228 3154; x_wconf 90' lang='lat' dir='ltr'><strong>incerto</strong></span> <span class='ocrx_word' id='word_1_291' title='bbox 1259 3101 1553 3155; x_wconf 88' lang='lat' dir='ltr'><strong>evincunt.</strong></span> <span class='ocrx_word' id='word_1_292' title='bbox 1579 3105 1758 3156; x_wconf 91' lang='lat' dir='ltr'><strong>Porro</strong></span> <span class='ocrx_word' id='word_1_293' title='bbox 1800 3120 1904 3156; x_wconf 91' lang='lat' dir='ltr'><strong>au-</strong></span> 
     </span>
    </p>
   </div>
   <div class='ocr_carea' id='block_1_42' title="bbox 246 3172 1984 3267">
    <p class='ocr_par' dir='ltr' id='par_1_42' title="bbox 246 3172 1984 3267">
     <span class='ocr_line' id='line_1_44' title="bbox 246 3172 1984 3267; baseline -0.004 -34"><span class='ocrx_word' id='word_1_294' title='bbox 246 3183 384 3267; x_wconf 32' lang='lat' dir='ltr'><strong>ten-1‘</strong></span> <span class='ocrx_word' id='word_1_295' title='bbox 407 3177 598 3232; x_wconf 86' lang='lat' dir='ltr'><strong>Victor</strong></span> <span class='ocrx_word' id='word_1_296' title='bbox 647 3175 908 3256; x_wconf 58' lang='lat' dir='ltr'><strong>Romano</strong></span> <span class='ocrx_word' id='word_1_297' title='bbox 943 3173 1297 3267; x_wconf 41' lang='lat' dir='ltr'><strong>Aepisqo&#39;patu</strong></span> <span class='ocrx_word' id='word_1_298' title='bbox 1342 3189 1500 3267; x_wconf 71' lang='lat' dir='ltr'><strong>anno</strong></span> <span class='ocrx_word' id='word_1_299' title='bbox 1549 3172 1782 3267; x_wconf 59' lang='lat' dir='ltr'><strong>Christi</strong></span> <span class='ocrx_word' id='word_1_300' title='bbox 1806 3175 1907 3228; x_wconf 82' lang='lat'><strong>192</strong></span> <span class='ocrx_word' id='word_1_301' title='bbox 1941 3201 1984 3267; x_wconf 66' lang='grc' dir='ltr'>Ο</span> 
     </span>
    </p>
   </div>
   <div class='ocr_carea' id='block_1_43' title="bbox 245 3243 1908 3317">
    <p class='ocr_par' dir='ltr' id='par_1_43' title="bbox 245 3243 1908 3317">
     <span class='ocr_line' id='line_1_45' title="bbox 245 3243 1908 3317; baseline -0.004 -11"><span class='ocrx_word' id='word_1_302' title='bbox 245 3249 615 3306; x_wconf 87' lang='lat' dir='ltr'><strong>dicituresse</strong></span> <span class='ocrx_word' id='word_1_303' title='bbox 646 3247 1057 3317; x_wconf 84' lang='lat' dir='ltr'><strong>inauguratus.</strong></span> <span class='ocrx_word' id='word_1_304' title='bbox 1084 3243 1302 3317; x_wconf 65' lang='lat' dir='ltr'><strong>Aliquo</strong></span> <span class='ocrx_word' id='word_1_305' title='bbox 1339 3243 1522 3317; x_wconf 81' lang='lat' dir='ltr'><strong>igitur</strong></span> <span class='ocrx_word' id='word_1_306' title='bbox 1568 3252 1701 3299; x_wconf 85' lang='lat' dir='ltr'><strong>ante</strong></span> <span class='ocrx_word' id='word_1_307' title='bbox 1752 3246 1908 3300; x_wconf 88' lang='lat' dir='ltr'><strong>hunc</strong></span> 
     </span>
    </p>
   </div>
   <div class='ocr_carea' id='block_1_44' title="bbox 246 3314 1909 3390">
    <p class='ocr_par' dir='ltr' id='par_1_44' title="bbox 246 3314 1909 3390">
     <span class='ocr_line' id='line_1_46' title="bbox 246 3314 1909 3390; baseline -0.002 -14"><span class='ocrx_word' id='word_1_308' title='bbox 246 3337 474 3376; x_wconf 89' lang='lat' dir='ltr'><strong>annum</strong></span> <span class='ocrx_word' id='word_1_309' title='bbox 505 3326 771 3390; x_wconf 86' lang='lat' dir='ltr'><strong>tempore</strong></span> <span class='ocrx_word' id='word_1_310' title='bbox 798 3314 1030 3390; x_wconf 69' lang='lat' dir='ltr'><strong>librum</strong></span> <span class='ocrx_word' id='word_1_311' title='bbox 1080 3314 1327 3390; x_wconf 83' lang='lat' dir='ltr'><strong>istuma</strong></span> <span class='ocrx_word' id='word_1_312' title='bbox 1372 3315 1670 3390; x_wconf 87' lang='lat' dir='ltr'><strong>Clemente</strong></span> <span class='ocrx_word' id='word_1_313' title='bbox 1711 3323 1909 3390; x_wconf 77' lang='lat' dir='ltr'><strong>nostro</strong></span> 
     </span>
    </p>
   </div>
   <div class='ocr_carea' id='block_1_45' title="bbox 291 3387 1912 3460">
    <p class='ocr_par' dir='ltr' id='par_1_45' title="bbox 291 3387 1912 3460">
     <span class='ocr_line' id='line_1_47' title="bbox 291 3387 1912 3460; baseline -0.002 -14"><span class='ocrx_word' id='word_1_314' title='bbox 291 3392 471 3446; x_wconf 89' lang='lat' dir='ltr'><strong>ublici</strong></span> <span class='ocrx_word' id='word_1_315' title='bbox 499 3387 876 3460; x_wconf 55' lang='lat' dir='ltr'><strong>juri&#39;factum</strong></span> <span class='ocrx_word' id='word_1_316' title='bbox 910 3387 1092 3442; x_wconf 81' lang='lat' dir='ltr'><strong>fuisse</strong></span> <span class='ocrx_word' id='word_1_317' title='bbox 1119 3387 1275 3442; x_wconf 87' lang='lat' dir='ltr'><strong>haud</strong></span> <span class='ocrx_word' id='word_1_318' title='bbox 1310 3404 1551 3459; x_wconf 88' lang='lat' dir='ltr'><strong>prorsus</strong></span> <span class='ocrx_word' id='word_1_319' title='bbox 1577 3389 1772 3460; x_wconf 91' lang='lat' dir='ltr'><strong>inepte</strong></span> <span class='ocrx_word' id='word_1_320' title='bbox 1799 3388 1912 3444; x_wconf 90' lang='lat' dir='ltr'><strong>col-</strong></span> 
     </span>
    </p>
   </div>
   <div class='ocr_carea' id='block_1_46' title="bbox 273 3465 589 3520">
    <p class='ocr_par' dir='ltr' id='par_1_46' title="bbox 273 3465 589 3520">
     <span class='ocr_line' id='line_1_48' title="bbox 273 3465 589 3520; baseline -0.013 0"><span class='ocrx_word' id='word_1_321' title='bbox 273 3465 352 3520; x_wconf 71' lang='lat' dir='ltr'><strong>izi</strong></span> <span class='ocrx_word' id='word_1_322' title='bbox 380 3467 589 3520; x_wconf 81' lang='lat' dir='ltr'><strong>potest.</strong></span> 
     </span>
    </p>
   </div>
   <div class='ocr_carea' id='block_1_47' title="bbox 295 3481 1911 3600">
    <p class='ocr_par' dir='ltr' id='par_1_47' title="bbox 295 3481 1911 3600">
     <span class='ocr_line' id='line_1_49' title="bbox 295 3481 1911 3600; baseline -0.003 -10"><span class='ocrx_word' id='word_1_323' title='bbox 295 3481 706 3590; x_wconf 50' lang='lat' dir='ltr'><strong>giliiigtzznedit</strong></span> <span class='ocrx_word' id='word_1_324' title='bbox 731 3529 886 3600; x_wconf 90' lang='lat' dir='ltr'><strong>quod</strong></span> <span class='ocrx_word' id='word_1_325' title='bbox 915 3528 1024 3583; x_wconf 86' lang='lat' dir='ltr'><strong>iste</strong></span> <span class='ocrx_word' id='word_1_326' title='bbox 1054 3527 1204 3584; x_wconf 90' lang='lat' dir='ltr'><strong>liber</strong></span> <span class='ocrx_word' id='word_1_327' title='bbox 1237 3528 1308 3584; x_wconf 91' lang='lat' dir='ltr'><strong>iis</strong></span> <span class='ocrx_word' id='word_1_328' title='bbox 1334 3528 1563 3583; x_wconf 89' lang='lat' dir='ltr'><strong>videtur</strong></span> <span class='ocrx_word' id='word_1_329' title='bbox 1611 3530 1911 3585; x_wconf 84' lang='lat' dir='ltr'><strong>confectus</strong></span> 
     </span>
    </p>
   </div>
   <div class='ocr_carea' id='block_1_48' title="bbox 247 3600 1910 3672">
    <p class='ocr_par' dir='ltr' id='par_1_48' title="bbox 247 3600 1910 3672">
     <span class='ocr_line' id='line_1_50' title="bbox 247 3600 1910 3672; baseline -0.003 -9"><span class='ocrx_word' id='word_1_330' title='bbox 247 3623 384 3664; x_wconf 89' lang='lat' dir='ltr'><strong>esse</strong></span> <span class='ocrx_word' id='word_1_331' title='bbox 414 3603 812 3666; x_wconf 87' lang='lat' dir='ltr'><strong>sermonibus,</strong></span> <span class='ocrx_word' id='word_1_332' title='bbox 847 3617 997 3672; x_wconf 91' lang='lat' dir='ltr'><strong>quos</strong></span> <span class='ocrx_word' id='word_1_333' title='bbox 1029 3600 1124 3657; x_wconf 93' lang='lat' dir='ltr'><strong>ille</strong></span> <span class='ocrx_word' id='word_1_334' title='bbox 1155 3601 1294 3655; x_wconf 90' lang='lat' dir='ltr'><strong>dum</strong></span> <span class='ocrx_word' id='word_1_335' title='bbox 1337 3601 1672 3672; x_wconf 75' lang='lat' dir='ltr'><strong>catechistm</strong></span> <span class='ocrx_word' id='word_1_336' title='bbox 1718 3603 1910 3658; x_wconf 84' lang='lat' dir='ltr'><strong>ofﬁcio</strong></span> 
     </span>
    </p>
   </div>
   <div class='ocr_carea' id='block_1_49' title="bbox 247 3671 1913 3744">
    <p class='ocr_par' dir='ltr' id='par_1_49' title="bbox 247 3671 1913 3744">
     <span class='ocr_line' id='line_1_51' title="bbox 247 3671 1913 3744; baseline -0.004 -10"><span class='ocrx_word' id='word_1_337' title='bbox 247 3679 409 3734; x_wconf 89' lang='lat' dir='ltr'><strong>circa</strong></span> <span class='ocrx_word' id='word_1_338' title='bbox 438 3692 658 3731; x_wconf 87' lang='lat' dir='ltr'><strong>annum</strong></span> <span class='ocrx_word' id='word_1_339' title='bbox 695 3674 795 3728; x_wconf 85' lang='grc'><strong>189</strong></span> <span class='ocrx_word' id='word_1_340' title='bbox 819 3671 1177 3743; x_wconf 82' lang='lat' dir='ltr'><strong>fungerelur,</strong></span> <span class='ocrx_word' id='word_1_341' title='bbox 1214 3671 1464 3744; x_wconf 90' lang='lat' dir='ltr'><strong>publicis</strong></span> <span class='ocrx_word' id='word_1_342' title='bbox 1510 3674 1566 3727; x_wconf 89' lang='lat' dir='ltr'><strong>in</strong></span> <span class='ocrx_word' id='word_1_343' title='bbox 1623 3673 1913 3729; x_wconf 90' lang='lat' dir='ltr'><strong>concioni-</strong></span> 
     </span>
    </p>
   </div>
   <div class='ocr_carea' id='block_1_50' title="bbox 245 3744 1913 3817">
    <p class='ocr_par' dir='ltr' id='par_1_50' title="bbox 245 3744 1913 3817">
     <span class='ocr_line' id='line_1_52' title="bbox 245 3744 1913 3817; baseline -0.004 -11"><span class='ocrx_word' id='word_1_344' title='bbox 245 3751 366 3806; x_wconf 87' lang='lat' dir='ltr'><strong>bus</strong></span> <span class='ocrx_word' id='word_1_345' title='bbox 397 3751 699 3803; x_wconf 87' lang='lat' dir='ltr'><strong>habuerat.</strong></span> <span class='ocrx_word' id='word_1_346' title='bbox 735 3745 908 3817; x_wconf 77' lang='lat' dir='ltr'><strong>Nulli</strong></span> <span class='ocrx_word' id='word_1_347' title='bbox 932 3745 1226 3815; x_wconf 90' lang='lat' dir='ltr'><strong>siquidem</strong></span> <span class='ocrx_word' id='word_1_348' title='bbox 1275 3744 1521 3817; x_wconf 87' lang='lat' dir='ltr'><strong>dubium</strong></span> <span class='ocrx_word' id='word_1_349' title='bbox 1571 3759 1700 3800; x_wconf 91' lang='lat' dir='ltr'><strong>esse</strong></span> <span class='ocrx_word' id='word_1_350' title='bbox 1724 3751 1913 3817; x_wconf 89' lang='lat' dir='ltr'><strong>potest</strong></span> 
     </span>
    </p>
   </div>
   <div class='ocr_carea' id='block_1_51' title="bbox 253 3815 1911 3894">
    <p class='ocr_par' dir='ltr' id='par_1_51' title="bbox 253 3815 1911 3894">
     <span class='ocr_line' id='line_1_53' title="bbox 253 3815 1911 3894; baseline -0.002 -17"><span class='ocrx_word' id='word_1_351' title='bbox 253 3824 400 3894; x_wconf 88' lang='lat' dir='ltr'><strong>quin</strong></span> <span class='ocrx_word' id='word_1_352' title='bbox 429 3821 516 3894; x_wconf 89' lang='lat' dir='ltr'><strong>vir</strong></span> <span class='ocrx_word' id='word_1_353' title='bbox 546 3820 642 3874; x_wconf 92' lang='lat' dir='ltr'><strong>ille</strong></span> <span class='ocrx_word' id='word_1_354' title='bbox 672 3815 1054 3894; x_wconf 81' lang='lat' dir='ltr'><strong>doctissimus</strong></span> <span class='ocrx_word' id='word_1_355' title='bbox 1085 3817 1413 3894; x_wconf 79' lang='lat' dir='ltr'><strong>maximam</strong></span> <span class='ocrx_word' id='word_1_356' title='bbox 1555 3815 1911 3894; x_wconf 43' lang='lat' dir='ltr'><strong>eo_m&#39;unere</strong></span> 
     </span>
    </p>
   </div>
   <div class='ocr_carea' id='block_1_52' title="bbox 249 3887 1909 3961">
    <p class='ocr_par' dir='ltr' id='par_1_52' title="bbox 249 3887 1909 3961">
     <span class='ocr_line' id='line_1_54' title="bbox 249 3887 1909 3961; baseline -0.004 -11"><span class='ocrx_word' id='word_1_357' title='bbox 249 3887 526 3950; x_wconf 79' lang='lat' dir='ltr'><strong>obeundo</strong></span> <span class='ocrx_word' id='word_1_358' title='bbox 548 3905 786 3961; x_wconf 88' lang='lat' dir='ltr'><strong>operam</strong></span> <span class='ocrx_word' id='word_1_359' title='bbox 819 3887 1160 3961; x_wconf 76' lang='lat' dir='ltr'><strong>contulerit,</strong></span> <span class='ocrx_word' id='word_1_360' title='bbox 1183 3904 1300 3959; x_wconf 90' lang='lat' dir='ltr'><strong>qua</strong></span> <span class='ocrx_word' id='word_1_361' title='bbox 1326 3887 1578 3961; x_wconf 82' lang='lat' dir='ltr'><strong>gentiles</strong></span> <span class='ocrx_word' id='word_1_362' title='bbox 1603 3887 1674 3943; x_wconf 91' lang='lat' dir='ltr'><strong>ab</strong></span> <span class='ocrx_word' id='word_1_363' title='bbox 1697 3889 1909 3961; x_wconf 87' lang='lat' dir='ltr'><strong>errori-</strong></span> 
     </span>
    </p>
   </div>
   <div class='ocr_carea' id='block_1_53' title="bbox 251 3959 1910 4030">
    <p class='ocr_par' dir='ltr' id='par_1_53' title="bbox 251 3959 1910 4030">
     <span class='ocr_line' id='line_1_55' title="bbox 251 3959 1910 4030; baseline -0.003 -9"><span class='ocrx_word' id='word_1_364' title='bbox 251 3967 370 4021; x_wconf 91' lang='lat' dir='ltr'><strong>bus</strong></span> <span class='ocrx_word' id='word_1_365' title='bbox 399 3963 526 4020; x_wconf 90' lang='lat' dir='ltr'><strong>suis</strong></span> <span class='ocrx_word' id='word_1_366' title='bbox 549 3959 619 4018; x_wconf 85' lang='lat' dir='ltr'><strong>ad</strong></span> <span class='ocrx_word' id='word_1_367' title='bbox 652 3959 997 4017; x_wconf 66' lang='lat' dir='ltr'><strong>Christianae</strong></span> <span class='ocrx_word' id='word_1_368' title='bbox 1031 3960 1164 4015; x_wconf 79' lang='lat' dir='ltr'><strong>fidei</strong></span> <span class='ocrx_word' id='word_1_369' title='bbox 1207 3959 1629 4030; x_wconf 85' lang='lat' dir='ltr'><strong>professionem</strong></span> <span class='ocrx_word' id='word_1_370' title='bbox 1659 3960 1910 4016; x_wconf 85' lang='lat' dir='ltr'><strong>adduce-</strong></span> 
     </span>
    </p>
   </div>
   <div class='ocr_carea' id='block_1_54' title="bbox 251 4029 1912 4102">
    <p class='ocr_par' dir='ltr' id='par_1_54' title="bbox 251 4029 1912 4102">
     <span class='ocr_line' id='line_1_56' title="bbox 251 4029 1912 4102; baseline -0.003 -9"><span class='ocrx_word' id='word_1_371' title='bbox 251 4044 365 4094; x_wconf 87' lang='lat' dir='ltr'><strong>ret.</strong></span> <span class='ocrx_word' id='word_1_372' title='bbox 399 4037 536 4101; x_wconf 79' lang='lat' dir='ltr'><strong>Quae</strong></span> <span class='ocrx_word' id='word_1_373' title='bbox 561 4039 758 4089; x_wconf 90' lang='lat' dir='ltr'><strong>autem</strong></span> <span class='ocrx_word' id='word_1_374' title='bbox 793 4031 947 4102; x_wconf 90' lang='lat' dir='ltr'><strong>apud</strong></span> <span class='ocrx_word' id='word_1_375' title='bbox 980 4047 1078 4087; x_wconf 76' lang='lat' dir='ltr'><strong>eos</strong></span> <span class='ocrx_word' id='word_1_376' title='bbox 1124 4029 1391 4102; x_wconf 76' lang='lat' dir='ltr'><strong>aliasque</strong></span> <span class='ocrx_word' id='word_1_377' title='bbox 1432 4048 1572 4086; x_wconf 91' lang='lat' dir='ltr'><strong>suos</strong></span> <span class='ocrx_word' id='word_1_378' title='bbox 1614 4032 1912 4089; x_wconf 88' lang='lat' dir='ltr'><strong>auditores</strong></span> 
     </span>
    </p>
   </div>
   <div class='ocr_carea' id='block_1_55' title="bbox 297 4101 1912 4173">
    <p class='ocr_par' dir='ltr' id='par_1_55' title="bbox 297 4101 1912 4173">
     <span class='ocr_line' id='line_1_57' title="bbox 297 4101 1912 4173; baseline -0.004 -9"><span class='ocrx_word' id='word_1_379' title='bbox 297 4111 654 4173; x_wconf 80' lang='lat' dir='ltr'><strong>eroraverat,</strong></span> <span class='ocrx_word' id='word_1_380' title='bbox 680 4105 800 4158; x_wconf 74' lang='lat' dir='ltr'><strong>haec</strong></span> <span class='ocrx_word' id='word_1_381' title='bbox 825 4101 1203 4173; x_wconf 90' lang='lat' dir='ltr'><strong>postmodum</strong></span> <span class='ocrx_word' id='word_1_382' title='bbox 1226 4101 1435 4157; x_wconf 32' lang='lat' dir='ltr'><strong>ut’aliis</strong></span> <span class='ocrx_word' id='word_1_383' title='bbox 1457 4103 1735 4158; x_wconf 90' lang='lat' dir='ltr'><strong>omnibus</strong></span> <span class='ocrx_word' id='word_1_384' title='bbox 1752 4105 1912 4159; x_wconf 88' lang='lat' dir='ltr'><strong>simi-</strong></span> 
     </span>
    </p>
   </div>
   <div class='ocr_carea' id='block_1_56' title="bbox 249 4127 1911 4251">
    <p class='ocr_par' dir='ltr' id='par_1_56' title="bbox 249 4127 1911 4251">
     <span class='ocr_line' id='line_1_58' title="bbox 297 4127 1911 4173; baseline -0.004 -9"><span class='ocrx_word' id='word_1_385' title='bbox 297 4127 654 4173; x_wconf 70' lang='lat' dir='ltr'><strong>eroraverat,</strong></span> <span class='ocrx_word' id='word_1_386' title='bbox 683 4127 800 4158; x_wconf 65' lang='grc' dir='ltr'><strong>Πωῧ</strong></span> <span class='ocrx_word' id='word_1_387' title='bbox 826 4127 1203 4173; x_wconf 74' lang='grc' dir='ltr'><strong>μυδιωυυυω</strong></span> <span class='ocrx_word' id='word_1_388' title='bbox 1227 4127 1288 4157; x_wconf 77' lang='lat' dir='ltr'><strong>UL</strong></span> <span class='ocrx_word' id='word_1_389' title='bbox 1305 4127 1435 4157; x_wconf 70' lang='grc'><strong>81118</strong></span> <span class='ocrx_word' id='word_1_390' title='bbox 1457 4127 1735 4158; x_wconf 73' lang='grc' dir='ltr'><strong>υῐιηιιυυδ</strong></span> <span class='ocrx_word' id='word_1_391' title='bbox 1752 4127 1911 4159; x_wconf 72' lang='grc'><strong>811111·</strong></span> 
     </span>
     <span class='ocr_line' id='line_1_59' title="bbox 249 4127 1911 4251; baseline -0.003 -15"><span class='ocrx_word' id='word_1_392' title='bbox 249 4127 390 4236; x_wconf 76' lang='lat' dir='ltr'><strong>liter</strong></span> <span class='ocrx_word' id='word_1_393' title='bbox 411 4179 739 4251; x_wconf 63' lang='lat' dir='ltr'><strong>prodesset,</strong></span> <span class='ocrx_word' id='word_1_394' title='bbox 769 4175 1005 4244; x_wconf 87' lang='lat' dir='ltr'><strong>scriptis</strong></span> <span class='ocrx_word' id='word_1_395' title='bbox 1048 4175 1264 4230; x_wconf 87' lang='lat' dir='ltr'><strong>tradita</strong></span> <span class='ocrx_word' id='word_1_396' title='bbox 1314 4173 1730 4247; x_wconf 87' lang='lat' dir='ltr'><strong>divulgavisse,</strong></span> <span class='ocrx_word' id='word_1_397' title='bbox 1777 4193 1911 4231; x_wconf 91' lang='lat' dir='ltr'><strong>vero</strong></span> 
     </span>
    </p>
   </div>
   <div class='ocr_carea' id='block_1_57' title="bbox 251 4248 936 4309">
    <p class='ocr_par' dir='ltr' id='par_1_57' title="bbox 251 4248 936 4309">
     <span class='ocr_line' id='line_1_60' title="bbox 251 4248 936 4309; baseline -0.01 0"><span class='ocrx_word' id='word_1_398' title='bbox 251 4248 519 4309; x_wconf 50' lang='lat' dir='ltr'><strong>sane&#39;est</strong></span> <span class='ocrx_word' id='word_1_399' title='bbox 538 4248 936 4305; x_wconf 90' lang='lat' dir='ltr'><strong>simillimum.</strong></span> 
     </span>
    </p>
   </div>
   <div class='ocr_carea' id='block_1_58' title="bbox 326 4316 1911 4389">
    <p class='ocr_par' dir='ltr' id='par_1_58' title="bbox 326 4316 1911 4389">
     <span class='ocr_line' id='line_1_61' title="bbox 326 4316 1911 4389; baseline -0.006 -10"><span class='ocrx_word' id='word_1_400' title='bbox 326 4325 512 4389; x_wconf 87' lang='lat' dir='ltr'><strong>Quem</strong></span> <span class='ocrx_word' id='word_1_401' title='bbox 547 4339 678 4377; x_wconf 90' lang='lat' dir='ltr'><strong>vero</strong></span> <span class='ocrx_word' id='word_1_402' title='bbox 713 4318 953 4373; x_wconf 90' lang='lat' dir='ltr'><strong>titulum</strong></span> <span class='ocrx_word' id='word_1_403' title='bbox 988 4316 1126 4372; x_wconf 90' lang='lat' dir='ltr'><strong>huic</strong></span> <span class='ocrx_word' id='word_1_404' title='bbox 1159 4317 1316 4386; x_wconf 90' lang='lat' dir='ltr'><strong>operi</strong></span> <span class='ocrx_word' id='word_1_405' title='bbox 1352 4333 1461 4372; x_wconf 92' lang='lat' dir='ltr'><strong>suo</strong></span> <span class='ocrx_word' id='word_1_406' title='bbox 1492 4316 1618 4387; x_wconf 92' lang='lat' dir='ltr'><strong>ipse</strong></span> <span class='ocrx_word' id='word_1_407' title='bbox 1646 4316 1911 4389; x_wconf 64' lang='lat' dir='ltr'><strong>praeﬁxa-</strong></span> 
     </span>
    </p>
   </div>
   <div class='ocr_carea' id='block_1_59' title="bbox 250 4388 1910 4464">
    <p class='ocr_par' dir='ltr' id='par_1_59' title="bbox 250 4388 1910 4464">
     <span class='ocr_line' id='line_1_62' title="bbox 250 4388 1910 4464; baseline -0.004 -13"><span class='ocrx_word' id='word_1_408' title='bbox 250 4388 362 4464; x_wconf 21' lang='lat' dir='ltr'><strong>rit,’</strong></span> <span class='ocrx_word' id='word_1_409' title='bbox 394 4397 440 4450; x_wconf 90' lang='lat' dir='ltr'><strong>si</strong></span> <span class='ocrx_word' id='word_1_410' title='bbox 478 4394 628 4450; x_wconf 90' lang='lat' dir='ltr'><strong>scire</strong></span> <span class='ocrx_word' id='word_1_411' title='bbox 660 4408 853 4456; x_wconf 85' lang='lat' dir='ltr'><strong>aveas,</strong></span> <span class='ocrx_word' id='word_1_412' title='bbox 879 4406 1012 4446; x_wconf 91' lang='lat' dir='ltr'><strong>eum</strong></span> <span class='ocrx_word' id='word_1_413' title='bbox 1047 4395 1102 4444; x_wconf 92' lang='lat' dir='ltr'><strong>te</strong></span> <span class='ocrx_word' id='word_1_414' title='bbox 1137 4389 1366 4464; x_wconf 78' lang='lat' dir='ltr'><strong>docebit</strong></span> <span class='ocrx_word' id='word_1_415' title='bbox 1411 4388 1798 4464; x_wconf 55' lang='lat' dir='ltr'><strong>Eusebiu§_‘_9.</strong></span> <span class='ocrx_word' id='word_1_416' title='bbox 1823 4388 1910 4444; x_wconf 83' lang='lat' dir='ltr'><strong>Ab</strong></span> 
     </span>
    </p>
   </div>
   <div class='ocr_carea' id='block_1_60' title="bbox 250 4456 1912 4536">
    <p class='ocr_par' dir='ltr' id='par_1_60' title="bbox 250 4456 1912 4536">
     <span class='ocr_line' id='line_1_63' title="bbox 250 4456 1912 4536; baseline -0.007 -14"><span class='ocrx_word' id='word_1_417' title='bbox 250 4456 352 4536; x_wconf 83' lang='lat' dir='ltr'><strong>illo</strong></span> <span class='ocrx_word' id='word_1_418' title='bbox 385 4467 680 4536; x_wconf 90' lang='lat' dir='ltr'><strong>siquidem</strong></span> <span class='ocrx_word' id='word_1_419' title='bbox 714 4459 1400 4536; x_wconf 67' lang='lat' dir='ltr'><strong>constanterappellatur</strong></span> <span class='ocrx_word' id='word_1_420' title='bbox 1446 4458 1583 4536; x_wconf 77' lang='grc' dir='ltr'>πρὸς</span> <span class='ocrx_word' id='word_1_421' title='bbox 1629 4456 1912 4536; x_wconf 64' lang='grc' dir='ltr'><strong>’Έλληνας</strong></span> 
     </span>
    </p>
   </div>
   <div class='ocr_carea' id='block_1_61' title="bbox 253 4531 1914 4612">
    <p class='ocr_par' dir='ltr' id='par_1_61' title="bbox 253 4531 1914 4612">
     <span class='ocr_line' id='line_1_64' title="bbox 253 4531 1914 4612; baseline -0.004 -21"><span class='ocrx_word' id='word_1_422' title='bbox 253 4533 420 4612; x_wconf 72' lang='grc' dir='ltr'>λόγος</span> <span class='ocrx_word' id='word_1_423' title='bbox 451 4531 478 4591; x_wconf 76' lang='grc' dir='ltr'><em>ὅ</em></span> <span class='ocrx_word' id='word_1_424' title='bbox 511 4532 931 4612; x_wconf 55' lang='grc' dir='ltr'><strong>προτρεπτικός,</strong></span> <span class='ocrx_word' id='word_1_425' title='bbox 956 4557 984 4583; x_wconf 77' lang='grc' dir='ltr'><strong>(ι</strong></span> <span class='ocrx_word' id='word_1_426' title='bbox 1020 4531 1192 4612; x_wconf 80' lang='lat' dir='ltr'><strong>Liber</strong></span> <span class='ocrx_word' id='word_1_427' title='bbox 1238 4532 1308 4612; x_wconf 68' lang='lat' dir='ltr'><strong>ad</strong></span> <span class='ocrx_word' id='word_1_428' title='bbox 1346 4533 1601 4612; x_wconf 64' lang='lat' dir='ltr'><strong>gentiles</strong></span> <span class='ocrx_word' id='word_1_429' title='bbox 1649 4531 1914 4612; x_wconf 59' lang='lat' dir='ltr'><strong>exhorta-</strong></span> 
     </span>
    </p>
   </div>
   <div class='ocr_carea' id='block_1_62' title="bbox 2026 519 3688 582">
    <p class='ocr_par' dir='ltr' id='par_1_62' title="bbox 2026 519 3688 582">
     <span class='ocr_line' id='line_1_65' title="bbox 2026 519 3688 582; baseline 0.006 -10"><span class='ocrx_word' id='word_1_430' title='bbox 2026 519 2161 573; x_wconf 91' lang='lat' dir='ltr'><strong>dem</strong></span> <span class='ocrx_word' id='word_1_431' title='bbox 2187 521 2344 576; x_wconf 89' lang='lat' dir='ltr'><strong>etibi</strong></span> <span class='ocrx_word' id='word_1_432' title='bbox 2370 538 2429 576; x_wconf 88' lang='lat' dir='ltr'><strong>se</strong></span> <span class='ocrx_word' id='word_1_433' title='bbox 2463 523 2520 576; x_wconf 91' lang='lat' dir='ltr'><strong>in</strong></span> <span class='ocrx_word' id='word_1_434' title='bbox 2568 525 2775 577; x_wconf 91' lang='lat' dir='ltr'><strong>eodem</strong></span> <span class='ocrx_word' id='word_1_435' title='bbox 2802 523 2951 578; x_wconf 83' lang='lat' dir='ltr'><strong>libro</strong></span> <span class='ocrx_word' id='word_1_436' title='bbox 2985 519 3269 580; x_wconf 87' lang='lat' dir='ltr'><strong>adversus</strong></span> <span class='ocrx_word' id='word_1_437' title='bbox 3307 519 3512 581; x_wconf 59' lang='lat' dir='ltr'><strong>falsam</strong></span> <span class='ocrx_word' id='word_1_438' title='bbox 3540 519 3688 582; x_wconf 66' lang='lat' dir='ltr'><strong>Grae-</strong></span> 
     </span>
    </p>
   </div>
   <div class='ocr_carea' id='block_1_63' title="bbox 2019 593 3682 666">
    <p class='ocr_par' dir='ltr' id='par_1_63' title="bbox 2019 593 3682 666">
     <span class='ocr_line' id='line_1_66' title="bbox 2019 593 3682 666; baseline 0.007 -22"><span class='ocrx_word' id='word_1_439' title='bbox 2019 607 2221 666; x_wconf 88' lang='lat' dir='ltr'><strong>corum</strong></span> <span class='ocrx_word' id='word_1_440' title='bbox 2246 593 2585 666; x_wconf 86' lang='lat' dir='ltr'><strong>religionem</strong></span> <span class='ocrx_word' id='word_1_441' title='bbox 2611 595 2950 666; x_wconf 87' lang='lat' dir='ltr'><strong>disputasse</strong></span> <span class='ocrx_word' id='word_1_442' title='bbox 2974 603 3384 652; x_wconf 88' lang='lat' dir='ltr'><strong>asseveranter</strong></span> <span class='ocrx_word' id='word_1_443' title='bbox 3402 599 3682 655; x_wconf 82' lang='lat' dir='ltr'><strong>affirmat.</strong></span> 
     </span>
    </p>
   </div>
   <div class='ocr_carea' id='block_1_64' title="bbox 2021 663 3682 740">
    <p class='ocr_par' dir='ltr' id='par_1_64' title="bbox 2021 663 3682 740">
     <span class='ocr_line' id='line_1_67' title="bbox 2021 663 3682 740; baseline 0.007 -25"><span class='ocrx_word' id='word_1_444' title='bbox 2021 663 2229 740; x_wconf 59' lang='lat' dir='ltr'><strong>hiquet</strong></span> <span class='ocrx_word' id='word_1_445' title='bbox 2260 665 2441 740; x_wconf 84' lang='lat' dir='ltr'><strong>igitur</strong></span> <span class='ocrx_word' id='word_1_446' title='bbox 2473 682 2663 720; x_wconf 83' lang='lat' dir='ltr'><strong>veram</strong></span> <span class='ocrx_word' id='word_1_447' title='bbox 2701 663 2738 720; x_wconf 68' lang='lat'><strong>7</strong></span> <span class='ocrx_word' id='word_1_448' title='bbox 2793 683 3260 740; x_wconf 85' lang='lat' dir='ltr'><strong>germanamque</strong></span> <span class='ocrx_word' id='word_1_449' title='bbox 3313 669 3490 740; x_wconf 83' lang='lat' dir='ltr'><strong>hujus</strong></span> <span class='ocrx_word' id='word_1_450' title='bbox 3541 671 3682 726; x_wconf 89' lang='lat' dir='ltr'><strong>libri</strong></span> 
     </span>
    </p>
   </div>
   <div class='ocr_carea' id='block_1_65' title="bbox 2018 735 3684 808">
    <p class='ocr_par' dir='ltr' id='par_1_65' title="bbox 2018 735 3684 808">
     <span class='ocr_line' id='line_1_68' title="bbox 2018 735 3684 808; baseline 0.007 -21"><span class='ocrx_word' id='word_1_451' title='bbox 2018 735 2462 808; x_wconf 88' lang='lat' dir='ltr'><strong>inscriptionem</strong></span> <span class='ocrx_word' id='word_1_452' title='bbox 2485 754 2615 792; x_wconf 90' lang='lat' dir='ltr'><strong>eam</strong></span> <span class='ocrx_word' id='word_1_453' title='bbox 2661 735 2820 804; x_wconf 60' lang='lat' dir='ltr'><strong>esse,</strong></span> <span class='ocrx_word' id='word_1_454' title='bbox 2865 755 3043 808; x_wconf 89' lang='lat' dir='ltr'><strong>quam</strong></span> <span class='ocrx_word' id='word_1_455' title='bbox 3103 735 3407 796; x_wconf 69' lang='lat' dir='ltr'><strong>Eusebius</strong></span> <span class='ocrx_word' id='word_1_456' title='bbox 3435 747 3491 796; x_wconf 91' lang='lat' dir='ltr'><strong>et</strong></span> <span class='ocrx_word' id='word_1_457' title='bbox 3515 750 3684 797; x_wconf 80' lang='lat' dir='ltr'><strong>vetu-</strong></span> 
     </span>
    </p>
   </div>
   <div class='ocr_carea' id='block_1_66' title="bbox 2018 807 3682 883">
    <p class='ocr_par' dir='ltr' id='par_1_66' title="bbox 2018 807 3682 883">
     <span class='ocr_line' id='line_1_69' title="bbox 2018 807 3682 883; baseline 0.007 -24"><span class='ocrx_word' id='word_1_458' title='bbox 2018 807 2322 863; x_wconf 89' lang='lat' dir='ltr'><strong>stissimus</strong></span> <span class='ocrx_word' id='word_1_459' title='bbox 2385 809 2601 880; x_wconf 85' lang='lat' dir='ltr'><strong>Regius</strong></span> <span class='ocrx_word' id='word_1_460' title='bbox 2641 810 2821 864; x_wconf 83' lang='lat' dir='ltr'><strong>codex</strong></span> <span class='ocrx_word' id='word_1_461' title='bbox 2884 807 3181 882; x_wconf 84' lang='lat' dir='ltr'><strong>integram</strong></span> <span class='ocrx_word' id='word_1_462' title='bbox 3230 819 3682 883; x_wconf 69' lang='lat' dir='ltr'><strong>rcpraasentave-</strong></span> 
     </span>
    </p>
   </div>
   <div class='ocr_carea' id='block_1_67' title="bbox 2020 884 2180 932">
    <p class='ocr_par' dir='ltr' id='par_1_67' title="bbox 2020 884 2180 932">
     <span class='ocr_line' id='line_1_70' title="bbox 2020 884 2180 932; baseline 0.006 -1"><span class='ocrx_word' id='word_1_463' title='bbox 2020 884 2180 932; x_wconf 90' lang='lat' dir='ltr'><strong>runt.</strong></span> 
     </span>
    </p>
   </div>
   <div class='ocr_carea' id='block_1_68' title="bbox 2091 967 3683 1042">
    <p class='ocr_par' dir='ltr' id='par_1_68' title="bbox 2091 967 3683 1042">
     <span class='ocr_line' id='line_1_71' title="bbox 2091 967 3683 1042; baseline 0.006 -23"><span class='ocrx_word' id='word_1_464' title='bbox 2091 971 2155 1020; x_wconf 80' lang='lat' dir='ltr'><strong>Et</strong></span> <span class='ocrx_word' id='word_1_465' title='bbox 2181 982 2317 1021; x_wconf 90' lang='lat' dir='ltr'><strong>vero</strong></span> <span class='ocrx_word' id='word_1_466' title='bbox 2351 967 2842 1042; x_wconf 10' lang='lat' dir='ltr'><strong>hyaectepigraphe</strong></span> <span class='ocrx_word' id='word_1_467' title='bbox 2893 973 3079 1024; x_wconf 90' lang='lat' dir='ltr'><strong>totum</strong></span> <span class='ocrx_word' id='word_1_468' title='bbox 3135 987 3384 1041; x_wconf 92' lang='lat' dir='ltr'><strong>prorsus</strong></span> <span class='ocrx_word' id='word_1_469' title='bbox 3432 971 3683 1042; x_wconf 88' lang='lat' dir='ltr'><strong>hujusce</strong></span> 
     </span>
    </p>
   </div>
   <div class='ocr_carea' id='block_1_69' title="bbox 2018 1040 3685 1112">
    <p class='ocr_par' dir='ltr' id='par_1_69' title="bbox 2018 1040 3685 1112">
     <span class='ocr_line' id='line_1_72' title="bbox 2018 1040 3685 1112; baseline 0.004 -20"><span class='ocrx_word' id='word_1_470' title='bbox 2018 1040 2536 1112; x_wconf 81' lang='lat' dir='ltr'><strong>commentationis</strong></span> <span class='ocrx_word' id='word_1_471' title='bbox 2566 1045 2981 1111; x_wconf 84' lang='lat' dir='ltr'><strong>argumentum</strong></span> <span class='ocrx_word' id='word_1_472' title='bbox 3030 1040 3458 1112; x_wconf 88' lang='lat' dir='ltr'><strong>complectitur.</strong></span> <span class='ocrx_word' id='word_1_473' title='bbox 3485 1040 3563 1099; x_wconf 81' lang='lat' dir='ltr'><strong>Ex</strong></span> <span class='ocrx_word' id='word_1_474' title='bbox 3616 1045 3685 1099; x_wconf 89' lang='lat' dir='ltr'><strong>il-</strong></span> 
     </span>
    </p>
   </div>
   <div class='ocr_carea' id='block_1_70' title="bbox 2016 1109 3690 1186">
    <p class='ocr_par' dir='ltr' id='par_1_70' title="bbox 2016 1109 3690 1186">
     <span class='ocr_line' id='line_1_73' title="bbox 2016 1109 3690 1186; baseline 0.005 -22"><span class='ocrx_word' id='word_1_475' title='bbox 2016 1109 2129 1186; x_wconf 79' lang='lat' dir='ltr'><strong>lius</strong></span> <span class='ocrx_word' id='word_1_476' title='bbox 2149 1112 2396 1186; x_wconf 74' lang='lat' dir='ltr'><strong>quippe,</strong></span> <span class='ocrx_word' id='word_1_477' title='bbox 2429 1128 2606 1182; x_wconf 91' lang='lat' dir='ltr'><strong>quam</strong></span> <span class='ocrx_word' id='word_1_478' title='bbox 2633 1109 2931 1175; x_wconf 83' lang='lat' dir='ltr'><strong>dedimus,</strong></span> <span class='ocrx_word' id='word_1_479' title='bbox 2966 1109 3191 1185; x_wconf 82' lang='lat' dir='ltr'><strong>analysi</strong></span> <span class='ocrx_word' id='word_1_480' title='bbox 3225 1116 3474 1186; x_wconf 89' lang='lat' dir='ltr'><strong>quilibet</strong></span> <span class='ocrx_word' id='word_1_481' title='bbox 3516 1117 3690 1173; x_wconf 87' lang='lat' dir='ltr'><strong>facile</strong></span> 
     </span>
    </p>
   </div>
   <div class='ocr_carea' id='block_1_71' title="bbox 2019 1181 3689 1255">
    <p class='ocr_par' dir='ltr' id='par_1_71' title="bbox 2019 1181 3689 1255">
     <span class='ocr_line' id='line_1_74' title="bbox 2019 1181 3689 1255; baseline 0.006 -21"><span class='ocrx_word' id='word_1_482' title='bbox 2019 1181 2683 1254; x_wconf 28' lang='lat' dir='ltr'><strong>intelligit’Clementem</strong></span> <span class='ocrx_word' id='word_1_483' title='bbox 2717 1201 2954 1255; x_wconf 87' lang='lat' dir='ltr'><strong>cperam</strong></span> <span class='ocrx_word' id='word_1_484' title='bbox 2981 1181 3218 1240; x_wconf 77' lang='lat' dir='ltr'><strong>omnem</strong></span> <span class='ocrx_word' id='word_1_485' title='bbox 3243 1181 3300 1240; x_wconf 85' lang='lat' dir='ltr'><strong>in</strong></span> <span class='ocrx_word' id='word_1_486' title='bbox 3324 1203 3391 1242; x_wconf 91' lang='lat' dir='ltr'><strong>eo</strong></span> <span class='ocrx_word' id='word_1_487' title='bbox 3413 1204 3689 1244; x_wconf 89' lang='lat' dir='ltr'><strong>consum-</strong></span> 
     </span>
    </p>
   </div>
   <div class='ocr_carea' id='block_1_72' title="bbox 2019 1255 3689 1328">
    <p class='ocr_par' dir='ltr' id='par_1_72' title="bbox 2019 1255 3689 1328">
     <span class='ocr_line' id='line_1_75' title="bbox 2019 1255 3689 1328; baseline 0.006 -23"><span class='ocrx_word' id='word_1_488' title='bbox 2019 1256 2228 1328; x_wconf 82' lang='lat' dir='ltr'><strong>psisse,</strong></span> <span class='ocrx_word' id='word_1_489' title='bbox 2250 1255 2539 1328; x_wconf 82' lang='lat' dir='ltr'><strong>nihilque</strong></span> <span class='ocrx_word' id='word_1_490' title='bbox 2563 1255 2756 1327; x_wconf 83' lang='lat' dir='ltr'><strong>egisse</strong></span> <span class='ocrx_word' id='word_1_491' title='bbox 2790 1256 2949 1310; x_wconf 92' lang='lat' dir='ltr'><strong>aliud</strong></span> <span class='ocrx_word' id='word_1_492' title='bbox 2986 1257 3100 1311; x_wconf 89' lang='lat' dir='ltr'><strong>nisi</strong></span> <span class='ocrx_word' id='word_1_493' title='bbox 3126 1265 3189 1311; x_wconf 92' lang='lat' dir='ltr'><strong>ut</strong></span> <span class='ocrx_word' id='word_1_494' title='bbox 3214 1259 3463 1328; x_wconf 89' lang='lat' dir='ltr'><strong>gentiles</strong></span> <span class='ocrx_word' id='word_1_495' title='bbox 3482 1261 3554 1314; x_wconf 89' lang='lat' dir='ltr'><strong>ab</strong></span> <span class='ocrx_word' id='word_1_496' title='bbox 3579 1263 3689 1315; x_wconf 85' lang='lat' dir='ltr'><strong>im-</strong></span> 
     </span>
    </p>
   </div>
   <div class='ocr_carea' id='block_1_73' title="bbox 2021 1326 3688 1400">
    <p class='ocr_par' dir='ltr' id='par_1_73' title="bbox 2021 1326 3688 1400">
     <span class='ocr_line' id='line_1_76' title="bbox 2021 1326 3688 1400; baseline 0.005 -22"><span class='ocrx_word' id='word_1_497' title='bbox 2021 1327 2112 1400; x_wconf 80' lang='lat' dir='ltr'><strong>pio</strong></span> <span class='ocrx_word' id='word_1_498' title='bbox 2145 1326 2435 1400; x_wconf 79' lang='lat' dir='ltr'><strong>idolorum</strong></span> <span class='ocrx_word' id='word_1_499' title='bbox 2473 1326 2877 1400; x_wconf 82' lang='lat' dir='ltr'><strong>falsorumque</strong></span> <span class='ocrx_word' id='word_1_500' title='bbox 2911 1328 3153 1400; x_wconf 82' lang='lat' dir='ltr'><strong>deorum</strong></span> <span class='ocrx_word' id='word_1_501' title='bbox 3188 1326 3345 1384; x_wconf 81' lang='lat' dir='ltr'><strong>cnltu</strong></span> <span class='ocrx_word' id='word_1_502' title='bbox 3375 1332 3688 1400; x_wconf 89' lang='lat' dir='ltr'><strong>abductos,</strong></span> 
     </span>
    </p>
   </div>
   <div class='ocr_carea' id='block_1_74' title="bbox 2018 1398 3687 1523">
    <p class='ocr_par' dir='ltr' id='par_1_74' title="bbox 2018 1398 3687 1523">
     <span class='ocr_line' id='line_1_77' title="bbox 2018 1398 3687 1474; baseline 0.005 -22"><span class='ocrx_word' id='word_1_503' title='bbox 2018 1398 2088 1452; x_wconf 88' lang='lat' dir='ltr'><strong>ad</strong></span> <span class='ocrx_word' id='word_1_504' title='bbox 2126 1413 2320 1452; x_wconf 71' lang='lat' dir='ltr'><strong>veram</strong></span> <span class='ocrx_word' id='word_1_505' title='bbox 2352 1399 2570 1454; x_wconf 90' lang='lat' dir='ltr'><strong>Christi</strong></span> <span class='ocrx_word' id='word_1_506' title='bbox 2594 1398 2852 1455; x_wconf 29' lang='lat' dir='ltr'><strong>ﬁdem’et</strong></span> <span class='ocrx_word' id='word_1_507' title='bbox 2875 1399 3219 1472; x_wconf 88' lang='lat' dir='ltr'><strong>religionem</strong></span> <span class='ocrx_word' id='word_1_508' title='bbox 3237 1398 3687 1474; x_wconf 82' lang='lat' dir='ltr'><strong>amplexandam</strong></span> 
     </span>
     <span class='ocr_line' id='line_1_78' title="bbox 2019 1468 2450 1523; baseline 0 0"><span class='ocrx_word' id='word_1_509' title='bbox 2019 1468 2450 1523; x_wconf 87' lang='lat' dir='ltr'><strong>adhortaretur.</strong></span> 
     </span>
    </p>
   </div>
   <div class='ocr_carea' id='block_1_75' title="bbox 2019 1473 2450 1525">
    <p class='ocr_par' dir='ltr' id='par_1_75' title="bbox 2019 1473 2450 1525">
     <span class='ocr_line' id='line_1_79' title="bbox 2019 1473 2450 1525; baseline 0.002 -2"><span class='ocrx_word' id='word_1_510' title='bbox 2019 1473 2450 1525; x_wconf 87' lang='lat' dir='ltr'><strong>adhortaretur.</strong></span> 
     </span>
    </p>
   </div>
   <div class='ocr_carea' id='block_1_76' title="bbox 2089 1557 3798 1630">
    <p class='ocr_par' dir='ltr' id='par_1_76' title="bbox 2089 1557 3798 1630">
     <span class='ocr_line' id='line_1_80' title="bbox 2089 1557 3798 1630; baseline 0.004 -19"><span class='ocrx_word' id='word_1_511' title='bbox 2089 1557 2368 1630; x_wconf 84' lang='lat' dir='ltr'><strong>Quamvis</strong></span> <span class='ocrx_word' id='word_1_512' title='bbox 2399 1563 2594 1614; x_wconf 89' lang='lat' dir='ltr'><strong>autem</strong></span> <span class='ocrx_word' id='word_1_513' title='bbox 2629 1559 2898 1614; x_wconf 89' lang='lat' dir='ltr'><strong>Clemens</strong></span> <span class='ocrx_word' id='word_1_514' title='bbox 2930 1558 2986 1613; x_wconf 93' lang='lat' dir='ltr'><strong>id</strong></span> <span class='ocrx_word' id='word_1_515' title='bbox 3019 1560 3362 1616; x_wconf 88' lang='lat' dir='ltr'><strong>continuato</strong></span> <span class='ocrx_word' id='word_1_516' title='bbox 3393 1578 3690 1630; x_wconf 88' lang='lat' dir='ltr'><strong>sermone,</strong></span> <span class='ocrx_word' id='word_1_517' title='bbox 3781 1558 3798 1571; x_wconf 72' lang='lat'><strong><em>°</em></strong></span> 
     </span>
    </p>
   </div>
   <div class='ocr_carea' id='block_1_77' title="bbox 2019 1628 3695 1716">
    <p class='ocr_par' dir='ltr' id='par_1_77' title="bbox 2019 1628 3695 1716">
     <span class='ocr_line' id='line_1_81' title="bbox 2019 1628 3695 1716; baseline 0.004 -33"><span class='ocrx_word' id='word_1_518' title='bbox 2019 1628 2765 1716; x_wconf 52' lang='lat' dir='ltr'><strong>nullaqueorationis‘suzs</strong></span> <span class='ocrx_word' id='word_1_519' title='bbox 2799 1631 2951 1716; x_wconf 63' lang='lat' dir='ltr'><strong>facta</strong></span> <span class='ocrx_word' id='word_1_520' title='bbox 2991 1631 3283 1716; x_wconf 78' lang='lat' dir='ltr'><strong>divisione</strong></span> <span class='ocrx_word' id='word_1_521' title='bbox 3341 1628 3695 1716; x_wconf 79' lang='lat' dir='ltr'><strong>prosecutus</strong></span> 
     </span>
    </p>
   </div>
   <div class='ocr_carea' id='block_1_78' title="bbox 2019 1700 3696 1773">
    <p class='ocr_par' dir='ltr' id='par_1_78' title="bbox 2019 1700 3696 1773">
     <span class='ocr_line' id='line_1_82' title="bbox 2019 1700 3696 1773; baseline 0.004 -19"><span class='ocrx_word' id='word_1_522' title='bbox 2019 1700 2113 1766; x_wconf 90' lang='lat' dir='ltr'><strong>sit,</strong></span> <span class='ocrx_word' id='word_1_523' title='bbox 2141 1700 2360 1773; x_wconf 80' lang='lat' dir='ltr'><strong>siquis</strong></span> <span class='ocrx_word' id='word_1_524' title='bbox 2393 1707 2592 1757; x_wconf 86' lang='lat' dir='ltr'><strong>tamen</strong></span> <span class='ocrx_word' id='word_1_525' title='bbox 2627 1703 2783 1757; x_wconf 92' lang='lat' dir='ltr'><strong>hunc</strong></span> <span class='ocrx_word' id='word_1_526' title='bbox 2814 1701 3033 1757; x_wconf 91' lang='lat' dir='ltr'><strong>librum</strong></span> <span class='ocrx_word' id='word_1_527' title='bbox 3066 1700 3462 1760; x_wconf 78' lang='lat' dir='ltr'><strong>attentissime</strong></span> <span class='ocrx_word' id='word_1_528' title='bbox 3480 1707 3696 1761; x_wconf 73' lang='lat' dir='ltr'><strong>exami~</strong></span> 
     </span>
    </p>
   </div>
   <div class='ocr_carea' id='block_1_79' title="bbox 2019 1772 3693 1848">
    <p class='ocr_par' dir='ltr' id='par_1_79' title="bbox 2019 1772 3693 1848">
     <span class='ocr_line' id='line_1_83' title="bbox 2019 1772 3693 1848; baseline 0.004 -23"><span class='ocrx_word' id='word_1_529' title='bbox 2019 1772 2268 1848; x_wconf 85' lang='lat' dir='ltr'><strong>nav_erit,_</strong></span> <span class='ocrx_word' id='word_1_530' title='bbox 2296 1773 2347 1828; x_wconf 88' lang='lat' dir='ltr'><strong>is</strong></span> <span class='ocrx_word' id='word_1_531' title='bbox 2380 1780 2536 1829; x_wconf 90' lang='lat' dir='ltr'><strong>certe</strong></span> <span class='ocrx_word' id='word_1_532' title='bbox 2567 1774 2877 1848; x_wconf 80' lang='lat' dir='ltr'><strong>perspiciet</strong></span> <span class='ocrx_word' id='word_1_533' title='bbox 2910 1773 3080 1848; x_wconf 78' lang='lat' dir='ltr'><strong>illum</strong></span> <span class='ocrx_word' id='word_1_534' title='bbox 3114 1773 3186 1830; x_wconf 91' lang='lat' dir='ltr'><strong>ab</strong></span> <span class='ocrx_word' id='word_1_535' title='bbox 3218 1775 3346 1848; x_wconf 90' lang='lat' dir='ltr'><strong>ipso</strong></span> <span class='ocrx_word' id='word_1_536' title='bbox 3395 1777 3693 1833; x_wconf 88' lang='lat' dir='ltr'><strong>Clemente</strong></span> 
     </span>
    </p>
   </div>
   <div class='ocr_carea' id='block_1_80' title="bbox 2016 1844 3690 1917">
    <p class='ocr_par' dir='ltr' id='par_1_80' title="bbox 2016 1844 3690 1917">
     <span class='ocr_line' id='line_1_84' title="bbox 2016 1844 3690 1917; baseline 0.004 -19"><span class='ocrx_word' id='word_1_537' title='bbox 2016 1844 2207 1917; x_wconf 83' lang='lat' dir='ltr'><strong>varias</strong></span> <span class='ocrx_word' id='word_1_538' title='bbox 2254 1844 2314 1917; x_wconf 86' lang='lat' dir='ltr'><strong>in</strong></span> <span class='ocrx_word' id='word_1_539' title='bbox 2377 1849 2596 1917; x_wconf 88' lang='lat' dir='ltr'><strong>partes,</strong></span> <span class='ocrx_word' id='word_1_540' title='bbox 2649 1844 2796 1917; x_wconf 29' lang='lat' dir='ltr'><strong>aise</strong></span> <span class='ocrx_word' id='word_1_541' title='bbox 2858 1845 3107 1900; x_wconf 89' lang='lat' dir='ltr'><strong>invicem</strong></span> <span class='ocrx_word' id='word_1_542' title='bbox 3152 1844 3297 1903; x_wconf 83' lang='lat' dir='ltr'><strong>satis</strong></span> <span class='ocrx_word' id='word_1_543' title='bbox 3350 1848 3690 1917; x_wconf 88' lang='lat' dir='ltr'><strong>distinctas,</strong></span> 
     </span>
    </p>
   </div>
   <div class='ocr_carea' id='block_1_81' title="bbox 2023 1915 3693 1975">
    <p class='ocr_par' dir='ltr' id='par_1_81' title="bbox 2023 1915 3693 1975">
     <span class='ocr_line' id='line_1_85' title="bbox 2023 1915 3693 1975; baseline 0.004 -7"><span class='ocrx_word' id='word_1_544' title='bbox 2023 1915 2206 1968; x_wconf 88' lang='lat' dir='ltr'><strong>fuisse</strong></span> <span class='ocrx_word' id='word_1_545' title='bbox 2238 1916 2645 1971; x_wconf 90' lang='lat' dir='ltr'><strong>distributum.</strong></span> <span class='ocrx_word' id='word_1_546' title='bbox 2679 1916 2761 1970; x_wconf 92' lang='lat' dir='ltr'><strong>Ne</strong></span> <span class='ocrx_word' id='word_1_547' title='bbox 2783 1917 2876 1970; x_wconf 91' lang='lat' dir='ltr'><strong>cui</strong></span> <span class='ocrx_word' id='word_1_548' title='bbox 2896 1921 3092 1972; x_wconf 87' lang='lat' dir='ltr'><strong>tamen</strong></span> <span class='ocrx_word' id='word_1_549' title='bbox 3114 1917 3169 1972; x_wconf 93' lang='lat' dir='ltr'><strong>id</strong></span> <span class='ocrx_word' id='word_1_550' title='bbox 3195 1918 3549 1974; x_wconf 90' lang='lat' dir='ltr'><strong>laboriosius</strong></span> <span class='ocrx_word' id='word_1_551' title='bbox 3571 1915 3693 1975; x_wconf 50' lang='lat' dir='ltr'><strong>mo;</strong></span> 
     </span>
    </p>
   </div>
   <div class='ocr_carea' id='block_1_82' title="bbox 2023 1987 3690 2062">
    <p class='ocr_par' dir='ltr' id='par_1_82' title="bbox 2023 1987 3690 2062">
     <span class='ocr_line' id='line_1_86' title="bbox 2023 1987 3690 2062; baseline 0.005 -23"><span class='ocrx_word' id='word_1_552' title='bbox 2023 1987 2344 2062; x_wconf 70' lang='lat' dir='ltr'><strong>testiusque</strong></span> <span class='ocrx_word' id='word_1_553' title='bbox 2377 1989 2666 2062; x_wconf 83' lang='lat' dir='ltr'><strong>videatur,</strong></span> <span class='ocrx_word' id='word_1_554' title='bbox 2700 1987 2970 2062; x_wconf 87' lang='lat' dir='ltr'><strong>singulas</strong></span> <span class='ocrx_word' id='word_1_555' title='bbox 2994 1989 3242 2062; x_wconf 75' lang='lat' dir='ltr'><strong>hujusce</strong></span> <span class='ocrx_word' id='word_1_556' title='bbox 3265 1991 3396 2046; x_wconf 91' lang='lat' dir='ltr'><strong>libri</strong></span> <span class='ocrx_word' id='word_1_557' title='bbox 3423 1993 3690 2062; x_wconf 86' lang='lat' dir='ltr'><strong>partesin</strong></span> 
     </span>
    </p>
   </div>
   <div class='ocr_carea' id='block_1_83' title="bbox 2019 2058 3686 2131">
    <p class='ocr_par' dir='ltr' id='par_1_83' title="bbox 2019 2058 3686 2131">
     <span class='ocr_line' id='line_1_87' title="bbox 2019 2058 3686 2131; baseline 0.005 -20"><span class='ocrx_word' id='word_1_558' title='bbox 2019 2058 2180 2113; x_wconf 91' lang='lat' dir='ltr'><strong>illius</strong></span> <span class='ocrx_word' id='word_1_559' title='bbox 2214 2059 2438 2131; x_wconf 84' lang='lat' dir='ltr'><strong>analysi</strong></span> <span class='ocrx_word' id='word_1_560' title='bbox 2465 2061 2550 2116; x_wconf 91' lang='lat' dir='ltr'><strong>ita</strong></span> <span class='ocrx_word' id='word_1_561' title='bbox 2579 2058 2897 2130; x_wconf 84' lang='lat' dir='ltr'><strong>separatim</strong></span> <span class='ocrx_word' id='word_1_562' title='bbox 2922 2059 3285 2117; x_wconf 85' lang='lat' dir='ltr'><strong>exhibendas</strong></span> <span class='ocrx_word' id='word_1_563' title='bbox 3305 2058 3686 2119; x_wconf 45' lang='lat' dir='ltr'><strong>esse—censui-</strong></span> 
     </span>
    </p>
   </div>
   <div class='ocr_carea' id='block_1_84' title="bbox 2022 2131 3686 2202">
    <p class='ocr_par' dir='ltr' id='par_1_84' title="bbox 2022 2131 3686 2202">
     <span class='ocr_line' id='line_1_88' title="bbox 2022 2131 3686 2202; baseline 0.004 -19"><span class='ocrx_word' id='word_1_564' title='bbox 2022 2146 2174 2200; x_wconf 88' lang='lat' dir='ltr'><strong>mus,</strong></span> <span class='ocrx_word' id='word_1_565' title='bbox 2211 2135 2274 2184; x_wconf 93' lang='lat' dir='ltr'><strong>ut</strong></span> <span class='ocrx_word' id='word_1_566' title='bbox 2304 2147 2381 2185; x_wconf 67' lang='lat' dir='ltr'><strong>eae</strong></span> <span class='ocrx_word' id='word_1_567' title='bbox 2410 2133 2482 2187; x_wconf 88' lang='lat' dir='ltr'><strong>ab</strong></span> <span class='ocrx_word' id='word_1_568' title='bbox 2514 2132 2794 2187; x_wconf 90' lang='lat' dir='ltr'><strong>omnibus</strong></span> <span class='ocrx_word' id='word_1_569' title='bbox 2827 2131 3057 2202; x_wconf 87' lang='lat' dir='ltr'><strong>possint</strong></span> <span class='ocrx_word' id='word_1_570' title='bbox 3080 2133 3233 2188; x_wconf 91' lang='lat' dir='ltr'><strong>haud</strong></span> <span class='ocrx_word' id='word_1_571' title='bbox 3260 2135 3341 2190; x_wconf 88' lang='lat' dir='ltr'><strong>ita</strong></span> <span class='ocrx_word' id='word_1_572' title='bbox 3367 2136 3686 2191; x_wconf 80' lang='lat' dir='ltr'><strong>difficulter</strong></span> 
     </span>
    </p>
   </div>
   <div class='ocr_carea' id='block_1_85' title="bbox 2021 2202 3687 2278">
    <p class='ocr_par' dir='ltr' id='par_1_85' title="bbox 2021 2202 3687 2278">
     <span class='ocr_line' id='line_1_89' title="bbox 2021 2202 3687 2278; baseline 0.004 -23"><span class='ocrx_word' id='word_1_573' title='bbox 2021 2203 2406 2278; x_wconf 85' lang='lat' dir='ltr'><strong>deprehendi.</strong></span> <span class='ocrx_word' id='word_1_574' title='bbox 2437 2205 2506 2278; x_wconf 76' lang='lat' dir='ltr'><strong>Et</strong></span> <span class='ocrx_word' id='word_1_575' title='bbox 2537 2204 2655 2278; x_wconf 67' lang='lat' dir='ltr'><strong>haec</strong></span> <span class='ocrx_word' id='word_1_576' title='bbox 2687 2219 2829 2278; x_wconf 84' lang='lat' dir='ltr'><strong>sane</strong></span> <span class='ocrx_word' id='word_1_577' title='bbox 2861 2202 2990 2256; x_wconf 89' lang='lat' dir='ltr'><strong>libri</strong></span> <span class='ocrx_word' id='word_1_578' title='bbox 3024 2204 3203 2274; x_wconf 87' lang='lat' dir='ltr'><strong>hujus</strong></span> <span class='ocrx_word' id='word_1_579' title='bbox 3232 2206 3292 2260; x_wconf 92' lang='lat' dir='ltr'><strong>in</strong></span> <span class='ocrx_word' id='word_1_580' title='bbox 3325 2223 3464 2262; x_wconf 88' lang='lat' dir='ltr'><strong>suas</strong></span> <span class='ocrx_word' id='word_1_581' title='bbox 3489 2215 3687 2278; x_wconf 90' lang='lat' dir='ltr'><strong>partes</strong></span> 
     </span>
    </p>
   </div>
   <div class='ocr_carea' id='block_1_86' title="bbox 2021 2274 3690 2350">
    <p class='ocr_par' dir='ltr' id='par_1_86' title="bbox 2021 2274 3690 2350">
     <span class='ocr_line' id='line_1_90' title="bbox 2021 2274 3690 2350; baseline 0.004 -24"><span class='ocrx_word' id='word_1_582' title='bbox 2021 2280 2076 2350; x_wconf 86' lang='lat' dir='ltr'><strong>et</strong></span> <span class='ocrx_word' id='word_1_583' title='bbox 2098 2274 2295 2350; x_wconf 78' lang='lat' dir='ltr'><strong>capita</strong></span> <span class='ocrx_word' id='word_1_584' title='bbox 2318 2274 2680 2350; x_wconf 82' lang='lat' dir='ltr'><strong>distributio,</strong></span> <span class='ocrx_word' id='word_1_585' title='bbox 2714 2276 2786 2329; x_wconf 87' lang='lat' dir='ltr'><strong>ab</strong></span> <span class='ocrx_word' id='word_1_586' title='bbox 2817 2290 3020 2350; x_wconf 77' lang='lat' dir='ltr'><strong>eorum</strong></span> <span class='ocrx_word' id='word_1_587' title='bbox 3055 2277 3262 2332; x_wconf 88' lang='lat' dir='ltr'><strong>saltem</strong></span> <span class='ocrx_word' id='word_1_588' title='bbox 3289 2274 3511 2350; x_wconf 69' lang='lat' dir='ltr'><strong>aliquo</strong></span> <span class='ocrx_word' id='word_1_589' title='bbox 3564 2280 3690 2335; x_wconf 84' lang='lat' dir='ltr'><strong>fieri</strong></span> 
     </span>
    </p>
   </div>
   <div class='ocr_carea' id='block_1_87' title="bbox 2020 2345 3690 2418">
    <p class='ocr_par' dir='ltr' id='par_1_87' title="bbox 2020 2345 3690 2418">
     <span class='ocr_line' id='line_1_91' title="bbox 2020 2345 3690 2418; baseline 0.004 -18"><span class='ocrx_word' id='word_1_590' title='bbox 2020 2345 2245 2418; x_wconf 85' lang='lat' dir='ltr'><strong>debuit,</strong></span> <span class='ocrx_word' id='word_1_591' title='bbox 2269 2347 2370 2416; x_wconf 91' lang='lat' dir='ltr'><strong>qui</strong></span> <span class='ocrx_word' id='word_1_592' title='bbox 2403 2347 2453 2400; x_wconf 82' lang='lat' dir='ltr'><strong>ei</strong></span> <span class='ocrx_word' id='word_1_593' title='bbox 2489 2348 2642 2417; x_wconf 81' lang='lat' dir='ltr'><strong>typis</strong></span> <span class='ocrx_word' id='word_1_594' title='bbox 2674 2346 3015 2400; x_wconf 81' lang='lat' dir='ltr'><strong>excudendo</strong></span> <span class='ocrx_word' id='word_1_595' title='bbox 3049 2347 3304 2418; x_wconf 65' lang='lat' dir='ltr'><strong>praefecti</strong></span> <span class='ocrx_word' id='word_1_596' title='bbox 3343 2345 3524 2406; x_wconf 77' lang='lat' dir='ltr'><strong>fuere.</strong></span> <span class='ocrx_word' id='word_1_597' title='bbox 3571 2350 3690 2407; x_wconf 86' lang='lat' dir='ltr'><strong>Hac</strong></span> 
     </span>
    </p>
   </div>
   <div class='ocr_carea' id='block_1_88' title="bbox 2020 2417 3694 2495">
    <p class='ocr_par' dir='ltr' id='par_1_88' title="bbox 2020 2417 3694 2495">
     <span class='ocr_line' id='line_1_92' title="bbox 2020 2417 3694 2495; baseline 0.005 -25"><span class='ocrx_word' id='word_1_598' title='bbox 2020 2417 2313 2495; x_wconf 67' lang='lat' dir='ltr'><strong>siquidem</strong></span> <span class='ocrx_word' id='word_1_599' title='bbox 2349 2419 2664 2490; x_wconf 86' lang='lat' dir='ltr'><strong>partitione</strong></span> <span class='ocrx_word' id='word_1_600' title='bbox 2685 2422 2742 2495; x_wconf 83' lang='lat' dir='ltr'><strong>et</strong></span> <span class='ocrx_word' id='word_1_601' title='bbox 2767 2418 2840 2495; x_wconf 73' lang='lat' dir='ltr'><strong>ab</strong></span> <span class='ocrx_word' id='word_1_602' title='bbox 2865 2417 3124 2495; x_wconf 76' lang='lat' dir='ltr'><strong>auctoris</strong></span> <span class='ocrx_word' id='word_1_603' title='bbox 3156 2424 3350 2495; x_wconf 82' lang='lat' dir='ltr'><strong>mente</strong></span> <span class='ocrx_word' id='word_1_604' title='bbox 3373 2438 3487 2495; x_wconf 87' lang='lat' dir='ltr'><strong>non</strong></span> <span class='ocrx_word' id='word_1_605' title='bbox 3523 2423 3694 2495; x_wconf 91' lang='lat' dir='ltr'><strong>longe</strong></span> 
     </span>
    </p>
   </div>
   <div class='ocr_carea' id='block_1_89' title="bbox 2020 2488 3690 2565">
    <p class='ocr_par' dir='ltr' id='par_1_89' title="bbox 2020 2488 3690 2565">
     <span class='ocr_line' id='line_1_93' title="bbox 2020 2488 3690 2565; baseline 0.004 -23"><span class='ocrx_word' id='word_1_606' title='bbox 2020 2489 2328 2565; x_wconf 63' lang='lat' dir='ltr'><strong>abfuisset,</strong></span> <span class='ocrx_word' id='word_1_607' title='bbox 2357 2488 2435 2544; x_wconf 24' lang='lat' dir='ltr'><strong>iac</strong></span> <span class='ocrx_word' id='word_1_608' title='bbox 2485 2490 2754 2565; x_wconf 75' lang='lat' dir='ltr'><strong>morosis</strong></span> <span class='ocrx_word' id='word_1_609' title='bbox 2788 2488 3128 2565; x_wconf 83' lang='lat' dir='ltr'><strong>hominibus</strong></span> <span class='ocrx_word' id='word_1_610' title='bbox 3187 2492 3390 2565; x_wconf 84' lang='lat' dir='ltr'><strong>ivisset</strong></span> <span class='ocrx_word' id='word_1_611' title='bbox 3436 2488 3690 2565; x_wconf 76' lang='lat' dir='ltr'><strong>obviam,</strong></span> 
     </span>
    </p>
   </div>
   <div class='ocr_carea' id='block_1_90' title="bbox 2020 2561 3690 2631">
    <p class='ocr_par' dir='ltr' id='par_1_90' title="bbox 2020 2561 3690 2631">
     <span class='ocr_line' id='line_1_94' title="bbox 2020 2561 3690 2631; baseline 0.004 -17"><span class='ocrx_word' id='word_1_612' title='bbox 2020 2561 2121 2630; x_wconf 90' lang='lat' dir='ltr'><strong>qui</strong></span> <span class='ocrx_word' id='word_1_613' title='bbox 2173 2561 2460 2631; x_wconf 89' lang='lat' dir='ltr'><strong>majorem</strong></span> <span class='ocrx_word' id='word_1_614' title='bbox 2502 2561 2789 2616; x_wconf 84' lang='lat' dir='ltr'><strong>sermonis</strong></span> <span class='ocrx_word' id='word_1_615' title='bbox 2839 2563 3263 2618; x_wconf 86' lang='lat' dir='ltr'><strong>connexionem</strong></span> <span class='ocrx_word' id='word_1_616' title='bbox 3314 2564 3374 2618; x_wconf 91' lang='lat' dir='ltr'><strong>in</strong></span> <span class='ocrx_word' id='word_1_617' title='bbox 3418 2561 3690 2620; x_wconf 54' lang='lat' dir='ltr'><strong>ClemenQ</strong></span> 
     </span>
    </p>
   </div>
   <div class='ocr_carea' id='block_1_91' title="bbox 2020 2632 3691 2758">
    <p class='ocr_par' dir='ltr' id='par_1_91' title="bbox 2020 2632 3691 2758">
     <span class='ocr_line' id='line_1_95' title="bbox 2020 2632 3691 2758; baseline 0.005 -73"><span class='ocrx_word' id='word_1_618' title='bbox 2020 2633 2320 2758; x_wconf 54' lang='lat' dir='ltr'><strong>tisbnoeztri</strong></span> <span class='ocrx_word' id='word_1_619' title='bbox 2353 2632 2502 2688; x_wconf 91' lang='lat' dir='ltr'><strong>libro</strong></span> <span class='ocrx_word' id='word_1_620' title='bbox 2526 2636 2663 2705; x_wconf 89' lang='lat' dir='ltr'><strong>jure</strong></span> <span class='ocrx_word' id='word_1_621' title='bbox 2692 2635 2849 2688; x_wconf 89' lang='lat' dir='ltr'><strong>haud</strong></span> <span class='ocrx_word' id='word_1_622' title='bbox 2883 2637 3438 2702; x_wconf 84' lang='lat' dir='ltr'><strong>prorsusimmerito</strong></span> <span class='ocrx_word' id='word_1_623' title='bbox 3457 2638 3691 2694; x_wconf 90' lang='lat' dir='ltr'><strong>deside-</strong></span> 
     </span>
     <span class='ocr_line' id='line_1_96' title="bbox 2020 2721 2262 2758; baseline 0 0"><span class='ocrx_word' id='word_1_624' title='bbox 2020 2721 2086 2758; x_wconf 61' lang='lat' dir='ltr'><strong>ra</strong></span> <span class='ocrx_word' id='word_1_625' title='bbox 2136 2721 2210 2758; x_wconf 92' lang='lat' dir='ltr'><strong>un</strong></span> <span class='ocrx_word' id='word_1_626' title='bbox 2250 2747 2262 2758; x_wconf 93' lang='lat'><strong>.</strong></span> 
     </span>
    </p>
   </div>
   <div class='ocr_carea' id='block_1_92' title="bbox 2018 2709 2262 2772">
    <p class='ocr_par' dir='ltr' id='par_1_92' title="bbox 2018 2709 2262 2772">
     <span class='ocr_line' id='line_1_97' title="bbox 2018 2709 2262 2772; baseline 0 -14"><span class='ocrx_word' id='word_1_627' title='bbox 2018 2709 2262 2772; x_wconf 66' lang='lat' dir='ltr'><strong>rabunt.</strong></span> 
     </span>
    </p>
   </div>
   <div class='ocr_carea' id='block_1_93' title="bbox 2089 2791 3694 2868">
    <p class='ocr_par' dir='ltr' id='par_1_93' title="bbox 2089 2791 3694 2868">
     <span class='ocr_line' id='line_1_98' title="bbox 2089 2791 3694 2868; baseline 0.005 -24"><span class='ocrx_word' id='word_1_628' title='bbox 2089 2791 2290 2862; x_wconf 89' lang='lat' dir='ltr'><strong>Neque</strong></span> <span class='ocrx_word' id='word_1_629' title='bbox 2322 2793 3055 2868; x_wconf 83' lang='lat' dir='ltr'><strong>t_am_en_dissi_mulandum</strong></span> <span class='ocrx_word' id='word_1_630' title='bbox 3075 2811 3204 2868; x_wconf 88' lang='lat' dir='ltr'><strong>esse</strong></span> <span class='ocrx_word' id='word_1_631' title='bbox 3231 2798 3510 2868; x_wconf 80' lang='lat' dir='ltr'><strong>putamus</strong></span> <span class='ocrx_word' id='word_1_632' title='bbox 3533 2812 3694 2868; x_wconf 76' lang='lat' dir='ltr'><strong>quae-</strong></span> 
     </span>
    </p>
   </div>
   <div class='ocr_carea' id='block_1_94' title="bbox 2019 2863 3695 2938">
    <p class='ocr_par' dir='ltr' id='par_1_94' title="bbox 2019 2863 3695 2938">
     <span class='ocr_line' id='line_1_99' title="bbox 2019 2863 3695 2938; baseline 0.006 -23"><span class='ocrx_word' id='word_1_633' title='bbox 2019 2863 2153 2938; x_wconf 84' lang='lat' dir='ltr'><strong>dam</strong></span> <span class='ocrx_word' id='word_1_634' title='bbox 2187 2863 2406 2934; x_wconf 86' lang='lat' dir='ltr'><strong>passim</strong></span> <span class='ocrx_word' id='word_1_635' title='bbox 2441 2865 2497 2938; x_wconf 86' lang='lat' dir='ltr'><strong>in</strong></span> <span class='ocrx_word' id='word_1_636' title='bbox 2531 2863 2640 2919; x_wconf 91' lang='lat' dir='ltr'><strong>hoc</strong></span> <span class='ocrx_word' id='word_1_637' title='bbox 2674 2865 2822 2920; x_wconf 89' lang='lat' dir='ltr'><strong>libro</strong></span> <span class='ocrx_word' id='word_1_638' title='bbox 2853 2867 3103 2922; x_wconf 91' lang='lat' dir='ltr'><strong>inveniri</strong></span> <span class='ocrx_word' id='word_1_639' title='bbox 3130 2863 3251 2922; x_wconf 84' lang='lat' dir='ltr'><strong>loca</strong></span> <span class='ocrx_word' id='word_1_640' title='bbox 3276 2867 3347 2922; x_wconf 90' lang='lat' dir='ltr'><strong>iis</strong></span> <span class='ocrx_word' id='word_1_641' title='bbox 3379 2884 3507 2938; x_wconf 72' lang='lat' dir='ltr'><strong>qua:</strong></span> <span class='ocrx_word' id='word_1_642' title='bbox 3531 2863 3695 2925; x_wconf 78' lang='lat' dir='ltr'><strong>ante-</strong></span> 
     </span>
    </p>
   </div>
   <div class='ocr_carea' id='block_1_95' title="bbox 2018 2934 3690 3007">
    <p class='ocr_par' dir='ltr' id='par_1_95' title="bbox 2018 2934 3690 3007">
     <span class='ocr_line' id='line_1_100' title="bbox 2018 2934 3690 3007; baseline 0.006 -20"><span class='ocrx_word' id='word_1_643' title='bbox 2018 2934 2235 3007; x_wconf 78' lang='lat' dir='ltr'><strong>cedunt</strong></span> <span class='ocrx_word' id='word_1_644' title='bbox 2283 2940 2338 2990; x_wconf 92' lang='lat' dir='ltr'><strong>et</strong></span> <span class='ocrx_word' id='word_1_645' title='bbox 2389 2937 2842 3007; x_wconf 87' lang='lat' dir='ltr'><strong>subsequuntur</strong></span> <span class='ocrx_word' id='word_1_646' title='bbox 2883 2955 2996 2994; x_wconf 90' lang='lat' dir='ltr'><strong>non</strong></span> <span class='ocrx_word' id='word_1_647' title='bbox 3047 2939 3247 2993; x_wconf 90' lang='lat' dir='ltr'><strong>omino</strong></span> <span class='ocrx_word' id='word_1_648' title='bbox 3313 2934 3690 2997; x_wconf 72' lang='lat' dir='ltr'><strong>cohaerentia.</strong></span> 
     </span>
    </p>
   </div>
   <div class='ocr_carea' id='block_1_96' title="bbox 2017 3005 3683 3083">
    <p class='ocr_par' dir='ltr' id='par_1_96' title="bbox 2017 3005 3683 3083">
     <span class='ocr_line' id='line_1_101' title="bbox 2017 3005 3683 3083; baseline 0.006 -27"><span class='ocrx_word' id='word_1_649' title='bbox 2017 3005 2215 3083; x_wconf 83' lang='lat' dir='ltr'><strong>Neque</strong></span> <span class='ocrx_word' id='word_1_650' title='bbox 2237 3008 2410 3083; x_wconf 85' lang='lat' dir='ltr'><strong>etiam</strong></span> <span class='ocrx_word' id='word_1_651' title='bbox 2438 3005 2788 3083; x_wconf 78' lang='lat' dir='ltr'><strong>negabimus</strong></span> <span class='ocrx_word' id='word_1_652' title='bbox 2820 3026 2886 3063; x_wconf 90' lang='lat' dir='ltr'><strong>ea</strong></span> <span class='ocrx_word' id='word_1_653' title='bbox 2919 3026 3134 3082; x_wconf 90' lang='lat' dir='ltr'><strong>magno</strong></span> <span class='ocrx_word' id='word_1_654' title='bbox 3168 3010 3295 3064; x_wconf 86' lang='lat' dir='ltr'><strong>sine</strong></span> <span class='ocrx_word' id='word_1_655' title='bbox 3347 3011 3542 3066; x_wconf 88' lang='lat' dir='ltr'><strong>labore</strong></span> <span class='ocrx_word' id='word_1_656' title='bbox 3574 3030 3683 3083; x_wconf 89' lang='lat' dir='ltr'><strong>po-</strong></span> 
     </span>
    </p>
   </div>
   <div class='ocr_carea' id='block_1_97' title="bbox 2015 3078 3680 3156">
    <p class='ocr_par' dir='ltr' id='par_1_97' title="bbox 2015 3078 3680 3156">
     <span class='ocr_line' id='line_1_102' title="bbox 2015 3078 3680 3156; baseline 0.006 -27"><span class='ocrx_word' id='word_1_657' title='bbox 2015 3078 2212 3156; x_wconf 78' lang='lat' dir='ltr'><strong>tuisse</strong></span> <span class='ocrx_word' id='word_1_658' title='bbox 2234 3079 2537 3156; x_wconf 76' lang='lat' dir='ltr'><strong>meliorem</strong></span> <span class='ocrx_word' id='word_1_659' title='bbox 2570 3081 2628 3156; x_wconf 79' lang='lat' dir='ltr'><strong>in</strong></span> <span class='ocrx_word' id='word_1_660' title='bbox 2662 3081 2936 3156; x_wconf 81' lang='lat' dir='ltr'><strong>ordinem</strong></span> <span class='ocrx_word' id='word_1_661' title='bbox 2960 3078 3048 3156; x_wconf 56' lang='lat' dir='ltr'><strong>ab&#39;</strong></span> <span class='ocrx_word' id='word_1_662' title='bbox 3075 3089 3310 3156; x_wconf 79' lang='lat' dir='ltr'><strong>auctore</strong></span> <span class='ocrx_word' id='word_1_663' title='bbox 3340 3097 3448 3156; x_wconf 86' lang='lat' dir='ltr'><strong>suo</strong></span> <span class='ocrx_word' id='word_1_664' title='bbox 3492 3078 3680 3156; x_wconf 83' lang='lat' dir='ltr'><strong>redigi</strong></span> 
     </span>
    </p>
   </div>
   <div class='ocr_carea' id='block_1_98' title="bbox 2016 3149 3680 3223">
    <p class='ocr_par' dir='ltr' id='par_1_98' title="bbox 2016 3149 3680 3223">
     <span class='ocr_line' id='line_1_103' title="bbox 2016 3149 3680 3223; baseline 0.005 -21"><span class='ocrx_word' id='word_1_665' title='bbox 2016 3156 2074 3203; x_wconf 91' lang='lat' dir='ltr'><strong>et</strong></span> <span class='ocrx_word' id='word_1_666' title='bbox 2103 3149 2410 3223; x_wconf 65' lang='lat' dir='ltr'><strong>distribui.</strong></span> <span class='ocrx_word' id='word_1_667' title='bbox 2430 3152 2541 3206; x_wconf 85' lang='lat' dir='ltr'><strong>Sed</strong></span> <span class='ocrx_word' id='word_1_668' title='bbox 2572 3151 2694 3206; x_wconf 71' lang='lat' dir='ltr'><strong>haec</strong></span> <span class='ocrx_word' id='word_1_669' title='bbox 2725 3152 3130 3208; x_wconf 87' lang='lat' dir='ltr'><strong>eruditissimo</strong></span> <span class='ocrx_word' id='word_1_670' title='bbox 3146 3154 3439 3223; x_wconf 86' lang='lat' dir='ltr'><strong>scriptori,</strong></span> <span class='ocrx_word' id='word_1_671' title='bbox 3473 3157 3570 3223; x_wconf 91' lang='lat' dir='ltr'><strong>qui</strong></span> <span class='ocrx_word' id='word_1_672' title='bbox 3593 3149 3680 3210; x_wconf 77' lang='lat' dir='ltr'><strong>in-</strong></span> 
     </span>
    </p>
   </div>
   <div class='ocr_carea' id='block_1_99' title="bbox 2021 3221 3682 3346">
    <p class='ocr_par' dir='ltr' id='par_1_99' title="bbox 2021 3221 3682 3346">
     <span class='ocr_line' id='line_1_104' title="bbox 2021 3221 3682 3346; baseline 0.005 -71"><span class='ocrx_word' id='word_1_673' title='bbox 2021 3221 2574 3346; x_wconf 56' lang='lat' dir='ltr'><strong>genio§uandoque</strong></span> <span class='ocrx_word' id='word_1_674' title='bbox 2605 3223 2856 3280; x_wconf 87' lang='lat' dir='ltr'><strong>indulsit</strong></span> <span class='ocrx_word' id='word_1_675' title='bbox 2896 3243 3024 3292; x_wconf 83' lang='lat' dir='ltr'><strong>suo,</strong></span> <span class='ocrx_word' id='word_1_676' title='bbox 3073 3225 3243 3280; x_wconf 85' lang='lat' dir='ltr'><strong>facile</strong></span> <span class='ocrx_word' id='word_1_677' title='bbox 3277 3221 3682 3283; x_wconf 83' lang='lat' dir='ltr'><strong>condonanda</strong></span> 
     </span>
     <span class='ocr_line' id='line_1_105' title="bbox 2022 3292 3682 3346; baseline 0 0"><span class='ocrx_word' id='word_1_678' title='bbox 2022 3299 2178 3346; x_wconf 85' lang='lat' dir='ltr'><strong>sunt.</strong></span> <span class='ocrx_word' id='word_1_679' title='bbox 2262 3292 2426 3346; x_wconf 88' lang='lat' dir='ltr'><strong>ullibi</strong></span> <span class='ocrx_word' id='word_1_680' title='bbox 2458 3295 2637 3346; x_wconf 86' lang='lat' dir='ltr'><strong>enim-</strong></span> <span class='ocrx_word' id='word_1_681' title='bbox 2675 3311 2780 3346; x_wconf 86' lang='lat' dir='ltr'><strong>nec</strong></span> <span class='ocrx_word' id='word_1_682' title='bbox 2811 3295 2871 3346; x_wconf 88' lang='lat' dir='ltr'><strong>in</strong></span> <span class='ocrx_word' id='word_1_683' title='bbox 2907 3297 2977 3346; x_wconf 82' lang='lat' dir='ltr'><strong>iis</strong></span> <span class='ocrx_word' id='word_1_684' title='bbox 3009 3297 3186 3346; x_wconf 82' lang='lat' dir='ltr'><strong>etiam</strong></span> <span class='ocrx_word' id='word_1_685' title='bbox 3223 3314 3350 3346; x_wconf 72' lang='lat' dir='ltr'><strong>dum</strong></span> <span class='ocrx_word' id='word_1_686' title='bbox 3399 3305 3682 3346; x_wconf 79' lang='lat' dir='ltr'><strong>notantur</strong></span> 
     </span>
    </p>
   </div>
   <div class='ocr_carea' id='block_1_100' title="bbox 2022 3292 3682 3368">
    <p class='ocr_par' dir='ltr' id='par_1_100' title="bbox 2022 3292 3682 3368">
     <span class='ocr_line' id='line_1_106' title="bbox 2022 3292 3682 3368; baseline 0.005 -23"><span class='ocrx_word' id='word_1_687' title='bbox 2022 3292 2178 3368; x_wconf 70' lang='lat' dir='ltr'><strong>sunt.</strong></span> <span class='ocrx_word' id='word_1_688' title='bbox 2205 3292 2426 3348; x_wconf 91' lang='lat' dir='ltr'><strong>Nullibi</strong></span> <span class='ocrx_word' id='word_1_689' title='bbox 2458 3292 2637 3364; x_wconf 77' lang='lat' dir='ltr'><strong>enim,</strong></span> <span class='ocrx_word' id='word_1_690' title='bbox 2675 3311 2780 3351; x_wconf 88' lang='lat' dir='ltr'><strong>nec</strong></span> <span class='ocrx_word' id='word_1_691' title='bbox 2811 3295 2871 3350; x_wconf 88' lang='lat' dir='ltr'><strong>in</strong></span> <span class='ocrx_word' id='word_1_692' title='bbox 2907 3297 2977 3352; x_wconf 87' lang='lat' dir='ltr'><strong>iis</strong></span> <span class='ocrx_word' id='word_1_693' title='bbox 3009 3297 3187 3353; x_wconf 86' lang='lat' dir='ltr'><strong>etiam</strong></span> <span class='ocrx_word' id='word_1_694' title='bbox 3223 3314 3350 3368; x_wconf 71' lang='lat' dir='ltr'><strong>qua:</strong></span> <span class='ocrx_word' id='word_1_695' title='bbox 3399 3305 3682 3354; x_wconf 90' lang='lat' dir='ltr'><strong>notantur</strong></span> 
     </span>
    </p>
   </div>
   <div class='ocr_carea' id='block_1_101' title="bbox 2022 3363 3682 3440">
    <p class='ocr_par' dir='ltr' id='par_1_101' title="bbox 2022 3363 3682 3440">
     <span class='ocr_line' id='line_1_107' title="bbox 2022 3363 3682 3440; baseline 0.004 -22"><span class='ocrx_word' id='word_1_696' title='bbox 2022 3363 2167 3440; x_wconf 84' lang='lat' dir='ltr'><strong>locis</strong></span> <span class='ocrx_word' id='word_1_697' title='bbox 2199 3381 2241 3440; x_wconf 90' lang='lat' dir='ltr'><strong>a_</strong></span> <span class='ocrx_word' id='word_1_698' title='bbox 2263 3382 2438 3440; x_wconf 92' lang='lat' dir='ltr'><strong>scopo</strong></span> <span class='ocrx_word' id='word_1_699' title='bbox 2471 3368 2702 3420; x_wconf 87' lang='lat' dir='ltr'><strong>aberrat</strong></span> <span class='ocrx_word' id='word_1_700' title='bbox 2731 3385 2861 3435; x_wconf 88' lang='lat' dir='ltr'><strong>suo,</strong></span> <span class='ocrx_word' id='word_1_701' title='bbox 2896 3386 3084 3440; x_wconf 91' lang='lat' dir='ltr'><strong>neque</strong></span> <span class='ocrx_word' id='word_1_702' title='bbox 3114 3363 3272 3424; x_wconf 80' lang='lat' dir='ltr'><strong>extra</strong></span> <span class='ocrx_word' id='word_1_703' title='bbox 3313 3369 3598 3440; x_wconf 86' lang='lat' dir='ltr'><strong>propositi</strong></span> <span class='ocrx_word' id='word_1_704' title='bbox 3618 3371 3682 3425; x_wconf 85' lang='lat' dir='ltr'><strong>li-</strong></span> 
     </span>
    </p>
   </div>
   <div class='ocr_carea' id='block_1_102' title="bbox 2023 3436 3682 3514">
    <p class='ocr_par' dir='ltr' id='par_1_102' title="bbox 2023 3436 3682 3514">
     <span class='ocr_line' id='line_1_108' title="bbox 2023 3436 3682 3514; baseline 0.004 -24"><span class='ocrx_word' id='word_1_705' title='bbox 2023 3437 2198 3514; x_wconf 88' lang='lat' dir='ltr'><strong>mites</strong></span> <span class='ocrx_word' id='word_1_706' title='bbox 2231 3436 2464 3507; x_wconf 89' lang='lat' dir='ltr'><strong>longius</strong></span> <span class='ocrx_word' id='word_1_707' title='bbox 2497 3440 2928 3514; x_wconf 82' lang='lat' dir='ltr'><strong>vagatur_._&#39;1‘_oto</strong></span> <span class='ocrx_word' id='word_1_708' title='bbox 2959 3436 3155 3496; x_wconf 78' lang='lat' dir='ltr'><strong>autem</strong></span> <span class='ocrx_word' id='word_1_709' title='bbox 3189 3442 3248 3495; x_wconf 92' lang='lat' dir='ltr'><strong>in</strong></span> <span class='ocrx_word' id='word_1_710' title='bbox 3284 3436 3458 3513; x_wconf 77' lang='lat' dir='ltr'><strong>opere</strong></span> <span class='ocrx_word' id='word_1_711' title='bbox 3500 3458 3682 3514; x_wconf 88' lang='lat' dir='ltr'><strong>argu-</strong></span> 
     </span>
    </p>
   </div>
   <div class='ocr_carea' id='block_1_103' title="bbox 2023 3510 3683 3584">
    <p class='ocr_par' dir='ltr' id='par_1_103' title="bbox 2023 3510 3683 3584">
     <span class='ocr_line' id='line_1_109' title="bbox 2023 3510 3683 3584; baseline 0.005 -23"><span class='ocrx_word' id='word_1_712' title='bbox 2023 3513 2288 3584; x_wconf 83' lang='lat' dir='ltr'><strong>mentum</strong></span> <span class='ocrx_word' id='word_1_713' title='bbox 2319 3526 2494 3584; x_wconf 85' lang='lat' dir='ltr'><strong>suum</strong></span> <span class='ocrx_word' id='word_1_714' title='bbox 2522 3527 2636 3579; x_wconf 82' lang='lat' dir='ltr'><strong>non</strong></span> <span class='ocrx_word' id='word_1_715' title='bbox 2660 3510 2871 3566; x_wconf 88' lang='lat' dir='ltr'><strong>validis</strong></span> <span class='ocrx_word' id='word_1_716' title='bbox 2925 3515 3220 3584; x_wconf 90' lang='lat' dir='ltr'><strong>certisque</strong></span> <span class='ocrx_word' id='word_1_717' title='bbox 3268 3510 3683 3570; x_wconf 72' lang='lat' dir='ltr'><strong>tantummodo</strong></span> 
     </span>
    </p>
   </div>
   <div class='ocr_carea' id='block_1_104' title="bbox 2023 3581 3683 3656">
    <p class='ocr_par' dir='ltr' id='par_1_104' title="bbox 2023 3581 3683 3656">
     <span class='ocr_line' id='line_1_110' title="bbox 2023 3581 3683 3656; baseline 0.005 -23"><span class='ocrx_word' id='word_1_718' title='bbox 2023 3581 2230 3656; x_wconf 84' lang='lat' dir='ltr'><strong>probat</strong></span> <span class='ocrx_word' id='word_1_719' title='bbox 2274 3581 2778 3656; x_wconf 80' lang='lat' dir='ltr'><strong>rationibuszsed</strong></span> <span class='ocrx_word' id='word_1_720' title='bbox 2845 3585 3035 3656; x_wconf 86' lang='lat' dir='ltr'><strong>varios</strong></span> <span class='ocrx_word' id='word_1_721' title='bbox 3081 3581 3324 3656; x_wconf 10' lang='lat' dir='ltr'><strong>quoque?</strong></span> <span class='ocrx_word' id='word_1_722' title='bbox 3362 3585 3683 3641; x_wconf 84' lang='lat' dir='ltr'><strong>identidem</strong></span> 
     </span>
    </p>
   </div>
   <div class='ocr_carea' id='block_1_105' title="bbox 2022 3652 3683 3739">
    <p class='ocr_par' dir='ltr' id='par_1_105' title="bbox 2022 3652 3683 3739">
     <span class='ocr_line' id='line_1_111' title="bbox 2022 3652 3683 3739; baseline 0.005 -35"><span class='ocrx_word' id='word_1_723' title='bbox 2022 3652 2622 3739; x_wconf 41' lang='lat' dir='ltr'><strong>spargit&#39;elo-quentize</strong></span> <span class='ocrx_word' id='word_1_724' title='bbox 2641 3654 2958 3739; x_wconf 40' lang='lat' dir='ltr'><strong>‘flo‘sculos‘,</strong></span> <span class='ocrx_word' id='word_1_725' title='bbox 2991 3652 3464 3739; x_wconf 62' lang='lat' dir='ltr'><strong>quibusanimos</strong></span> <span class='ocrx_word' id='word_1_726' title='bbox 3486 3656 3683 3739; x_wconf 79' lang='lat' dir='ltr'><strong>legen-</strong></span> 
     </span>
    </p>
   </div>
   <div class='ocr_carea' id='block_1_106' title="bbox 2021 3723 3688 3798">
    <p class='ocr_par' dir='ltr' id='par_1_106' title="bbox 2021 3723 3688 3798">
     <span class='ocr_line' id='line_1_112' title="bbox 2021 3723 3688 3798; baseline 0.005 -21"><span class='ocrx_word' id='word_1_727' title='bbox 2021 3723 2104 3777; x_wconf 90' lang='lat' dir='ltr'><strong>tiu</strong></span> <span class='ocrx_word' id='word_1_728' title='bbox 2117 3723 2186 3777; x_wconf 49' lang='lat' dir='ltr'><strong>m&#39;</strong></span> <span class='ocrx_word' id='word_1_729' title='bbox 2207 3723 2410 3798; x_wconf 78' lang='lat' dir='ltr'><strong>allicit,</strong></span> <span class='ocrx_word' id='word_1_730' title='bbox 2436 3730 2660 3780; x_wconf 77' lang='lat' dir='ltr'><strong>recreat</strong></span> <span class='ocrx_word' id='word_1_731' title='bbox 2682 3723 3060 3782; x_wconf 76' lang='lat' dir='ltr'><strong>etdemulcet.</strong></span> <span class='ocrx_word' id='word_1_732' title='bbox 3089 3732 3287 3798; x_wconf 86' lang='lat' dir='ltr'><strong>Neque</strong></span> <span class='ocrx_word' id='word_1_733' title='bbox 3310 3734 3463 3784; x_wconf 87' lang='lat' dir='ltr'><strong>certe</strong></span> <span class='ocrx_word' id='word_1_734' title='bbox 3489 3723 3688 3786; x_wconf 74' lang='lat' dir='ltr'><strong>minus</strong></span> 
     </span>
    </p>
   </div>
   <div class='ocr_carea' id='block_1_107' title="bbox 2020 3795 3686 3920">
    <p class='ocr_par' dir='ltr' id='par_1_107' title="bbox 2020 3795 3686 3920">
     <span class='ocr_line' id='line_1_113' title="bbox 2020 3795 3686 3920; baseline 0.005 -72"><span class='ocrx_word' id='word_1_735' title='bbox 2020 3801 2185 3920; x_wconf 65' lang='lat' dir='ltr'><strong>grata</strong></span> <span class='ocrx_word' id='word_1_736' title='bbox 2216 3795 2288 3850; x_wconf 90' lang='lat' dir='ltr'><strong>iis</strong></span> <span class='ocrx_word' id='word_1_737' title='bbox 2321 3813 2448 3852; x_wconf 85' lang='lat' dir='ltr'><strong>esse</strong></span> <span class='ocrx_word' id='word_1_738' title='bbox 2469 3798 2642 3853; x_wconf 91' lang='lat' dir='ltr'><strong>debet</strong></span> <span class='ocrx_word' id='word_1_739' title='bbox 2672 3814 2910 3854; x_wconf 88' lang='lat' dir='ltr'><strong>summa</strong></span> <span class='ocrx_word' id='word_1_740' title='bbox 2946 3795 3307 3870; x_wconf 81' lang='lat' dir='ltr'><strong>minimeque</strong></span> <span class='ocrx_word' id='word_1_741' title='bbox 3330 3800 3589 3872; x_wconf 89' lang='lat' dir='ltr'><strong>vulgaris</strong></span> <span class='ocrx_word' id='word_1_742' title='bbox 3625 3802 3686 3856; x_wconf 92' lang='lat' dir='ltr'><strong>il-</strong></span> 
     </span>
     <span class='ocr_line' id='line_1_114' title="bbox 2043 3867 3686 3920; baseline 0 0"><span class='ocrx_word' id='word_1_743' title='bbox 2043 3867 2137 3920; x_wconf 91' lang='lat' dir='ltr'><strong>ius</strong></span> <span class='ocrx_word' id='word_1_744' title='bbox 2167 3869 2440 3920; x_wconf 80' lang='lat' dir='ltr'><strong>eruditio.</strong></span> <span class='ocrx_word' id='word_1_745' title='bbox 2465 3886 2582 3920; x_wconf 81' lang='lat' dir='ltr'><strong>(ma</strong></span> <span class='ocrx_word' id='word_1_746' title='bbox 2632 3869 2838 3920; x_wconf 78' lang='lat' dir='ltr'><strong>olentis</strong></span> <span class='ocrx_word' id='word_1_747' title='bbox 2883 3878 2973 3920; x_wconf 63' lang='lat' dir='ltr'><strong>est.</strong></span> <span class='ocrx_word' id='word_1_748' title='bbox 3004 3872 3095 3920; x_wconf 80' lang='lat' dir='ltr'><strong>hic</strong></span> <span class='ocrx_word' id='word_1_749' title='bbox 3139 3871 3306 3920; x_wconf 82' lang='lat' dir='ltr'><strong>liber-</strong></span> <span class='ocrx_word' id='word_1_750' title='bbox 3341 3880 3399 3920; x_wconf 81' lang='lat' dir='ltr'><strong>et.</strong></span> <span class='ocrx_word' id='word_1_751' title='bbox 3423 3874 3686 3920; x_wconf 80' lang='lat' dir='ltr'><strong>undimm</strong></span> 
     </span>
    </p>
   </div>
   <div class='ocr_carea' id='block_1_108' title="bbox 2043 3867 3687 3944">
    <p class='ocr_par' dir='ltr' id='par_1_108' title="bbox 2043 3867 3687 3944">
     <span class='ocr_line' id='line_1_115' title="bbox 2043 3867 3687 3944; baseline 0.004 -23"><span class='ocrx_word' id='word_1_752' title='bbox 2043 3867 2137 3944; x_wconf 82' lang='lat' dir='ltr'><strong>ius</strong></span> <span class='ocrx_word' id='word_1_753' title='bbox 2167 3869 2440 3944; x_wconf 77' lang='lat' dir='ltr'><strong>eruditio.</strong></span> <span class='ocrx_word' id='word_1_754' title='bbox 2465 3886 2582 3944; x_wconf 80' lang='lat' dir='ltr'><strong>qua</strong></span> <span class='ocrx_word' id='word_1_755' title='bbox 2631 3869 2838 3940; x_wconf 90' lang='lat' dir='ltr'><strong>plenus</strong></span> <span class='ocrx_word' id='word_1_756' title='bbox 2883 3878 2973 3927; x_wconf 68' lang='lat' dir='ltr'><strong>est</strong></span> <span class='ocrx_word' id='word_1_757' title='bbox 3004 3872 3095 3927; x_wconf 90' lang='lat' dir='ltr'><strong>hic</strong></span> <span class='ocrx_word' id='word_1_758' title='bbox 3138 3867 3307 3938; x_wconf 44' lang='lat' dir='ltr'><strong>lib—er,</strong></span> <span class='ocrx_word' id='word_1_759' title='bbox 3341 3880 3399 3944; x_wconf 81' lang='lat' dir='ltr'><strong>et</strong></span> <span class='ocrx_word' id='word_1_760' title='bbox 3423 3867 3687 3944; x_wconf 70' lang='lat' dir='ltr'><strong>undique</strong></span> 
     </span>
    </p>
   </div>
   <div class='ocr_carea' id='block_1_109' title="bbox 2021 3940 3686 4016">
    <p class='ocr_par' dir='ltr' id='par_1_109' title="bbox 2021 3940 3686 4016">
     <span class='ocr_line' id='line_1_116' title="bbox 2021 3940 3686 4016; baseline 0.004 -24"><span class='ocrx_word' id='word_1_761' title='bbox 2021 3940 2460 4016; x_wconf 84' lang='lat' dir='ltr'><strong>refertissimus.</strong></span> <span class='ocrx_word' id='word_1_762' title='bbox 2493 3940 2655 4016; x_wconf 78' lang='lat' dir='ltr'><strong>Hanc</strong></span> <span class='ocrx_word' id='word_1_763' title='bbox 2679 3948 2878 3999; x_wconf 87' lang='lat' dir='ltr'><strong>autem</strong></span> <span class='ocrx_word' id='word_1_764' title='bbox 2901 3960 3064 4016; x_wconf 76' lang='lat' dir='ltr'><strong>_cum_</strong></span> <span class='ocrx_word' id='word_1_765' title='bbox 3116 3944 3256 4016; x_wconf 84' lang='lat' dir='ltr'><strong>styli</strong></span> <span class='ocrx_word' id='word_1_766' title='bbox 3307 3940 3686 4016; x_wconf 78' lang='lat' dir='ltr'><strong>elegantiam,</strong></span> 
     </span>
    </p>
   </div>
   <div class='ocr_carea' id='block_1_110' title="bbox 2020 4012 3686 4086">
    <p class='ocr_par' dir='ltr' id='par_1_110' title="bbox 2020 4012 3686 4086">
     <span class='ocr_line' id='line_1_117' title="bbox 2020 4012 3686 4086; baseline 0.005 -22"><span class='ocrx_word' id='word_1_767' title='bbox 2020 4014 2147 4086; x_wconf 86' lang='lat' dir='ltr'><strong>tum</strong></span> <span class='ocrx_word' id='word_1_768' title='bbox 2180 4012 2372 4082; x_wconf 88' lang='lat' dir='ltr'><strong>operis</strong></span> <span class='ocrx_word' id='word_1_769' title='bbox 2437 4013 2829 4086; x_wconf 82' lang='lat' dir='ltr'><strong>eruditionem</strong></span> <span class='ocrx_word' id='word_1_770' title='bbox 2900 4012 3195 4080; x_wconf 46' lang='lat' dir='ltr'><strong>Photiusf</strong></span> <span class='ocrx_word' id='word_1_771' title='bbox 3225 4012 3534 4086; x_wconf 76' lang='lat' dir='ltr'><strong>utriusque</strong></span> <span class='ocrx_word' id='word_1_772' title='bbox 3581 4033 3686 4072; x_wconf 86' lang='lat' dir='ltr'><strong>nec</strong></span> 
     </span>
    </p>
   </div>
   <div class='ocr_carea' id='block_1_111' title="bbox 2019 4081 3686 4189">
    <p class='ocr_par' dir='ltr' id='par_1_111' title="bbox 2019 4081 3686 4189">
     <span class='ocr_line' id='line_1_118' title="bbox 2019 4081 3686 4189; baseline 0.005 -54"><span class='ocrx_word' id='word_1_773' title='bbox 2019 4081 2284 4189; x_wconf 50' lang='lat' dir='ltr'><strong>iniqcuus,</strong></span> <span class='ocrx_word' id='word_1_774' title='bbox 2336 4099 2438 4139; x_wconf 91' lang='lat' dir='ltr'><strong>nec</strong></span> <span class='ocrx_word' id='word_1_775' title='bbox 2488 4085 2796 4157; x_wconf 84' lang='lat' dir='ltr'><strong>imperitus</strong></span> <span class='ocrx_word' id='word_1_776' title='bbox 2853 4086 3198 4152; x_wconf 69' lang='lat' dir='ltr'><strong>aestimator,</strong></span> <span class='ocrx_word' id='word_1_777' title='bbox 3240 4086 3388 4142; x_wconf 88' lang='lat' dir='ltr'><strong>scite</strong></span> <span class='ocrx_word' id='word_1_778' title='bbox 3435 4081 3686 4143; x_wconf 78' lang='lat' dir='ltr'><strong>adnota-</strong></span> 
     </span>
    </p>
   </div>
   <div class='ocr_carea' id='block_1_112' title="bbox 2019 4156 2203 4207">
    <p class='ocr_par' dir='ltr' id='par_1_112' title="bbox 2019 4156 2203 4207">
     <span class='ocr_line' id='line_1_119' title="bbox 2019 4156 2203 4207; baseline -0.022 -17"><span class='ocrx_word' id='word_1_779' title='bbox 2134 4156 2203 4189; x_wconf 76' lang='grc'><strong>61.</strong></span> 
     </span>
    </p>
   </div>
   <div class='ocr_carea' id='block_1_113' title="bbox 2097 4243 3688 4314">
    <p class='ocr_par' dir='ltr' id='par_1_113' title="bbox 2097 4243 3688 4314">
     <span class='ocr_line' id='line_1_120' title="bbox 2097 4243 3688 4314; baseline 0.003 -17"><span class='ocrx_word' id='word_1_780' title='bbox 2097 4243 2250 4297; x_wconf 91' lang='lat' dir='ltr'><strong>Duos</strong></span> <span class='ocrx_word' id='word_1_781' title='bbox 2275 4259 2444 4314; x_wconf 90' lang='lat' dir='ltr'><strong>porro</strong></span> <span class='ocrx_word' id='word_1_782' title='bbox 2478 4243 2724 4310; x_wconf 88' lang='lat' dir='ltr'><strong>huiusce</strong></span> <span class='ocrx_word' id='word_1_783' title='bbox 2758 4244 2952 4314; x_wconf 89' lang='lat' dir='ltr'><strong>operis</strong></span> <span class='ocrx_word' id='word_1_784' title='bbox 2983 4245 3214 4299; x_wconf 69' lang='lat' dir='ltr'><strong>Graecos</strong></span> <span class='ocrx_word' id='word_1_785' title='bbox 3239 4244 3465 4300; x_wconf 89' lang='lat' dir='ltr'><strong>codices</strong></span> <span class='ocrx_word' id='word_1_786' title='bbox 3483 4262 3688 4301; x_wconf 83' lang='lat' dir='ltr'><strong>manu-</strong></span> 
     </span>
    </p>
   </div>
   <div class='ocr_carea' id='block_1_114' title="bbox 2021 4314 3685 4386">
    <p class='ocr_par' dir='ltr' id='par_1_114' title="bbox 2021 4314 3685 4386">
     <span class='ocr_line' id='line_1_121' title="bbox 2021 4314 3685 4386; baseline 0.003 -17"><span class='ocrx_word' id='word_1_787' title='bbox 2021 4314 2273 4383; x_wconf 89' lang='lat' dir='ltr'><strong>scriptos</strong></span> <span class='ocrx_word' id='word_1_788' title='bbox 2307 4315 2458 4368; x_wconf 90' lang='lat' dir='ltr'><strong>nacti</strong></span> <span class='ocrx_word' id='word_1_789' title='bbox 2493 4332 2722 4371; x_wconf 91' lang='lat' dir='ltr'><strong>sumus.</strong></span> <span class='ocrx_word' id='word_1_790' title='bbox 2759 4317 2924 4370; x_wconf 92' lang='lat' dir='ltr'><strong>Prior</strong></span> <span class='ocrx_word' id='word_1_791' title='bbox 2954 4323 3043 4370; x_wconf 89' lang='lat' dir='ltr'><strong>est</strong></span> <span class='ocrx_word' id='word_1_792' title='bbox 3072 4316 3262 4386; x_wconf 70' lang='lat' dir='ltr'><strong>Regiis</strong></span> <span class='ocrx_word' id='word_1_793' title='bbox 3314 4317 3685 4373; x_wconf 68' lang='lat' dir='ltr'><strong>bibliotheca</strong></span> 
     </span>
    </p>
   </div>
   <div class='ocr_carea' id='block_1_115' title="bbox 2021 4387 3688 4457">
    <p class='ocr_par' dir='ltr' id='par_1_115' title="bbox 2021 4387 3688 4457">
     <span class='ocr_line' id='line_1_122' title="bbox 2021 4387 3688 4457; baseline 0.004 -17"><span class='ocrx_word' id='word_1_794' title='bbox 2021 4387 2450 4457; x_wconf 75' lang='lat' dir='ltr'><strong>etvenerandae</strong></span> <span class='ocrx_word' id='word_1_795' title='bbox 2479 4387 2848 4457; x_wconf 89' lang='lat' dir='ltr'><strong>antiquitatis</strong></span> <span class='ocrx_word' id='word_1_796' title='bbox 2873 4387 3038 4453; x_wconf 92' lang='lat' dir='ltr'><strong>liber,</strong></span> <span class='ocrx_word' id='word_1_797' title='bbox 3068 4388 3126 4442; x_wconf 89' lang='lat' dir='ltr'><strong>in</strong></span> <span class='ocrx_word' id='word_1_798' title='bbox 3149 4405 3266 4453; x_wconf 89' lang='lat' dir='ltr'><strong>quo</strong></span> <span class='ocrx_word' id='word_1_799' title='bbox 3290 4389 3559 4454; x_wconf 72' lang='lat' dir='ltr'><strong>quaedam</strong></span> <span class='ocrx_word' id='word_1_800' title='bbox 3579 4389 3688 4446; x_wconf 88' lang='lat' dir='ltr'><strong>Ju-</strong></span> 
     </span>
    </p>
   </div>
   <div class='ocr_carea' id='block_1_116' title="bbox 2023 4456 3687 4532">
    <p class='ocr_par' dir='ltr' id='par_1_116' title="bbox 2023 4456 3687 4532">
     <span class='ocr_line' id='line_1_123' title="bbox 2023 4456 3687 4532; baseline 0.004 -22"><span class='ocrx_word' id='word_1_801' title='bbox 2023 4456 2485 4532; x_wconf 63' lang='lat' dir='ltr'><strong>stinitliartyris,</strong></span> <span class='ocrx_word' id='word_1_802' title='bbox 2521 4456 2925 4532; x_wconf 70' lang='lat' dir='ltr'><strong>Athenagorae,</strong></span> <span class='ocrx_word' id='word_1_803' title='bbox 2977 4459 3354 4532; x_wconf 86' lang='lat' dir='ltr'><strong>aliorumque</strong></span> <span class='ocrx_word' id='word_1_804' title='bbox 3399 4477 3687 4531; x_wconf 86' lang='lat' dir='ltr'><strong>quorum-</strong></span> 
     </span>
    </p>
   </div>
   <div class='ocr_carea' id='block_1_117' title="bbox 2022 4528 3685 4598">
    <p class='ocr_par' dir='ltr' id='par_1_117' title="bbox 2022 4528 3685 4598">
     <span class='ocr_line' id='line_1_124' title="bbox 2022 4528 3685 4598; baseline 0.005 -18"><span class='ocrx_word' id='word_1_805' title='bbox 2022 4529 2154 4583; x_wconf 83' lang='lat' dir='ltr'><strong>dam</strong></span> <span class='ocrx_word' id='word_1_806' title='bbox 2181 4528 2442 4590; x_wconf 80' lang='lat' dir='ltr'><strong>Patrum,</strong></span> <span class='ocrx_word' id='word_1_807' title='bbox 2477 4547 2630 4585; x_wconf 88' lang='lat' dir='ltr'><strong>anno</strong></span> <span class='ocrx_word' id='word_1_808' title='bbox 2662 4528 2903 4590; x_wconf 74' lang='lat' dir='ltr'><strong>Christi.</strong></span> <span class='ocrx_word' id='word_1_809' title='bbox 2937 4531 3022 4584; x_wconf 88' lang='lat' dir='ltr'><strong>uti</strong></span> <span class='ocrx_word' id='word_1_810' title='bbox 3051 4531 3191 4586; x_wconf 86' lang='lat' dir='ltr'><strong>alibi</strong></span> <span class='ocrx_word' id='word_1_811' title='bbox 3243 4528 3524 4598; x_wconf 77' lang='lat' dir='ltr'><strong>diximus,</strong></span> <span class='ocrx_word' id='word_1_812' title='bbox 3554 4534 3685 4594; x_wconf 76' lang='grc'><strong>914,</strong></span> 
     </span>
    </p>
   </div>
   <div class='ocr_carea' id='block_1_118' title="bbox 252 4590 3687 4675">
    <p class='ocr_par' dir='ltr' id='par_1_118' title="bbox 252 4590 3687 4675">
     <span class='ocr_line' id='line_1_125' title="bbox 252 4590 3687 4675; baseline -0.001 -11"><span class='ocrx_word' id='word_1_813' title='bbox 492 4590 612 4663; x_wconf 6' lang='lat' dir='ltr'><strong>nilo</strong></span> <span class='ocrx_word' id='word_1_814' title='bbox 655 4590 782 4662; x_wconf 41' lang='lat' dir='ltr'><strong>.flne</strong></span> <span class='ocrx_word' id='word_1_815' title='bbox 811 4590 1006 4662; x_wconf 80' lang='lat' dir='ltr'><strong>alitem</strong></span> <span class='ocrx_word' id='word_1_816' title='bbox 1041 4590 1442 4675; x_wconf 86' lang='lat' dir='ltr'><strong>antiquissimi</strong></span> <span class='ocrx_word' id='word_1_817' title='bbox 1477 4603 1696 4657; x_wconf 89' lang='lat' dir='ltr'><strong>codicis</strong></span> <span class='ocrx_word' id='word_1_818' title='bbox 1727 4602 1911 4667; x_wconf 74' lang='lat' dir='ltr'><strong>Regii,</strong></span> <span class='ocrx_word' id='word_1_819' title='bbox 1947 4590 1990 4654; x_wconf 87' lang='lat' dir='ltr'><strong>D</strong></span> <span class='ocrx_word' id='word_1_820' title='bbox 2023 4601 2321 4675; x_wconf 66' lang='lat' dir='ltr'><strong>descripta</strong></span> <span class='ocrx_word' id='word_1_821' title='bbox 2361 4607 2497 4675; x_wconf 88' lang='lat' dir='ltr'><strong>sunt</strong></span> <span class='ocrx_word' id='word_1_822' title='bbox 2532 4603 2599 4675; x_wconf 57' lang='lat'><strong>5?.</strong></span> <span class='ocrx_word' id='word_1_823' title='bbox 2665 4602 3050 4658; x_wconf 83' lang='lat' dir='ltr'><strong>Posteriorem</strong></span> <span class='ocrx_word' id='word_1_824' title='bbox 3121 4620 3255 4659; x_wconf 90' lang='lat' dir='ltr'><strong>vero</strong></span> <span class='ocrx_word' id='word_1_825' title='bbox 3301 4619 3370 4658; x_wconf 83' lang='lat' dir='ltr'><strong>ex</strong></span> <span class='ocrx_word' id='word_1_826' title='bbox 3432 4590 3687 4661; x_wconf 67' lang='lat' dir='ltr'><strong>Parisini</strong></span> 
     </span>
    </p>
   </div>
   <div class='ocr_carea' id='block_1_119' title="bbox 251 4675 1914 4756">
    <p class='ocr_par' dir='ltr' id='par_1_119' title="bbox 251 4675 1914 4756">
     <span class='ocr_line' id='line_1_126' title="bbox 251 4675 1914 4756; baseline -0.006 -18"><span class='ocrx_word' id='word_1_827' title='bbox 251 4683 352 4738; x_wconf 87' lang='lat' dir='ltr'><strong>hic</strong></span> <span class='ocrx_word' id='word_1_828' title='bbox 379 4683 618 4756; x_wconf 84' lang='lat' dir='ltr'><strong>quidem</strong></span> <span class='ocrx_word' id='word_1_829' title='bbox 652 4678 863 4756; x_wconf 82' lang='lat' dir='ltr'><strong>titulus</strong></span> <span class='ocrx_word' id='word_1_830' title='bbox 891 4680 1096 4756; x_wconf 81' lang='lat' dir='ltr'><strong>eodem</strong></span> <span class='ocrx_word' id='word_1_831' title='bbox 1135 4678 1364 4756; x_wconf 56' lang='lat' dir='ltr'><strong>tegitur</strong></span> <span class='ocrx_word' id='word_1_832' title='bbox 1409 4676 1616 4756; x_wconf 86' lang='lat' dir='ltr'><strong>modo:</strong></span> <span class='ocrx_word' id='word_1_833' title='bbox 1668 4675 1768 4729; x_wconf 91' lang='lat' dir='ltr'><strong>sed</strong></span> <span class='ocrx_word' id='word_1_834' title='bbox 1822 4691 1914 4756; x_wconf 85' lang='lat' dir='ltr'><strong>re-</strong></span> 
     </span>
    </p>
   </div>
   <div class='ocr_carea' id='block_1_120' title="bbox 251 4747 1914 4818">
    <p class='ocr_par' dir='ltr' id='par_1_120' title="bbox 251 4747 1914 4818">
     <span class='ocr_line' id='line_1_127' title="bbox 251 4747 1914 4818; baseline -0.008 -6"><span class='ocrx_word' id='word_1_835' title='bbox 251 4747 601 4812; x_wconf 82' lang='lat' dir='ltr'><strong>centissima</strong></span> <span class='ocrx_word' id='word_1_836' title='bbox 632 4767 810 4806; x_wconf 88' lang='lat' dir='ltr'><strong>manu</strong></span> <span class='ocrx_word' id='word_1_837' title='bbox 843 4749 904 4804; x_wconf 88' lang='lat' dir='ltr'><strong>in</strong></span> <span class='ocrx_word' id='word_1_838' title='bbox 935 4750 1110 4818; x_wconf 89' lang='lat' dir='ltr'><strong>hujus</strong></span> <span class='ocrx_word' id='word_1_839' title='bbox 1135 4747 1292 4811; x_wconf 85' lang='lat' dir='ltr'><strong>libri,</strong></span> <span class='ocrx_word' id='word_1_840' title='bbox 1318 4747 1473 4802; x_wconf 89' lang='lat' dir='ltr'><strong>sicut</strong></span> <span class='ocrx_word' id='word_1_841' title='bbox 1501 4752 1558 4800; x_wconf 90' lang='lat' dir='ltr'><strong>et</strong></span> <span class='ocrx_word' id='word_1_842' title='bbox 1591 4747 1914 4818; x_wconf 83' lang='lat' dir='ltr'><strong>manuscri-</strong></span> 
     </span>
    </p>
   </div>
   <div class='ocr_carea' id='block_1_121' title="bbox 254 4814 1912 4898">
    <p class='ocr_par' dir='ltr' id='par_1_121' title="bbox 254 4814 1912 4898">
     <span class='ocr_line' id='line_1_128' title="bbox 254 4814 1912 4898; baseline -0.007 -17"><span class='ocrx_word' id='word_1_843' title='bbox 254 4827 338 4898; x_wconf 91' lang='lat' dir='ltr'><strong>pti</strong></span> <span class='ocrx_word' id='word_1_844' title='bbox 371 4822 872 4883; x_wconf 86' lang='lat' dir='ltr'><strong>Claromontensis</strong></span> <span class='ocrx_word' id='word_1_845' title='bbox 899 4814 1093 4898; x_wconf 76' lang='lat' dir='ltr'><strong>capite</strong></span> <span class='ocrx_word' id='word_1_846' title='bbox 1126 4825 1256 4898; x_wconf 76' lang='lat' dir='ltr'><strong>post</strong></span> <span class='ocrx_word' id='word_1_847' title='bbox 1281 4822 1526 4898; x_wconf 75' lang='lat' dir='ltr'><strong>verbum</strong></span> <span class='ocrx_word' id='word_1_848' title='bbox 1567 4814 1912 4898; x_wconf 57' lang='grc' dir='ltr'><strong>Κλήμεντος,</strong></span> 
     </span>
    </p>
   </div>
   <div class='ocr_carea' id='block_1_122' title="bbox 255 4889 1914 4967">
    <p class='ocr_par' dir='ltr' id='par_1_122' title="bbox 255 4889 1914 4967">
     <span class='ocr_line' id='line_1_129' title="bbox 255 4889 1914 4967; baseline -0.011 -4"><span class='ocrx_word' id='word_1_849' title='bbox 255 4889 584 4967; x_wconf 54' lang='lat' dir='ltr'><strong>cognomen</strong></span> <span class='ocrx_word' id='word_1_850' title='bbox 647 4889 995 4967; x_wconf 66' lang='grc' dir='ltr'><strong>στρωματέωξ</strong></span> <span class='ocrx_word' id='word_1_851' title='bbox 1058 4889 1214 4967; x_wconf 80' lang='lat' dir='ltr'><strong>haud</strong></span> <span class='ocrx_word' id='word_1_852' title='bbox 1247 4889 1536 4967; x_wconf 32' lang='lat' dir='ltr'><strong>Adubieut</strong></span> <span class='ocrx_word' id='word_1_853' title='bbox 1591 4907 1656 4944; x_wconf 92' lang='lat' dir='ltr'><strong>eo</strong></span> <span class='ocrx_word' id='word_1_854' title='bbox 1710 4895 1914 4967; x_wconf 82' lang='lat' dir='ltr'><strong>auctor</strong></span> 
     </span>
    </p>
   </div>
   <div class='ocr_carea' id='block_1_123' title="bbox 253 4961 1914 5035">
    <p class='ocr_par' dir='ltr' id='par_1_123' title="bbox 253 4961 1914 5035">
     <span class='ocr_line' id='line_1_130' title="bbox 253 4961 1914 5035; baseline -0.008 -8"><span class='ocrx_word' id='word_1_855' title='bbox 253 4961 460 5027; x_wconf 78' lang='lat' dir='ltr'><strong>noster</strong></span> <span class='ocrx_word' id='word_1_856' title='bbox 488 4971 562 5024; x_wconf 91' lang='lat' dir='ltr'><strong>ab</strong></span> <span class='ocrx_word' id='word_1_857' title='bbox 593 4961 723 5021; x_wconf 80' lang='lat' dir='ltr'><strong>aliis</strong></span> <span class='ocrx_word' id='word_1_858' title='bbox 742 4961 1008 5035; x_wconf 83' lang='lat' dir='ltr'><strong>ejusdem</strong></span> <span class='ocrx_word' id='word_1_859' title='bbox 1041 4961 1296 5035; x_wconf 84' lang='lat' dir='ltr'><strong>nominis</strong></span> <span class='ocrx_word' id='word_1_860' title='bbox 1318 4963 1796 5035; x_wconf 70' lang='lat' dir='ltr'><strong>distingueretur,</strong></span> <span class='ocrx_word' id='word_1_861' title='bbox 1815 4962 1914 5015; x_wconf 85' lang='lat' dir='ltr'><strong>ad-</strong></span> 
     </span>
    </p>
   </div>
   <div class='ocr_carea' id='block_1_124' title="bbox 253 5033 1917 5097">
    <p class='ocr_par' dir='ltr' id='par_1_124' title="bbox 253 5033 1917 5097">
     <span class='ocr_line' id='line_1_131' title="bbox 253 5033 1917 5097; baseline -0.006 0"><span class='ocrx_word' id='word_1_862' title='bbox 253 5043 446 5097; x_wconf 89' lang='lat' dir='ltr'><strong>ditum</strong></span> <span class='ocrx_word' id='word_1_863' title='bbox 473 5047 588 5096; x_wconf 80' lang='lat' dir='ltr'><strong>.est.</strong></span> <span class='ocrx_word' id='word_1_864' title='bbox 618 5033 824 5094; x_wconf 88' lang='lat' dir='ltr'><strong>Verum</strong></span> <span class='ocrx_word' id='word_1_865' title='bbox 861 5037 982 5092; x_wconf 63' lang='lat' dir='ltr'><strong>haec</strong></span> <span class='ocrx_word' id='word_1_866' title='bbox 1015 5033 1176 5089; x_wconf 90' lang='lat' dir='ltr'><strong>nulla</strong></span> <span class='ocrx_word' id='word_1_867' title='bbox 1205 5050 1346 5088; x_wconf 89' lang='lat' dir='ltr'><strong>sane</strong></span> <span class='ocrx_word' id='word_1_868' title='bbox 1376 5040 1522 5095; x_wconf 84' lang='lat' dir='ltr'><strong>erat.</strong></span> <span class='ocrx_word' id='word_1_869' title='bbox 1568 5041 1671 5088; x_wconf 91' lang='lat' dir='ltr'><strong>aut</strong></span> <span class='ocrx_word' id='word_1_870' title='bbox 1709 5033 1917 5088; x_wconf 89' lang='lat' dir='ltr'><strong>saltem</strong></span> 
     </span>
    </p>
   </div>
   <div class='ocr_carea' id='block_1_125' title="bbox 252 5105 1919 5180">
    <p class='ocr_par' dir='ltr' id='par_1_125' title="bbox 252 5105 1919 5180">
     <span class='ocr_line' id='line_1_132' title="bbox 252 5105 1919 5180; baseline -0.005 -12"><span class='ocrx_word' id='word_1_871' title='bbox 252 5111 824 5180; x_wconf 89' lang='lat' dir='ltr'><strong>levissimahujusce</strong></span> <span class='ocrx_word' id='word_1_872' title='bbox 843 5106 1228 5163; x_wconf 87' lang='lat' dir='ltr'><strong>additamenti</strong></span> <span class='ocrx_word' id='word_1_873' title='bbox 1254 5122 1452 5180; x_wconf 85' lang='lat' dir='ltr'><strong>causa.</strong></span> <span class='ocrx_word' id='word_1_874' title='bbox 1478 5105 1694 5180; x_wconf 81' lang='lat' dir='ltr'><strong>Contra</strong></span> <span class='ocrx_word' id='word_1_875' title='bbox 1723 5111 1919 5180; x_wconf 82' lang='lat' dir='ltr'><strong>autem</strong></span> 
     </span>
    </p>
   </div>
   <div class='ocr_carea' id='block_1_126' title="bbox 252 5175 1918 5258">
    <p class='ocr_par' dir='ltr' id='par_1_126' title="bbox 252 5175 1918 5258">
     <span class='ocr_line' id='line_1_133' title="bbox 252 5175 1918 5258; baseline -0.006 -18"><span class='ocrx_word' id='word_1_876' title='bbox 252 5175 673 5258; x_wconf 35' lang='lat' dir='ltr'><strong>Hieronymus&quot;</strong></span> <span class='ocrx_word' id='word_1_877' title='bbox 701 5182 746 5217; x_wconf 77' lang='grc' dir='ltr'><strong>⁵ο</strong></span> <span class='ocrx_word' id='word_1_878' title='bbox 794 5175 1412 5258; x_wconf 49' lang='grc' dir='ltr'><strong>νΘΓῷΟ-προτρεπτικός</strong></span> <span class='ocrx_word' id='word_1_879' title='bbox 1477 5177 1719 5240; x_wconf 87' lang='lat' dir='ltr'><strong>omisso,</strong></span> <span class='ocrx_word' id='word_1_880' title='bbox 1745 5178 1918 5258; x_wconf 78' lang='lat' dir='ltr'><strong>hanc</strong></span> 
     </span>
    </p>
   </div>
   <div class='ocr_carea' id='block_1_127' title="bbox 251 5250 1912 5323">
    <p class='ocr_par' dir='ltr' id='par_1_127' title="bbox 251 5250 1912 5323">
     <span class='ocr_line' id='line_1_134' title="bbox 251 5250 1912 5323; baseline -0.007 -11"><span class='ocrx_word' id='word_1_881' title='bbox 251 5250 722 5312; x_wconf 70' lang='lat' dir='ltr'><strong>lucubrationem</strong></span> <span class='ocrx_word' id='word_1_882' title='bbox 740 5250 1263 5323; x_wconf 84' lang='lat' dir='ltr'><strong>simplicitervocat</strong></span> <span class='ocrx_word' id='word_1_883' title='bbox 1278 5251 1603 5323; x_wconf 78' lang='lat' dir='ltr'><strong>«adversus</strong></span> <span class='ocrx_word' id='word_1_884' title='bbox 1627 5253 1860 5323; x_wconf 79' lang='lat' dir='ltr'><strong>gentes:</strong></span> <span class='ocrx_word' id='word_1_885' title='bbox 1888 5270 1912 5294; x_wconf 77' lang='grc' dir='ltr'>η</span> 
     </span>
    </p>
   </div>
   <div class='ocr_carea' id='block_1_128' title="bbox 252 5321 1912 5395">
    <p class='ocr_par' dir='ltr' id='par_1_128' title="bbox 252 5321 1912 5395">
     <span class='ocr_line' id='line_1_135' title="bbox 252 5321 1912 5395; baseline -0.005 -11"><span class='ocrx_word' id='word_1_886' title='bbox 252 5330 353 5384; x_wconf 86' lang='lat' dir='ltr'><strong>sed</strong></span> <span class='ocrx_word' id='word_1_887' title='bbox 385 5328 443 5384; x_wconf 89' lang='lat' dir='ltr'><strong>id</strong></span> <span class='ocrx_word' id='word_1_888' title='bbox 475 5325 670 5395; x_wconf 89' lang='lat' dir='ltr'><strong>procul</strong></span> <span class='ocrx_word' id='word_1_889' title='bbox 704 5321 882 5380; x_wconf 87' lang='lat' dir='ltr'><strong>dubio</strong></span> <span class='ocrx_word' id='word_1_890' title='bbox 912 5325 984 5379; x_wconf 89' lang='lat' dir='ltr'><strong>ab</strong></span> <span class='ocrx_word' id='word_1_891' title='bbox 1007 5323 1136 5392; x_wconf 92' lang='lat' dir='ltr'><strong>ipso</strong></span> <span class='ocrx_word' id='word_1_892' title='bbox 1159 5321 1459 5395; x_wconf 74' lang='lat' dir='ltr'><strong>brevitatis</strong></span> <span class='ocrx_word' id='word_1_893' title='bbox 1481 5337 1671 5395; x_wconf 78' lang='lat' dir='ltr'><strong>causa</strong></span> <span class='ocrx_word' id='word_1_894' title='bbox 1693 5321 1912 5375; x_wconf 89' lang='lat' dir='ltr'><strong>factum</strong></span> 
     </span>
    </p>
   </div>
   <div class='ocr_carea' id='block_1_129' title="bbox 250 5393 1914 5464">
    <p class='ocr_par' dir='ltr' id='par_1_129' title="bbox 250 5393 1914 5464">
     <span class='ocr_line' id='line_1_136' title="bbox 250 5393 1914 5464; baseline -0.006 -8"><span class='ocrx_word' id='word_1_895' title='bbox 250 5417 384 5457; x_wconf 87' lang='lat' dir='ltr'><strong>esse</strong></span> <span class='ocrx_word' id='word_1_896' title='bbox 409 5393 579 5455; x_wconf 87' lang='lat' dir='ltr'><strong>nemo</strong></span> <span class='ocrx_word' id='word_1_897' title='bbox 624 5415 739 5452; x_wconf 93' lang='lat' dir='ltr'><strong>non</strong></span> <span class='ocrx_word' id='word_1_898' title='bbox 785 5398 956 5450; x_wconf 90' lang='lat' dir='ltr'><strong>videt.</strong></span> <span class='ocrx_word' id='word_1_899' title='bbox 1027 5395 1174 5450; x_wconf 91' lang='lat' dir='ltr'><strong>Nam</strong></span> <span class='ocrx_word' id='word_1_900' title='bbox 1218 5393 1313 5448; x_wconf 87' lang='lat' dir='ltr'><strong>hic</strong></span> <span class='ocrx_word' id='word_1_901' title='bbox 1349 5393 1498 5448; x_wconf 90' lang='lat' dir='ltr'><strong>liber</strong></span> <span class='ocrx_word' id='word_1_902' title='bbox 1539 5395 1611 5447; x_wconf 89' lang='lat' dir='ltr'><strong>ab</strong></span> <span class='ocrx_word' id='word_1_903' title='bbox 1659 5393 1914 5464; x_wconf 86' lang='lat' dir='ltr'><strong>ipsemet</strong></span> 
     </span>
    </p>
   </div>
   <div class='ocr_carea' id='block_1_130' title="bbox 249 5464 1911 5546">
    <p class='ocr_par' dir='ltr' id='par_1_130' title="bbox 249 5464 1911 5546">
     <span class='ocr_line' id='line_1_137' title="bbox 249 5464 1911 5546; baseline -0.006 -20"><span class='ocrx_word' id='word_1_904' title='bbox 249 5472 572 5546; x_wconf 81' lang='lat' dir='ltr'><strong>Clemente,</strong></span> <span class='ocrx_word' id='word_1_905' title='bbox 659 5479 776 5546; x_wconf 87' lang='lat' dir='ltr'><strong>ut__</strong></span> <span class='ocrx_word' id='word_1_906' title='bbox 821 5467 1015 5546; x_wconf 37' lang='lat' dir='ltr'><strong>paulo‘</strong></span> <span class='ocrx_word' id='word_1_907' title='bbox 1079 5471 1237 5546; x_wconf 43' lang='lat' dir='ltr'><strong>ante.</strong></span> <span class='ocrx_word' id='word_1_908' title='bbox 1296 5465 1724 5546; x_wconf 52' lang='lat' dir='ltr'><strong>dicebamus,&quot;</strong></span> <span class='ocrx_word' id='word_1_909' title='bbox 1756 5464 1911 5546; x_wconf 40' lang='grc' dir='ltr'><strong>,11ρο-</strong></span> 
     </span>
    </p>
   </div>
   <div class='ocr_carea' id='block_1_131' title="bbox 248 5535 1909 5616">
    <p class='ocr_par' dir='ltr' id='par_1_131' title="bbox 248 5535 1909 5616">
     <span class='ocr_line' id='line_1_138' title="bbox 248 5535 1909 5616; baseline -0.004 -20"><span class='ocrx_word' id='word_1_910' title='bbox 248 5541 540 5616; x_wconf 82' lang='grc' dir='ltr'><strong>τρεπτικός</strong></span> <span class='ocrx_word' id='word_1_911' title='bbox 561 5535 950 5616; x_wconf 71' lang='lat' dir='ltr'><strong>appellatur.</strong></span> <span class='ocrx_word' id='word_1_912' title='bbox 981 5538 1141 5596; x_wconf 84' lang='lat' dir='ltr'><strong>Quod</strong></span> <span class='ocrx_word' id='word_1_913' title='bbox 1190 5537 1239 5590; x_wconf 88' lang='lat' dir='ltr'><strong>si</strong></span> <span class='ocrx_word' id='word_1_914' title='bbox 1265 5543 1347 5616; x_wconf 28' lang='lat' dir='ltr'><strong>‘et</strong></span> <span class='ocrx_word' id='word_1_915' title='bbox 1387 5537 1460 5616; x_wconf 75' lang='lat' dir='ltr'><strong>ab</strong></span> <span class='ocrx_word' id='word_1_916' title='bbox 1502 5537 1632 5608; x_wconf 84' lang='lat' dir='ltr'><strong>ipso</strong></span> <span class='ocrx_word' id='word_1_917' title='bbox 1688 5535 1909 5590; x_wconf 87' lang='lat' dir='ltr'><strong>ibidem</strong></span> 
     </span>
    </p>
   </div>
   <div class='ocr_carea' id='block_1_132' title="bbox 247 5607 1908 5684">
    <p class='ocr_par' dir='ltr' id='par_1_132' title="bbox 247 5607 1908 5684">
     <span class='ocr_line' id='line_1_139' title="bbox 247 5607 1908 5684; baseline -0.007 -11"><span class='ocrx_word' id='word_1_918' title='bbox 247 5607 428 5673; x_wconf 80' lang='lat' dir='ltr'><strong>verba</strong></span> <span class='ocrx_word' id='word_1_919' title='bbox 457 5638 485 5666; x_wconf 89' lang='grc'><strong>‹‹</strong></span> <span class='ocrx_word' id='word_1_920' title='bbox 512 5607 794 5673; x_wconf 75' lang='lat' dir='ltr'><strong>adversus</strong></span> <span class='ocrx_word' id='word_1_921' title='bbox 823 5615 1048 5684; x_wconf 88' lang='lat' dir='ltr'><strong>gentes,</strong></span> <span class='ocrx_word' id='word_1_922' title='bbox 1079 5631 1106 5658; x_wconf 84' lang='lat'>»</span> <span class='ocrx_word' id='word_1_923' title='bbox 1140 5607 1541 5680; x_wconf 66' lang='lat' dir='ltr'><strong>praetermissa</strong></span> <span class='ocrx_word' id='word_1_924' title='bbox 1551 5623 1681 5664; x_wconf 92' lang='lat' dir='ltr'><strong>esse</strong></span> <span class='ocrx_word' id='word_1_925' title='bbox 1703 5623 1908 5663; x_wconf 88' lang='lat' dir='ltr'><strong>cause-</strong></span> 
     </span>
    </p>
   </div>
   <div class='ocr_carea' id='block_1_133' title="bbox 325 5817 1909 5925">
    <p class='ocr_par' dir='ltr' id='par_1_133' title="bbox 325 5817 1909 5925">
     <span class='ocr_line' id='line_1_140' title="bbox 325 5817 1909 5925; baseline -0.008 -41"><span class='ocrx_word' id='word_1_926' title='bbox 325 5830 370 5865; x_wconf 71' lang='grc'><strong>⁵³</strong></span> <span class='ocrx_word' id='word_1_927' title='bbox 400 5827 570 5885; x_wconf 89' lang='lat' dir='ltr'><strong>Phot.</strong></span> <span class='ocrx_word' id='word_1_928' title='bbox 606 5823 753 5882; x_wconf 87' lang='lat' dir='ltr'><strong>Bibl.</strong></span> <span class='ocrx_word' id='word_1_929' title='bbox 788 5823 915 5878; x_wconf 89' lang='lat' dir='ltr'><strong>cod.</strong></span> <span class='ocrx_word' id='word_1_930' title='bbox 945 5823 1064 5877; x_wconf 93' lang='grc'><strong>110.</strong></span> <span class='ocrx_word' id='word_1_931' title='bbox 1099 5822 1140 5855; x_wconf 77' lang='grc'><strong>⁸⁷</strong></span> <span class='ocrx_word' id='word_1_932' title='bbox 1176 5835 1306 5925; x_wconf 72' lang='lat' dir='ltr'><strong>pag.</strong></span> <span class='ocrx_word' id='word_1_933' title='bbox 1342 5819 1412 5901; x_wconf 50' lang='lat'><strong>78</strong></span> <span class='ocrx_word' id='word_1_934' title='bbox 1444 5819 1488 5853; x_wconf 80' lang='grc'><strong>⁸⁸</strong></span> <span class='ocrx_word' id='word_1_935' title='bbox 1519 5819 1620 5874; x_wconf 90' lang='lat' dir='ltr'><strong>lib.</strong></span> <span class='ocrx_word' id='word_1_936' title='bbox 1654 5835 1688 5870; x_wconf 88' lang='grc' dir='ltr'><strong>ν</strong></span> <span class='ocrx_word' id='word_1_937' title='bbox 1712 5817 1909 5902; x_wconf 44' lang='lat' dir='ltr'><strong>.Bistor</strong></span> 
     </span>
     <span class='ocr_line' id='line_1_141' title="bbox 329 5890 1909 5925; baseline 0 0"><span class='ocrx_word' id='word_1_938' title='bbox 329 5917 410 5925; x_wconf 72' lang='grc'><strong>..-</strong></span> <span class='ocrx_word' id='word_1_939' title='bbox 472 5900 546 5925; x_wconf 69' lang='lat' dir='ltr'><strong>In.</strong></span> <span class='ocrx_word' id='word_1_940' title='bbox 605 5915 647 5925; x_wconf 83' lang='lat'><strong>-.</strong></span> <span class='ocrx_word' id='word_1_941' title='bbox 695 5913 798 5925; x_wconf 65' lang='grc' dir='ltr'><strong>η...-</strong></span> <span class='ocrx_word' id='word_1_942' title='bbox 854 5899 887 5925; x_wconf 82' lang='lat'><strong>0</strong></span> <span class='ocrx_word' id='word_1_943' title='bbox 943 5910 1054 5925; x_wconf 68' lang='grc' dir='ltr'><strong>ηηη</strong></span> <span class='ocrx_word' id='word_1_944' title='bbox 1108 5893 1167 5925; x_wconf 70' lang='grc' dir='ltr'><strong>ΑΙ</strong></span> <span class='ocrx_word' id='word_1_945' title='bbox 1274 5892 1295 5925; x_wconf 94' lang='grc'>0</span> <span class='ocrx_word' id='word_1_946' title='bbox 1341 5890 1423 5925; x_wconf 69' lang='grc' dir='ltr'><strong>ιιινι</strong></span> <span class='ocrx_word' id='word_1_947' title='bbox 1499 5893 1570 5925; x_wconf 67' lang='lat' dir='ltr'><strong>r‘n</strong></span> <span class='ocrx_word' id='word_1_948' title='bbox 1601 5891 1793 5925; x_wconf 70' lang='grc' dir='ltr'><strong>ςιιηηηιι</strong></span> <span class='ocrx_word' id='word_1_949' title='bbox 1867 5907 1909 5925; x_wconf 71' lang='grc' dir='ltr'><strong>οι</strong></span> 
     </span>
    </p>
   </div>
   <div class='ocr_carea' id='block_1_134' title="bbox 2025 5817 3497 5925">
    <p class='ocr_par' dir='ltr' id='par_1_134' title="bbox 2025 5817 3497 5925">
     <span class='ocr_line' id='line_1_142' title="bbox 2025 5817 3497 5891; baseline 0.002 -18"><span class='ocrx_word' id='word_1_950' title='bbox 2025 5834 2148 5891; x_wconf 86' lang='lat' dir='ltr'><strong>cap.</strong></span> <span class='ocrx_word' id='word_1_951' title='bbox 2210 5819 2380 5872; x_wconf 70' lang='lat'><strong>28.59</strong></span> <span class='ocrx_word' id='word_1_952' title='bbox 2439 5817 2543 5873; x_wconf 92' lang='lat' dir='ltr'><strong>lib.</strong></span> <span class='ocrx_word' id='word_1_953' title='bbox 2604 5817 2948 5882; x_wconf 77' lang='lat' dir='ltr'><strong>v1llistor.,</strong></span> <span class='ocrx_word' id='word_1_954' title='bbox 3009 5835 3139 5887; x_wconf 89' lang='lat' dir='ltr'><strong>cap.</strong></span> <span class='ocrx_word' id='word_1_955' title='bbox 3206 5819 3292 5884; x_wconf 90' lang='grc'><strong>13,</strong></span> <span class='ocrx_word' id='word_1_956' title='bbox 3353 5823 3410 5876; x_wconf 91' lang='lat' dir='ltr'><strong>et</strong></span> <span class='ocrx_word' id='word_1_957' title='bbox 3465 5820 3497 5876; x_wconf 88' lang='grc' dir='ltr'>Ε</span> 
     </span>
     <span class='ocr_line' id='line_1_143' title="bbox 2089 5888 3497 5925; baseline 0 0"><span class='ocrx_word' id='word_1_958' title='bbox 2089 5907 2117 5925; x_wconf 74' lang='grc' dir='ltr'>η</span> <span class='ocrx_word' id='word_1_959' title='bbox 2193 5891 2258 5925; x_wconf 66' lang='lat'><strong>1.9</strong></span> <span class='ocrx_word' id='word_1_960' title='bbox 2311 5889 2542 5925; x_wconf 66' lang='grc' dir='ltr'><strong>οιυιιηι</strong></span> <span class='ocrx_word' id='word_1_961' title='bbox 2618 5888 2744 5925; x_wconf 72' lang='lat' dir='ltr'><strong>nam</strong></span> <span class='ocrx_word' id='word_1_962' title='bbox 2845 5889 2950 5925; x_wconf 65' lang='lat' dir='ltr'><strong>ma</strong></span> <span class='ocrx_word' id='word_1_963' title='bbox 3028 5891 3223 5925; x_wconf 67' lang='lat' dir='ltr'><strong>una:</strong></span> <span class='ocrx_word' id='word_1_964' title='bbox 3267 5897 3376 5925; x_wconf 70' lang='grc' dir='ltr'><strong>,ιη-ι..</strong></span> <span class='ocrx_word' id='word_1_965' title='bbox 3460 5890 3497 5925; x_wconf 76' lang='lat'><strong>1:</strong></span> 
     </span>
    </p>
   </div>
   <div class='ocr_carea' id='block_1_135' title="bbox 1274 5888 3686 5964">
    <p class='ocr_par' dir='ltr' id='par_1_135' title="bbox 1274 5888 3686 5964">
     <span class='ocr_line' id='line_1_144' title="bbox 1274 5888 3686 5964; baseline 0 -18"><span class='ocrx_word' id='word_1_966' title='bbox 1274 5888 1295 5925; x_wconf 77' lang='grc' dir='ltr'><strong>θ</strong></span> <span class='ocrx_word' id='word_1_967' title='bbox 1340 5890 1444 5947; x_wconf 91' lang='lat' dir='ltr'><strong>lib.</strong></span> <span class='ocrx_word' id='word_1_968' title='bbox 1499 5893 1572 5948; x_wconf 91' lang='lat' dir='ltr'><strong>de</strong></span> <span class='ocrx_word' id='word_1_969' title='bbox 1601 5890 1814 5964; x_wconf 88' lang='lat' dir='ltr'><strong>Script.</strong></span> <span class='ocrx_word' id='word_1_970' title='bbox 1866 5889 2033 5957; x_wconf 89' lang='lat' dir='ltr'><strong>eccl.,</strong></span> <span class='ocrx_word' id='word_1_971' title='bbox 2087 5888 2136 5946; x_wconf 75' lang='grc' dir='ltr'><strong>ὸ.</strong></span> <span class='ocrx_word' id='word_1_972' title='bbox 2191 5891 2279 5945; x_wconf 80' lang='grc'><strong>48.</strong></span> <span class='ocrx_word' id='word_1_973' title='bbox 2311 5889 2357 5926; x_wconf 76' lang='grc' dir='ltr'>θι</span> <span class='ocrx_word' id='word_1_974' title='bbox 2393 5889 2563 5946; x_wconf 88' lang='lat' dir='ltr'><strong>Phot.</strong></span> <span class='ocrx_word' id='word_1_975' title='bbox 2618 5888 2795 5961; x_wconf 88' lang='lat' dir='ltr'><strong>Bibl.,</strong></span> <span class='ocrx_word' id='word_1_976' title='bbox 2845 5889 2976 5946; x_wconf 93' lang='lat' dir='ltr'><strong>cod.</strong></span> <span class='ocrx_word' id='word_1_977' title='bbox 3028 5891 3151 5949; x_wconf 84' lang='grc'><strong>110.</strong></span> <span class='ocrx_word' id='word_1_978' title='bbox 3176 5891 3223 5926; x_wconf 71' lang='grc' dir='ltr'>θ’</span> <span class='ocrx_word' id='word_1_979' title='bbox 3267 5897 3400 5963; x_wconf 71' lang='grc' dir='ltr'><strong>ευρ.</strong></span> <span class='ocrx_word' id='word_1_980' title='bbox 3460 5890 3563 5949; x_wconf 89' lang='lat' dir='ltr'><strong>lib.</strong></span> <span class='ocrx_word' id='word_1_981' title='bbox 3625 5888 3686 5947; x_wconf 74' lang='grc' dir='ltr'><strong>ᾗ.</strong></span> 
     </span>
    </p>
   </div>
   <div class='ocr_carea' id='block_1_136' title="bbox 249 5893 1199 5976">
    <p class='ocr_par' dir='ltr' id='par_1_136' title="bbox 249 5893 1199 5976">
     <span class='ocr_line' id='line_1_145' title="bbox 249 5893 1199 5976; baseline -0.012 -18"><span class='ocrx_word' id='word_1_982' title='bbox 249 5917 432 5976; x_wconf 83' lang='lat' dir='ltr'><strong>praep.</strong></span> <span class='ocrx_word' id='word_1_983' title='bbox 468 5900 570 5956; x_wconf 88' lang='lat' dir='ltr'><strong>lib.</strong></span> <span class='ocrx_word' id='word_1_984' title='bbox 605 5915 670 5968; x_wconf 80' lang='grc' dir='ltr'><strong>ιι,</strong></span> <span class='ocrx_word' id='word_1_985' title='bbox 695 5913 822 5969; x_wconf 85' lang='lat' dir='ltr'><strong>cap.</strong></span> <span class='ocrx_word' id='word_1_986' title='bbox 854 5899 908 5964; x_wconf 85' lang='lat'><strong>2,</strong></span> <span class='ocrx_word' id='word_1_987' title='bbox 942 5910 1074 5967; x_wconf 89' lang='lat' dir='ltr'><strong>pag.</strong></span> <span class='ocrx_word' id='word_1_988' title='bbox 1108 5893 1199 5948; x_wconf 84' lang='grc'><strong>61.</strong></span> 
     </span>
    </p>
   </div>
   <div class='ocr_carea' id='block_1_137' title="bbox 2028 4672 3681 4745">
    <p class='ocr_par' dir='ltr' id='par_1_137' title="bbox 2028 4672 3681 4745">
     <span class='ocr_line' id='line_1_146' title="bbox 2028 4672 3681 4745; baseline 0.003 -19"><span class='ocrx_word' id='word_1_989' title='bbox 2028 4672 2281 4745; x_wconf 45' lang='grc' dir='ltr'><strong>ΡιΡιηΡΡ.</strong></span> <span class='ocrx_word' id='word_1_990' title='bbox 2320 4673 2618 4728; x_wconf 88' lang='lat' dir='ltr'><strong>societatis</strong></span> <span class='ocrx_word' id='word_1_991' title='bbox 2649 4675 2784 4730; x_wconf 86' lang='lat' dir='ltr'><strong>Jesu</strong></span> <span class='ocrx_word' id='word_1_992' title='bbox 2838 4675 3067 4745; x_wconf 88' lang='lat' dir='ltr'><strong>collegii</strong></span> <span class='ocrx_word' id='word_1_993' title='bbox 3128 4675 3486 4731; x_wconf 86' lang='lat' dir='ltr'><strong>bibliotheca</strong></span> <span class='ocrx_word' id='word_1_994' title='bbox 3529 4681 3592 4731; x_wconf 75' lang='grc' dir='ltr'><strong>Β.</strong></span> <span class='ocrx_word' id='word_1_995' title='bbox 3618 4677 3681 4731; x_wconf 94' lang='grc' dir='ltr'><strong>Ρ.</strong></span> 
     </span>
    </p>
   </div>
   <div class='ocr_carea' id='block_1_138' title="bbox 2031 4744 3686 4818">
    <p class='ocr_par' dir='ltr' id='par_1_138' title="bbox 2031 4744 3686 4818">
     <span class='ocr_line' id='line_1_147' title="bbox 2031 4744 3686 4818; baseline 0.004 -21"><span class='ocrx_word' id='word_1_996' title='bbox 2031 4744 2366 4818; x_wconf 75' lang='lat' dir='ltr'><strong>liarduinus</strong></span> <span class='ocrx_word' id='word_1_997' title='bbox 2401 4762 2501 4816; x_wconf 91' lang='lat' dir='ltr'><strong>pro</strong></span> <span class='ocrx_word' id='word_1_998' title='bbox 2525 4763 2686 4801; x_wconf 88' lang='lat' dir='ltr'><strong>more</strong></span> <span class='ocrx_word' id='word_1_999' title='bbox 2705 4764 2810 4801; x_wconf 91' lang='lat' dir='ltr'><strong>suo</strong></span> <span class='ocrx_word' id='word_1_1000' title='bbox 2833 4744 3141 4802; x_wconf 85' lang='lat' dir='ltr'><strong>nobiscum</strong></span> <span class='ocrx_word' id='word_1_1001' title='bbox 3171 4764 3448 4818; x_wconf 88' lang='lat' dir='ltr'><strong>perquam</strong></span> <span class='ocrx_word' id='word_1_1002' title='bbox 3475 4747 3686 4804; x_wconf 86' lang='lat' dir='ltr'><strong>huma-</strong></span> 
     </span>
    </p>
   </div>
   <div class='ocr_carea' id='block_1_139' title="bbox 2029 4815 3690 4891">
    <p class='ocr_par' dir='ltr' id='par_1_139' title="bbox 2029 4815 3690 4891">
     <span class='ocr_line' id='line_1_148' title="bbox 2029 4815 3690 4891; baseline 0.002 -20"><span class='ocrx_word' id='word_1_1003' title='bbox 2029 4815 2274 4872; x_wconf 90' lang='lat' dir='ltr'><strong>nissime</strong></span> <span class='ocrx_word' id='word_1_1004' title='bbox 2305 4815 2778 4874; x_wconf 86' lang='lat' dir='ltr'><strong>communicavit.</strong></span> <span class='ocrx_word' id='word_1_1005' title='bbox 2814 4821 2870 4874; x_wconf 92' lang='lat' dir='ltr'><strong>Is</strong></span> <span class='ocrx_word' id='word_1_1006' title='bbox 2899 4835 3069 4891; x_wconf 90' lang='lat' dir='ltr'><strong>porro</strong></span> <span class='ocrx_word' id='word_1_1007' title='bbox 3097 4815 3252 4891; x_wconf 11' lang='lat' dir='ltr'><strong>,Iilicr</strong></span> <span class='ocrx_word' id='word_1_1008' title='bbox 3281 4815 3339 4876; x_wconf 75' lang='lat' dir='ltr'><strong>in</strong></span> <span class='ocrx_word' id='word_1_1009' title='bbox 3369 4819 3574 4875; x_wconf 85' lang='lat' dir='ltr'><strong>charta</strong></span> <span class='ocrx_word' id='word_1_1010' title='bbox 3593 4837 3690 4891; x_wconf 89' lang='lat' dir='ltr'><strong>pa-</strong></span> 
     </span>
    </p>
   </div>
   <div class='ocr_carea' id='block_1_140' title="bbox 2031 4890 3685 4963">
    <p class='ocr_par' dir='ltr' id='par_1_140' title="bbox 2031 4890 3685 4963">
     <span class='ocr_line' id='line_1_149' title="bbox 2031 4890 3685 4963; baseline 0.002 -21"><span class='ocrx_word' id='word_1_1011' title='bbox 2031 4903 2278 4963; x_wconf 70' lang='lat' dir='ltr'><strong>pyracra</strong></span> <span class='ocrx_word' id='word_1_1012' title='bbox 2308 4893 2601 4963; x_wconf 80' lang='lat' dir='ltr'><strong>exaratus,</strong></span> <span class='ocrx_word' id='word_1_1013' title='bbox 2637 4890 2977 4946; x_wconf 83' lang='lat' dir='ltr'><strong>recentioris</strong></span> <span class='ocrx_word' id='word_1_1014' title='bbox 3007 4890 3246 4963; x_wconf 74' lang='lat' dir='ltr'><strong>quidam</strong></span> <span class='ocrx_word' id='word_1_1015' title='bbox 3297 4895 3386 4946; x_wconf 90' lang='lat' dir='ltr'><strong>est</strong></span> <span class='ocrx_word' id='word_1_1016' title='bbox 3421 4890 3685 4963; x_wconf 79' lang='lat' dir='ltr'><strong>manus:</strong></span> 
     </span>
    </p>
   </div>
   <div class='ocr_carea' id='block_1_141' title="bbox 2030 4960 3692 5032">
    <p class='ocr_par' dir='ltr' id='par_1_141' title="bbox 2030 4960 3692 5032">
     <span class='ocr_line' id='line_1_150' title="bbox 2030 4960 3692 5032; baseline 0.002 -18"><span class='ocrx_word' id='word_1_1017' title='bbox 2030 4960 2128 5032; x_wconf 82' lang='lat' dir='ltr'><strong>sed</strong></span> <span class='ocrx_word' id='word_1_1018' title='bbox 2163 4960 2359 5028; x_wconf 90' lang='lat' dir='ltr'><strong>plures</strong></span> <span class='ocrx_word' id='word_1_1019' title='bbox 2391 4960 2449 5015; x_wconf 93' lang='lat' dir='ltr'><strong>in</strong></span> <span class='ocrx_word' id='word_1_1020' title='bbox 2482 4979 2570 5023; x_wconf 87' lang='lat' dir='ltr'><strong>eo,</strong></span> <span class='ocrx_word' id='word_1_1021' title='bbox 2601 4960 3100 5030; x_wconf 84' lang='lat' dir='ltr'><strong>quemadmodum</strong></span> <span class='ocrx_word' id='word_1_1022' title='bbox 3137 4965 3194 5016; x_wconf 90' lang='lat' dir='ltr'><strong>in</strong></span> <span class='ocrx_word' id='word_1_1023' title='bbox 3235 4961 3548 5032; x_wconf 81' lang='lat' dir='ltr'><strong>superiori,</strong></span> <span class='ocrx_word' id='word_1_1024' title='bbox 3594 4981 3692 5018; x_wconf 89' lang='lat' dir='ltr'><strong>va-</strong></span> 
     </span>
    </p>
   </div>
   <div class='ocr_carea' id='block_1_142' title="bbox 2028 5031 3690 5104">
    <p class='ocr_par' dir='ltr' id='par_1_142' title="bbox 2028 5031 3690 5104">
     <span class='ocr_line' id='line_1_151' title="bbox 2028 5031 3690 5104; baseline 0.002 -18"><span class='ocrx_word' id='word_1_1025' title='bbox 2028 5031 2126 5086; x_wconf 71' lang='lat' dir='ltr'><strong>riae</strong></span> <span class='ocrx_word' id='word_1_1026' title='bbox 2159 5032 2509 5087; x_wconf 87' lang='lat' dir='ltr'><strong>exhibentur</strong></span> <span class='ocrx_word' id='word_1_1027' title='bbox 2535 5033 2838 5099; x_wconf 88' lang='lat' dir='ltr'><strong>lectiones,</strong></span> <span class='ocrx_word' id='word_1_1028' title='bbox 2872 5051 3021 5104; x_wconf 88' lang='lat' dir='ltr'><strong>quas</strong></span> <span class='ocrx_word' id='word_1_1029' title='bbox 3055 5034 3375 5104; x_wconf 89' lang='lat' dir='ltr'><strong>aliquando</strong></span> <span class='ocrx_word' id='word_1_1030' title='bbox 3394 5031 3690 5090; x_wconf 89' lang='lat' dir='ltr'><strong>cumsese</strong></span> 
     </span>
    </p>
   </div>
   <div class='ocr_carea' id='block_1_143' title="bbox 2028 5104 3687 5176">
    <p class='ocr_par' dir='ltr' id='par_1_143' title="bbox 2028 5104 3687 5176">
     <span class='ocr_line' id='line_1_152' title="bbox 2028 5104 3687 5176; baseline 0.001 -18"><span class='ocrx_word' id='word_1_1031' title='bbox 2028 5104 2258 5176; x_wconf 81' lang='lat' dir='ltr'><strong>occasio</strong></span> <span class='ocrx_word' id='word_1_1032' title='bbox 2290 5104 2534 5170; x_wconf 85' lang='lat' dir='ltr'><strong>dederit,</strong></span> <span class='ocrx_word' id='word_1_1033' title='bbox 2570 5123 2667 5172; x_wconf 89' lang='lat' dir='ltr'><strong>per</strong></span> <span class='ocrx_word' id='word_1_1034' title='bbox 2701 5123 2827 5172; x_wconf 88' lang='lat' dir='ltr'><strong>nos,</strong></span> <span class='ocrx_word' id='word_1_1035' title='bbox 2862 5107 2948 5160; x_wconf 85' lang='lat' dir='ltr'><strong>vel</strong></span> <span class='ocrx_word' id='word_1_1036' title='bbox 2977 5122 3076 5176; x_wconf 89' lang='lat' dir='ltr'><strong>per</strong></span> <span class='ocrx_word' id='word_1_1037' title='bbox 3096 5104 3380 5176; x_wconf 76' lang='lat' dir='ltr'><strong>alios,qui</strong></span> <span class='ocrx_word' id='word_1_1038' title='bbox 3404 5107 3687 5160; x_wconf 90' lang='lat' dir='ltr'><strong>recuden-</strong></span> 
     </span>
    </p>
   </div>
   <div class='ocr_carea' id='block_1_144' title="bbox 2029 5175 3686 5246">
    <p class='ocr_par' dir='ltr' id='par_1_144' title="bbox 2029 5175 3686 5246">
     <span class='ocr_line' id='line_1_153' title="bbox 2029 5175 3686 5246; baseline 0.001 -17"><span class='ocrx_word' id='word_1_1039' title='bbox 2029 5176 2120 5230; x_wconf 90' lang='lat' dir='ltr'><strong>dis</strong></span> <span class='ocrx_word' id='word_1_1040' title='bbox 2143 5175 2461 5230; x_wconf 86' lang='lat' dir='ltr'><strong>Clementis</strong></span> <span class='ocrx_word' id='word_1_1041' title='bbox 2497 5176 2677 5231; x_wconf 82' lang='lat' dir='ltr'><strong>nostri</strong></span> <span class='ocrx_word' id='word_1_1042' title='bbox 2701 5175 3302 5232; x_wconf 85' lang='lat' dir='ltr'><strong>commentationibus</strong></span> <span class='ocrx_word' id='word_1_1043' title='bbox 3321 5192 3555 5246; x_wconf 88' lang='lat' dir='ltr'><strong>operam</strong></span> <span class='ocrx_word' id='word_1_1044' title='bbox 3581 5193 3686 5231; x_wconf 80' lang='lat' dir='ltr'><strong>na-</strong></span> 
     </span>
    </p>
   </div>
   <div class='ocr_carea' id='block_1_145' title="bbox 2026 5247 3689 5319">
    <p class='ocr_par' dir='ltr' id='par_1_145' title="bbox 2026 5247 3689 5319">
     <span class='ocr_line' id='line_1_154' title="bbox 2026 5247 3689 5319; baseline 0.002 -18"><span class='ocrx_word' id='word_1_1045' title='bbox 2026 5263 2160 5301; x_wconf 91' lang='lat' dir='ltr'><strong>vare</strong></span> <span class='ocrx_word' id='word_1_1046' title='bbox 2191 5247 2501 5312; x_wconf 85' lang='lat' dir='ltr'><strong>voluerint,</strong></span> <span class='ocrx_word' id='word_1_1047' title='bbox 2538 5248 2752 5318; x_wconf 90' lang='lat' dir='ltr'><strong>publici</strong></span> <span class='ocrx_word' id='word_1_1048' title='bbox 2782 5249 2934 5318; x_wconf 87' lang='lat' dir='ltr'><strong>juris</strong></span> <span class='ocrx_word' id='word_1_1049' title='bbox 2963 5247 3262 5302; x_wconf 83' lang='lat' dir='ltr'><strong>faciemus.</strong></span> <span class='ocrx_word' id='word_1_1050' title='bbox 3284 5249 3346 5302; x_wconf 90' lang='lat' dir='ltr'><strong>In</strong></span> <span class='ocrx_word' id='word_1_1051' title='bbox 3375 5248 3689 5319; x_wconf 51' lang='lat' dir='ltr'><strong>utriusque</strong></span> 
     </span>
    </p>
   </div>
   <div class='ocr_carea' id='block_1_146' title="bbox 2024 5319 3682 5391">
    <p class='ocr_par' dir='ltr' id='par_1_146' title="bbox 2024 5319 3682 5391">
     <span class='ocr_line' id='line_1_155' title="bbox 2024 5319 3682 5391; baseline 0.001 -17"><span class='ocrx_word' id='word_1_1052' title='bbox 2024 5320 2202 5374; x_wconf 85' lang='lat' dir='ltr'><strong>etiam</strong></span> <span class='ocrx_word' id='word_1_1053' title='bbox 2229 5319 2616 5391; x_wconf 84' lang='lat' dir='ltr'><strong>manuscripti</strong></span> <span class='ocrx_word' id='word_1_1054' title='bbox 2649 5320 2869 5374; x_wconf 89' lang='lat' dir='ltr'><strong>codicis</strong></span> <span class='ocrx_word' id='word_1_1055' title='bbox 2902 5319 3273 5391; x_wconf 84' lang='lat' dir='ltr'><strong>marginibus</strong></span> <span class='ocrx_word' id='word_1_1056' title='bbox 3308 5319 3577 5388; x_wconf 72' lang='lat' dir='ltr'><strong>quaedam</strong></span> <span class='ocrx_word' id='word_1_1057' title='bbox 3609 5320 3682 5375; x_wconf 89' lang='lat' dir='ltr'><strong>ad</strong></span> 
     </span>
    </p>
   </div>
   <div class='ocr_carea' id='block_1_147' title="bbox 2023 5390 3688 5462">
    <p class='ocr_par' dir='ltr' id='par_1_147' title="bbox 2023 5390 3688 5462">
     <span class='ocr_line' id='line_1_156' title="bbox 2023 5390 3688 5462; baseline 0.001 -18"><span class='ocrx_word' id='word_1_1058' title='bbox 2023 5390 2358 5446; x_wconf 86' lang='lat' dir='ltr'><strong>obscuriora</strong></span> <span class='ocrx_word' id='word_1_1059' title='bbox 2387 5391 2740 5446; x_wconf 88' lang='lat' dir='ltr'><strong>Clementini</strong></span> <span class='ocrx_word' id='word_1_1060' title='bbox 2787 5395 2980 5446; x_wconf 86' lang='lat' dir='ltr'><strong>textus</strong></span> <span class='ocrx_word' id='word_1_1061' title='bbox 3023 5390 3149 5446; x_wconf 77' lang='lat' dir='ltr'><strong>leca</strong></span> <span class='ocrx_word' id='word_1_1062' title='bbox 3200 5390 3456 5446; x_wconf 88' lang='lat' dir='ltr'><strong>breviter</strong></span> <span class='ocrx_word' id='word_1_1063' title='bbox 3504 5391 3688 5462; x_wconf 85' lang='lat' dir='ltr'><strong>expli-</strong></span> 
     </span>
    </p>
   </div>
   <div class='ocr_carea' id='block_1_148' title="bbox 2021 5461 3684 5534">
    <p class='ocr_par' dir='ltr' id='par_1_148' title="bbox 2021 5461 3684 5534">
     <span class='ocr_line' id='line_1_157' title="bbox 2021 5461 3684 5534; baseline 0 -16"><span class='ocrx_word' id='word_1_1064' title='bbox 2021 5463 2488 5534; x_wconf 79' lang='lat' dir='ltr'><strong>candaadjectss</strong></span> <span class='ocrx_word' id='word_1_1065' title='bbox 2539 5468 2682 5518; x_wconf 90' lang='lat' dir='ltr'><strong>sunt</strong></span> <span class='ocrx_word' id='word_1_1066' title='bbox 2740 5462 2978 5534; x_wconf 72' lang='lat' dir='ltr'><strong>notulsa,</strong></span> <span class='ocrx_word' id='word_1_1067' title='bbox 3028 5480 3097 5534; x_wconf 66' lang='lat' dir='ltr'><strong>ex</strong></span> <span class='ocrx_word' id='word_1_1068' title='bbox 3147 5462 3368 5534; x_wconf 87' lang='lat' dir='ltr'><strong>quibus</strong></span> <span class='ocrx_word' id='word_1_1069' title='bbox 3417 5461 3684 5534; x_wconf 66' lang='lat' dir='ltr'><strong>plurima</strong></span> 
     </span>
    </p>
   </div>
   <div class='ocr_carea' id='block_1_149' title="bbox 2023 5533 3690 5605">
    <p class='ocr_par' dir='ltr' id='par_1_149' title="bbox 2023 5533 3690 5605">
     <span class='ocr_line' id='line_1_158' title="bbox 2023 5533 3690 5605; baseline 0.001 -17"><span class='ocrx_word' id='word_1_1070' title='bbox 2023 5536 2091 5588; x_wconf 91' lang='lat' dir='ltr'><strong>ad</strong></span> <span class='ocrx_word' id='word_1_1071' title='bbox 2145 5533 2359 5590; x_wconf 86' lang='lat' dir='ltr'><strong>calcem</strong></span> <span class='ocrx_word' id='word_1_1072' title='bbox 2406 5551 2649 5605; x_wconf 90' lang='lat' dir='ltr'><strong>operum</strong></span> <span class='ocrx_word' id='word_1_1073' title='bbox 2700 5533 2970 5600; x_wconf 89' lang='lat' dir='ltr'><strong>ejusdem</strong></span> <span class='ocrx_word' id='word_1_1074' title='bbox 3038 5533 3356 5605; x_wconf 89' lang='lat' dir='ltr'><strong>Clementis</strong></span> <span class='ocrx_word' id='word_1_1075' title='bbox 3416 5533 3622 5601; x_wconf 86' lang='lat' dir='ltr'><strong>nostri,</strong></span> <span class='ocrx_word' id='word_1_1076' title='bbox 3655 5551 3690 5590; x_wconf 91' lang='lat' dir='ltr'><strong>a</strong></span> 
     </span>
    </p>
   </div>
   <div class='ocr_carea' id='block_1_150' title="bbox 2021 5604 3688 5672">
    <p class='ocr_par' dir='ltr' id='par_1_150' title="bbox 2021 5604 3688 5672">
     <span class='ocr_line' id='line_1_159' title="bbox 2021 5604 3688 5672; baseline 0 -10"><span class='ocrx_word' id='word_1_1077' title='bbox 2021 5605 2307 5662; x_wconf 86' lang='lat' dir='ltr'><strong>Gentiano</strong></span> <span class='ocrx_word' id='word_1_1078' title='bbox 2359 5604 2598 5662; x_wconf 84' lang='lat' dir='ltr'><strong>Herveto</strong></span> <span class='ocrx_word' id='word_1_1079' title='bbox 2659 5621 3034 5672; x_wconf 81' lang='lat' dir='ltr'><strong>excusorum,</strong></span> <span class='ocrx_word' id='word_1_1080' title='bbox 3079 5604 3250 5662; x_wconf 73' lang='lat' dir='ltr'><strong>editae</strong></span> <span class='ocrx_word' id='word_1_1081' title='bbox 3293 5611 3451 5662; x_wconf 86' lang='lat' dir='ltr'><strong>sunt.</strong></span> <span class='ocrx_word' id='word_1_1082' title='bbox 3505 5607 3579 5662; x_wconf 86' lang='lat' dir='ltr'><strong>At</strong></span> <span class='ocrx_word' id='word_1_1083' title='bbox 3636 5607 3688 5662; x_wconf 93' lang='lat' dir='ltr'><strong>si</strong></span> 
     </span>
    </p>
   </div>
   <div class='ocr_carea' id='block_1_151' title="bbox 2019 5816 3685 5894">
    <p class='ocr_par' dir='ltr' id='par_1_151' title="bbox 2019 5816 3685 5894">
     <span class='ocr_line' id='line_1_160' title="bbox 2019 5816 3685 5894; baseline 0.003 -21"><span class='ocrx_word' id='word_1_1084' title='bbox 2019 5834 2148 5891; x_wconf 88' lang='lat' dir='ltr'><strong>cap.</strong></span> <span class='ocrx_word' id='word_1_1085' title='bbox 2204 5817 2543 5894; x_wconf 18' lang='lat' dir='ltr'><strong>_2_8.f°7lib.</strong></span> <span class='ocrx_word' id='word_1_1086' title='bbox 2604 5816 2950 5894; x_wconf 51' lang='lat' dir='ltr'><strong>m__ll_istor.,</strong></span> <span class='ocrx_word' id='word_1_1087' title='bbox 3009 5835 3139 5894; x_wconf 66' lang='lat' dir='ltr'><strong>cap.</strong></span> <span class='ocrx_word' id='word_1_1088' title='bbox 3183 5819 3292 5894; x_wconf 87' lang='lat' dir='ltr'><strong>__i3,</strong></span> <span class='ocrx_word' id='word_1_1089' title='bbox 3353 5823 3410 5876; x_wconf 91' lang='lat' dir='ltr'><strong>et</strong></span> <span class='ocrx_word' id='word_1_1090' title='bbox 3460 5820 3685 5894; x_wconf 65' lang='lat' dir='ltr'><strong>Evang.</strong></span> 
     </span>
    </p>
   </div>
  </div>
