4090 6410
378 414 487 471 823

1096 416 1171 469 1N
1209 412 1651 469 CLEMENTI!!!
1690 411 1904 465 ALEX.
1945 412 2012 463 D.
2056 410 2149 464 LE
2187 408 2489 465 NOURRY
2526 409 3015 465 DISSEBTATIO
3050 412 3098 464 l.

3719 408 3832 465 824

380 542 682 603 ornatum,
714 552 850 593 cum
874 538 1180 607 poetarum
1206 550 1273 590 ac
1296 549 1476 607 sacrae
1499 533 1814 607 Scriptura:
1847 534 2050 607 aucto-
2079 534 2135 598 Α
2165 546 2299 585 nem
2331 544 2470 607 vero
2502 530 2849 607 pilosumet
2868 530 3180 607 barbatum
3214 528 3518 598 creaverit,
3533 545 3671 607 eum
3702 523 3835 607 radi

383 610 579 669 ritate.
612 614 739 664 tum
770 604 945 663 certis
976 622 1045 662 ex
1077 610 1238 660 recte
1269 606 1496 661 ratione
1521 605 1720 676 petitis
1758 604 2049 673 probatio-

385 682 563 737 nibus
583 696 713 736 esse
739 677 1150 749 rejiciendum.
1187 677 1456 748 Denique
1485 676 1787 749 concludit
1816 692 1952 749 vera
1978 677 2056 731 fe-

387 753 562 809 minis
580 748 928 807 ornamenta
947 749 1070 803 haec
1091 764 1222 805 esse
1246 765 1257 804 :
1285 765 1571 804 manuum
1601 748 1866 818 quidem,
1893 748 2052 818 piam

385 839 631 880 suorum
666 824 954 877 bonorum
991 823 1239 892 pauperi
1267 820 1665 892 largitionem,
1717 836 1786 875 ac
1834 825 2054 892 rectam

2167 608 2225 658 ct
2271 604 2523 668 tonderi,
2576 601 2662 657 vel
2710 601 2842 658 aliis
2898 602 3238 657 vellendum
3290 618 3353 657 se
3399 608 3456 657 et
3510 601 3834 673 picandum

2166 674 2425 745 praebere
2455 679 2659 729 contra
2678 681 2902 729 naturae
2934 675 3116 745 leges,
3149 673 3454 744 ipsiusque
3492 674 3591 729 Dei
3623 675 3835 731 volun-

2166 752 2350 801 tatem
2373 761 2503 801 esse
2533 746 2853 801 convincit.
2887 748 2967 801 Ad
3000 745 3123 800 haec
3153 762 3285 801 vcro
3316 745 3551 803 etiamsi
3586 748 3684 817 pix
3730 748 3838 802 ali~

2168 834 2345 889 quem
2371 819 2630 886 juvaret.
2659 834 2775 872 non
2808 818 2941 873 ideo
2972 824 3170 873 tamen
3189 818 3285 872 ille
3307 833 3521 888 corpus
3538 835 3713 874 suum
3737 819 3831 874 in-

390 895 627 950 familiaa
659 889 1505 963 administrationem;pedum
1530 890 1891 956 16vero,ab
1908 891 2056 947 bene
2159 890 2322 963 juris
2351 890 2590 963 afﬁcere
2606 890 2806 963 debet,
2832 892 2933 945 sed
2968 890 3164 961 potius
3196 889 3493 963 cupidatis
3533 907 3653 944 suae
3678 892 3835 961 pilos

342 1001 352 1010 -
385 966 725 1021 faciendum
758 964 1125 1021 alacritatem
1167 968 1227 1019 et
1275 965 1747 1036 prOgressionem
1780 963 1851 1017 ad
1878 963 2056 1033 justi-

385 1039 530 1093 tiam
557 1057 572 1105 ;
608 1036 767 1103 colli,
801 1038 1087 1108 pudorem
1118 1041 1178 1091 et
1209 1034 1596 1108 modestiam;
1612 1034 1870 1100 aurium,
1900 1040 2055 1108 cate-

386 1109 609 1165 chesim
645 1115 704 1165 et
732 1106 882 1163 vei-a3
916 1108 1048 1163 fidei
1075 1108 1401 1162 doctrinam
1433 1106 2053 1173 ;oculorumtandem,

385 1197 591 1238 sanam
627 1196 820 1237 rerum
855 1180 1198 1235 divinarum
1231 1179 1812 1250 contemplationem.

936 1284 1203 1341 ARTICU
1213 1286 1340 1341 LUS
1391 1287 1490 1341 III.

907 1366 1170 1438 Analysi:
1202 1367 1338 1422 libri
1365 1366 1542 1422 tertii.

465 1463 799 1538 Superioris
840 1462 992 1538 libri
1030 1469 1449 1538 argumentum
1494 1461 1887 1538 prosequitur
1902 1460 2054 1538 Cle-

398 1533 567 1594 mens
595 1538 663 1607 ³ο,
676 1541 736 1592 et
763 1534 1025 1592 ostendit
1055 1533 1248 1593 veram
1280 1533 1540 1592 hominis
1555 1533 2057 1607 pulchritudinem

393 1626 526 1666 eam
556 1605 711 1674 esse,
738 1624 859 1679 qua
881 1608 1156 1679 superior
1190 1609 1399 1663 animae
1432 1605 1591 1662 illius
1624 1624 1802 1679 pars,
1833 1605 2060 1660 scilicet

396 1682 568 1748 ratio,
590 1676 1064 1758 parti—inferiori,
1098 1696 1201 1758 seu
1226 1679 1511 1751 cupidati,
1535 1676 1664 1758 quae
1688 1676 2056 1758 varias_sem-

396 1768 521 1825 per,
554 1748 711 1807 sicut
730 1755 1000 1825 Proteus,
1032 1752 1092 1825 in
1127 1748 1365 1825 formas
1410 1766 1473 1806 se
1504 1748 1695 1816 vertit,
1736 1748 1831 1825 ita
1866 1748 2058 1825 domi-

399 1821 604 1890 natur,
637 1827 703 1877 ut
732 1840 766 1877 a
796 1824 987 1879 Verbo
1020 1822 1243 1891 divino,
1288 1824 1547 1878 humana
1594 1838 1771 1878 carne
1818 1821 2052 1886 induto,

403 1897 585 1968 probe
613 1895 928 1968 instructa,
960 1894 1200 1968 ipsimth
1235 1896 1345 1968 Deo
1367 1894 1732 1968 similisiﬁat.
1776 1892 2059 1968 Eamdem
2093 1897 2143 1964 Β

406 1964 642 2039 quoque
670 1966 930 2022 hominis
951 1964 1455 2039 pulchritudinem
1481 1965 1879 2039 positamgesse
1896 1964 2067 2020 docet

409 2037 472 2095 in
503 2037 963 2109 charitate,quai
988 2037 1278 2109 quidquid
1303 2037 1693 2109 superﬂuum,
1717 2037 1940 2099 ﬁctum,
1960 2041 2019 2090 et
2038 2053 2074 2091 a

414 2127 477 2167 se
508 2110 767 2166 alienum
799 2108 911 2175 est,
933 2108 1183 2181 respuit,
1218 2126 1284 2165 ac
1314 2126 1383 2181 ea
1404 2108 1550 2178 sola,
1575 2126 1702 2179 quae
1725 2117 1881 2163 recta
1907 2112 2069 2181 sunt,

414 2181 807 2254 amplectitur.
843 2182 913 2254 Et
943 2181 1002 2236 id
1034 2178 1273 2254 quidem
1298 2180 1521 2254 Christi
1553 2178 1762 2251 probat
1782 2178 2067 2254 exemplo,

415 2250 536 2326 qui'
553 2270 659 2326 nec
688 2253 903 2309 eximia
932 2257 991 2307 et
1020 2250 1269 2326 pulchra
1282 2252 1445 2326 facie,
1469 2267 1575 2326 nec
1596 2267 1838 2326 corpore
1856 2250 2070 2326 formo-

416 2322 542 2393 sus,
567 2324 758 2380 solum
782 2325 993 2380 anime
1012 2322 1288 2379 omnibus
1301 2322 1845 2379 divinisvirtutibus
1858 2322 2069 2392 praedi-

414 2402 487 2453 tte
510 2396 884 2467 splendorem
918 2395 1127 2450 habuit
1154 2400 1212 2451 et
1233 2394 1755 2467 pulchritudinem.

479 2464 659 2524 Nulla
705 2468 905 2537 itaque
954 2467 1023 2532 ³1,
1056 2464 1252 2536 inquit
1274 2466 1391 2533 ille,
1432 2481 1721 2537 corporea:
1743 2464 2073 2537 venustatis

415 2556 561 2597 cura
593 2538 690 2594 ille
709 2536 840 2595 esse
872 2538 1069 2604 debet,
1114 2537 1230 2594 nisi
1285 2545 1351 2593 ut
1379 2536 1590 2607 corpus
1648 2553 1823 2593 suum
1880 2536 2071 2591 conti-

419 2610 636 2668 nentiae
661 2611 878 2665 virtute
907 2610 1234 2665 decoretur.
1266 2610 1411 2665 Hinc
1440 2610 1513 2665 ad
1545 2608 1894 2664 muliebrem
1942 2608 2070 2663 cul-

408 2688 539 2739 tum
571 2683 873 2752 delapsus,
899 2680 1072 2737 nobis
1099 2681 1272 2750 plane
1301 2686 1359 2753 et
1381 2681 1687 2753 perspicue
1709 2679 2071 2753 ostenditi'e-

413 2756 628 2824 minas,
651 2751 781 2825 quas
812 2753 1145 2825 crispandis
1200 2752 1488 2822 crinibus,
1519 2751 1705 2825 igenis
1757 2751 2071 2825 ungendis,

416 2822 735 2899 pingendis
768 2822 980 2894 oculis,
1002 2824 1269 2896 aliisquae
1298 2825 1500 2899 forma
1533 2822 1865 2899 lenociniis:
1884 2822 2070 2879 conti-

415 2896 597 2979 ίιιξείιξ
690 2901 940 2979 navant-
979 2913 1243 2979 operam,
1301 2896 2066 2979 seselsrisﬂmtioreez

409 2969 675 3027 exterius
699 2966 1518 3041 magniﬁcentiaincredibili,
1536 2966 2069 3041 interius—horribili

414 3042 795 3113 belluinaque
815 3040 1196 3113 deformitate
1216 3040 1488 3113 omnium
1509 3110 1521 3113 Α
1544 3040 1744 3113 oculos
1786 3041 2070 3113 perstrin-

454 3110 714 3183 entibus;
745 3127 877 3168 esse
910 3111 1081 3183 plane
1095 3111 1342 3169 similes.
1361 3113 1453 3167 llis
1475 3110 1951 3183 siquidedeum
1975 3128 2068 3183 re-

454 3130 714 3183 enunus,
745 3130 877 3168 esse
949 3130 1081 3168 iane
1095 3130 1342 3169 similes.
1361 3130 1453 3167 me
1475 3130 1951 3183 siquidem,aum
1975 3130 2068 3165 re-

407 3130 569 3256 fecta
584 3185 797 3241 domus
819 3188 876 3239 et
904 3130 1140 3240 Familia;
1153 3200 1314 3250 cura,
1338 3188 1458 3239 tam
1483 3183 1765 3256 turpibus
1778 3182 2070 3256 impensis

2167 960 2467 1033 vellereet
2492 960 2778 1016 radicitus
2809 960 3136 1033 amputare.
3163 962 3249 1016 Ibi
3272 965 3472 1016 autem
3496 960 3701 1017 auctor
3725 979 3829 1018 no-

2170 1039 2310 1097 ster,
2355 1032 2613 1088 oblatam
2648 1038 2863 1088 nactus
2893 1032 3288 1095 occasionem,
3320 1033 3380 1088 in
3413 1049 3713 1088 summam
3740 1035 3835 1089 in-

2165 1104 2399 1161 vehitur
2429 1104 2523 1159 sui
2548 1106 2828 1176 temporis
2855 1105 3176 1169 luxuriam,
3202 1120 3321 1174 qua
3348 1106 3561 1176 pagani
3585 1122 3835 1161 suarum

2168 1176 2463 1249 permissu
2497 1177 2718 1249 legum,
2753 1177 2812 1231 in
2842 1176 3003 1231 omni
3037 1177 3212 1249 etiam
3239 1177 3431 1249 magis
3463 1178 3736 1248 projectie
3775 1182 3838 1233 et

2168 1247 2462 1321 effrenatis
2516 1247 2786 1304 libidinis
2826 1264 3039 1321 genere
3087 1247 3832 1321 impune'volutabantur.

2166 1319 2480 1376 Contendit
2510 1320 2691 1391 igitur
2722 1319 3010 1392 nec'pilos
3040 1320 3392 1388 tondendos,
3438 1337 3544 1376 nec
3583 1322 3835 1376 barbam

2168 1393 2599 1517 deponendam,
2642 1400 2697 1446 et
2741 1402 3015 1447 neutrum
3081 1392 3402 1447 immodico
3464 1392 3838 1463 t'emineoque

2168 1479 2236 1517 cu
2268 1468 2329 1517 tu
2364 1463 2766 1517 nutriendum.
2802 1464 2869 1517 Et
2899 1464 2951 1517 id
2976 1462 3219 1517 quidem
3248 1464 3456 1517 probat
3485 1480 3603 1517 non
3636 1464 3834 1517 solum

2168 1462 2329 1535 cultu
2364 1463 2766 1519 nutriendum.
2802 1464 2869 1519 Et
2899 1464 2951 1519 id
2976 1462 3219 1535 quidem
3246 1464 3456 1535 probat
3485 1480 3603 1519 non
3636 1462 3834 1520 solum

2166 1534 2425 1591 leoniset
2454 1536 2581 1608 apri
2610 1535 2899 1608 exemplo,
2932 1535 3033 1608 sed
3065 1534 3570 1591 etiam’Gallorum
3604 1542 3662 1590 et
3692 1535 3837 1608 Scy-

2168 1608 2430 1674 tharum,
2481 1606 2583 1678 qui
2627 1606 2831 1662 luxum
2864 1607 3105 1663 omnino
3163 1609 3420 1678 fugiunt,
3486 1614 3546 1663 et
3584 1606 3838 1663 summae

2169 1683 2311 1734 sunt
2340 1678 2723 1749 frugalitatis.
2764 1678 2964 1734 Monet
2990 1686 3187 1734 tamen
3237 1678 3627 1749 Christianos,
3678 1686 3738 1737 et
3787 1679 3841 1735 si

2169 1750 2323 1806 hanc
2364 1750 2746 1805 barbarorum
2796 1751 3075 1807 virtutem
3121 1750 3340 1805 imitari
3389 1751 3666 1817 debeant,
3713 1768 3839 1807 non

2168 1821 2253 1877 eis
2283 1822 2523 1890 idcirco,
2555 1823 2711 1877 sicut
2748 1827 2805 1877 et
2847 1822 2986 1889 illis,
3034 1838 3101 1878 ac
3137 1820 3515 1893 nomadibus,
3559 1823 3646 1879 fas
3699 1839 3841 1879 esse

2173 1893 2525 1950 animalium
2549 1894 2749 1966 bibere
2776 1894 3147 1966 sanguinem.

2251 1966 2364 2021 Sed
2396 1967 2538 2038 quia
2568 1965 2648 2021 ibi
2677 1962 2948 2038 Clemens
2979 1983 3012 2021 a
3062 1964 3364 2038 proposito
3392 1962 3839 2038 paululumidi-

2181 2052 2420 2108 gressus
2445 2036 2653 2103 fuerat,
2687 2039 2757 2093 ad
2789 2037 2956 2093 illum
2980 2036 3181 2093 statim
3213 2036 3365 2093 redit
3385 2036 3452 2104 ³³,
3474 2052 3541 2092 ac
3562 2037 3838 2093 inutilem

2181 2124 2481 2166 servorum
2506 2114 2563 2163 et
2580 2109 2959 2175 famularum,
2992 2108 3341 2181 ancillarum
3380 2113 3439 2181 et
3484 2109 3840 2181 pedisequa-

2181 2196 2313 2236 rum
2343 2181 2782 2238 multitudinem
2831 2181 3173 2237 insectatur.
3215 2180 3331 2235 Nec
3378 2180 3648 2237 ferendas
3703 2180 3840 2239 esse

2181 2252 2321 2324 dicit
2353 2251 2812 2324 mulieres,quaa
2837 2253 3035 2308 domui
3066 2258 3122 2309 et
3166 2250 3458 2324 pudicitiae
3501 2252 3726 2308 exitiali
3771 2252 3841 2324 il-

2178 2322 2371 2379 lorum
2401 2325 2574 2379 turba
2593 2322 2829 2396 stipitis,
2854 2324 2939 2379 vel
2965 2322 3265 2381 Gallorum
3288 2323 3556 2396 humeris
3578 2326 3637 2380 in
3661 2323 3836 2381 lecti-

2180 2411 2249 2451 ca
2278 2396 2544 2467 sublataa,
2592 2393 2695 2466 per
2731 2396 2979 2452 civitatis
3006 2397 3164 2452 vicos
3209 2400 3267 2451 et
3317 2393 3561 2467 plateas,
3617 2397 3707 2453 vel
3759 2396 3838 2453 ad

2178 2466 2399 2538 templa
2428 2468 2500 2539 ab
2522 2466 2867 2524 hominibus
2887 2466 3805 2539 conspicienda!circumfereban
3819 2498 3840 2509 ο

2180 2543 2297 2594 tur.
2331 2538 2510 2593 Multo
2541 2547 2735 2594 autem
2768 2539 2967 2595 minus
2997 2538 3411 2610 turpissimum
3451 2554 3658 2595 earum
3708 2556 3841 2595 mo-

2180 2626 2303 2684 rem
2337 2610 2572 2684 tolerari
2605 2627 2794 2683 posse,
2826 2629 2955 2683 qua
2975 2628 3111 2667 cum
3134 2611 3479 2684 meretriciis
3507 2611 3839 2684 impudici-

2178 2682 2272 2738 tiae
2306 2680 2693 2749 ministris,et
2715 2680 2860 2739 cum'
2885 2684 3128 2739 cinaedis
3180 2680 3644 2739 familiaritatem
3694 2701 3839 2740 con-

2180 2753 2680 2826 suetudinemque
2735 2756 2987 2826 jungere
3053 2754 3343 2811 solebant.
3399 2753 3612 2811 Deinde
3660 2755 3835 2821 alias,

2177 2825 2414 2882 etiamsi
2448 2825 2749 2899 meliores,
2774 2829 3041 2899 castigat,
3077 2842 3387 2899 quaa,cnm
3414 2843 3548 2899 aves
3569 2827 3835 2897 Indicas,

2178 2914 2438 2971 pavones
2494 2898 2777 2964 Medicos,
2829 2897 3132 2969 psittacos,
3189 2897 3553 2971 charadrios,
3592 2903 3665 2971 Aet
3718 2899 3840 2956 alia

2180 2969 2358 3026 etiam
2396 2973 2787 3042 monstruosa,
2815 2972 2915 3026 sed
2950 2970 3148 3042 magni
3182 2970 3353 3042 pretii
3384 2969 3670 3026 animalia
3718 2972 3841 3028 ale-

2179 3048 2331 3107 rent,
2366 3041 2519 3116 ﬂlios
2549 3058 2689 3098 suos
2719 3041 3112 3116 exponebant,
3142 3041 3559 3116 atquehsenes,
3610 3043 3837 3116 orpha-

2179 3130 2288 3170 nos
2308 3119 2365 3170 et
2390 3114 2482 3167 vid
2497 3130 2621 3175 uas,
2655 3112 2935 3170 omnibus
2965 3114 3058 3169 his
3090 3112 3455 3187 animalibus
3473 3114 3647 3187 longe
3679 3112 3829 3187 prai-

2178 3187 2517 3253 stantiores,
2551 3203 2787 3242 summo
2809 3187 3104 3242 ducebant
3132 3184 3481 3255 despicatui.

416 3253 737 3338 nonmodo
767 3257 918 3312 bona
948 3256 1376 3338 facultatesqpe
1404 3253 1667 3338 virorum
1712 3253 2063 3338 dilapidant,
2097 3270 2141 3338 ρ
2184 3328 2206 3338 _
2249 3261 2528 3338 tigerunt
2563 3275 2680 3338 non
2704 3258 2783 3338 iis
2823 3253 3302 3338 tantumhimpiis
3342 3257 3717 3338 sumptibus,
3767 3274 3840 3338 ac

414 3328 515 3384 sed
548 3328 798 3385 formam
830 3343 1065 3399 quoque
1098 3344 1269 3383 suam
1301 3328 1455 3389 fuco,
1505 3326 1802 3399 variisque
1844 3326 2065 3382 mistio-

412 3400 591 3457 nibus
621 3398 1033 3471 corrumpunt,
1055 3401 1255 3471 plures
1274 3399 1388 3454 sibi
1409 3398 1786 3471 consciscunt
1810 3398 2066 3463 morbos,

410 3488 479 3528 ac
504 3471 690 3528 Deum
713 3469 1072 3526 contumelia
1102 3470 1389 3526 afﬁciunt.
1419 3469 1681 3526 Subinde
1715 3475 1921 3526 auctor
1965 3485 2064 3524 no-

406 3549 531 3600 ster
555 3543 705 3598 hanc
733 3543 1074 3598 effrenatam
1100 3540 1419 3598 mulierum
1453 3541 1757 3598 mollitiem
1782 3547 1839 3596 et
1862 3542 2065 3597 luxum

408 3615 592 3671 variis
622 3620 744 3669 tam
778 3613 1150 3670 ethnicorum
1168 3618 1473 3684 poetarum
1489 3630 1667 3684 quam
1694 3613 1901 3669 divinae
1918 3615 2067 3669 Scri-

407 3685 969 3758 pturaagtestimoniis
982 3685 1267 3758 acerrime
1279 3684 1709 3756 exagitat.Nam
1725 3685 2068 3755 illae.quem-

404 3756 720 3813 admodum
774 3756 1003 3821 Plutus,
1040 3756 1244 3827 oculis
1301 3762 1503 3827 captaa.
1558 3775 1626 3813 eo
1682 3758 2064 3825 impudentia!

400 3830 789 3894 devenerunt,
841 3832 908 3883 ut
938 3826 1152 3883 belluis
1181 3828 1328 3899 ipsis
1377 3826 1718 3894 deteriores,
1778 3829 1887 3885 has
1945 3849 2061 3890 non

399 3900 518 3956 alio
544 3899 1146 3975 consilioadhibeant
1175 3901 1465 3975 peregrini
1496 3905 1741 3975 ornatus
1773 3901 2062 3975 fallacias,

406 3988 583 4045 quam
600 3979 683 4045 iiut
710 3973 782 4028 ab
809 3971 1152 4045 hominibus
1180 3971 1397 4045 videri
1424 3972 1613 4045 iisque
1645 3972 1874 4044 placere
1922 3971 2062 4045 pos-1

410 4043 551 4099 sint.
586 4044 738 4099 Tum
770 4044 1049 4117 continuo
1088 4060 1188 4117 eas
1234 4043 1489 4102 Narcissi
1545 4043 1812 4117 exemplo
1859 4043 1930 4101 et
1974 4065 2064 4104 sa-

403 4132 638 4188 crorum
671 4115 944 4188 codicum
966 4114 1313 4173 auctoritate
1343 4117 1631 4188 coarguit,
1655 4114 1785 4188 quas
1807 4120 2063 4188 speculis

403 4188 477 4261 ad
507 4186 765 4244 fucatam
802 4186 1011 4261 faciem
1040 4203 1209 4261 suam
1251 4186 1762 4261 contemplandam
1792 4186 2059 4249 utuntur.

400 4260 599 4343 Neque
629 4260 1150 4343 po_r_ro_quidquam
1183 4260 1517 4343 innearum’.
1538 4262 1790 4343 gratiam
1853 4262 2062 4343 fecisse

403 4330 666 4404 reginam
701 4331 929 4404 Esther,
942 4348 1081 4404 qua:
1112 4331 1376 4404 mystice,
1402 4330 1520 4401 regi
1548 4330 1616 4387 iit
1646 4331 1922 4403 placeret,
1963 4352 2062 4391 or-

400 4402 560 4467 nata,
594 4419 693 4474 pro
726 4402 1191 4474 pulchritudinis
1218 4403 1405 4474 pretio
1441 4402 1723 4472 populum
1765 4421 1942 4460 suum
1988 4409 2061 4464 ab

399 4474 568 4531 hoste
597 4473 849 4530 liberare
878 4475 1116 4530 meruit.
1150 4473 1379 4539 Quianto
1411 4490 1583 4543 porro
1630 4492 1700 4532 ex
1744 4475 2061 4536 immodico

399 4547 599 4619 formae
631 4545 877 4619 cultu._et
905 4551 1129 4619 ornatu
1145 4547 1410 4619 orientur
1432 4546 1608 4618 mala,
1631 4560 1943 4619 postquam
1964 4569 2058 4618 pa-

396 4617 618 4692 tefecit,
650 4616 995 4692 angelorum
1026 4622 1084 4673 et
1107 4616 1557 4674 Sichimitarum
1591 4616 1859 4692 eiemplo
1890 4616 2058 4679 colli-

396 4690 485 4761 git
501 4691 668 4815 maciae
683 4688 991 4761 cupiditati
1023 4704 1247 4744 morem
1271 4706 1388 4744 non
1420 4707 1545 4747 esse
1567 4692 1640 4747 ab
1656 4688 1778 4750 ulla
1789 4710 2056 4766 unquam

402 4776 581 4815 ποι-θη
629 4776 749 4815 um.

442 4776 618 4816 81⁵8ηο
629 4776 749 4816 um.

442 4776 749 4816 erenaum.

402 4776 440 4833 Β
471 4831 761 4906 Quoniam
794 4834 993 4906 autem
1024 4830 1136 4906 hoc
1156 4830 1525 4906 vitiumnon
1557 4834 1810 4891 feminas
1840 4836 2054 4906 solum,

396 4905 500 4959 sed
527 4904 797 4960 homines
826 4903 1001 4958 etiam
1035 4904 1350 4971 invaserat,
1383 4904 1522 4961 hinc
1556 4911 1614 4961 et
1643 4907 1698 4961 in
1734 4923 1833 4963 eos
1856 4903 2052 4965 insuré

400 4976 489 5048 git
511 4976 585 5048 7".
609 4977 737 5048 qui
767 4974 1094 5048 meretricio
1117 4991 1279 5031 more
1310 4977 1545 5039 altonsi,
1578 4979 1948 5034 tenuissimis
1993 4998 2060 5037 ac

399 5046 718 5118 perlucidis
749 5046 1011 5120 vestibus
1047 5046 1263 5115 induti;
1311 5064 1661 5120 comamque
1700 5050 1856 5106 sicut
1895 5052 2057 5108 femi-

399 5119 869 5194 ngenutrientes,
911 5118 1115 5176 eadem
1156 5119 1332 5194 etiam
1361 5118 1703 5194 atque_'i_llze
1758 5131 2061 5194 unguenta

400 5190 659 5265 olebant.
708 5191 986 5265 Civitates
1038 5208 1225 5265 porro,
1254 5191 1326 5246 iis
1349 5191 1511 5265 dicit
1543 5191 1745 5265 fuisse
1769 5190 2057 5265 oppletas,

395 5263 499 5336 qui
540 5264 651 5320 hos
679 5262 1046 5336 effeminatos
1071 5264 1366 5336 homines,
1393 5281 1425 5319 a
1446 5263 1703 5336 Diogene
1733 5262 1890 5321 haud
1924 5262 2056 5322 ille;

395 5334 533 5407 pide
579 5336 808 5401 irrisos,
863 5334 1156 5407 picabant,
1211 5335 1519 5402 radebant,
1570 5334 1882 5392 vellebant.
1939 5339 2056 5396 Nec

393 5406 606 5464 minori
639 5408 696 5465 id
731 5406 866 5463 aliis
898 5407 1039 5464 vitio
1070 5407 1262 5474 vertit,
1299 5407 1454 5476 quod
1489 5423 1669 5462 canos
1692 5407 1840 5465 alios
1863 5410 2056 5467 colore

393 5480 726 5550 pingentes,
756 5478 1113 5549 venerabile,
1145 5477 1381 5550 ipsique
1402 5477 1537 5550 Deo
1586 5479 1781 5535 simile
1818 5483 2051 5538 senium

391 5549 600 5623 exuere
631 5569 695 5608 se
726 5568 898 5623 posse
922 5551 1143 5607 frustra
1158 5549 1634 5623 arbitrabantur.

461 5620 746 5679 Muliebre
776 5623 958 5695 igitur
987 5639 1117 5679 esse
1140 5620 1399 5695 declarat
1440 5621 1633 5678 crines
1682 5622 1917 5690 vellere,
1963 5625 2055 5680 vel

391 5707 491 5749 eos
521 5692 870 5765 componere
901 5695 971 5750 ad
1006 5692 1335 5765 speculum.
1387 5710 1454 5749 ac
1504 5711 1670 5750 suam
1741 5712 1882 5752 auro
1922 5713 2056 5752 con-

392 5767 586 5836 texere
615 5764 704 5821 vel
735 5770 916 5821 totam
962 5764 1204 5830 vestem,
1235 5764 1323 5819 vel
1356 5766 1487 5836 ejus
1523 5766 1839 5822 ﬁmbriam.
1904 5772 2054 5824 Deus

397 5834 694 5892 enimvero
725 5852 857 5893 cum
891 5836 1169 5894 feminam
1203 5834 1467 5910 glabram
1511 5837 1852 5911 levemque,
1877 5838 2056 5896 homi-

2180 3328 2453 3401 futilibus
2476 3329 2771 3396 tincturis,
2803 3336 2862 3385 et
2890 3328 3180 3401 emptitiis
3210 3329 3545 3401 mancipiis,
3581 3330 3683 3384 sed
3703 3329 3832 3385 bal-

2178 3400 2305 3456 neis
2337 3417 2591 3470 quoque,
2615 3401 2945 3457 incredibili
2966 3400 3835 3472 magniﬁcentia’exstruendis,

2177 3472 2456 3545 mulieres
2487 3478 2543 3528 et
2575 3473 2677 3528 viri
2709 3473 2861 3529 bona
2889 3473 3256 3545 dissipabunt
3288 3489 3397 3528 sua
3423 3473 3485 3527 ³⁸.
3512 3473 3598 3529 Ibi
3630 3479 3837 3529 autem

2176 3543 2275 3600 ubi
2308 3545 2649 3616 communia
2678 3549 2848 3600 erant
2873 3543 3141 3616 utrisque
3163 3545 3413 3610 lavacra,
3438 3545 3841 3601 acinnumera

2175 3632 2276 3672 seu
2308 3617 2379 3672 ad
2410 3615 2748 3683 lavandum,
2776 3633 2879 3672 seu
2910 3618 2982 3673 ad
3017 3615 3370 3672 vescendum
3405 3632 3580 3672 aurea
3620 3633 3834 3683 argen-

2171 3691 2385 3759 teaque
2406 3704 2563 3753 vasa,
2597 3690 2786 3758 major
2810 3705 2952 3744 sane
2982 3688 3300 3745 mulierum
3352 3704 3532 3759 quam
3581 3688 3835 3745 athleta-

2172 3776 2305 3815 rum
2337 3759 2730 3831 impudentia,
2760 3777 2827 3817 eo
2855 3778 3044 3830 usque
3100 3764 3489 3832 processerat,
3515 3764 3583 3816 ut
3633 3776 3833 3817 coram

2173 3832 2361 3888 servis
2393 3832 2605 3887 nudari
2638 3848 2752 3887 non
2785 3835 3221 3888 erubescerent.
3255 3832 3649 3898 Quamobrem
3700 3832 3827 3888 Cle-

2172 3920 2473 3976 mensgeas
2502 3904 3047 3976 acriter_obiurgat,
3081 3905 3367 3975 docetque
3391 3920 3513 3976 non
3550 3904 3726 3960 modo
3774 3906 3835 3960 in

2168 3973 2423 4041 balneis,
2458 3977 2559 4030 sed
2584 3974 2745 4031 domi
2769 3973 2982 4043 etiam,
3004 3981 3062 4031 et
3090 3973 3341 4031 omniin
3389 3975 3518 4032 loco
3549 3992 3840 4033 verecun-

2171 4048 2208 4174 ἓ
2216 4047 2330 4102 iam
2363 4052 2420 4103 et
2450 4048 2731 4119 pudorem
2764 4050 2838 4104 ab
2867 4048 3147 4104 omnibus
3180 4063 3415 4120 semper
3438 4064 3568 4104 esse
3591 4065 3845 4105 servan-

2215 4135 2340 4174 um.

2215 4135 2340 4174 um.

2245 4195 2421 4245 Porro
2453 4195 2646 4246 autem
2680 4189 2923 4258 divitiis,
2952 4190 3145 4261 inquit
3176 4189 3242 4257 ³⁸,
3274 4192 3568 4263 quantum
3612 4190 3842 4263 rationi

2170 4268 2630 4318 consentaneum
2663 4266 2755 4317 est
2783 4263 3109 4331 abundare,
3140 4266 3198 4318 et
3219 4278 3318 4318 eas
3351 4279 3467 4318 non
3489 4262 3732 4318 sordide
3784 4271 3845 4321 et

2172 4339 2536 4405 arroganter,
2557 4335 2925 4405 sedbenigne
2938 4339 2994 4390 et
3009 4332 3334 4390 liberaliter
3347 4334 3481 4390 aliis
3502 4337 3843 4393 communi-

2170 4422 2300 4461 care
2340 4406 2642 4462 debemus.
2692 4407 2860 4473 Nam,
2913 4406 2988 4462 iis
3032 4406 3315 4477 exceptis,
3365 4405 3593 4462 nullum
3657 4407 3845 4478 plane

2170 4495 2401 4534 servum
2422 4478 2576 4534 inter
2604 4484 2661 4534 et
2688 4478 3021 4543 dominum,
3044 4478 3158 4533 nisi
3185 4478 3340 4549 quod
3364 4478 3460 4534 hic
3479 4478 3847 4536 imbecillior

2170 4550 2267 4616 sit,
2300 4551 2609 4606 intercedit
2639 4550 2977 4606 discrimen.
3004 4549 3152 4622 Quid
3184 4566 3322 4606 vero
3342 4549 3370 4605 ?
3398 4550 3554 4622 quod
3580 4549 3666 4606 vir
3697 4552 3842 4609 Jus-

2091 4642 2138 4708 D
2169 4627 2268 4708 tus
2300 4624 2599 4708 et.bonus,
2632 4623 2747 4706 etsi
2770 4621 3331 4708 pa-uperlinglorius,
3356 4621 3522 4678 dives
3544 4627 3601 4677 et
3622 4623 3844 4708 beatus

2170 4701 2295 4752 est:
2327 4695 2418 4749 vir
2438 4700 2633 4749 autem
2667 4695 2930 4765 injnstus
2964 4698 3023 4749 et
3065 4710 3368 4765 arrogans,
3412 4694 3689 4765 quamvis
3726 4696 3842 4752 Mi-

2169 4768 2264 4835 da,
2298 4767 2530 4839 Cinyra,
2563 4772 2620 4822 et
2648 4782 2716 4822 eo
2738 4766 2838 4836 qui
2870 4771 3154 4839 Lagarum
3187 4766 3472 4839 despexit,
3522 4766 3599 4822 sit
3631 4766 3841 4835 ditior,

2171 4837 2424 4909 pauper"
2452 4844 2543 4893 est
2589 4842 2647 4893 et
2693 4839 2892 4894 miser.
2947 4837 3171 4892 Divitias
3196 4838 3352 4893 enim
3387 4855 3505 4893 non
3536 4855 3712 4895 secus
3766 4856 3843 4896 ac

2170 4927 2439 4980 serpens,
2500 4909 2612 4965 nisi
2694 4914 2865 4965 caute
2938 4909 3479 4981 apprehenduntur,
3558 4912 3844 4967 mordent

2170 4999 2313 5039 sane
2345 4987 2400 5037 et
2430 4981 2755 5037 offendunt.
2789 4981 2868 5037 Ex
2898 4980 2991 5036 his
3014 4982 3213 5049 itaque
3233 4980 3502 5038 Clemens
3524 4982 3842 5038 concludit

2168 5071 2338 5110 veras
2369 5054 2606 5108 divitias
2644 5053 2704 5107 in
2738 5054 2939 5108 anima
2969 5058 3202 5108 tantum
3252 5069 3384 5109 esse
3432 5053 3601 5119 sitas,
3649 5055 3838 5110 nimi-

2169 5142 2299 5181 rum
2332 5125 2394 5181 in
2428 5126 2666 5197 virtute.
2692 5125 2927 5191 justitia
2956 5130 3015 5179 et
3044 5128 3203 5180 recta
3232 5126 3479 5181 ratione.
3529 5127 3714 5197 Atqui
3744 5126 3841 5183 hae

2170 5214 2303 5254 cum
2329 5214 2356 5251 θ
2392 5196 2518 5252 solo
2547 5197 2674 5251 viro
2697 5198 2848 5252 bono
2881 5197 3209 5267 comparari
3239 5199 3489 5267 possint,
3525 5196 3690 5254 solus
3716 5216 3833 5255 au-

2167 5275 2287 5324 tem
2321 5268 2696 5325 Chrsitianus
2720 5270 2798 5325 sit
2827 5268 3044 5331 bonus,
3074 5268 3213 5325 inde
3238 5268 3415 5325 infert
3464 5286 3566 5326 eas
3596 5271 3671 5325 ab
3722 5270 3834 5327 illo

2168 5341 2294 5414 solo
2322 5341 2633 5414 possideri,
2667 5357 2778 5414 nec,
2802 5340 3244 5414 auferrigposse,
3278 5344 3499 5414 quippe
3529 5341 3636 5414 qui
3686 5358 3833 5399 cum

2168 5412 2288 5468 illis
2319 5413 2503 5469 Deum
2535 5417 2591 5468 et
2622 5413 2824 5468 omnia
2855 5412 3174 5483 possideat.

2240 5487 2634 5541 Immoderata
2660 5500 2795 5539 vero
2824 5490 3192 5556 terrenarum
3226 5501 3405 5552 opum
3444 5482 3752 5556 cupiditas
3803 5503 3843 5541 a

2165 5558 2262 5629 177
2300 5573 2479 5629 regno
2503 5556 2610 5629 Dei
2643 5556 2900 5612 extrudit
2929 5555 3308 5629 hominem“,
3339 5561 3397 5611 et
3419 5555 3586 5611 illum
3614 5557 3686 5612 ad
3711 5556 3842 5611 illi-

2166 5628 2314 5701 citas
2343 5627 2606 5701 delicias,
2639 5632 2960 5701 turpesque
2980 5633 3037 5684 et
3062 5627 3334 5701 rationali
3360 5632 3633 5701 creatura
3666 5630 3844 5699 peni-

2163 5705 2263 5754 tus
2294 5698 2566 5766 indignas
2602 5698 2953 5771 voluptates,
3004 5700 3097 5772 ad
3128 5699 3330 5755 luxum
3363 5705 3448 5772 et,
3477 5698 3837 5772 ingluviem,

2164 5781 2510 5846 certumque
2540 5772 2913 5846 naufragium
2948 5771 3130 5828 allicit
3158 5776 3216 5827 et
3253 5771 3530 5846 impellit.
3564 5772 3840 5846 Frugali-

2162 5848 2342 5900 tatem
2374 5843 2574 5916 igitur,
2604 5844 2797 5917 pergit
2825 5849 3031 5901 auctor
3077 5850 3297 5913 noster,
3349 5843 3481 5900 Elias
3528 5843 3718 5901 instar
3760 5860 3836 5901 se

462 5976 510 6012 ³ο
540 5993 665 6049 cap.
702 5981 751 6035 1.
777 5980 819 6016 ’ί
853 5995 980 6052 cap.
1011 5982 1066 6040 2.
1100 5984 1147 6019 ³³
1178 6000 1304 6056 cap.
1339 5986 1391 6041 3.
1423 5988 1469 6022 ³³
1501 6003 1630 6060 cap.
1663 5988 1715 6044 4.
1747 5988 1794 6023 ⁸⁸
1818 6003 1946 6060 cap.
1979 5988 2033 6044 5.

2175 6002 2267 6061 ap.
2299 5990 2355 6046 6.
2388 5989 2433 6025 ³⁸
2464 6006 2590 6063 cap.
2617 5989 2674 6047 7.
