4090 6392
371 352 486 408 825

371 473 522 532 ctari
556 472 866 538 debemus,
894 485 1085 542 neque
1115 471 1371 542 superba
1402 474 1811 541 argenteorum
1833 489 2042 528 aureo-

368 561 629 617 rumque
664 561 937 599 vasorum
973 542 1376 617 multitudine,
1419 542 1508 596 vel
1562 544 1734 597 turba
1789 545 2042 600 famulo-

368 637 504 674 rum
531 613 1008 688 gloriari,neque
1041 613 1376 688 divitiarum
1410 618 1833 688 nostrorum,si
1870 617 1938 670 iis
1962 619 2044 672 af-

371 686 658 752 ﬂuamus,
697 688 878 743 nimia
923 687 1104 742 teneri
1157 703 1297 741 cura
1345 691 1400 741 et
1431 686 1853 742 sollicitudine.
1921 689 2041 743 Illis

365 778 568 834 porro,
604 761 704 834 qui
737 759 1339 834 inde_vel_ti_m_endam
1362 764 1716 834 egestatem,
1751 758 1837 813 vel
1876 761 2042 830 justo

409 851 584 890 auem
621 831 942 902 aliquando
973 831 1230 885 defuisse
1262 831 1373 886 sibi
1407 847 1699 902 opponere
1749 838 2039 903 poterant,

392 905 847 961 uculentissime
879 904 1214 973 respondet.

441 977 561 1032 Nec
615 977 816 1030 minus
866 971 1243 1045 perspicuum
1292 971 1492 1026 facit37
1521 989 1698 1041 quam
1747 974 1908 1030 dives
1967 975 2045 1031 sit

367 1048 687 1121 frugalitas
713 1064 839 1121 qua
869 1047 940 1102 ad
973 1045 1228 1121 laborem
1263 1060 1524 1121 omnem,
1551 1062 1817 1121 angores,
1858 1046 2042 1121 mole-

366 1117 518 1176 stia's
550 1125 609 1175 et
641 1119 992 1174 al'llictiones
1025 1118 1314 1189 patienter
1365 1117 1696 1171 tolerandas
1748 1119 1894 1172 bene
1950 1119 2039 1174 iu-

362 1192 608 1259 structi,
640 1198 876 1246 terrena
907 1188 1060 1245 bona
1087 1188 1470 1260 despicimus.
1496 1189 1708 1244 Subdit
1731 1189 2039 1260 plurajam

368 1281 402 1321 a
435 1281 501 1320 se
532 1265 606 1319 de
638 1264 959 1333 conjugum
995 1261 1204 1316 officiis
1235 1267 1290 1315 et
1322 1260 1393 1315 de
1419 1260 1750 1333 Christiana
1797 1262 2041 1317 institu-

365 1337 532 1392 tione
564 1332 1092 1405 fuisss’di’sputata.
1119 1333 1512 1405 Quamobrem
1536 1332 1888 1404 Penelopen,
1913 1352 2039 1404 qua:

361 1403 1506 1481 postdiuturnam—viriabsentiamnulli
1542 1403 1802 1481 unquam
1823 1403 2044 1481 nubere

361 1476 577 1542 Voluit,
615 1479 674 1533 in
709 1476 844 1533 ﬁdei
876 1477 1228 1548 conjugalis,
1263 1481 1320 1530 et
1348 1480 1667 1548 Spartanos
1699 1477 1798 1547 qui
1826 1485 1889 1531 ut
1911 1480 2040 1533 ado-

365 1551 668 1607 lescentes
721 1550 792 1605 ab
846 1548 1126 1604 ebrietate
1175 1549 1554 1614 deterrerent,
1607 1548 1798 1618 ilotas,
1850 1549 1906 1604 id
1956 1555 2044 1606 est

364 1640 574 1680 servos
607 1639 768 1689 suos,
804 1620 1081 1676 inebriari
1114 1621 1418 1690 cogebant,
1451 1618 1510 1673 in
1537 1619 1890 1687 frugalitatis
1910 1639 2042 1692 pro-

365 1695 536 1767 ponit
566 1693 924 1764 exemplum.
959 1694 1241 1767 Observat
1266 1693 1717 1767 autem__triplex
1739 1709 1890 1767 esse
1932 1694 2040 1748 ho-

365 1761 605 1823 inimum
638 1761 952 1837 genus,ex
984 1761 1520 1837 quibusnonnulli,
1547 1765 2036 1833 sicutAbraham,

1537 351 1635 402 DE
1673 351 1934 406 TRIBUS
1970 352 2356 410 PEDAGOGI
2393 354 2651 410 LIBRIB.

3704 354 3814 410 826

2074 476 2128 543 Α
2158 474 2259 540 ait,
2295 475 2562 549 simplex,
2610 477 2852 549 munda,
2915 475 3180 544 honesta,
3239 477 3485 549 frugalis
3515 495 3581 534 ac
3634 478 3813 534 unius

2157 552 2414 615 tantum,
2449 547 2563 602 albi
2596 548 2820 603 scilicet
2851 549 3063 604 coloris
3094 555 3151 604 et
3207 547 3408 613 nativi,
3441 568 3472 605 a
3523 549 3811 605 fullonum

2154 619 2403 673 artiﬁcio
2434 620 2644 686 aliena,
2681 637 2961 691 personae,
2981 621 3158 688 aatali,
3179 622 3476 692 dignitati,
3496 624 3656 676 sexui
3679 629 3816 692 apta

2153 697 2210 764 et
2240 694 2591 746 conveniens
2623 709 2752 746 esse
2783 693 2972 748 debet.
3008 693 3252 748 lnaures
3283 700 3481 748 autem
3509 694 3813 764 Pedagogi

2153 761 2383 832 legibus
2416 764 2624 836 vetitas
2655 780 2788 836 esse
2811 767 3088 820 ostendit.
3120 781 3186 820 ac
3219 765 3516 820 hominem
3540 765 3640 836 qui
3671 761 3814 820 auro

2152 851 2215 889 se
2246 835 2440 889 ornari
2473 835 2678 900 credit,
2711 835 2970 906 seipsum
3006 838 3103 890 illo
3153 837 3400 906 probare
3451 835 3809 892 inferiorem.

2151 909 2410 960 Aureum
2443 913 2639 962 tamen
2667 912 2953 962 annulum
3004 906 3236 962 mulieri
3269 908 3557 971 concedit,
3591 926 3705 963 non
3738 909 3809 962 ad

2152 984 2423 1033 ornatum
2458 979 2720 1049 quidem,
2754 979 2840 1032 vel
2874 979 2945 1034 ad
2977 979 3299 1034 nobilitatis
3327 997 3444 1034 suae
3467 981 3813 1034 ostentatio-

2154 1065 2310 1114 nem,
2345 1051 2444 1104 sed
2480 1067 2596 1119 quo
2627 1067 2695 1105 ea.
2729 1067 2855 1120 quas
2888 1052 3049 1106 domi
3099 1053 3388 1106 servanda
3444 1058 3605 1119 sunt,
3656 1051 3810 1106 obsi-

2151 1128 2424 1191 gnentur.
2459 1122 2574 1176 Nec
2607 1122 2665 1176 in
2697 1121 2842 1178 alios
2877 1139 3021 1177 usus
3059 1124 3183 1178 viro
3241 1122 3425 1177 caelibi
3457 1140 3523 1177 ac
3575 1122 3810 1192 publico

2153 1209 2395 1266 munere
2428 1193 2692 1266 fungenti
2725 1210 2859 1249 eum
2894 1195 3198 1264 permittit.
3225 1194 3389 1249 Hunc
3412 1199 3609 1250 autem
3637 1211 3811 1264 parvo

2150 1264 2277 1337 vult
2307 1265 2470 1320 indui
2503 1264 2708 1334 digito,
2741 1266 3058 1337 nullosque
3087 1267 3147 1321 in
3177 1283 3242 1322 eo
3266 1268 3509 1322 deorum
3542 1273 3644 1320 aut
3685 1267 3809 1337 idos

2153 1335 2368 1408 lorum,
2399 1338 2500 1392 sed
2533 1337 2843 1401 οοιυωὺω,
2880 1335 3080 1408 piscis,
3133 1340 3336 1402 maris,
3385 1338 3672 1401 anchoris,
3722 1336 3808 1392 vel

2151 1407 2412 1480 ejusdem
2457 1409 2692 1478 generis
2737 1407 2961 1479 effigies
3006 1416 3064 1464 et
3092 1411 3262 1480 signa
3315 1409 3566 1479 insculpi
3600 1413 3656 1463 et
3711 1425 3810 1464 ex-

2154 1479 2348 1550 primi.
2384 1481 2468 1535 Ibi
2501 1499 2670 1551 porro
2701 1481 2890 1536 obiter
2931 1487 3128 1536 monet
3152 1479 3454 1538 ’Clemens
3495 1482 3810 1551 quemdam

2153 1551 2549 1621 pulchriorem
2583 1553 2858 1608 vestitum
2889 1557 2948 1609 et
2971 1559 3243 1608 ornatum
3279 1553 3560 1608 uxoribus
3603 1569 3809 1607 conce-

2152 1624 2434 1694 dendum,
2469 1641 2583 1694 quo
2611 1623 2752 1679 solis
2803 1623 2966 1692 viris,
3021 1625 3265 1678 minime
3325 1641 3456 1680 vero
3515 1624 3670 1692 aliis,
3732 1624 3813 1678 ita

2152 1693 2440 1764 placeant,
2475 1693 2538 1749 ut
2559 1696 2688 1750 illos
2714 1696 3067 1768 pedetentim
3089 1695 3316 1766 possint
3343 1697 3413 1751 ad
3437 1697 3810 1751 moderatum

2152 1772 2659 1836 temperatumque
2679 1767 2907 1839 vivendi
2929 1784 3120 1839 genus
3141 1768 3454 1839 adducere.
3474 1772 3550 1821 At
3572 1783 3807 1822 omnem

367 1834 763 1916 sponte_sua;_
793 1835 893 1916 alii
929 1837 1155 1916 vero-ab
1178 1834 1637 1916 aliisadmoniti,
1660 1837 2037 1916 quemadmo-
2069 1853 2116 1916 Β
2150 1834 2391 1916 prorsus
2424 1834 2626 1892 luxum
2661 1844 2719 1892 et
2741 1834 2963 1916 fucum'8
2997 1855 3103 1916 nec
3135 1838 3280 1894 satis
3310 1840 3666 1916 modestaet
3697 1854 3808 1916 pu-

363 1907 509 1965 dum
546 1908 767 1965 Christi
799 1907 1100 1978 discipuli,
1150 1908 1427 1962 virtutem
1483 1911 1754 1976 quarunt
1802 1913 1860 1961 et
1908 1925 2040 1962 am-

364 1983 682 2054 plexantur
711 1999 724 2049 ;
759 1979 859 2054 alii
893 1980 1154 2054 tandem,
1187 1979 1344 2054 velut
1377 1978 1628 2054 populus
1652 1978 1911 2049 gentilis,
1936 1997 2041 2035 nec

373 2049 552 2119 ultro,
587 2069 694 2108 nec
730 2052 845 2124 piis
878 2050 1376 2106 admonitionibus
1427 2049 1578 2105 llecti
1631 2055 1877 2120 possunt
1913 2057 2043 2124 __aut

377 2125 614 2180 erudiri.
642 2121 1010 2194 Quapropter
1031 2123 1264 2178 divinus
1283 2127 1481 2194 noster
1529 2124 1884 2194 paedagogus
1904 2121 2041 2194 illos

385 2203 442 2252 et
476 2197 659 2252 verbis
694 2202 752 2251 et
775 2193 1068 2264 exemplis
1118 2195 1205 2249 vel
1255 2211 1286 2248 a
1329 2193 1482 2247 vitiis
1528 2193 1775 2258 revocat,
1831 2193 1916 2248 vel
1967 2196 2038 2249 ad

387 2269 652 2322 virtutem
685 2267 1054 2323 adhortatur.
1089 2266 1170 2320 Ex
1211 2266 1388 2320 variis
1435 2269 1630 2320 autem
1680 2266 2041 2335 ejuscemodi

380 2340 662 2411 exemplis
696 2356 882 2394 unum
917 2338 1195 2411 Clemens
1227 2337 2041 2411 seligit,_nempe_Sodomita-

373 2407 819 2482 ruquuorum
857 2410 1058 2482 utique
1086 2407 1381 2482 supplicio
1422 2407 1518 2482 alii
1544 2407 1856 2482 cautiores
1915 2410 2038 2464 fieri

368 2479 610 2539 debent.
644 2483 725 2538 Ex
754 2482 919 2538 Judae
943 2479 1233 2550 siquidem
1254 2479 1500 2552 epistola
1524 2481 1888 2537 demonstrat
1916 2498 2040 2551 eos,

365 2556 469 2627 qui
506 2573 622 2610 non
659 2554 718 2609 in
751 2556 979 2618 eadem,
1012 2569 1093 2627 ac_
1117 2553 1222 2627 illi,
1280 2557 1513 2627 peccata
1564 2552 1816 2627 prolapsi
1878 2559 2037 2623 sunt,

365 2624 834 2707 similes‘ptenas
895 2643 1010 2680 non
1066 2624 1346 2707 dedisse.‘
1379 2624 1692 2707 Subnectit
1734 2628 1929 2679 autem
1975 2641 2038 2681 se

365 2699 544 2771 plura
573 2694 689 2753 alia
716 2697 1180 2771 intemperantia:
1222 2694 1505 2771 et_1uxu_s
1557 2696 1812 2767 proferre
1864 2714 2036 2769 posse

365 2767 667 2842 exempla,
700 2771 802 2826 sed
833 2767 974 2835 illis,
1010 2785 1080 2824 ne
1111 2767 1391 2841 prolixior
1429 2769 1527 2838 sit,
1585 2783 1714 2824 esse
1759 2767 2034 2840 superse-

363 2845 653 2899 dendum.

439 2916 525 2970 Ad
561 2913 808 2970 balneas
841 2915 1034 2966 autem
1072 2915 1205 2980 post
1238 2910 1472 2979 longam
1524 2926 1687 2966 sane.
1734 2926 2033 2981 quamque

367 2985 499 3058 ipse
531 2991 796 3058 excusat,
847 2983 1270 3054 digressionem
1325 2983 1632 3058 revertitur
1659 2983 1722 3034 ³⁸.
1775 2985 2036 3058 Quatuor

363 3053 504 3113 vero
536 3059 680 3112 dicit
697 3055 932 3110 illarum
953 3072 1083 3109 esse
1105 3071 1334 3119 causas,
1359 3053 1734 3110 munditiam.
1757 3053 2030 3121 calorem,

369 3131 713 3192 sanitatem,
744 3126 1124 3196 voluptatem.
1152 3133 1224 3178 At
1246 3126 1745 3196 quemadmodum
1768 3125 2031 3180 mulieri-

2153 1909 2282 1980 dica
2312 1915 2655 1964 ornamenta
2683 1910 3011 1980 proscribit.
3041 1910 3214 1965 Porro
3244 1915 3440 1965 autem
3475 1910 3691 1964 ibidem
3715 1909 3810 1964 ille

2152 1979 2403 2054 explicat
2431 1979 2725 2050 quomodo
2755 1982 2858 2054 pili
2887 1982 3196 2054 crinesque
3230 1982 3526 2036 nutriendi
3559 1986 3614 2035 et
3646 1997 3809 2054 com-

2155 2051 2430 2124 ponendi,
2457 2060 2632 2124 atque
2654 2051 2834 2109 barba
2865 2070 2898 2108 a
2927 2053 3064 2109 viris
3095 2052 3342 2120 alenda;
3385 2071 3452 2108 ac
3511 2053 3808 2124 quomodo

2153 2123 2564 2194 unusquisque
2597 2125 2657 2179 in
2692 2130 2875 2189 metu,
2916 2142 3145 2195 gressu,
3200 2126 3456 2192 incessu,
3517 2123 3810 2195 gestibus,

2152 2195 2382 2266 ﬁguris,
2417 2214 2574 2262 voce,
2608 2202 2872 2266 aspectu,
2895 2205 3072 2268 atque
3102 2213 3240 2267 erga
3258 2197 3504 2250 ancillas
3535 2202 3811 2268 etservos

2152 2283 2281 2322 sese
2309 2284 2508 2349 gerere
2545 2268 2771 2324 debeat.
2805 2270 2955 2324 Tum
2983 2267 3200 2323 deinde
3233 2269 3440 2339 probat
3487 2267 3812 2392 prohibitas

2152 2353 2280 2392 esse
2302 2345 2646 2392 tonstrinas.
2679 2357 2998 2392 caunonas-
3031 2345 3385 2392 tesserarum
3419 2347 3472 2392 et
3521 2339 3642 2392 ueri
3673 2354 3812 2392 cau-

2151 2353 2280 2393 esse
2302 2339 2646 2405 tonstrinas,
2679 2357 2998 2410 cauponas,
3031 2345 3385 2396 tesserarum
3419 2347 3472 2394 et
3496 2339 3642 2394 lucri
3673 2354 3813 2393 cau-

2151 2426 2218 2465 sa
2240 2410 2491 2466 talorum
2513 2410 2718 2466 ludum
2739 2430 2753 2468 ς
2780 2413 3116 2480 fugiendam
3143 2411 3546 2482 improborum
3571 2427 3814 2466 consue-

2149 2483 2453 2549 tudinem;
2485 2488 2541 2538 et
2562 2483 2916 2553 spectacula,
2950 2483 3254 2555 quidquid
3300 2482 3598 2555 nonnulli
3631 2482 3808 2537 recla-

2151 2560 2332 2618 ment,
2364 2571 2494 2610 esse
2525 2555 2858 2611 interdicta.
2906 2553 3154 2611 Sdbhaac
3205 2553 3446 2625 planum
3498 2554 3634 2608 facit
3692 2570 3810 2623 quo

2148 2625 2352 2682 habitu
2385 2631 2443 2682 et
2473 2628 2645 2682 modo
2673 2628 2814 2684 viris
2847 2627 3267 2682 stmulieribus
3288 2627 3358 2682 ad
3384 2625 3689 2680 ecclesiam
3715 2642 3808 2680 ve-

2148 2697 2454 2769 niendum,
2486 2704 2665 2769 atque
2695 2699 2768 2754 ab
2799 2715 2866 2754 ea
2898 2700 3311 2766 recedendum,
3333 2699 3472 2768 quid
3500 2698 3554 2750 in
3582 2696 3802 2752 osculis

2146 2775 2204 2824 et
2233 2768 2690 2826 salutationibus
2719 2771 3045 2838 vitandum,
3069 2788 3134 2826 ac
3162 2773 3340 2826 vitam
3361 2769 3677 2826 Christiani
3706 2769 3807 2823 de-

2145 2841 2281 2914 bere
2312 2841 2385 2914 ab
2415 2843 2574 2896 omni
2612 2843 2844 2913 penitus
2875 2845 3282 2914 cujuscunque
3306 2841 3446 2897 mali
3466 2840 3804 2913 suspicione

2144 2929 2242 2968 ese
2269 2912 2515 2968 liberam
2547 2912 2904 2969 et’solutam.

2218 2983 2370 3039 Viris
2403 3001 2573 3054 porro
2605 3002 2816 3040 suasor
2845 2991 2903 3040 et
2929 2988 3133 3040 auctor
3153 2989 3243 3039 est
3274 2985 3343 3049 ",
3369 3000 3441 3038 ne
3473 2999 3681 3039 uxores
3704 2999 3801 3038 co-

2144 3072 2268 3110 ram
2302 3056 2541 3111 famulis
2590 3058 2954 3120 osculentur,
3010 3073 3116 3111 nec
3148 3056 3304 3111 ullus
3353 3055 3507 3110 bona
3539 3061 3595 3110 et
3640 3057 3802 3124 justa

2141 3127 2510 3199 ethnicorum
2546 3134 2833 3198 praecepta
2864 3136 3122 3199 respuat,
3155 3129 3255 3183 sed
3290 3143 3488 3182 eorum
3522 3127 3664 3182 vitia
3701 3127 3803 3181 de-

370 3203 487 3257 bus
520 3199 848 3288 munditiae,
877 3215 943 3252 ac
978 3199 1121 3253 viris
1170 3197 1445 3253 sanitatis
1500 3214 1679 3288 causa
1701 3198 2030 3288 jpermis‘saa
2061 3222 2104 3288 ρ
2144 3198 2341 3288 piinet,
2372 3204 2438 3288 e‘t'
2460 3197 2824 3256 sanctum’se
2853 3197 3130 3288 omnibus
3169 3207 3227 3255 et
3256 3200 3660 3288 incorruptum
3703 3213 3804 3251 ex-

369 3280 534 3341 sunt,
564 3275 646 3328 ita
669 3271 880 3327 caloris
906 3287 1042 3339 ergo
1074 3285 1466 3341 supervacuae,
1492 3286 1556 3324 ac
1589 3269 1822 3341 tandem
1869 3269 2032 3324 volu-

367 3340 553 3417 ptatis
579 3345 772 3416 gratia
803 3340 1355 3417 omnibusomnine
1387 3340 1736 3417 Christianis
1789 3341 2035 3417 interdi-

369 3413 608 3474 cuntur:
642 3421 716 3470 At
740 3431 889 3486 vero,
934 3413 1211 3486 quoniam
1275 3413 1636 3486 frequentior
1692 3414 2032 3486 earumdem

366 3507 515 3546 usus
547 3487 809 3559 corporis
841 3483 994 3540 vires
1027 3485 1376 3559 debilitat_et
1405 3501 1553 3555 saepe
1581 3483 1863 3559 dissolvit,
1888 3483 2034 3559 hinc

365 3555 860 3630 Clemens'arguit
892 3574 1010 3630 non,
1040 3573 1274 3628 semper
1300 3555 1642 3630 lavandum,
1676 3557 1772 3611 sed
1808 3556 2031 3630 haben-

370 3635 504 3688 dam
542 3629 752 3699 aetatis,
785 3629 1050 3701 corporis
1082 3634 1137 3684 et
1159 3629 1446 3701 temporis
1473 3629 1780 3701 rationem,
1833 3645 1937 3682 nec
1972 3629 2029 3683 in

367 3704 598 3760 balneis
632 3703 825 3758 aliena
857 3699 1119 3772 unquam
1155 3717 1263 3771 ope
1295 3706 1347 3755 et
1374 3699 1699 3772 ministerio
1725 3701 2032 3756 utendum.

365 3775 484 3832 Nos
517 3781 713 3830 autem
740 3773 819 3828 ibi
853 3771 1130 3828 admonet
1161 3773 1333 3843 longe
1359 3771 1739 3841 praestantius
1761 3787 1892 3826 esse
1913 3772 2034 3826 ani-

366 3866 473 3904 mas
505 3864 687 3917 quam
720 3846 982 3915 corporis
1011 3848 1333 3917 lavacrum,
1360 3849 1560 3915 utpote
1589 3861 1704 3914 quo
1729 3843 1892 3900 illius
1914 3861 2033 3900 sor-

362 3921 467 3976 des
497 3916 555 3973 et
586 3922 824 3989 peccata
855 3917 1090 3988 penitus
1119 3916 1422 3972 eluuntur.

442 3986 832 4063 Gymnasium
856 3986 1051 4063 porro
1101 4006 1204 4044 seu
1236 3986 1497 4063 corporis
1530 3986 2032 4063 exercitationem

369 4058 512 4135 qua;
532 4064 602 4118 ad
633 4062 796 4135 illius
828 4058 1142 4135 sanitatem
1180 4058 1482 4135 utilisest,
1513 4059 1682 4114 docet
1699 4058 1970 4135 Clemens
1985 4061 2035 4135 f”

365 4130 847 4190 adolescentibus
879 4149 982 4204 pro
1014 4131 1224 4187 balneo
1256 4132 1546 4196 sufficere,
1601 4137 1779 4204 atque
1810 4148 1843 4186 a
1890 4130 2033 4186 viris

363 4207 558 4262 eidem
595 4205 802 4262 balneo
825 4203 954 4260 esse
982 4205 1475 4276 anteponendam.
1494 4203 1768 4276 Mulieres
1795 4219 2033 4276 quoque

363 4279 515 4345 telae,
548 4285 605 4334 et
634 4278 804 4344 lanae,
840 4276 1089 4346 aliisque
1120 4274 1288 4332 sexui
1317 4293 1427 4331 suo
1459 4275 1733 4346 congruis
1754 4274 2032 4344 operibus

364 4344 618 4406 exerceri
649 4351 861 4406 debere
890 4344 1166 4405 ostendit.
1201 4349 1315 4403 Nec
1347 4353 1519 4418 turpe
1546 4344 1631 4402 eis
1665 4363 1795 4418 esse
1842 4350 2028 4416 putat,

363 4422 412 4477 si
449 4424 519 4477 ad
579 4422 923 4493 pistrinum,
971 4421 1088 4493 ubi
1134 4419 1395 4493 Pittacus
1449 4417 1548 4493 rex
1603 4417 2025 4493 Mitylenaeum

363 4489 651 4549 moluis‘se
685 4496 890 4561 fertur,
924 4492 1229 4556 accedant,
1259 4508 1326 4546 ac
1361 4491 1416 4545 in
1449 4490 1578 4545 cibo
1609 4494 1666 4544 et
1698 4489 1836 4558 potu
1885 4489 2026 4545 viris

362 4567 491 4622 suis
525 4566 891 4621 conficiendo
923 4569 1216 4634 occupata:
1248 4563 1388 4616 sint.
1439 4565 1566 4634 Per
1595 4577 1730 4616 eum
1792 4577 2028 4634 quoque

362 4637 672 4694 nonnullis
702 4637 842 4692 viris
871 4632 1224 4708 quandoque
1256 4634 1392 4690 licet
1423 4632 1731 4708 aut_lueta,
1758 4636 1860 4687 aut
1891 4632 2028 4708 phe-

361 4711 567 4775 ninda,
601 4727 700 4766 seu
737 4704 912 4780 parvo
945 4704 1144 4779 globo,
1178 4712 1279 4780 aut
1337 4704 1716 4780 agricultura,
1745 4708 1869 4780 aut_
1907 4704 2026 4760 sal-

359 4787 480 4837 tem
512 4777 987 4837 deambulatione
1017 4779 1292 4834 exerceri.
1329 4777 1476 4846 Quid
1512 4793 1668 4841 vero,
1716 4777 1872 4847 quod
1924 4794 2024 4832 eos

365 4872 582 4923 aquam
617 4853 876 4919 haurire,
908 4851 1069 4922 ligna
1100 4852 1366 4906 scindere
1397 4854 1629 4923 et_voce
1661 4847 1778 4923 alta
1833 4847 2025 4918 legere

365 4921 681 4998 pulchrum
696 4921 1020 4998 existimat?
1033 4924 1174 4998 stin
1189 4924 1282 4998 his
1296 4921 1811 4998 exercitationibus
1827 4938 2027 4998 quem-

363 4994 686 5055 admodum
720 4996 998 5052 omnibus
1029 4995 1086 5049 in
1123 4996 1319 5061 rebus,
1357 4996 1595 5050 modum
1649 5009 1880 5061 semper
1919 4994 2022 5048 ad-

363 5070 552 5126 hiberi
578 5071 769 5138 jubet.
803 5071 1012 5123 Censet
1044 5067 1297 5138 denique
1328 5072 1514 5124 artem
1551 5065 1950 5137 piscatoriam,
1971 5065 2021 5121 si

364 5144 554 5198 otium
588 5137 782 5206 fuerit,
812 5137 1170 5196 laudabilem
1224 5139 1465 5210 quidem
1524 5153 1672 5202 esse,
1732 5138 1832 5210 sed
1893 5153 2022 5193 eam

362 5216 537 5288 longe
558 5209 1258 5288 laudabiliorem-sicuti
1305 5210 1574 5288 Christus
1626 5209 1846 5278 docuit,
1907 5227 2025 5281 qua

362 5282 860 5358 non'piscestsed
893 5282 1165 5358 homines
1195 5283 1527 5358 capiuntur.

432 5351 822 5415 Posthaccille
853 5372 980 5428 qua:
1015 5355 1071 5410 in
1102 5355 1210 5428 hoc
1241 5351 1298 5409 et
1327 5353 1631 5426 superiore
1651 5351 1799 5428 libro
1834 5351 2022 5407 fusius

356 5431 659 5501 disputata
690 5433 852 5491 sunt,
873 5425 954 5483 'ea
983 5428 1039 5481 in
1073 5427 1368 5501 epitomen
1404 5425 1461 5481 et
1490 5425 1904 5501 compendium
1927 5441 2025 5501 re-

354 5495 505 5570 digit
534 5504 597 5556 ‘0.
632 5505 675 5557 A
706 5505 866 5556 veste
898 5495 1356 5569 autem’incipit,
1389 5495 1760 5570 etnquamvis
1819 5495 1891 5549 ab
1925 5495 2024 5550 illa

358 5569 474 5630 non
505 5591 677 5629 omne
709 5589 952 5644 prorsus
981 5586 1192 5624 aurum
1227 5576 1328 5644 aut
1353 5569 1658 5644 mollitiem
1680 5573 1898 5644 arceat,
1927 5585 2022 5644 se:

356 5648 496 5703 dulo
524 5639 723 5701 tamen
752 5643 1022 5715 prohibet
1070 5658 1142 5696 ne
1181 5642 1318 5715 quid
1355 5642 1403 5696 ei
1440 5642 1714 5715 addatur,
1747 5639 1900 5709 quod
1949 5640 2021 5694 ad

359 5719 598 5776 mollem
633 5712 1118 5785 luxuriosamque
1148 5714 1325 5768 vitam
1378 5712 1699 5785 quemlibet
1758 5728 2018 5785 unquam

357 5791 542 5864 possit
573 5788 895 5862 impellere.
930 5783 1268 5843 Christiana
1297 5783 1498 5857 itaque
1542 5784 1742 5850 vestis,
1794 5787 1858 5838 ut
1899 5783 2022 5856 ipse

431 5932 474 5968 ³⁷
505 5949 636 6006 cap;
669 5931 786 5988 8.”
817 5946 940 6002 cap.
971 5928 1024 5984 9.
1057 5928 1101 5963 3'
1137 5944 1262 6000 cap.
1297 5927 1387 5984 40.
1417 5928 1464 5963 ⁴⁰
1493 5943 1620 6001 cap.
1656 5926 1747 5986 11.
1781 5925 1825 5961 ⁸⁸
1853 5942 1982 5999 cap.
2016 5926 2102 5982 12.

2147 3270 2364 3326 hibeat.
2395 3275 2611 3326 Verum
2644 3289 2777 3327 cum
2813 3271 2964 3327 mala
2997 3278 3226 3327 tantum
3253 3277 3313 3326 et‘
3332 3276 3568 3341 peccata
3600 3270 3802 3338 fugere

2145 3346 2203 3397 et
2233 3344 2545 3398 emendare
2578 3360 2690 3398 non
2725 3343 2998 3408 sufﬁciat,
3034 3343 3146 3399 nisi
3176 3349 3233 3398 et
3262 3341 3458 3398 omnia
3499 3341 3599 3398 Dei
3653 3358 3796 3412 prae-

2144 3421 2310 3486 cepta
2343 3415 2722 3486 impleantur,
2759 3415 2890 3470 hinc
2920 3416 3189 3471 Clemens
3229 3431 3353 3483 quae
3401 3429 3470 3468 ea
3499 3414 3618 3470 sint
3665 3417 3803 3486 ante

2144 3485 2838 3559 omnium’ponitoculos.
2874 3487 2940 3541 Et
2998 3487 3185 3559 primo
3244 3486 3482 3559 quidem
3541 3485 3800 3559 ostendit

2143 3556 2241 3612 illa
2271 3557 2381 3613 hoc
2413 3556 2711 3614 cemmuni
2745 3559 2917 3614 ell'ato
2941 3574 2954 3613 :
2980 3556 3014 3608 (ἱ
3043 3559 3207 3624 Quod
3242 3558 3347 3613 tibi
3381 3575 3496 3612 non
3530 3557 3616 3611 vis
3649 3557 3795 3623 ﬁeri,

2144 3629 2310 3683 alteri
2343 3647 2457 3684 non
2495 3631 2770 3696 feceris,»
2790 3647 2857 3685 ac
2879 3631 3112 3686 duobus
3127 3630 3303 3687 etiam
3321 3628 3626 3685 charilatis
3649 3645 3797 3699 prea-

2143 3701 2326 3772 eeptis
2348 3702 2670 3772 generatim
2699 3703 3008 3758 contineri.
3029 3705 3325 3767 Attamen,
3361 3706 3423 3755 ut
3444 3701 3564 3755 haec
3584 3701 3800 3755 enoda-

2144 3773 2262 3828 tius
2288 3779 2344 3828 et
2369 3773 2709 3829 distinctius
2740 3774 3126 3843 explicentur,
3146 3775 3345 3830 omnia
3376 3772 3678 3843 sigillatim
3701 3788 3798 3826 ex-

2145 3845 2309 3914 ponit
2338 3845 2522 3901 divini
2556 3845 2738 3901 nostri
2772 3847 3076 3918 Pasdagogi
3108 3849 3414 3918 praacepta,
3450 3849 3626 3914 atque
3681 3843 3800 3914 pri-

2145 3933 2309 3988 mum
2341 3919 2608 3988 quaedam
2666 3918 2840 3974 refert
2897 3919 2955 3973 in
3014 3917 3306 3988 Decalogo
3351 3918 3694 3981 constituta,
3727 3932 3794 3988 ae

2144 3987 2453 4045 deindeea
2483 4007 2612 4060 qua:
2644 3991 2718 4045 ab
2746 3990 2947 4046 eodem
2975 3990 3291 4060 Pedagogo
3314 3989 3540 4060 sancite
3564 3992 3702 4060 sunt
3723 3987 3797 4060 de

2144 4061 2422 4116 orationis
2458 4058 2651 4124 modo,
2701 4062 2772 4116 de
2813 4061 3067 4131 jejunio,
3111 4058 3438 4125 sacrificiis,
3491 4058 3797 4130 patientia,

2143 4132 2452 4193 militibus.
2475 4133 2775 4202 judicibus
2805 4139 2863 4188 et
2891 4132 3198 4199 divitibus;
3224 4134 3296 4187 de
3321 4131 3654 4202 reipublicae
3695 4131 3800 4202 ad-

2143 4200 2598 4265 ministratione.
2630 4205 2702 4258 de
2724 4205 3137 4273 jurejurando,
3160 4206 3230 4259 de
3274 4200 3520 4273 acceptis
3567 4200 3799 4273 injurias

2141 4275 2450 4339 oblivione,
2486 4271 2811 4336 mendacio,
2843 4271 3140 4341 superbia,
3204 4271 3640 4336 misericordia,
3668 4271 3794 4326 ira:

2139 4347 2210 4419 de
2243 4347 2559 4419 diligendis
2590 4347 2870 4415 inimicis,
2893 4349 2963 4401 de
2982 4347 3335 4419 famulorum
3359 4363 3490 4412 usu,
3511 4346 3581 4419 de
3603 4343 3798 4419 fratri-

2138 4418 2249 4472 bus
2281 4415 2615 4490 arguendis.
2652 4420 2724 4472 de
2753 4419 2980 4488 agenda
3015 4418 3375 4489 pcsnitentia,
3415 4434 3484 4472 ac
3530 4417 3602 4490 de
3644 4415 3798 4490 elec-

2139 4487 2383 4560 mosyna
2416 4489 2759 4544 hominibus
2791 4487 3197 4559 indigentibus
3226 4489 3638 4561 impertienda,
3692 4487 3798 4561 llic

2137 4558 2314 4616 etiam
2340 4561 2500 4617 varia
2529 4562 2600 4617 de
2621 4561 2965 4618 Christianae
2988 4563 3112 4617 vita:
3140 4558 3510 4618 institutione
3531 4577 3600 4616 ex
3627 4558 3795 4614 Pauli

2139 4633 2418 4730 Epistplis
2441 4640 2724 4730 praeepta
2747 4633 3028 4730 eongerit.
3057 4635 3318 4730 Eosthasc
3339 4650 3471 4690 vero
3499 4631 3800 4730 aubnectit

2138 4722 2200 4758 se
2237 4705 2498 4776 potuisse
2531 4706 2700 4778 plura
2731 4705 2846 4761 alia
2871 4705 3001 4778 quae
3033 4707 3104 4762 ad
3138 4708 3464 4778 episcopos,
3497 4705 3796 4768 diaconos,

2133 4776 2342 4850 viduas
2365 4778 2630 4848 aliosque
2647 4783 2935 4850 spectant,
2953 4796 3019 4835 ex
3033 4777 3595 4850 sacrisScripturisI
3609 4775 3654 4831 8
3673 4791 3798 4850 pro-

2133 4849 2303 4916 ferre,
2328 4850 2428 4906 sed
2462 4847 2625 4906 deiis
2656 4847 2813 4905 aliud
2849 4851 2966 4906 fore
2997 4851 3229 4906 dicendi
3283 4847 3548 4921 tempus.
3611 4847 3797 4903 Multa

2133 4937 2371 4994 quoque
2403 4923 2460 4976 in
2496 4922 2713 4977 eisdem
2749 4922 3067 4994 Seripturis
3099 4940 3202 4993 per
3231 4923 3546 4991 aenigmata
3593 4924 3650 4994 et
3690 4935 3797 4994 pa-

2134 4989 2365 5048 rabolas
2397 4994 2616 5067 scripta
2646 5011 2774 5049 esse
2805 4989 3253 5067 profitetur,sec
3274 4989 3434 5049 adea
3458 4989 3796 5067 noansda-

2131 5081 2301 5136 gogo,
2337 5065 2824 5133 cujus'instituta
2866 5068 2990 5136 jam
3047 5065 3191 5122 satis
3242 5065 3611 5134 exposuerat,
3658 5075 3797 5136 esse

2133 5133 2517 5202 enucleanda,
2551 5139 2653 5193 sed
2686 5155 2718 5194 a
2748 5133 3208 5205 solo'magistro,
3255 5133 3508 5204 Christo,
3566 5133 3795 5188 scilicet

2133 5208 2403 5278 Domino,
2437 5211 2536 5281 qui
2572 5209 2708 5266 boni
2743 5210 2930 5264 Patris
2953 5211 3106 5281 bona
3127 5206 3398 5281 voluntas
3419 5211 3476 5262 et
3501 5205 3792 5281 sapientia

2132 5276 2434 5351 germana,
2456 5276 2576 5338 'nos
2604 5285 2809 5336 saneta
2839 5280 3172 5350 cognitione
3201 5279 3412 5336 imbuit
3441 5281 3536 5351 ;e_t
3558 5276 3617 5330 in
3639 5293 3790 5351 quo,

2132 5349 2181 5408 si
2217 5353 2511 5408 mandatis
2541 5353 2670 5420 ejus
2705 5349 3016 5407 iecerimus
3047 5351 3214 5417 satis,
3249 5367 3313 5407 ac
3345 5367 3478 5406 eum
3504 5349 3792 5420 fuerimus

2132 5425 2366 5488 imitati,
2401 5419 2633 5495 semper
2661 5424 3052 5479 manebimus.
3083 5424 3234 5478 Tum
3280 5419 3790 5495 deinde_Clemens

2131 5497 2495 5552 Christianos
2526 5493 2900 5564 alloquendo,
2936 5495 3257 5566 plurimum
3289 5511 3388 5550 eos
3439 5493 3790 5548 adhortatur

2133 5575 2198 5623 ut
2228 5569 2489 5624 Ecclesia:
2522 5583 2830 5640 personam
2864 5566 3170 5640 impleant,
3194 5567 3264 5621 ad
3295 5583 3424 5622 eam
3455 5569 3787 5640 eccm-rant,

2133 5645 2190 5696 et
2220 5635 2538 5706 Christum,
2573 5655 2746 5709 quem
2779 5635 2960 5693 variis
2985 5639 3191 5694 divinas
3223 5644 3444 5694 natura:
3470 5637 3661 5693 titulis
3703 5635 3784 5691 ibi

2131 5717 2396 5773 exornat,
2423 5710 2616 5783 dignis
2648 5727 2882 5783 semper
2908 5709 3184 5766 laudibus
3202 5717 3652 5781 prosequantur.
3679 5713 3784 5764 Po-

2133 5789 2322 5840 stemo
2370 5782 2693 5856 ipsummet
2748 5782 3011 5839 divinum
3061 5783 3344 5850 Verbum,
3391 5785 3780 5856 Pwdagogum
