4090 6424
380 343 491 401 875

384 547 506 610 tur,
562 541 801 595 omnino
833 539 1191 604 sufﬁcerent,
1225 539 1362 610 data
1394 544 1592 595 tamen
1640 539 2048 610 occasione‘ut

394 607 724 667 Encratitas
749 611 952 683 vinum
977 626 1044 683 ex
1070 626 1132 665 se
1147 609 1367 683 malum
1400 626 1530 666 esse
1559 611 1884 683 garrientes
1916 607 2052 662 efﬁ-

391 685 593 739 cacius
624 681 934 746 refelleret,
989 681 1107 736 duo
1141 680 1257 736 alia
1286 680 1757 739 adversus'hunc
1787 695 2048 736 errorem

391 755 860 810 demonstranda
891 752 1163 821 suscipit.

460 826 730 906 Secunda
759 824 1098 906 igiturojus
1122 823 1442 906 propositio
1474 829 1589 906 est,
1617 823 1921 906 Christum
1947 840 2050 906 sae-

384 897 542 966 pius,
589 897 730 951 dum
760 895 1001 959 viveret,
1029 895 1235 949 vinum
1278 895 1541 963 bibisse;
1574 895 1752 951 tertia
1781 911 1916 966 vero
1960 895 2044 949 vi-

388 965 531 1022 num
565 967 637 1021 ab
665 982 732 1021 eo
762 967 822 1021 in
856 966 1069 1020 ultima
1101 981 1268 1021 ccena
1298 966 1699 1022 benedictum.
1747 966 1858 1021 Sed
1893 965 2046 1020 hanc

391 1039 778 1110 posteriorem
823 1037 1084 1109 primum
1138 1037 1230 1092 his
1259 1038 1484 1110 probat
1536 1037 1755 1093 Christi
1800 1037 2042 1110 verbis:

390 1107 419 1159 ἃ
453 1109 577 1163 Non
614 1107 843 1165 bibam_
867 1124 935 1163 ex
966 1110 1161 1163 fructu
1217 1107 1353 1163 vitis
1387 1109 1588 1179 hujus,
1625 1110 1810 1164 donec
1843 1108 2044 1164 hibero

389 1180 590 1252 ipsum
624 1181 682 1235 in
718 1196 896 1251 regno
943 1179 1132 1234 Patris
1178 1179 1312 1252 mei.
1348 1199 1376 1228 ››
1411 1179 1629 1252 Deinde
1673 1179 1882 1252 ordine
1906 1250 1916 1252 _
1941 1196 2044 1250 pa-

387 1250 628 1322 rumper
679 1250 1018 1322 immutate,
1043 1250 1364 1322 secundam
1403 1250 1859 1322 propositionem
1905 1250 2042 1306 hinc

387 1323 515 1393 ipse
530 1321 772 1394 probat,
815 1322 970 1393 quod
997 1321 1263 1394 Christus
1293 1321 1468 1378 homo
1513 1321 1689 1378 vorax
1727 1327 1783 1377 et
1813 1327 2044 1393 potator

385 1395 506 1465 vini
539 1393 694 1465 apud
723 1394 956 1448 Judaaos
987 1393 1258 1465 audierit.

460 1461 596 1520 Haec
624 1469 818 1520 autem
852 1465 902 1519 si
932 1468 1084 1518 recte
1116 1461 1481 1528 distinxeris,
1509 1462 1786 1518 facillime
1817 1463 2027 1518 intelli-

428 1552 491 1592 es
547 1536 898 1592 Clementem
923 1534 994 1590 de
1017 1534 1376 1589 eucharistia
1435 1534 1581 1588 nihil
1614 1533 1773 1588 aliud
1807 1533 1888 1588 ibi
1919 1541 2038 1591 tra-

431 1623 546 1675 ere,
572 1623 750 1678 quam
774 1622 990 1678 eaquae
1023 1607 1196 1660 tertia
1226 1605 1626 1676 propositione
1673 1607 2032 1678 complexus,

385 1677 707 1734 orthodoxo
738 1677 1007 1733 Ecclesiae
1027 1677 1286 1748 dogmati
1321 1679 1489 1749 plane
1509 1677 1917 1732 convenientia
1938 1695 2036 1750 pe-

387 1750 668 1820 nitusque
694 1754 1092 1804 consentanea
1121 1751 1279 1803 sunt.

1101 351 1178 403 ΙΝ
1213 347 1661 402 CLEMENTEM
1698 345 1917 401 ALEX.
1961 348 2023 399 D.
2068 344 2158 396 LE
2197 340 2498 398 NOURRY
2533 345 3012 402 DISSERTATIO
3049 349 3095 400 Ῑ.

382 469 474 524 vis
507 473 704 525 autem
736 469 857 524 hinc
884 468 955 523 ab
983 467 1064 533 id,
1095 467 1248 538 quod
1272 467 1641 539 probandum
1665 465 2044 538 aggredieba-
2072 466 2126 532 Α

3701 344 3812 404 876

2158 461 2292 535 bam
2333 463 2404 518 de
2449 461 2641 518 fructu
2674 463 2809 520 vitis
2863 465 3062 535 hujus,
3089 484 3114 516 ι
3159 481 3275 520 non
3322 465 3572 523 obscure
3611 467 3814 525 innuit

2155 532 2453 611 Christum
2485 532 3054 611 idembenedixi'sse
3089 537 3316 611 vinum,
3349 539 3507 611 quod
3540 544 3674 611 post
3704 541 3816 596 be-

2156 603 2552 679 nedictionem
2586 606 2830 679 biberat.
2881 607 3086 663 Nonne
3115 608 3296 674 enim,
3329 603 3692 679 arguit'ille,
3744 629 3816 667 ea

2153 676 2328 750 verba
2355 677 2654 750 Christum
2686 678 2753 750 in
2777 677 2988 733 ultima
3017 696 3205 750 ccnna,
3238 696 3306 734 ac
3334 676 3582 749 proinde
3612 676 3815 737 ineu-

2153 745 2435 823 charistia
2462 749 2923 823 vinumbibisse
2957 745 3475 823 significant?_Sed
3508 752 3632 808 leve
3661 753 3808 810 illud

2151 817 2759 892 et.iners_Albertini
2816 817 3178 892 telum"jam
3239 823 3592 880 retudimus.
3652 823 3814 880 Nihil

2152 887 2372 959 quippe
2394 888 2674 965 Clemens
2696 891 2790 965 his
2810 893 3007 965 verbis
3040 887 3299 965 amplius
3324 895 3571 965 probare
3599 895 3809 965 voluit,

2152 975 2330 1030 quam
2385 962 2602 1016 factam
2654 977 2688 1015 a
2717 962 2946 1018 Christo
2981 964 3099 1018 vini
3132 962 3631 1021 benedictionem.
3695 962 3810 1023 Fas

2150 1036 2381 1108 autem__
2407 1031 2552 1087 nulli
2591 1048 2852 1108 unquam
2909 1034 3020 1108 fuit
3044 1051 3113 1108 ex
3138 1035 3331 1108 claris
3357 1041 3417 1092 et
3472 1037 3806 1108 perspicuis

2148 1101 2466 1179 cujuslibet
2494 1101 2799 1179 scriptoris
2836 1105 3274 1179 verbisinferre
3304 1123 3438 1162 eum
3472 1101 3644 1179 plura
3671 1124 3806 1178 pro-

2149 1174 2320 1228 basse
2346 1190 2524 1244 quam
2557 1176 2802 1246 probare
2824 1175 3093 1232 voluerit.
3129 1177 3310 1233 Secus
3332 1174 3491 1234 enim
3516 1196 3585 1234 ex
3600 1174 3806 1236 aucto-

2147 1260 2282 1322 rum
2330 1246 2704 1322 sermonibus
2727 1253 2800 1322 _et
2852 1248 3220 1322 argumentis
3252 1250 3608 1322 inﬁnitmiet
3646 1267 3804 1322 saepe

2145 1316 2362 1398 saepius
2409 1317 2865 1398 absurdissimis
2903 1316 3034 1374 elici
3078 1327 3320 1390 possent
3365 1316 3802 1398 conclusiones,

2145 1402 2290 1456 quas
2347 1390 2406 1440 in
2441 1393 2698 1443 mentem
2755 1390 2902 1461 ipsis
2933 1407 3236 1462 nunquam
3277 1393 3510 1448 venisse
3538 1390 3802 1450 certissiL

2144 1473 2306 1512 mum
2339 1463 2452 1512 est.

2211 1531 2331 1598 Age
2347 1545 2532 1604 vero;
2565 1529 2707 1599 quid
2736 1531 3008 1602 prohibet
3044 1535 3367 1604 quominus
3396 1534 3591 1590 citatis
3632 1536 3804 1590 Chri-

2139 1599 2215 1677 sti
2246 1600 2437 1677 verbis
2464 1599 3083 1677 Clemensip‘robaverit
3110 1605 3312 1660 vinum
3347 1607 3419 1677 ab
3451 1607 3581 1677 ipso
3615 1607 3804 1663 fuisse

2137 1669 2533 1751 benedictum,
2592 1669 3026 1751 quod—ipsemet
3054 1675 3324 1751 Christus
3352 1676 3412 1751 in
3435 1669 3613 1751 suum
3663 1694 3805 1733 san-

2137 1747 2376 1820 guinem
2411 1747 2543 1820 post
2575 1747 3110 1820 consecrationem,
3151 1752 3217 1820 ut
3246 1748 3505 1820 theologi
3541 1749 3802 1820 loquun-

457 1817 617 1875 Nihil
675 1837 811 1892 ergo
871 1822 1024 1891 quod
1063 1820 1134 1875 ad
1157 1833 1384 1892 errores
1433 1818 2040 1892 suosvelminimum
2075 1827 2120 1892 Β
2150 1817 2268 1880 tur.
2324 1819 2639 1892 mutatum,
2672 1821 2738 1892 et
2775 1817 2968 1892 adhuc
2994 1817 3112 1875 vini
3144 1819 3396 1874 formam
3429 1817 3487 1875 e't
3541 1817 3800 1892 speciem

387 1893 699 1959 conducat,
732 1886 869 1963 i'nde
887 1886 1152 1963 possunt
1164 1889 1465 1963 ,expiscari
1497 1888 1849 1963 Calvinianaa
1867 1898 2040 1949 sectae
2075 1886 2114 1892 —
2151 1899 2508 1963 εοηβθτναηε
2534 1886 2749 1963 biberit
2776 1887 2803 1963 ‘_?

391 1963 608 2018 addicti
641 1960 947 2029 homines;
972 1962 1086 2017 nisi
1117 1960 1218 2017 illa
1247 1960 1468 2029 omnia,
1504 1976 1632 2032 qua
1661 1962 1807 2016 satis
1839 1970 2037 2032 aperte

389 2033 659 2090 Clemens
682 2033 972 2099 distinxit,
992 2033 1142 2088 mira
1172 2048 1237 2087 ac
1267 2032 1507 2087 omnino
1531 2037 1885 2102 praepostera
1899 2051 2038 2090 con-

389 2106 618 2161 fusione
659 2105 1020 2176 perturbent.
1065 2103 1372 2174 Egregium
1408 2103 1699 2176 enimvero
1733 2119 1799 2176 ac
1831 2105 2034 2162 multi-

388 2176 520 2246 plex
574 2178 633 2231 in
661 2173 789 2230 rem
822 2191 993 2230 suam
1027 2173 1440 2246 argumentum
1472 2173 1683 2246 exghis
1722 2174 2036 2234 Clementis

386 2244 572 2302 nostri
605 2248 799 2302 verbis
831 2262 893 2301 se
925 2244 1135 2301 habere
1168 2249 1336 2316 putat
1355 2244 1710 2316 Albertinus.
1735 2246 1844 2300 Sed
1871 2264 2035 2316 aper-

385 2323 510 2372 tam
560 2318 889 2373 doctissimi
923 2315 1185 2371 auctoris
1215 2315 1399 2370 nostri
1443 2319 1694 2370 mentem
1743 2315 2031 2387 quantum

387 2393 696 2469 pervertat,
717 2388 1084 2469 siut-antisper
1102 2387 1554 2469 animadvertas,
1578 2403 1772 2469 vanas.
1793 2389 1920 2469 ejus
1939 2407 2033 2469 ca-

385 2457 713 2515 villationes
743 2459 899 2513 illico
939 2457 1222 2513 dissolves
1253 2475 1318 2512 ac
1350 2457 1690 2527 dissipabis.
1726 2458 1906 2514 Nobis
1946 2465 2031 2515 et-

385 2531 543 2585 enim
575 2530 672 2586 ille
714 2530 918 2600 objicit
943 2529 1300 2583 Clementem
1329 2527 1407 2582 ibi
1441 2545 1568 2600 non,
1589 2527 1781 2583 solum
1828 2530 2033 2587 docere

386 2601 683 2657 Christum
730 2599 798 2654 in
824 2600 1178 2656 eucharistia
1222 2602 1424 2655 vinum
1471 2604 1528 2654 et
1557 2599 1922 2656 benedixisse
1975 2608 2032 2657 et

386 2672 649 2738 bibisse;
711 2672 810 2726 sed
841 2671 963 2726 haec
1021 2673 1272 2742 ipsemet
1323 2671 1498 2742 etiam
1537 2671 1749 2726 Christi
1807 2674 2025 2728 verba:

390 2763 418 2794 «
449 2743 554 2798 Hic
584 2746 675 2799 est
713 2743 954 2812 sanguis
997 2759 1183 2808 meus,
1222 2763 1250 2791 »
1282 2741 1590 2812 allegorice
1636 2759 1812 2798 sensu
1845 2744 2028 2798 inter-

382 2814 620 2886 pretari.
683 2816 750 2886 At
779 2814 828 2869 si
863 2814 946 2886 ab,
991 2812 1449 2886 illoscisciteris
1482 2813 1634 2886 unde
1691 2813 1747 2886 id
1781 2816 2028 2884 probare

379 2883 587 2956 possit,
622 2884 851 2940 nullum
875 2884 1034 2956 aliud
1059 2884 1164 2939 tibi
1200 2885 1452 2955 proferet
1474 2883 1768 2956 opinionis
1786 2883 1912 2940 suae
1934 2904 2026 2941 ar-

379 2954 761 3025 gumentum;
812 2957 924 3012 nisi
962 2954 1342 3022 Clementem,
1380 2956 1477 3010 ubi
1513 2954 1626 3009 alia
1657 2955 1777 3010 haec
1824 2958 2027 3012 citavit

376 3028 592 3084 Christi
620 3029 796 3083 verba
819 3043 832 3082 :
859 3049 886 3078 «
911 3027 1035 3098 Non
1059 3027 1256 3098 bibam
1289 3043 1357 3098 ex
1389 3027 1587 3098 fructu
1612 3027 1745 3081 vitis
1768 3026 1968 3098 hujus,
1996 3051 2022 3077 »

382 3098 531 3153 nihil
564 3099 949 3170 perifructum
983 3097 1117 3170 vitis
1147 3097 1506 3170 intellexisse
1539 3096 1907 3170 aliud_quam
1941 3099 2025 3153 vi-

2220 1960 2296 2032 At
2326 1971 2498 2032 porro
2531 1956 2685 2032 ultra
2727 1958 2921 2013 adhuc
2954 1961 3420 2032 progrediamur,
3447 1967 3505 2018 et
3534 1978 3671 2017 cum
3702 1962 3798 2017 Al-

2147 2026 2374 2081 bertino
2403 2026 2706 2103 liberalius
2729 2026 2989 2103 agentes,
3014 2026 3127 2101 ip'si
3159 2026 3570 2103 demus,'quod
3604 2039 3797 2089 tanto-

2147 2113 2281 2168 pere
2313 2100 2492 2168 cupit,
2520 2098 2874 2155 Clementem
2909 2098 3125 2157 dixisse
3154 2098 3454 2159 Christum
3487 2105 3546 2159 in
3573 2105 3796 2161 eucha-

2146 2168 2315 2246 ristia
2346 2170 2567 2246 bibisse
2587 2171 2810 2246 vinum.
2845 2173 3016 2246 Quid,
3037 2189 3269 2246 quaeso,
3315 2175 3451 2230 inde
3478 2177 3798 2246 proﬁciet?

2143 2238 2299 2314 Nihil
2330 2256 2490 2314 sane.
2523 2241 2777 2297 Tametsi
2812 2244 2970 2298 enim
2993 2238 3458 2314 id'concedatur,
3479 2238 3680 2302 adhuc
3705 2247 3796 2302 ni-

2147 2309 2466 2388 hilominus
2495 2318 2698 2388 postea
2729 2314 3144 2388 inquirendum
3181 2317 3313 2383 erit,
3352 2309 3489 2388 quid
3524 2320 3796 2374 Clemens

2146 2401 2174 2429 (ί
2204 2381 2324 2434 vini
2359 2403 2386 2431 η
2446 2384 2703 2448 nomine,
2737 2381 2969 2454 an'ejus
2998 2381 3414 2454 substantiam,
3450 2389 3536 2444 vel
3597 2407 3797 2446 rema-

2143 2457 2348 2524 nentcs
2380 2455 2754 2524 apparentias
2793 2457 3165 2513 intellexerit.
3199 2460 3342 2514 Cum
3377 2476 3512 2515 vero
3554 2461 3799 2517 aliunde

2141 2523 2312 2601 nobis
2343 2523 2596 2601 constet
2635 2525 2918 2582 Clementi
2955 2531 3136 2584 fuisse
3167 2530 3407 2585 omnino
3440 2548 3796 2601 persuasum

2140 2594 2206 2670 in
2231 2595 2597 2650 eucharistiee
2629 2605 2999 2654 sacramento
3021 2617 3230 2670 panem
3254 2608 3311 2656 et
3327 2594 3528 2657 vinum
3555 2604 3612 2658 in
3630 2604 3799 2660 Chri-

2139 2666 2438 2742 sticorpus
2469 2672 2526 2720 et
2556 2671 2901 2742 sanguinem
2928 2666 3164 2738 mutari,
3206 2672 3618 2742 nihilqueeum
3655 2675 3796 2730 huic

2138 2737 2442 2817 sententiae
2484 2737 2810 2817 quidquam
2870 2737 3254 2817 contrarium,
3303 2737 3393 2799 vel
3433 2761 3794 2817 repugnans

2137 2807 2386 2882 scriptis
2406 2807 2722 2865 tradidisse
2747 2829 2759 2877 ;
2786 2813 2925 2882 quid
2959 2814 3116 2868 aliud
3152 2807 3352 2879 restat,
3387 2815 3498 2870 nisi
3518 2807 3792 2873 -utveum-

2137 2879 2268 2960 dem
2330 2879 2819 2960 Clementemillo
2853 2885 3239 2960 vininomine
3271 2885 3456 2940 solam
3489 2887 3606 2942 vini
3637 2905 3790 2960 spe-

2136 2955 2374 3062 ﬁi‘elmget
2422 2955 2823 3023 apparentiam
2858 2956 3214 3012 intellexisse
3244 2961 3581 3014 constanter
3618 2955 3787 3016 dica-

2136 3037 2306 3075 mus:

2203 3095 2329 3170 Non
2385 3091 2641 3170 amplius
2673 3093 2875 3170 itaque
2906 3098 3238 3152 audiendus
3267 3105 3356 3154 est
3411 3100 3784 3170 Albertinus,

376 3185 520 3226 num
556 3163 600 3253 ,ᾗ
629 3169 858 3259 Οὴιςὶεξο
889 3168 1336 3259 ineucharistia
1375 3163 1917 3259 potatp'm.l_Ve‘i'-um
1951 3187 2018 3227 ex
2047 3192 2089 3259 C
2128 3163 2237 3259 qui
2264 3163 2542 3259 {eam-dem
2560 3163 2916 3259 cantilenam
2949 3163 3786 3259 saepiusnnobisinsusurrans,

374 3240 648 3313 superius
670 3241 858 3297 allatis
877 3241 1013 3313 etin
1037 3256 1212 3313 suum
1233 3239 1734 3313 locumrestitutis
1758 3240 2014 3297 Clemen-

370 3310 470 3368 tis'
507 3327 641 3367 cum
695 3312 1110 3383 propositionis
1141 3319 1262 3365 tum
1323 3310 1792 3382 probationibus,
1847 3313 2012 3379 nulli,

372 3384 459 3465 uti
490 3386 791 3465 putamus,
843 3383 1159 3465 obscurum
1192 3383 1446 3465 amplius
1478 3397 1603 3465 esse
1647 3387 1838 3465 potest
1894 3384 2015 3465 haec

369 3453 588 3527 Christi
609 3455 796 3527 verba
824 3471 858 3527 _a
876 3454 1173 3527 Clemente
1198 3470 1315 3527 non
1337 3453 1476 3527 ideo
1494 3453 1686 3527 citari,
1720 3458 1783 3507 ut
1800 3455 2014 3527 proba-

370 3531 459 3580 ret
488 3524 788 3580 Christum
820 3524 880 3578 in
912 3524 1270 3580 eucharistia
1299 3523 1500 3578 vinum
1539 3523 1781 3592 bibisse,
1802 3523 1914 3580 sed
1949 3529 2015 3580 ut

363 3596 508 3667 illud
542 3599 745 3650 contra
775 3595 1102 3667 Encratitas
1134 3595 1205 3649 ab
1228 3609 1294 3650 eo
1317 3595 1688 3667 benedictum
1721 3601 1895 3667 atque
1923 3596 2010 3650 id-

363 3666 518 3724 circo
545 3670 756 3722 natura
786 3682 894 3722 sua
924 3666 1145 3721 bonum
1177 3670 1267 3721 est
1295 3666 1680 3721 convinceret.

439 3737 627 3792 Instat
676 3741 875 3792 tamen
905 3736 1245 3792 Albertinus
1305 3736 1383 3791 ibi
1413 3736 1731 3807 Clementis
1761 3752 2007 3807 scopum

363 3823 480 3862 non
511 3822 662 3874 esse,
695 3813 762 3862 ut
811 3809 947 3878 data
977 3813 1153 3878 opera
1183 3807 1511 3862 Encratitas
1534 3805 1778 3878 refellat,
1813 3805 2007 3878 quan-

368 3878 684 3949 doquidem
717 3877 865 3949 nihil
897 3876 1070 3949 plane
1101 3879 1380 3934 adversus
1405 3894 1502 3933 eos
1535 3876 1792 3949 protulit,
1826 3876 2004 3948 quam

364 3949 424 4020 id
455 3947 608 4020 quod
650 3950 722 4004 ab
754 3947 854 4004 illo
891 3947 1076 4004 obiter
1110 3953 1167 4005 et
1196 3949 1483 4004 corollarii
1517 3947 1703 4020 instar
1723 3949 1792 4020 ad
1826 3947 2005 4020 hujus

363 4018 487 4100 loci
510 4020 682 4100 tinem
708 4020 1023 4100 adjectum
1054 4025 1161 4100 est.
1191 4020 1368 4100 Esto;
1392 4020 1546 4100 _qu_id
1578 4019 1713 4075 inde
1733 4018 1762 4072 ?
1805 4018 2005 4100 Nonne

365 4037 476 4075 ιοοι
510 4037 682 4075 unem
733 4037 1023 4144 aoljectum
1054 4037 1161 4076 esu.
1191 4037 1368 4088 usto;
1405 4037 1546 4100 quia
1578 4037 1713 4075 inde
1735 4037 1758 4072 τι
1805 4037 2002 4101 nonne

365 4090 510 4162 satis
539 4095 629 4162 est
660 4095 726 4146 ut
755 4091 796 4146 C
823 4104 1046 4162 emens,
1081 4095 1226 4155 orta,
1260 4091 1346 4146 uti
1376 4091 1654 4162 dmmus,
1680 4106 2002 4162 occasione,

358 4161 684 4216 Encratitas
739 4161 1117 4226 confutando,
1148 4165 1352 4217 contra
1381 4177 1582 4216 eorum
1614 4161 1884 4216 haeresim
1916 4161 2004 4217 vi;

361 4247 498 4286 num
528 4232 588 4287 in
637 4231 993 4288 eucharistia
1023 4247 1055 4286 a
1085 4232 1311 4287 Christo
1343 4233 1718 4287 benedictum
1757 4235 2003 4289 clemen-

361 4306 544 4374 stret;
571 4317 686 4374 quo
733 4303 869 4357 inde
911 4301 1060 4357 nihil
1093 4319 1331 4374 prorsus
1383 4307 1600 4374 contra,
1629 4307 1892 4374 nostram
1933 4305 2003 4360 de

358 4373 724 4428 eucharistiae
777 4373 1141 4429 sacramento
1173 4374 1523 4429 sententiam
1554 4373 1628 4429 ab
1657 4373 1757 4429 illo
1807 4390 2002 4430 asser-

357 4446 486 4497 tum
512 4441 901 4498 invictissime
930 4443 1348 4500 concludamus
1373 4447 1395 4499 Ρ

427 4512 668 4568 Frustra
695 4529 828 4586 vero
871 4519 927 4568 et
956 4531 1260 4586 perperam
1296 4515 1478 4570 instat
1507 4513 1841 4586 Albertinus
1871 4514 1999 4571 Cle-

357 4586 616 4657 mentem
647 4584 748 4639 48
779 4601 895 4657 non
927 4584 1163 4657 aliunde
1187 4603 1364 4657 quam
1397 4601 1464 4657 ex
1485 4584 1844 4657 eucharistia
1874 4601 2002 4657 pro-

353 4653 494 4708 bare
528 4653 744 4728 _vinum
775 4655 1065 4728 a_Christo
1105 4653 1406 4728 putatum.
1425 4656 1507 4711 Ex
1538 4656 1627 4712 his
1677 4653 1994 4724 enimvero,

354 4724 641 4795 quaerjam
685 4726 1018 4795 retulimus,
1079 4724 1320 4782 cuilibet
1361 4727 1589 4782 sincero
1643 4729 1701 4780 et
1756 4728 1996 4783 cordate

352 4794 580 4850 homini
612 4794 1157 4868 perspicuumesse
1184 4797 1390 4867 debet,»
1413 4796 1561 4868 illud
1593 4813 1627 4851 a
1675 4795 1993 4868 Clemente,

351 4882 466 4940 non
496 4881 588 4940 ex‘
612 4864 930 4940 allatisab
969 4869 1180 4940 eodem
1203 4864 1504 4940 Albertino
1535 4865 1727 4940 verbis
1777 4864 1991 4940 colligi,

349 4938 451 4992 sed
490 4936 628 5008 quia
657 4937 843 4993 Judaei
875 4938 1104 4994 Christo
1131 4939 1250 4994 vini
1282 4938 1711 5011 exprobrabant
1740 4936 1994 5010 potatio-

349 5021 508 5063 nem.
975 5031 978 5034 ‘

413 5078 834 5150 verumtamen
855 5079 1108 5150 insurgit
1132 5079 1322 5135 adhuc
1339 5079 1677 5135 Albertinus
1699 5083 1754 5150 et
1773 5079 1993 5150 clamat

341 5148 641 5204 Christum
672 5149 733 5204 in
757 5148 1108 5206 eucharistia
1137 5151 1336 5206 vinum
1361 5150 1581 5206 bibisse
1597 5150 1705 5205 hoc
1725 5149 1990 5206 Clemen-

337 5219 417 5276 tis
467 5219 675 5276 conﬁci
709 5226 1100 5292 argumento:
1137 5243 1166 5271 «
1197 5223 1364 5277 Certo
1415 5221 1643 5288 scitote,
1676 5221 1802 5292 ipse
1847 5237 1987 5292 quo-

339 5307 455 5362 que
483 5292 645 5363 Avino
677 5291 822 5347 usus
852 5296 960 5346 est.
996 5313 1023 5342 ιι
1081 5294 1152 5347 At
1180 5291 1329 5347 nihil
1359 5291 1712 5363 profectoua’
1746 5291 1989 5363 veritate

337 5360 530 5434 magis
561 5361 994 5434 alienumﬁngi
1025 5379 1298 5434 unquam
1330 5360 1580 5434 poterat.
1614 5360 1880 5417 Clemens
1911 5361 1988 5434 si-

336 5431 580 5504 quidem
607 5431 759 5488 nihil
783 5431 1073 5504 planehis
1101 5431 1291 5490 verbis
1321 5431 1694 5504 probandum
1723 5432 1990 5504 aggredi-

332 5502 452 5569 tur,
486 5503 590 5559 sed
631 5502 967 5575 generalem
1001 5502 1410 5561 tantummodo
1443 5502 1715 5575 proponit
1744 5502 1984 5575 thesim,

332 5588 510 5641 quam
544 5573 750 5646 postea
771 5574 1078 5646 peculiari,
1101 5575 1186 5631 uti
1217 5573 1594 5631 observatum
1627 5579 1733 5643 est,
1756 5573 1984 5629 ratione

336 5645 758 5712 comprobavit.

404 5712 528 5784 His,
572 5714 808 5784 tametsi
855 5714 1266 5784 validissimis,
1313 5716 1610 5771 rationum
1668 5714 1982 5784 momentis

329 5781 597 5838 nondum
623 5783 800 5854 plane
829 5784 1019 5839 victus
1051 5781 1385 5842 Albertinus
1416 5785 1586 5854 urget
1613 5788 1672 5839 et
1703 5784 1818 5840 ait:
1854 5783 1980 5840 Cle-

329 5864 526 5919 mens,
556 5852 694 5909 cuin
725 5852 879 5910 illud
908 5854 1129 5912 Christi
1159 5857 1400 5914 eﬁatum
1429 5852 1644 5912 refert:
1673 5875 1704 5906 ‹‹
1731 5859 1860 5911 Non
1891 5855 1978 5910 bi-

2027 4553 2076 4618 D

2127 3234 2209 3315 ait
2246 3234 2927 3315 Clementi-sanguinem
2985 3234 3118 3296 vitis
3159 3240 3328 3315 illum
3363 3258 3510 3314 ese,
3543 3245 3616 3298 de
3665 3234 3787 3315 quo

2126 3304 2392 3386 Christus
2423 3306 2604 3386 dixit:
2642 3329 2670 3386 (ς
2691 3304 2807 3386 Ἠῥο
2838 3315 2928 3364 est
2966 3312 3275 3386 sanguinis
3307 3304 3787 3386 meusqutqui

2126 3377 2368 3453 sanguis
2425 3377 2560 3453 vitis
2591 3382 2676 3432 est
2707 3379 2933 3453 vinum.
2967 3377 3138 3453 Ergo,
3189 3383 3489 3440 concludit
3523 3377 3784 3442 Alberti-

2124 3463 2258 3530 nus,
2292 3449 2490 3528 vinum
2517 3449 2686 3516 juxta
2715 3451 3026 3508 Clementis
3046 3449 3393 3523 opinionem
3420 3459 3510 3512 est
3536 3459 3783 3529 sanguis

2121 3517 2359 3586 Christi,
2421 3535 2535 3596 non
2569 3520 2805 3596 quidem
2837 3539 3014 3596 verus,
3039 3541 3104 3579 ac
3133 3541 3236 3596 per
3263 3543 3440 3582 venas
3481 3527 3541 3582 in
3601 3545 3785 3586 omne

2122 3605 2338 3661 corpus
2365 3588 2598 3674 "reipsa
2619 3592 2891 3664 diffusus,
2919 3595 3021 3650 sed
3053 3588 3284 3668 typicus
3313 3603 3373 3653 et
3402 3598 3661 3670 imagine
3694 3605 3783 3657 te-

2121 3677 2234 3715 nus
2265 3676 2332 3716 ac
2361 3661 2569 3731 ﬁgura.

2189 3731 2405 3813 verum
2437 3748 2615 3813 quam
2668 3733 2872 3813 frivola
2899 3740 2959 3813 et
2991 3737 3306 3808 nugatoria
3335 3739 3414 3794 sit
3442 3739 3570 3813 haec
3597 3757 3780 3813 argu-

2118 3806 2422 3867 mentatio,
2461 3806 2587 3871 jam
2621 3820 2652 3856 a
2684 3806 2854 3861 nobis
2881 3806 3354 3865 damon—stratum
3385 3814 3492 3868 est.
3529 3811 3600 3866 Ut
3628 3806 3776 3869 inde

2115 3873 2272 3949 enim
2331 3873 2552 3949 aliquid
2608 3877 2975 3949 conﬁciatur,
3010 3881 3172 3949 prius
3201 3880 3526 3949 Albertino,
3588 3881 3774 3940 sicuti

2114 3943 2395 4013 diximus,
2424 3945 2790 4014 probandum
2817 3952 2942 4002 erat
2962 3943 3071 4004 illa
3099 3951 3313 4007 Christi
3342 3943 3522 4007 verba
3547 3968 3559 4006 :
3595 3975 3623 4003 «
3658 3955 3768 4010 Hic

2114 4019 2204 4070 est
2241 4014 2484 4084 sanguis
2517 4031 2705 4084 meus,
2738 4018 2965 4074 fructus
2993 4020 3148 4075 vitis.
3186 4043 3214 4071 »
3259 4021 3555 4078 Clemente
3599 4041 3764 4080 nun-

2114 4030 2204 4070 eSt
2241 4030 2484 4139 sanguis
2517 4031 2705 4084 meus,
2738 4030 2965 4074 fructus
2993 4030 3148 4075 vitis.
3186 4043 3214 4071 »
3259 4030 3555 4078 Clemente
3599 4041 3764 4080 nun-

2112 4101 2290 4164 quam
2316 4103 2349 4164 a
2376 4087 2429 4164 io
2456 4101 2631 4156 quam
2663 4087 2972 4164 allegorico
3002 4107 3180 4146 sensu
3200 4092 3409 4164 accipi.
3431 4096 3503 4148 At
3522 4092 3624 4148 ille
3653 4111 3768 4151 nec

2113 4157 2174 4211 id
2223 4157 2453 4236 probat,
2499 4172 2611 4236 nec
2642 4157 2888 4236 probare
2918 4177 3178 4236 unquam
3223 4157 3432 4236 potuit.
3483 4165 3764 4236 Quinimo

2111 4243 2179 4310 ea
2207 4242 2340 4281 vero
2397 4226 2736 4310 et_litterali
2763 4247 2940 4287 sensu
2989 4226 3062 4288 ab
3095 4233 3195 4289 illo
3223 4226 3412 4291 'fuisse
3466 4226 3766 4306 explicata

2111 4299 2283 4370 plane
2314 4299 2696 4370 convicimus.

2181 4368 2481 4443 Postremo
2513 4369 2682 4443 nobis
2714 4371 2907 4426 adhuc
2947 4373 3164 4443 regerit
3193 4374 3538 4432 Albertinus
3567 4393 3603 4432 a
3637 4377 3766 4434 Cle-

2111 4444 2308 4514 mente
2324 4442 2522 4514 nostro
2549 4438 2763 4514 ibidem
2783 4447 2981 4513 aperte
3003 4438 3306 4514 pradicari
3329 4467 3357 4495 ‹‹
3389 4446 3651 4502 fructum
3671 4449 3761 4504 vi-

2109 4511 2186 4588 tis
2211 4532 2239 4588 η
2272 4511 2331 4565 in
2363 4525 2429 4565 eo
2451 4508 2670 4588 Christi
2687 4508 3399 4588 _pr01_i_untia'to_allegorice
3419 4517 3760 4588 signiﬁcare

2106 4581 2361 4636 Verbum
2394 4596 2498 4652 pro
2530 4581 2732 4652 multis
2764 4584 3037 4652 effusum,
3069 4585 3127 4640 id
3159 4581 3275 4652 est,
3302 4590 3369 4642 ut
3397 4581 3758 4644 ait'Alberti~

2106 4668 2241 4728 nus,
2260 4650 2588 4728 mysticum
2617 4651 2793 4708 Verbi
2825 4650 3172 4728 sanguinem
3206 4650 3309 4728 pro
3340 4657 3548 4713 multis
3577 4660 3639 4714 in
3658 4675 3759 4714 re-

2106 4721 2450 4778 missionem
2483 4728 2852 4785 peccatorum
2884 4721 3136 4781 eﬂ‘usum
3169 4721 3372 4783 fuisse.
3405 4728 3517 4784 Sed
3549 4729 3633 4785 ibi
3661 4730 3757 4785 Al-

2105 4793 2408 4892 bertinusm
2420 4792 2682 4892 solitoft
2711 4796 3094 4892 adRTnause'a‘m
3115 4799 3360 4892 repetito
3380 4799 3753 4881 sophismata

2105 4878 2409 4936 perperam
2451 4863 2730 4919 abutitur.
2767 4865 3046 4936 Nunquid
3077 4863 3234 4922 enim
3257 4863 3572 4940 allegorica
3601 4887 3756 4941 quo-

2101 4936 2374 5009 rumdam
2406 4934 2722 5004 Scriptura:
2746 4935 3055 5009 verborum
3077 4938 3490 5009 interpretatio
3520 4941 3754 4996 littera-

2100 5005 2215 5060 lem
2247 5003 2484 5082 illorum
2519 5003 2762 5082 sensum
2793 5006 3051 5063 excludit
3065 5003 3752 5082 7Quis'nescitmultipli-

2101 5093 2232 5149 cem
2257 5089 2386 5149 esse
2415 5074 2722 5144 Scripturse
2763 5093 3025 5148 sensum,
3054 5095 3160 5134 nec
3192 5096 3399 5146 unum,
3431 5081 3517 5135 uti
3562 5074 3682 5149 iam
3717 5100 3752 5138 a

2099 5147 2270 5202 nobis
2285 5145 2657 5219 observatum
2672 5150 2784 5219 est,
2801 5145 3063 5219 unquam
3097 5151 3170 5204 ab
3185 5150 3298 5206 alio
3313 5145 3541 5206 extrudi
3564 5145 3593 5207 i
3618 5153 3750 5208 Cle-

2099 5235 2266 5303 mens
2290 5216 2492 5303 igitur,
2524 5217 2762 5272 tametsi
2792 5216 3014 5303 Christi
3043 5221 3292 5303 effatum.
3313 5221 3746 5303 allegoricein:

2096 5290 2537 5360 terpretaretur,
2568 5304 2684 5343 non
2715 5292 2889 5362 negat
2911 5293 3116 5362 tamen
3149 5290 3296 5362 illud
3325 5296 3384 5348 et
3411 5290 3648 5348 litterali
3680 5297 3743 5349 et

2098 5362 2501 5444 nativonsen‘su
2534 5374 2705 5444 posse
2734 5360 3012 5444 .acdeber
3057 5360 3331 5444 intelligi.
3364 5362 3558 5444 lliihil
3605 5380 3748 5444 ergo

2095 5431 2212 5513 egit
2240 5427 2599 5513 Albertin‘u's,
2624 5427 2770 5513 nihil
2793 5431 3116 5513 etiam‘aget
3135 5427 3385 5513 quilibet
3403 5427 3748 5513 Calvinisfa,

2095 5499 2211 5576 nisi
2240 5499 2396 5576 clare
2425 5499 2596 5554 nobis
2625 5502 2894 5576 ostendat
2922 5499 3276 5576 Clementem
3307 5519 3375 5576 eo
3406 5503 3656 5576 mystico
3684 5499 3748 5560 et

2095 5571 2404 5645 allegorice
2443 5584 2629 5645 sensu
2687 5569 2772 5626 ita
2830 5587 3065 5645 semper
3111 5569 3489 5645 ,eXpliouisse'
3523 5574 3746 5631 Christi

2089 5638 2286 5709 verba,
2345 5643 2412 5694 ut
2440 5638 2542 5694 illa
2573 5656 2876 5712 nunquam
2910 5638 3148 5699 litterali
3181 5638 3615 5712 significatione
3640 5661 3744 5701 ex-

2090 5713 2294 5786 plicari
2345 5726 2518 5786 posse
2545 5710 2634 5766 vel
2666 5710 2845 5786 semel
2893 5713 3109 5786 alicubi
3141 5710 3473 5786 tradiderit.
3507 5716 3622 5772 Sed
3681 5717 3744 5772 id

2089 5780 2314 5852 nullus,
2347 5780 2597 5856 'uti_jam
2628 5783 2847 5856 saepius
2891 5784 3118 5840 dictum
3161 5788 3272 5852 est,
3306 5785 3576 5856 probavit
3631 5799 3748 5842 un-

2088 5851 2413 5926 quam,'aut
2431 5851 3087 5926 deinceps‘probaturus
3104 5859 3214 5915 est.
3228 5851 3495 5929 Denique
3513 5856 3744 5915 nemini
