4090 6404
362 343 472 398 929

961 345 1147 398 ΔΙιΙιΕ
1183 343 1261 396 1N
1298 341 1918 396 COHORTATIONEM
1953 339 2046 392 ET
2084 337 2554 392 PZEDAGOGUM
2590 337 3203 394 OBSERVATIONES.

3672 346 3778 400 930

362 467 535 539 paulo
559 469 694 538 post
723 465 992 539 Clemens
1017 463 1252 539 retulit:
1291 485 1318 513 «
1354 464 2007 539 Melampodem_‘au_tem
2039 466 2092 528 Α
2125 457 2241 539 alii
2279 459 2607 539 genuinam
2640 477 2951 539 veramque
2977 477 3103 516 esse
3132 462 3189 516 in
3223 460 3541 539 Clementis
3591 469 3780 523 nostri

364 534 1012 606 filium'Amynthaonis
1041 536 1138 590 alii
1170 535 1377 589 dicunt
1408 551 1477 590 ex
1499 534 1746 606 .Egypto
1778 534 1837 589 in
1861 534 2010 606 Graio

363 612 515 665 ciam
543 605 922 664 transtulisse
957 610 1168 663 festum
1201 606 1450 674 Cereris,
1484 605 1709 661 luctum
1756 607 1853 676 qui
1886 605 2016 659 lau-

364 682 538 736 dibus
560 681 897 737 Celebratur
916 680 983 734 39.
1021 701 1040 726 ι
1076 682 1262 748 Negat
1282 682 1480 748 tamen
1513 677 1705 731 adhuc
1739 679 2018 748 Hervetus

363 753 446 818 id,
479 752 714 808 etiamsi
755 751 1079 822 diligenter,
1109 747 1602 822 investigavisset,
1645 764 1708 822 se
1756 747 2018 802 invenire

366 841 626 895 unquam
655 818 942 895 potuisse.
978 820 1089 895 Ubi
1118 819 1265 895 illud
1298 818 1798 895 q’uwsierithplane
1830 824 2018 895 nesci-

368 841 626 895 unquam
695 840 942 878 Otulsse.
982 840 1083 876 UDI
1119 840 1265 875 unua
1298 840 1595 891 quaealeru.
1629 840 1798 888 plane
1831 840 2018 873 uesci-

368 912 520 950 mus.
558 840 713 950 Nulli
756 899 954 948 autem
995 892 1336 946 dubitamus
1377 907 1511 946 eum
1554 889 1701 945 nihil
1745 907 1813 944 ea
1849 891 1918 943 de
1959 906 2020 944 re

367 966 708 1038 quaesivisse
729 967 884 1037 apud
906 963 1248 1038 Eusebium,
1273 979 1454 1038 aquo,
1472 967 1535 1038 ut
1552 962 2020 1038 dixim‘uSLtotus

366 1032 464 1093 ille
508 1032 822 1093 Clementis
871 1035 1056 1090 nostri
1105 1035 1267 1089 locus
1313 1032 1668 1088 describitur
1707 1032 1771 1085 ³³.
1823 1033 2022 1102 Neque

366 1111 544 1164 etiam
597 1109 744 1162 illud
805 1109 865 1160 in
914 1105 1261 1161 Tertulliani
1309 1106 1656 1174 Apotogelico
1703 1103 2017 1174 quaesivit;

366 1187 470 1236 aut
499 1187 654 1236 certe
688 1196 799 1233 non
823 1183 986 1231 tanta
1008 1182 1184 1246 atque
1219 1176 1512 1230 Pamelius
1534 1175 1855 1246 diligentia,
1877 1176 2019 1245 haec,

367 1269 493 1323 quas
525 1251 604 1306 ibi
626 1251 922 1323 leguntur,
955 1250 1130 1323 verba
1171 1248 1509 1323 perpendit:
1536 1246 1850 1323 «gOrpheus
1896 1247 2021 1323 Pie-

367 1318 487 1390 riis,
506 1318 756 1376 Musaeus
777 1319 1040 1383 Athenis,
1083 1318 1405 1389 Melampus
1431 1319 1622 1389 Argis,
1651 1318 2020 1388 Trophonius

366 1393 634 1456 Beoticae,
675 1391 1107 1445 initiationibus
1140 1390 1408 1446 homines
1454 1390 1858 1461 obligaverunt
1888 1390 1951 1445 3‘.
1990 1411 2016 1439 »

365 1466 541 1519 Recte
570 1463 726 1518 enim
760 1462 1029 1517 observat
1062 1461 1356 1515 Pamelius
1387 1461 1466 1514 ibi
1499 1461 1925 1515 Tertullianum
1951 1461 2022 1515 de

368 1537 574 1590 eodem
616 1535 920 1604 disputare
949 1531 1177 1588 Cereris
1207 1533 1377 1604 festo,
1423 1533 1594 1601 cujus
1640 1533 1712 1586 ab
1747 1531 2020 1604 Eusebio,

369 1607 584 1661 addere
615 1602 882 1668 debebat,
916 1608 972 1656 et
1001 1620 1034 1657 a
1058 1607 1254 1657 nostro
1285 1602 1580 1658 Clemente
1615 1603 1832 1657 mentio
1875 1605 2023 1658 facta

366 1682 476 1732 est.
513 1678 730 1731 Ferunt
755 1679 954 1745 autem
987 1673 1144 1726 hunc
1168 1672 1548 1745 Melampum,
1582 1690 1682 1728 seu
1708 1675 2022 1745 Melampo-

367 1749 522 1817 dem,
555 1743 1060 1818 Amynthaoniset
1081 1744 1612 1818 Doryppesﬁlium,
1629 1745 1820 1818 fuisse
1834 1743 1986 1818 augu
2005 1777 2020 1787 ο

369 1814 584 1874 ι-θωθι
628 1814 944 1871 medicum.
978 1814 1142 1869 Illius
1176 1814 1345 1886 porro
1385 1815 1762 1872 Pausaniam.
1811 1814 2018 1872 Home—

369 1905 524 1955 rum,
559 1885 1192 1960 Virgilium,_aliosque
1224 1903 1340 1941 non
1385 1887 1785 1959 infrequenter
1817 1890 2025 1944 memi-

373 1961 532 2016 nisse
563 1958 734 2014 nemo
765 1958 970 2013 nescit.

445 2031 610 2094 Quod
645 2046 816 2101 porro
848 2029 1114 2102 Clemens
1145 2029 1216 2084 de
1247 2028 1340 2102 his
1370 2029 1685 2102 impiorum
1720 2031 2026 2102 mysterio-

375 2119 506 2157 rum
541 2098 880 2156 auc—toribus
910 2098 1056 2155 nihil
1087 2106 1242 2154 certo
1275 2098 1538 2167 definiat,
1573 2102 1628 2154 id
1665 2098 1884 2157 nemini
1918 2103 2026 2157 mi-

376 2190 512 2245 rum
539 2189 668 2228 esse
697 2171 1528 2245 debet._Lucianus_siquidem
1558 2173 1811 2245 Phrygas
1841 2179 1897 2229 et
1925 2175 2027 2228 Sa-

379 2244 709 2300 mothraces
727 2243 831 2298 illa
861 2243 1079 2298 abAtte
1104 2243 1303 2314 Lydio,
1330 2245 1518 2313 primo
1533 2243 1736 2299 eorum
1761 2245 2026 2299 invento-

378 2334 439 2370 re
464 2322 520 2370 et
561 2315 729 2386 quasi
770 2315 1107 2386 architecto,
1141 2315 1438 2384 accepisse
1487 2315 1642 2370 haud
1691 2317 2031 2371 dubitanter

377 2385 670 2442 asseverat
688 2387 751 2440 ³⁵.
779 2385 889 2439 Alii
909 2402 1039 2440 vero
1053 2387 1703 2441 eoruminstitutionem
1729 2388 2026 2457 Erectheo,

378 2458 474 2512 alii
507 2463 741 2522 Musaeo,
767 2457 864 2513 alii
888 2457 1140 2527 denique
1162 2457 1399 2527 ipsimet
1413 2457 1607 2514 Cereri
1625 2464 1923 2529 acceptam
1942 2476 2028 2513 re-

376 2530 662 2594 ferebant,
696 2530 766 2584 de
805 2529 1022 2599 quibus
1055 2529 1339 2599 legendus
1368 2535 1458 2584 est
1501 2530 1790 2585 Meursius
1822 2530 1922 2585 lib.
1959 2532 2030 2586 De

376 2604 570 2657 Cerere
598 2603 777 2656 Eleus.
792 2643 805 2666 ,
838 2616 966 2671 cap.
984 2601 1053 2671 A2.

447 2672 678 2727 Nemini
708 2669 945 2727 tandem
980 2669 1278 2742 incognita
1300 2675 1440 2726 sunt
1471 2671 1834 2727 infandailla
1863 2673 2028 2727 Cere-

378 2742 459 2796 ris
489 2742 734 2814 orgiaet
766 2742 1062 2814 mysteria,
1087 2758 1205 2814 quae
1237 2744 1309 2797 ad
1332 2746 1749 2814 sempiternam
1782 2744 2028 2798 ethnicae

380 2813 768 2886 turpitudinis
782 2813 1408 2886 memoriam_C|emens
1422 2813 1508 2881 ac,
1524 2819 1802 2886 posteum
1817 2866 1823 2876 ,
1840 2821 2028 2871 Arno-

382 2884 517 2939 bius
551 2884 677 2939 fuse
709 2888 972 2957 recenset
1002 2885 1066 2939 ³⁵.
1090 2884 1328 2957 Nemea
1357 2885 1430 2939 ab
1461 2884 1791 2941 innumeris
1821 2903 2026 2957 propc-

380 2957 623 3010 modum
655 2955 1042 3026 scriptoribus
1089 2955 1342 3011 ethnicis
1371 2961 1429 3010 et
1467 2955 1838 3024 Christianis,
1872 2955 2024 3011 anti-

381 3027 516 3097 quis
545 3031 602 3082 et
634 3028 1058 3099 recentioribus
1089 3026 1389 3099 divulgata
1411 3033 1552 3083 sunt
1578 3029 1641 3083 ³⁷.
1678 3029 1736 3084 Si
1768 3030 1901 3099 quis
1933 3034 2025 3083 ta-

383 3114 618 3170 men_ea
647 3098 949 3169 sigillatim
988 3097 1298 3170 explanata
1337 3097 1527 3170 legere
1557 3099 1717 3166 velit,
1763 3097 1813 3155 is
1856 3100 2027 3155 adeat

376 3167 638 3242 Natalem
668 3167 953 3242 Comitem
985 3167 1086 3224 libi.
1121 3185 1187 3242 1x,
1208 3167 1454 3242 Mythoi,
1489 3187 1595 3242 cap

377 3239 481 3296 lib.
515 3257 532 3294 ι
569 3242 640 3296 De
670 3241 817 3311 orig.
869 3245 918 3295 et
946 3257 1129 3312 progr.
1166 3241 1381 3313 idolol.,
1424 3239 1687 3313 cap—20,
1722 3248 1778 3297 et
1826 3243 1926 3297 lib.
1960 3261 2024 3310 ιι,

376 3329 484 3383 cap
515 3313 605 3384 52,
653 3313 723 3366 53
780 3317 838 3367 et
865 3313 934 3366 54
965 3329 978 3377 ;
1011 3320 1069 3368 et
1125 3312 1450 3368 Meursium
1505 3319 1628 3371 toto
1675 3312 1830 3384 pene
1883 3315 2032 3371 libro

341 3382 463 3451 ,De’
526 3382 716 3440 Cerere
774 3385 1079 3451 Eleusino;
1135 3384 1453 3440 Fasoldum
1503 3386 1578 3440 De
1622 3382 1776 3455 festis
1834 3385 2032 3454 ὦκα,

379 3455 698 3527 decadeZ;
747 3455 979 3511 Petrum
1036 3456 1472 3511 Castellaneum
1528 3458 1599 3511 De
1653 3457 1806 3527 festis
1863 3458 2033 3514 Graec.

382 3524 586 3600 Ex_his
609 3527 1009 3600 autemdiseet
1027 3527 1218 3580 adhuc
1243 3543 1342 3598 per
1365 3549 1392 3575 ‹‹
1424 3535 1625 3600 potum
1650 3524 1807 3600 bilis,
1838 3527 2038 3600 »πόμα

382 3592 584 3668 χολῆς,
606 3612 780 3666 quem
808 3597 1092 3652 Hervetus
1115 3614 1178 3651 se
1204 3592 1319 3652 non
1355 3592 1500 3653 salis
1523 3592 1850 3671 intelligere
1873 3592 2037 3667 dicit,

382 3667 528 3721 nihil
563 3667 721 3722 aliud
746 3685 777 3721 a
805 3669 1103 3725 Clemente
1126 3668 1238 3723 nisi
1268 3669 1492 3724 Cereris
1525 3668 1673 3726 iram
1697 3677 1754 3726 et
1784 3672 2034 3728 furorem

386 3738 709 3810 signiﬁcari
741 3739 805 3793 ³⁸.

457 3809 667 3866 Paucis
700 3815 976 3882 praeterea
1033 3810 1324 3865 monitum
1366 3814 1422 3866 te
1456 3827 1586 3867 esse
1635 3811 1904 3870 volumus
1931 3814 2039 3871 hoc

388 3898 625 3938 carmen
662 3899 674 3936 Σ

458 3972 665 4026 Taurus
685 3978 840 4042 pater
869 3971 1148 4037 draconis,
1179 3980 1230 4028 et
1257 3980 1414 4043 pater
1443 3975 1596 4028 tauri
1616 3973 1790 4030 draco
1820 3975 1885 4040 3°,

388 4059 488 4133 Z0
518 4059 673 4133 quod
725 4058 994 4133 Clemens
1029 4060 1202 4133 tacito
1248 4060 1779 4133 auctorisnomine
1819 4061 2039 4133 citavit,

383 4131 703 4184 Tarentino
735 4132 972 4185 cuidam
1015 4132 1089 4185 ab
1120 4132 1375 4187 Arnobio
1408 4131 1651 4187 attribui
1683 4133 1747 4186 5°.
1785 4136 1900 4188 Hoc
1932 4131 2038 4188 au-

382 4202 604 4327 ᾖτιῐίῐάιεῖ
661 4202 976 4258 Tarentino
1017 4203 1234 4259 Suidas
1288 4209 1345 4259 et
1393 4203 1637 4260 Vossius
1690 4205 2036 4276 disputave-

454 4315 670 4414 Qrphei
719 4345 1054 4418 quoquede
1083 4346 1309 4418 Cerere,
1353 4349 1576 4416 raptam
1624 4346 2036 4418 Proserpinam

382 4415 735 4497 inquirente,
769 4415 892 4471 haec
921 4416 1187 4471 Clemens
1219 4417 1301 4472 ait
1340 4432 1402 4470 se
1427 4415 1877 4489 transcripsiss'e
1908 4435 2036 4472 car-

385 4503 587 4547 mina:

455 4574 544 4629 Sic
568 4575 746 4642 dixit,
775 4582 941 4630 vestes
971 4575 1182 4641 tollens,
1217 4591 1547 4645 omnemque
1573 4576 1815 4645 ﬁguram

457 4647 706 4717 Corporis
759 4647 998 4702 ostendit
1026 4655 1266 4717 turpem,
1293 4649 1575 4718 spectabat
1604 4650 1826 4704 Iacchus
1855 4648 1922 4717 ⁸³,
1947 4652 2034 4705 etc

381 4733 660 4806 Nonnulli
691 4737 886 4788 autem
920 4738 1130 4806 putant
1160 4735 1310 4790 fcede
1340 4740 1684 4806 corruptum
1715 4752 1846 4793 esse
1877 4735 2036 4793 hunc

377 4804 696 4860 Clementis
728 4806 915 4861 nostri
939 4804 1157 4876 locum,
1192 4823 1257 4862 ac
1290 4804 1577 4863 medicam
1601 4808 1653 4862 ei
1679 4823 1922 4864 manum
1955 4809 2035 4864 al-

379 4876 530 4950 ferre
560 4881 868 4950 conantur.
905 4881 980 4950 at
1022 4894 1120 4933 eos
1153 4879 1211 4933 in
1247 4878 1480 4950 primis
1503 4884 1741 4950 torquet
1798 4897 2033 4936 nomen.

379 4948 593 5024 Iacchi,
618 4948 771 5018 quod
806 4949 864 5003 in
910 4949 1176 5024 alienam
1197 4966 1438 5024 prorsus
1468 4948 1781 5024 historiam
1827 4968 2036 5024 perpe-

380 5035 506 5093 ram
539 5021 994 5093 intrusum‘esse
1012 5021 1369 5077 existimant.
1407 5023 1568 5086 Quod
1591 5021 1844 5093 quidem
1877 5021 2035 5079 haud

383 5089 608 5163 incerta
640 5089 1075 5163 probariposse
1136 5097 1346 5163 putant
1386 5089 1733 5148 auctoritate
1770 5095 2035 5161 Arnobii,

383 5160 486 5230 qui
509 5177 722 5234 nomen
754 5160 1172 5234 illud—omnino
1196 5163 1587 5234 pratermisit.
1623 5165 1734 5220 Sed
1766 5165 1901 5220 huic
1932 5160 2036 5221 do-

383 5235 611 5286 ctorum
642 5231 1333 5306 hominumconjecturte
1365 5235 1538 5306 plane
1569 5237 1961 5292 adversantur
1981 5240 2040 5292 et

381 5303 769 5378 manuscripti
792 5304 977 5359 nostri
997 5306 1251 5378 codices,
1279 5310 1338 5362 et
1357 5303 1668 5374 Eusebius,
1693 5307 1794 5378 qui
1813 5309 2038 5364 eosdem

381 5373 612 5431 Grazcos
660 5373 873 5449 versus
916 5391 985 5430 ex
1015 5375 1313 5449 Clemente
1366 5383 1566 5433 nostro
1597 5373 1818 5449 retulit,
1852 5379 2039 5435 idem-

381 5461 508 5516 quae
558 5463 774 5503 nomen
829 5445 1054 5520 Ἴακχος
1113 5447 1369 5521 exhibet.
1414 5449 1485 5504 Et
1510 5465 1647 5506 vero
1678 5445 2041 5506 contendunt

2130 533 2288 603 textu
2323 530 2654 603 lectionem,
2677 534 3175 603 depravatumque
3207 535 3277 588 ab
3303 535 3561 591 librariis
3595 540 3778 596 fuisse

2132 601 2284 656 hunc
2316 602 2627 672 ipsiusmet
2653 601 2892 658 Arnobii
2917 601 3151 660 versum
3180 621 3193 660 :

2202 708 2344 833 ἓῇᾳε
2383 724 2517 833 calva.
2547 709 2851 833 suoqutiens
2900 713 3083 767 Buubo
3123 729 3320 781 manu,
3361 730 3494 769 nam
3543 718 3779 787 puerilis

2295 796 2313 832 ι
2345 796 2411 833 υιι
2465 795 2527 833 us
2552 796 2642 833 cra
2679 823 2691 833 .

2295 796 2313 832 ι
2345 795 2527 833 vultus
2552 795 2691 835 erat.

2134 885 2237 939 Pro
2273 909 2298 934 τι
2334 887 2532 940 Baubo
2567 908 2586 932 υ
2624 885 2840 940 etenim
2883 890 3077 956 reponi
3126 891 3326 946 volunt
3365 913 3386 942 οι
3427 894 3712 952 Bacchus.
3749 919 3777 948 »

2130 956 2368 1036 Nullum
2419 957 2715 1036 enimvero
2763 958 3309 1036 dubitandi__locum
3349 981 3478 1021 esse
3511 970 3780 1036 credunt,

2131 1027 2270 1106 quin
2313 1031 2582 1106 Bacchus
2608 1029 2664 1082 in
2701 1030 3044 1106 turpissimo
3085 1031 3205 1097 illo,
3247 1050 3419 1103 quem
3457 1044 3635 1106 poetae
3671 1027 3779 1095 im;

2132 1099 2327 1180 pudici
2373 1102 2675 1180 tinxerant,
2712 1099 2942 1180 alluerit
2969 1104 3198 1180 Cereris
3242 1099 3655 1180 Haubonisque
3686 1129 3779 1167 co-

2134 1171 2362 1226 mitatu.
2400 1173 2511 1226 Sed
2544 1171 2614 1226 de
2643 1172 2898 1226 Arnobio
2933 1171 3069 1226 alibi
3103 1174 3415 1231 dicendum
3453 1171 3579 1234 erit:

2201 1243 2283 1316 Ad
2317 1244 2713 1316 eademporro
2744 1243 2966 1297 Cereris
2997 1260 3186 1316 sacra,
3211 1263 3334 1316 quae
3361 1250 3655 1307 Eleusinia
3681 1270 3783 1308 νου

2131 1315 2440 1392 cabantur,
2474 1315 2745 1392 Clemens
2779 1316 2991 1392 referre
3023 1315 3252 1392 videtur
3296 1319 3782 1392 Thesmophoria,

2132 1386 2371 1464 perinde
2403 1402 2468 1439 ac
2516 1385 2565 1464 si
2612 1403 2764 1439 unus
2797 1386 3069 1464 idemque
3111 1388 3301 1464 festus
3333 1391 3476 1464 dies,
3511 1385 3783 1464 idemque

2133 1457 2476 1526 mysterium
2511 1462 2567 1510 et
2597 1473 2832 1511 sacrum
2878 1457 3145 1511 fuissent.
3183 1458 3288 1513 Ubi
3323 1457 3479 1516 enim
3512 1464 3583 1518 de
3617 1457 3782 1518 Eleu-

2132 1529 2300 1604 siniis
2351 1529 2758 1604 disseri_t_,_hiec
2805 1527 2901 1581 ille
2934 1529 3424 1604 totidem_lverbis
3479 1535 3782 1604 disputat:

2133 1621 2166 1677 ε
2194 1599 2291 1652 Vis
2324 1600 2500 1677 etiam
2536 1599 2641 1677 tibi
2675 1615 2904 1677 narrem
2947 1602 3242 1677 quomodo
3277 1603 3447 1658 flores
3489 1599 3788 1677 collegerit

2130 1670 2502 1745 Proserpina,
2526 1673 2770 1741 ejusque
2790 1669 3112 1745 calathugrn,
3134 1677 3197 1745 et,
3219 1680 3450 1744 raptum
3467 1694 3499 1730 a
3519 1669 3786 1745 Plutone,

2131 1752 2187 1796 et
2229 1741 2455 1796 hiatum
2491 1747 2686 1815 terrae,
2723 1747 2780 1796 et
2827 1759 2961 1796 sues
3014 1741 3451 1815 Eubuleifquae
3498 1741 3784 1804 devoratis

2058 1835 2101 1898 B
2137 1815 2369 1898 luerent
2393 1831 2432 1894 .a
2470 1814 2727 1898 deabus;
2768 1818 3002 1894 propter
3033 1830 3209 1882 quam
3239 1814 3479 1872 causam
3511 1818 3570 1872 in
3600 1821 3784 1898 ’ljhes-

2140 1884 2436 1960 mephoris
2495 1885 2925 1960 Megarensium
2991 1901 3409 1960 moreporcos
3457 1891 3780 1960 expellunt.

2134 1957 2325 2026 Hujus
2358 1956 2565 2009 fabulae
2597 1957 2753 2010 diem
2786 1958 2999 2010 festum
3035 1956 3310 2014 mulieres
3346 1961 3506 2015 varie
3530 1956 3787 2018 concele-

2138 2027 2330 2094 brant,
2388 2027 2828 2099 Tesmophoria,
2887 2028 3278 2099 ScirOphoria,
3330 2031 3534 2086 multis
3593 2035 3784 2089 modis

2137 2104 2373 2168 raptum
2426 2097 2785 2168 Proserpinae
2834 2097 3064 2169 tragice
3090 2099 3470 2157 decantantes
3510 2104 3572 2156 ‘3.
3607 2124 3633 2155 η
3669 2109 3785 2160 Ve-

2139 2186 2269 2223 rum
2304 2169 2586 2224 Meursius
2621 2170 2700 2224 ibi
2741 2171 3100 2224 Clementem
3135 2178 3401 2227 nostrum
3436 2175 3648 2230 erroris
3688 2193 3783 2231 ac-

2139 2241 2578 2317 cusat,_quipp_e
2637 2241 2733 2312 qui
2775 2241 3199 2310 Tesmophoria
3254 2260 3386 2298 cum
3448 2246 3782 2317 Eleusiniis,

2139 2329 2267 2381 qua:
2302 2312 2470 2382 plane
2501 2313 2728 2367 diversa
2767 2317 2954 2380 erant,
2990 2319 3336 2383 praepostere
3366 2317 3604 2372 omnino
3648 2312 3784 2373 coni

2141 2384 2432 2438 fuderit“.
2477 2403 2496 2430 ι
2517 2384 2661 2438 Nam
2683 2384 2997 2451 Eleusinia,
3018 2384 3209 2453 inquit
3229 2386 3344 2452 ille,
3364 2387 3638 2442 instituta
3659 2390 3786 2445 fue-

2140 2459 2274 2509 rant
2338 2455 2397 2509 in
2442 2454 2663 2509 Cereris
2702 2459 2922 2529 raptam
2989 2455 3394 2527 Proserpinam
3447 2461 3784 2529 quaerentis,

2141 2531 2196 2598 et
2233 2531 2371 2598 tunc
2405 2532 2776 2598 acceptarum
2813 2527 3045 2596 frugum
3080 2529 3427 2583 memoriam
3454 2527 3787 2598 ;"I‘hesmo-

2142 2597 2346 2668 phoria
2377 2614 2510 2652 vero
2545 2596 2621 2652 ob
2657 2596 2808 2665 leges
2861 2598 2930 2651 ab
2965 2613 3033 2651 ea
3089 2605 3376 2669 acceptas.
3406 2625 3426 2651 ιι
3455 2596 3788 2658 ⁷Αιηῐιοὺίιιῐιι

2141 2684 2411 2744 q_uoque__
2434 2675 2491 2723 et
2540 2671 2991 2744 Theodoretum,
3024 2669 3240 2744 quibus
3295 2676 3352 2726 et
3386 2673 3552 2743 longe
3585 2673 3782 2744 plures

2141 2740 2285 2795 alios
2318 2740 2638 2811 adjungere
2675 2740 2984 2810 potuisset,
3017 2741 3228 2795 similis
3252 2744 3428 2797 errati
3462 2740 3785 2801 insimulat.

2138 2813 2246 2865 Sed
2279 2827 2389 2865 non
2424 2811 2700 2865 omnibus
2735 2813 2978 2865 fortasse
3011 2813 3266 2867 rationes
3298 2815 3427 2883 ejus
3458 2817 3607 2870 tanti
3636 2817 3792 2872 vide-

2138 2883 2364 2955 buntur
2385 2883 2682 2952 ponderis,
2705 2887 2982 2955 utcontra
3003 2887 3087 2937 tot
3101 2887 3516 2955 tantorumque
3530 2887 3787 2943 virorum

2139 2953 2568 3022 auctoritatem,
2599 2953 2902 3008 communi
2934 2954 3050 3008 fere
3083 2955 3344 3009 omnium
3379 2953 3672 3012 consensu
3707 2975 3791 3013 re-

2135 3029 2389 3100 ceptam,
2421 3024 2688 3100 singulos
2711 3041 2973 3100 quosque
2995 3025 3051 3079 in
3085 3042 3266 3100 suam
3291 3027 3543 3100 adducat
3571 3030 3794 3100 opinio-

2137 3113 2290 3172 nem.
2409 3097 2507 3168 qui
2531 3095 2728 3150 tamen
2757 3095 2918 3172 illius
2941 3096 3301 3166 argumentis
3323 3095 3650 3171 vincantur,
3677 3100 3792 3172 ipsi

1603 3171 2022 3268 Em5‘,\l/'o:s.1‘v:ium
2056 3201 2099 3268 α
2141 3167 2538 3268 subscribam,
2573 3183 2676 3238 per
2701 3184 2807 3222 nos
2840 3167 2993 3268 licet,

2215 3239 2431 3294 Omnes
2471 3256 2642 3310 porro
2683 3255 2802 3293 una
2849 3242 3042 3293 mente
3080 3239 3459 3310 consentiunt
3504 3243 3790 3298 matronis

2145 3309 2369 3384 aliquot
2387 3309 2532 3384 dies,
2569 3314 2883 3384 antequam
2901 3309 3364 3384 Thesmophoria
3387 3323 3643 3384 agerent,
3665 3331 3792 3369 ser-

2145 3383 2395 3436 vandam
2422 3383 2602 3436 fuisse
2624 3381 2975 3436 castitatem.
3000 3383 3160 3444 Quod
3187 3381 3791 3452 quidem'conlirmari

2149 3459 2342 3526 potest
2373 3455 2627 3525 quadam
2659 3453 2929 3526 'lfheanus
2957 3453 3792 3526 Pythagoriczeresponsione,

2148 3524 2321 3596 quam
2375 3526 2623 3595 ipsemet
2652 3524 2918 3580 Clemens
2951 3531 3151 3580 noster
3183 3525 3446 3596 protulit,
3482 3524 3564 3582 ita
3595 3532 3792 3582 tamen

2149 3603 2212 3652 ut
2243 3597 2518 3667 plurimis
2550 3613 2771 3652 morem
2810 3597 2964 3650 hunc
2996 3597 3392 3652 nescientibus
3424 3599 3676 3654 obscura
3707 3599 3793 3653 vi-

2149 3670 2271 3724 deri
2315 3675 2549 3739 posset:
2583 3691 2611 3717 «
2662 3669 2904 3740 Rogata,
2960 3667 3172 3736 inquit,
3205 3667 3438 3723 Theano
3489 3676 3669 3740 quoto
3701 3670 3795 3725 die

2151 3740 2363 3814 mulier
2408 3744 2540 3814 post
2568 3756 2948 3814 congressum
2979 3755 3112 3814 cum
3148 3740 3284 3814 viro
3300 3742 3370 3795 ad
3400 3741 3800 3814 Thesmopho-

2149 3812 2303 3867 rium
2334 3812 2529 3867 venire
2561 3812 2746 3882 possit
2776 3829 2788 3866 :
2817 3813 2859 3865 A
2895 3811 3125 3881 proprio
3149 3811 3387 3882 quidem
3419 3814 3621 3868 statim
3652 3811 3796 3868 sub—

2142 3884 2366 3954 junxit,
2395 3881 2694 3954 nunquam
2720 3885 2793 3937 ab
2816 3882 3093 3954 alieno“.
3133 3903 3159 3954 ει
3182 3881 3356 3936 Nulla
3375 3883 3531 3938 enim
3567 3885 3800 3953 penitus

2150 3953 2361 4010 fuisset
2389 3953 2547 4026 istud
2578 3955 2791 4026 abphac
2823 3953 3070 4026 muliere
3104 3953 3458 4026 philosopha
3497 3956 3800 4026 quaerendi

2150 4044 2351 4090 causa,
2388 4025 2500 4080 nisi
2534 4025 2806 4080 mulieres
2839 4030 2975 4080 ante
3007 4024 3172 4079 illum
3207 4024 3361 4080 diem
3396 4024 3606 4080 festum
3640 4032 3799 4081 caste

2150 4104 2208 4154 et
2231 4099 2454 4168 integre
2487 4097 2676 4168 vivere
2700 4096 3060 4151 debuissent.
3090 4096 3169 4150 De
3202 4096 3310 4151 hac
3341 4102 3536 4152 autem
3558 4096 3796 4153 Theano

2150 4170 2210 4224 in
2243 4167 2508 4240 sequenti
2541 4168 2955 4223 dissertatione
2982 4183 3108 4238 cap.
3145 4169 3232 4233 18,
3258 4171 3368 4223 art.
3401 4169 3453 4221 4.
3515 4239 3519 4240 ί
3680 4238 3725 4240 μ
3775 4194 3785 4202 -

2221 4238 2468 4295 Miratur
2500 4255 2668 4309 porro
2695 4240 2972 4294 Hervetus
3004 4255 3118 4309 qua
3152 4241 3388 4295 tandem
3413 4239 3639 4294 ratione
3668 4238 3794 4292 Cle-

2148 4327 2317 4367 mens
2349 4312 2418 4366 de
2455 4310 2764 4366 Eleusiniis
2796 4327 2898 4365 seu
2922 4310 3144 4365 Cereris
3179 4311 3322 4366 festo
3345 4311 3439 4365 die
3462 4311 3798 4381 disputans,

2147 4385 2206 4436 in
2258 4382 2563 4438 Themidis
2608 4380 2881 4452 delapsus
2913 4382 3090 4435 fuerit
3134 4397 3502 4437 sermonem:
3535 4380 3573 4431 «ί
3617 4382 3796 4445 Quin-

2147 4454 2324 4509 etiam
2356 4452 2651 4508 Themidis
2675 4453 3206 4525 arcanasymbola,
3238 4456 3573 4525 origanum,
3605 4452 3799 4507 lucer-

2151 4543 2248 4590 na,
2281 4527 2462 4591 ensis,
2525 4528 2733 4596 pecten
2788 4523 3091 4580 muliebris
3149 4526 3275 4590 ‘5,»
3310 4523 3421 4580 etc.
3483 4525 3799 4580 Summum

2150 4597 2446 4654 enimvero
2469 4595 2539 4651 de
2561 4595 2655 4670 his
2677 4595 2994 4670 Themidos
3015 4597 3245 4670 arcanis
3267 4596 3550 4670 symbolis
3578 4596 3658 4650 ait
3674 4612 3804 4670 esse

2145 4670 2299 4738 apud
2317 4684 2519 4725 omnes
2540 4666 2866 4723 silentium.
2890 4668 2998 4722 Sed
3023 4666 3321 4723 nesciebat
3341 4669 3427 4738 v_ir
3449 4668 3660 4723 doctus
3692 4666 3801 4722 hoc

2144 4740 2445 4796 Themidis
2476 4755 2798 4810 cognomen
2830 4756 2963 4794 cum
2997 4739 3130 4794 aliis
3161 4739 3432 4810 pluribus
3475 4740 3665 4794 eidem
3699 4739 3803 4810 Ce-

2144 4755 2445 4796 '1‘nemiols
2476 4755 2798 4865 cognomen
2830 4756 2963 4794 cum
2997 4755 3130 4794 ams
3161 4755 3432 4810 pluribus
3475 4755 3665 4794 eidem
3699 4755 3800 4793 ue-

2144 4811 2258 4889 reri
2307 4829 2342 4866 a
2390 4812 2541 4889 Porp
2589 4811 2711 4889 _y_ri_o
2754 4810 3006 4889 ascribi:
3041 4833 3070 4889 (ε
3099 4811 3168 4865 Et
3200 4811 3525 4889 quoniam,
3579 4809 3800 4889 inqnit,

2141 4883 2230 4938 vis
2263 4881 2541 4954 praeterea
2570 4881 2872 4937 divinandi
2905 4883 3176 4954 quaedam
3198 4881 3409 4948 inerat,
3435 4881 3798 4954 Themin_ip-

2146 4949 2280 5009 sam
2308 4955 2710 5021 nominarunt,
2737 4949 3196 5026 quasi—singulis
3227 4954 3294 5006 τὰ
3330 4950 3634 5024 τεθειμένα,
3674 4949 3798 5026 hoc

2145 5032 2253 5090 est,
2288 5041 2380 5096 res
2412 5026 2528 5080 fato
2559 5020 2908 5081 constitutas
2939 5020 3370 5096 eventurasque
3401 5020 3795 5096 'prienuntiet.

2143 5101 2336 5174 {atque
2365 5095 2617 5174 huncin
2657 5097 2903 5174 modum
2931 5097 3046 5150 vim
3080 5094 3239 5150 illam
3272 5091 3435 5174 terrai
3458 5098 3544 5149 tot
3572 5091 3802 5174 symbo-

2145 5164 2335 5240 lorum
2367 5168 2640 5240 varietate
2663 5167 3012 5240 explicatam
3042 5171 3417 5234 venerantur,
3453 5182 3519 5220 ac
3550 5164 3799 5240 virginis

2146 5239 2408 5310 quidem,
2443 5238 2755 5310 Vestaeque
2782 5238 3040 5307 nomine,
3082 5246 3374 5310 quatenus
3417 5252 3486 5292 ea
3534 5239 3801 5310 centrum

2146 5305 2408 5382 universi
2437 5305 2886 5382 complectitur:
2912 5305 3192 5382 Parentis,
3223 5313 3516 5380 quatenus
3539 5305 3802 5382 animan-

2145 5381 2306 5436 tibus
2337 5375 2621 5458 alimenta
2636 5380 3014 5458 suppeditat;
3057 5378 3219 5458 Opis,
3242 5375 3543 5458 quatenus
3578 5375 3804 5447 lapides

2145 5456 2406 5523 generat,
2466 5450 2884 5523 montibusque
2934 5450 3314 5522 praeminet;
3348 5450 3599 5518 Cereris,
3653 5462 3801 5518 qua-

451 5655 800 5744 ”‘Herlodot.
835 5653 1126 5744 lib.lx,‘p.
1161 5656 1251 5744 12.
1329 5655 1508 5744 3l’ﬂlib2
1542 5674 1596 5744 ιι.
1621 5657 1881 5744 Praepar.
1914 5676 2143 5744 ev‘angz,
2177 5678 2223 5716 c.
2260 5661 2403 5744 2_3,_p.
2435 5663 2558 5744 63..
2605 5661 2899 5744 μίξει-ηιξ.
2937 5659 3198 5744 Λρριρεη
3227 5678 3277 5716 c.
3482 5659 3531 5744 ³¹ξ
3559 5655 3799 5744 Lucina:

379 5725 460 5804 De
491 5727 601 5782 dea
630 5727 1106 5804 Syria,__p.‘1Q6_1.
1183 5727 1310 5804 “p.
1345 5729 1540 5804 10,11,
1578 5729 1664 5804 1_4.
1689 5799 1707 5804 Α
1745 5725 1789 5770 5⁷
1818 5732 2035 5804 Arnob.
2061 5725 2162 5787 lib.
2190 5750 2226 5788 v
2256 5725 2394 5788 Adv.
2427 5737 2586 5804 gent.
2663 5732 2706 5766 ⁸⁸
2734 5751 2789 5804 p.
2829 5733 2914 5788 11.
2960 5725 3036 5804 7i”
3296 5733 3344 5766 1°
3365 5731 3578 5804 Arnob.
3610 5727 3805 5804 lib._1}l

377 5797 523 5868 Adv.
579 5797 764 5868 gent.
812 5797 871 5834 ‘1'
914 5797 1128 5853 Suidas

382 5866 428 5899 “
458 5866 674 5923 Meurs.
708 5867 811 5923 lib.
847 5885 904 5922 ιν
933 5869 1107 5925 Attio.
1133 5867 1292 5938 lect.,
1323 5887 1373 5925 c.
1407 5871 1497 5925 21.
1575 5875 1596 5908 ⁴

1188 5796 1270 5854 ad
1321 5796 1564 5855 verbum
1597 5796 1828 5906 eivav;
1864 5800 2034 5858 Voss.
2093 5804 2169 5859 De
2228 5807 2381 5874 poet.

1189 5873 1243 5906 ,τι
1323 5887 1350 5906 ρ
1407 5871 1466 5906 94
1575 5875 1596 5906 ι.
1655 5871 1733 5906 ιιι.
1791 5873 2068 5906 mm...
2153 5890 2187 5906 η
2237 5876 2342 5906 mo

2467 5821 2624 5868 τωο..
2657 5821 2709 5858 c.
2734 5795 2818 5874 ’8,
2857 5821 2912 5876 p.
2944 5802 3033 5856 61.
3113 5803 3159 5837 η
3190 5819 3326 5875 pag.
3353 5804 3442 5859 13.
3517 5801 3562 5835 ‘3
3593 5816 3653 5871 p.
3715 5795 3802 5850 11.

1651 5871 1755 5925 lib.
1791 5888 1849 5927 ιν
1878 5873 2117 5942 Strom.,
2153 5871 2360 5945 p.522.
2440 5875 2484 5910 ⁴⁶
2511 5891 2646 5948 pag.
2681 5876 2769 5930 14.

3427 6395 3430 6398 .
3457 6394 3470 6402 ..-
