2045 3198
149 190 202 217 977

146 260 180 280 ex
192 251 297 289 vicinis
311 251 426 280 arteriis
442 253 551 281 emisso
568 254 707 289 agitatus,
724 253 823 280 album
851 255 981 280 mutetur
997 255 1022 287 Α

146 289 176 325 in
192 287 329 325 colorem.
347 289 485 317 Pluribus
502 287 600 317 autem
617 290 644 316 id
662 290 767 325 probat
782 289 935 324 exemplis.
947 290 977 316 lli

147 324 296 352 ulceribus
324 325 402 351 enim
420 325 539 360 sanguis
557 326 583 352 in
601 324 771 360 pus’album
789 325 976 353 convertitur.

145 361 223 396 Mare
238 362 349 393 autem,
365 363 451 388 vento
477 364 505 387 et
535 361 675 388 ﬂuctibus
691 362 846 396 agitatum,
863 360 978 395 exspuit

146 395 218 424 salis
232 397 428 431 asperginem.
449 396 541 423 Fluvii
567 405 695 432 quoque,
712 395 761 432 qui
788 405 894 432 magno
919 398 976 423 im—

145 435 215 468 potu
236 432 379 464 feruntur,
396 432 606 467 interceptione
631 432 707 460 aeris
730 433 885 466 verberati,
902 440 975 468 spu-

146 476 226 504 mam
243 467 418 504 exprimunt.
436 468 568 504 Denique
593 469 670 504 quod
688 469 716 496 iu
733 477 782 496 ore
808 471 907 496 uoetro
920 467 977 496 Vest

147 503 313 536 humidum,
330 503 436 538 spiritu
455 503 587 532 albescit.

183 539 248 566 Hac
269 547 355 574 porro
370 540 405 567 de
421 547 454 567 eo
471 540 568 572 modo,
585 548 643 575 quo
672 539 716 567 lac
746 539 822 567 efﬁci
853 539 975 572 dicitur,

146 575 304 602 Clementis
321 575 418 610 opinio
434 575 549 603 etiamsi
562 576 775 603 recentioribus
785 575 907 603 medicis
916 583 974 602 non

146 612 297 647 probetur,
313 610 394 639 illam
414 614 513 638 tamen
531 620 564 639 ex
581 612 712 647 antiquis
729 614 757 639 et
773 611 975 639 celeberrimis

145 647 183 674 ab
198 647 262 683 ipso
278 655 378 674 revera
394 650 541 680 acceptam
558 648 650 674 fuisse
666 650 746 674 extra
762 648 884 674 dubium
911 655 974 674 om-

146 683 234 710 nibus
251 691 315 710 esse
330 683 427 711 debet.
442 683 516 715 Quid
539 683 686 711 enimvero
712 683 758 710 bis
783 683 895 710 Galieui
912 691 973 709 ver-

146 718 192 746 bis
204 719 311 746 clarius
327 722 356 746 et
370 719 557 754 expressius:
574 730 588 744 α
600 719 747 754 Sanguine
759 719 890 754 quidem,
902 718 973 745 dum

145 755 241 782 adhuc
255 755 285 781 in
300 757 382 782 utero
398 758 561 790 gestemur,
574 754 611 781 ali
629 763 680 782 nos
696 757 813 782 constat
830 763 835 781 :
854 762 889 781 ex
905 762 972 781 san-

144 790 233 825 guine
248 798 315 817 vero
330 790 375 818 lac
390 789 533 825 gignitur,
549 790 682 825 exiguam
699 790 728 817 in
746 789 886 818 mamillis
907 798 972 817 mu-

144 826 284 853 tationem
300 826 405 860 adepto
420 826 470 853 5°?
497 837 507 850 ι
537 826 640 853 Fusius
669 828 768 853 autem
798 826 971 853 Aviceuna:

144 873 157 886 ‹‹
174 861 303 888 Mamilla
318 864 363 888 est
377 869 484 897 corpus
500 861 696 896 compositum
713 870 746 889 ex
758 862 838 889 venis
854 866 883 889 et
897 864 972 888 arte-

146 897 198 924 riis
214 899 243 924 et
259 897 364 933 nervis,
382 896 458 924 inter
486 905 549 932 quae
579 897 694 925 exsistit
722 898 864 930 vacuitas,
881 906 970 933 quam

441 191 534 219 ΔΗΕ
553 192 591 219 IN
610 191 922 219 COHORTATIONEM
940 192 988 218 ET
1005 193 1242 221 PEDAGOGUM
1260 191 1567 220 OBSERVATIONES.

1806 190 1863 218 978

1322 249 1523 283 AaTICULUs
1544 254 1577 282 ll.

1034 299 1072 325 De
1096 307 1167 326 auro
1193 299 1265 334 quod
1288 300 1413 334 formica
1436 300 1575 334 e/Iodiunt
1589 300 1614 326 et
1628 298 1748 333 gryphas
1771 302 1862 325 custo-

1068 334 1158 368 diunt,
1170 335 1203 361 de
1219 335 1326 362 Pactoli
1340 334 1453 368 ﬂuentis
1467 335 1572 367 aureis,
1585 339 1610 362 et
1624 335 1709 369 Lydia
1725 338 1861 365 ramento,

1068 376 1171 405 quanta
1185 372 1347 406 profusione
1361 373 1386 397 et
1402 371 1472 398 luxu
1500 371 1609 405 pagani
1622 379 1654 398 eo
1667 371 1857 404 abuterentur,

1067 414 1099 433 ac
1117 407 1267 434 mastichen
1285 407 1425 440 raderent,
1437 409 1463 434 et
1479 415 1527 434 cur
1542 407 1723 442 metoposcopi
1737 406 1860 433 diceren-

1067 446 1120 469 tur.

1067 508 1179 532 Aurum
1190 505 1219 531 in
1232 506 1316 532 terra:
1327 504 1409 532 venis
1426 511 1490 531 esse
1506 504 1687 532 reconditum
1704 512 1756 539 pro
1780 505 1860 531 certo

1030 540 1162 568 Clemens
1187 541 1289 576 ponit:
1316 541 1365 568 sed
1392 540 1420 567 id
1450 540 1638 576 continenter
1657 538 1786 576 addidit:
1811 538 1860 566 Διὰ

1029 576 1167 613 τοῦτόέτοι
1186 575 1328 613 μύρμηκες
1349 575 1641 613 χρυσωρυχυῦσιχκαὶ
1657 575 1775 613 Δγρύπεςλ
1790 583 1855 611 χρυ-

1031 608 1249 649 σωφυλακοῦσιίδ
1263 608 1280 637 (ι’
1305 613 1337 639 Et
1350 608 1425 649 ideo
1447 608 1706 649 aurum-formicae
1731 608 1855 649 fodiunt,

1030 647 1133 675 aurum
1150 648 1276 684 gryphas
1292 647 1507 675 custodiunt“.
1519 657 1532 672 ι
1545 648 1581 674 At
1596 655 1666 684 quo,
1682 647 1806 681 inquies,
1823 655 1858 674 ex

1030 683 1193 711 auctore’id
1208 684 1343 712 Clemens
1359 684 1481 719 accepit,
1498 686 1549 710 aut
1574 683 1641 718 quis
1657 691 1708 717 pro
1724 691 1756 709 eo
1773 684 1857 710 testis

1029 720 1151 755 produci
1168 722 1264 755 potest
1278 720 1292 746 ‘I
1313 718 1437 751 Quidam
1454 722 1532 747 certe
1549 727 1601 746 nec
1618 718 1670 755 tibi
1685 718 1778 755 ignoti
1803 726 1856 745 nec

1028 754 1150 791 prorsus
1168 754 1283 783 incertae
1300 755 1365 783 ﬁdei
1382 755 1445 782 dari
1462 756 1597 790 possunt,
1616 754 1667 789 qui
1692 754 1809 791 quidem
1827 756 1857 781 et

1029 789 1130 826 quales
1146 791 1207 818 sint
1221 791 1278 818 illa:
1295 791 1433 825 formicae,
1450 789 1478 818 et
1500 791 1609 825 quibus
1632 791 1661 817 in
1685 789 1856 826 regionibus

1028 825 1132 854 aurum
1145 828 1295 860 effodiant,
1309 827 1455 855 memoriae
1472 826 1674 862 prodiderunt.
1687 826 1803 862 Primus
1818 825 1856 852 si-

1027 863 1145 898 quidem
1171 866 1273 890 testem
1300 863 1353 890 tibi
1377 861 1535 890 citabimus
1558 862 1743 898 strabonem,
1757 861 1806 898 qui
1819 861 1855 888 de

1026 897 1086 926 illis
1095 899 1137 926 sic
1145 899 1246 926 scribit
1253 900 1284 926 l5":
1298 909 1311 924 ιι
1323 898 1521 926 Formicarum
1533 906 1638 925 aurum
1651 897 1853 925 eﬂ'odientium

146 941 214 973 caro
226 933 317 968 replet
328 932 480 968 gluudosa,
497 933 613 961 cuinon
628 936 673 961 est
691 941 805 966 sensus,
818 933 876 960 albi
891 932 971 961 colo-
988 936 1011 968 Β
1027 935 1117 969 polles
1134 934 1306 998 ({learchus)
1323 935 1430 962 vidisse
1447 935 1497 968 ait,
1515 933 1644 969 pardalis
1666 933 1732 968 pelli
1760 932 1852 967 persi-

146 977 195 998 rls.
213 972 240 995 et
258 972 375 998 propter
392 977 475 996 suam
493 968 667 998 albedinem.
682 970 800 998 quando
824 969 970 996 assimila-
1027 970 1121 998 miles.
1154 971 1341 998 iesasthenes
1357 970 1392 997 de
1408 970 1538 997 formicis
1563 969 1603 997 ait
1628 969 1706 998 apud
1731 969 1851 998 Derdas.

144 969 195 1001 ris,
213 972 240 995 et
258 972 375 1003 propter
392 977 475 996 suam
493 968 667 1004 albedinem,
682 970 800 1004 quando
824 969 970 996 assimila-

144 1007 192 1031 tur
207 1005 231 1031 ei
249 1005 381 1038 sanguis.
396 1005 560 1032 alhiliratur
573 1005 644 1032 illud
664 1006 741 1040 quod
755 1005 848 1032 nutrit
862 1005 970 1040 ipsam,

144 1043 172 1068 et
187 1041 354 1068 albiﬁcatur
369 1040 440 1067 illud
457 1041 534 1075 quod
551 1041 707 1076 superﬂuit
722 1049 755 1068 ex
771 1050 813 1074 ea,
824 1044 852 1068 et
867 1042 900 1068 tit
916 1041 969 1068 lac.

143 1076 178 1104 Et
192 1077 256 1110 ejus
270 1076 390 1111 quidem
413 1077 595 1112 comparatio
618 1077 653 1104 ad
679 1077 724 1104 lac
748 1079 920 1112 generatum
937 1085 971 1104 ex

144 1112 287 1147 sanguine
302 1113 541 1149 estgcomparatio
558 1112 672 1148 hepatia
684 1113 719 1139 ad
732 1112 907 1149 sanguinem
925 1120 971 1148 ge-

145 1150 279 1175 neratum
291 1156 325 1175 ex
335 1147 474 1183 chylo,’in
488 1147 542 1175 hoc
558 1147 632 1183 quod
651 1147 883 1183 unumquodque
899 1147 970 1175 con-

144 1184 230 1211 vertit
255 1183 460 1211 bumiditatem
478 1184 513 1210 ad
530 1184 754 1211 similitudinem
772 1192 856 1211 suam
873 1185 902 1210 in
920 1192 970 1211 na-

144 1222 210 1247 tura.
221 1222 250 1256 et
260 1219 364 1247 colore.
380 1220 450 1248 Nam
467 1220 557 1254 hepar
573 1220 709 1247 rubiﬁcat
719 1220 839 1256 chylum
856 1219 970 1253 album,

143 1259 171 1283 et
186 1255 254 1283 facit
269 1263 336 1282 eum
353 1257 527 1291 sanguinem
545 1264 552 1286 :
569 1259 597 1283 et
613 1256 745 1283 mamilla
760 1256 890 1283 albilicat
905 1264 970 1282 san-

143 1292 263 1327 guinem
278 1292 413 1324 rubeum,
425 1294 453 1318 et
470 1291 537 1318 facit
552 1291 650 1326 ipsum
664 1291 708 1319 lac
719 1292 752 1319 ⁶¹.
765 1303 778 1316 ››
792 1291 894 1319 Plures
910 1291 970 1325 alii,

142 1328 165 1354 si
179 1327 248 1362 quid
261 1336 334 1362 opus
347 1330 433 1359 esset,
446 1327 570 1361 hujusce
582 1328 728 1362 opinionis
741 1327 853 1362 patroni
867 1329 895 1354 et
907 1327 970 1354 fau-

142 1366 219 1390 tores
236 1365 355 1397 possent
370 1371 386 1389 ει
403 1363 487 1389 nobis
503 1363 607 1396 citari;
630 1364 680 1390 sed
695 1371 821 1398 quorum
838 1362 970 1390 testimo-

142 1399 191 1425 nia
207 1398 394 1432 protulimus,
405 1399 440 1424 ad
457 1398 690 1425 confirmandam
707 1399 971 1433 explicandamque

144 1433 301 1461 Clementis
319 1433 410 1460 nostri
428 1434 603 1460 sententiam
621 1434 755 1462 sufﬁcere
779 1434 971 1461 credidimus.

180 1470 364 1504 Quapropter
380 1468 427 1495 ille
444 1469 585 1495 rationem
603 1469 670 1496 inde
686 1469 764 1496 sumi
778 1477 864 1504 posse
877 1472 971 1504 putat,

144 1513 197 1532 cur
221 1505 352 1532 nutrices
378 1504 473 1531 hieme
499 1505 735 1539 maxime,zetate
758 1513 825 1532 vero
850 1505 973 1533 minime

144 1540 220 1568 lacte
236 1540 388 1568 abundent
398 1540 550 1568 “.Hiemis
564 1541 672 1576 quippe
687 1543 819 1576 tempore
833 1541 913 1568 calor
927 1541 972 1568 in-

146 1579 194 1604 tus
207 1576 352 1610 inclusus,
363 1575 503 1604 alimento
516 1575 623 1604 melius
634 1575 771 1604 concocto
787 1579 815 1604 et
829 1578 971 1612 confecto,

1027 970 1121 998 miles.
1139 969 1341 1005 Megasthenes
1357 970 1392 997 de
1408 970 1538 997 formicis
1563 969 1603 997 ait
1628 969 1706 1004 apud
1731 969 1851 1003 Derdas,

1027 1015 1090 1041 quas
1107 1004 1214 1042 magna
1237 1014 1308 1041 gens
1334 1009 1379 1033 est
1404 1006 1543 1042 Indorum
1570 1008 1787 1042 montanorum,
1813 1004 1849 1031 ad

1026 1043 1166 1069 orientem
1183 1043 1394 1078 expositorum,
1412 1041 1562 1076 planitiem
1589 1041 1748 1078 quamdam
1772 1048 1854 1078 mou-

1026 1081 1125 1105 tanam
1143 1086 1207 1105 esse
1221 1076 1266 1105 ter
1279 1077 1356 1104 mille
1369 1077 1534 1104 stadiorum
1564 1077 1688 1110 ambitu,
1705 1078 1733 1103 et
1746 1076 1802 1103 sub
1818 1083 1852 1103 ea

1026 1114 1090 1141 auri
1106 1114 1231 1147 fodinae,
1242 1122 1316 1149 quas
1330 1112 1620 1149 lormiczeell‘odiant,
1633 1112 1770 1149 vulpibus
1787 1119 1850 1138 ma-

1025 1149 1179 1183 gnitudine
1196 1147 1258 1176 non
1271 1148 1409 1181 minores,
1428 1148 1501 1175 mira
1517 1148 1674 1181 celeritate,
1690 1147 1800 1174 victum
1817 1155 1852 1174 ex

1026 1184 1511 1219 venationecomparantes.Fodere
1520 1186 1617 1211 autem
1626 1186 1732 1211 terram
1741 1183 1792 1210 94
1803 1190 1853 1217 per

1026 1221 1151 1248 hiemom
1166 1224 1194 1248 et
1210 1221 1244 1247 ad
1262 1221 1371 1247 ostium
1389 1219 1587 1252 accumulare,
1603 1219 1854 1254 quemadmodum

1026 1257 1123 1284 solent
1150 1257 1244 1291 talpze.
1260 1256 1354 1291 Hujus
1384 1256 1447 1283 auri
1475 1258 1618 1288 ramenta,
1635 1255 1758 1291 idenim
1773 1256 1853 1291 sunt,

1026 1301 1113 1327 parva
1138 1289 1313 1320 decoctione‘
1330 1294 1424 1327 egent.
1439 1291 1534 1318 Vicini
1556 1290 1699 1327 jumentis
1718 1298 1756 1327 ea
1779 1289 1855 1327 clam

1027 1325 1156 1363 rapiunt,
1171 1330 1270 1364 aperte
1291 1325 1369 1355 enim
1394 1335 1452 1355 non
1478 1329 1612 1364 possunt,
1630 1325 1855 1364 prohibentibus

1026 1364 1168 1397 formicis,
1181 1372 1245 1399 quae
1260 1366 1289 1391 et
1304 1366 1446 1399 pugnant,
1456 1365 1484 1390 et
1500 1363 1643 1398 fugientes
1660 1363 1854 1399 insectantur,

1026 1408 1101 1435 quos
1117 1397 1459 1435 cum‘depreheu'derint,
1470 1397 1613 1435 una’cum
1626 1397 1771 1433 jumentis
1786 1398 1857 1424 inte-

1027 1435 1149 1463 rimunt.
1167 1437 1204 1462 Ut
1220 1443 1287 1468 ergo
1313 1434 1381 1462 illos
1405 1434 1526 1466 lateant,
1544 1434 1651 1461 ferinas
1678 1441 1782 1460 carnes
1806 1441 1857 1468 per

1028 1443 1149 1463 rlmunt.
1169 1443 1204 1462 ut
1220 1443 1249 1462 er
1271 1443 1287 1462 ο
1313 1443 1381 1462 1llos
1406 1443 1526 1466 lateant,
1544 1443 1651 1461 lerluas
1678 1443 1782 1460 carnes
1806 1443 1856 1468 per

1028 1471 1092 1499 loca
1107 1471 1235 1506 plurima
1249 1443 1422 1505 gisponunt.
1433 1471 1533 1505 Itaque
1542 1470 1576 1497 ad
1588 1469 1715 1505 praedam
1731 1468 1856 1506 dissipa-

1028 1504 1262 1546 patis'formicis,
1279 1504 1341 1546 auri
1358 1504 1560 1541 ramentaipsi
1579 1504 1743 1546 deportant,
1759 1507 1788 1546 et
1811 1504 1856 1531 fu-

1027 1539 1120 1569 sionis
1148 1542 1253 1578 ignari,
1272 1542 1438 1576 cuicunque
1467 1539 1621 1569 mercatori
1647 1540 1733 1568 rudia
1761 1539 1858 1567 diven-

1027 1579 1111 1605 dunt.
1124 1587 1138 1602 n

144 1621 201 1653 non
219 1612 328 1653 praebet
343 1612 464 1653 eaitunl,
481 1615 569 1653 atque
586 1612 692 1653 idcirco
707 1621 785 1640 vena
810 1615 880 1640 tunc
903 1610 971 1653 sani
984 1619 1007 1653 α
1034 1650 1043 1653 _
1065 1614 1184 1653 Eadem,
1197 1613 1246 1641 sed
1260 1612 1326 1639 aliis
1336 1612 1448 1653 verbis,
1460 1614 1558 1640 narrat
1573 1611 1706 1653 Plinius:
1720 1622 1733 1652 ς(
1750 1610 1856 1651 Iudicia

142 1648 230 1682 guine
251 1648 421 1683 implentur.
439 1649 500 1681 Quo
517 1651 614 1676 autem
632 1649 727 1683 major
750 1653 792 1676 est
816 1648 971 1684 sanguinis

142 1684 236 1719 copia,
250 1684 341 1719 magis
355 1684 408 1715 lac.
421 1685 497 1719 quod
515 1684 587 1712 nihil
606 1687 650 1712 est
665 1684 756 1718 aliud,
770 1684 811 1711 uti
826 1684 873 1712 ille
889 1685 968 1711 dixe-

141 1723 294 1755 rat,quam
310 1720 431 1753 sanguis
448 1729 480 1747 ex
498 1721 585 1748 rubro
602 1720 632 1747 in
649 1720 750 1748 album
764 1720 888 1748 colorem
907 1728 970 1748 mu-

138 1759 228 1787 tatus,
246 1756 331 1782 debet
347 1756 506 1783 abundare.

176 1792 291 1818 Scimus
308 1792 427 1826 quidem
447 1791 530 1819 aliter
544 1792 642 1819 visum
658 1792 749 1826 hujus
762 1794 867 1819 nostris
878 1792 971 1819 aetatis

141 1827 273 1861 medicis,
291 1828 339 1862 qui
357 1829 463 1862 putant
478 1827 651 1854 muliebrem
669 1827 797 1862 chylum,
816 1827 851 1854 ab
865 1827 971 1855 arteria

142 1862 291 1890 subclavia
305 1863 340 1890 ad
357 1862 576 1895 mammariam,
592 1865 621 1890 et
642 1863 677 1890 ab
706 1862 761 1890 hac
785 1872 836 1898 per
864 1864 971 1891 ductus

142 1906 212 1926 suos
240 1899 276 1926 ad
303 1898 473 1933 glandulas,
494 1902 527 1926 ut
555 1899 605 1926 ubi
635 1899 815 1934 perficiatur,
831 1899 969 1933 delatum,

145 1934 283 1970 ﬁerirlac,
300 1935 375 1969 quod
402 1934 432 1962 in
458 1934 637 1962 lactantibus
662 1935 825 1970 ipsummet
848 1935 971 1963 infantis

143 1969 360 1998 nutrimentum
376 1978 477 1998 revera
492 1970 629 1998 efﬁcitur.
642 1969 697 1998 Sed
715 1970 775 1998 hzec
787 1979 861 1998 nova
873 1979 970 1999 recen-

142 2006 250 2033 tiorum
269 2006 450 2034 medicorum
468 2006 615 2034 sententia
632 2009 682 2033 aut
698 2015 812 2041 parum,
830 2009 881 2034 aut
897 2007 969 2034 nihil

142 2042 177 2069 ad
194 2044 329 2070 nostrum
346 2045 462 2077 spectat
476 2042 666 2077 Clementem,
677 2043 726 2077 qui
737 2051 769 2070 se
780 2051 814 2070 ex
824 2044 970 2070 constanti

142 2081 170 2105 et
178 2079 329 2105 communi
342 2078 387 2106 sui
395 2078 537 2113 temporis
548 2079 725 2114 scriptorum
738 2079 876 2113 opinione
889 2079 971 2112 illud,

143 2115 220 2148 quod
248 2115 431 2148 probandum
456 2117 635 2150 susceperat,
653 2115 726 2142 satis
750 2123 897 2150 superque
922 2115 972 2142 de-

144 2150 355 2177 monstravisse
371 2150 445 2177 haud
464 2150 611 2178 immerito
627 2150 787 2177 arbitratus
802 2153 856 2178 est.

179 2184 275 2221 Minius
291 2185 390 2221 itaque
406 2186 548 2212 usitatum
566 2194 598 2213 ac
614 2186 749 2213 fortassis
766 2185 852 2221 plane
867 2187 971 2220 singu-

144 2219 204 2246 lare
217 2220 242 2245 id
259 2220 360 2247 multis
371 2221 525 2253 videbitur,
539 2221 616 2256 quod
633 2221 681 2248 ille
694 2219 782 2256 paulo
808 2224 873 2256 post
896 2222 974 2256 adje-

145 2256 201 2293 cit:
214 2266 227 2280 ι(
240 2255 451 2293 Nuncrquoque
464 2255 593 2284 nutrices
607 2257 634 2283 id
647 2255 742 2293 lactis,
755 2255 829 2290 quod
843 2257 972 2293 primum

145 2291 180 2318 ad
195 2293 296 2326 potum
307 2291 476 2325 offunditur,
488 2292 589 2319 eodem
605 2300 663 2326 quo
679 2291 750 2318 illud
766 2291 883 2320 nomine
893 2300 974 2319 man-

146 2335 182 2354 na
214 2327 447 2362 appellaverunt,
479 2327 563 2362 μάννα
589 2326 740 2361 κεκλήκασι
756 2328 788 2355 ⁸³.
821 2339 834 2352 ››
863 2328 973 2356 Nomen

144 2362 224 2390 enim
242 2374 255 2387 (ι
274 2371 392 2391 manna.
411 2374 425 2388 ››
448 2367 570 2391 matrem
587 2364 746 2395 aliquando
764 2364 975 2399 signiﬁcavisse

143 2399 271 2432 Canglus
287 2399 459 2427 observat“
476 2408 482 2426 :
510 2400 558 2427 sed
587 2408 604 2426 ιι
625 2399 734 2435 quibus
750 2407 793 2432 ea,
811 2408 897 2435 quem
912 2399 974 2427 Cle-

145 2443 229 2462 mens
245 2435 346 2469 tradit,
362 2435 578 2470 siguiﬁcatione
595 2437 769 2470 usurpatum
789 2436 885 2470 fuerit,
904 2444 976 2471 pall-

146 2479 195 2497 cos
212 2478 283 2498 sane
299 2479 330 2497 ac
346 2472 392 2498 vix
408 2471 532 2498 fortasse
549 2470 624 2498 ullos
641 2471 779 2506 reperias.

185 2507 269 2533 Porro
288 2506 421 2533 Clemens
438 2507 542 2534 scribit
558 2507 641 2534 lactis
663 2507 779 2542 adipem
802 2515 867 2534 esse
892 2508 977 2542 buty-

147 2542 391 2582 rum,'quo_mul_ti
409 2551 463 2582 sua
475 2545 558 2582 actate
572 2544 608 2582 ad
627 2543 776 2570 lucernam
793 2543 953 2582 utebantur
970 2551 976 2569 :

147 2588 159 2603 α
172 2577 252 2614 Multi
265 2577 351 2613 adipe
367 2578 464 2609 lactis.
478 2580 555 2614 quod
572 2579 709 2614 butyrum
721 2582 836 2610 vocant,
854 2581 979 2605 utuntur

146 2613 182 2641 ad
199 2613 350 2650 lucernam
367 2614 399 2641 ⁶⁸.
417 2625 431 2639 »
451 2613 533 2642 Unde
551 2613 651 2650 liquet,
668 2616 696 2642 in
713 2623 758 2647 ea,
778 2614 827 2642 ubi
843 2614 977 2642 Clemens

146 2649 205 2686 haec
237 2649 398 2686 scribebat,
428 2650 549 2686 regione
578 2649 735 2678 maximam
765 2651 856 2678 fuisse
880 2650 978 2686 butyri

146 2685 370 2713 abundantiam.

177 2827 199 2844 5°
213 2826 325 2855 Galien.
344 2828 393 2855 lib.
414 2837 421 2855 ι
438 2828 478 2855 De
494 2829 595 2855 tuend.
614 2829 716 2862 sanit.,
734 2836 758 2855 c.
774 2829 802 2856 7.

143 2863 167 2898 “if
183 2862 255 2889 ibid.
274 2871 300 2898 p.
319 2864 379 2891 102.
418 2864 441 2881 ⁸⁸
455 2866 543 2898 Cang.
561 2864 590 2891 in
605 2864 701 2891 Gloss.
719 2865 808 2891 Grrec.

874 2829 893 2846 ⁶¹
910 2829 1027 2857 Avicen.
1043 2829 1096 2857 lib.
1114 2838 1145 2857 ιιι
1162 2830 1237 2863 Fer.,
1254 2838 1279 2857 c.
1299 2832 1322 2856 1.

847 2865 869 2881 5"
885 2865 998 2897 Pardag.
1016 2865 1065 2892 lib.
1084 2874 1103 2895 ι,
1121 2874 1145 2892 c.
1162 2867 1190 2896 6,

1031 1650 1157 1677 formicae
1173 1657 1277 1676 aurum
1290 1657 1325 1675 ex
1335 1648 1467 1675 cavernis
1483 1650 1606 1683 egerunt
1620 1651 1702 1674 terra;
1718 1647 1748 1674 in
1766 1647 1856 1681 regio-

1026 1694 1061 1713 ne
1077 1684 1351 1721 septentrionalium
1369 1683 1687 1721 ludorum,qui‘Dardaa
1702 1684 1853 1721 vocantur.

1026 1718 1206 1755 Ipsis_color
1235 1720 1347 1751 felium,
1364 1719 1536 1755 magnitudo
1562 1719 1675 1755 Egypti
1697 1718 1852 1755 luporum.

1027 1753 1148 1784 Erutum
1166 1757 1220 1784 hoc
1236 1756 1272 1784 ab
1288 1756 1330 1782 eis
1345 1753 1477 1791 tempore
1501 1753 1624 1782 hiberno
1636 1753 1703 1791 Indi
1721 1755 1856 1791 furantur

1026 1793 1125 1831 aestivo
1136 1794 1257 1831 fervore,
1269 1791 1396 1831 conditis
1408 1789 1526 1831 propter
1535 1799 1672 1831 vaporem
1688 1789 1717 1817 in
1733 1789 1853 1831 cunicu-

1026 1829 1070 1856 los
1082 1829 1223 1859 formicis;
1232 1836 1295 1863 qua:
1308 1825 1507 1855 tamen‘odore
1518 1825 1681 1854 scllicitatze
1689 1825 1853 1863 pervolant,

1026 1865 1187 1900 crebroque
1203 1861 1344 1898 lacerant,
1361 1863 1495 1898 quamvis
1511 1862 1720 1900 prevelocibus
1735 1861 1856 1900 camelis

1027 1871 1187 1900 crebroque
1204 1871 1344 1898 lacerant,
1361 1871 1495 1898 quamVIs
1511 1871 1719 1925 praeveloclous
1735 1871 1854 1889 camelis

1027 1901 1172 1936 fugientes
1188 1900 1223 1936 “.7
1240 1911 1253 1924 ››
1270 1900 1349 1936 Quod
1364 1900 1482 1934 quidem
1501 1899 1507 1925 i
1524 1898 1549 1936 Ie
1564 1897 1736 1936 deliberavit
1751 1906 1787 1936 ex_
1799 1897 1854 1936 ῌθ-

1028 1932 1140 1971 rodoto,
1154 1936 1201 1971 qui
1218 1935 1279 1962 haec
1296 1932 1388 1963 fusius
1405 1934 1635 1970 prosequitur“.
1652 1934 1743 1971 Hunc,
1764 1932 1855 1971 si_l_u-

1027 1973 1085 2006 bet,
1102 1969 1179 1999 sicut
1194 1974 1223 1999 et
1239 1971 1372 1998 Solinum
1389 1969 1422 1998 ac
1438 1969 1554 2002 Melam,
1571 1972 1660 2005 atque
1684 1969 1758 2006 alios
1772 1969 1854 1996 adire

1028 2008 1137 2043 poteris
1148 2008 1254 2036 citatos
1261 2007 1296 2034 ab
1302 2007 1354 2034 Ald
1360 2006 1554 2041 rovando,qui
1563 2008 1629 2033 utru
1636 2014 1663 2033 m
1672 2005 1744 2032 illud
1753 2013 1853 2032 verum

1027 2045 1066 2072 sit
1082 2044 1146 2071 fuse
1166 2044 1297 2078 disputat
1311 2043 1343 2070 7°.

1064 2075 1321 2107 Dilﬁcilior'autem
1331 2078 1364 2105 de
1372 2077 1534 2113 gryphibus
1547 2078 1642 2113 potest
1648 2084 1713 2113 esse
1720 2075 1853 2113 quaestio.

1028 2116 1082 2147 Qui
1099 2116 1175 2143 enim
1197 2122 1302 2142 aurum
1328 2111 1434 2141 ab‘iis’
1450 2112 1591 2140 custodiri
1617 2112 1748 2143 tradunt,
1765 2111 1794 2138 hi
1810 2111 1854 2138 vel

1027 2151 1088 2179 solo
1099 2151 1211 2178 Aristaei
1227 2151 1256 2177 Pl
1266 2149 1414 2177 oconnesii
1428 2151 1517 2183 poetae
1529 2147 1698 2175 testimonio
1708 2147 1855 2179 nituntur,

1027 2186 1072 2214 vel
1087 2186 1115 2213 id
1132 2186 1257 2213 dubium
1271 2188 1299 2212 et
1316 2185 1401 2220 plane
1419 2186 1562 2212 incertum
1579 2183 1855 2220 existimantAudi,

1029 2230 1137 2257 quaeso,
1156 2219 1332 2257 Herodotum
1352 2229 1358 2247 :
1378 2231 1389 2245 «
1407 2220 1449 2247 Ad
1475 2220 1705 2257 septentrionem
1722 2219 1856 2257 Europae,

1027 2255 1132 2292 inquit,
1149 2256 1397 2291 quamplurimum
1424 2256 1485 2283 auri
1503 2256 1561 2282 vim
1579 2263 1643 2282 esse
1659 2256 1788 2292 constat.
1801 2255 1855 2282 Sed

1029 2291 1176 2328 quomodo
1193 2293 1253 2325 ﬁat,
1270 2301 1305 2320 ne
1322 2292 1377 2319 hnc
1393 2292 1512 2326 quidem
1529 2299 1580 2328 pro
1596 2294 1744 2328 comperto
1761 2291 1858 2328 dicere

1030 2326 1264 2364 queo.Dicuntur
1272 2331 1369 2355 tamen
1383 2328 1409 2354 id
1424 2336 1440 2354 a
1450 2327 1612 2363 gryphibus
1622 2327 1736 2364 auferre
1747 2326 1860 2364 Arima-

1031 2363 1074 2400 spi
1091 2365 1143 2392 viri
1161 2364 1301 2397 unoculi;
1318 2364 1396 2400 quod
1418 2372 1470 2391 nec
1491 2364 1590 2398 ipsum
1621 2363 1806 2400 crediderim,
1826 2365 1858 2390 ut

1030 2399 1082 2428 viri
1102 2399 1550 2431 nascantur,nncculi,caeleram
1569 2400 1705 2426 naturam
1717 2399 1858 2426 habentes

1031 2436 1419 2470 aliishominihuspnrem".
1433 2435 1489 2462 nEt
1500 2436 1600 2470 postea
1610 2434 1685 2462 libro
1697 2435 1830 2469 sequenti
1850 2443 1856 2461 :

1034 2484 1045 2497 τι
1062 2472 1343 2506 Aristonis-quidam
1371 2471 1584 2498 Proconnesius
1600 2471 1788 2501 versiﬁcator,
1804 2470 1858 2497 Ca-

1033 2508 1135 2536 strobii
1158 2508 1247 2537 filius.
1266 2508 1437 2535 memoravit
1453 2515 1483 2534 se
1501 2507 1608 2534 Phoebo
1624 2507 1796 2534 instinctum
1813 2514 1860 2533 ve-

1034 2544 1112 2571 nisse
1123 2544 1158 2571 ad
1172 2544 1373 2575 Isszedonas,et
1385 2552 1474 2578 supra
1485 2542 1539 2570 hos
1551 2542 1678 2570 incolere
1688 2542 1860 2577 Arimaspos

1032 2580 1111 2607 viros
1127 2579 1280 2612 unoculos,
1298 2579 1401 2606 etitem
1412 2577 1503 2614 supra
1514 2578 1567 2606 hos
1576 2586 1641 2606 esse
1652 2577 1860 2614 gryphasﬂpu-

1032 2625 1083 2645 πας
1099 2615 1160 2650 qui,
1178 2624 1282 2643 aurum
1300 2615 1519 2650 asservent“.rn

1068 2648 1231 2679 Pausanias
1243 2659 1309 2679 vero
1325 2651 1411 2686 paulo
1424 2648 1598 2686 explicatius
1615 2657 1622 2677 ς
1639 2660 1654 2673 ‹‹
1665 2648 1861 2686 βηρΜεᾸιι-

1033 2687 1107 2723 quit,
1125 2695 1192 2714 cum
1208 2684 1380 2723 Arimaspis,
1396 2686 1447 2723 qui
1463 2684 1563 2723 supra
1585 2684 1748 2723 Issaedones
1777 2688 1858 2723 sunt,

1033 2720 1097 2750 auri
1113 2731 1204 2751 causa
1219 2720 1337 2751 assidue
1361 2722 1469 2749 bellare
1484 2721 1622 2748 Aristaeus
1649 2720 1862 2748 Proconnesius

1033 2759 1215 2787 carminibus
1230 2761 1356 2787 testatus
1371 2760 1435 2791 est;
1458 2759 1487 2784 et
1511 2764 1614 2784 aurum
1641 2756 1761 2791 quidem
1784 2756 1862 2792 quod

1753 2837 1781 2864 p.
1802 2829 1861 2857 101.

1754 2873 1783 2900 p.
1798 2866 1862 2894 207.

1392 2829 1414 2845 εἳ
1432 2827 1545 2862 Pzedag.
1562 2826 1613 2855 lib.
1630 2835 1650 2862 ι,
1667 2835 1691 2855 c.
1708 2828 1734 2861 6,

1207 2862 1234 2901 pi
1254 2866 1313 2892 107.
1358 2864 1380 2881 ⁵³
1397 2864 1509 2901 Ρειπίθιιξἶ
1596 2872 1626 2901 ιι,
1644 2872 1669 2901 (ξε
1693 2864 1736 2894 12,

145 2896 166 2916 ⁸⁷
184 2896 293 2934 Strata,
311 2898 361 2936 lib.
379 2908 414 2936 xv
431 2896 536 2935 Geogr.
555 2910 581 2936 p.
599 2901 652 2928 τοῦ
668 2903 696 2927 ct
710 2902 773 2927 706.
812 2901 833 2917 ⁵³
855 2901 939 2935 l‘lln.,
957 2900 972 2928 li

1037 2902 1126 2928 ant.
1145 2896 1226 2934 nisi;
1241 2909 1265 2928 ε.
1286 2901 1326 2928 l3.
1344 2909 1371 2934 ρ.
1394 2900 1451 2926 mo.
1486 2898 1632 2936 altered.
1650 2899 1702 2928 lib.
1722 2896 1791 2935 m‘,§
1814 2903 1866 2929 102

146 2935 174 2962 et
190 2942 251 2969 seq.

147 2970 199 2998 lib.
219 2978 255 3006 IV,
273 2969 287 3006 §
304 2970 346 2998 l3.

326 2935 348 2972 Ϊο
363 2935 550 2970 Aldrovaud.,
568 2936 619 2964 lib.
637 2945 652 2964 v
668 2937 707 2964 De
721 2936 852 2970 insectis,
869 2946 931 2972 cap.
949 2937 974 2969 -Ι,
994 2946 1020 2972 ρ.
1033 2938 1086 2964 515
1102 2940 1129 2964 et
1144 2946 1206 2972 seq.

1281 2937 1301 2953 τι
1321 2936 1467 2964 ιιοι-υιιυιη
1485 2935 1556 2964 ibid.
1571 2935 1585 2971 ξ
1602 2936 1662 2962 tm.
1738 2937 1760 2954 τί
1776 2938 1864 2972 idem,
