4110 6420
296 366 435 421 1013

289 490 482 549 solum
514 490 811 563 quoslibet
834 489 1066 547 labores
1097 487 1449 563 doloresque
1473 503 1687 563 magno
1707 503 1773 542 ac
1795 485 1951 563 virili
1984 487 2037 554 Α

290 565 488 621 animo
521 560 937 636 perpetiamur,
971 563 1072 636 sed
1107 560 1451 636 martyrium
1478 561 1657 636 etiam
1708 560 1950 636 sangui-

295 637 387 691 nis
409 632 592 692 nostri
617 632 918 704 effusione,
943 634 991 689 si
1020 632 1375 697 necessesit,
1401 632 1744 704 subeamus.
1767 633 1960 702 Atque

292 708 440 763 illud
474 708 711 778 quidem
743 707 866 762 vult
895 701 964 762 ea
995 705 1318 778 significari
1353 704 1617 759 humana
1653 701 1810 778 lege,
1844 701 1960 778 qua

294 775 622 852 isquii—sibi
683 775 1384 852 desponsam'virginem
1446 775 1956 852 nondum_t_lu_x_it,

295 846 509 906 militia
535 846 906 906 interdicitur
926 851 989 905 ²⁰.
1019 846 1474 905 Madianitarum
1509 852 1702 903 autem
1740 846 1794 900 id
1827 846 1956 901 Cle-

296 940 466 979 mens
502 927 702 979 noster
733 921 1069 978 corroborat
1097 920 1384 990 exemplo,
1419 935 1487 974 ex
1543 916 1865 990 quoisicuti
1900 924 1956 973 et

293 995 573 1051 Barnabas
605 994 953 1050 auctoritate
983 993 1161 1048 infert
1191 989 1467 1064 pietatem
1501 989 1576 1046 eti
1610 989 1952 1064 religionem

290 1083 421 1124 esse
454 1066 812 1138 principium
843 1064 1166 1137 sapientiae,
1192 1061 1543 1134 bonumque
1574 1078 1705 1118 esse
1735 1061 1837 1118 Dei
1883 1062 1953 1116 ti-

295 1154 540 1194 morem.
1837 1142 1851 1156 ⁸

365 1216 444 1264 De
475 1208 823 1265 liberalitate
847 1212 904 1264 et
929 1207 1314 1264 beneﬁcentia
1344 1203 1556 1261 dehinc
1581 1203 1838 1270 disserit,
1861 1220 1952 1259 os-

292 1283 603 1352 tenditque
633 1280 796 1336 illam
831 1282 1005 1336 variis
1037 1280 1255 1352 Moysis
1276 1277 1506 1350 legibus
1531 1293 1953 1352 sacrorumque

293 1348 744 1410 Proverbiorum
778 1353 970 1408 verbis
1022 1348 1280 1423 praecipi,
1339 1348 1518 1420 atque
1572 1348 1706 1423 inde
1736 1349 1951 1423 bonam

290 1443 420 1482 esse
449 1425 639 1497 legem
671 1421 1354 1497 concludit'fﬂuoniam
1389 1425 1583 1476 autem
1624 1421 1948 1497 beneficen-

291 1497 374 1554 tia
405 1491 538 1552 sive
559 1496 884 1551 liberalitas
915 1497 983 1552 ad
1021 1495 1390 1550 dilectionem
1445 1507 1545 1547 seu
1603 1491 1949 1547 charitatem

292 1570 568 1641 pertinet,
591 1568 987 1641 perspicuum
1006 1568 1183 1641 nobis
1210 1563 1482 1641 illeufacit
1511 1565 1803 1641 quomodo
1833 1563 1952 1641 hmo

291 1635 480 1695 virtus
505 1635 638 1694 aliis
669 1642 718 1709 ej
731 1635 935 1694 iisdem
970 1639 1183 1709 Moysis
1210 1635 1439 1707 legibus
1461 1637 1860 1709 constituatur
1881 1636 1947 1690 ³³.

290 1712 370 1766 Ex
405 1711 621 1782 quibus
644 1706 881 1766 demum
913 1706 1127 1782 evincit
1173 1706 1432 1782 veterem
1483 1706 1670 1777 legem
1707 1706 1947 1782 plenam

287 1778 842 1839 esse—humanitatis
875 1787 933 1838 et
959 1779 1364 1852 benignitatis,
1393 1795 1619 1852 nosque
1649 1778 1722 1834 ad
1781 1778 1947 1833 Chri-

1576 364 1674 416 DE
1711 363 1946 416 LIBRIS
1983 360 2456 414 BTROMATUM.

3595 363 3733 416 1014

2069 485 2572 614 quemadmodum
2623 485 2904 569 Ananiae,
2933 485 3160 554 Daniel,
3215 487 3340 556 Lot,
3397 489 3721 560 Abraham,

2110 558 2180 613 ob
2215 562 2272 612 et
2299 557 2501 614 Jonas.
2538 559 2863 614 n0551deb1t
2885 558 2949 614 ²⁸.

2110 558 2180 613 ob
2215 562 2272 612 et
2299 557 2501 614 Jonas.
2538 558 2863 628 possidebit
2885 558 2949 614 ²⁸.

2143 629 2352 684 Divina
2385 630 2584 702 itaque
2617 629 2704 702 lex
2733 629 2993 686 hominis
3015 629 3083 702 ad
3119 646 3356 686 omnem
3397 633 3592 688 erndit
3613 633 3725 688 vir-

2069 704 2281 776 tutem,
2311 703 2410 776 sed
2443 701 2761 776 in__primis
2811 703 2880 757 ad
2933 701 3376 776 continentiam,
3437 705 3536 759 ubi
3593 705 3722 776 pin-

2068 773 2272 844 guium
2307 772 2656 829 animalium
2690 791 2755 830 ac
2791 773 3079 845 praecipue
3110 791 3420 845 porcorum
3454 772 3725 841 carne,et

2068 846 2425 916 quibusdam
2451 845 2713 916 piscibus
2735 848 2805 900 ad
2827 845 3190 917 voluptatem
3207 845 3626 915 allicientibus,
3642 850 3725 904 iu-

2069 918 2303 991 terdicit
2325 918 2385 973 *9.
2412 922 2616 991 l'j‘omes
2649 918 2864 990 quippe
2895 918 3237 991 cupiditatis
3271 919 3558 991 voluptas,
3593 937 3720 991 quae

2067 988 2358 1062 homines,
2391 989 2543 1044 sicut
2575 988 2814 1062 ipsimet
2844 989 3019 1045 etiam
3045 990 3361 1062 scriptores
3385 988 3456 1046 ab
3481 988 3719 1047 auctore

2068 1065 2265 1135 nostro
2299 1060 2906 1135 citati_testilicantur,
2969 1060 3181 1135 molles
3233 1063 3720 1135 etfeminatosque

2066 1133 2278 1200 reddit,
2308 1133 2590 1188 radicitus
2620 1133 2920 1188 evellenda
2950 1139 3058 1188 est.
3113 1134 3252 1189 Eam
3284 1151 3424 1189 sane
3451 1137 3525 1190 ob
3571 1133 3713 1190 cau-

2065 1221 2192 1259 sam
2226 1204 2422 1259 anima
2444 1205 2615 1260 debet
2645 1206 2717 1260 ab
2750 1205 3027 1260 omnibus
3057 1206 3601 1276 perturbationibus
3631 1224 3719 1263 se-

2064 1276 2317 1350 gregari,
2345 1293 2563 1348 easque
2606 1278 2768 1333 cruci
2801 1279 3052 1347 afligere,
3085 1294 3152 1332 ac
3197 1278 3482 1350 seipsam,
3519 1284 3581 1333 ut
3636 1279 3718 1334 ait

2063 1347 2353 1416 Christus,
2388 1347 2628 1420 perdere
2657 1355 3025 1420 mortemque
3057 1347 3325 1404 meditari
3387 1347 3476 1404 ⁸οᾷ
3509 1352 3598 1406 Ad
3658 1351 3715 1406 id

2062 1425 2275 1493 autem»
2293 1421 2586 1493 agendum
2621 1437 2769 1493 opus
2791 1426 2899 1486 est,
2921 1426 2985 1493 ut
3006 1421 3414 1493 unusquisque
3435 1423 3717 1478 adversus

2060 1490 2279 1565 diaboli
2297 1490 2542 1548 insidias
2567 1490 2927 1548 armaturam
2953 1492 3072 1559 Dei,
3090 1490 3383 1563 quomodo
3399 1494 3713 1565 Apostolus

2060 1562 2344 1634 loquitur,
2376 1565 2601 1633 induat,
2629 1581 2695 1620 ac
2729 1565 2874 1620 bene
2907 1565 3082 1619 rebus
3109 1562 3309 1620 utatur
3333 1562 3714 1622 indilfcrentio

2058 1635 2211 1703 bus;
2247 1651 2314 1708 ex
2345 1635 2436 1691 his
2467 1636 2624 1691 enim
2657 1640 2714 1691 et
2743 1653 2810 1691 ex
2838 1636 3129 1706 voluptate
3152 1653 3359 1693 omnes
3376 1638 3561 1694 animi
3587 1656 3712 1708 per-

2059 1707 2422 1762 turbationes
2456 1725 2519 1762 ac
2546 1708 2899 1763 tentationes
2939 1708 3222 1763 damonis
3247 1709 3386 1764 oriri
3438 1707 3598 1765 haud
3624 1711 3711 1765 in-

2058 1780 2204 1834 scite
2234 1779 2502 1834 Clemens
2535 1780 2988 1835 demonstrat‘“.
3024 1780 3242 1835 Dehinc
3277 1799 3444 1850 porro
3481 1781 3710 1838 haereti-

289 1860 474 1922 stum,
508 1853 608 1930 qui
641 1852 748 1930 has
778 1855 1027 1930 virtutes
1061 1850 1174 1909 non
1209 1851 1419 1907 minori
1442 1850 1648 1930 _studio
1700 1854 1757 1905 et
1804 1867 1950 1930 _cur_a
1981 1866 2026 1930 Β
2058 1865 2188 1930 cam
2220 1851 2596 1930 Basilidis__de
2627 1851 2958 1930 illisanimi
2993 1853 3539 1930 perturbationibus
3586 1852 3710 1924 opi-

287 1922 744 1992 commendavit,
770 1926 842 1980 ab
870 1925 970 1980 illa
1001 1930 1286 1997 tanquam
1331 1925 1650 1997 paedagogo
1683 1922 1946 1997 perduci.

289 1999 443 2055 Tum
471 1998 752 2052 continuo
782 2013 852 2052 ex
878 1997 993 2061 his,
1026 2005 1080 2052 et
1125 1995 1270 2053 aliis
1329 2012 1457 2066 qua:
1518 1995 1756 2063 profert,
1789 1995 1951 2063 ejus-

287 2070 423 2125 dem
454 2068 670 2124 veteris
699 2069 845 2141 legis
879 2069 1182 2140 prueceptis
1202 2067 1409 2141 probat
1430 2073 1735 2141 sumptum
1760 2067 1941 2121 fuisse

289 2158 324 2198 a
362 2141 688 2213 Pythagora
719 2137 896 2196 suum
929 2142 998 2196 de
1029 2137 1489 2213 mansuetudine
1523 2137 1579 2191 iu
1615 2139 1949 2213 animantes

289 2210 609 2268 decretum.
645 2219 953 2284 Perperam
981 2229 1136 2282 ergo,
1165 2212 1361 2284 inquit
1390 2210 1660 2266 Clemens
1679 2211 1746 2284 f3,
1769 2210 1949 2284 Graeci

292 2286 394 2356 qui
419 2284 567 2340 lilios
595 2281 794 2340 recen's
825 2291 990 2340 natos
1023 2281 1433 2356 crudelissime
1464 2281 1850 2356 exponebant,
1876 2283 1948 2336 ob

289 2353 442 2412 hanc
472 2356 991 2428 mansuetudinem
1018 2356 1234 2428 Moysis
1266 2355 1453 2428 legem
1482 2353 1945 2408 insectabantur.

292 2428 512 2484 Horum
541 2445 675 2484 vera
705 2426 1259 2484 inhumanitas‘non
1292 2426 1496 2482 eadem
1537 2429 1769 2478 tantum
1828 2428 1945 2479 Mo-

290 2501 447 2556 saica
479 2501 606 2572 lege
631 2501 1080 2564 condemnatur,
1109 2501 1208 2556 sed
1241 2499 1434 2572 etiam
1473 2497 1763 2572 Romana,
1820 2513 1947 2567 qua:

287 2577 444 2651 vetat
474 2569 874 2644 praegnantem
912 2572 1246 2651 mulierem,
1309 2569 1520 2651 capitis
1578 2569 1945 2651 damnatum,

290 2639 638 2716 priusquam
663 2645 974 2716 pepererit,
1003 2643 1155 2698 afﬁci
1202 2639 1510 2716 supplicio.
1574 2641 1772 2716 Pergit
1818 2639 1950 2694 Cle-

289 2712 494 2782 ineas;
514 2721 571 2771 et
601 2712 815 2785 Moysis
846 2715 970 2787 lege
1002 2715 1072 2768 de
1103 2731 1276 2785 agno,
1309 2713 1368 2767 in
1391 2712 1540 2787 lacte
1558 2713 1806 2787 gravidae
1826 2728 1948 2766 ma-

289 2787 401 2842 tris
434 2803 548 2840 non
583 2782 1268 2856 coquendofcitatafeos
1297 2784 1488 2848 caedit,
1518 2782 1618 2852 qui
1653 2789 1721 2856 ut
1774 2799 1948 2838 carne

290 2857 442 2912 lacte
473 2854 912 2927 contemperata
941 2856 1250 2911 delicatius
1280 2859 1674 2918 vescerentur,
1710 2854 1766 2907 in
1800 2871 1945 2927 quo-

291 2929 565 2983 rumdam
618 2926 963 2984 animalium
997 2933 1258 2982 ventrem
1291 2931 1426 2980 ante
1468 2930 1703 2996 partum
1759 2926 1947 2980 calces

294 2999 793 3072 impingebant".
855 3001 1079 3064 Quibus
1136 2995 1619 3068 subjungit’alia
1679 2995 1947 3072 ejusdem

293 3067 519 3142 MoZysis'
540 3073 612 3128 de
643 3072 1100 3128 mansuetudine
1133 3067 1440 3142 praecepta,
1483 3073 1657 3138 atque
1717 3067 1944 3134 ultimo,

290 3140 446 3214 quod
478 3145 548 3199 de
582 3144 894 3200 arboribus
956 3160 1142 3215 nuper
1200 3140 1477 3215 plantatis
1535 3155 1748 3215 magna
1805 3157 1948 3215 cura

288 3211 790 3298 fovendis‘datum
821 3221 930 3298 est,
954 3211 1639 3298 Aen-tenoculosnppsito,
1699 3211 1948 3298 explieat
1977 3232 2020 3298 ο

287 3303 406 3360 qua
437 3287 715 3344 methodo
747 3289 786 3343 ii
818 3288 916 3360 qui
950 3287 1292 3343 Christiana:
1316 3283 1578 3360 religioni
1602 3298 1817 3360 nomen
1847 3284 1944 3340 de-

288 3355 526 3429 derunt,
551 3360 669 3416 sint
700 3355 1081 3416 ﬁdei—nostrae
1113 3357 1490 3431 dogmatibus
1513 3355 1817 3431 imbuendi
1843 3360 1948 3431 ;_ut

289 3426 591 3487 summam
625 3455 652 3483 «
686 3432 937 3503 gnostici
972 3455 998 3482 ››
1059 3426 1478 3502 perl'éctionem
1535 3426 1766 3503 possint
1818 3428 1941 3503 adi-

291 3503 437 3574 pisci
463 3503 527 3556 ”.
555 3498 910 3566 Quis-autem
933 3505 1010 3558 sit
1031 3498 1762 3574 perfectus_«_gnosticus,»
1790 3498 1944 3574 clare

284 3571 588 3641 describit,
623 3574 883 3645 dicitque
915 3571 1082 3638 alios,
1119 3578 1184 3629 ut
1215 3572 1351 3645 boni
1385 3571 1942 3645 honestiquefiant,

287 3647 359 3701 ab
393 3663 460 3701 eo
492 3661 620 3702 esse
652 3642 968 3702 docendos.
1005 3646 1119 3701 Sed
1152 3644 1431 3700 continuo
1455 3642 1618 3696 illum
1653 3642 1805 3698 serio
1827 3659 1945 3698 mo-

287 3721 406 3785 net,
441 3722 507 3772 ut
538 3717 900 3800 superbiam,
933 3718 1127 3800 cujus,
1159 3717 1330 3800 sicuti
1354 3713 1621 3800 alierum
1675 3720 1942 3800 peccato:

287 3806 438 3916 sum],
474 3787 816 3889 puenitentia
874 3787 1098 3860 agenda
1155 3792 1264 3852 est,
1317 3787 1577 3843 studiose
1639 3792 1836 3842 caveat
1889 3791 1944 3842 et

332 3878 396 3916 ec
423 3878 565 3916 me...

332 3861 565 3917 eclinet.

355 3933 616 3989 Subinde
647 3950 778 3989 vero
811 3931 1104 4005 quomodo
1136 3931 1227 4003 agi
1274 3930 1620 4005 de_beat,__e_t
1680 3945 1810 4001 quze
1868 3929 1945 3985 sit

279 4004 446 4061 illius
484 4005 730 4071 utilitas,
766 4000 1017 4061 breviter
1059 4000 1266 4076 aperit.
1324 4003 1470 4076 Cum
1525 4000 1712 4057 illius
1744 4005 1939 4076 autem

280 4078 506 4134 fructus
538 4078 636 4145 sit,
692 4082 756 4133 ut
813 4074 1110 4149 paenitens
1144 4080 1343 4149 Deum
1403 4074 1580 4149 eligat
1632 4078 1689 4129 et
1745 4075 1941 4149 ab_eo

277 4149 544 4205 vicissim
577 4145 832 4220 eligatur
861 4149 921 4204 in
962 4149 1073 4204 hoc
1097 4147 1368 4220 Clemens
1392 4146 1472 4201 ait
1492 4146 1667 4220 silam
1691 4145 1940 4220 esseho-

281 4222 460 4278 minis
492 4217 880 4290 nobilitatem,
917 4227 980 4276 ut
1011 4219 1408 4292 pulcherrima
1439 4223 1499 4292 et
1521 4217 1943 4292 honestissima

283 4309 529 4364 quaeque
579 4292 758 4362 eligat
783 4289 873 4345 “.7
905 4289 1067 4356 Quod
1129 4290 1392 4364 quidem_
1429 4289 1662 4364 Adami,
1713 4289 1941 4355 Noemi,

283 4359 520 4418 Abrahae
552 4369 608 4418 et
642 4359 819 4419 Isaaci
854 4364 1117 4418 illustrat
1146 4359 1451 4432 exemplis.
1494 4359 1736 4432 Abraha:
1773 4376 1941 4432 porro

282 4433 676 4505 polygamiam
697 4435 793 4490 ille
814 4435 1028 4490 ibidem
1045 4431 1631 4505 excusat,etunicum
1657 4431 1739 4485 ait
1759 4431 1942 4505 fuisse

283 4503 445 4559 illius
479 4506 796 4574 hieredem,
825 4507 917 4561 cui
948 4506 1126 4560 frater
1158 4521 1304 4558 suus
1364 4504 1552 4572 major
1610 4507 1751 4574 natu
1812 4503 1942 4556 ideo

284 4577 562 4645 servivit;
599 4576 736 4648 quia
763 4573 917 4648 malo
951 4575 1176 4630 homini
1209 4576 1428 4648 bonum
1492 4573 1815 4648 maximum
1848 4577 1938 4627 est

284 4648 374 4704 sui
419 4665 534 4704 non
567 4645 894 4718 essejuris.
929 4649 1078 4703 Tum
1134 4651 1335 4717 postea
1389 4645 1700 4718 Scriptura:
1760 4660 1937 4700 sacrae

281 4719 620 4776 testimonio
649 4717 907 4775 ostendit
937 4719 1222 4790 sapientis
1253 4733 1381 4790 esse
1413 4717 1632 4790 omnia,
1683 4732 1940 4788 eumque

286 4809 399 4848 non
435 4794 608 4847 modo
641 4808 871 4862 regem;
925 4789 1023 4846 sed
1083 4795 1146 4846 ut
1198 4789 1365 4862 testis
1421 4793 1510 4843 cst
1545 4789 1748 4862 _Plato,
1810 4803 1940 4843 esse

282 4864 456 4919 etiam
484 4860 812 4920 beatumea
829 4863 1054 4920 scilicet
1079 4860 1559 4929 maxima,quoad
1585 4861 1704 4915 fieri
1733 4865 1938 4930 potest,

282 4936 383 4991 Dei
413 4936 826 5004 similitudine,
861 4951 1040 5006 quam
1073 4934 1238 4989 Philo
1261 4933 1729 5006 traditipcrl'ecta
1776 4949 1939 4986 man-

283 5009 558 5062 datorum
591 5009 718 5077 ejus
750 5005 1154 5062 observatione
1181 5005 1429 5060 obtineri
1452 5005 1515 5057 ”.
1578 5006 1944 5074 QuaprOpter

281 5079 461 5132 Stoici
496 5083 832 5134 statuerunt
856 5079 1033 5135 linem
1063 5077 1318 5132 hominis
1342 5092 1471 5131 esse
1496 5082 1714 5130 natura:
1737 5092 1943 5130 conve-

284 5150 516 5205 nienter
546 5150 758 5214 vivere,
781 5150 863 5205 ita
895 5157 1088 5205 tamen
1117 5154 1181 5204 ut
1205 5153 1426 5204 natura:
1459 5149 1696 5202 nomine
1764 5150 1942 5202 Deum

285 5221 700 5293 intelligerent.
732 5226 880 5279 Cum
909 5221 1118 5293 triplex
1148 5237 1321 5293 porro
1349 5221 1445 5285 sit,
1478 5220 1562 5274 uti
1603 5237 1670 5274 ex
1701 5219 1944 5293 filippu-

287 5295 461 5349 damo
484 5292 754 5350 Clemens
787 5291 1118 5360 conﬁrmat,
1150 5291 1424 5348 amicitiae
1457 5308 1664 5361 genus,
1699 5291 1945 5346 hincille

285 5365 508 5436 colligit
541 5366 597 5420 in
633 5366 914 5429 hominis,
950 5383 1065 5420 non
1100 5365 1291 5420 solum
1348 5363 1534 5418 amico
1589 5367 1646 5417 et
1703 5363 1944 5418 inimico

286 5438 730 5508 benefacientis,
763 5439 866 5493 sed
891 5437 1065 5492 etiam
1101 5436 1266 5492 fortis
1296 5439 1352 5490 et
1383 5437 1628 5508 adversa
1668 5439 1944 5508 constan-

286 5513 376 5564 ter
407 5509 686 5581 patientis
717 5506 915 5565 mente
947 5525 1078 5564 esso
1109 5509 1261 5563 hanc
1292 5507 1558 5581 eamdem
1582 5506 1689 5581 _l)ei
1737 5507 1944 5577 imagi-

289 5579 444 5635 nem.
480 5605 506 5631 ι(
540 5581 854 5637 Gnosticus
887 5604 912 5630 ››
936 5581 1288 5645 autem,Deo
1321 5579 1944 5635 familiaritcrutenset

291 5653 508 5708 mundo
524 5654 862 5720 crucilixus,
881 5653 1042 5710 illam
1063 5651 1465 5708 fortitudinem
1482 5655 1537 5706 et
1553 5650 1943 5716 tolerantiam,

365 5796 410 5831 2°
439 5813 492 5866 ρ.
527 5798 650 5853 396.
755 5799 796 5832 ἰ
834 5814 889 5866 p.
922 5798 1046 5852 397.
1165 5799 1212 5835 τλ-
1251 5812 1303 5865 p.
1336 5796 1460 5860 sua,
1493 5797 1616 5847 aut).
1725 5795 1770 5826 ενι
1811 5813 1861 5864 p.
1911 5795 2020 5849 tuo.

294 5868 581 5940 ’§p.405.
687 5868 975 5940 "p.406.
1085 5869 1373 5939 son/107.
1505 5867 1791 5938 “p.408-

292 5939 337 5976 ³ο
369 5939 427 6014 p.
461 5939 582 5996 415.
689 5940 732 5974 ³⁷
764 5939 823 6013 p.
857 5941 978 5995 416.

1893 5868 1937 5901 ιη
1970 5886 2023 5938 ρ.
2058 5870 2183 5938 409,
2218 5869 2338 5922 110.

2063 1924 2319 1989 nionem,
2351 1923 2422 1978 ab
2453 1922 2585 1977 aliis
2633 1924 2866 1979 duobus
2920 1923 3324 1979 hteresiarchis
3378 1922 3714 1980 Isidoro—et

2058 1994 2388 2063 Velentino,
2421 1996 2652 2050 tametsi
2685 1995 2744 2050 in
2777 1995 2922 2050 alios
2955 2012 3179 2050 errores
3222 1996 3710 2066 impingentibus,

2060 2068 2450 2137 proscriptum
2483 2083 2618 2120 cum
2651 2067 2864 2123 Christi
2892 2067 3139 2133 Demini,
3165 2073 3287 2122 tum
3315 2069 3586 2125 Barnaba:
3608 2086 3711 2124 au-

2059 2139 2327 2193 ctoritate
2358 2137 2570 2192 refellit
2597 2139 2664 2207 ³2,

2130 2210 2248 2264 Sub
2282 2210 2403 2265 hazc
2430 2215 2623 2264 autem
2660 2209 2756 2264 ille
2788 2209 3042 2265 declarat
3073 2226 3134 2265 se
3165 2209 3225 2265 in
3256 2211 3575 2281 quemdam
3623 2211 3710 2266 in-

2060 2281 2275 2354 eidisse
2307 2281 2718 2336 Gnosticorum
2752 2281 3041 2337 haereseos
3074 2285 3438 2354 sectatorem,
3473 2283 3570 2354 qui
3612 2301 3711 2338 vo-

2059 2352 2270 2424 luptati
2303 2370 2365 2426 se
2397 2354 2856 2426 ideoiaddirctum
2880 2370 3009 2426 esse
3039 2353 3289 2423 diccbat,
3326 2355 3466 2425 quia
3492 2352 3710 2426 magni

2059 2441 2174 2480 non
2207 2429 2294 2479 est
2325 2424 2610 2491 hominis,
2642 2424 2756 2479 nisi
2788 2425 3030 2496 experti,
3065 2442 3193 2480 eam
3215 2424 3490 2494 superare
3518 2427 3581 2480 ³³.
3606 2424 3714 2482 Sed

2058 2497 2556 2569 asseverathunc,
2594 2513 2707 2551 non
2732 2513 2903 2552 secus
2934 2502 3108 2567 atque
3129 2497 3515 2568 Aristippum,
3550 2499 3712 2569 peni-

2059 2575 2156 2624 tus
2189 2567 2398 2639 decipi.
2433 2567 2605 2623 Tales
2625 2584 2864 2640 ,quoque
2893 2585 2993 2624 eos
3024 2585 3154 2640 esse
3185 2567 3415 2635 asserit,
3441 2567 3714 2640 qui—falsa

2058 2640 2451 2711 quorumdam
2477 2639 2846 2705 Nicolai,viri
2865 2639 3191 2709 apostolici,
3209 2639 3710 2697 verboruminter-

2059 2713 2386 2784 pretatione
2411 2712 2740 2782 abutentes,
2774 2712 2831 2767 in
2856 2713 3147 2768 eifrenatzn
3179 2713 3564 2784 obscenaeque
3615 2731 3714 2767 vo-

2061 2783 2298 2852 luptatis
2330 2783 2475 2852 luto,
2509 2785 2578 2838 ad
2615 2784 2908 2839 hircorum
2941 2789 2999 2838 et
3054 2784 3436 2855 Sardanapali
3471 2783 3706 2851 ’instar,

2055 2856 2493 2910 volutabantur.
2526 2859 2598 2927 At
2630 2856 2772 2926 quia
2811 2855 3012 2910 nullus
3044 2857 3197 2912 alius
3220 2856 3534 2927 voluptatis
3566 2874 3710 2911 usus

2057 2943 2186 2982 esse
2216 2927 2467 2992 videtur,
2496 2926 2608 2982 nisi
2643 2932 2706 2982 ut
2739 2927 2834 2982 illa
2867 2929 3041 2982 rebus
3068 2929 3137 2982 ad
3162 2927 3337 2983 vitam
3364 2926 3712 2984 necessariis

2055 2997 2271 3052 vicaria
2303 2999 2570 3068 quredam
2607 2999 2684 3053 sit
2736 3001 2994 3055 accessio
3027 3016 3092 3054 ac
3140 3000 3315 3054 veluti
3371 3001 3712 3056 condimen-

2056 3075 2206 3139 tum,
2234 3069 2450 3123 idcirco
2479 3071 2750 3125 Clemens
2783 3075 2988 3125 contra
3038 3071 3348 3137 Epicurum
3410 3072 3712 3127 concludit

2054 3147 2256 3212 turpes
2275 3145 2331 3195 et
2352 3140 2669 3196 indomitas
2691 3143 3042 3212 voluptates,
3075 3142 3325 3214 Diogene
3348 3149 3517 3214 poeta
3539 3149 3708 3212 teste,

2062 3230 2190 3268 esse
2208 3214 2575 3288 damnandus
2600 3214 2887 3288 ;a_tqrue‘ad
2904 3231 3022 3288 eas,
3039 3217 3320 3288 tanquam
3347 3216 3706 3288 praecipuum

2058 3289 2326 3342 nostrum
2360 3284 2613 3349 hostem,
2647 3284 3022 3340 debellandas
3052 3284 3363 3348 timorem;
3387 3284 3559 3342 siculi
3619 3289 3709 3342 lex

2056 3355 2333 3428 praecipit,
2358 3360 2414 3410 et
2445 3356 2772 3412 cautionem
2801 3372 2929 3428 esse
2977 3358 3306 3412 necessaria
3328 3357 3394 3411 ".
3453 3359 3521 3412 Et
3587 3358 3710 3414 hrec

2055 3427 2293 3499 quidem
2328 3427 2592 3483 Clemens
2615 3428 2792 3482 variis
2823 3427 3192 3500 ethnicorum
3227 3428 3602 3500 scriptorum,
3647 3447 3711 3486 ac

2058 3501 2114 3555 in
2148 3499 2356 3572 primis
2389 3505 2694 3572 poetarum
2727 3499 3082 3572 testimoniis
3115 3499 3412 3556 illustrare
3469 3507 3709 3557 conten-

2053 3571 2165 3638 dit,
2193 3571 2477 3642 docetque
2524 3571 2670 3626 nihil
2727 3571 3036 3644 honestate
3091 3579 3148 3627 et
3204 3573 3486 3644 gravitate
3538 3572 3708 3644 legis,

2053 3645 2300 3714 ejusque
2333 3644 2450 3699 ﬁlia
2480 3647 2751 3698 cautione
2781 3648 2839 3698 et
2873 3643 3153 3712 religione
3184 3643 3311 3700 esse
3368 3643 3705 3701 amabilius.

2054 3717 2158 3772 llla
2189 3717 2481 3771 enimvero
2513 3716 2712 3770 divina
2742 3715 2832 3770 lex
2852 3716 3009 3770 sicut
3041 3714 3184 3770 nihil
3219 3716 3366 3772 nihil
3400 3718 3610 3772 durum
3653 3723 3710 3772 et

2053 3804 2350 3861 asperum,
2383 3789 2464 3843 ita
2491 3787 2635 3843 nihil
2661 3804 2897 3860 quoque
2917 3787 3094 3842 nimis
3120 3787 3293 3844 molle
3313 3794 3367 3845 et
3392 3789 3706 3846 remissum

2095 3861 2333 3916 rzrcinit.

2095 3877 2217 3916 rzrci
2271 3877 2333 3914 it.

2051 3878 2085 3932 Ρ
2123 3933 2203 3988 Ne
2229 3877 2369 4003 guis
2390 3947 2524 3986 vero
2549 3932 2621 3987 ad
2647 3931 2833 4003 legem
2858 3929 3216 4002 implendam
3241 3949 3302 3988 se
3320 3931 3708 3988 inﬁrmiorem

2050 4021 2179 4061 esse
2210 4002 2572 4068 causaretur,
2607 4005 2663 4058 in
2696 4002 2951 4058 medium
2985 4002 3247 4058 Clemens
3273 4006 3707 4075 profertexern-

2052 4076 2149 4148 pla
2179 4081 2464 4144 veterum,
2497 4075 2596 4146 qui
2629 4092 2763 4148 cum
2795 4075 3023 4148 eadem,
3057 4091 3172 4145 qua
3219 4081 3276 4130 et
3323 4092 3448 4148 nos,
3509 4081 3710 4148 essent

2051 4145 2285 4217 natura,
2320 4163 2448 4202 sese
2479 4145 2636 4202 tctos
2669 4147 2784 4201 Deo
2817 4145 3160 4200 obtulerunt
3194 4163 3259 4200 ac
3318 4147 3593 4202 dicarunt
3640 4147 3707 4202 ³⁵.

2050 4220 2221 4290 Quid,
2247 4221 2398 4290 quod
2432 4219 2580 4273 Zeno
2617 4219 2826 4272 Indum
2860 4217 2992 4285 igne
3016 4219 3494 4290 tortumicaetcris
3544 4224 3707 4290 ante-

2052 4287 2302 4363 ponebat
2326 4291 2352 4345 ?
2386 4290 2648 4363 Denique
2674 4293 2957 4363 martyres
2981 4287 3707 4363 exquisitissimissuppli-

2051 4359 2156 4418 ciis
2187 4363 2340 4417 113
2376 4361 2636 4430 quotidie
2685 4359 2922 4414 allectos
2983 4366 3176 4414 metus
3221 4359 3368 4428 legis
3422 4362 3491 4415 ad
3545 4359 3708 4416 Chri-

2052 4439 2211 4490 stum
2244 4435 2516 4488 ducebat.
2550 4435 2735 4501 Atque
2757 4430 2817 4484 hi
2848 4430 3142 4504 voluptate
3168 4433 3424 4501 profecto
3447 4434 3710 4504 superio-

2053 4523 2166 4572 res,
2202 4510 2259 4559 et
2293 4525 2314 4552 ι
2343 4504 2591 4574 gnostici
2616 4527 2642 4552 »
2678 4504 2927 4572 majures
2961 4503 3205 4568 mundo,
3240 4521 3351 4560 non
3386 4503 3560 4561 carne
3593 4524 3710 4562 aln-

2053 4576 2229 4644 plius.
2266 4578 2368 4631 sed
2402 4575 2614 4648 spiritu
2654 4575 2934 4648 viventes,
2996 4575 3076 4629 dii
3111 4581 3260 4630 recte
3309 4577 3706 4648 appellantur.

2050 4650 2130 4704 Ex
2159 4647 2254 4703 his
2287 4649 2485 4718 itaque
2516 4647 2691 4720 infert
2715 4646 2993 4720 Clamens
3024 4652 3224 4720 noster
3254 4646 3620 4720 voluptatem
3652 4657 3708 4705 ot

2053 4720 2166 4775 alia
2196 4721 2414 4785 omnia,
2447 4736 2576 4790 qua:
2609 4719 2680 4775 ad
2713 4718 3020 4774 libidinem
3079 4719 3354 4790 excitant,
3389 4718 3423 4776 ὁ.
3473 4738 3607 4777 vero
3654 4727 3713 4778 et

2053 4791 2386 4849 Christiano
2421 4791 2772 4862 philosopho
2823 4807 2952 4845 esse
2981 4789 3297 4859 fugienda;
3333 4795 3705 4849 sectandam-

2055 4881 2166 4935 que
2195 4863 2663 4929 temperantiam,
2699 4880 2816 4934 qua
2847 4879 3022 4917 suave
3054 4863 3271 4936 Christi
3296 4866 3507 4936 jugum
3562 4867 3710 4920 inte-

2055 4933 2272 5007 graque
2311 4936 2371 4988 lit
2402 4936 2609 4989 anima:
2643 4939 2698 4988 et
2723 4933 2994 5005 Corporis
3027 4935 3272 5002 sanitas,
3299 4933 3481 5007 atque
3513 4939 3583 4991 ad
3618 4936 3708 4991 ul-

2056 5010 2266 5063 timum
2297 5008 2492 5077 linem,
2511 5013 2786 5062 zeternam
2812 5007 3080 5062 videlicet
3105 5008 3550 5079 beatitudinem,
3577 5026 3710 5079 per-

2054 5080 2324 5135 venimus
2355 5080 2419 5132 ³⁸.

2130 5152 2207 5206 Ea
2238 5155 2434 5206 autem
2467 5150 2604 5205 data
2635 5149 2964 5215 occasione,
2999 5149 3266 5204 Clemens
3298 5148 3425 5221 fuse
3473 5151 3712 5221 exponit

2059 5223 2116 5278 in
2150 5239 2265 5294 quo
2296 5228 2520 5277 veteres
2554 5221 2888 5293 philosophi
2952 5221 3226 5275 ultimum
3284 5220 3452 5275 illum
3480 5293 3485 5294 γ
3513 5220 3710 5288 linem,

2056 5293 2478 5365 summumque
2504 5294 2718 5348 bonum
2753 5294 3010 5365 positum
3044 5309 3173 5347 esse
3205 5293 3576 5365 censuerint.
3627 5295 3711 5349 Ab

2056 5367 2157 5422 illo
2182 5363 2764 5436 itaque—singillatim,
2788 5363 3162 5437 appellantur
3200 5363 3488 5437 Epicurus
3518 5371 3574 5420 et
3605 5366 3710 5437 Cy-

2057 5434 2302 5507 renaici,
2326 5437 2726 5493 Dinomachus
2749 5442 2804 5491 et
2824 5434 3130 5504 calipbon,
3155 5435 3560 5507 Hieronymus,
3587 5434 3713 5492 Dio-

2057 5511 2261 5570 dorus,
2290 5505 2846 5576 'Aristotelici,Zeno
2870 5507 3124 5575 Stoicus,
3170 5505 3501 5572 Cleanthes,
3544 5510 3707 5564 Anti-

2058 5587 2222 5652 pater
2242 5582 2308 5650 ³⁷,
2342 5581 2745 5644 Archidemus,
2798 5578 3112 5652 Panaetius,
3137 5577 3542 5652 Possirlonius,
3579 5582 3712 5650 qui-

2058 5649 2195 5710 dam
2218 5671 2287 5708 ex
2320 5653 2742 5709 recentioribus
2773 5649 3001 5715 Stoicis,
3051 5649 3266 5718 Aristo,
3300 5651 3578 5719 Hcrillus,
3601 5649 3717 5725 Ly-

2150 5797 2194 5830 ‘3‘
2228 5815 2280 5861 p.
2317 5798 2408 5850 401
2572 5796 2613 5827 '4'"
2651 5814 2700 5860 ιν).
2749 5797 2858 5846 illi.
2996 5794 3038 5824 3“
3080 5811 3132 5862 ρ.
3171 5796 3290 5845 illi}.

2437 5870 2480 5898 δ’
2515 5883 2568 5937 p.
2608 5868 2728 5919 111.
2834 5865 2876 5896 ³³
2911 5881 2963 5934 ρ.
3012 5866 3138 5934 412,
3173 5869 3296 5931 413,

3426 5796 3465 5828 εντ
3503 5815 3554 5866 ι).
3593 5798 3714 5852 101.

3499 5886 3555 5940 ρ.
3590 5870 3712 5924 111.
