4110 6434
281 360 420 417 1019

993 367 1070 419 IN
1105 365 1548 421 CLEMENTEM
1587 367 1804 421 ALEX.
1845 368 1913 420 D.
1955 366 2049 420 LE
2085 363 2385 420 NOUBRY
2421 363 2901 418 DISBEBTATIO
2936 364 3012 418 ΙΙ.

3569 365 3715 422 1020

274 499 361 540 ea.
385 499 514 558 quea
563 483 797 558 Domini
837 488 994 558 sunt.
1025 500 1239 558 curare;
1257 484 1499 558 dixerit.
1531 486 1678 543 Nam
1722 487 1930 558 conju-
1964 492 2016 556 Α
2047 484 2365 558 similatur.
2390 483 2706 558 Cassianus
2729 481 3464 558 phantasticum,Marcion
3505 496 3715 545 verae:

273 571 375 628 ges
406 555 582 612 etiam
616 557 686 612 de
716 555 1137 630 rebusdivmis
1158 556 1399 630 solliciti
1422 574 1550 615 esse
1582 564 1639 615 et
1672 563 1785 615 Deo
1809 555 1932 630 pla-

276 644 406 703 eere
437 632 707 703 possunt.
732 632 808 683 At
838 628 916 683 ibi
940 628 1213 703 observat
1233 629 1502 703 Clemens
1535 647 1711 703 quam
1738 628 1936 686 severe

277 699 904 774 idem’Apostoluseos
933 701 1231 774 corripiat,
1267 702 1368 774 qui
1401 703 1473 759 ad
1498 699 1791 759 secundas
1823 720 1934 758 nu-

283 772 441 844 ptias
472 777 611 827 sunt
642 770 929 844 proclives
961 772 1025 827 ⁷ο.

352 842 866 917 Ηιῐίῐῃεθλῐαηᾱᾳῐη
915 844 1261 899 eorumdem
1311 842 1723 917 haereticorum
1771 845 1935 917 obje-

277 914 499 970 ctiones
528 914 660 970 inde
695 914 886 985 petitae
908 919 1096 987 erant,
1163 918 1222 971 et
1254 916 1394 987 quia
1422 918 1608 972 Judaai
1641 936 1674 974 a
1705 914 1935 974 Christo

279 987 735 1061 Domino‘parva
783 992 841 1041 et
878 986 1147 1061 adultera
1194 989 1933 1061 generatioappellantur,

278 1065 335 1114 et
367 1059 505 1141 quia
534 1057 585 1113 is
616 1057 716 1130 qui
750 1075 990 1141 uxerem
1022 1057 1271 1114 duxerat
1307 1060 1378 1141 ad
1412 1057 1672 1141 divinam
1709 1078 1934 1141 coenam

274 1130 474 1202 venire
497 1131 883 1202 recusaverit.
916 1130 1245 1202 Utrumque
1276 1134 1469 1187 autem
1500 1139 1707 1189 auctor
1737 1139 1937 1190 noster

278 1201 446 1257 facile
477 1200 668 1257 diluit.
704 1201 977 1258 Christus
1007 1200 1166 1257 enim
1187 1200 1423 1259 Judaeos
1455 1202 1547 1260 his
1579 1205 1770 1262 verbis
1802 1206 1933 1262 ideo

274 1279 396 1329 tam
428 1274 574 1330 dure
604 1275 899 1346 objurgat,
951 1275 1092 1346 quia
1118 1274 1156 1328 ii
1189 1275 1490 1331 seniorum
1536 1278 1931 1346 traditionem,

275 1352 686 1421 praeceptaque
735 1347 1043 1421 hominum
1074 1352 1412 1421 sequentes,
1444 1347 1713 1421 divinam
1745 1350 1931 1421 legem

276 1418 632 1493 virginitatis
655 1418 864 1493 ducem
898 1418 1338 1476 adulterabant.
1360 1420 1461 1493 _Ad
1488 1421 1727 1492 nuptias
1760 1418 1932 1493 porro

279 1489 543 1545 hominis
572 1489 801 1545 invitati
844 1495 1081 1547 nomine
1110 1494 1167 1544 et
1212 1490 1491 1561 parabola
1523 1489 1629 1547 hos
1660 1489 1932 1550 Christus

281 1561 564 1631 increpat,
595 1562 691 1633 qui
716 1565 953 1633 propter
982 1561 1310 1632 voluptates
1344 1564 1670 1620 renuebant
1703 1565 1799 1620 Dei
1830 1565 1932 1620 ob-

277 1637 607 1705 temperare
639 1633 956 1703 mandatis,
990 1633 1206 1705 quibus
1235 1636 1365 1705 conj
1379 1651 1520 1705 uges
1544 1636 1702 1692 haud
1725 1636 1930 1693 difﬁci-

278 1704 417 1778 liter
433 1705 764 1778 satisfacere
797 1704 1117 1778 possunt”.
1146 1707 1308 1772 Quod
1335 1704 1590 1778 denique
1616 1707 1930 1765 Psalmista

278 1777 525 1833 cecinit:
553 1799 580 1828 ‹‹
605 1775 926 1833 lnvetera‘vi
946 1777 1098 1832 inter
1118 1775 1606 1834 omnesinimicos
1625 1781 1836 1835 meos‘H
1861 1798 1875 1848 ;
1898 1802 1927 1831 ››

2047 556 2397 613 Valentinus
2429 555 2680 627 animale
2711 571 2924 627 corpus
2957 555 3028 611 ab
3061 556 3267 613 eodem
3289 556 3519 614 Christo
3541 575 3711 617 acce-

2046 633 2215 701 ptum
2260 645 2392 684 esse
2431 626 2782 702 inferebant.
2816 626 3076 684 ’Frustra
3122 629 3301 684 etiam
3356 630 3705 702 garriebant

2046 699 2356 771 Adamum,
2392 699 2508 755 nisi
2540 699 2828 755 diabolico
2874 715 3187 771 persuasu,
3221 699 3566 758 cum'uxore
3595 720 3711 759 sua

2047 788 2356 844 nunquam
2387 772 2914 844 commiscendum,
2939 788 3006 827 ac
3029 771 3279 842 juvenili
3302 774 3512 829 ardore
3538 780 3707 831 ante-

2045 842 2291 918 vertisse
2323 847 2478 918 stata
2507 844 2601 900 sui
2632 860 2767 918 eum
2816 842 2916 899 illa
2947 846 3299 900 concubitus
3347 850 3615 918 tempora
3634 848 3706 902 ⁸⁷.

2046 917 2357 972 Enimvero
2390 915 2511 971 haec
2553 915 2709 971 mala
2742 915 2875 970 ficta
2922 932 2988 971 ac
3021 932 3328 987 perperam
3379 915 3713 987 excogitata

2046 989 2373 1061 errantium
2405 987 2729 1061 hominum
2762 995 3095 1061 commenta
3124 1005 3238 1044 non
3272 987 3706 1061 impediebant,

2046 1060 2368 1131 quominus
2403 1059 2556 1132 bona
2585 1058 2659 1114 sit
2681 1059 2999 1132 generatio,
3025 1075 3337 1132 perquam
3362 1058 3478 1116 non
3508 1062 3707 1118 solum

2047 1130 2351 1187 mundana
2399 1131 2599 1187 omnia
2650 1130 3462 1202 consistunt,’sed‘ipsemet
3521 1134 3707 1189 etiam

2045 1203 2700 1278 Christusdhumanum,
2734 1218 2851 1258 non
2900 1207 3098 1258 tamen
3131 1203 3447 1276 pulchrum
3492 1220 3711 1278 corpus

2045 1276 2391 1347 assumpsit.

2120 1344 2532 1419 Non'amplius
2561 1346 2764 1419 itaque
2793 1361 2892 1402 eos
2923 1344 3194 1419 Clemens
3225 1351 3427 1403 censet
3449 1362 3580 1404 esse
3596 1364 3710 1404 au-

2043 1420 2290 1475 diendos
2305 1418 2404 1490 qui
2418 1418 2712 1492 abjiciunt
2731 1418 2885 1492 hunc
2906 1418 3288 1492 concubitum
3315 1419 3372 1473 in
3396 1420 3709 1492 Scriptura

2045 1508 2210 1547 sacra
2258 1489 2544 1562 appellari
2581 1511 2608 1539 «
2639 1489 3080 1562 cogitationem,
3138 1511 3167 1540 »
3200 1491 3257 1545 id
3303 1500 3389 1546 est
3439 1489 3706 1547 mandati

2042 1561 2573 1634 transgressionem
2601 1580 2615 1629 ;
2650 1561 2988 1634 acproinde
3017 1577 3148 1618 esse
3180 1566 3510 1634 peccatum.
3555 1567 3710 1620 Nam

2042 1634 2151 1691 hoc
2181 1632 2531 1691 vocabulum
2567 1632 2834 1688 notitiam
2869 1650 3103 1704 quoque
3150 1632 3435 1704 veritatis,
3475 1650 3578 1691 nec
3607 1635 3708 1690 in-

2040 1708 2385 1780 fringendas
2417 1704 2836 1780 esseconjugii
2871 1703 3029 1776 leges
3058 1703 3704 1780 significat._Ca3terum

2039 1776 2274 1834 etiamsi
2324 1776 2641 1849 Apostolus
2686 1792 2950 1845 carnem,
2982 1777 3196 1832 animae
3228 1776 3555 1845 inimicam,
3610 1795 3705 1835 re-

278 1850 559 1929 Clemens
577 1848 1398 1929 ait‘non_ad_generationem_,
1433 1850 1516 1929 u_ti
1560 1850 1717 1929 falso
1739 1852 1926 1908 haere-
1960 1863 2008 1929 Β
2039 1866 2222 1923 gnum
2251 1850 2352 1929 Dei
2378 1848 2688 1929 possidere
2727 1865 2842 1903 non
2875 1864 3056 1929 posse
3081 1849 3314 1929 dixerit,
3349 1856 3578 1929 eertum
3607 1855 3705 1929 ta-

278 1919 376 2001 tic_i
402 1921 708 2001 putabant,
728 1920 838 2001 “sed
852 1919 1285 2001 ad'peccatum,
1294 1925 1437 1993 puta
1455 1922 1921 2001 fornicationem,

281 1990 531 2064 minime
553 2008 686 2047 vero
728 1990 1024 2064 legitimas
1056 1990 1312 2064 nuptias'
1337 2009 1465 2048 esse
1521 1990 1917 2052 referendum;

352 2063 638 2128 Quoniam
688 2063 883 2118 autem
916 2063 1200 2129 Cassiani,
1236 2070 1580 2121 Docetarum
1632 2066 1932 2124 haeretico-

283 2151 416 2190 rum
461 2135 768 2207 principis,
815 2134 970 2190 idem
1003 2152 1069 2191 ac
1098 2136 1326 2192 Tatiani
1373 2137 1445 2192 de
1474 2138 1631 2193 mala
1674 2138 1933 2196 hominis

280 2208 655 2279 generatione
676 2223 840 2279 error
871 2211 1017 2279 erat,
1040 2209 1363 2279 eademque
1386 2211 1451 2279 ut
1480 2208 1806 2279 plurimum
1829 2212 1932 2267 im-

282 2278 389 2353 pias
418 2278 720 2353 opinionis
754 2278 1315 2353 fundamenta,iha3c
1355 2278 1624 2338 Clemens
1649 2283 1775 2353 jam
1808 2300 1841 2338 ει
1873 2300 1935 2339 se

287 2349 552 2407 funditus
608 2366 807 2406 eversa
835 2366 963 2406 esse
992 2352 1223 2407 asserit.
1279 2349 1671 2417 Quamobrem
1703 2355 1774 2409 ad
1821 2355 1935 2411 alia

288 2438 407 2478 non
441 2426 647 2493 minus
687 2422 910 2478 caduca
947 2423 1213 2493 ejusdem
1263 2422 1523 2479 Cassiani
1566 2425 1938 2483 firmamenta

291 2493 564 2566 similiter
588 2491 881 2566 diruenda
913 2491 1154 2566 propius
1184 2495 1428 2551 accedit.
1489 2496 1638 2562 Quid
1674 2498 1830 2554 enim
1859 2500 1932 2555 ad

294 2565 504 2620 falsam
535 2563 701 2641 illius
727 2563 1062 2641 opinionem
1093 2566 1503 2641 stabiliendam
1540 2569 1728 2641 magis
1751 2569 1936 2641 futile,

290 2654 467 2708 quam
534 2638 652 2693 hmo
709 2637 937 2707 objecta
980 2638 1064 2709 ab
1095 2654 1183 2705 eo,
1243 2638 1327 2693 uti
1376 2637 1669 2709 jactabat,
1723 2637 1935 2697 Christi

290 2709 506 2781 verba:
545 2730 570 2758 ιι
602 2709 846 2776 Quando
878 2708 1121 2781 pudoris
1151 2708 1564 2766 indumentum
1598 2712 1939 2769 conciliave-

290 2780 441 2845 ritis,
474 2788 531 2836 et
560 2781 677 2836 duo
709 2780 861 2836 facta
903 2780 1123 2837 fuerint
1156 2799 1363 2848 unum,
1422 2785 1724 2840 masculus
1755 2791 1811 2840 et
1851 2788 1937 2841 fe-

292 2850 500 2908 mina?
532 2874 561 2927 ξ)
602 2852 827 2908 Etenim
861 2851 1131 2927 Clemens
1160 2853 1782 2927 centiauorespondet
1814 2856 1936 2913 haec

290 2940 482 2998 neque
529 2924 589 2979 in
638 2927 897 2998 quatuog
932 2924 1536 2998 nostringvangeliis,
1565 2924 1687 2982 'sed
1729 2930 1788 2983 in
1843 2946 1933 2997 eo,

289 2996 443 3068 quod
478 2997 806 3081 secundum
835 2996 1134 3081 Egyptios
1154 2996 1706 3081 ‘in‘seriptumﬁrat,
1739 2996 1937 3056 occur-

287 3083 478 3142 rere,f_
505 3074 678 3139 atque
709 3069 961 3142 masculi
984 3069 1292 3142 vocabulo
1323 3069 1492 3142 iram,
1525 3071 1755 3127 femina:
1797 3089 1934 3129 vero

285 3139 668 3208 cupiditatem
698 3140 1018 3212 designari.

354 3213 516 3296 Quod
549 3217 744 3298 autem
767 3211 1361 3298 addebat‘Cassianus
1379 3212 1640 3298 animam
1673 3214 1744 3270 ab
1767 3214 1933 3298 initio
1965 3230 2009 3298 α

281 3282 567 3369 divinam,
598 3283 714 3368 hue
744 3283 1141 3369 eﬂ'emi’p‘atam
1174 3285 1246 3341 ad
1277 3287 1714 3369 generetionem
1746 3292 1802 3343 et
1839 3288 1931 3344 in-

279 3356 521 3413 teritum
570 3355 785 3424 venire,
817 3356 875 3411 id
925 3356 1194 3413 Clemens
1243 3355 1421 3412 nimis
1448 3357 1815 3416 Platonicum
1864 3377 1931 3417 ac

324 3426 457 3504 lane
473 3444 783 3504 erroneum
796 3443 924 3504 esse
937 3428 1302 3504 demonstrat
1316 3430 1703 3504 89.,Quodnam
1717 3431 1934 3504 quippe

310 3499 461 3556 uerit
490 3500 772 3573 primum,
805 3500 975 3571 cujus
997 3499 1229 3556 delendi
1248 3503 1436 3573 gratia
1464 3499 1933 3560 Christus-homo

283 3572 499 3646 factus,
532 3576 643 3642 est,
668 3572 806 3646 Adae
830 3580 1162 3646 peccatum,
1213 3572 1439 3645 etquid
1479 3574 1632 3646 apud
1684 3575 1934 3631 Paulum

283 3615 657 3700 νὶῖέἔὶιόἕό
688 3615 1014 3714 significet:
1033 3615 1243 3700 ἔθ”ἐυιῗ
1252 3615 1639 3701 ὶὲιῖᾱὲαἷῆἷιὲ
1670 3615 1932 3705 εἶυέἳὲἓέ

282 3715 344 3791 in
371 3713 539 3791 emlis
569 3713 995 3791 habitdtionem
1028 3732 1157 3791 esse
1187 3716 1361 3784 dicat,
1393 3717 1648 3791 breviter
1677 3718 1934 3791 exponit.

285 3786 601 3861 Pollieetnr
629 3785 883 3858 denique
914 3804 976 3861 se
1006 3786 1146 3843 alibi
1176 3794 1380 3861 contra
1424 3788 1633 3846 falsam
1669 3785 1933 3861 ejusdem

285 3858 551 3944 Caesiani
575 3858 1113 3944 interpretationem
1129 3860 1531 3944 expositurum
1557 3879 1683 3944 qnee
1698 3858 1778 3944 sit
1800 3879 1940 3944 vera

332 3930 668 3987 ellicearum
698 3930 836 3987 Adae
859 3935 916 3987 et
935 3932 1060 3987 Evaa
1088 3930 1423 3989 tunicarum
1452 3930 1937 3991 significatian-

316 4019 448 4059 erea
479 4019 611 4059 vero
642 4001 740 4059 ille
772 4004 929 4130 good
964 4002 1177 4060 Paulus
1225 4010 1462 4076 propter
1492 4001 1939 4063 ibrnicationem

317 4074 455 4130 ubet
488 4091 723 4130 uxorem
817 4074 929 4130 uci.
963 4077 1118 4130 quod
1151 4074 1420 4130 Christus
1468 4093 1626 4130 eum.
1662 4077 1762 4130 oui
1798 4095 1939 4130 uxo-

282 4074 455 4146 jubet
488 4091 723 4150 uxorem
772 4074 929 4145 duci,
956 4077 1118 4150 quod
1151 4074 1420 4150 Christus
1468 4093 1626 4146 eum,
1662 4077 1762 4150 qui
1798 4095 1939 4134 uxo-

290 4164 411 4203 rem
464 4152 522 4203 et
551 4146 705 4204 filios
754 4164 871 4203 non
903 4146 1113 4217 oderit,
1160 4147 1517 4219 discipulum
1569 4146 1746 4205 suu'm
1806 4166 1937 4206 esse

289 4223 485 4292 negat,
518 4220 672 4291 quod
707 4219 888 4275 Isaias
920 4219 1166 4275 enucbis
1196 4237 1230 4274 a
1274 4220 1524 4292 Domino
1557 4220 1779 4292 dictum
1811 4238 1941 4278 esse

285 4292 481 4361 refert,
505 4293 661 4363 quod
690 4292 977 4363 Jeremias
1006 4296 1183 4362 atque
1213 4291 1425 4348 Esdras
1461 4291 1577 4347 diei
1609 4293 1935 4351 nativitatis

285 4362 584 4435 suasrmale
612 4367 942 4435 precantur,
972 4362 1480 4435 horum,inquam,
1504 4365 1769 4421 omnium
1795 4383 1938 4422 con-

284 4441 376 4491 tra
413 4434 716 4511 hmreticas
753 4434 1168 4511 cavillationes
1228 4434 1433 4492 verum
1498 4438 1942 4511 genuinumque

290 4523 468 4564 sensu
500 4506 769 4562 enucleat
789 4506 854 4561 ⁸³,

2041 1919 2176 1978 Enen
2206 1926 2298 1977 est
2329 1919 2569 1976 sanates
2601 1920 2786 1975 fuisse
2806 1937 2839 1974 a
2869 1919 3102 1976 Christo
3131 1921 3327 1976 carnis
3353 1927 3571 1978 nostra
3602 1921 3707 1978 in-

2039 1994 2372 2060 ﬁrmitates,
2405 1998 2583 2065 atque
2611 1991 2913 2048 hominem
2962 1991 3204 2065 idcirco,
3241 1993 3523 2065 sriitamen
3574 2011 3697 2051 non

2041 2067 2389 2139 peccaverit,
2423 2063 2593 2139 posse
2624 2080 2869 2135 regnum
2903 2063 3281 2139 peiadipisci
3303 2064 3370 2139 ἦξε

2113 2139 2195 2195 Ex
2226 2133 2442 2209 quibus
2471 2133 2738 2209 Clemens
2758 2135 3058 2209 concludit
3086 2133 3291 2209 omnes
3312 2135 3446 2209 illos
3462 2136 3702 2193 haereti-

2040 2226 2139 2267 cos
2170 2206 2290 2265 toto
2321 2209 2465 2265 ccelo
2497 2207 2569 2264 ab
2599 2206 2898 2279 catholicae
2929 2207 3193 2263 veritatis
3226 2206 3429 2279 regula
3459 2209 3693 2265 aberra-

2042 2298 2126 2353 re,
2158 2286 2276 2337 tam
2309 2298 2408 2337 eos
2437 2277 2712 2351 quifalsss
2743 2279 3118 2353 continentiae
3148 2277 3428 2353 praetextu
3452 2281 3695 2353 nuptias

2041 2351 2462 2423 creaturasque
2490 2351 2983 2423 condemnabant,
3027 2351 3387 2423 quamalios
3420 2351 3520 2423 qui
3561 2369 3696 2408 sese

2042 2425 2103 2481 in
2135 2426 2298 2481 omni
2330 2422 2795 2480 elfrenatissimae
2827 2422 3028 2478 libinis
3048 2422 3114 2495 et
3138 2422 3460 2495 voluptatis
3477 2439 3697 2495 genere

2043 2497 2395 2566 volutantes,
2427 2495 2485 2550 id
2505 2496 2729 2551 caeteris
2750 2495 3028 2568 omnibus
3052 2494 3215 2568 licitu
3229 2494 3435 2568 messe
3456 2494 3704 2568 persua-

2044 2570 2182 2625 dere
2210 2568 2595 2624 conabantur.
2654 2566 3070 2633 Quamobrem,
3104 2572 3171 2622 ut
3200 2567 3335 2623 illos
3376 2566 3703 2639 fugiamus,

2047 2658 2151 2697 nec
2171 2657 2302 2696 cum
2321 2641 2407 2695 eis
2430 2655 2693 2709 unquam
2714 2639 3339 2709 conversemur,jubet
3362 2655 3477 2694 non
3499 2639 3699 2695 solum

2046 2712 2357 2783 Propheta,
2390 2710 2490 2767 sed
2523 2708 2698 2765 etiam
2729 2708 3070 2783 Apostolus,
3105 2708 3202 2781 qui
3226 2710 3703 2783 fornicationem,

2046 2781 2395 2855 neutiquam
2418 2786 2456 2837 ‘I
2481 2783 2573 2855 ιθ
2596 2797 2729 2838 vero
2752 2781 2991 2855 nuptias
3014 2782 3330 2855 proscribit
3353 2783 3413 2837 ⁸³.
3437 2782 3706 2854 Quapro-

2088 2863 2174 2913 ter
2220 2853 2428 2911 rursus
2476 2854 2747 2910 Clemens
2779 2853 2927 2926 alios
2975 2854 3239 2926 corripit,
3293 2855 3395 2926 qui
3445 2853 3704 2910 veterem

2088 2873 2174 2913 ter
2220 2873 2428 2911 rursus
2476 2873 2747 2910 Clemens
2779 2873 2927 2910 auos
2975 2873 3239 2926 corripit,
3293 2873 3395 2926 qui
3445 2873 3704 2910 veterem

2044 2873 2251 3001 fegem,
2286 2927 2456 2999 quasi
2487 2927 2723 2982 easdem
2752 2924 3015 3001 nuptias,
3044 2927 3104 2980 in
3136 2942 3281 3001 nega
3302 2927 3572 3001 rejectas,
3598 2943 3706 2998 ap-

2045 2997 2339 3072 probaret,
2392 3014 2696 3072 perperam
2752 2997 3163 3072 repudiabant.
3220 2997 3485 3072 Denique
3539 2998 3706 3054 hunc

2045 3068 2407 3129 absolvenda
2424 3068 2668 3135 librum,
2703 3086 2809 3124 nos
2832 3068 3038 3125 sedulo
3063 3073 3263 3125 monet
3282 3068 3701 3126 Gnosticorum

2046 3160 2259 3201 nomen
2289 3143 2363 3199 ab
2412 3142 2507 3198 his
2537 3142 2827 3199 haereticis
2857 3140 3029 3214 plane
3061 3141 3351 3198 immerito
3402 3141 3705 3215 usurpari.

2611 3237 2869 3295 ARTICU
2878 3238 3006 3296 LUS
3046 3241 3142 3295 IV.

2537 3327 2794 3401 Analysis
2828 3327 2966 3383 libri
2995 3326 3207 3400 quarti.

2116 3430 2199 3487 De
2231 3426 2509 3501 martyrio
2553 3432 2612 3484 et
2651 3427 2725 3501 de
2772 3426 3027 3501 perfecto
3080 3425 3327 3501 homine
3371 3426 3483 3501 sibi
3545 3444 3710 3485 nunc

2045 3497 2474 3575 disputandum
2508 3514 2638 3575 esse
2666 3497 2948 3575 Clemsne
2970 3497 3231 3575 declarat
3249 3499 3316 3555 9°.
3348 3501 3411 3555 In
3457 3499 3568 3575 hoe
3598 3517 3710 3575 an-

2047 3570 2165 3631 tem
2199 3578 2450 3629 tractatu
2499 3572 2577 3628 ait
2608 3588 2672 3627 se
2700 3570 2862 3627 deiis
2893 3570 3219 3640 dicturum,
3258 3586 3385 3639 quae
3419 3571 3714 3629 orationis

2049 3644 2457 3716 sermonisque
2488 3644 2651 3716 ordo
2697 3647 2757 3700 et
2812 3642 3095 3716 connexio
3144 3642 3489 3716 postulabit.
3546 3645 3710 3710 Qua-

2048 3722 2285 3792 propter
2317 3713 2634 3792 _monitum
2693 3713 3016 3787 quemlibet
3047 3713 3188 3792 feeit
3224 3730 3335 3792 _se,_
3368 3717 3709 3792 postquam

2048 3785 2215 3846 servo
2240 3794 2297 3845 et
2317 3787 2524 3858 libero,
2553 3788 2680 3859 viro
2710 3785 2876 3858 ique
2905 3803 2971 3842 ac
3003 3785 3238 3842 mulieri
3280 3785 3708 3859 philosophan-

2048 3863 2190 3918 dum
2221 3876 2350 3917 esse
2407 3858 2689 3926 docuerit,
2718 3863 2862 3914 tunc
2894 3858 3338 3930 disputaturum
3360 3858 3432 3915 de
3465 3858 3600 3929 fide,
3633 3861 3707 3916 de

2048 3932 2456 4005 inquisitione,
2486 3931 2556 3986 de
2604 3930 2923 4005 symbolice
2956 3930 3236 4005 loquendi
3267 3946 3500 4005 genere,
3534 3949 3601 4005 ac
3633 3933 3704 3989 de

2047 4002 2385 4077 iis'quasad
2419 4019 2610 4077 mores
2642 4002 2952 4077 pertinent
2978 4020 2991 4058 :
3019 4002 3256 4077 deinde
3280 4002 3525 4077 verode
3569 4004 3698 4077 bar-

2048 4072 2202 4133 baras
2253 4072 2705 4149 philosophiae
2735 4072 3278 4149 GraacisAdelibataa
3309 4073 3585 4149 ntilitate,
3625 4075 3695 4130 de

2051 4165 2229 4207 sacras
2255 4144 2607 4219 'Scripturee,
2638 4147 2922 4219 adversus
2953 4144 3184 4219 Graecos
3233 4150 3289 4219 et
3316 4147 3543 4219 Judsaos
3588 4161 3686 4199 ex-

2052 4220 2361 4293 positione,
2392 4216 2451 4274 et
2481 4221 2553 4274 de
2596 4218 2686 4273 his
2715 4234 2843 4289 quas
2876 4218 2935 4272 in
2962 4216 3374 4293 superioribus
3409 4217 3581 4280 libris,
3611 4230 3680 4269 ne

2094 4288 2401 4362 rolixiores
2424 4294 2644 4357 essent,
2685 4288 3079 4362 pratermissa
3108 4293 3284 4357 sunt;
3342 4294 3538 4362 postea
3560 4302 3683 4342 vero

2094 4310 2393 4349 POIIXIOPOS
2424 4310 2644 4357 68881113,
2685 4310 3079 4360 [31121811111888
3108 4310 3284 4357 sunt;
3342 4310 3538 4362 posmea
3561 4310 3683 4342 vero

2052 4310 2125 4422 ge
2179 4361 2551 4419 naturalibus
2588 4362 2763 4434 juxta
2809 4361 3145 4434 Graecorum
3201 4362 3696 4434 barbarorumque

2054 4436 2360 4509 opiniones
2391 4432 2722 4506 principiis,
2757 4450 2823 4489 ac
2866 4433 3176 4505 praecipuis
3219 4432 3704 4506 philosophorum

2054 4506 2450 4581 dogmatibus,
2500 4507 2572 4563 de
2619 4505 2947 4581 Scriptores,
2991 4521 3109 4575 qua
3140 4505 3420 4561 adversus
3461 4507 3712 4581 haereses

2434 4549 2450 4572 ’
2500 4546 2572 4563 υν
2619 4546 2947 4572 υνιιγυυιιυυ,

352 4578 552 4660 Pergit
579 4578 844 4634 Clemens
865 4577 910 4613 ⁸⁸
940 4576 1056 4660 alia
1079 4577 1299 4660 diluere
1321 4579 1592 4660 Cassiani
1623 4597 1937 4660 argumen-
1970 4597 2020 4660 ι)
2053 4576 2240 4660 unum
2270 4581 2555 4635 duntaxat
2588 4578 3053 4660 omnipotentem
3084 4592 3214 4660 esse
3242 4582 3436 4660 psum
3465 4578 3709 4633 demon-

287 4654 368 4722 ta,
399 4650 489 4706 ab’
504 4664 570 4704 eo
604 4665 908 4722 perperam
939 4650 1190 4707 deducta
1215 4667 1283 4706 ex
1312 4651 1443 4707 Jobi
1475 4651 1670 4708 verbis
1696 4650 1769 4708 ἴα
1794 4654 1937 4709 Nul-

284 4721 379 4779 lus
411 4739 445 4777 a
475 4722 647 4777 sorde
665 4721 946 4794 mundus,
980 4738 1086 4779 nec
1117 4722 1165 4779 si
1181 4723 1510 4794 sitquidem
1530 4741 1646 4778 una
1670 4724 1795 4780 dies
1818 4726 1941 4781 vita

282 4795 411 4865 ejus
436 4812 499 4866 εγ»
520 4798 577 4866 et
607 4792 933 4866 Psalmistae
961 4811 973 4848 :
1008 4817 1036 4845 «
1066 4798 1126 4851 In
1147 4792 1401 4866 peccatis
1432 4801 1750 4865 conceptus
1782 4813 1938 4866 sum,

287 4870 344 4922 et
368 4868 423 4921 in
447 4865 860 4939 iniquitatibus
879 4865 1250 4939 concepit’me
1266 4868 1708 4939 matermea35zrn
1728 4884 1793 4923 ac
1814 4865 1941 4925 tan-

286 4940 418 5012 dem
450 4936 745 4993 Malachize
771 4954 783 4992 :
811 4961 830 4987 ι
849 4936 1101 5012 Δνίόθθτιῇ
1127 4937 1521 5012 primogenita
1544 4956 1645 5011 pro
1670 4937 1939 5012 impieta-

283 5015 360 5079 te,
397 5010 654 5082 fructum
677 5008 897 5082 ventris
929 5010 1043 5082 mei
1080 5026 1182 5081 pro
1215 5008 1471 5082 peccatis
1491 5008 1698 5066 animae
1726 5008 1885 5069 meae.
1909 5035 1937 5064 ››

281 5082 463 5155 Docet
491 5081 648 5155 enim
678 5081 930 5155 ipsemet
958 5080 1233 5138 Clemens
1261 5080 1383 5155 haec
1402 5082 1599 5138 omnia
1629 5100 1731 5155 pro
1755 5084 1936 5140 heare-

280 5154 398 5210 tica
429 5153 730 5224 impietate
788 5152 935 5209 nihil
968 5169 1213 5223 prorsus
1257 5151 1467 5223 facere,
1512 5171 1579 5211 ac
1622 5151 1938 5213 catholicos

277 5224 495 5299 habere
542 5224 888 5299 explicatus.
923 5225 1009 5280 Ad
1051 5224 1333 5299 haecdvere
1366 5225 1529 5299 addit
1588 5228 1936 5299 Apostolum

285 5297 639 5353 scribentem
668 5315 681 5352 :
722 5316 748 5349 α
770 5296 877 5363 Qui
900 5299 1115 5368 certat,
1148 5297 1220 5352 ab
1242 5297 1521 5354 omnibus
1542 5296 1799 5355 abstinet
1816 5300 1881 5368 ⁸⁸,
1907 5319 1935 5349 »

280 5368 375 5425 his
406 5367 599 5425 verbis
645 5384 761 5423 non
795 5367 1012 5425 dixisse
1040 5368 1456 5425 abstinendum
1486 5386 1618 5426 esse
1647 5371 1719 5425 ab
1742 5367 1939 5427 omni-

281 5443 414 5506 bus,
449 5442 552 5497 sed
584 5440 645 5494 in
666 5440 956 5499 omnibus
988 5440 1361 5498 continenter
1382 5440 1717 5496 vivendum.

351 5513 528 5569 Porro
561 5516 753 5568 autem
789 5511 1003 5569 malam
1038 5529 1151 5568 non
1184 5530 1314 5570 esse
1337 5511 1938 5584 generationeminde

279 5584 550 5643 Clemens
580 5584 817 5653 evincit,
851 5585 1005 5657 quod
1051 5584 1322 5642 Christus
1352 5601 1423 5657 ea
1455 5584 1674 5650 virgine
1703 5583 1936 5657 genitus

279 5658 376 5714 sit.
397 5661 641 5715 Frustra
654 5674 791 5732 ergo
808 5655 950 5729 quia
962 5656 1138 5714 homo
1152 5655 1835 5730 generationejumentis
1848 5674 1935 5713 as-

349 5875 393 5909 "
425 5872 759 5947 EAG/ah“
788 5873 912 5931 465.
989 5876 1031 5911 ⁸¹
1070 5873 1237 5947 Psal.
1262 5891 1336 5940 vx,
1367 5875 1423 5931 8.
1500 5876 1545 5911 3’
1581 5894 1634 5947 p.
1671 5876 1798 5932 466.
1884 5877 1927 5912 ⁸³

1963 5892 2017 5949 ρ.
2043 5876 2166 5949 467,
2204 5877 2328 5949 llos.
2405 5876 2451 5910 δι

2056 4657 2297 4720 stratur,
2331 4667 2570 4707 summa
2618 4649 2990 4714 auctoritate,
3024 4666 3091 4705 ac
3122 4649 3360 4705 tandem
3405 4649 3478 4705 de
3510 4670 3541 4721 ις
3565 4665 3714 4721 gno-

2054 4726 2203 4782 stica
2235 4746 2262 4773 »
2284 4719 2289 4720 ί
2310 4721 2810 4794 contemplatione
2834 4722 2902 4778 θί.
2936 4724 3072 4794 Quae
3120 4720 3361 4792 quidem
3398 4730 3460 4777 ut
3490 4719 3714 4777 clarius

2053 4796 2439 4869 explicentur,
2473 4792 2617 4849 dicit
2661 4794 2929 4869 Clemens
2960 4792 3081 4869 sibi
3106 4810 3139 4848 a
3171 4794 3371 4869 parvis
3393 4809 3525 4848 esse
3558 4793 3712 4869 inci-

2050 4865 2332 4942 piendum
2367 4870 2565 4942 rebus,
2592 4869 2649 4920 et
2679 4867 2752 4942 ab
2786 4865 2858 4942 iis
2890 4881 3019 4942 quae
3050 4866 3122 4920 de
3173 4866 3378 4942 mundi
3410 4866 3712 4942 creatione

2049 4936 2269 5013 scripta
2314 4942 2476 5013 sunt,
2517 4941 2697 5013 atque
2723 4937 2860 4992 inde
2903 4936 3188 5013 lectorum
3222 4938 3453 4993 animos
3501 4937 3575 5013 ad
3607 4954 3709 4993 su-

2048 5008 2324 5070 blimiora
2354 5009 2439 5065 sic
2470 5008 2763 5079 gradatim
2797 5009 3227 5065 conductorum
3255 5028 3270 5076 ;
3302 5013 3365 5065 ut
3387 5011 3710 5080 postquam

2046 5085 2141 5151 iis,
2204 5098 2332 5153 quas
2391 5080 2458 5153 ad
2496 5095 2704 5153 mores
2745 5084 3034 5153 spectant,
3097 5081 3291 5153 finem,
3332 5079 3710 5152 imposuerit,

2045 5150 2181 5211 illOs
2198 5150 2268 5209 ad
2299 5152 2615 5225 ipsiusmet
2639 5150 2978 5209 Divinitatis
3000 5150 3561 5225 contemplationem
3583 5169 3716 5225 per-

2049 5228 2249 5283 ducat.

2118 5297 2247 5352 Haec
2279 5311 2453 5366 porro
2484 5298 2834 5366 argumenta
2863 5293 3067 5350 omnia
3115 5312 3232 5351 non
3266 5295 3589 5366 separatim
3656 5299 3718 5353 et

2047 5372 2321 5425 accurata
2353 5366 2652 5435 methodo,
2686 5368 2789 5422 sed
2815 5366 3098 5439 permiste
3128 5371 3185 5423 et
3211 5369 3474 5438 confuse,
3499 5368 3573 5423 ab
3597 5384 3719 5424 uno

2047 5442 2117 5496 ad
2152 5440 2311 5512 aliud
2359 5456 2513 5512 saepe
2539 5440 2926 5506 transeundo,
2976 5444 3227 5512 propter,
3286 5439 3598 5511 imperitos
3648 5457 3719 5496 ac

2046 5513 2199 5568 male
2231 5510 2469 5568 alfectos
2501 5510 2770 5578 lectores,
2806 5529 2840 5568 a
2871 5527 2935 5566 se
2966 5511 3274 5567 tractanda
3320 5510 3452 5568 esse
3483 5513 3719 5569 denun-

2044 5584 2151 5642 tiat
2172 5586 2237 5640 9’.
2270 5587 2456 5650 Quam
2493 5599 2635 5639 sane
2665 5583 2739 5639 ob
2772 5599 3013 5640 causam
3045 5583 3222 5639 hosce
3248 5583 3713 5641 commentarios

2043 5674 2191 5728 quos
2222 5674 2356 5714 eum
2408 5673 2548 5728 agro
2579 5655 2859 5712 omnibus
2892 5654 3093 5711 herbis
3144 5655 3316 5728 pleno
3349 5661 3408 5712 et
3440 5673 3573 5712 cum
3605 5673 3712 5712 ve-

2484 5891 2545 5949 P:
2574 5875 2696 5931 469-
2773 5876 2819 5912 ⁸⁸
2853 5873 2997 5933 Psal.
3026 5875 3153 5945 L,7.
3231 5876 3277 5912 ⁸⁸
3309 5876 3482 5933 ICor.
3510 5893 3588 5949 ιχ,
3609 5878 3707 5935 25.

286 5942 329 5977 ⁸⁷
364 5942 578 6014 ρξλϊῖο.
656 5942 699 5979 ³⁸
731 5962 786 6016 p.
817 5947 944 6001 471.
1019 5947 1064 5982 ⁸9
1093 5963 1152 6018 p.
1184 5946 1310 6016 472,
1341 5947 1466 6006 473.
1499 6003 1505 6009 ,
1544 5942 1672 6021 0οήι).
1705 5948 1831 6007 474.
1908 5950 1935 5985 ⁹η

2076 5948 2201 6004 475.
2280 5948 2324 5983 ⁹²
2356 5963 2413 6020 p.
2447 5942 2571 6003 476.
