4110 6424
236 315 376 375 1023

947 324 1026 377 1N
1061 323 1511 381 CLEMENTEM
1546 326 1742 381 ALBX
1778 323 1845 380 D.
1885 326 1979 382 LE
2017 325 2317 383 NOURRY
2352 327 2837 383 DISSERTATIO
2874 328 2947 380 ΙΙ.

3519 325 3656 382 1024

237 451 351 524 tur,
386 444 437 501 is
467 443 783 518 ipsiusmet
820 446 947 516 Dei,
990 447 1083 503 cui
1130 447 1337 519 credit,
1370 453 1592 522 martyr
1620 453 1678 506 et
1720 448 1886 506 testis
1914 450 1969 517 Α
2002 449 2100 505 nia
2130 450 2386 508 charitas
2418 454 2477 507 et
2509 467 2619 523 pax
2649 450 2865 524 Christi
2898 450 2956 506 in
2991 450 3256 524 omnium
3296 450 3483 523 gratis
3520 467 3661 524 erga

238 522 349 573 est.

313 588 377 643 ln
408 605 510 670 eos
539 587 739 670 itaque
769 590 870 670 qui
921 591 1271 670 martyrium
1321 593 1716 670 condemnant
1764 589 1892 649 Cle-

239 675 409 715 mens
431 661 706 730 insurgit,
735 661 932 731 aitque
961 661 1094 718 illos
1115 664 1341 719 nescire
1373 670 1426 718 et
1458 664 1602 719 illud
1636 680 1767 719 esse
1797 680 1892 717 ve-

241 747 316 785 rse
345 732 477 785 vitae
511 733 894 808 principium,
928 739 993 808 et
1009 736 1109 808 pie
1131 735 1461 808 viventibus
1486 737 1737 808 honores
1761 740 1894 808 post

242 808 516 878 mortem,
550 803 719 859 sicut
747 810 828 878 et
854 803 1055 876 impiis
1093 806 1405 878 supplicia,
1457 803 1778 863 decerni":
1827 808 1893 862 Et

242 874 349 930 hoc
381 875 617 945 quidem
650 878 721 931 ab
771 877 871 931 illo
920 874 1033 934 non
1075 874 1269 934 solum
1330 896 1398 934 ex
1455 881 1640 936 sacris
1673 881 1893 934 nostris

239 947 603 1021 auctoribus,
636 949 735 1003 sed
786 949 963 1021 etiam
1010 951 1279 1021 paganis,
1328 952 1604 1006 videlicet
1652 952 1891 1005 Theano

245 1018 623 1093 Pythagorica
652 1026 711 1093 et
739 1018 1345 1093 Platone,_probatur.
1398 1022 1542 1077 Hinc
1575 1028 1889 1093 postquam

240 1091 549 1165 castigavit
579 1091 929 1162 Telephum,
978 1094 1080 1165 qui
1124 1093 1357 1148 unicam
1392 1111 1522 1149 esse
1549 1091 1621 1148 ad
1672 1091 1890 1149 inferos

238 1161 395 1238 viam
454 1161 1010 1238 dixerat,’planum:
1040 1166 1321 1220 omnibus
1369 1182 1448 1238 ex,
1483 1166 1891 1238 AristOphane,

240 1232 611 1309 Epicharmo,
644 1232 821 1307 atque
851 1253 918 1309 ex
950 1236 1298 1309 Matthaaoet
1319 1237 1496 1293 Paulo
1519 1232 1891 1309 facitfquam

241 1304 464 1369 infelix,
499 1304 741 1362 misera—
765 1312 820 1363 et
881 1308 1069 1363 brevis
1113 1309 1191 1363 sit
1220 1308 1545 1364 infidelium
1580 1304 1889 1364 hominum

238 1377 377 1430 vita.
414 1378 621 1432 Verum
654 1389 806 1434 recte
836 1396 943 1435 nos
974 1381 1407 1435 admonetinde
1430 1398 1563 1436 cum
1598 1382 1892 1437 Marcione

241 1446 473 1503 nullum
504 1449 720 1504 inferre
759 1468 930 1523 posse
962 1452 1179 1507 malam
1229 1468 1355 1507 esse
1398 1457 1748 1514 creaturam.
1790 1453 1892 1507 sed

240 1535 340 1597 eos
373 1537 570 1575 revera
612 1537 742 1597 esse
787 1523 987 1579 beatos
1017 1528 1077 1578 et
1107 1523 1324 1593 felices,
1358 1525 1459 1595 qui
1493 1525 1773 1597 martyrio
1802 1525 1889 1580 vi-

239 1595 358 1645 tam
394 1593 696 1663 posuerint
715 1596 780 1647 ¹¹.

310 1663 433 1738 Non
468 1664 745 1738 audiendi
775 1665 976 1737 itaque
1006 1666 1043 1721 ii
1073 1670 1236 1731 sunt,
1269 1667 1371 1738 qui
1405 1666 1529 1721 fieri
1561 1684 1679 1723 non
1717 1683 1890 1738 posse

237 1735 575 1807 existimant
605 1742 671 1790 ut
700 1735 998 1793 imbecilla
1026 1754 1161 1793 caro
1194 1735 1585 1807 potestatibus
1615 1744 1672 1795 et
1695 1735 1886 1794 domi-

240 1806 558 1880 nationum
573 1808 881 1878 spiritibus
907 1810 1166 1865 resistat.
1189 1810 1330 1866 Nam
1356 1810 1412 1865 id
1444 1810 1545 1866 Dei
1572 1828 1680 1874 ope
1703 1816 1759 1865 et
1781 1828 1885 1866 au-
1918 1814 1966 1880 B

238 1878 379 1935 xilio
402 1879 683 1935 omnibus
704 1882 874 1936 facile
895 1886 1003 1947 est,
1031 1882 1202 1937 modo
1220 1886 1417 1938 tamen
1442 1883 1499 1936 in
1522 1900 1589 1938 eo
1607 1883 1886 1938 fiduciam

239 1950 514 2024 habeant.
551 1950 657 2013 Qui
680 1968 833 2018 vero,
868 1954 1022 2023 quod
1051 1958 1108 2008 et
1139 1954 1247 2009 hoc
1279 1955 1474 2024 ipsum
1507 1971 1621 2008 non
1658 1956 1737 2010 ita
1780 1955 1887 2009 dif-

236 2020 471 2109 ficiliter
502 2039 672 2109 posse
697 2024 818 2079 fieri
836 2020 1055 2109 auctor
1086 2020 1695 2109 noster-paganorum
1749 2043 1886 2109 poe-

234 2098 429 2168 tarum
467 2100 530 2168 et
553 2094 804 2168 aliorum
831 2095 1190 2163 testimonio,
1215 2094 1391 2168 atque
1412 2094 1540 2165 ipso
1572 2094 1761 2153 etiam
1794 2098 1886 2153 ln-

235 2166 444 2221 dorum
481 2165 966 2240 philosophorum
1000 2168 1267 2240 exemplo
1293 2165 1667 2226 confirmat”
1687 2172 1713 2223 .9
1740 2170 1886 2225 Cum

237 2243 457 2312 autem,
486 2244 632 2312 teste
658 2239 943 2295 Heraclito
993 2239 1184 2312 poeta,
1207 2257 1505 2295 servorum
1531 2241 1608 2295 sit
1638 2246 1886 2296 mortem

237 2310 465 2383 timere,
501 2309 769 2383 Clemens
808 2328 876 2366 ex
933 2309 1211 2383 Apostolo
1270 2312 1441 2367 docet
1486 2312 1887 2368 Christianum

239 2397 349 2436 nec
374 2380 589 2437 habere
610 2382 864 2454 amplius
887 2380 1183 2439 servitutis
1205 2384 1477 2455 spiritum
1501 2384 1562 2438 in
1595 2385 1888 2455 timorem,

241 2468 349 2507 nec
382 2454 602 2525 servire
646 2459 910 2525 peccato,
942 2456 1042 2509 sed
1075 2455 1240 2509 illum
1273 2455 1527 2519 virtutis,
1559 2454 1889 2511 dilectionis

240 2524 944 2597 etsobrietatisdonatum
969 2542 1098 2581 esse
1119 2525 1328 2596 spiritu
1353 2543 1464 2597 quo
1489 2528 1691 2583 omnia
1713 2527 1888 2582 etiam

239 2595 565 2670 durissima
583 2596 866 2670 patienter
897 2595 1486 2667 ferendo,beatus,uti
1510 2599 1580 2654 de
1593 2599 1617 2670 j
1630 2603 1760 2655 usto
1781 2599 1883 2655 ho-

242 2667 404 2723 mine
424 2668 631 2724 scribit
661 2668 840 2738 Plato,
877 2670 1108 2725 futurus
1134 2675 1243 2725 est.

318 2760 340 2789 ι
359 2739 720 2812 βηθεΐὶουε»
749 2740 1167 2812 igituretiamsi
1185 2740 1888 2807 alficiaturcontumeliis,

244 2810 593 2881 spoliatione
625 2810 933 2880 bonorum,
958 2813 1164 2869 exsilio
1185 2817 1243 2868 et
1265 2820 1470 2880 morte,
1498 2813 1889 2868 nihilominus

244 2899 284 2956 a_
306 2882 571 2938 libertate
601 2889 659 2938 et
688 2901 722 2939 a
750 2901 988 2940 summa
1010 2886 1066 2939 in
1097 2886 1276 2940 Deum
1295 2885 1600 2947 charitate.
1628 2892 1891 2956 quieter:

244 2953 364 3027 tius
387 2956 761 3024 perfectionis
785 2956 948 3013 illius
969 2958 1190 3027 gradus
1228 2963 1338 3025 est,
1362 2953 1674 3027 nunquam
1716 2955 1891 3011 dive-1

244 3025 475 3100 laturi”.
502 3027 821 3083 Gentilium
846 3025 1040 3085 autem
1094 3029 1194 3100 qui
1222 3028 1420 3083 omnia
1443 3025 1604 3083 fatali
1638 3028 1892 3100 necessi-

243 3101 361 3152 tate
393 3098 667 3155 obvenire
714 3098 1169 3169 somniaveran't,
1202 3100 1584 3166 pervicaciam
1625 3099 1893 3156 Clemens

1976 590 1981 599 .
2006 527 2199 604 Deum.
2214 523 2494 604 cordibus
2516 522 2730 604 regnet
2754 523 2818 577 ⁸⁸.
2863 526 3052 595 Atque
3080 522 3400 604 __obiter
3438 522 3660 595 ingrati

2002 593 2062 648 in
2094 594 2376 666 Opificem
2400 593 2715 651 Marcianis
2735 593 2993 650 errorem
3028 594 3263 650 refellit.

2074 682 2155 737 Ex
2188 681 2281 737 bis
2310 681 2537 755 itaque,
2560 683 2751 756 inquit
2775 682 2895 756 ille,
2920 682 3146 754 liquido
3166 682 3662 756 intelligiturqua

2004 754 2506 827 sitf_fidei_unitas
2564 760 2621 809 et
2652 754 3006 810 Christiana
3049 756 3346 827 perfectio.
3371 754 3656 820 Quocirca

2003 825 2249 896 quilibet
2265 825 2658 887 Christianus.
2683 828 2802 881 sive
2838 827 2945 894 vir,
2992 825 3113 881 sive
3144 825 3378 896 mulier,
3417 828 3654 883 tametsi

2002 897 2288 952 bonorum
2321 914 2385 952 ac
2419 897 2760 953 facultatum
2793 898 3059 953 omnium
3094 899 3331 967 jactura
3362 905 3661 955 extrema-

2002 985 2116 1036 que
2158 969 2448 1040 supplicia
2489 970 2862 1042 immineant,
2912 986 3220 1040 nunquam
3266 987 3300 1025 a
3348 970 3658 1042 religione,

2003 1042 2216 1112 pietate
2248 1047 2305 1095 et
2335 1056 2468 1095 vero
2504 1042 2597 1095 Dei
2632 1040 2792 1095 cultu
2826 1043 3235 1104 deterrebitur,
3284 1040 3549 1113 atquein
3585 1042 3658 1097 iis

2004 1127 2192 1182 usque
2213 1115 2280 1185 ad
2317 1118 2558 1185 mortem
2592 1128 2658 1185 eo
2684 1116 3060 1185 constantius
3093 1113 3508 1184 perseverabit,
3541 1130 3658 1185 quo

2002 1185 2193 1256 magis
2225 1184 2391 1256 illum
2426 1184 2608 1256 aliqui
2643 1184 2834 1256 abiis
2884 1200 3079 1238 arcere
3129 1187 3325 1239 conati
3359 1184 3656 1240 fuerint".

2001 1255 2200 1328 Neque
2223 1255 2379 1310 enim
2413 1256 2486 1311 ad
2509 1255 2669 1328 aliud
2703 1255 2801 1311 ille
2823 1272 3083 1328 unquam
3105 1256 3655 1328 collineabit,quam

2001 1328 2070 1382 ad
2096 1327 2152 1381 id
2186 1328 2339 1398 quod
2376 1331 2529 1382 recte
2559 1327 2940 1396 honesteque,
2964 1327 3250 1399 quidquid
3296 1327 3441 1399 aliis
3483 1327 3659 1384 secus

2001 1399 2289 1466 videatur,
2324 1399 2445 1453 fieri
2488 1399 2640 1453 118
2677 1404 2882 1469 potest.
2922 1398 3081 1464 Quod
3116 1400 3355 1470 quidem
3386 1398 3661 1457 Clemens

2000 1471 2193 1525 firmat
2224 1471 2569 1524 auctoritate
2604 1470 2964 1540 Epicuri,qui
3013 1471 3214 1526 docuit
3272 1472 3344 1528 ab
3377 1472 3660 1530 omnibus

2000 1547 2059 1597 et
2088 1542 2246 1597 omni
2279 1546 2542 1613 tempore
2573 1541 3137 1613 philosOphandum.

2072 1632 2220 1686 Tum
2245 1629 2521 1685 continuo
2546 1629 2641 1685 iile
2681 1630 2851 1685 nobis
2884 1629 3116 1686 exhibet
3150 1629 3366 1687 Christi
3415 1630 3658 1687 Domini

2000 1703 2071 1758 de
2104 1703 2405 1774 martyrio,
2431 1701 2783 1774 publicaque
2837 1706 3069 1774 nostrae
3102 1702 3234 1758 fidei
3285 1702 3662 1759 confessione

1997 1772 2333 1847 verbaque;
2358 1772 2808 1829 ab’lleracleone
2832 1772 3040 1847 partim
3061 1773 3226 1845 bene,
3255 1775 3467 1847 partim
3507 1775 3659 1831 male

1997 1845 2271 1918 explicari
2305 1846 2800 1918 demonstrandae
2850 1846 3088 1918 tandem
3142 1845 3489 1918 martyrium
3543 1847 3659 1902 sibi

1998 1915 2375 1991 peccatorum
2407 1932 2539 1971 cum
2573 1915 2760 1991 gloria
2785 1916 3277 1991 expurgationemi
3301 1915 3486 1991 videri
3516 1934 3657 1974 con-

1997 1989 2265 2045 cludit”.
2303 1993 2438 2043 Eam
2481 2003 2622 2043 sane
2654 1989 2727 2043 ob
2771 2004 3010 2044 causam
3037 1989 3282 2059 apostoli
3330 1989 3654 2059 Christum,

1997 2063 2098 2133 qui
2125 2077 2225 2132 pro
2244 2059 2593 2133 infidelibus
2627 2060 2830 2115 mortis
2862 2084 2891 2109 ‹‹
2917 2060 3157 2133 calicem
3180 2061 3329 2116 bibit
3351 2083 3380 2133 ξ»
3410 2060 3652 2117 imitan-

1998 2131 2311 2204 tes,proiis
2331 2148 2481 2203 quas
2504 2131 2897 2205 fundaverant
2918 2131 3184 2187 ecclesiis
3213 2132 3371 2205 passi
3405 2138 3558 2189 sunt.
3586 2134 3654 2189 ll-

1999 2203 2192 2260 lorum
2218 2209 2413 2259 autem
2436 2203 3059 2275 vestigiisinsistcntes
3090 2203 3406 2275 «gnostici,
3424 2228 3445 2251 ι
3472 2209 3651 2261 vitam

1999 2281 2183 2350 agunt
2210 2277 2350 2350 adeo
2373 2279 2663 2350 sanctam
2698 2279 2755 2350 et
2794 2292 2841 2350 a_
2864 2280 3099 2350 peccato
3123 2276 3208 2350 sic
3234 2276 3573 2350 alienamrut
3602 2277 3655 2333 si

1998 2346 2174 2404 casus
2204 2346 2421 2420 aliquis
2470 2364 2573 2419 pro
2623 2346 2884 2402 Ecclesia
2943 2348 3201 2420 patiendi
3260 2364 3384 2405 sese
3426 2349 3654 2420 offerat,

1996 2426 2138 2477 tunc
2170 2436 2273 2492 pro
2303 2419 2404 2474 Dei
2438 2434 2634 2474 amore
2659 2419 3336 2491 tormentamortemque
3358 2419 3652 2476 obeant“.

2071 2508 2343 2564 Christus
2373 2508 2574 2581 itaque
2606 2507 2705 2581 ubi
2747 2523 2847 2564 eos
2878 2508 3020 2581 dicit
3051 2525 3180 2564 esse
3212 2508 3520 2581 fugiendos
3550 2508 3656 2581 qui

1999 2597 2106 2636 nos
2152 2603 2172 2629 ι
2213 2579 2501 2651 persecuti
2546 2578 2786 2651 fuerint,
2831 2602 2857 2628 ››
2901 2578 2995 2635 his
3019 2581 3261 2651 quidem
3284 2578 3505 2637 vverbis
3536 2578 3652 2636 n'on

2000 2649 2295 2725 significat
2318 2650 2540 2707 malum
2560 2667 2688 2707 esse
2719 2649 3010 2725 aliquod}
3036 2649 3507 2725 persecutionem
3532 2674 3555 2704 ι
3582 2668 3651 2708 ac

2001 2722 2248 2779 mortem
2282 2739 2385 2795 pro
2419 2725 2543 2792 ipso
2574 2745 2601 2795 (ε
2634 2722 2788 2794 pati;
2821 2743 2846 2776 ι
2888 2724 2990 2778 sed
3022 2723 3194 2778 nobis
3224 2724 3549 2780 cavendum
3584 2740 3657 2780 ne

2000 2801 2219 2851 temere
2240 2794 2298 2850 et
2328 2794 2661 2849 inconsulto
2686 2798 2852 2850 certis
2886 2796 3059 2851 morti
3086 2795 3240 2851 ultro
3264 2813 3371 2851 nos
3402 2796 3656 2851 offeren-

1999 2872 2112 2939 tes,
2144 2867 2409 2939 tyrannis
2442 2865 2718 2939 peccandi
2752 2870 2929 2938 atque
2962 2866 3181 2937 injuste
3205 2884 3312 2923 nos
3334 2866 3656 2923 inteficien-

2000 2938 2059 2994 di
2091 2937 2453 2994 occasionem
2482 2937 2867 3008 praebeamus.
2898 2944 3087 3009 Atque
3119 2938 3188 2992 ad
3236 2939 3294 2994 id
3352 2939 3656 2995 efficacius

2000 3010 2419 3066 stabiliendum
2454 3009 2670 3067 Christi
2714 3010 2901 3065 utitur
2956 3010 3328 3075 auctoritate,
3386 3027 3506 3081 qua
3557 3010 3657 3067 ille

2003 3081 2288 3138 auferenti
2320 3081 2563 3153 pallium
2598 3082 2876 3154 praecepit
2905 3081 3027 3137 dari
3061 3088 3118 3137 et
3147 3082 3435 3139 tunicam.

244 3170 745 3256 obiterincrepat.
780 3171 1044 3256 Subinde
1071 3188 1207 3227 vero
1247 3171 1615 3256 his,_inqu_it,
1667 3172 1767 3256 qui
1817 3173 1886 3256 ad
1921 3185 1966 3256 ρ
2006 3242 2041 3256 Α
2071 3174 2162 3254 At,
2185 3170 2564 3256 inquiebant,
2615 3187 2720 3226 cur
2746 3170 3224 3256 Christianitogi
3246 3176 3657 3256 suntet-neca-

241 3242 653 3315 perfectionem
687 3245 1074 3307 contendunt,
1126 3242 1551 3315 proponitur—ig
1602 3242 1804 3315 γνῶσις
1853 3244 1889 3313 ἡ

242 3309 463 3385 λογική,
496 3315 753 3385 cognitio
786 3309 1304 3385 rationalis,cujus
1327 3309 1777 3372 fundamentum
1802 3309 1893 3372 est

241 3385 746 3458 sanctaiTrinitas,
778 3388 947 3452 fides,
981 3404 1140 3457 spes,
1168 3395 1226 3443 et
1256 3392 1504 3458 utraque
1536 3390 1725 3458 major
1754 3388 1892 3444 cha-

239 3457 409 3545 ritas2
432 3457 732 3545 Quiporro
752 3459 863 3541 hac
886 3459 1330 3545 praedictusest,
1356 3457 1554 3515 omnia
1578 3460 1817 3545 quidem
1841 3460 1893 3515 ei

238 3526 544 3595 licent,sed
560 3526 809 3600 propter
826 3526 1124 3586 infirmam
1143 3526 1391 3587 aliorum
1415 3526 1837 3589 conscientiam
1860 3547 1895 3588 θ.

244 3601 604 3671 quibusdam
634 3602 930 3673 abstinet,
962 3602 1160 3673 omnia
1199 3603 1269 3657 ad
1325 3604 1420 3658 Dei
1456 3605 1592 3658 facit
1621 3603 1891 3673 gloriam,

243 3676 469 3744 pugnat
498 3672 676 3728 armis
712 3672 1121 3744 spiritualibus
1156 3678 1357 3729 contra
1390 3698 1417 3725 «
1451 3672 1827 3730 altitudinem
1865 3697 1893 3724 η

242 3742 588 3814 quamlibet,
620 3764 645 3796 α
672 3742 954 3800 adversus
997 3747 1388 3813 cognitionem
1434 3748 1527 3801 Dei
1561 3763 1690 3802 sese
1711 3745 1895 3801 extol-

239 3814 601 3888 lentem,»nu
616 3815 867 3886 llamque
882 3815 1516 3879 afflictionemmullum
1543 3818 1893 3888 periculum,

244 3885 598 3959 nullumque
621 3885 823 3943 casum
856 3889 1213 3943 formidat“.
1241 3890 1438 3959 Neque
1459 3890 1516 3944 id
1545 3885 1646 3944 ulli
1680 3885 1894 3944 mirum

247 3958 420 4029 plane
442 3960 759 4015 essedebet
783 3960 1019 4029 plurimi
1043 3958 1573 4030 siquidcm’pagani
1602 3961 1893 4026 homines,

244 4031 531 4104 nimirum
570 4032 809 4104 Esopii,
852 4032 1219 4091 Macedones.
1246 4032 1527 4104 Lacones,
1547 4033 1698 4087 Zeno
1729 4032 1897 4104 Elea-

242 4102 723 4176 tcs,_Thsodotus
754 4104 1169 4176 Pythagoreus,
1197 4102 1415 4159 Paulus
1446 4103 1687 4176 Lacydie
1721 4103 1896 4176 fami-

242 4173 431 4238 liaris.
466 4173 828 4231 Posthumus
878 4173 1195 4243 Romanus,
1233 4175 1622 4244 Anaxarchus,
1655 4179 1713 4229 et
1740 4174 1899 4246 lega-

243 4252 341 4301 tus
375 4246 445 4300 ad
477 4246 795 4302 Zamolxim
830 4246 1175 4311 mittendus,
1200 4247 1581 4303 acerbissima
1605 4252 1901 4303 tormenta

247 4318 727 4375 constantissime
757 4318 1126 4389 pertulerunt
1150 4319 1211 4372 η.

318 4390 495 4461 Porro
526 4395 718 4445 autem
745 4388 914 4461 plena
939 4397 1030 4446 est
1053 4389 1311 4446 Ecclesia
1332 4388 1410 4444 Ch
1423 4389 1681 4446 rislianis
1704 4388 1896 4461 philo-

248 4460 598 4534 sophistum
632 4460 771 4517 viris
802 4468 927 4518 tum
961 4461 1331 4534 mulieribus,
1369 4463 1468 4534 qui
1509 4466 1690 4517 totam
1712 4460 1895 4518 'vitam

252 4532 311 4586 in
346 4532 550 4586 mortis
583 4534 965 4589 meditatione
996 4536 1066 4589 ad
1108 4532 1404 4589 Christum
1438 4535 1726 4589 excitante
1756 4550 1894 4589 con-

247 4604 655 4667 sumunt,Quas
670 4605 902 4673 quidem
920 4605 1292 4675 philosophia
1307 4605 1379 4659 ab
1402 4607 1679 4662 omnibus
1703 4606 1897 4661 utriu-

250 4690 396 4745 sque
419 4691 616 4747 sexus,
641 4676 761 4730 sive
794 4678 1081 4744 barbaris,
1128 4677 1249 4731 sive
1279 4677 1512 4740 Graecis,
1569 4678 1895 4747 comparari

250 4746 599 4815 potest.Non
623 4748 823 4802 minus
845 4748 1059 4803 etenim
1086 4749 1321 4802 feminis
1356 4765 1529 4818 quam
1582 4746 1721 4804 viris
1745 4756 1896 4803 tem-

252 4819 522 4887 perantia
554 4819 799 4888 aliaeque
816 4835 1020 4875 omnes
1047 4820 1313 4884 virtutes,
1338 4821 1665 4875 secundum
1702 4825 1897 4874 tamen

249 4906 425 4945 sexus
458 4890 870 4957 differentiam,
903 4907 1248 4946 communes
1277 4906 1407 4945 esse
1439 4892 1682 4946 debent:
1723 4895 1780 4945 et
1807 4889 1901 4945 his

251 4979 411 5032 aeque
433 4980 501 5018 ac
520 4963 639 5017 illis
662 4964 944 5017 adversus
965 4962 1106 5017 vitia
1143 4968 1202 5017 et
1247 4961 1441 5016 carnis
1463 4962 1771 5017 illecebras
1795 4979 1901 5032 pu-

250 5036 551 5102 gnandum
576 5035 741 5091 est“.
764 5036 808 5089 A
840 5033 1078 5090 feminis
1107 5033 1305 5099 itaque
1326 5033 1604 5089 fortitudo
1625 5038 1684 5089 et
1704 5032 1903 5101 magni

251 5107 433 5162 animi
468 5106 656 5162 virtus
695 5107 1065 5162 desideratur
1104 5105 1366 5176 quidem.
1391 5104 1490 5160 sed
1527 5122 1639 5160 non
1673 5121 1741 5161 ea
1773 5122 1902 5176 quae

253 5179 313 5233 in
346 5180 658 5235 Amazonis
681 5178 1131 5240 Sauromatidis,
1155 5176 1462 5232 Sacidibus
1482 5182 1540 5232 et
1566 5176 1770 5233 lberiis
1800 5194 1903 5233 ce-

250 5251 531 5306 lebratur.
550 5251 842 5307 Omnibus
881 5250 1062 5320 igitur
1082 5252 1138 5304 et
1160 5249 1435 5315 singulis,
1460 5250 1529 5305 ad
1565 5248 1903 5305 felicitatem

248 5323 764 5389 contendentibus,
795 5322 1123 5376 Christiane
1163 5320 1701 5391 philosOphandum
1730 5324 1820 5374 est
1840 5321 1903 5375 ιτ.

250 5396 492 5451 Temere
503 5412 642 5466 ergo
659 5397 808 5451 Euru
819 5392 1377 5466 pides.atqueetiam
1393 5393 1711 5466 Homerum
1732 5391 1906 5446 modo

252 5467 420 5537 bene,
445 5463 620 5523 modo
643 5463 1063 5530 malefcanunt
1083 5468 1155 5520 de
1171 5464 1523 5537 mulieribus
1554 5463 1772 5517 Harum
1801 5478 1905 5519 au-

252 5543 369 5593 tem
401 5535 761 5608 etvirorum,
793 5543 1101 5606 parentum
1136 5542 1189 5591 et
1213 5535 1492 5608 filiorum,
1526 5550 1826 5608 servorum
1851 5537 1909 5588 et

253 5613 650 5671 dominorum.
688 5604 756 5667 ac
795 5604 1043 5666 tandem
1097 5617 1303 5663 mutua
1347 5604 1713 5672 singulorum
1750 5606 1807 5659 in
1842 5621 1903 5661 se

256 5680 503 5737 invicem
528 5682 795 5740 Clemens
812 5682 1082 5738 enucleat
1101 5679 1317 5745 ofﬁcia,
1341 5679 1556 5751 quibus
1578 5693 1755 5749 super
1774 5693 1903 5735 om-

325 5820 615 5888 nem.
694 5823 979 5890 “p.493.
1082 5822 1150 5878 η.

1176 5838 1232 5893 ρ.
1267 5820 1392 5877 494.
1491 5821 1535 5855 η
1562 5836 1620 5892 ρ.
1652 5820 1776 5875 495.
1857 5820 1901 5855 η

1929 5837 1987 5891 p.
2018 5820 2142 5875 496.
2223 5821 2268 5857 ¹⁸

2004 3242 2065 3311 ti,
2087 3242 2136 3299 si
2185 3243 2340 3299 Deus
2362 3258 2563 3327 curam
2586 3258 2790 3299 eorum
2830 3243 3066 3327 gerebat
3082 3242 3111 3297 ?
3150 3243 3658 3327 ﬁespondetCle-f

2001 3331 2171 3372 mens
2202 3331 2309 3370 nos
2351 3314 2696 3385 neutiquam
2755 3313 3094 3370 existimare
3150 3313 3333 3371 Deum
3396 3313 3567 3383 velle,
3595 3319 3664 3372 ut

1999 3386 2317 3443 Christiani
2352 3386 2461 3442 hos
2483 3386 2809 3442 inciderent
2834 3386 2890 3441 in
2914 3403 3107 3453 casus;
3138 3387 3239 3442 sed
3266 3387 3535 3458 ipsorum
3567 3386 3661 3441 fu-

2003 3464 2169 3514 turos
2199 3458 2321 3513 illis
2344 3457 2775 3529 praenuntiasse
2797 3458 3094 3514 cruciatus
3118 3457 3514 3524 ettormenta,
3531 3459 3664 3529 qui-

2003 3532 2115 3587 bus
2136 3531 2206 3586 ad
2230 3535 2530 3592 aeternam.
2556 3546 2734 3601 quam
2757 3531 2843 3586 eis
2863 3530 3259 3600 promittebat,
3289 3532 3663 3599 pervenirent

2002 3601 2483 3675 hereditatem”.
2508 3601 2657 3667 Quid
2679 3618 2834 3675 vero,
2869 3602 3024 3675 quod
3062 3607 3127 3675 et
3155 3601 3399 3673 ipsimet
3446 3603 3663 3675 pagani

2003 3673 2311 3756 suppliciis
2336 3673 2656 3756 aliquando
2688 3671 3132 3756 efficiebantur?

2075 3745 2224 3809 Quid
2249 3750 2374 3800 tum
2395 3744 2630 3801 aiebant
2650 3746 2860 3816 pagani
2884 3745 2912 3799 ‘I
2938 3745 3082 3802 Nam
3108 3744 3165 3798 hi
3192 3744 3443 3799 malefici
3467 3748 3656 3816 erant.

2004 3817 2505 3897 thimequidem
2536 3815 2722 3897 pergit
2766 3817 3053 3897 Clemens.
3097 3816 3423 3897 Christiani
3475 3815 3660 3897 igitur

2004 3886 2324 3958 si‘propter
2362 3886 2661 3957 justitiam
2717 3905 2915 3958 poenas
2966 3886 3524 3958 iniquisjudicibus
3555 3888 3658 3944 do-

2007 3959 2241 4021 derunt,
2276 3960 2417 4029 quid
2450 3959 2585 4013 inde
2615 3965 2819 4015 contra
2849 3960 3174 4030 aequissimi
3220 3961 3320 4015 Dei
3350 3961 3662 4030 providen-

2006 4030 2149 4086 tiam
2173 4030 2429 4101 ‘IVNonne
2456 4032 2723 4101 tyrannis
2754 4032 2843 4086 fas
2872 4034 2997 4086 erat
3033 4048 3273 4086 causam
3323 4032 3661 4087 examinare

2006 4100 2498 4163 Christianorum,
2558 4103 2749 4157 necin
2800 4119 2899 4158 eos
2949 4102 3022 4157 ob
3074 4102 3261 4158 solam
3307 4103 3654 4159 Christiana;

2009 4173 2313 4300 religi‘pnis
2365 4174 2787 4246 professionem
2838 4173 3283 4245 iniquissimum
3326 4175 3476 4233 ferre
3499 4174 3654 4246 judi-

2009 4262 2165 4300 cium

2008 4262 2165 4302 Clum

2078 4318 2193 4373 Cur
2222 4332 2380 4387 ergo,
2414 4316 2717 4372 instabant
2748 4316 2981 4386 pagani,
3014 4320 3155 4372 tunc
3189 4316 3543 4373 Christianis
3565 4314 3653 4371 ni-

2009 4388 2089 4444 hil
2127 4388 2419 4444 ferebatur
2448 4387 2691 4444 auxilii?
2723 4389 2871 4452 Quia
2910 4387 3097 4454 nulla,
3144 4389 3335 4457 inquit
3364 4389 3657 4455 Clemens,

2009 4461 2229 4544 injuria
2261 4460 2725 4544 aﬂ‘ecti,.gratii§
2752 4459 3020 4544 tyrannis
3051 4460 3266 4515 idcirco
3314 4462 3526 4544 habere
3556 4460 3659 4544 de-

2010 4534 2209 4602 beant,
2242 4534 2396 4604 quod
2431 4532 2543 4589 sibi
2570 4533 2641 4604 ad
2672 4532 2857 4587 Deum
2890 4536 3288 4604 aeternamque
3308 4533 3488 4588 vitam
3513 4532 3660 4604 cele-

2010 4607 2133 4661 rius
2154 4603 2583 4673 commigrandi
2614 4603 2822 4659 darent
2860 4603 3246 4659 ocassionem.
3270 4608 3339 4659 Et
3366 4620 3497 4661 vero
3520 4603 3658 4659 illos

2010 4676 2190 4733 nullis
2212 4677 2387 4731 ctiam
2421 4675 2924 4747 exquisitissimis,
2970 4674 3283 4747 suppliciis
3306 4676 3434 4731 laedi
3479 4676 3654 4747 Anyti

2009 4748 2305 4817 Melitique
2331 4748 2701 4818 exemplis,et
2729 4746 3419 4817 Scripturm’auctoritate
3448 4746 3665 4803 invicte

2008 4821 2239 4876 asserit.

2081 4892 2231 4945 Tum
2266 4888 2479 4944 deinde
2509 4888 2608 4945 ille
2655 4888 2861 4945 falsam
2912 4893 2972 4945 et
3018 4889 3335 4945 hereticam
3387 4888 3668 4946 Basilidis

2010 4962 2081 5017 de
2114 4960 2393 5031 martyrio
2425 4960 2762 5031 opinionem
2798 4960 2988 5016 fusius
3017 4961 3276 5027 exagitat
3304 4965 3364 5017 et
3393 4961 3665 5018 funditus

2011 5031 2295 5092 evertit”.
2322 5036 2517 5104 Monet
2537 5038 2732 5088 tamen
2776 5049 2837 5088 se
2861 5035 2931 5088 de
2960 5049 3029 5088 ea
3051 5033 3191 5087 alibi
3221 5050 3429 5089 rursus
3453 5033 3665 5104 dispu-

2013 5107 2298 5158 taturum.
2332 5106 2447 5157 Nec
2495 5103 2695 5160 leviori
2746 5120 2889 5160 sane
2933 5104 3053 5160 ictu
3103 5104 3363 5160 concutit
3404 5103 3667 5161 errorem

2012 5173 2384 5241 Valentini“,
2405 5175 2507 5247 qui
2538 5177 2887 5248 martyrium
2911 5175 3040 5231 ideo
3062 5177 3512 5248 aspernabatur,
3528 5178 3668 5248 quia

2014 5252 2330 5303 sectatores
2352 5246 2515 5313 suos,
2530 5247 2602 5303 ab
2615 5246 2786 5303 initio
2808 5246 3393 5319 immortales,genus
3409 5246 3671 5305 esse—ele-

2014 5322 2214 5393 ctum;
2256 5319 2579 5393 catholicos
2600 5324 2795 5375 autem
2820 5325 2936 5393 tam
2970 5318 3094 5385 ille,
3127 5318 3307 5393 quam
3340 5320 3454 5391 ipsi
3485 5319 3666 5393 Phry-

2013 5407 2136 5463 ges,
2169 5391 2242 5445 de
2271 5391 2486 5463 quibus
2517 5391 2575 5445 in
2608 5396 2857 5447 tractatu
2891 5392 2962 5447 de
2993 5391 3299 5463 prophetia
3330 5391 3665 5449 sermonem

2013 5462 2284 5519 Clemens
2316 5461 2656 5517 habiturum
2709 5480 2772 5519 se
2828 5479 2958 5519 esse
2996 5461 3328 5531 spondet”,
3376 5464 3668 5521 animales

2013 5551 2143 5590 esse
2173 5533 2470 5606 garriebat
2494 5552 2507 5599 ;
2541 5541 2720 5604 atque
2740 5535 2877 5606 inde
2898 5533 3221 5604 discipulos
3246 5552 3388 5592 suos
3417 5542 3476 5592 et
3505 5552 3663 5592 mor-

2015 5612 2131 5661 tem
2164 5605 2197 5679 a
2227 5605 2518 5673 Creatore,
2544 5607 2616 5679 de
2638 5622 2752 5678 quo
2792 5605 2933 5661 alibi
2971 5607 3311 5679 dicendum,
3347 5607 3669 5679 profectam

2014 5676 2420 5746 dissolverent,
2455 5676 2683 5735 venisse
2715 5694 3023 5751 perperam
3055 5676 3383 5752 colligebat.

2298 5837 2353 5891 p.
2387 5821 2514 5896 497.
2584 5823 2749 5896 Ανίτγρ.
2781 5822 2903 5896 498.
2949 5892 2988 5896 μ
3014 5821 3057 5857 ¹⁷
3092 5838 3146 5896 ρ·
3178 5822 3299 5896 499.
3382 5824 3425 5861 ¹⁸
3458 5841 3514 5896 ρ.
3547 5824 3675 5883 500.

254 5891 275 5925 ⁹
298 5909 353 5961 p.
385 5889 509 5944 501.
585 5892 631 5927 ³ο
661 5909 717 5963 p.
749 5889 875 5957 502,
905 5893 1030 5947 503.
1106 5894 1152 5929 ²⁴
1269 5893 1400 5948 504.
1483 5893 1529 5929 ²²
1645 5893 1753 5947 505
1825 5893 1871 5928 ³³

2010 5894 2095 5947 506
2125 5896 2183 5949 et
2211 5889 2335 5963 seq.
2415 5892 2461 5928 ³⁸
2491 5909 2548 5965 p.
2580 5889 2707 5963 509,
2740 5894 2864 5949 510.
2946 5892 2992 5928 π
3021 5889 3236 5966 ρ.’511.
