4110 6388
410 354 556 411 1043
1125 356 1200 409 ΙΝ
1238 354 1683 411 CLEMENTEM
1720 355 1938 410 ALEX.
1979 355 2049 409 D.
2088 353 2099 409 1

2219 352 2516 410 NOUBRY
2550 350 3030 409 ΒΙΒΒΕΒΤΔΤΙΟ
3064 352 3139 406 II.
3702 346 3847 407 1044

409 482 728 551 viderunt;
803 483 1060 537 ostremo
1132 481 1233 535 uia
1262 477 1426 537 exiis
1457 479 1559 562 qui
1582 478 1881 534 Christum
1909 478 2073 534 invo-
2104 480 2159 548 Α
2188 475 2584 560 ἁθωρζήιοερ
2631 476 2747 560 his
2772 493 2880 550 ope
2909 481 2969 533 et
2999 476 3327 533 ministerio
3349 473 3770 561 assequimur.

414 568 639 608 cavere.
671 496 841 608 mugti
864 551 1052 608 tilium
1084 495 1289 608 Bavid.
1320 566 1493 608 nauci
1525 556 1746 608 autem.
1776 551 1930 606 sicut
1967 556 2075 606 Pe-
2189 549 2305 605 Deo
2336 553 2517 608 igitur
2546 493 2667 608 ilFa.
2701 555 2856 604 sicut
2884 554 2941 604 et
2969 554 3176 604 caetera
3202 563 3401 606 omnia
3442 563 3571 608 qua:
3603 564 3663 601 in
3694 551 3843 602 arti-

414 568 639 619 cavere,
671 548 841 608 multi
864 551 1052 611 filium
1084 548 1289 624 David,
1320 548 1505 624 pauci
1525 556 1746 624 autem,
1776 551 1930 624 sicut
1967 556 2075 606 Pe-
2185 549 2305 624 Deo
2330 548 2517 624 igitur
2546 548 2667 620 illa,
2701 548 2856 624 sicut
2884 554 3176 624 etcetera
3202 551 3401 624 omnia
3442 563 3571 619 quae
3603 548 3663 624 in
3694 548 3843 602 arti-

414 632 567 691 trus,
588 625 797 680 Filium
821 624 921 696 Dei
946 622 1453 696 cognoscebant“.
1469 622 1549 678 Ex
1571 622 1787 694 quibus
1808 622 2075 696 Clemens

418 695 642 767 colligit
672 712 787 751 non
819 694 1135 768 vulgifsed
1182 709 1504 768 paucorum
1562 710 1692 750 esse
1749 695 1871 749 veri
1928 694 2077 749 Scri-

422 776 604 841 ptura:
637 767 1022 841 scrmisensus
1052 767 1467 841 cognitionem.

494 841 627 905 Quae
659 840 897 910 quidem
942 843 1007 893 ut
1037 836 1305 908 planiora
1333 836 1612 910 omnibus
1648 836 1809 907 ﬁant,
1842 837 2076 910 brevem

426 907 693 981 Decalogi
719 907 1185 981 explanationem
1215 908 1384 963 nobis
1442 907 1693 964 exhibet.
1751 913 1832 963 Ac
1890 908 2079 979 primo

428 980 661 1053 quidem
678 983 985 1037 denarium
1006 980 1169 1036 illius
1184 985 1607 1053 praeceptorum
1622 994 2081 1053 numeru_me_sse

426 1049 682 1120 sacrum,
715 1055 871 1109 dictu
906 1049 1406 1124 supervacaneum
1458 1051 1793 1124 arbitratur.
1857 1049 2081 1124 Dehinc

429 1126 626 1203 contin
637 1140 787 1203 uo_e_x
798 1124 973 1203 plicat
984 1120 1126 1203 'quid
1149 1122 1806 1203 allegorieesignitlcent
1820 1120 2082 1203 Decalogi

427 1196 667 1265 tabulae,
700 1194 885 1267 digito
904 1194 1306 1262 Deiexarataé,
1332 1195 1471 1265 quid
1524 1194 1619 1267 Dei
1664 1194 2081 1267 digitusixquid

429 1267 591 1340 illius
622 1264 883 1340 seriptio.
914 1267 1058 1340 quid
1086 1264 1475 1340 duzetantum
1506 1264 1754 1340 tabulae
1798 1266 1937 1336 quid
1960 1264 2084 1340 eas

432 1339 929 1403 oontinens’arca,

429 1412 661 1483 pliciter
687 1411 939 1483 scriptae.

1005 1337 1103 1392 uid
1126 1338 1339 1394 eaedem
1362 1336 1572 1392 tabulae
1598 1342 1883 1392 renovatae
1905 1341 1962 1391 et
1984 1338 2087 1391 du-

1003 1408 1057 1464 bi
1077 1414 1275 1465 autem
1305 1408 1473 1480 plura
1494 1409 1566 1463 de
1582 1407 1805 1480 duplici
1826 1406 2086 1463 hominis

431 1479 665 1565 spiritu,
694 1496 762 1536 ac
789 1479 1013 1565 duplici
1040 1482 1247 1565 animai
1280 1479 1460 1565 illius,
1482 1496 1636 1565 "non
1696 1496 1795 1561 ex.
1820 1480 2085 1565 traduce,

429 1550 585 1608 sicut
605 1569 837 1624 corpus,
862 1550 1273 1624 genitasparte,
1299 1568 1364 1624 ac
1387 1553 1458 1607 de
1479 1550 1641 1624 illius
1664 1550 2088 1624 cupiditatibus

431 1629 489 1681 et
518 1622 1001 1697 divina'imagine
1031 1622 1387 1697 disputat“.
1450 1623 1533 1679 Ad
1582 1622 1822 1697 singula
1878 1623 2088 1697 deinde

436 1702 724 1768 praecepta
753 1694 1096 1768 exponenda
1128 1694 1403 1768 —pl‘0plus_
1442 1695 1747 1768 accedens,
1797 1694 2087 1768 primum,

437 1765 763 1823 secundum
795 1765 852 1821 et
884 1766 1119 1821 tertium
1153 1765 1468 1837 separatim
1501 1765 1772 1821 edisserit
1791 1765 1854 1819 “.
1898 1770 1973 1821 At
2026 1765 2086 1819 in

2185 621 2296 693 bus
2329 620 2482 677 bona
2515 624 2674 687 sunt,
2707 621 3002 693 profluxit.
3024 620 3462 693 iSubindevero
3520 622 3840 691 postquam

2183 692 2453 748 Clemens
2485 693 2673 764 palam
2706 692 2984 747 cmnibus
3015 692 3150 748 fecit
3179 692 3478 764 triplicem
3530 705 3669 764 esse,
3716 695 3843 764 tam

2188 786 2216 812 ‹‹
2247 762 2542 836 goostici-
2580 779 2754 834 quam
2786 763 2888 819 Dei
2940 764 3207 820 homines
3238 762 3485 822 docendi
3539 766 3598 817 et
3653 762 3847 836 infor—

2188 835 2385 891 mandi
2420 836 2685 901 modum,
2704 840 2829 889 tum
2858 836 3133 892 continuo
3156 836 3415 894 declarat
3435 835 3847 906 «gnosticum»

2188 910 2246 961 in
2282 906 2381 980 bis
2408 923 2535 978 quae
2568 908 2860 980 praecipua
2892 913 3033 980 sunt
3060 910 3391 980 semperita
3410 904 3651 980 versari,
3679 910 3766 980 ut,
3790 906 3846 961 si

2189 977 2770 1104 quandoqerotium
2803 978 3055 1046 licuerit,
3102 977 3359 1036 Graecam
3404 977 3846 1049 philosophiam

2191 1048 2376 1104 animi
2408 1066 2467 1104 re
2495 1051 2704 1104 axandi
2737 1066 2916 1104 causa
2937 1051 3191 1104 attingat
3210 1053 3275 1104 ⁷³.
3300 1052 3719 1104 Verumtamen
3742 1049 3846 1104 aui

2191 1048 2376 1123 animi
2408 1048 2704 1123 relaxandi
2737 1066 2916 1123 causa
2935 1051 3191 1123 attingat
3210 1053 3275 1106 ⁷³.
3300 1048 3719 1123 Verumtamen
3742 1049 3850 1121 qui

2190 1121 2391 1204 inania
2411 1125 2469 1176 et
2489 1122 2705 1204 superi]
2716 1139 2789 1204 iis.
2811 1122 2869 1176 in
2889 1121 2991 1204 illa
3003 1121 3326 1204 sectantur,
3347 1121 3851 1204 contentiosisque

2190 1197 2397 1267 vacant
2411 1192 2897 1267 sophismatibus,
2916 1193 3388 1267 bosilleumbras
3401 1192 3670 1267 persequi
3687 1192 3849 1267 haud

2191 1265 2532 1320 dubitanter
2560 1266 2790 1321 asserit.
2825 1265 3104 1331 Quamvis
3121 1271 3316 1322 autem
3343 1264 3560 1322 bonum
3596 1264 3675 1319 sit
3696 1264 3848 1320 scire

2192 1336 2412 1407 omnia,
2452 1335 2503 1391 is
2530 1340 2725 1390 tamen
2752 1338 2924 1407 cujus
2948 1338 3185 1394 animus
3213 1338 3491 1393 omnibus
3513 1334 3851 1407 disciplinis

2193 1406 2381 1479 imbui
2413 1423 2527 1462 non
2552 1412 2763 1477 potest,
2797 1406 3040 1464 meliora
3060 1414 3119 1463 et
3141 1410 3546 1479 praestantiora
3568 1406 3743 1463 debet
3764 1422 3854 1463 se-

2195 1478 2397 1550 ligere.
2427 1483 2497 1532 At
2527 1498 2558 1530 ι
2576 1479 2826 1550 gnostici
2852 1501 2895 1551 a
2913 1478 3156 1535 scientia
3178 1497 3410 1551 semper
3440 1481 3611 1536 ﬁrma
3638 1484 3696 1535 et
3716 1495 3852 1534 con-

2197 1555 2712 1626 s_tans_est,_atqpe
2741 1566 2808 1606 ea
2840 1550 2985 1626 illud
3026 1552 3237 1626 saltem
3289 1550 3447 1626 quod
3494 1553 3731 1626 falsumA
3764 1554 3860 1626 est

2195 1621 2599 1696 deprehendit.
2624 1622 3009 1696 Quamobrem
3035 1622 3172 1696 inde
3202 1628 3259 1679 et
3288 1621 3355 1679 ex
3372 1624 3647 1696 superius
3677 1621 3856 1678 dictis

2195 1692 2465 1767 Clsmens
2496 1692 2674 1767 infert
2705 1708 2833 1749 esse
2864 1694 3423 1767 philosophandum.

2270 1765 2337 1819 Et
2368 1765 2489 1819 haec
2521 1764 2758 1836 quidem
2790 1764 2925 1820 cum
2958 1766 3039 1822 ita
3094 1764 3157 1822 se
3213 1766 3484 1836 habeant,
3541 1765 3724 1821 Graeci
3786 1780 3858 1821 ex

436 1838 616 1916 huius
650 1838 979 1916 tertii,_quo
1027 1835 1290 1916 septima:
1341 1837 1452 1893 diei
1486 1842 1543 1892 et
1590 1837 1830 1916 sabbati
1887 1838 2091 1916 _o_bser-
2120 1850 2168 1916 Β
2199 1835 2324 1916 lege
2350 1844 2405 1916 et
2432 1836 2735 1916 prophetis
2768 1837 2984 1916 debent
3012 1837 3237 1894 discere
3268 1856 3453 1916 unum
3497 1853 3628 1916 esse
3658 1837 3853 1916 omni-

434 1911 599 1981 vatio
617 1908 950 1981 praecipitur
968 1908 1349 1979 expositione,
1375 1926 1406 1964 a
1429 1909 1723 1981 proposito
1747 1925 1853 1963 suo
1870 1910 2092 1978 digres-

439 1998 565 2051 sus,
590 1980 826 2052 longam
857 1981 928 2036 de
952 1982 1282 2052 septenario
1304 1996 1570 2052 numero,
1594 1980 1827 2052 ipsique
1844 1981 1972 2050 conj
1984 1996 2090 2034 un-

439 2054 550 2109 ctis
581 2051 811 2109 senario
841 2058 899 2108 et
928 2051 1226 2108 octonario
1260 2051 1721 2123 disputationem
1753 2051 2087 2107 instituit“.

440 2126 525 2206 I_bi
560 2141 730 2206 porro
761 2125 1029 2206 quaedam
1061 2124 1268 2206 inserit
1301 2125 1372 2206 de
1394 2123 1503 2205 _Dei
1537 2123 1732 2206 quiete
1754 2127 1813 2177 et
1842 2124 2092 2206 actionez

440 2194 723 2267 docetque
755 2194 954 2251 utrum
990 2194 1249 2250 mundus
1287 2195 1359 2250 ab
1391 2195 1521 2267 ipso
1552 2194 1609 2248 in
1667 2200 1955 2267 tempore,
2005 2194 2095 2249 vel

441 2265 643 2334 simul,
674 2268 998 2334 eodemque
1029 2273 1325 2321 momento
1355 2265 1535 2321 et'die
1566 2265 2009 2333 creatus’fuerit,
2029 2282 2095 2322 ao

484 2340 577 2394 uis
606 2338 731 2393 dies
759 2338 858 2393 ille
890 2336 1195 2410 dicendus.
1230 2338 1311 2392 Ad
1347 2338 1612 2410 aliavero
1631 2336 1898 2410 Decalogi
1926 2354 2092 2392 man-

485 2414 583 2466 ata
613 2410 749 2465 inde
778 2425 1067 2476 reversus,
1099 2408 1198 2464 illa
1228 2408 1407 2463 simili
1438 2408 1608 2480 plane
1625 2411 1818 2476 modo,
1850 2408 1912 2464 at
1941 2426 2096 2465 nono

444 2486 641 2537 tamen
676 2481 1089 2553 praetermisso,
1114 2480 1547 2553 interpretatur
1567 2480 1629 2532 ⁸⁷.

513 2550 817 2618 Quomodo
847 2556 1044 2607 autem
1075 2550 1501 2622 plerisqueillis
1519 2550 1821 2623 praeceptis
1853 2550 2098 2623 idolola-

444 2625 564 2696 tria
578 2623 827 2694 falsique
841 2641 915 2677 nu
928 2623 1100 2696 minis
1113 2624 1305 2678 cultus
1323 2622 1702 2696 prohibeatur
1716 2622 2097 2696 manifestum

444 2695 716 2751 Clemens
741 2695 897 2751 facit.
929 2694 1134 2750 Postea
1162 2711 1297 2750 vero
1326 2694 1427 2749 ille
1460 2695 1625 2749 docet
1644 2700 1876 2752 Graecos
1910 2694 2097 2752 philo-

447 2766 912 2839 sOphosgidcirco
946 2771 1371 2839 Deum,___quem
1405 2766 1731 2831 nominant,
1792 2770 1855 2822 ut
1912 2766 2099 2822 Deum

447 2837 564 2894 non
597 2837 808 2901 colere,
841 2838 1118 2909 quoniam
1144 2837 1311 2893 illum
1345 2854 1413 2893 ex
1447 2842 1606 2909 parte
1626 2842 1856 2893 tantum
1885 2854 2099 2908 cogno-

447 2915 642 2966 scunt.
676 2911 755 2964 Ex
785 2909 893 2965 hac
925 2914 1121 2965 autem
1155 2910 1496 2980 imperfecta
1519 2910 1849 2981 cognitione
1880 2910 2100 2965 factum

448 2986 538 3037 est
572 2986 638 3037 ut
667 2981 961 3037 humanas
992 2981 1331 3037 affectiones
1359 2981 1409 3036 ei
1442 2980 1701 3036 tribuere
1733 2998 1845 3037 non
1874 2981 2106 3036 dubita-

449 3052 658 3136 verint.
691 3052 1054 3136 N‘ec‘miru‘m
1088 3069 1249 3123 sane,
1275 3053 1765 3136 quandoquidem
1792 3052 1877 3109 sic
1920 3053 2101 3136 vitam

452 3128 656 3197 agunt,
689 3127 754 3197 ut
783 3124 845 3197 id
872 3127 1103 3197 tantum
1138 3123 1616 3197 quodprobabile
1638 3129 1749 3193 est,
1772 3140 1885 3180 non
1906 3130 2102 3197 autem

452 3195 1062 3268 verumginquirant“.
1088 3198 1158 3250 At
1178 3195 1518 3259 Christiani,
1546 3202 1786 3268 accepta
1840 3196 2103 3252 veritatis

461 3266 743 3330 scintilla,
772 3266 921 3339 nulli
947 3272 1206 3339 parcunt
1225 3267 1433 3336 labori,
1456 3266 1858 3335 studio,‘euraa
1882 3273 1939 3323 et
1969 3268 2102 3324 diti-

455 3339 688 3412 gentiae,
720 3344 786 3394 ut
815 3336 1096 3412 depositis
1135 3336 1300 3412 falsis
1333 3339 1731 3412 opinionibus,
1761 3355 1885 3412 eam
1938 3339 2110 3412 plane

456 3409 796 3495 agnoscant,
831 3409 1093 3495 fiantque
1124 3409 1423 3495 virinboni,
1458 3409 2005 3495 pii‘etﬁbonestihac
2026 3411 2112 3484 ip-

455 3482 869 3554 simeteidem,
901 3485 1187 3554 quantum
1223 3482 1353 3554 fieri
1380 3487 1592 3554 potest,
1624 3482 1740 3538 Deo
1771 3482 2017 3538 similes.

527 3552 806 3625 Veritatis
839 3552 1032 3625 porro,
1066 3552 1151 3625 uti
1199 3552 1393 3625 pergit
1435 3552 1723 3623 Clemens,
1782 3555 1911 3609 dua;
1969 3557 2112 3609 sunt

456 3623 685 3694 species
707 3630 766 3679 et
793 3623 961 3691 idem,
991 3623 1261 3679 videlicet
1292 3642 1382 3679 res
1413 3629 1471 3678 et
1501 3626 1760 3681 nomina.
1784 3625 1894 3680 Sed
1928 3625 2110 3681 Graeci

457 3695 793 3765 philosophi
815 3695 1031 3760 verbis,
1052 3695 1366 3751 Christiani
1394 3702 1590 3751 autem
1608 3697 1781 3752 rebus
1804 3698 2109 3753 inhaerent.

460 3768 565 3841 His
598 3782 770 3838 porro
794 3768 1122 3841 sistendum
1156 3766 1413 3841 essejlle
1441 3767 2110 3841 dupliciprobatexem-

458 3837 555 3909 plo
589 3836 609 3890 ε’
633 3854 749 3909 uno
779 3836 1014 3909 quidem
1049 3838 1260 3893 Christi
1296 3836 1545 3904 Domini,
1578 3836 1703 3909 qui'
1733 3839 1942 3894 humili
2004 3840 2114 3894 fuit

457 3908 719 3982 corporis
734 3908 941 3975 forma;
958 3908 1138 3963 altero
1152 3914 1347 3965 autem
1366 3908 1801 3982 corvorum,qui
1819 3910 2113 3967 humanas

452 3980 623 4064 voces
656 3980 968 4063 imitantur
988 3982 1050 4035 °°.
1074 3985 1360 4064 Caeterum
1409 3983 1508 4064 qui
1567 3980 1740 4064 fidem
1767 3983 2111 4064 “acceperit,

454 4053 635 4124 hujus
658 4052 967 4125 proprium
1001 4057 1092 4108 est
1125 4054 1250 4108 fieri
1277 4052 1632 4125 cognitionis
1655 4054 2020 4125 participem,
2045 4070 2113 4108 ac

457 4141 637 4196 super
655 4124 1247 4198 hocfundamentum
1272 4126 1321 4180 si
1352 4124 1586 4198 aurum,
1616 4124 1947 4197 argentum,
1967 4125 2112 4198 lapi-

455 4199 558 4280 des
592 4197 890 4280 pretiosos.
901 4196 1186 4280 posuerit,
1220 4196 1279 4251 in
1309 4197 1500 4253 virum
1533 4196 1787 4269 regalem
1821 4203 1877 4253 et
1913 4220 1939 4251 α
1969 4196 2110 4270 gno-

454 4269 673 4324 sticum
708 4288 720 4317 ›
752 4268 962 4324 evadit.

528 4340 700 4394 Dictu
732 4344 928 4393 tamen
961 4339 1285 4395 absurdum
1321 4355 1434 4394 non
1469 4342 1558 4394 est
1604 4339 1862 4394 Graecam
1916 4339 2109 4410 philo-

459 4410 749 4482 sophiam,
785 4426 931 4480 quae,
965 4412 1121 4466 sicut
1150 4411 1249 4481 pili
1280 4416 1336 4465 et
1364 4411 1565 4475 vestis,
1600 4411 1851 4482 alicujus
1882 4418 1967 4466 est
1998 4412 2110 4467 uti-

460 4481 881 4555 l_i_tat_is,_aDeo
925 4498 1054 4555 esse
1110 4484 1331 4555 datam.
1394 4483 1701 4538 Hominem
1754 4481 1981 4555 quippe
2039 4484 2109 4538 ad

462 4552 856 4624 Christianam
890 4554 1304 4623 perfectionem
1355 4555 1607 4624 deducit,
1644 4552 1817 4610 modo
1849 4552 2046 4610 tamen
2080 4571 2114 4609 a

461 4623 714 4697 barbara
744 4640 865 4697 non
882 4625 1188 4681 erubescat
1210 4624 1807 4697 pbilosophiadoceri.
1828 4627 1933 4692 Qui
1959 4627 2114 4682 enim

464 4693 696 4751 curiose
726 4711 792 4749 ac
820 4695 946 4750 sine
999 4693 1354 4763 arrogantia,
1414 4693 1514 4753 sed
1570 4696 1799 4752 sincero
1852 4697 2116 4754 veritatis

464 4713 696 4751 curiose
726 4713 792 4749 ac
820 4713 946 4750 sine
999 4713 1128 4752 arro
1175 4713 1354 4763 anna,
1414 4713 1514 4753 sed
1570 4713 1799 4752 sincero
1852 4713 2113 4754 veritatis

463 4781 675 4850 amore.
696 4767 1013 4837 perfectam
1047 4713 1481 4850 phﬁosophiam
1516 4770 2008 4850 perscrutatus”,
2052 4770 2113 4850 in

463 4837 930 4893 Christianorum
955 4837 1444 4895 consuetudinem
1463 4837 1786 4908 sedederit,
1811 4841 1861 4896 is
1883 4855 2024 4896 sane
2043 4841 2116 4896 ad

466 4909 639 4981 fidem
673 4910 957 4981 primum,
990 4928 1054 4965 ac
1084 4911 1296 4966 deinde
1324 4911 1395 4965 ad
1449 4910 1730 4979 majorem
1787 4913 2115 4981 profectum

461 4980 716 5052 ducitur,
758 4999 825 5038 ac
848 4983 1088 5038 demum
1121 4982 1192 5036 ad
1254 4981 1509 5037 salutem
1567 4980 1887 5039 contendit.
1949 4985 2114 5039 Tunc

464 5068 636 5122 porro
669 5052 765 5109 ille
794 5067 931 5109 vera
961 5058 1206 5109 ornatur
1234 5053 1567 5122 prudentia,
1622 5058 1794 5123 cujus
1849 5056 2112 5111 definitio

462 5124 742 5199 variaque
775 5124 1013 5180 nomina
1043 5124 1116 5180 ab
1145 5128 1379 5180 auctore
1411 5131 1610 5199 nostro
1638 5126 2006 5199 explicantur
2041 5128 2111 5199 τί,

538 5197 903 5268 Quapropter
950 5212 1048 5251 eos
1098 5212 1305 5251 rursus
1361 5198 1605 5261 castigat
1642 5197 1727 5253 et’
1754 5198 1988 5264 refellit,
2012 5197 2115 5268 qui

466 5266 899 5339 philosOph’iam
936 5284 1051 5322 non
1083 5284 1116 5321 a
1146 5273 1280 5333 Deo,
1315 5268 1414 5323 sed
1441 5286 1473 5324 a
1503 5268 1735 5324 diabolo
1766 5273 1951 5323 ortam
1985 5266 2115 5325 esse

464 5338 773 5409 perperam
806 5338 1255 5394 contendebant.
1287 5341 1425 5394 Inde
1456 5347 1649 5395 autem
1684 5340 1983 5394 concludit
2009 5341 2114 5396 Ju-

463 5410 605 5464 dmis
636 5410 845 5481 legem,
870 5409 1299 5481 pbiIOSOphiam
1320 5428 1455 5466 vero
1477 5411 1689 5466 Graecis
1711 5412 1905 5466 datam
1934 5412 2116 5468 fuisse

462 5481 930 5537 donecChristus
953 5481 1186 5538 huncin
1211 5485 1500 5537 mundum
1538 5482 1715 5537 homo
1738 5483 1925 5537 factus
1955 5484 2115 5538 veni-

460 5556 546 5606 ret
567 5553 633 5607 “.
667 5554 783 5608 Nos
804 5558 998 5609 tamen
1024 5552 1123 5609 ille
1155 5554 1606 5610 commonefacit
1627 5570 1688 5609 se
1731 5553 2113 5625 philosophia;

460 5624 697 5680 nomine
726 5641 962 5681 omnem
994 5625 1321 5699 intelligere
1352 5625 1679 5696 veritatem,
1733 5624 1912 5698 quam
1955 5628 2112 5698 ejus-

518 5835 562 5868 ⁸³
599 5853 650 5903 p.
682 5837 806 5891 680.
884 5839 930 5874 “

963 5840 1187 5912 p:_681.7
1218 5840 1290 5912 A"
1323 5858 1375 5912 p.
1407 5842 1533 5894 682.

456 5904 495 5939 τι
525 5921 582 5976 ρ.
616 5907 739 5963 692.
772 5908 897 5964 693.

1638 5841 1682 5875 ⁸⁸
1714 5856 1768 5911 p.
1801 5841 1908 5894 683
1937 5844 1993 5896 et
2022 5857 2146 5911 seq.

1000 5910 1045 5944 τ²
1077 5927 1135 5981 p.
1167 5910 1292 5966 694.
1325 5910 1337 5912 ⁷
1371 5912 1415 5947 ⁷³
1439 5930 1498 5984 p.
1534 5911 1657 5968 695·
1718 5910 1783 5947 ⁷⁷⁴
1812 5929 1869 5985 p.
1900 5913 2026 5973 696.

2222 5955 2232 5969 .
2266 5915 2392 5971 697.
2426 5915 2469 5949 ⁷⁸
2501 5932 2552 5987 p.
2593 5931 2649 5989 p.
2676 5917 2802 5974 698.
2854 5910 2922 5951 ’⁷⁷
2954 5933 3011 5989 pi
3044 5916 3169 5972 699.

2199 1907 2720 1982 petentemDeum,
2743 1908 2963 1982 nullam
2990 1926 3161 1982 posse
3176 1925 3307 1967 esse
3332 1911 3493 1966 illius
3512 1908 3858 1982 imaginem,

2200 1977 2305 2055 nec
2327 1977 2647 2035 simulacra
2667 1995 2799 2035 esse
2824 1977 3110 2055 imagines
3136 1983 3419 2055 corporis,
3446 1977 3856 2037 multominus

2202 2049 2410 2134 animis
2441 2067 2667 2134 eorum,
2701 2066 2851 2134 quos
2881 2049 3344 2134 pagani“c_o_lunt
3373 2058 3430 2109 et
3475 2057 3854 2134 venerantur.

2203 2123 2303 2178 His
2335 2123 2531 2195 itaque
2562 2122 2782 2195 relictis
2822 2122 2893 2179 ac
2920 2122 3267 2195 repudiatis,
3299 2125 3473 2181 homo
3513 2123 3578 2181 fit
3625 2124 3857 2195 justus,

2202 2194 2553 2250 abstinendo
2585 2211 2619 2249 a
2646 2194 2821 2269 malis
2851 2201 2910 2251 et
2940 2194 3232 2269 proximos
3280 2197 3600 2269 diligendo.
3630 2194 3710 2251 ’At
3760 2195 3858 2250 in-

2202 2271 2496 2340 cremento
2513 2265 2757 2336 justitiaa
2780 2265 3119 2340 agnoscitur
3140 2265 3535 2340 «gnostic'us,»
3562 2269 3685 2339 qui,
3704 2282 3859 2340 eum

2204 2338 2272 2412 ad
2294 2353 2612 2412 summam,
2637 2354 2814 2412 quam
2835 2339 3151 2412 Apostolus
3171 2338 3861 2412 principatum’obtinere

2204 2408 2369 2474 dixit,
2402 2408 2532 2463 fidei
2565 2410 2766 2482 γνζρσιν
2801 2408 3147 2482 pervenerit,
3171 2408 3456 2468 aeternam
3508 2410 3854 2467 felicitatem

2204 2480 2598 2551 consequetur
2627 2480 2691 2534 7‘.

2275 2552 2357 2606 Ad
2391 2550 3239 2635 alium_posthaec.Csa3co_rum,
3273 2553 3375 2625 qui
3395 2552 3704 2635 veritatem
3731 2566 3860 2635 sese

2205 2622 2720 2695 comprehendisse
2739 2624 3119 2695 jactitabant,
3140 2622 3393 2682 errorem
3427 2641 3531 2681 con
3545 2624 3860 2679 tutandum

2206 2700 2401 2764 aperte
2431 2694 2701 2750 Clemens
2727 2694 2987 2751 Ostendit
3017 2696 3403 2754 inllrmiorem
3435 2712 3564 2753 esse
3596 2695 3867 2751 hominis

2207 2767 2492 2821 rationem
2527 2783 2703 2840 quam
2740 2771 2802 2822 ut
2832 2767 2992 2823 illam
3027 2771 3213 2839 possit
3243 2770 3370 2824 sine
3400 2767 3717 2840 ipsiusmet
3759 2765 3866 2822 Dei

2206 2853 2315 2909 ope
2338 2842 2515 2909 atque
2537 2838 2754 2893 auxilio
2782 2855 2909 2894 com
2958 2838 3276 2896 arare".Ab
3308 2838 3441 2912 ipse
3465 2841 3622 2895 enim
3656 2853 3864 2894 omnes

2208 2909 2513 2964 sapientiae
2534 2914 2591 2963 et
2610 2911 2871 2964 veritatis
2906 2857 3094 2964 gntes
3113 2914 3181 2964 ad
3212 2929 3317 2964 nos
3339 2912 3527 2964 nrimo
3552 2926 3655 2964 ner
3674 2908 3864 2964 legem

2208 2908 2513 2983 sapientiae
2534 2914 2591 2963 et
2610 2911 2871 2983 veritatis
2906 2908 3094 2967 fontes
3113 2914 3181 2967 ad
3212 2929 3317 2968 nos
3332 2908 3527 2983 primo
3552 2926 3655 2982 per
3674 2908 3864 2982 legem

2209 2985 2265 3036 et
2296 2981 2640 3055 prophetas,
2650 2982 2866 3055 deinde
2899 3000 3007 3055 per
3028 2983 3244 3038 Christi
3291 2981 3759 3055 praecursorem,
3802 2998 3869 3037 ac

2210 3051 2448 3108 tandem
2475 3068 2576 3123 per
2603 3051 2766 3109 illius
2786 3051 3085 3123 apostolos
3119 3061 3176 3111 et
3206 3051 3612 3123 praedicatores
3662 3069 3867 3108 mana-

2212 3130 2442 3199 verunt.
2466 3129 2679 3199 Contra
2706 3141 2842 3199 vero
2885 3124 3252 3199 philosophis
3284 3144 3398 3183 non
3432 3125 3683 3199 quilibet
3713 3140 3866 3199 “ma-

2133 3222 2179 3288 ο
2218 3196 2415 3321 ἕὶειιοὶ,
2465 3197 2564 3251 sed
2581 3195 3624 3325 quidamtantumplacuere.Platoni
3644 3195 3871 3253 scilicet

2262 3268 2838 3325 ocrates.Xenocratl
2862 3268 3044 3325 Plato.
3128 3270 3422 3325 ristoteles
3461 3269 3871 3325 Theonhrasto

2262 3273 2506 3340 ceratos,
2525 3268 2838 3340 Xenocrati
2862 3268 3044 3340 Plato,
3078 3268 3422 3327 Aristoteles
3461 3269 3871 3340 Theophrasto

2216 3338 2284 3393 Et
2313 3338 2581 3414 Cleanthi
2613 3339 2780 3414 Zeno.
2820 3338 3153 3414 Quidvero,
3187 3343 3341 3414 quod
3403 3338 3781 3414 philosophia
3810 3340 3870 3394 in

2214 3410 2432 3464 Graecia
2461 3413 2693 3466 tantum
2726 3411 2949 3477 vigebat
2972 3412 3000 3466 ?
3021 3410 3229 3469 Nostra
3263 3410 3420 3468 verc'
3450 3410 3718 3469 doctrina
3750 3427 3872 3466 non

2217 3481 2275 3536 in
2311 3481 2435 3537 sola
2463 3481 2685 3551 Judaaa,
2710 3482 2807 3537 sed
2842 3500 2943 3555 per
2964 3489 3150 3540 totum
3176 3491 3466 3540 terrarum
3487 3485 3687 3541 orbem
3712 3482 3871 3555 apud

2217 3500 2275 3536 in
2311 3500 2435 3537 sora
2463 3500 2685 3551 duaeea,
2710 3500 2807 3537 seu
2842 3500 2943 3555 per
2964 3500 3150 3540 ictum
3176 3500 3466 3540 terrarum
3487 3500 3687 3541 ornem
3712 3500 3871 3609 apud

2217 3559 2651 3626 omnesggentes
2683 3560 2741 3609 et
2763 3555 3009 3626 pepulos
3037 3557 3423 3613 disseminata
3452 3560 3561 3613 est.
3608 3556 3693 3610 Ad
3793 3570 3875 3609 sec

2217 3640 2351 3700 vero
2380 3623 2477 3700 illa
2499 3625 2705 3700 Graeca
2737 3623 3130 3700 philosophia,
3163 3630 3396 3700 quoties
3429 3645 3462 3685 a
3512 3625 3873 3699 magistrati-

2219 3696 2329 3751 bus
2345 3696 2641 3770 prohibita
2666 3696 2776 3764 est,
2796 3696 3197 3755 toties'statim—
3215 3700 3386 3770 periit
3410 3716 3422 3753 :
3450 3696 3648 3754 nostra
3672 3703 3873 3753 autem

2219 3785 2333 3839 quo
2364 3767 2572 3823 durius
2604 3774 2661 3823 et
2682 3770 2981 3826 crudelius
3005 3789 3037 3828 a
3059 3767 3428 3895 principibus
3449 3777 3507 3827 et
3532 3771 3685 3827 1‘29
3715 3771 3875 3840 regi-

2220 3841 2350 3895 bus.
2385 3848 2558 3895 aloue
2589 3840 2879 3895 universis
2902 3859 3102 3895 eorum
3124 3850 3245 3895 sate
3278 3843 3477 3895 litibus
3498 3844 3676 3895 vetita
3699 3846 3758 3895 et
3781 3841 3875 3895 di-

2220 3841 2350 3903 bus,
2385 3848 2558 3911 atque
2589 3840 2879 3896 universis
2902 3840 3102 3897 eorum
3124 3840 3477 3899 satellitibus
3498 3844 3676 3898 vetita
3699 3846 3758 3895 et
3781 3841 3878 3896 di-

2217 3916 2443 3997 ve‘xata,
2464 3929 2530 3965 eo
2553 3912 2996 3995 magisscmper
3017 3914 3215 3997 floruit
3233 3913 3728 3997 ":Deniqueillud
3753 3918 3879 3968 tam

2222 3982 2434 4037 falsum
2460 3999 2587 4037 esse
2604 3982 2913 4056 convincit,
2936 3987 3090 4056 quod
3118 3987 3296 4041 Graeci
3322 3982 3705 4042 venditabant
3734 4001 3877 4039 suos

2219 4058 2442 4125 poetas,
2466 4055 3035 4127 quantumvisleves,
3055 4057 3252 4113 divino
3273 4058 3480 4131 spiritu
3508 4057 3689 4131 fuisse
3709 4057 3877 4111 afﬂa-

2218 4132 2332 4202 tos,
2359 4142 2533 4195 quam
2558 4133 2782 4202 certum
2805 4134 2893 4183 cst
2915 4145 3114 4185 sacros
3139 4129 3367 4185 nostros
3393 4129 3707 4202 prophetas
3734 4142 3876 4202 esse

2219 4196 2427 4273 divinae.
2458 4197 2617 4273 vocis
2649 4198 3062 4273 instrumenta.
3094 4203 3284 4273 Atque
3314 4196 3407 4256 ibi
3424 4196 3687 4257 Clemens
3732 4198 3873 4253 huic

2217 4269 2455 4345 tandem
2490 4268 2637 4345 libro
2663 4270 2840 4345 tinem
2894 4268 3204 4345 imponit,‘
3228 4273 3428 4345 aitque
3487 4289 3563 4345 se
3601 4284 3866 4345 quaenam

2218 4340 2334 4396 sint
2366 4363 2392 4390 ‹‹
2424 4341 2673 4415 gnostici
2702 4363 2726 4390 ι)
2764 4340 3293 4415 Πιοτξβείρὶυῐηαυο
3320 4340 3454 4399 vitae
3486 4340 3646 4398 illius
3693 4340 3865 4415 insti-

2218 4418 2411 4467 tutum
2444 4412 2617 4487 veluti
2650 4413 2710 4467 in
2742 4414 2956 4470 tabella
2991 4412 3267 4484 pinxisse,
3318 4432 3383 4471 ac
3432 4420 3748 4487 postquam
3800 4413 3872 4467 de

2218 4488 2349 4558 ortu
2382 4485 2588 4558 mundi
2620 4489 2871 4540 tractare
2902 4488 3166 4558 cceperit,
3190 4504 3261 4542 se
3292 4485 3657 4558 tunc—qualis
3715 4486 3875 4558 idem

2220 4555 2319 4630 ille
2347 4578 2374 4604 ‹‹
2399 4556 2700 4630 gnosticus
2726 4579 2752 4605 ››
2786 4558 2843 4611 ἱη
2877 4555 3072 4614 rerum
3107 4555 3881 4630 naturalium—contempla-

2224 4628 2382 4684 tione
2412 4630 2490 4684 sit
2521 4628 3064 4685 demonstraturum
3098 4630 3426 4703 pollicetur.

2758 4762 3166 4819 ARTICULUS
3203 4763 3328 4820 VII.

2695 4861 2955 4933 Analysis
2986 4860 3126 4918 libri
3153 4864 3388 4934 septimi.

2292 4985 2377 5040 Ab
2405 4983 2534 5056 ipso
2566 4983 2813 5056 hujusce
2840 4986 2970 5041 libri
3004 4986 3171 5042 initio
3201 4986 3471 5044 Clemens
3500 4987 3717 5041 Graecis
3779 4987 3881 5043 de-

2224 5058 2674 5131 monstrandum
2708 5057 2957 5131 suscipit
2986 5058 3176 5113 solum
3227 5081 3256 5109 «
3289 5058 3649 5131 gnosticum.
3680 5077 3708 5131 ρ
3777 5075 3881 5114 seu

2223 5126 2766 5202 vereChristianum
2794 5126 3094 5185 hominem
3120 5146 3249 5185 esse
3272 5126 3435 5202 pium
3459 5133 3515 5185 et
3539 5129 3886 5202 religiosum

2225 5216 2290 5255 ac
2314 5200 2653 5273 proindeab
2676 5199 2793 5255 illis
2817 5216 2890 5273 eo
2912 5203 3151 5257 nomine
3174 5199 3346 5273 plane
3369 5199 3889 5257 immerito—vexari

2223 5277 2279 5326 et
2300 5271 2581 5344 exagitari
2603 5272 2669 5325 ⁷⁷.
2704 5277 2776 5325 At
2807 5272 2993 5341 primo
3018 5271 3249 5344 quidem
3276 5273 3535 5329 declarat
3562 5289 3624 5328 se
3646 5273 3887 5328 eviden-

2222 5344 2382 5398 tibus
2415 5342 2709 5397 rationum
2732 5342 3066 5409 momentie,
3093 5362 3208 5399 non
3235 5350 3429 5400 autem
3472 5344 3709 5413 divinis,
3746 5346 3884 5415 qui-

2224 5415 2336 5469 bus
2359 5419 2558 5483 postea
2579 5416 2814 5485 quando
2838 5416 3018 5471 (ἓνωοί
3047 5417 3405 5473 crediderint
3427 5422 3646 5481 utetur,
3698 5431 3885 5472 sacras

2224 5485 2539 5559 Scriptura;
2570 5486 2766 5559 verbis
2808 5485 2865 5542 id
2918 5489 3348 5559 probaturum;
3409 5504 3481 5543 ne
3527 5487 3885 5545 Christiani-

2224 5573 2423 5632 smum
2456 5558 2815 5632 describens‘
2852 5559 2925 5614 iis
2956 5560 3238 5615 orationis
3262 5560 3426 5614 filum
3459 5560 3887 5632 interrumpat,

2223 5645 2351 5700 qua:
2383 5629 2595 5685 Graecis
2627 5630 2886 5687 nondum
2919 5636 3122 5702 aperta
3152 5632 3301 5687 satis
3331 5635 3517 5686 erant.
3552 5629 3886 5688 Monet—ta-

2249 5839 2382 5921 ‘33-
2413 5843 2542 5921 (ἓβτν
2575 5845 2705 5921 638;
2736 5845 2817 5921 ,ε’
2852 5844 3145 5921 ρ;,689;η
3171 5844 3214 5880 ⁸ο
3246 5862 3303 5921 p-
3336 5847 3461 5901 690.
3566 5847 3611 5883 το
3643 5864 3697 5919 p.
3732 5849 3867 5907 691.
