4110 6408
342 400 489 456 1049

1622 399 1723 454 ΒΕ
1760 399 1997 454 LIBRIS
2035 400 2502 457 STROMATUM.

3633 400 3774 456 1050

344 525 543 600 dentis
587 524 798 590 instar,
831 524 890 600 et
919 521 1177 600 acceptis
1206 522 1278 600 ab
1311 522 1587 594 Apostolo
1617 523 2006 592 documentis,
2038 535 2090 600 Α
2120 542 2329 600 rursus
2363 527 2424 581 fit
2453 527 2635 598 virgo.
2664 529 2735 582 At
2765 526 2866 599 qui
2898 527 3398 599 perturbationem
3431 529 3637 584 animm
3664 545 3772 584 no-

346 599 528 673 plane
558 596 974 673 contemnitget
1007 599 1378 673 aspernatur.

427 691 454 720 ι
484 668 748 726 Gnostiei
783 689 810 715 ››
869 667 1069 738 itaque
1099 668 1298 722 anima
1356 666 1448 722 his
1477 667 1800 722 virtutibus
1842 683 2009 722 exor-

349 747 515 808 nata,
551 741 618 794 fit
652 738 950 794 terrestris
998 739 1264 809 quaedam
1298 739 1394 793 Dei
1427 740 1620 809 imago
1651 745 1708 793 et
1755 739 2010 809 Spiritus

348 813 543 871 sancti
567 816 682 866 tem
695 810 859 882 plum
891 810 936 882 *9
949 852 960 862 .
973 810 1072 864 Ille
1086 826 1403 882 enimvero,
1422 810 1520 880 qui
1539 810 1701 864 nulla
1714 810 2012 881 voluptate

347 884 507 940 vinci
541 880 760 954 potest,
782 880 1178 952 omnibusque
1200 881 1623 953 cupiditatibus
1647 880 2009 951 dominatur,

349 958 640 1013 adversus
668 969 844 1008 omne
868 954 1467 1024 periculum,omnem
1495 959 1738 1020 metum,
1762 969 2009 1024 pauper-

347 1033 558 1094 tatem,
594 1025 896 1088 morbum,
950 1025 1362 1096 ignominiam,
1410 1025 1723 1096 ipsamque
1764 1033 2010 1080 mortem

354 1102 639 1155 audacter
662 1098 936 1167 insurgit.
968 1095 1490 1168 Persuasissimum
1511 1095 1728 1168 quippe
1750 1097 1925 1152 habet
1939 1095 2014 1150 vi-

349 1173 527 1238 tium,
559 1186 629 1224 ex
660 1184 777 1240 quo
816 1167 1101 1240 ignoratio
1134 1167 1343 1240 oritur,
1377 1168 1569 1224 solum
1603 1167 1732 1223 esse
1765 1169 2011 1235 malum,

351 1249 531 1314 atque
558 1243 842 1314 adversus
866 1239 1033 1307 illud,
1058 1239 1501 1314 armis__Domini
1526 1240 1876 1314 instructus,
1901 1242 2009 1314 for-

349 1310 495 1370 titer
514 1312 776 1368 dimicat.
807 1311 978 1365 Porro
1003 1318 1198 1366 autem
1229 1310 1328 1366 illa
1347 1333 1372 1360 ‹‹
1399 1311 1646 1381 gnostici
1678 1333 1704 1360 »
1730 1312 2011 1366 fortitudo

355 1402 542 1456 neque
597 1400 666 1439 ex
694 1398 865 1456 caeco
905 1382 1094 1437 oritur
1123 1383 1500 1456 temerariove
1531 1384 1777 1456 impetu,
1839 1383 1921 1437 uti
1956 1383 2014 1436 in

360 1452 566 1530 pueris
597 1461 654 1510 et
685 1452 903 1530 belluis
925 1471 1164 1530 ;__neque
1189 1470 1256 1530 ei;
1287 1453 1383 1507 Vili
1415 1459 1473 1508 et
1502 1452 1724 1508 caduca
1755 1455 2018 1530 mercede

365 1526 438 1585 irt
467 1530 526 1582 in
559 1526 1084 1599 praestigiatoribus
1110 1543 1124 1592 ;
1149 1526 1249 1580 sed
1273 1542 1508 1596 semper
1527 1543 1595 1580 ex
1625 1533 1780 1581 recta
1795 1526 2019 1580 ratione

361 1598 704 1684 procreatur
727 1598 792 1652 ¹¹.
826 1598 1110 1678 Quocirca
1142 1603 1426 1684 martyres
1448 1614 1766 1684 ‘nu'nquam
1800 1603 2019 1684 temere

357 1668 419 1726 in
487 1674 732 1724 mortem
768 1669 1096 1739 praecipites
1129 1672 1330 1731 ruunt,
1366 1668 1489 1736 sed,
1521 1674 1632 1724 Deo
1665 1675 1928 1736 vocante,
1963 1674 2020 1723 et

357 1688 419 1726 ιη
487 1687 732 1724 mortem
768 1687 935 1739 thBCI
987 1687 1096 1723 ires
1129 1687 1330 1731 ruunt,
1366 1687 1489 1736 sea,
1521 1687 1632 1724 ueo
1665 1687 1928 1736 vocante,
1963 1687 2017 1723 et

355 1741 488 1798 sola
519 1756 873 1812 summaque
907 1687 979 1794 idJ
998 1756 1131 1812 eum
1154 1740 1620 1795 charitateillam
1660 1743 2017 1796 constantis-

359 1814 512 1870 sime
542 1811 791 1868 obeunt.
819 1811 1188 1866 Christianos
1217 1819 1411 1866 autem
1445 1812 1839 1882 imperfectos,
1873 1829 1939 1866 ac
1959 1813 2016 1866 in

2120 596 2296 653 luerit
2328 596 2688 667 exscindere,
2721 596 2818 653 ille
2850 596 3108 669 séipsum
3142 601 3374 654 occidit.

2194 691 2221 720 «
2239 672 2553 744 Gnosticus
2579 692 2604 718 ››
2629 672 2826 742 itaque
2849 687 2950 742 per
2969 673 3386 744 cognitionem,
3409 671 3767 744 quaeranima:

2120 746 2212 795 est
2243 741 2612 810 alimentum,
2647 747 2703 796 et
2737 741 2935 814 per’ea
2967 741 3090 814 quae
3134 741 3440 814 cognovit,
3472 743 3736 798 salvetur
3765 761 3777 798 :

2121 817 2298 882 atque
2356 813 3036 886 evangelicas’fvirgines
3094 816 3391 879 imitatus,
3445 815 3613 869 sibia
3661 815 3778 869 Deo

2123 887 2416 956 promissa
2466 886 2546 940 ita
2576 885 2856 958 postulat,
2879 885 2973 939 ait
3003 893 3196 940 tamen
3232 888 3301 941 ad
3345 903 3414 942 ea
3442 902 3572 958 quis
3607 887 3776 957 petit,

2122 962 2239 1010 tam
2269 973 2382 1011 non
2401 957 2792 1027 assequenda,
2816 974 2991 1028 quam
3011 959 3406 1028 assequenda,
3431 959 3509 1012 sit
3533 965 3777 1028 paratus

2121 1028 2266 1082 Tota
2297 1035 2492 1082 autem
2526 1028 2688 1083 illius
2706 1030 2840 1094 vita,
2877 1029 3050 1083 modo
3084 1035 3324 1100 peccato
3357 1046 3471 1084 non
3503 1029 3777 1099 inquine-

2122 1103 2238 1162 tur,
2272 1105 2361 1154 est
2391 1099 2665 1171 precatio,
2693 1105 2748 1154 et
2777 1116 2910 1154 cum
2945 1100 3058 1155 Deo
3087 1099 3483 1156 conversatio:
3518 1116 3582 1154 ac
3614 1101 3781 1171 quid-

2123 1171 2265 1241 quid
2299 1171 2438 1238 vult,
2474 1171 2620 1226 nihil
2654 1177 2851 1226 autem
2883 1171 3092 1226 inutile
3121 1173 3304 1242 cupit,
3335 1173 3459 1244 ipse
3491 1174 3770 1227 continuo

2124 1243 2532 1313 consequitur.
2557 1244 2716 1307 Quod
2745 1245 2789 1298 si
2817 1243 2950 1367 quis
2973 1244 3252 1313 objecerit
3275 1243 3559 1315 quosdam
3577 1260 3776 1324 pecca-

2124 1319 2280 1367 tores
2304 1315 2358 1367 id
2385 1315 2538 1367 auod
2563 1319 2769 1367 rogant
2792 1331 2822 1367 a
2850 1315 3107 1367 iuuando
3131 1315 3465 1367 impetrare.
3490 1315 3625 1367 huic
3662 1314 3776 1367 Cle-

2124 1319 2280 1368 tores
2304 1315 2358 1368 id
2385 1315 2538 1384 quod
2563 1319 2769 1385 rogant
2792 1314 3107 1384 aliquando
3131 1314 3465 1386 impetrare,
3490 1314 3625 1368 huic
3662 1314 3780 1386 Cle-

2126 1401 2295 1458 mens
2314 1387 2685 1458 respondet"5
2717 1386 2861 1440 illud
2883 1403 3014 1458 raro
3047 1386 3192 1454 fieri,
3219 1385 3285 1442 et
3315 1387 3453 1458 quia
3471 1386 3625 1441 Deus
3648 1385 3779 1441 illos

2134 1457 2282 1530 132
2315 1457 2535 1530 aliquid
2564 1457 2694 1512 aliis
2720 1458 2856 1511 inde
2879 1457 3192 1527 largituros
3215 1457 3348 1513 esse
3379 1458 3671 1530 praevidet.
3711 1460 3784 1512 At

2128 1529 2202 1582 iis
2229 1530 2325 1598 qui
2365 1529 2528 1599 digni
2575 1535 2735 1596 sunt,
2768 1530 2944 1584 etiam
2987 1546 3101 1584 non

2126 1615 2258 1655 vere
2290 1601 2445 1654 bona
2477 1607 2640 1665 sunt,
2673 1601 3097 1656 conceduntur.

3192 1530 3511 1596 etentibus,
3545 1545 3609 1583 ea
3654 1545 3784 1599 quae

3189 1601 3319 1674 egia
3353 1602 3531 1672 igitur
3561 1600 3652 1654 via
3682 1600 3780 1674 ille

2093 1711 2096 1714 ς
2130 1671 2370 1743 incedit,
2399 1672 2498 1742 qui
2520 1672 2679 1726 nulla
2703 1672 3074 1736 necessitate,
3099 1679 3200 1727 aut
3221 1671 3345 1743 spe,
3369 1671 3469 1727 aut
3498 1678 3652 1725 metu
3678 1673 3777 1726 sed

2128 1742 2312 1797 libero
2339 1744 2521 1798 animi
2547 1745 3037 1813 institutojustus
3059 1742 3332 1800 el'licitur.
3357 1766 3384 1791 «
3405 1744 3724 1798 Gnosticus
3753 1765 3779 1791 ››

2129 1819 2348 1884 autem,
2380 1820 2666 1885 tanquam
2698 1815 2935 1869 divinus
2967 1815 3244 1885 agricola,
3277 1816 3631 1886 cupiditates
3655 1831 3782 1869 am-

359 1885 476 1960 ﬁde
501 1885 991 1960 pueros,_quan_do
1015 1883 1230 1960 aliquid
1255 1889 1491 1954 pr0pter
1513 1889 1691 1960 Deum
1715 1883 2016 1960 nonnullis
2049 1897 2094 1960 Β
2134 1883 2421 1960 ρωπίᾳ-(ξ
2453 1883 2726 1956 ρὶὶιυῐειηε
2758 1890 2816 1940 et
2846 1883 3100 1960 irrigans
3127 1883 3422 1960 duplicem
3467 1887 3628 1960 metit
3660 1886 3782 1939 fru-

357 1954 858 2014 aliis’rationibus
889 1954 1051 2009 ducti
1082 1954 1408 2025 patiuntur,
1456 1954 1686 2010 etiamsi
1747 1956 2014 2025 quaedam

359 2044 581 2085 corona
613 2031 847 2082 maneat
879 2043 1162 2098 {semper
1186 2031 1380 2080 tamen
1405 2026 1661 2081 charitas
1685 2033 1921 2098 propter
1941 2043 2026 2095 se,

362 2110 419 2157 et
452 2115 566 2154 non
603 2103 842 2168 propter
871 2096 1060 2164 aliud,
1087 2096 1352 2162 eligenda
1383 2102 1438 2151 et
1459 2096 1809 2167 expetenda“
1830 2105 1938 2153 est.

442 2171 635 2225 Efficit
666 2171 864 2239 itaque
896 2169 954 2223 in
988 2191 1016 2219 «
1067 2170 1333 2239 gnostico
1367 2191 1394 2218 ››
1429 2170 1729 2236 fortitudo,
1773 2179 1835 2224 ut
1868 2173 2022 2224 metu

366 2259 606 2313 semper
635 2257 854 2296 vacuus
877 2242 954 2295 sit
980 2241 1263 2313 ;justitia,
1290 2247 1353 2313 ut
1368 2257 1601 2311 semper
1616 2257 1815 2296 verum
1837 2241 2022 2313 dicat;

366 2259 606 2313 semper
635 2257 854 2296 vacuus
877 2257 954 2295 sit
980 2257 1263 2366 ;fusuua,
1290 2257 1353 2294 υι
1368 2257 1601 2311 semper
1616 2257 1815 2296 verum
1837 2257 2022 2306 (11081;

364 2313 786 2385 temperantia,
822 2317 899 2385 ut
926 2330 1002 2366 nu
1035 2313 1090 2366 la
1112 2311 1282 2385 plane
1313 2311 1571 2366 humana
1603 2313 1922 2385 cupiditaer
1956 2312 2025 2385 li-

363 2383 798 2457 quescens_aut
823 2383 1089 2449 affectus,
1114 2383 1234 2438 sibi
1261 2400 1494 2457 semper
1511 2389 1738 2439 constet
1755 2389 1812 2438 et
1845 2383 2026 2457 domi-

364 2455 542 2512 ﬂetur
575 2458 639 2510 η.
675 2455 897 2510 Horum
929 2461 1122 2509 autem
1157 2455 1422 2510 omnium
1453 2471 1630 2510 causa
1657 2460 1746 2510 est
1777 2455 2024 2510 sanctis-

364 2529 590 2584 simaet
607 2527 860 2582 maxime
880 2527 1194 2598 praacipua,
1211 2527 1746 2596 xupcmra’ztn,omnis
1771 2527 2026 2581 scientiae

359 2600 647 2665 charitas,
685 2616 803 2667 qua
825 2621 852 2647 ‹‹
874 2600 1176 2669 gnosticus
1210 2620 1236 2646 ››
1256 2599 1317 2652 fit
1335 2601 1422 2653 vir
1440 2615 1571 2654 vere
1595 2599 1904 2670 perfectus.
1927 2598 2023 2652 Dei

365 2672 619 2740 amicus,
653 2672 713 2724 in
744 2673 871 2739 ejus
895 2670 1080 2724 filium
1099 2675 1427 2742 cooptatus,
1452 2672 1770 2742 ipsumque
1797 2670 2025 2725 faciead

369 2744 579 2799 faciem
616 2743 671 2796 in
706 2749 991 2796 aeternum
1027 2742 1263 2796 videbit.

445 2815 515 2868 Et
543 2831 675 2870 vero
705 2813 803 2869 ille
857 2814 1186 2883 proximum
1242 2829 1353 2867 non
1390 2813 1562 2867 modo
1595 2829 1708 2866 non
1753 2811 2024 2883 despicit,

375 2886 480 2940 sed
507 2885 782 2940 afﬂictum
809 2882 1316 2940 censolationibus
1337 2890 1395 2938 et
1419 2882 2027 2939 adhortationibusle-

374 2961 494 3029 vat,
535 2958 770 3029 pauperi
801 2957 1038 3011 tametsi
1069 2957 1263 3026 ipsum
1289 2955 1421 3011 odio
1453 2955 1685 3029 habeat,
1719 2972 1786 3029 ea
1808 2954 2026 3029 quibus

373 3025 617 3099 indiget,
648 3025 915 3100 prorejus
947 3025 1154 3083 merito
1189 3028 1440 3100 benigne
1472 3032 1528 3100 et
1560 3025 1878 3100 liberaliter
1906 3025 2024 3100 lar-

368 3097 532 3171 gitur
563 3101 624 3153 ³³.
651 3097 872 3155 Nullas
889 3099 1186 3154 enimvero
1218 3097 1354 3170 ipsi,
1379 3098 1490 3152 nisi
1525 3104 1597 3171 et
1618 3098 1755 3171 Deo,
1789 3097 1862 3171 ob
1885 3097 2024 3171 vitia

366 3168 434 3227 ac
457 3177 700 3243 peccata
719 3171 997 3226 inimicus
1018 3176 1126 3226 est.
1146 3168 1322 3243 Porro
1344 3170 1600 3243 autemgsi
1623 3169 1810 3243 aliqui
1831 3168 2022 3223 adhuc

2135 1956 2316 2011 etum.
2359 1956 2455 2012 Ille
2487 1973 2619 2012 vero
2651 1974 2683 2010 a
2704 1958 2936 2011 nemine
2957 1956 3354 2021 vexaturfnisi
3385 1957 3536 2012 Deus
3566 1957 3621 2010 id
3649 1973 3778 2027 pro-

2134 2033 2261 2100 pter
2285 2027 2533 2083 aliorum
2563 2027 2876 2083 utilitatem
2911 2030 3264 2100 permiserit.
3304 2029 3466 2085 Illata
3512 2045 3682 2099 porro
3706 2029 3777 2083 ab

2136 2099 2268 2154 aliis
2295 2101 2448 2155 mala
2473 2101 2601 2154 forti
2621 2100 2890 2172 virilique
2914 2099 3118 2154 animo
3159 2117 3494 2172 perpessus,
3519 2105 3780 2167 caeteros,

2135 2172 2630 2244 quemadmodum
2648 2171 2919 2244 apostoli,
2943 2173 3000 2226 in
3019 2173 3132 2226 ﬁde
3153 2171 3482 2237 confirmat,
3499 2177 3780 2244 rogatque

2136 2251 2202 2297 ut
2232 2243 2280 2296 si
2313 2243 2410 2313 qui
2445 2245 2640 2313 ipsum
2678 2243 2810 2296 odio
2831 2243 3070 2315 habent,
3099 2244 3440 2315 poenitentia
3465 2243 3778 2315 ducantur.

2208 2316 2411 2385 Itaque
2439 2315 2512 2370 iis
2535 2319 2846 2385 postquam
2870 2314 2970 2368 diu
3000 2313 3128 2369 sese
3161 2316 3438 2379 exercuit,
3468 2320 3594 2369 tum
3619 2313 3784 2367 nulla

2137 2384 2493 2454 liquefactus
2523 2384 2838 2454 voluptate,
2873 2386 3154 2457 nullaque
3183 2389 3482 2441 mundana
3515 2385 3787 2457 qualibet

2135 2457 2531 2530 promissione
2563 2459 2804 2520 fractus,
2847 2457 2919 2530 in
2955 2465 3260 2528 peccatum
3296 2474 3598 2530 nunquam
3635 2457 3785 2530 labi-

2136 2534 2232 2583 tur
2257 2529 2336 2582 ":
2370 2531 2468 2584 sed
2501 2529 2558 2582 in
2593 2545 2766 2583 carne
2789 2528 2980 2584 adhuc
3017 2530 3265 2600 positus,
3291 2528 3525 2584 omnem
3559 2529 3784 2600 cupidi-

2137 2604 2315 2672 tatem
2345 2605 2605 2672 superat,
2640 2599 2855 2670 illeque
2887 2599 3045 2655 dolet
3070 2603 3223 2671 quod
3258 2601 3451 2655 adhuc
3481 2601 3559 2672 sit
3587 2599 3647 2653 in
3678 2616 3784 2653 ne,-

2137 2671 2513 2727 cessitatibus
2555 2672 2734 2744 hujus
2765 2672 2892 2726 vitae
2932 2675 3310 2740 constitutus,
3344 2679 3520 2744 atque
3549 2671 3657 2744 hac
3689 2688 3782 2726 ea-

2136 2745 2268 2814 dem
2303 2742 2610 2813 temporali
2665 2744 2781 2798 vita
2822 2749 3104 2814 tanquam
3184 2744 3295 2798 sibi
3341 2742 3530 2798 aliena
3581 2743 3783 2798 utitur.

2135 2813 2307 2886 Novit
2365 2820 2642 2886 praeterea
2687 2813 3055 2884 jejuniorum
3101 2820 3320 2884 qua‘rtm
3379 2821 3435 2869 et
3466 2821 3640 2868 sexta:
3670 2814 3784 2870 diei

2135 2885 2467 2955 aenigmata,
2500 2901 2633 2940 cum
2667 2888 2738 2940 ab
2771 2886 3010 2940 avaritia
3042 2892 3098 2941 et
3125 2886 3384 2952 libidine,
3410 2886 3676 2941 omnium
3703 2887 3785 2940 vi-

2133 2959 2350 3011 tiorum
2411 2958 2692 3025 fontibus,
2752 2963 2928 3026 atque
2961 2959 3032 3012 ab
3096 2957 3434 3012 omnimala
3473 2957 3700 3012 actione
3731 2966 3786 3012 et

2135 3028 2624 3098 cogitationejeju
2637 3031 2731 3082 nat
2748 3033 2802 3082 et
2817 3029 3091 3100 abstinet.
3114 3030 3301 3100 Atque
3316 3029 3435 3083 hazc
3449 3028 3783 3082 divinorum

2134 3104 2561 3172 praeceptorum
2580 3099 2982 3156 observatione
3004 3099 3374 3156 Domin’icum
3391 3106 3446 3156 et
3466 3100 3787 3155 Dominicis

2135 3171 2585 3243 resurrectionis
2616 3171 2770 3225 diem
2804 3172 2944 3243 agit.

363 3240 696 3319 imperfecti
722 3247 958 3319 propter
979 3242 1518 3319 promissionesaut
1537 3241 1633 3319 Dei
1648 3245 1869 3319 metum
1887 3257 2017 3319 s_ese
2050 3251 2092 3319 ρ
2170 3242 2348 3319 _Quic_l
2375 3260 2506 3298 vero
2532 3243 2623 3319 “ﬁ?
2654 3243 2701 3319 si
2728 3240 2968 3319 quando
3009 3241 3256 3319 aliquid,
3301 3242 3461 3319 quod
3489 3258 3605 3296 non
3637 3240 3782 3310 vult,

367 3311 738 3386 contineant,
772 3311 870 3370 ille
900 3311 1139 3386 propter
1167 3313 1628 3386 charitatem,iet
1657 3318 1723 3367 ut
1753 3311 1861 3366 soli
1892 3313 2018 3386 Deo

405 3385 618 3456 laceat,
651 3386 852 3442 omnia
883 3384 1090 3441 suffert
1133 3390 1190 3440 et
1219 3387 1492 3440 sustinet.
1542 3384 1596 3438 Si
1657 3400 1834 3454 quam
1889 3384 2024 3438 inde

387 3459 607 3515 sudem
639 3464 1058 3529 consequatur,
1086 3458 1236 3512 hanc
1258 3457 1316 3511 in
1350 3457 1599 3512 aliorum
1626 3472 1801 3529 usum
1833 3459 1890 3508 et
1913 3456 2022 3529 uti-

362 3529 590 3586 litatem
629 3527 855 3584 derivat
877 3532 940 3582 η.
973 3529 1101 3584 Alio
1133 3545 1368 3652 quoque
1391 3529 1565 3582 modo
1591 3527 1898 3582 continens
1929 3527 2021 3581 di-

366 3603 549 3652 citur.
613 3603 850 3652 quando
899 3617 1013 3652 non
1075 3617 1138 3652 so
1171 3617 1264 3652 um
1312 3599 1492 3652 animi
1528 3599 2019 3652 perturbationes.

366 3603 549 3667 citur,
613 3603 850 3672 quando
899 3617 1013 3655 non
1075 3599 1264 3655 solum
1312 3599 1492 3672 animi
1528 3599 2019 3672 perturbationes,

365 3695 394 3723 «
433 3673 592 3728 haud
629 3671 806 3727 dubie
840 3672 1047 3736 malas,
1075 3697 1095 3720 ι
1133 3671 1500 3744 comprimit,
1529 3671 1627 3725 sed
1652 3671 2020 3744 bonoetiam,

361 3750 511 3818 puta
543 3768 571 3795 «
593 3746 794 3818 bonos
825 3744 1007 3799 animi
1041 3743 1364 3818 motus,’ob
1390 3743 1670 3818 majorem
1705 3743 2019 3813 quamdam

358 3814 864 3889 perfectionem,»
896 3817 1158 3889 continet
1189 3820 1246 3868 et
1276 3814 1909 3889 coercet,__tirmamque
1959 3830 2023 3867 ac

359 3885 640 3944 stabilem
668 3887 930 3959 possidet
949 3887 1206 3941 scientia:
1235 3885 1697 3959 magnitudinem
1710 3886 1904 3959 ._unde
1923 3901 2020 3938 eas

359 3963 610 4042 profert,
641 3955 774 4042 quae
804 3977 872 4013 ex
903 3959 1318 4042 virtute‘i‘iunt‘,
1341 3955 1788 4042 “actionesltldx
1834 3957 1862 4008 ὁ
1912 3960 2020 4042 τῷν

356 4027 550 4083 Δῖεεαθὼν
584 4027 752 4101 μόνον
783 4027 1182 4102 κρᾳτῷνγβλλὲι
1213 4029 1299 4102 mi
1333 4028 1490 4101 ὁξτὼν
1512 4028 1721 4102 ἀγαΟᾶη
1751 4027 2021 4102 ἐγκρατής

356 4096 828 4176 γενόμεῦοςκκαὶξ
852 4096 1083 4176 βεϐαίως
1116 4096 1455 4176 κτησάμεῆος
1488 4096 1593 4176 τῆς.
1619 4096 1927 4176 {morr-Stin:
1959 4100 2025 4152 τὰ

360 4170 658 4248 ρεΔγάλεῖα.
692 4173 818 4248 Ἀφ’
847 4170 919 4226 ὧν
951 4177 1292 4248 καρποφορεῖ
1334 4171 1432 4231 τὰς
1459 4173 1594 4248 ’κατ’
1627 4170 1832 4248 ἀρετὴν.
1875 4170 2022 4243 ἐνερ-

356 4243 534 4320 γείὰς.
555 4243 960 4320 Quamobrem
986 4243 1093 4320 ille
1125 4243 1360 4316 prepter
1389 4243 1575 4299 solam
1611 4245 2019 4320 necessitatem

357 4315 649 4392 comedit,
670 4317 838 4392 bibit,
864 4315 1146 4392 ducitque
1171 4332 1434 4392 uxorem,
1468 4320 1822 4392 proutrecta
1844 4315 2026 4392 dicta-

355 4391 512 4445 verit
543 4387 712 4444 ratio.
747 4391 814 4445 In
846 4389 1061 4443 domus
1088 4405 1224 4443 vero
1258 4387 1772 4441 administratione
1794 4392 1850 4442 et
1872 4387 2025 4441 tilio-

356 4477 496 4517 rum
549 4460 952 4530 procreatione
1009 4458 1158 4514 citra
1189 4459 1450 4530 dolorem
1485 4464 1543 4513 et
1601 4457 1958 4526 voluptatem
1993 4475 2026 4511 a

355 4529 650 4588 charitate
677 4532 776 4586 Dei
799 4548 1100 4601 nunquam
1121 4530 1410 4598 divulsus,
1434 4529 1687 4599 insurgit
1711 4533 1764 4584 in
1790 4545 2021 4585 omnem

355 4604 768 4665 tentationem,
822 4619 962 4675 quae,
983 4621 1050 4657 ex
1100 4603 1258 4668 filiis,
1293 4601 1788 4675 uxore,‘famulis,
1846 4606 2024 4671 atque

354 4692 428 4731 ex
458 4676 649 4732 bonis.
683 4679 740 4730 et
779 4672 1001 4728 divitiis
1033 4674 1248 4729 oboriri
1279 4674 1446 4727 solet.
1497 4672 1688 4726 Caelibi
1720 4678 1920 4728 autem
1956 4689 2022 4726 ac

353 4745 595 4818 virgini,
656 4747 870 4800 domus
927 4762 1127 4800 curam
1164 4763 1275 4800 non
1339 4745 1576 4818 habent,
1609 4760 1758 4818 saepe
1807 4745 2022 4818 saepius

356 4816 558 4874 eve—nit
591 4822 655 4872 ut
688 4835 800 4872 non
832 4822 1112 4888 tentetur,
1147 4824 1325 4888 atque
1359 4816 1435 4870 ita
1464 4816 1631 4869 alteri
1667 4816 1720 4870 in
1768 4817 2012 4887 quibus-

355 4891 500 4946 dam
539 4890 800 4957 inferior,
835 4889 891 4942 in
921 4887 1056 4943 aliis
1088 4887 1357 4958 superior
1386 4893 1494 4941 est.

435 4962 519 5015 Ad
557 4961 996 5031 suscipiendam
1028 4975 1199 5030 porro
1221 4959 1614 5030 cognitionem
1642 4959 1806 5031 prius
1827 4958 2024 5014 anima

357 5034 524 5087 varie
555 5030 808 5088 exerceri
842 5031 1036 5087 debet.
1071 5031 1216 5086 Nam
1250 5047 1318 5086 ea
1345 5033 1595 5101 ryvfbcrtc,
1629 5030 1903 5101 cognitio,
1936 5035 2027 5084 est

358 5105 575 5160 animm
609 5105 879 5175 quaedam
915 5119 1075 5157 mors
1107 5100 1437 5165 rationalis,
1473 5119 1598 5175 qua
1621 5119 1651 5154 a
1677 5100 1940 5156 motibus
1968 5107 2026 5156 et

358 5173 885 5248 pertubationibus
912 5180 1221 5248 separata,
1255 5178 1313 5228 et
1342 5178 1458 5228 Deo
1493 5173 1601 5227 soli
1649 5179 1817 5248 grata
1847 5179 2025 5245 atque

357 5244 620 5318 accepta,
658 5247 839 5302 libere
871 5244 1032 5300 vivit.
1067 5246 1213 5318 Tum
1240 5250 1434 5299 autem
1470 5249 1704 5318 tantum
1736 5244 1936 5318 abest,
1960 5249 2026 5298 ut

356 5335 395 5374 a
425 5316 580 5385 cibo,
616 5325 754 5389 potu
788 5323 848 5373 et
877 5321 1102 5372 Venere
1137 5317 1398 5389 aliquam
1427 5317 1624 5389 capiat
1662 5316 2022 5389 voluptatem

355 5387 691 5462 quinetiam
726 5405 1084 5453 sermonem,
1121 5388 1222 5462 qui
1254 5387 1476 5462 aliquid
1505 5387 2027 5462 delectationis_af-

356 5458 760 5532 ferregpotest,
793 5458 1146 5532 suspectum
1172 5459 1385 5514 habeat
1407 5460 1467 5512 η.
1503 5459 1687 5532 Nemo
1712 5459 1886 5532 enimg
1910 5458 2024 5532 Deo

354 5538 418 5588 et
455 5529 741 5604 voluptati
778 5529 990 5602 poterit.
1022 5547 1284 5604 unquam
1320 5531 1628 5604 inservire.
1657 5530 1766 5604 Sed
1793 5529 1888 5600 qui
1923 5529 2028 5585 Do-

353 5604 524 5661 mino
543 5601 741 5660 studet
760 5601 884 5660 tieri
911 5602 1150 5669 similis,
1177 5603 1245 5671 is,
1263 5602 1415 5657 utsit
1433 5601 1772 5672 cupiditatis
1795 5617 2022 5672 expers,

353 5692 580 5748 magna
641 5678 692 5730 vi
728 5675 988 5748 enititur.
1044 5673 1152 5736 Qui
1207 5678 1402 5748 autem
1461 5673 1818 5743 concupivit,
1851 5680 1908 5727 et
1964 5690 2024 5748 se

356 5744 567 5822 postea
589 5747 904 5817 continuit,
928 5747 1120 5802 instar
1145 5749 1234 5800 est
1257 5744 1467 5810 viduae,
1487 5761 1614 5816 qua:
1638 5745 2026 5816 temperantia

427 5891 474 5928 ιο
505 5907 560 5960 ρ.
591 5891 718 5946 737.
802 5893 843 5925 ιι
878 5905 935 5957 p.
983 5889 1109 5942 738.
1193 5887 1237 5921 ιε
1271 5903 1325 5957 ρ.
1357 5886 1481 5940 739.
1567 5887 1694 5958 ιερ.
1728 5887 1854 5943 740.
1935 5889 1981 5922 νο
2013 5903 2070 5959 p.
2127 5889 2253 5942 741.

355 5963 400 6001 ιο
420 5979 480 6037 ρ·
511 5963 638 6017 746.
720 5963 764 5996 πο
789 5980 847 6034 p.
880 5961 1007 6018 747.

2129 3313 2400 3379 videndo,
2419 3330 2480 3369 se
2493 3313 2789 3385 voluptate
2814 3315 2966 3370 affici
3004 3315 3276 3379 senserit,
3294 3319 3434 3368 tunc
3450 3313 3636 3384 ipsam
3654 3329 3787 3366 con-

2129 3385 2802 3456 tinuocastigatvidendi
2831 3385 3190 3452 facultatem,
3209 3401 3272 3439 ac
3297 3385 3402 3439 hoc
3417 3385 3610 3439 solum
3627 3385 3781 3455 quod

2130 3459 2199 3511 ad
2227 3474 2288 3512 se
2316 3458 2588 3528 pertinet,
2621 3458 2817 3512 videre
2849 3463 2906 3512 et
2935 3458 3140 3512 audire
3163 3457 3342 3528 cupit,
3366 3463 3544 3528 atque
3574 3457 3632 3510 in
3666 3473 3788 3510 cor-

2129 3529 2289 3600 poris
2322 3529 2432 3584 sibi
2466 3529 2673 3598 objecti
2695 3529 3134 3600 pulchritudine
3157 3545 3218 3585 se
3246 3535 3422 3582 Deum
3448 3529 3644 3600 videre
3665 3528 3785 3582 exi-

2131 3599 2352 3672 stimat.
2387 3601 2444 3655 Si
2478 3616 2546 3655 ex
2570 3599 2915 3655 necessitate
2938 3600 3097 3656 cibos
3111 3601 3494 3672 capescendo,
3515 3599 3782 3672 aliquan-

2128 3671 2321 3754 tulum
2352 3672 2640 3754 temporis
2674 3678 3002 3754 consumat,
3036 3670 3271 3754 putata
3303 3687 3510 3754 suo_se
3551 3670 3783 3754 negotio

2131 3742 2322 3798 avelli.
2348 3743 2741 3806 Quamobrem
2769 3744 2826 3798 in
2855 3741 3082 3800 somnis
3110 3743 3255 3798 nihil
3283 3744 3436 3812 quod
3462 3741 3652 3798 electo
3667 3757 3784 3797 non

2131 3818 2464 3881 conveniat,
2492 3815 2723 3886 aspicit.
2759 3815 2812 3870 ls
2847 3833 3016 3886 porro
3038 3817 3093 3869 in
3116 3815 3225 3872 hac
3245 3815 3362 3870 vita
3387 3819 3550 3886 totus
3571 3815 3785 3885 hospes

2131 3892 2188 3941 et
2248 3885 2593 3958 peregrinus
2623 3904 2690 3941 ea
2714 3885 3042 3942 contemnit
3072 3904 3198 3958 quis
3240 3886 3336 3941 alii
3374 3885 3684 3950 mirantur,
3719 3902 3785 3940 ac

2131 3958 2188 4013 in
2223 3959 2456 4012 civitate
2486 3964 2763 4028 tanquam
2797 3959 2851 4012 in
2887 3959 3206 4014 solitudine
3229 3958 3387 4011 vivit.
3429 3958 3550 4013 Uno
3582 3959 3781 4026 verbo,

2131 4032 2186 4084 in
2217 4032 2374 4084 omni
2409 4031 2527 4083 vita
2559 4029 2886 4084 absentiam
2921 4031 3300 4100 apostolicam
3331 4028 3554 4098 implet.

2204 4101 2347 4173 Quid
2383 4101 2594 4172 plura?
2619 4119 2750 4156 cum
2771 4099 3255 4173 Optimaquaeque
3287 4099 3785 4173 agit,homin_i_bus

2130 4173 2258 4228 vult
2291 4170 2489 4236 latere,
2523 4190 2588 4228 ac
2620 4173 2730 4228 sibi
2759 4170 3124 4244 Dominoque
3157 4170 3509 4244 persuadere
3540 4170 3786 4226 seillius

2130 4244 2322 4299 vivere
2347 4244 2672 4324 praeceptis.
2699 4245 2982 4324 Quocirca
3007 4245 3267 4324 s-eipsurn
3289 4259 3528 4324 semper
3548 4247 3606 4297 et
3628 4258 3783 4324 nun-

2133 4331 2307 4385 quam
2345 4313 2676 4386 proximum
2704 4314 2971 4384 despicit,
2992 4313 3166 4385 atque
3191 4314 3405 4369 idcirco
3427 4313 3595 4368 illum
3622 4314 3774 4367 afﬂi-

2132 4393 2290 4442 ctum
2327 4385 2687 4454 consolatur,
2724 4386 3083 4456 indigentem
3119 4387 3255 4442 facit
3286 4402 3554 4450 suorum,
3581 4387 3626 4440 si
3654 4401 3783 4455 qum

2129 4458 2657 4522 habeat,bonorum
2696 4458 3036 4529 participem
3065 4458 3218 4525 ;imo
3244 4473 3376 4512 vero
3399 4462 3457 4512 et
3488 4456 3774 4528 deinopia

2133 4546 2240 4584 sua
2272 4535 2448 4600 auget
2498 4529 2963 4585 beneficentiam.
3000 4534 3148 4584 Pura
3191 4530 3435 4600 insuper
3463 4537 3519 4584 et
3549 4531 3779 4583 sincera

2136 4606 2379 4684 ornatus
2413 4602 2548 4684 fide2
2583 4618 2685 4684 per
2707 4618 2889 4684 spera
2918 4605 2974 4657 et
2995 4600 3782 4684 contemplationem-Evan-

2135 4671 2351 4743 gelium
2414 4672 2635 4739 laudat,
2669 4679 2725 4727 et
2754 4671 2881 4744 ipse
2933 4689 3020 4736 ea,
3059 4691 3187 4744 quae
3220 4678 3368 4727 Deus
3401 4672 3622 4740 docuit,
3675 4673 3783 4727 rite

2133 4744 2506 4815 perficiendo,
2562 4745 2634 4798 ab
2665 4761 2733 4799 eo
2782 4744 3015 4799 laudem
3049 4745 3276 4815 accipit.
3311 4746 3423 4814 Spe
3473 4761 3603 4798 vero
3646 4761 3781 4814 pro-

2132 4817 2261 4886 pria
2304 4817 2549 4870 minime
2573 4815 2925 4885 ablactatus,
2953 4817 3230 4887 qua‘libet
3257 4818 3555 4872 mundana
3586 4815 3783 4870 omnia

2133 4892 2508 4957 aspernatur,
2540 4892 2597 4941 et
2628 4890 2939 4943 miseretur
2971 4905 3193 4954 eorum,
3230 4889 3326 4959 qui
3364 4893 3495 4959 post
3536 4892 3783 4940 mortem

2134 4959 2443 5030 suppliciis
2477 4960 2688 5029 affecti,
2723 4961 2905 5016 Deum
2941 4958 3311 5015 confitentur.
3349 4958 3539 5030 ipsius
3582 4963 3776 5012 autem

2133 5036 2292 5084 recta
2324 5047 2558 5102 semper
2586 5037 2676 5087 est
2706 5031 3086 5101 conscientia,
3122 5037 3180 5086 et
3218 5032 3288 5085 ad
3331 5035 3578 5084 mortem
3620 5045 3775 5102 sem-

2134 5118 2237 5173 per
2268 5100 2530 5172 paratus,
2577 5103 2632 5157 in
2684 5103 2793 5158 hoc
2833 5100 3382 5173 mundo'tanquam
3423 5100 3777 5172 peregrinus

2132 5172 2296 5242 vivit,
2325 5188 2391 5228 ac
2424 5175 2746 5229 secundum
2795 5180 2960 5229 recta:
2992 5172 3241 5229 rationis
3297 5172 3586 5226 dictamen
3616 5188 3780 5226 com.

2133 5245 2276 5309 edit,
2335 5244 2502 5308 bibit,
2567 5261 2805 5300 uxorem
2849 5245 3013 5299 ducit
3069 5249 3126 5299 et
3179 5244 3237 5299 in
3297 5243 3524 5298 somnis
3576 5248 3784 5298 sancta

2137 5332 2366 5386 semper
2391 5317 2529 5371 facit
2559 5325 2606 5370 et
2643 5317 2860 5385 cogitat
2891 5332 2904 5370 :
2940 5319 3111 5386 atque
3146 5314 3225 5370 ita
3276 5314 3510 5386 καθαρὸς
3559 5312 3635 5374 εἷς
3697 5312 3780 5366 εὐ-

2136 5388 2244 5461 χήν
2267 5385 2527 5461 ίττάντοτε,
2562 5404 2794 5460 semper
2849 5387 2919 5441 ad
2959 5387 3373 5461 precationem
3408 5385 3613 5459 purus,
3646 5402 3780 5441 cum

2132 5459 2358 5524 angelis
2391 5466 2519 5516 orat
2548 5464 2605 5513 et
2637 5459 2910 5528 precatur
2933 5459 2993 5510 η.

2206 5531 2352 5585 Tum
2387 5548 2595 5585 rursus
2615 5527 2886 5585 Clemens
2919 5530 3087 5600 docet
3109 5527 3302 5600 qualis
3325 5529 3400 5582 sit
3427 5528 3556 5599 ejus
3575 5544 3788 5600 opera-

2137 5601 2240 5671 tio,
2292 5603 2528 5672 justitia
2557 5607 2613 5657 et
2647 5601 2922 5672 precatio,
2958 5599 3104 5672 quid
3128 5599 3189 5655 7a
3243 5600 3360 5655 Deo
3395 5599 3671 5672 postulet,
3727 5606 3787 5655 et

2137 5674 2436 5745 quomodo
2468 5673 2764 5729 Christum
2799 5678 3101 5745 vocantem
3152 5677 3499 5727 antevertat.
3533 5672 3782 5728 Planum

2137 5743 2371 5817 quoque
2425 5745 2563 5801 facit
2593 5745 2889 5816 quomodo
2922 5743 3020 5799 ille
3080 5749 3302 5816 patrem
3336 5750 3393 5800 et
3423 5749 3669 5801 matrem
3714 5746 3780 5799 9“.

2337 5887 2380 5923 ¹⁵
2411 5904 2465 5959 p.
2495 5887 2626 5940 742.
2713 5887 2754 5922 1⁸
2787 5903 2842 5958 p.
2874 5887 2997 5939 713.
3082 5888 3125 5923 ¹τ
3158 5904 3211 5960 p.
3247 5889 3370 5941 7-H.
3454 5888 3498 5923 ¹⁸
3530 5904 3582 5959 p.
3643 5887 3766 5940 7&5.
