4110 6396
341 319 484 375 1061

1631 327 1728 378 DE
1766 321 2004 377 LIBRIS
2040 318 2484 376 STROMATUM
2495 359 2508 373 .

3638 325 3779 382 1062

344 446 523 500 nibus
546 444 937 518 haberentur,
971 445 1477 518 locupletissimus
1513 449 1680 504 nobis
1716 447 1884 504 testis
1915 451 2002 502 est
2032 450 2084 514 Α
2118 443 2441 518 emendari.
2476 444 2688 518 Omnes
2711 449 2905 500 tamen
2941 463 3009 502 ex
3058 446 3158 502 illo
3191 447 3452 504 diversas
3496 449 3567 504 ab
3598 452 3774 508 editis

341 517 656 585 Eusebius,
687 516 794 592 qui
820 535 918 572 eos
952 535 1056 573 suo
1091 516 1352 592 tempore
1383 522 1524 576 adeo
1549 520 1820 592 vulgatos
1851 536 2003 572 com-

343 605 678 659 munesque
709 588 900 664 fuisse
947 591 1177 656 asserit,
1212 588 1282 664 ut
1325 588 1695 664 singulorum
1731 593 2008 646 manibus

343 665 746 716 versarentur.
781 663 1147 735 Quapropter
1189 662 1288 717 ubi
1320 663 1404 718 illi
1429 662 1751 735 iquoddam
1803 679 2005 717 eorum

343 735 743 805 fragmentum
773 732 1027 797 exhibet,
1061 735 1230 804 plura
1261 751 1294 790 a
1319 732 1618 791 Clemente
1650 735 1890 790 laudata
1921 749 2010 788 ve-

342 810 540 860 terum
574 806 1257 879 auctorumtestimonia
1286 807 1552 863 consulto
1580 805 2004 879 przetermittit:

343 899 372 926 α
407 879 670 942 Quorum
698 897 726 924 ››
761 875 944 950 utille
975 878 1076 942 ait,
1110 900 1138 926 «
1196 879 1368 933 verba
1427 875 1787 950 subjungere
1838 877 2008 948 plane

341 963 852 1021 supervacaneum
877 948 974 1010 sit,
998 964 1133 1002 cum
1157 948 1741 1020 ipsorumClementis
1765 950 2011 1021 scripto-

345 1036 480 1074 rum
516 1019 710 1091 quivis
738 1021 967 1090 copiam
1004 1019 1217 1075 habeat
1245 1021 1310 1074 ⁸⁷.
1350 1043 1377 1070 ››

421 1091 571 1155 Quid
596 1107 749 1156 vero,
776 1091 931 1161 quod
952 1097 1008 1146 et
1029 1091 1154 1162 ipse
1185 1091 1453 1148 Clemens
1489 1092 1593 1148 hos
1643 1092 1823 1146 libros
1876 1108 2009 1146 cum

348 1177 492 1235 agro
525 1162 803 1235 omnibus
835 1163 1036 1218 herbis
1070 1164 1240 1218 feraci
1287 1166 1589 1220 contendit
1610 1165 1675 1229 ⁸⁸,
1711 1168 1887 1235 atque
1944 1179 2012 1217 ex

347 1233 443 1306 iis,
507 1233 558 1288 si
607 1240 826 1288 attente
870 1241 928 1288 et
977 1241 1246 1290 accurate
1296 1235 1589 1306 legantur,
1649 1233 2010 1290 uberrimam

346 1305 650 1360 fructuum
686 1310 947 1379 segetem
981 1323 1095 1379 non
1130 1307 1260 1379 sine
1306 1305 1599 1379 veluptate
1647 1308 1786 1379 meti
1840 1321 2010 1378 posse

349 1380 650 1432 asseverat
681 1377 708 1431 ?
737 1377 899 1440 Quod
933 1377 1172 1449 quidem
1213 1377 1329 1434 alia
1359 1377 1698 1434 eorumdem
1725 1377 2009 1432 librarum

364 1464 502 1503 cum
553 1464 786 1503 nemore
818 1454 1012 1520 spisso
1040 1456 1095 1504 et
1131 1451 1408 1506 umbroso
1461 1450 1738 1506 instituta
1779 1452 1850 1505 ab
1883 1450 2009 1520 ipso

359 1520 799 1590 comparatione
842 1520 1164 1576 luculenter
1197 1524 1603 1577 confirmatur.
1657 1522 1737 1576 Ex
1789 1522 1898 1576 hac
1929 1521 2008 1575 si-

359 1591 596 1664 quidem
629 1591 810 1646 densa
837 1598 894 1646 et
924 1609 1151 1664 aspera,
1187 1598 1250 1647 ut
1281 1593 1378 1648 ille
1420 1595 1519 1659 ait,
1564 1593 1710 1648 silva
1743 1610 1756 1647 :
1791 1616 1817 1642 (ε
1861 1596 2007 1664 cum

352 1661 1077 1737 viviradicessumpserit,
1111 1670 1168 1737 et
1199 1665 1335 1719 alibi
1384 1665 1696 1720 inseruerit
1727 1663 2004 1737 agricola,

393 1732 666 1788 ulchrum
702 1732 936 1790 hortum
969 1736 1201 1801 efﬁciet,
1237 1741 1293 1791 et
1325 1753 1533 1792 nemus
1568 1732 1862 1791 amoean
1885 1732 2002 1792 ".15

2117 513 2397 594 lectiones
2430 517 2636 594 sedulo
2661 518 2962 594 collectas,
2989 521 3206 594 publici
3230 521 3566 594 aliquando,
3591 524 3637 576 si
3675 542 3776 594 per

2117 590 2302 659 otium
2337 588 2526 655 liceat,
2555 591 2705 656 juris
2750 588 3056 659 faciemus,
3103 592 3186 646 vel
3221 588 3353 646 cum
3415 593 3488 646 iis
3546 588 3772 649 lube-nti

2117 658 2315 733 animo
2373 659 2967 733 communicabimus,
3023 664 3119 733 qui
3171 680 3330 717 novae
3380 663 3588 720 horum
3648 668 3772 722 Cle-

2119 729 2335 808 mentis
2368 729 2708 808 Stromatum
2732 729 3082 808 adornanda:
3107 735 3384 790 editionis
3407 737 3773 808 provinciam

2117 803 2176 856 in
2209 818 2270 855 se
2300 802 2600 872 suscipere
2623 802 2930 859 voluerint.

2187 873 2374 927 Tanta
2405 879 2603 928 autem
2655 876 2921 930 codicum
2957 875 3152 930 Grzeca
3186 893 3362 932 manu
3399 883 3772 935 exaratorum

2120 948 2366 1019 penuria
2422 946 2618 1019 efﬁcit,
2683 953 2768 1019 ut
2807 947 2975 1001 multi
3011 948 3071 1001 in
3104 949 3211 1002 hoc
3241 966 3416 1019 opera
3467 952 3614 1005 foede
3647 969 3774 1007 cor-

2120 1017 2299 1141 rupti,
2333 1022 2392 1071 et
2419 1017 2709 1084 explicatu
2743 1018 3076 1087 difticilimi,
3117 1017 3328 1091 vixque
3378 1024 3449 1076 ab
3513 1021 3630 1077 ullo
3673 1041 3771 1079 sa-

2126 1105 2197 1141 na
2244 1088 2348 1141 iles
2407 1088 2514 1141 loci
2548 1088 2878 1141 legentibus
2926 1091 3140 1141 saepius
3173 1099 3506 1141 occurrant-
3542 1094 3770 1141 Nemini

2126 1088 2348 1161 nabiles
2407 1088 2878 1161 locilegentibus
2926 1091 3140 1161 saepius
3173 1088 3506 1148 occurrant.
3541 1094 3774 1151 Nemini

2119 1159 2315 1230 itaque
2338 1159 2849 1230 necinjuc’undum
2868 1178 2973 1216 nec
2990 1159 3231 1216 forsitan
3268 1163 3477 1219 inutile
3510 1168 3773 1221 futurum

2121 1231 2500 1307 arbitramur,
2535 1233 2585 1286 si
2617 1238 2836 1307 quanta
2867 1233 2989 1287 sint
3022 1234 3077 1286 in
3115 1235 3200 1288 eis
3230 1236 3592 1307 corrigendis
3626 1239 3778 1292 diffi-

2119 1301 2409 1378 cultatum
2443 1301 2722 1374 repagula
2754 1307 3191 1378 patefacientes,
3226 1309 3294 1361 ad
3347 1301 3632 1377 quosdam
3671 1327 3771 1378 pro

2118 1373 2271 1426 virili
2350 1373 2523 1443 parte,
2569 1373 2772 1430 nostra
2831 1377 3232 1431 emendandos
3292 1373 3393 1432 aut
3437 1373 3776 1436 enodandos

2120 1445 2571 1520 aggrediamur._
2596 1448 2822 1520 Primus
2856 1449 3054 1518 itaque
3076 1463 3143 1502 ex
3167 1448 3280 1514 his,
3305 1449 3403 1520 qui
3448 1451 3616 1520 nobis
3648 1466 3775 1507 sese

2120 1460 2555 1570 agrgremamur.
2596 1460 2822 1501 Primus
2856 1460 3054 1518 Itaque
3076 1463 3143 1502 ex
3167 1460 3280 1514 DIS,
3305 1465 3403 1520 qui
3448 1460 3616 1504 nobis
3648 1466 3774 1507 sese

2119 1533 2152 1570 ο
2180 1517 2651 1608 Iert,(locus°bis
2711 1519 3062 1608 exprimlitpr
3093 1520 3329 1604 verbis:
3366 1520 3518 1608 Ἐπεξ
3567 1517 3636 1608 Δδὲ
3679 1522 3774 1608 ’μὴ

2123 1586 2264 1666 uan
2297 1583 2333 1654 rh
2367 1583 2666 1666 u‘apa'ﬁoctc
2724 1583 2813 1666 ita}
2876 1587 3167 1666 πᾴνδημτρς
3221 1595 3302 1662 τῷ
3349 1611 3411 1666 γε
3468 1583 3777 1666 αἰσρομὲζρῴ

2115 1654 2217 1737 iri];
2255 1654 2812 1737 μεγαλὲξότητρςιτοῦ
2855 1654 3084 1737 ,Λόγοιίί
3118 1654 3497 1737 ὲτεεικείυττὶὲογ⁸
3522 1654 3642 1737 95v-
3671 1654 3773 1734 τὴἶι

2115 1727 2204 1810 ἐγ..
2251 1727 2536 1810 μυάςεηρίιξ
2578 1727 2586 1730 ⁷
2622 1727 2971 1810 λὲλουμὲνηῦ
3047 1727 3261 1810 cuipiam;
3317 1736 3383 1803 ἣν
3437 1732 3684 1810 ⁸ἐδίδαξεν
3725 1727 3773 1810 ίὸ

400 1815 576 1859 tvero
609 1811 896 1888 quantum
938 1807 1130 1892 exnhis
1164 1799 1330 1890 libris
1385 1811 1640 1864 fructum
1677 1813 1735 1889 et
1779 1808 2004 1892 emolu-
2042 1828 2088 1892 Β
2121 1799 2556 1892 Υἱρξτιξῆσϐεοῦ..
2588 1826 2615 1854 ‹‹
2651 1799 2937 1892 Quoniam
2970 1799 3314 1888 autemnon
3342 1799 3491 1892 sola
3533 1799 3773 1892 traditio

347 1883 618 1951 mentum
652 1878 950 1951 percipere
981 1877 1311 1951 Christiana
1334 1896 1536 1936 omnes
1561 1880 1813 1951 possint,
1846 1878 2009 1934 lucu-

345 1948 538 2003 lenter
569 1948 892 2004 ostendunt
923 1950 1215 2022 praecipua
1236 1957 1292 2006 et
1322 1948 1578 2014 summa,
1630 1969 1757 2022 qua:
1806 1952 2009 2006 adver-

351 2037 460 2093 sus
491 2036 854 2093 paganorum
896 2027 953 2076 et
987 2021 1395 2078 haereticorum
1441 2021 1688 2090 errores,
1720 2029 1892 2093 atque
1952 2023 2010 2076 in

346 2091 654 2159 religionis
722 2099 932 2147 nostrae
1014 2095 1438 2160 defensionem,
1499 2112 1563 2149 ac
1631 2095 1702 2149 de
1756 2091 2012 2149 maxime.

343 2164 694 2238 Christianae
723 2163 1240 2238 vitae_perfectione
1271 2172 1620 2238 argumenta
1649 2171 2009 2238 pertractan-

343 2240 463 2290 tur.
502 2236 728 2309 Etenim
760 2252 826 2290 ex
855 2235 948 2309 his
992 2235 1218 2308 liquido
1268 2235 1627 2309 intelligetur
1650 2235 1804 2309 _quze
1838 2237 2014 2292 fuerit

343 2254 463 2290 tur.
502 2254 726 2290 meum]
760 2254 826 2290 ex
859 2254 948 2294 ms
992 2254 1218 2308 lquIGO
1268 2254 1449 2292 intem
1499 2254 1627 2293 etur
1676 2255 1804 2309 quae
1838 2254 2008 2292 ruerit

341 2323 485 2381 vera
514 2307 731 2381 Christi
770 2308 1056 2373 doctrina,
1083 2326 1262 2381 quam
1298 2309 1422 2381 ipse
1454 2254 1720 2366 glemens
1753 2326 1785 2363 a
1819 2309 2008 2380 proxi-

345 2377 884 2452 misaposlolorum
904 2377 1352 2452 successoribus
1377 2387 1697 2452 acceperat,
1713 2377 2013 2452 quamque

341 2449 437 2504 vix
471 2449 736 2532 illusbis
787 2451 992 2532 primis
1047 2452 1316 2532 Ecclesiae
1365 2449 1597 2508 saeculis
1645 2449 2011 2524 explicatius,

343 2539 524 2594 quam
551 2520 659 2594 ille
692 2520 977 2593 scriptum
1013 2523 1368 2579 transmisit.

416 2593 684 2662 Denique
719 2598 781 2647 ut
806 2600 1011 2649 cetera
1071 2599 1397 2663 taceamus,
1450 2595 1717 2649 eamdem
1766 2595 2014 2664 hujusce

342 2664 899 2738 operisutilitatem
925 2666 1136 2737 probat
1159 2684 1392 2722 summa
1424 2665 1584 2721 illius
1605 2672 1659 2721 et
1681 2667 2014 2738 omnigena,

347 2754 479 2805 quae
512 2735 656 2791 illud
718 2735 941 2792 totum_
971 2738 1234 2808 undique
1276 2738 1614 2793 mirandum
1667 2738 1725 2792 in
1772 2735 2012 2792 modum

356 2809 547 2862 efﬂuit
575 2812 628 2862 et
655 2809 968 2872 redundat,
1002 2811 1272 2865 doctrina
1303 2816 1360 2865 et
1391 2810 1662 2864 eruditio.
1719 2809 1848 2864 Haec
1901 2809 2016 2863 sin-

363 2877 522 2949 gulis
553 2879 672 2952 fere
695 2888 747 2952 et
781 2880 1061 2936 omnibus
1095 2883 1273 2937 micat
1303 2881 1361 2936 in
1389 2881 1653 2952 paganis,
1687 2881 1771 2934 uti
1812 2880 1898 2935 vel
1947 2897 2015 2934 ex

365 2952 492 3005 sola
524 2966 554 3004 a
586 2950 751 3005 nobis
783 2952 1040 3007 exhibita
1076 2953 1239 3008 illius
1289 2950 1512 3024 analysi
1556 2953 1863 3024 perspicue
1915 2952 2013 3007 de-

361 3027 743 3077 monstratur.

387 3093 1144 3175 .Quapropterscriptohres
1195 3111 1328 3150 cum
1371 3095 1625 3175 antiqui,
1661 3099 1790 3175 tum
1817 3110 2014 3150 recen-

354 3165 843 3260 tiore‘s,’spmmis.
874 3165 995 3248 hac
1026 3167 1582 3260 Stromala’eﬂ'erun‘t
1614 3165 1911 3260 laudibus,
1945 3181 2010 3221 ac
2041 3193 2084 3260 ρ

352 3242 592 3308 propter
615 3238 724 3292 hoc
756 3237 1045 3310 eximium
1063 3244 1120 3294 et
1149 3239 1505 3310 praecipuum
1526 3238 1839 3292 Clementis
1862 3255 2011 3310 opus

353 3307 679 3382 cognomen
718 3307 1082 3382 Στρωματεύς
1115 3307 1225 3382 ipsi
1258 3307 1601 3382 impositum
1631 3310 1812 3382 fuisse
1832 3307 2015 3364 Theo-

352 3381 622 3488 doretpos,
655 3381 1064 3452 Cassiodorus,
1097 3381 1316 3454 aliique
1340 3381 1618 3438 testatum
1654 3381 1825 3437 nobis
1869 3382 2020 3437 fece—

356 3461 492 3488 nni-11

355 3461 498 3509 runt
529 3461 592 3506 νο.

834 3578 988 3633 138
1021 3578 1422 3636 ARTICULUS
1457 3579 1552 3634 ιν.

430 3686 513 3737 De
548 3683 944 3754 manuscriptis
989 3685 1218 3753 huiusce
1269 3685 1450 3756 aperis
1501 3686 1800 3756 codicibus,
1853 3691 1904 3742 et
1955 3686 2020 3743 de

627 3756 959 3826 quibusdam
990 3759 1264 3830 corruptis
1296 3759 1454 3813 illius
1478 3759 1634 3813 locis.

429 3880 639 3935 Mirum
675 3897 818 3936 sane
852 3882 1122 3940 pluribus
1163 3883 1320 3938 haud
1381 3882 1679 3939 immerito
1731 3883 2022 3940 videbitur

359 3953 802 4024 manuscriptos
853 3953 1071 4009 horum
1124 3954 1410 4010 librorum
1482 3955 1710 4011 Graecos
1770 3955 2020 4024 codices,

354 4041 610 4095 quorum
645 4041 930 4080 numerus
987 4028 1060 4082 ob
1103 4043 1400 4082 summam
1441 4043 1643 4082 eorum
1705 4027 2017 4082 utilitatem

355 4101 538 4170 atque
594 4097 986 4170 eruditionem
1038 4113 1299 4153 crescere
1349 4114 1583 4170 semper
1622 4099 1890 4165 debebat,
1953 4117 2021 4154 ea

352 4167 671 4222 hominum
733 4168 1092 4239 negligentia
1135 4170 1404 4240 periisse,
1469 4167 1631 4225 utex
1687 4170 2020 4226 innumeris

357 4240 788 4322 propemodum
823 4242 1444 4322 exemplaribushquzn
1489 4242 1723 4322 Eusebii
1741 4246 1872 4322 _tem
1885 4259 2022 4322 pore

353 4311 419 4365 in
453 4311 744 4382 omnium,
784 4312 868 4366 uti
909 4313 1132 4368 dictum
1166 4317 1254 4368 est
1287 4311 1355 4382 θ’.
1385 4318 1551 4368 erant
1596 4311 1901 4381 manibus,
1925 4314 2021 4369 vix

352 4398 515 4437 unus
547 4388 602 4437 et
636 4381 784 4438 alter
814 4383 1160 4454 reperiatur.
1197 4385 1306 4440 Sed
1343 4381 1462 4438 haec
1495 4401 1691 4439 rerum
1726 4385 2012 4440 humana-

354 4470 491 4528 r_um
526 4470 654 4509 sors
685 4459 742 4509 et
773 4454 1006 4528 fortuna
1043 4461 1152 4528 est,
1178 4462 1243 4511 ut
1273 4473 1514 4528 eaquae
1546 4456 1789 4512 meliora
1835 4459 2017 4526 majo-

350 4524 558 4595 risque
587 4531 724 4608 sunt
756 4525 947 4598 pretii,
975 4544 1087 4608 non
1122 4524 1536 4608 longiorifimo
1568 4544 1722 4599 saepe
1746 4524 2016 4608 breviori,

350 4611 532 4664 quam
581 4596 717 4664 alia,
757 4596 1283 4671 temporisspatio
1344 4596 1746 4671 perseverent:
1795 4602 1855 4654 In
1908 4596 2017 4654 sua

353 4684 530 4742 porro
561 4684 762 4723 eorum
795 4664 1385 4742 Cle'mentis'operum
1427 4670 1684 4742 editione
1728 4664 2015 4726 Hervetus

353 4740 537 4813 unius
557 4742 971 4797 tantummodo
1011 4740 1355 4813 «incorrecti
1380 4764 1405 4791 ››
1439 4741 1658 4798 codicis
1691 4743 1918 4813 capiam
1953 4759 2015 4798 se

351 4811 664 4886 habuisse,
701 4813 917 4886 fatetur
947 4814 1008 4867 9’.
1045 4812 1162 4886 _Nos
1209 4830 1348 4886 vero
1380 4813 1437 4869 in
1471 4813 1626 4880 aliis,
1661 4811 1778 4884 qua
1811 4813 2013 4886 potui-

352 4899 516 4956 mus,
549 4884 758 4953 majori
793 4883 1118 4955 diligentia,
1162 4885 1380 4956 ubique
1442 4886 1563 4939 sive
1622 4883 1842 4954 nostra,
1896 4885 2016 4941 sive

351 4953 678 5010 amicorum
704 4971 844 5028 cura
860 4953 1269 5028 perquirendis
1282 4953 1383 5011 cod
1397 4956 1584 5012 icibus
1599 4953 1837 5014 omnem,
1869 4974 2017 5028 pene

353 5041 594 5096 operam
631 5027 1016 5096 perdidimus.
1051 5027 1244 5083 Unum
1277 5029 1434 5083 enim
1459 5030 1748 5083 duntaxat
1781 5030 1839 5083 in
1871 5027 2013 5086 ’Cla-

349 5103 702 5171 romontano
733 5098 980 5171 hujusce
1013 5100 1180 5171 regia:
1206 5099 1522 5171 urbingR.
1568 5100 1667 5154 PP.
1717 5101 2016 5156 societatis

350 5169 488 5241 {esu
546 5168 1110 5241 collegio'Graacum
1173 5169 1473 5241 exemplar
1529 5171 1882 5227 invenimus.
1943 5174 2018 5228 At

349 5239 521 5313 illud,
554 5239 790 5313 summa
821 5242 1127 5309 Harduini,
1157 5239 1658 5298 doctislomnibus
1693 5243 2014 5313 notissimi,

351 5311 727 5384 h_1manitate
772 5314 942 5369 nobis
971 5315 1442 5384 suppeditatum,
1503 5315 1722 5369 recenti
1752 5331 1926 5369 manu
1954 5311 2015 5370 in

348 5382 554 5456 charta
586 5401 909 5456 papyracea
941 5382 1329 5454 descriptum,
1353 5385 1542 5454 capite
1570 5386 1724 5440 sicut
1750 5385 1806 5440 in
1841 5387 2018 5443 editis

349 5453 799 5511 minutum’ést.
837 5456 1036 5512 Plures
1067 5453 1242 5513 etiam
1276 5458 1335 5512 in
1369 5474 1434 5512 eo
1469 5462 1788 5512 occurrunt
1838 5457 2014 5512 libra-

353 5525 578 5600 riorum
632 5529 1093 5600 amanuensium
1136 5545 1361 5584 errores
1392 5533 1448 5584 et
1479 5529 1706 5600 lapsus,
1741 5528 1839 5600 qui
1892 5529 2018 5585 sine

348 5597 602 5654 aliorum
635 5599 902 5655 codicum
943 5599 1159 5655 auxilio
1190 5601 1283 5656 vix
1313 5618 1347 5656 a
1403 5597 1703 5672 quoquam
1758 5597 2020 5672 possunt

422 5704 746 5779 '_7_Eus_eb..
807 5707 844 5762 Ι.
879 5725 915 5763 x
944 5707 1194 5779 Praepar-
1237 5724 1442 5779 evang-
1488 5724 1538 5764 ο·
1565 5710 1622 5779 2’

1674 5723 1750 5778 p.
1788 5708 1912 5764 462.
1962 5708 2006 5743 ⁸⁸
2053 5711 2270 5762 Strom.
2317 5704 2356 5761 1.
2407 5719 2485 5778 1_v,

2119 1879 2208 1929 est
2240 1875 2473 1950 publica
2503 1875 2574 1942 ei,
2609 1877 2708 1947 qui
2732 1879 2919 1950 sensit
2943 1879 3772 1950 sermonismagnificentiam,

2120 1946 2593 2022 occultandaest
2615 1946 2929 2022 sapientia,
2964 1965 3090 2022 quae
3135 1950 3289 2004 dicta
3340 1946 3430 2004 est
3462 1952 3521 2005 in
3555 1946 3773 2022 mysta;

2119 2017 2228 2085 rio,
2252 2035 2426 2088 quam
2462 2019 2661 2074 docuit
2688 2017 2878 2074 Filius
2914 2017 3006 2074 Dei
3049 2021 3112 2074 9’.
3149 2043 3175 2070 ››
3208 2027 3380 2076 Putat
3401 2027 3597 2078 autem
3618 2017 3774 2079 Ἠετ-

2117 2094 2286 2167 vetus
2320 2090 2454 2144 huic
2474 2091 2876 2167 Grazco‘textui
2907 2091 3130 2162 aliquid
3176 2094 3404 2167 deesse,
3435 2101 3610 2167 atque
3645 2101 3774 2167 post

2119 2161 2367 2215 verbum
2405 2182 2433 2211 «
2463 2163 2962 2232 magnificentiam
3000 2161 3027 2212 ἡ
3059 2180 3188 2218 esse
3228 2161 3561 2220 addendum
3585 2161 3772 2224 :(c'sed

2121 2233 2303 2309 etiam
2341 2233 2663 2309 mystica._»
2702 2235 2772 2309 Et
2815 2251 2873 2289 re
2905 2234 3144 2309 quidem
3191 2235 3320 2305 ipsa
3373 2237 3493 2309 haec
3541 2238 3774 2309 phrasis

2123 2303 2314 2358 hiulca
2345 2303 2414 2358 ac
2449 2304 2654 2359 mutila
2683 2303 2937 2361 videtur;
2968 2305 3123 2360 Nihil
3158 2303 3351 2360 tamen
3385 2303 3625 2362 aliud'in
3649 2327 3774 2364 ma-

2125 2374 2655 2452 nuscriptomostro
2677 2377 2895 2452 codice,
2929 2393 3106 2452 quam
3131 2379 3190 2432 in
3214 2379 3468 2452 editione
3496 2381 3770 2452 legimus.

2122 2450 2192 2500 At
2217 2447 2394 2529 etiam
2423 2446 2505 2529 ibi
2533 2447 2761 2529 aliquid
2804 2447 3177 2529 librariorum
3234 2446 3774 2529 uscitantia'omis-

2122 2533 2253 2594 sum
2291 2518 2482 2586 fuerit,
2517 2518 2877 2594 deuillorum
2911 2525 3120 2594 tamen
3164 2521 3389 2594 incuria
3437 2539 3643 2594 parum
3677 2526 3777 2579 de-

2122 2590 2332 2645 bemus
2363 2606 2492 2645 esse
2525 2589 2778 2646 solliciti.
2814 2591 2986 2646 Nulla
3026 2591 3321 2662 siquidem
3373 2589 3524 2649 facta
3583 2601 3776 2651 textus

2123 2663 2471 2727 mutatione,
2509 2679 2674 2718 mens
2719 2663 2976 2718 auctoris
3034 2665 3215 2719 nostri
3274 2664 3442 2720 facile
3501 2668 3778 2724 omnibus

2123 2738 2300 2803 patet,
2319 2738 2391 2805 et
2425 2733 2516 2805 hic
2546 2750 2656 2788 non
2693 2735 2864 2805 plane
2887 2735 3176 2789 obscurus
3203 2735 3432 2791 videtur
3458 2737 3621 2794 illius
3645 2756 3780 2794 sen-

2121 2820 2226 2858 sus
2260 2821 2272 2858 :
2309 2804 2533 2875 Duplex
2564 2810 2653 2860 est
2683 2804 2968 2875 Sapientia
3003 2823 3102 2860 seu
3135 2807 3479 2863 Christianae
3519 2810 3782 2867 veritatis

2122 2875 2362 2950 traditio
2401 2892 2419 2950 :_
2465 2893 2582 2950 una
2625 2876 2865 2950 quidem
2915 2877 3148 2950 publica
3197 2879 3284 2950 ei,
3338 2879 3437 2950 qui
3492 2883 3784 2938 sermonis

2123 2952 2264 3017 puta
2311 2946 2513 3021 d_iy_i_ni,
2544 2946 2752 3021 sensit
2809 2946 3304 3021 magnificentiam
3333 2946 3371 3017 ς’
3400 2951 3582 3007 altera
3626 2970 3783 3021 vero,

2123 3034 2298 3092 quam
2333 3017 2512 3092 Filius
2544 3019 2637 3072 Dei
2670 3019 2888 3092 docuit,
2913 3017 2979 3074 in
3011 3020 3284 3092 mysterio
3312 3023 3552 3088 tradita,
3578 3029 3636 3080 et
3656 3017 3784 3079 om;

2124 3088 2501 3168 nibusplane
2531 3090 2908 3168 occultanda,
2944 3088 3091 3145 nulli
3125 3109 3387 3168 unquam
3421 3094 3784 3168 divulganda

2122 3164 2237 3236 est,
2266 3161 2374 3216 nisi
2410 3161 2494 3236 illi
2535 3160 2665 3226 soli,
2699 3162 2802 3236 qui
2847 3179 2960 3217 non
2990 3160 3242 3236 flantum—
3293 3160 3784 3236 linguamfsicut

2129 3233 2334 3310 Isaias,
2367 3233 2473 3310 sed
2525 3238 2699 3310 artes
2731 3235 2904 3288 etiam
2949 3235 3020 3289 ab
3053 3235 3210 3290 omni
3263 3233 3407 3292 vitii"
3442 3237 3569 3293 labe
3600 3255 3781 3310 puras

2132 3308 2438 3373 castusque
2463 3305 2751 3360 habuerit.

2201 3376 2398 3446 Neque
2430 3376 2605 3433 etiam
2643 3376 2828 3432 facilis
2857 3376 3098 3432 Herveto
3128 3376 3254 3432 visa
3283 3383 3372 3433 est
3403 3379 3722 3437 citarorum
3753 3399 3787 3438 a

2125 3445 2422 3573 gemente
2447 3453 2648 3504 nostro
2682 3448 2891 3503 borum
2917 3448 3217 3520 Euripidis
3240 3450 3567 3506 carminum
3589 3467 3785 3509 emen-

2171 3536 2202 3573 a
2234 3536 2288 3572 10
2324 3535 2336 3572 :

2171 3519 2288 3573 atio
2324 3535 2336 3572 :

2199 3590 2271 3643 Οό
2307 3585 2480 3643 δεῖται
2515 3589 2616 3665 γᾷρ
2650 3589 2677 3665 ξ)
2710 3591 2870 3665 Θεὸς1
2897 3587 3046 3665 εἷξπξρ
3081 3585 3187 3644 ἔστ’
3224 3590 3401 3665 ᾆρίθῶς
3431 3593 3582 3665 Θεὸς,

2205 3703 2216 3715 .
2256 3705 2268 3716 .
2315 3703 2326 3716 .
2363 3704 2375 3716 .
2411 3703 2422 3715 .
2460 3705 2471 3717 .
2507 3658 2751 3738 .’ἁριδῧ›ν
2787 3659 2908 3738 οἵδε
2939 3658 3198 3738 audentior
3229 3658 3391 3738 λ’όγρι
3415 3666 3477 3717 9‘.

2202 3736 2263 3788 In
2298 3736 2425 3788 su's
2453 3735 2666 3790 etenim
2703 3737 2768 3790 ad
2818 3735 2970 3790 hunc
2991 3735 3549 3793 Clementis'locum'
3582 3739 3784 3794 obser-

2128 3806 2461 3889 vationibus
2493 3806 2602 3889 sib‘i
2623 3806 2901 3889 subolere
2933 3808 3076 3889 dicit
3103 3813 3234 3889 post
3257 3809 3521 3889 primum
3547 3826 3783 3889 carmen

2129 3875 2383 3947 aliquem
2417 3893 2545 3932 esse
2578 3877 2848 3962 hiatum":
2879 3880 2978 3962 sed
3015 3875 3280 3962 quid-ibi:
3319 3881 3575 3962 deﬁciat,
3630 3882 3782 3962 divi-

2139 3965 2278 4004 nare
2312 3965 2373 4003 se
2413 3967 2526 4003 non
2565 3967 2754 4021 posse.
2792 3952 2868 4005 Ex
2916 3950 3205 4021 Euripidis
3256 3957 3450 4006 tamen
3502 3953 3784 4013 tragoedia

2130 4037 2259 4091 quae
2295 4022 2551 4076 Hercules
2580 4023 2776 4093 furens
2807 4022 3172 4087 inscribitur,
3224 4022 3368 4077 illud
3413 4023 3563 4078 scire
3615 4024 3784 4080 facile

2131 4097 2382 4164 poterat,
2415 4094 2460 4147 si
2497 4093 2733 4164 adeam
2762 4110 2862 4164 pro
2907 4094 3096 4149 ofﬁcio
3131 4109 3236 4147 suo
3269 4095 3431 4148 adire
3483 4095 3780 4150 voluisset.

2130 4163 2627 4252 Duquuippe‘il’la
2660 4163 2922 4252 carmina
2954 4163 3177 4247 sublato
3197 4165 3274 4252 ab
3299 4164 3465 4252 initio
3490 4167 3663 4236 primi
3685 4169 3784 4252 ad-

2126 4235 2324 4307 verbio
2351 4235 2440 4307 νού,
2473 4239 2530 4290 et
2561 4235 2618 4289 in
2653 4236 2896 4290 secundi
2930 4235 3215 4306 principio
3247 4235 3652 4307 adjecta’voce
3683 4236 3779 4291 οὐ-

2129 4302 2282 4365 δενὸς
2312 4306 2397 4362 sic
2431 4307 2656 4378 integra
2689 4302 2981 4362 habentur
3010 4307 3053 4340 ⁹⁸
3086 4323 3099 4361 :

2201 4376 2531 4450 ᾼεᾲῖςαιλγάρ.
2561 4376 2629 4450 _._.
2667 4419 2678 4431 .
2717 4419 2729 4432 .
2769 4418 2781 4431 .
2821 4419 2832 4432 .

2202 4444 2436 4508 Οὐδενόξ
2483 4444 2718 4502 ¹ἀοιδῶν.
2759 4491 2771 4503 .
2809 4489 2822 4504 .
2861 4490 2873 4503 .
2907 4491 2920 4503 .
2957 4489 2970 4502 .
3004 4489 3016 4502 .

2128 4536 2376 4590 quorum
2411 4520 2533 4576 haec
2564 4527 2652 4576 est
2675 4521 2880 4576 Latina
2921 4520 3363 4592 interpretatio:

2199 4597 2341 4665 Nam
2372 4594 2532 4660 Deus,
2558 4595 2654 4663 qui
2674 4592 2895 4665 quidem
2925 4609 3114 4648 revera
3149 4594 3284 4648 Deus
3314 4593 3410 4656 sit,
3440 4594 3651 4664 indiget

2198 4663 2435 4719 Nullius.
2467 4663 2760 4719 Poetarum
2791 4665 2874 4719 hae
2903 4666 3126 4720 miserae
3155 4665 3363 4736 fabula'
3391 4675 3536 4721 sunt.

2194 4736 2530 4791 Theodorus
2563 4740 2759 4792 autem
2791 4737 3081 4791 Canterus
3106 4737 3326 4791 frustra
3358 4737 3642 4792 medicam
3661 4753 3784 4792 ma-

2127 4823 2266 4880 num
2301 4809 2580 4864 adhibere
2601 4808 2783 4863 voluit
2806 4807 2938 4863 aliis
2979 4809 3338 4879 quibusdam
3403 4810 3719 4880 descriptis
3752 4826 3786 4864 a

2127 4878 2425 4934 Clemente
2484 4885 2684 4935 nostro
2760 4877 3012 4934 Pindari“
3081 4881 3444 4934 carminibus
3506 4896 3516 4934 :
3573 4877 3628 4932 εὖ
3691 4878 3782 4932 ἀν-

2127 4946 2269 5022 δρῶν
2303 4952 2368 5016 9°,
2400 4952 2667 5007 elc.Nam
2695 4950 2791 5006 ille
2825 4969 2936 5005 nun
2974 4951 3118 5006 satis
3151 4952 3640 5007 animadverterat
3663 4950 3785 5006 hmo

2130 5023 2200 5078 ab
2229 5023 2480 5078 Eusebio
2507 5041 2618 5078 non
2664 5023 2855 5078 solum
2909 5024 3110 5078 eodem
3146 5023 3319 5077 modo
3342 5032 3514 5091 atque
3571 5022 3630 5076 in
3679 5039 3783 5076 no-

2129 5103 2250 5153 stra
2283 5095 2482 5150 referri
2536 5095 3036 5150 Clementinorum
3071 5110 3312 5165 operum
3345 5093 3637 5165 editione;
3687 5109 3785 5165 ve:

2127 5185 2259 5225 rum
2321 5167 2495 5221 etiam
2525 5183 2592 5220 ea
2632 5167 2786 5237 apud
2820 5163 3124 5237 eumdemf
3153 5164 3469 5237 Eusebium
3524 5165 3581 5218 in
3615 5163 3787 5218 metri

2129 5241 2379 5296 formam
2406 5239 2559 5309 quod
2600 5235 2998 5293 in‘Clementis
3021 5235 3504 5291 editionefactum
3531 5252 3647 5290 non
3677 5240 3788 5306 est,

2129 5312 2210 5368 ita
2245 5309 2562 5367 transcribi
2601 5323 2614 5363 :

2200 5383 2298 5438 Ἐν
2333 5378 2568 5452 ἀνδρῷγ,
2601 5377 2655 5432 ἵν
2691 5378 2826 5452 θεῶν
2860 5375 3038 5452 γένος,

2201 5456 2294 5509 Ἐκ
2329 5445 2456 5524 μιᾶξ
2491 5445 2562 5504 δὲν
2585 5449 2790 5522 ματρὸς
2811 5445 3044 5524 πῆἑομεν
3070 5445 3258 5524 ἄμφω.

2209 5522 2407 5583 Virum
2437 5540 2612 5578 unum
2638 5526 2715 5576 est
2744 5538 2808 5576 ac
2836 5522 2995 5576 deum
3023 5522 3212 5592 genus,

2199 5600 2370 5654 Matre
2400 5595 2672 5665 spiritum
2701 5593 2859 5648 ambo
2889 5593 3177 5648 hausimus
3201 5593 3269 5648 ab
3301 5609 3415 5647 una
3445 5594 3508 5648 ⁸⁷.

2547 5718 2603 5774 p.
2638 5701 2924 5774 1176,7477.
2974 5700 3040 5774 "__
3067 5701 3283 5756 Strom.
3335 5700 3373 5774 l.
3408 5719 3505 5774 v11,
3550 5719 3606 5774 p.
3656 5704 3786 5759 767.

351 5775 396 5811 ⁹⁰
426 5775 676 5846 Theod.,
709 5778 892 5849 Epist.
929 5781 1000 5834 ad
1029 5771 1213 5834 libros
1244 5771 1694 5837 harffabulfet
1740 5777 1782 5832 l.
1814 5797 1850 5847 1,
1882 5796 1931 5834 c.
1965 5781 2037 5849 8;
2072 5778 2357 5841 Cassiod.,
2405 5771 2484 5829 De
2538 5771 2726 5828 instit.
2775 5772 2956 5826 divin.
3007 5771 3206 5826 litter..
3242 5788 3270 5827 c
3327 5773 3381 5827 8.
3407 5773 3448 5809 ⁹¹
3483 5771 3590 5830 art.
3657 5793 3787 5904 διὲξ.

351 5848 398 5882 ⁹²
447 5847 677 5904 Hervet.
725 5849 784 5904 in
845 5867 956 5904 sua
1004 5849 1144 5904 edit.
1197 5867 1290 5904 an.
1356 5850 1516 5904 1590.
1570 5867 1626 5904 n.
1688 5851 1816 5904 353.
1865 5852 1986 5904 374.
2068 5851 2113 5886 ⁸³
2171 5849 2273 5904 lib.
2331 5865 2371 5904 1.
2423 5863 2476 5904 υ.
2522 5843 2650 5900 297.
2729 5845 2774 5885 οι
2809 5843 2847 5898 ι.
2903 5860 2956 5904 v,
3011 5861 3066 5904 ι).
3110 5845 3235 5898 584.
3315 5844 3359 5880 9‘
3388 5861 3570 5904 carm.
3624 5848 3689 5902 13
3771 5887 3787 5904 ,

351 5848 398 5882 ⁹²
447 5847 677 5904 Hervet.
725 5847 784 5904 in
845 5867 956 5906 sua
1004 5849 1144 5906 edit.
1197 5867 1290 5905 an.
1356 5850 1516 5915 1590,

1570 5867 1626 5920 p.
1688 5843 1986 5917 353,371.
2025 5843 2034 5849 ’
2068 5851 2113 5886 ⁸³
2171 5849 2273 5905 lib.
2331 5865 2371 5917 1,
2423 5863 2476 5918 p.
2522 5843 2650 5900 297.

2729 5845 2774 5885 9‘
2809 5843 2847 5898 ι.
2903 5860 2956 5909 v,
3009 5861 3066 5916 p.
3110 5845 3235 5898 584.
3315 5844 3359 5880 9‘
3388 5861 3570 5904 carm.
3624 5848 3689 5902 13

351 5920 397 5961 ³⁸
418 5917 458 5976 l.
493 5936 548 5991 v,
583 5938 640 5995 p.
672 5919 799 5978 598.
831 5923 876 5958 ⁸⁷
907 5922 1144 5995 Euseb.,
1177 5919 1218 5978 l.
1250 5917 1635 5996 x111Pra3par.
1675 5937 1906 5998 evang,
1938 5939 1990 5981 c.
2015 5923 2104 5992 13,
2138 5938 2196 5996 p.
2228 5921 2355 5976 675.
