4110 6396
289 256 435 312 1073

1564 266 1660 320 DE
1695 266 1932 323 LIBRIS
1970 266 2442 325 STROMATUM.

3581 269 3720 328 1074

285 408 316 436 ‹‹
351 385 578 464 Christi
631 402 868 458 quoque
921 388 1265 464 familiares,
1297 389 1514 462 inquit,
1559 392 1660 464 qui
1709 393 1954 449 verbum
1985 395 2040 461 Α
2071 395 2264 450 cordis
2295 394 2521 451 homini
2555 397 2768 453 mirum
2821 398 3115 456 videbitur
3163 399 3314 456 hanc
3363 399 3716 455 sententiam

284 457 786 530 praedicaverunt,
811 466 1119 530 postquam
1151 462 1279 530 ipse
1309 457 1558 519 excessit
1579 457 1638 520 ’θ
1684 465 1827 530 vita,
1865 465 1955 520 usi

284 536 433 616 sunt
465 529 845 616 parabolis.)
867 529 1014 616 Quid
1041 529 1238 616 autem
1256 534 1655 616 ‘sit‘parabola,
1681 529 1953 616 aenigma,

284 608 525 672 tropus,
549 607 607 678 et
637 601 764 656 alite
796 601 856 678 in
884 603 1208 678 Scripturis
1238 601 1564 661 dictionum
1601 601 1954 678 ﬁgurzeﬁpse

285 674 675 744 postmodum
706 673 957 748 explicat
986 673 1050 728 ‘7.
1083 676 1164 730 De
1191 677 1284 732 his
1331 695 1504 748 porro
1553 673 1795 734 consule
1844 673 1951 734 au-

284 751 515 819 storem
548 747 1116 819 commentariorum
1142 748 1196 802 iu
1232 747 1408 818 caput
1437 767 1454 804 ι
1488 750 1758 806 Proverb.
1795 753 1949 819 apud

283 817 740 888 Hieronymum,
771 816 909 873 item
969 816 1380 876 Cassiodorum
1431 820 1535 876 lib.
1568 824 1641 876 De
1687 816 1948 878 schemat.

283 898 338 944 et
371 893 544 959 lrop.,
579 904 712 964 pag.
745 889 873 964 620,
918 895 1096 964 atque
1153 892 1332 964 etiam
1391 893 1813 962 Augustinum,
1849 894 1950 964 qui

285 958 939 1037 troporumscient‘iam
963 958 1034 1016 ad
1060 958 1843 1037 intelligendasScripturas
1865 958 1949 1020 di-

285 1033 368 1087 cit
398 1048 530 1086 esse
562 1032 768 1086 utilem
792 1032 857 1086 ⁸⁸.

357 1110 698 1176 Antequam
719 1103 855 1158 huic
879 1103 1250 1176 deomnibus
1265 1107 1590 1175 generatim
1627 1107 1946 1176 Scripturaa

288 1190 472 1229 sacra:
502 1174 673 1230 libris
705 1174 962 1229 sermoni
1015 1177 1190 1230 ﬁnem
1245 1174 1642 1246 imponamus,
1677 1174 1945 1235 animad-

288 1247 637 1320 vertendum
657 1253 750 1320 est
770 1246 1060 1320 explicata
1079 1247 1496 1320 difficillimum
1519 1267 1647 1306 esse
1671 1253 1808 1320 quid
1833 1251 1946 1306 sibi

289 1317 566 1393 Clemens
586 1317 744 1393 velit,
768 1335 901 1372 cum
926 1319 1165 1393 scripsit
1193 1327 1444 1393 quatuor
1471 1317 1947 1393 Jerosoliymitani

285 1388 498 1464 templi
530 1389 839 1464 columnas
869 1406 999 1464 esse
1028 1388 1184 1463 ἁγίας
1208 1388 1464 1463 ’μήνομα
1522 1388 1779 1464 τετράδος
1830 1390 1947 1447 δια-

290 1457 482 1525 θηκῶν
510 1457 777 1515 παλαιῶν.
813 1484 840 1511 ιι
867 1457 1112 1534 Signum
1137 1457 1351 1518 sanctae
1374 1457 1949 1534 quaternionisvete-

295 1549 435 1586 rum
467 1537 942 1608 testamentorum
963 1533 1026 1588 ‘9.
1052 1556 1080 1584 ››
1105 1535 1254 1599 Quid
1277 1533 1435 1608 enim
1460 1537 1583 1593 haec
1613 1555 1642 1592 s
1670 1539 1950 1608 gnilicent

294 1620 364 1658 se
397 1619 514 1678 non
546 1602 863 1678 intelligere
899 1607 1176 1678 Uervetus
1208 1606 1397 1676 palam
1435 1602 1758 1678 proﬁtetur.
1794 1618 1868 1665 At
1899 1609 1946 1664 si

289 1675 653 1749 conjecturis
673 1675 982 1749 indulgere
1000 1676 1192 1741 liceat,
1209 1675 1246 1733 a
1263 1694 1396 1733 vero
1420 1675 1533 1734 non
1560 1698 1799 1749 prorsus
1813 1681 1948 1737 alie-

288 1761 435 1832 nuru
461 1745 630 1802 nobis
651 1745 1140 1832 videriI’dicemus
1163 1749 1238 1832 ibi
1270 1745 1623 1832 Clementem
1650 1755 1719 1832 ad
1736 1770 1948 1832 quam-
1978 1769 2023 1832 Β

288 1817 430 1871 dam
455 1817 1081 1888 respexisselibrorum
1102 1821 1327 1877 Veteris
1345 1823 1700 1878 Testamenti
1716 1817 1947 1880 divisio-

289 1905 588 1966 neruique
605 1907 704 1966 eos
718 1891 957 1960 quidam
979 1893 1304 1966 quatuorin
1323 1899 1536 1966 partes,
1557 1897 1763 1965 putaiu
1789 1897 1946 1966 lega-

288 1959 400 2038 les,
414 1959 754 2038 historicos,
775 1959 1154 2038 paraeneticos
1169 1968 1226 2038 et
1244 1959 1634 2038 propheticus,
1651 1968 1732 2023 vel
1750 1959 1945 2038 aliquo

289 2030 406 2086 alio
465 2032 1136 2110 modo__distribuebant
1187 2030 1269 2091 De
1301 2030 1641 2110 hacautem
1695 2030 1946 2110 aliisque

289 2120 599 2178 sacrorum
634 2103 868 2178 illorum
893 2104 1258 2162 voluminum
1294 2108 1728 2178 partitionibus,
1749 2103 1944 2176 multi,

286 2191 440 2252 quos
467 2175 863 2252 facilequivis
893 2178 1198 2252 consulere
1231 2175 1464 2252 poterit,
1496 2182 1683 2236 multa
1712 2175 1946 2252 scriptis

284 2247 686 2303 tradiderunt.
721 2247 782 2302 Si
813 2249 948 2318 quis
984 2265 1152 2319 porro
1199 2249 1376 2306 aliam
1410 2252 1694 2308 veriorem
1737 2247 1943 2309 verbo-

283 2335 431 2392 rum!
455 2319 778 2392 Clementis
811 2319 1258 2392 explicationem
1301 2339 1617 2392 suggerere
1647 2324 1802 2390 velit,
1841 2343 1944 2380 nos

285 2390 541 2447 minime
573 2391 932 2448 reluctantes
963 2391 1023 2447 in
1048 2410 1217 2448 suam
1250 2390 1605 2450 sententiam
1637 2397 1908 2452 adducet.

863 2525 1272 2583 ARTICULUS
1313 2527 1380 2584 II.

280 2631 520 2696 Moysen
575 2639 692 2680 esse
748 2625 1115 2680 Pentateuchi
1171 2634 1471 2690 auctorem,
1501 2629 1597 2682 ubi
1628 2629 1769 2684 etde
1797 2632 1945 2696 ejus-

393 2714 484 2752 em
517 2698 725 2768 Moysis
753 2704 936 2768 (etate,
966 2698 1081 2752 vita
1111 2699 1392 2768 variisque
1419 2701 1738 2754 nominibus
1764 2719 1778 2768 ;
1811 2702 1944 2756 item

357 2769 424 2823 de
457 2767 712 2839 Αἶρε]ριἰο
742 2767 985 2836 homine,
1019 2784 1179 2838 quem
1205 2767 1310 2822 ille
1334 2771 1494 2824 verbo
1539 2767 1805 2828 occidisse
1853 2773 1944 2827 di-

364 2840 514 2893 citur
536 2856 554 2899 ;
582 2841 648 2894 de
673 2840 820 2894 miro
843 2855 946 2909 quo
970 2841 1066 2895 ille
1088 2840 1394 2908 Nechephri
1413 2843 1803 2911 AEgyptiorum
1824 2847 1946 2911 regi

366 2911 630 2977 apparuit
658 2911 813 2967 modo
827 2928 846 2972 ,ο
868 2913 1120 2983 denaria
1148 2912 1562 2983 multiplicique
1591 2916 1748 2968 illius
1771 2917 1946 2970 scien-

365 2984 448 3036 tia
476 2991 529 3037 et
555 2983 830 3050 sapientia
854 2999 873 3042 .·
923 2982 990 3036 de
1034 2984 1154 3051 ejus
1202 2982 1337 3054 lege,
1364 2982 1529 3054 quam
1559 2985 1798 3053 benigna
1825 2990 1899 3041 sit
1923 3004 1942 3048 .-

359 3069 468 3134 quo
490 3055 619 3134 jure
639 3056 911 3134 israelitee
931 3054 1214 3134 ﬁgyplios
1243 3057 1608 3134 spoliauerit}!
1632 3077 1651 3120 ,-
1681 3059 1941 3134 quomodo

349 3240 733 3340 Thriasybulus
763 3285 913 3330 suos,
943 3239 1210 3331 ducendo.
1243 3275 1294 3325 et
1327 3271 1593 3340 quomodo
1629 3275 1937 3329 moriturus

343 3358 383 3396 a
413 3342 574 3397 Iosue
601 3350 654 3397 et
679 3341 850 3397 Caleb
876 3341 1092 3412 duplex
1115 3343 1260 3396 visus
1288 3345 1482 3412 fuerit.

347 3467 429 3521 Ad
461 3467 752 3549 quosdam
784 3464 1186 3549 particulatim
1203 3481 1397 3549 sacrm
1426 3465 1735 3549 Scriptura:
1757 3467 1936 3549 libros

270 3540 340 3592 ut
364 3536 693 3610 veniamus.
718 3537 908 3610 primo
923 3537 1168 3610 quidem
1198 3536 1470 3610 Clemens
1503 3537 1718 3610 librum
1751 3544 1932 3596 Gene-

266 3625 404 3682 seos
443 3608 652 3682 Moysi,
684 3607 817 3664 vero
848 3607 1010 3682 illius
1057 3608 1284 3682 auctori
1314 3609 1705 3664 disertissime
1753 3613 1935 3667 ascri-

268 3681 381 3737 bit.
412 3679 721 3747 Quoddam
780 3679 937 3752 enim
991 3680 1417 3752 testimonium,
1451 3697 1519 3735 ex
1562 3698 1627 3736 eo
1654 3683 1932 3752 deprom-

272 3757 470 3822 ptum,
487 3754 618 3826 Ahsac
641 3753 737 3808 ille
761 3752 907 3826 citat
928 3751 984 3806 in
1007 3753 1210 3807 verba:
1230 3751 1932 3826 «SapieknlissimusMoy-

270 3841 371 3880 ses
402 3823 645 3897 pulchre
665 3823 1023 3897 repetitione
1070 3839 1244 3897 usus,
1271 3823 1621 3897 significavit
1672 3823 1932 3897 corporis

271 3901 335 3951 et
386 3894 600 3952 animai
661 3894 1159 3966 incorruptionem
1214 3894 1553 3952 deseribens
1583 3896 1642 3951 in
1676 3894 1934 3955 Rebecca

273 3968 390 4023 hoc
423 3969 597 4024 modo
623 3984 636 4022 :
670 3989 698 4018 «
722 3966 900 4037 Virgo
928 3971 1122 4022 autem
1147 3973 1271 4022 erat
1294 3967 1563 4036 pulchra,
1585 3968 1674 4023 vir
1695 3987 1810 4025 non
1833 3988 1933 4027 co-

269 4038 480 4112 gnovit
508 4056 638 4095 eam
661 4039 782 4112 “.3,
806 4037 961 4093 Alibi
1005 4055 1177 4094 vero:
1229 4061 1277 4112 (ξ
1283 4039 1510 4112 Moyses
1558 4039 1789 4097 videtur
1817 4042 1932 4099 Do-

276 4109 515 4167 ininum
563 4109 861 4183 appellare
910 4115 1190 4186 pactum:
1244 4109 1395 4167 Ecce
1413 4127 1542 4183 ego,
1575 4112 1798 4181 dicens,
1831 4132 1932 4186 pa-

269 4186 437 4238 ctum
472 4182 667 4239 meum
697 4187 889 4238 tecum
920 4182 985 4235 Μ.
1023 4204 1053 4232 ››

347 4255 624 4325 Ejusdem
659 4270 893 4325 quoque
911 4252 1129 4324 Moysis
1152 4253 1389 4325 nomine
1418 4255 1838 4323 transcriptum
1864 4272 1934 4312 ex

269 4324 717 4398 Denteronomii
748 4324 904 4398 libro;
943 4324 1347 4398 testimonium
1381 4327 1464 4381 ita
1492 4325 1589 4381 ille
1622 4326 1759 4382 alibi
1795 4345 1930 4398 pro-

263 4397 450 4453 tulit:
490 4421 511 4447 ι
547 4397 712 4454 Unde
743 4397 828 4453 eis
849 4396 1070 4452 dictum
1091 4401 1235 4451 esta
1257 4397 1488 4464 Moyse:
1542 4398 1658 4468 Ego
1689 4396 1928 4454 aemula-

267 4471 437 4526 tione
467 4486 568 4525 vos
600 4469 925 4540 provocabo
956 4469 1022 4539 ⁸⁸,
1055 4489 1077 4518 ι
1119 4471 1250 4540 etc.
1285 4470 1434 4532 Quid
1494 4469 1671 4540 quod,
1722 4472 1926 4526 eodem

266 4541 470 4596 adhuc
501 4537 715 4613 Moysis
746 4539 986 4613 nomine
1007 4537 1213 4613 'ab_illo
1266 4544 1396 4608 post
1444 4537 1772 4613 Barnabam
1814 4541 1930 4613 alia

263 4611 611 4668 laudantur
644 4629 755 4667 non
818 4611 1012 4668 solum
1075 4611 1534 4674 Deuteronomii,
1590 4613 1689 4667 sed
1749 4612 1925 4668 etiam

263 4685 451 4741 Exodi
487 4682 612 4740 loca
632 4684 724 4738 '3?
757 4683 865 4739 Sed
895 4684 1036 4752 quid
1077 4699 1238 4755 opus
1285 4688 1375 4738 est
1421 4682 1685 4755 singulos
1712 4684 1927 4755 Moysis

265 4756 458 4812 libros
483 4772 844 4826 percurrere,
867 4772 1002 4810 cum
1025 4754 1296 4810 Clemens
1319 4771 1454 4809 eum
1503 4753 1684 4810 totius
1716 4753 1924 4812 Penta-

265 4828 466 4884 leuchi
499 4833 800 4884 auctorem
833 4842 962 4882 esse
985 4826 1065 4880 ibi
1089 4827 1306 4880 diserte
1329 4833 1572 4888 asserat,
1599 4827 1696 4881 ubi
1732 4845 1926 4884 mora-

262 4899 356 4955 les
386 4899 563 4969 leges,
597 4916 723 4969 quae
755 4897 812 4953 in
845 4915 914 4954 eo
946 4896 1242 4968 leguntur,
1272 4899 1342 4969 ab
1373 4897 1502 4969 ipso
1536 4899 1733 4968 Moyse
1775 4900 1921 4955 scri-

264 4976 404 5044 ptas
426 4968 556 5044 esse
573 4968 787 5044 tradit:
825 4989 852 5021 α
883 4969 1118 5024 Clarum
1139 4973 1259 5044 est,
1292 4968 1508 5041 inquit,
1541 4987 1746 5044 omnes
1777 4988 1920 5043 quo-

264 5039 386 5110 que
415 5043 562 5097 alias
593 5042 1011 5112 virtutemque:
1039 5039 1269 5112 scripta:
1302 5039 1442 5096 sunt
1471 5044 1624 5112 apud
1659 5039 1920 5111 Moysen,

259 5113 322 5167 αἱ
351 5113 498 5187 παρᾶ
527 5116 825 5187 τᾼῷΜωο-εῖ
861 5110 1362 5187 ᾀναγ-εγραμμὲνᾳξ,
1398 5110 1736 5187 praebuisse
1757 5110 1920 5169 Grai-

258 5187 349 5243 cis
383 5183 740 5258 principium
772 5183 1102 5258 totius‘lOCi
1133 5184 1374 5258 moralis
1396 5185 1456 5239 ⁸⁸.
1487 5209 1539 5258 ξ,
1574 5185 1679 5239 Ubi
1736 5187 1916 5254 enim,

254 5255 474 5314 amabo
506 5255 728 5327 te,'nisi
780 5257 837 5312 in
896 5255 1308 5328 Pentateucbo,
1340 5256 1426 5312 ha:
1487 5256 1703 5328 Moysis
1764 5258 1916 5327 leges

250 5330 496 5403 scriptae
554 5328 752 5385 sunt?
809 5331 882 5382 At
935 5327 1179 5392 nemini,
1223 5327 1305 5383 uti
1366 5327 1667 5399 putamus,
1702 5328 1915 5384 sinceri

2069 466 2141 520 ab
2164 467 2564 522 eruditissimo
2597 480 2831 526 auclore
2867 480 3068 528 nostro
3098 472 3573 528 constantis-ima
3593 489 3718 541 pro-

2065 540 2340 614 pugnari,
2372 556 2549 609 quam
2583 543 2778 597 divina
2809 544 2959 598 sacri
2994 545 3302 614 utriusque
3355 540 3712 599 Testameuti

2065 611 2435 684 auctoritate,
2467 629 2543 684 ac
2567 621 2842 684 perpetua
2893 625 2946 671 et
2993 611 3324 671 certissima
3371 621 3712 670 sanctorum

2064 680 2301 758 Patrum
2353 680 2687 758 traditione,
2721 694 2894 758 atque
2941 687 3065 756 ipso
3115 687 3292 742 etiam
3348 702 3712 758 paganorum

2063 752 2415 830 scriptorum
2439 755 2784 830 testimonio
2805 752 3093 830 asser'tam
3115 764 3170 813 et
3197 752 3520 830 probatam,
3542 756 3714 830 pauci

2062 829 2292 901 tantum
2314 826 2556 901 quidam
2584 831 2931 885 recentiores
2954 826 3281 885 incredibili
3302 847 3447 901 pene
3469 826 3715 884 audacia

2062 895 2396 966 improbare
2426 899 2552 952 ausi
2586 904 2744 954 sunt.

2133 986 2434 1040 Addamus
2467 994 2686 1055 tamen,
2722 987 2769 1041 si
2801 988 2968 1056 velis,
3002 989 3242 1044 stultam
3308 989 3469 1044 illam
3522 987 3710 1042 insul-

2061 1071 2258 1130 serum
2283 1057 2598 1130 hominum
2636 1060 3014 1127 pertinaciam
3042 1061 3131 1116 his
3150 1060 3342 1114 adhuc
3371 1061 3710 1130 expressius

2061 1128 2244 1202 relelli
2271 1127 2586 1202 Clementis
2612 1133 2802 1185 verbis
2829 1149 2840 1184 :
2868 1154 2896 1179 «
2921 1134 3171 1186 Mosaica
3193 1133 3428 1202 quidem
3448 1127 3711 1201 philoso-

2063 1199 2198 1268 phia
2231 1201 2658 1271 quadripertito
2701 1203 3008 1265 dividitur,
3039 1212 3096 1258 et
3127 1203 3182 1256 in
3211 1199 3435 1273 partem
3458 1199 3710 1258 histori-

2060 1287 2210 1344 cam,
2243 1277 2300 1325 et
2336 1287 2474 1344 eam?
2521 1289 2649 1342 quae
2708 1273 2939 1344 preprie
2969 1281 3209 1330 vocatur
3265 1275 3546 1344 legitima,
3580 1291 3710 1342 qua:

2059 1341 2302 1410 quidem
2335 1341 2549 1398 fuerint
2578 1341 2832 1415 proprias—
2855 1361 3083 1400 morum
3116 1341 3482 1401 tractationis
3515 1365 3528 1412 ;
3591 1341 3708 1399 ter-

2060 1415 2204 1487 tiam
2231 1417 2425 1468 autem
2450 1432 2602 1480 eam,
2627 1433 2754 1487 quae
2787 1417 3040 1487 pertinet
3089 1419 3160 1471 ad
3211 1417 3516 1482 sacriﬁcia,
3551 1416 3706 1485 quod

2059 1483 2299 1554 quidem
2331 1493 2421 1540 est
2451 1483 2670 1560 naturae
2698 1483 3213 1560 contemplationis
3247 1506 3260 1555 ;
3311 1495 3370 1544 et
3414 1483 3709 1560 postremo

2058 1560 2345 1630 quartam
2387 1558 2642 1627 speciem
2700 1558 3108 1629 theologicam,
3141 1576 3269 1630 quae
3313 1558 3710 1626 est'superna

2059 1625 2555 1701 contemplati—or“.
2584 1651 2611 1679 »
2645 1637 2718 1685 At
2738 1625 2955 1700 quibus
2986 1625 3109 1687 hanc
3141 1625 3395 1701 reperies
3426 1631 3482 1684 in
3517 1625 3706 1696 libris,

2062 1698 2174 1774 nisi
2208 1699 2263 1751 in
2296 1697 2495 1774 iisqui
2539 1697 2767 1774 Moysis‘
2799 1703 3036 1758 nomine
3091 1697 3379 1758 hactenus
3436 1702 3706 1771 inscripti

2059 1771 2388 1844 leguntur?
2439 1773 2584 1844 Quid
2619 1771 2892 1844 denique,
2927 1776 3083 1844 quod
3117 1774 3387 1828 Clemens
3437 1774 3705 1828 ethnicos

2058 1841 2442 1916 philosOphos
2471 1841 3025 1916 exiisdem—Moysis
3058 1845 3247 1910 libris,
3279 1863 3408 1908 sua,
3445 1851 3506 1898 ut
3554 1846 3706 1898 inl'ra

2058 1913 2407 1985 videbimus,
2442 1915 2666 1969 veriora
2716 1913 2993 1985 dogmata
3050 1917 3320 1971 hausisse
3378 1916 3591 1970 asserit
3636 1932 3703 1968 ac

2056 1984 2470 2057 demonstrat?
2522 1987 2632 2041 Sed
2675 1987 2754 2052 id,
2786 1984 2938 2057 quod
2976 1990 3102 2057 ipsa
3133 1988 3260 2042 luce
3318 1988 3535 2040 clarius
3591 1994 3700 2052 est,

2057 2054 2325 2130 pluribus
2357 2057 2619 2130 stabilire
2651 2054 3016 2128 argumentis
3054 2076 3188 2113 cum
3221 2059 3582 2130 superﬂuum
3618 2058 3703 2111 vi-

2055 2128 2434 2200 deatur,quid
2465 2130 2536 2182 de
2571 2130 2822 2199 ipsomet
2869 2135 3066 2200 Moyse
3094 2128 3392 2199 singulare
3423 2137 3478 2184 et
3499 2133 3700 2185 obser-

2054 2204 2189 2323 Xatu
2236 2199 2482 2323 dignum
2534 2200 2629 2256 ille
2679 2201 2910 2267 dixerit,
2938 2199 3062 2272 jam
3096 2219 3128 2257 a
3160 2203 3329 2257 nobis
3360 2203 3698 2257 examinan—

2100 2287 2195 2323 um
2227 2287 2291 2323 es
2324 2313 2337 2323 .

2100 2287 2195 2324 um
2227 2279 2337 2325 est.

2127 2365 2206 2414 De
2236 2359 2397 2414 illius
2419 2365 2604 2428 relate,
2631 2361 2906 2416 omnibus
2937 2361 3169 2417 Grtseias
3202 2360 3569 2430 philosophis
3595 2377 3702 2415 an-

2056 2430 2330 2504 tiquiore,
2366 2430 2535 2501 plura
2575 2433 2807 2501 quidem
2859 2433 3128 2488 Clemens
3177 2439 3374 2488 noster
3422 2435 3702 2504 disputat,

2055 2503 2352 2575 variisque
2381 2504 2676 2558 variorum
2711 2509 3015 2559 auctorum
3067 2505 3484 2575 chronologiis,
3517 2503 3549 2558 a
3601 2520 3705 2558 no-

2057 2574 2150 2646 bis
2180 2573 2331 2628 infra
2366 2582 2633 2630 accurate
2664 2577 3176 2646 repraesentandis,
3200 2573 3407 2646 probat
3435 2576 3704 2631 eumdem

2055 2645 2291 2716 Moysen
2344 2651 2400 2699 et
2449 2645 2807 2717 paganorum
2857 2647 2995 2712 diis,
3025 2653 3082 2702 et
3126 2645 3406 2702 omnibus
3465 2647 3703 2703 illorum

2055 2717 2420 2790 sapientibus
2451 2734 2518 2772 ac
2555 2718 2942 2789 philosophis,
2970 2719 3351 2790 poetisatque
3399 2719 3703 2790 scriptori-

2055 2788 2166 2842 bus
2197 2804 2326 2842 esse
2361 2788 2530 2860 longe
2559 2788 2938 2845 vetustiorem
2964 2791 3026 2844 ⁸⁸.
3057 2796 3133 2844 De
3161 2789 3270 2844 hac
3301 2795 3496 2845 autem
3524 2788 3705 2845 'vete-

2053 2875 2190 2932 rum,
2219 2863 2512 2914 sententia
2545 2862 2602 2914 in
2638 2862 2855 2916 nostris
2881 2863 2939 2914 in
2969 2862 3189 2917 Justini
3225 2861 3502 2932 martyris
3523 2868 3579 2916 et
3599 2863 3707 2917 Ta-

2052 2931 2194 2984 tiani
2247 2946 2421 3000 opera
2478 2932 2996 2988 dissertationibus
3055 2932 3222 2999 satis,
3255 2933 3338 2986 uti
3388 2931 3701 3003 putamus,

2052 3003 2418 3071 disputatum
2453 3008 2542 3057 est
2571 3004 2633 3057 ⁵⁷.

2049 3235 2179 3288 dem
2213 3234 2429 3305 Moysis
2461 3235 2575 3290 vita
2605 3236 2857 3302 libris,et
2887 3234 3125 3304 Josephi
3159 3236 3417 3290 secundo
3450 3236 3701 3306 Antiqui-

2048 3310 2221 3361 tatum
2250 3307 2615 3361 Iudaicarum
2644 3307 2789 3362 libro
2807 3307 3158 3362 contendere
3189 3306 3411 3361 nemini
3436 3308 3695 3377 profecto

2047 3377 2254 3432 inutile
2289 3378 2410 3450 fore
2455 3379 2816 3434 arbitramur
2840 3379 2904 3432 ⁵⁸.
2927 3379 3126 3450 Neque
3187 3393 3691 3450 supervacaneum

2045 3465 2277 3520 quoque
2310 3449 2413 3503 tibi
2449 3449 2576 3516 erit,
2615 3451 2663 3506 si
2713 3451 2856 3506 velis
2888 3449 3063 3504 citata
3091 3468 3122 3504 a
3153 3449 3449 3506 Clemente
3479 3450 3524 3485 ⁸⁸
3556 3451 3695 3505 Eze-

2045 3519 2217 3594 chieli
2251 3526 2431 3590 poetae
2463 3523 2533 3577 de
2564 3523 2779 3594 Moysis
2833 3522 3186 3594 educatione
3239 3520 3524 3586 carmina,
3556 3539 3691 3577 cum

2045 3591 2161 3646 illis
2185 3609 2544 3664 componere
2594 3591 2720 3664 quae
2752 3594 3044 3649 Eusebius
3076 3592 3267 3648 fusius
3300 3609 3404 3647 nec
3437 3594 3563 3648 sine
3592 3612 3694 3648 va-

2046 3663 2150 3736 riis
2183 3663 2535 3736 lectionibus
2567 3663 2635 3721 ei
2659 3667 2858 3722 eodem
2899 3666 3239 3720 Judaorum
3302 3671 3470 3736 poeta
3527 3672 3694 3721 tran-

2043 3735 2282 3807 scripsit
2309 3736 2369 3790 ⁸ο.

2117 3824 2782 3882 Animadversionevero
2802 3830 3002 3880 nostra
3019 3823 3165 3880 illud
3193 3825 3690 3952 prorsusdignum

2117 3897 2458 3952 letur.ouod
2489 3899 2562 3951 de
2589 3897 2788 3952 magni
2820 3898 3066 3952 huiusce
3099 3896 3493 3952 Israelilarum
3535 3899 3690 3952 egis-

2040 3895 2458 3968 videtur,quod
2489 3899 2562 3951 de
2589 3897 2788 3968 magni
2820 3898 3066 3968 hujusce
3099 3896 3493 3968 Israelilarum
3514 3895 3694 3968 legis-

2043 3967 2246 4024 latoris
2278 3969 2516 4025 nomine
2547 3967 2704 4025 hunc
2725 3967 2994 4025 Clemens
3037 3969 3277 4026 scripsit
3307 3967 3364 4024 in
3400 3970 3635 4025 modum
3673 3988 3686 4026 :

2041 4063 2071 4092 ‹‹
2103 4040 2288 4112 Puero
2322 4040 2574 4112 imponit
2604 4058 2817 4097 nomen
2850 4041 3071 4110 regina,
3118 4040 3367 4112 Moyses,
3401 4047 3538 4111 apta
3567 4046 3688 4112 ety-

2042 4111 2313 4182 mologia,
2347 4111 2420 4168 eo
2445 4113 2600 4182 quod
2631 4129 2765 4168 eum
2797 4129 2866 4168 ex
2893 4129 3046 4182 aqua
3077 4111 3434 4167 sustulisset.
3457 4111 3684 4182 Aquam

2039 4183 2195 4239 enim
2226 4199 2350 4256 moy
2382 4187 2590 4238 vocant
2618 4183 2892 4256 Egyptii,
2919 4183 2978 4237 in
3002 4199 3114 4253 qua
3139 4182 3456 4256 moriturus
3496 4184 3686 4238 fuerat

2039 4253 2364 4326 expositus.
2397 4258 2627 4326 Moysen
2655 4253 2812 4326 enim
2844 4258 3056 4309 vocant
3085 4269 3218 4308 eum
3269 4253 3369 4324 qui
3421 4270 3490 4308 ex
3533 4272 3685 4326 aqua

2038 4325 2316 4408 emersus
2337 4325 2728 4396 respiraverit.
2752 4325 2984 4408 Clarum
3016 4328 3109 4408 est
3138 4341 3274 4408 ergo
3306 4326 3460 4396 quod
3497 4325 3681 4408 prius,

2039 4397 2389 4468 circumciso
2433 4395 2647 4468 ’puero,
2679 4401 2948 4468 parentes
2979 4395 3214 4468 aliquod
3251 4395 3460 4468 nomen
3493 4395 3683 4466 impo-

2037 4472 2300 4524 suerunt.
2332 4467 2663 4523 Vocabatur
2692 4474 2882 4524 autem
2915 4467 3204 4523 Joachim.
3240 4467 3455 4523 Habuit
3485 4474 3680 4524 autem

1959 4509 2005 4574 Π
2038 4541 2278 4595 tertium
2313 4555 2546 4610 quoque
2574 4556 2784 4595 nomen
2819 4540 2874 4594 in
2908 4540 3072 4609 ccelo,
3107 4544 3416 4611 postquam
3449 4557 3684 4596 assum-

2039 4617 2176 4682 ptus
2197 4616 2307 4675 est,
2335 4617 2398 4666 ut
2419 4612 2624 4666 dicunt
2656 4617 2876 4683 mystae,
2902 4627 3112 4683 nempe
3143 4611 3353 4667 Melchi
3379 4612 3481 4665 θι.»
3518 4613 3679 4676 Quod

2039 4684 2187 4740 145
2220 4684 2290 4738 de
2323 4683 2580 4756 nominis
2603 4706 2630 4733 α
2657 4683 2881 4756 Moyses
2905 4706 2932 4732 »
2965 4683 3316 4756 etymologia
3347 4688 3405 4739 et
3436 4683 3679 4756 imposi-

2035 4757 2192 4811 tione
2225 4753 2492 4824 perhibet
2522 4753 2814 4822 Clemens,
2847 4755 2902 4810 id
2937 4754 3135 4826 procul
3182 4755 3362 4811 dubio
3419 4771 3487 4810 ex
3527 4753 3680 4811 'Phi-

2031 4826 2166 4882 Ione
2195 4826 2515 4882 delibatum
2549 4838 2633 4882 est
2653 4827 2720 4884 “.
2749 4826 2876 4882 Hec
2908 4828 3060 4882 enim
3093 4831 3233 4881 sunt
3263 4826 3424 4881 illius
3455 4828 3629 4883 verba
3661 4843 3674 4882 :

2030 4899 2100 4952 Τὸ
2131 4895 2241 4971 γὰρ
2266 4894 2412 4969 ὕδωρ
2449 4901 2565 4966 μῶς
2597 4896 2955 4968 ὀνομάζουσιν
2998 4895 3317 4971 Αἷγῦπτιοιν
3358 4900 3496 4971 Quae
3534 4897 3675 4971 gui-

2031 4968 2282 5041 demsic
2314 4968 2467 5039 apud
2501 4971 2860 5041 Clementem
2894 4968 3206 5032 leguntur:
3257 4969 3330 5022 Τὸ
3374 4968 3477 5041 γὰρ
3528 4968 3676 5040 ὕδωρ

2034 5045 2138 5113 μοῦ
2171 5039 2530 5112 ὀνομάζουσιν
2568 5040 2878 5114 Αῗγῦπτιοι.
2916 5042 3024 5097 Ubi
3070 5043 3233 5096 vides
3261 5039 3504 5114 totidem
3549 5039 3678 5114 esse

2029 5112 2340 5184 utriusque
2371 5115 2564 5177 verba,
2600 5112 2712 5170 nisi
2745 5114 2898 5184 quod
2944 5130 3046 5184 pro
3100 5115 3216 5182 μῶς
3249 5112 3538 5184 Clemens,
3592 5113 3674 5167 vel

2029 5186 2224 5258 potius
2245 5182 2499 5258 sperum
2532 5186 2661 5256 ejus
2712 5182 3105 5258 amanuenses
3136 5182 3357 5258 librarii
3393 5185 3505 5258 μ.οῇ
3529 5185 3674 5240 scri-

2028 5255 2515 5328 pserunt.Utrum
2542 5263 2745 5328 tamen
2765 5257 2819 5312 id
2845 5273 3043 5311 eorum
3069 5255 3391 5328 oscitantias
3413 5255 3678 5328 tribuen-

2029 5325 2172 5384 dum
2206 5331 2304 5396 sit,
2330 5329 2487 5383 haud
2521 5327 2816 5383 immerito
2847 5325 3378 5382 dubitaveris.Nam
3413 5326 3471 5380 in
3504 5329 3679 5384 editis

1113 5524 1156 5559 ‘3
1189 5523 1290 5578 lib.
1326 5541 1410 5592 IlI,
1450 5529 1523 5578 De
1554 5525 1737 5579 doctr.
1771 5524 1937 5579 Chris

2053 5541 2062 5577 ε
2113 5525 2204 5578 29.
2282 5525 2326 5558 ⁸³
2355 5527 2566 5578 Strom.
2602 5523 2702 5577 lib.
2739 5540 2792 5588 ν,
2827 5539 2880 5593 p.
2913 5523 3040 5576 562.
3131 5521 3176 5556 ⁵ο
3206 5521 3308 5575 lib.
3344 5538 3418 5585 iv,
3455 5538 3512 5592 p.
3544 5522 3671 5579 539.

1154 5597 1199 5631 ⁸³
1231 5596 1447 5651 Strom.
1481 5595 1582 5650 lib.
1620 5613 1681 5659 ιι,
1717 5613 1769 5664 p.
1803 5597 1929 5666 379,

2053 5598 2083 5650 ›,
2235 5595 2716 5665 δ³1ἰὺ.ν,ρ.57.
2776 5599 2832 5647 et
2877 5595 3002 5647 577.
3074 5665 3086 5666 ί
3152 5595 3195 5666 εει
3229 5593 3328 5646 lib.
3364 5609 3423 5666 ῃ,
3461 5611 3515 5664 ρ.
3545 5595 3669 5650 395.

1453 5685 1507 5738 p.
1541 5669 1646 5722 320
1674 5671 1732 5722 et
1761 5684 1883 5739 seq.
1916 5664 1921 5666 ⁷
2037 5668 2080 5701 ⁵⁷
2131 5666 2228 5720 lib.
2265 5684 2304 5739 η
2356 5664 2600 5739 Appar.,
2629 5666 2863 5739 dissert.
2897 5668 2950 5739 ἓ,
2985 5665 3121 5739 c._7,
3155 5665 3236 5739 δᾴ
3271 5685 3283 5728 ς
3345 5664 3580 5720 dissert.
3611 5667 3666 5723 5.

1419 5722 1472 5809 pl.
1498 5722 1612 5793 342
1640 5747 1690 5794 el
1725 5722 1863 5808 seq:
1961 5739 2005 5774 ¹⁹
2033 5740 2249 5795 Strom.
2285 5737 2385 5793 lib.
2407 5722 2462 5802 ἰζ
2497 5722 2744 5809 pili/ili.”
2818 5737 2864 5770 ⁶⁰
2899 5722 3132 5800 Εὐεθὺί,
3155 5722 3281 5809 libi
3306 5754 3380 5801 ix,
3415 5722 3664 5809 Praepar,

1498 5811 1541 5846 ⁶¹
1574 5815 1787 5867 Strom.
1812 5807 1923 5867 lib.

2053 5829 2086 5866 ›.
2121 5810 2244 5866 343.
2391 5809 2436 5843 ⁸³
2467 5807 2653 5872 Philo,
2685 5807 2789 5863 lib.
2827 5825 2865 5863 II
2911 5813 2989 5864 De
3037 5809 3154 5864 vita
3201 5808 3410 5881 Moys.,
3444 5825 3500 5880 p.
3533 5807 3659 5866 605.

325 5527 371 5561 ‘7
400 5525 571 5592 ibid.,

247 5600 294 5636 ³¹
340 5597 446 5654 lib.
476 5616 494 5653 ι
537 5597 755 5653 Strom.

246 5672 297 5708 ⁸⁵
329 5670 432 5726 lib.
465 5689 502 5735 ι,
533 5687 588 5741 ρ.
623 5669 748 5725 354.
793 5667 807 5670 ἡ
897 5668 941 5741 f5
969 5670 1182 5741 Strom.
1210 5667 1318 5741 _l_ib.
1356 5685 1416 5736 ll,

249 5759 385 5814 cap.
417 5738 594 5814 2,7§jl
632 5745 690 5797 et
717 5743 770 5796 8.
883 5739 926 5774 ⁵⁵
959 5740 1173 5814 Strom.
1347 5757 1386 5807 1,

252 5810 372 5883 ev},
401 5830 453 5870 ο.
486 5813 557 5868 28
587 5816 645 5870 et
685 5815 776 5881 29,
812 5827 946 5884 pag.
979 5811 1081 5866 437
1125 5814 1182 5866 et
1227 5810 1350 5865 444.

604 5543 661 5598 ρ.
691 5526 798 5580 678
827 5527 901 5598 et,
915 5541 1036 5598 seq.

792 5614 847 5670 ρ.
881 5597 1005 5670 356.
