4110 6422
400 333 550 389 1081

401 460 692 534 quintum
726 459 800 534 ab
813 459 1017 534 eodem
1037 458 1453 534 Davidefuisse
1477 462 1832 534 compositos
1853 463 2072 517 diserte
2101 466 2156 532 Α

401 532 759 605 asseverant
787 533 853 586 “.
875 532 990 605 _His
1021 533 1346 605 addeialios
1371 532 1630 605 psalmos
1653 541 1711 589 et
1733 535 1791 588 in
1816 535 2069 590 Marthaei

405 604 752 677 Evangelio,
785 608 843 658 et
870 603 929 657 in
965 603 1666 677 apostolorumiActibus,
1702 606 1855 660 haud
1894 607 2072 661 dubie

399 676 700 748 tanquam
733 681 867 730 ante
891 692 1091 748 assum
1105 685 1258 745 ptam
1287 695 1317 731 a
1342 676 1575 732 Christo
1599 677 1920 733 humanam
1945 694 2073 732 car-

406 747 553 805 nem
585 749 856 820 vulgatos
879 747 1047 802 citari
1069 747 1163 801 “‘.
1195 752 1262 803 At
1295 749 1628 820 pudetsane
1647 754 1766 804 tam
1792 749 2071 803 insanum

407 819 918 893 manifestumque
942 821 1196 893 errorem
1211 819 1405 893 fusius
1425 819 1690 876 refellere
1704 826 1760 876 et
1775 821 2070 893 prosequi.

489 892 624 947 Alia
654 891 855 964 itaque
877 891 1108 964 ecpinio,
1145 891 1281 945 huic
1313 908 1343 946 e
1373 893 1660 947 diametro
1695 891 1989 964 opposita,
2018 899 2076 947 et

408 962 923 1035 aquamplurimis
945 963 1210 1044 omnium
1236 967 1471 1048 {statum
1497 962 2068 1048 auctoribus‘propu‘c

409 1034 618 1110 gnata,
644 1051 850 1090 omnes
874 1034 1115 1088 omnino
1132 1034 1256 1110 _psaj
1270 1034 1888 1110 mosipsimetDavidi
1910 1034 2073 1091 attri-

411 1106 685 1163 Buendos
717 1122 848 1178 esse
877 1107 1192 1178 contendit.
1219 1107 1329 1160 Sed
1358 1107 1428 1161 ab
1460 1106 1591 1161 aliis
1623 1107 1754 1161 ideo
1787 1109 2072 1178 rejicitur,

413 1187 546 1236 tum
582 1179 723 1250 quia
747 1176 946 1249 plures
971 1177 1180 1248 psalmi
1211 1178 1365 1232 aliud
1393 1195 1569 1250 quam
1597 1176 2071 1234 Davidis'nomen

411 1249 750 1306 fronti’suae
781 1250 1132 1322 inscriptum
1157 1249 1490 1321 praeterunt,
1512 1255 1634 1304 tum
1660 1251 1913 1306 maxime
1934 1251 2074 1322 quia

412 1322 740 1378 nonnullos
771 1325 904 1392 post
931 1321 1171 1376 Davidis
1197 1326 1425 1376 mtatem
1461 1338 1562 1392 per
1591 1321 2075 1393 Babylonicaa’ca-

415 1393 710 1467 ptivitatis
743 1399 1009 1462 tempora
1031 1398 1204 1467 atque
1236 1393 1412 1467 etiam
1455 1399 1587 1464 post
1629 1395 1916 1467 redditam
1969 1395 2073 1467 Ju-

421 1463 568 1521 desis
589 1466 914 1520 libertatem
947 1463 1194 1535 scriptos
1229 1465 1412 1520 luisse
1441 1463 1545 1536 pro
1563 1471 1718 1520 certe
1737 1465 1988 1520 habetur
2008 1466 2072 1520 t‘.

421 1540 783 1608 Quapropter
811 1536 1200 1607 Hieronymus
1233 1537 1300 1608 ad
1335 1538 1701 1608 Cyprianum,
1723 1538 1930 1591 scribit
1980 1538 2024 1572 ⁴⁶
2057 1554 2070 1591 :

423 1632 455 1659 ει
490 1607 752 1663 Sciamus
785 1621 982 1662 errare
1013 1623 1135 1671 eos,
1182 1607 1282 1679 qui
1327 1607 1532 1663 omnes
1582 1607 1843 1678 psalmos
1892 1609 2072 1663 David

419 1680 805 1749 arbitrantur,
854 1683 912 1733 et
970 1694 1082 1733 non
1143 1695 1369 1746 eorum,
1428 1695 1678 1750 quorum
1732 1681 2074 1734 nominibus

415 1751 688 1822 inscripti
717 1754 878 1822 sunt.
910 1772 931 1802 ι
968 1750 1021 1802 Si
1056 1753 1154 1820 qui
1187 1756 1380 1805 autem
1405 1750 1790 1822 inscriptione
1812 1756 2072 1822 careant,

411 1823 528 1905 hos
564 1821 661 1877 ille
691 1823 773 1905 ait
802 1821 874 1904 iis
904 1822 1446 1905 essedeputandos,
1482 1843 1510 1872 «ι
1547 1821 1798 1905 quorum
1823 1824 1881 1876 in
1917 1821 2071 1905 prio-

412 1896 584 1950 ribus
616 1893 863 1964 psalmis
888 1894 1127 1948 nomina
1151 1895 1584 1948 continentur.»
1609 1895 1680 1948 Et
1704 1895 1812 1949 hac
1835 1893 2074 1965 quidem

413 1967 648 2021 ratione
722 1965 1112 2036 Hieronymus
1168 1965 1406 2036 Moysen
1453 1967 1723 2021 undecim
1781 1967 2074 2036 ejusmodi

412 2039 786 2120 psalmorum
806 2041 1103 2120 auctorem
1123 2036 1491 2120 esse'ibidem
1512 2038 2076 2120 pron_untiat.Neque

414 2106 595 2182 porro
626 2107 807 2182 idiille
838 2106 1018 2182 semel
1046 2109 1324 2182 asseruit,
1350 2110 1466 2182 _sed
1513 2106 1572 2182 in
1608 2109 1724 2182 alia
1775 2109 1948 2164 etiam
1981 2106 2072 2164 'ad

411 2179 816 2252 Sophronium
851 2179 1138 2250 epistola:
1174 2201 1202 2228 ‹‹
1237 2179 1520 2252 Psalmos.
1555 2180 1750 2250 inquit
1776 2183 1841 2251 ‘7,
1869 2198 2074 2238 omnes

413 2251 627 2308 eorum
645 2255 1066 2306 testamentum
1083 2251 1518 2321 auctorum,qui
1541 2256 1840 2322 ponuntur
1857 2252 1912 2306 in
1927 2253 2040 2307 titu
2055 2283 2074 2294 -

414 2325 518 2390 lis,
545 2323 718 2378 David
751 2322 1240 2396 sc_ilicet,_esaph,
1266 2323 2073 2396 etildithumﬁliorumCore,

415 2397 625 2451 Emam
658 2393 962 2467 Ezrahitaa,
994 2394 1202 2465 Moysi,
1223 2399 1291 2467 et
1320 2394 1668 2467 Salomonis,
1719 2401 1776 2449 et
1821 2393 2076 2467 reliquo;

419 2483 580 2535 rum,
614 2482 762 2538 quos
792 2466 966 2520 Ezras
998 2483 1114 2520 uno
1144 2465 1445 2538 volumine
1473 2465 2001 2537 comprehendit»

495 2537 841 2609 Haec’igitur
871 2538 1046 2592 tertia
1075 2544 1164 2592 est
1199 2539 1271 2592 de
1321 2537 1686 2592 Psalmorum
1737 2539 2076 2594 auctoribus

419 2626 541 2665 non
575 2608 768 2665 solum
803 2608 1160 2681 Hieronymi,
1185 2609 1284 2662 sed
1310 2609 1514 2664 Hilarii
1537 2626 1771 2681 quoque
1796 2611 1840 2644 ⁴⁸
1863 2615 1918 2664 et
1941 2610 2078 2664 alio-

421 2698 555 2737 rum
587 2682 901 2743 sententia,
930 2682 1028 2750 qui
1063 2680 1194 2736 illos
1225 2681 1298 2735 ab
1330 2682 1422 2735 bis
1452 2680 1814 2751 conscriptos
1835 2697 1964 2737 esse
1983 2699 2078 2737 vo-

422 2754 579 2822 lunt,
612 2769 862 2824 quorum
894 2752 1133 2807 nomine
1163 2752 1588 2807 inscribuntur.

504 2823 715 2879 Verum
749 2823 888 2895 quia
923 2824 1136 2894 duplex
1165 2840 1366 2878 eorum
1401 2825 1632 2888 titulus,
1685 2840 1841 2879 unus
1871 2823 1930 2878 in
1968 2825 2077 2878 He-

435 2895 658 2962 braico,
687 2895 832 2951 alter
864 2895 921 2950 in
955 2895 1152 2951 Graeco
1183 2900 1346 2950 textu
1394 2897 1650 2950 occurrit
1677 2912 1690 2962 ;
1733 2896 1871 2950 inde
1915 2897 1981 2950 ﬁt
2013 2899 2078 2950 ut

433 2966 666 3037 quidam
698 2968 756 3021 in
781 2972 1052 3037 quartam
1078 2966 1411 3034 opinionem
1447 2967 1658 3022 abeant
1687 2971 2075 3037 asserautque

429 3055 542 3092 non
575 3041 835 3094 erroneis
867 3038 1076 3105 Graeci,
1110 3039 1210 3092 Sed
1246 3038 1492 3092 sinceris
1525 3042 1754 3092 tantum
1807 3038 2070 3093 Hebraici

421 3109 1141 3180 textusinscriptionibus,
1160 3125 1264 3165 nec
1286 3111 1565 3165 fortassse
1585 3115 1778 3165 tamen
1798 3110 2074 3165 omnibus

421 3184 597 3236 ﬁdem
658 3181 1015 3237 habendam.
1079 3182 1355 3244 Quamvis
1414 3182 1568 3236 enim
1605 3183 1660 3234 in
1714 3181 1798 3236 eis
1857 3197 2068 3236 nomen

420 3255 644 3325 Moysis
699 3254 928 3325 psalmo
987 3270 1191 3307 LXXXIX
1248 3253 1549 3324 praefixum
1610 3253 1874 3324 legatur,
1936 3254 2074 3324 quia

425 3324 623 3380 tamen
658 3324 955 3380 samuelis
987 3325 1044 3378 in
1079 3340 1144 3380 eo
1178 3325 1397 3380 mentio
1429 3325 1514 3389 ﬁt,
1561 3325 1794 3393 quidam
1853 3325 2073 3380 idcirco

422 3413 546 3452 non
580 3397 798 3452 intimis
830 3401 978 3450 notas
1008 3396 1345 3467 scriptores,
1395 3397 1467 3451 ab
1527 3396 1886 3467 Hieronymi,
1928 3395 2072 3451 alio-

419 3484 698 3540 rumque.
735 3469 836 3540 qui
857 3467 1016 3522 hunc
1048 3468 1342 3540 psalmum
1376 3473 1646 3538 aMoyse,
1674 3467 2073 3522 Israelitarum

414 3545 566 3667 «(tinea
587 3546 644 3664 eit
674 3539 1028 3666 letgislatore,
1049 3539 1285 3596 editum
1327 3554 1458 3595 esse
1499 3544 1729 3611 putant,
1781 3540 2074 3596 sententia

466 3627 584 3666 isce
635 3629 710 3666 un
746 3654 758 3666 .

466 3611 479 3666 i
490 3613 622 3666 sced
635 3618 758 3666 unt.

495 3683 684 3754 Hujus
715 3685 916 3752 itaque
945 3686 1166 3754 quarta
1218 3681 1512 3752 opinionis
1565 3681 1822 3754 fautores
1869 3680 2070 3735 existi-

419 3752 885 3809 mant'Davidem
919 3752 1307 3824 psalmorum,
1339 3768 1552 3808 nomen
1587 3752 1746 3806 illius
1765 3755 2072 3823 praferen-

410 3827 1075 3898 tium,etquorumydam
1103 3825 1323 3898 nullius
1347 3825 1586 3880 nomine
1605 3824 2065 3898 insculptorum,

413 3903 561 3970 puta
616 3896 818 3954 eorum
842 3897 944 3970 qui
973 3897 1032 3970 in
1065 3897 1573 3970 Paralipomenon,
1593 3903 1662 3970 _et
1685 3896 2066 3970 apostolico-

407 3968 544 4026 rum
577 3971 834 4025 Actuum
869 3969 1058 4033 libris,
1093 3972 1160 4024 ut
1191 3969 1470 4039 diximus,
1495 3968 1608 4038 ipsi
1630 3968 2064 4037 adjudicantur,

405 4057 543 4097 esse
575 4058 777 4097 revera
800 4045 1128 4111 auctorem.
1180 4041 1406 4106 Quibus
1445 4056 1577 4094 vero
1609 4056 1822 4096 nomen
1867 4041 2064 4111 Asaph

404 4114 796 4184 praeponitur,
820 4113 927 4168 hos
959 4110 1295 4184 plerosque,
1329 4129 1444 4167 non
1487 4118 1685 4167 tamen
1731 4128 1956 4180 omnes,
1989 4110 2062 4168 ab

405 4183 660 4256 ipsomet
690 4183 790 4240 illo
822 4183 1016 4256 Asaph
1051 4185 1342 4254 profectos
1377 4198 1526 4256 esse
1549 4189 1809 4256 censent.
1861 4189 1938 4238 Ex
1989 4184 2063 4256 iis

403 4253 566 4312 enim
601 4256 855 4327 aliquos,
887 4255 986 4310 illo
1018 4253 1397 4326 pesteriores,
1432 4253 1846 4326 Bobylonicam
1881 4255 2060 4327 capti-

399 4329 643 4382 vitatem
677 4326 941 4399 spectare
965 4329 1343 4382 manifestum
1370 4343 1502 4399 esse
1524 4327 1862 4399 opinantur.
1885 4326 2061 4381 Deni-

405 4416 524 4470 que
554 4397 798 4454 nomina
830 4398 1084 4453 ﬁliorum
1117 4400 1259 4454 Core
1290 4404 1347 4453 et
1379 4398 1637 4470 ldithun,
1693 4397 2060 4470 aliorumque

407 4468 470 4526 re
487 4471 722 4541 quidem
755 4487 895 4526 vera
924 4471 1278 4539 quibusdam
1303 4468 1552 4542 psalmis
1579 4468 1891 4542 praeposita
1911 4469 2058 4539 legi-

405 4539 567 4610 mus;
605 4559 719 4597 non
751 4543 884 4596 ideo
915 4547 1109 4597 tamen
1145 4543 1284 4613 quia
1307 4539 1530 4596 abillis
1561 4539 1764 4610 scripti
1797 4542 2056 4613 fuerunt,

404 4590 674 4685 ὲέἆέξυῖἐέ
687 4590 1527 4684 ἲςιζ’ἷιζείεἷῖἰὲἑειῖιῐᾲὶεἶτῖιᾶὲῗ
1557 4590 1912 4685 insessas
1934 4590 2058 4685 ξέξί
2088 4590 2132 4655 D

405 4692 506 4741 tur
537 4681 756 4740 habent
787 4681 994 4755 praeter
1021 4685 1296 4740 Davidem
1321 4690 1379 4738 et
1399 4681 1592 4752 Asaph
1619 4683 1710 4736 vix
1733 4682 1879 4738 alios
1904 4681 2064 4753 psal-

408 4773 638 4813 morum
669 4762 941 4813 auctores
971 4756 1260 4823 assignari
1295 4771 1486 4826 posse.
1519 4757 1593 4808 At
1641 4770 1862 4826 omnes
1900 4771 2064 4826 pror-

406 4847 514 4886 sus
548 4828 834 4900 psalmos,
870 4845 904 4883 a
935 4825 1551 4900 quocunquetandem
1579 4827 1819 4896 profecti
1847 4825 2064 4900 fuerint

409 4898 592 4956 divini
627 4901 883 4972 Spiritus
913 4898 1504 4972 atﬂatuicompositos
1535 4912 1686 4962 esse,
1720 4914 1824 4972 nec
1851 4898 1939 4972 illi
1963 4899 2065 4952 du-

411 4969 902 5039 bitaveruntmec
934 4972 1006 5026 ab
1056 4971 1176 5026 ullo
1225 4969 1485 5042 unquam
1537 4985 1669 5024 vere
1730 4969 2062 5026 Christiano

405 5044 646 5100 homine
676 5043 736 5098 in
771 5042 1016 5098 dubium
1057 5042 1264 5097 merito
1287 5042 1478 5098 vocari
1512 5045 1723 5112 potest.

480 5118 543 5171 In
576 5115 686 5171 hac
716 5115 900 5186 igitur
919 5117 1090 5169 tanta
1111 5113 1453 5185 opinionum
1479 5114 1761 5168 varietate
1787 5113 1856 5167 ad
1882 5127 2058 5186 quam

403 5189 672 5244 Clemens
706 5185 906 5241 noster
936 5186 1270 5254 accesserit,
1307 5186 1353 5241 si
1387 5201 1638 5256 quaeras,
1676 5185 2057 5256 respondebi-

407 5276 541 5315 mus
573 5258 740 5314 illum
774 5257 944 5313 nobis
974 5256 1159 5312 videri
1190 5257 1248 5312 in
1290 5255 1612 5312 secundam
1647 5256 1835 5327 magis
1889 5255 2059 5310 incli-

1693 339 1788 391 DE
1826 339 2061 393 LIBRIS
2098 336 2570 392 STROMATUM.

3698 340 3718 391 1
3729 337 3836 391 082

2191 479 2383 517 nasse.
2416 462 2712 526 Quosdam
2742 463 2963 519 etenim
2997 463 3069 519 ab
3101 461 3202 518 illo
3233 463 3472 519 Davldis
3506 463 3739 518 nomine
3777 467 3835 518 et

2191 535 2283 607 hic
2316 533 2452 588 alibi
2487 535 2664 607 citata
2697 537 2940 590 notavin
2961 553 3052 606 us,
3086 551 3336 607 quorum
3373 535 3428 590 in
3481 535 3668 591 fronte
3717 553 3834 592 non

2187 606 2370 678 illius,
2404 606 2504 660 sed
2537 606 2784 661 aliorum
2820 624 3034 662 nomen
3068 606 3447 678 praeponitur.

2259 677 2496 732 Librum
2533 684 2725 732 autem
2763 677 3206 734 Proverbio’rum
3244 678 3540 734 Salomoni
3575 694 3692 732 non
3738 693 3834 731 se-

2187 748 2299 804 mel
2333 747 2604 823 Clemens
2624 751 2941 818 adiudicat.
2973 752 3056 823 Ab
3089 751 3217 823 ipso
3249 752 3462 805 etenim
3495 754 3837 806 Stromutum

2186 837 2430 892 suorum
2466 821 2634 876 initio
2668 823 2712 856 ‘9
2745 823 2828 877 sic
2859 824 2988 892 ejus
3016 821 3220 877 laudat
3249 824 3444 878 verba:
3480 844 3508 871 «
3544 823 3691 876 Dicit
3723 823 3835 874 ita-

2185 908 2299 962 que
2331 891 2608 947 Salomon
2641 908 2653 947 :
2693 892 2797 947 Fili
2833 891 2937 960 mi,
2962 898 3290 959 susceptam
3319 892 3717 965 praeceptimei
3745 893 3837 946 di-

2185 965 2433 1018 ctionem
2467 965 2624 1034 apud
2659 968 2714 1018 te
2747 965 3237 1034 absconderis‘o,»
3261 971 3368 1034 etc,
3396 966 3600 1021 Postea
3619 965 3832 1019 vero“:

2185 1056 2213 1084 «
2252 1037 2317 1089 Et
2348 1036 2529 1089 bibite
2583 1052 2790 1105 aquam
2826 1036 2897 1091 de
2947 1036 3100 1091 vasis
3134 1038 3362 1097 vestris.
3425 1041 3621 1092 monet
3669 1035 3830 1090 Salo-

2183 1123 2319 1161 mon
2353 1107 2417 1160 ”.
2459 1128 2484 1155 »
2519 1108 2588 1162 Et
2619 1124 2826 1162 rursus
2852 1107 2908 1162 in
2943 1109 3144 1163 eodem
3180 1107 3328 1162 libro
3360 1108 3441 1162 b3:
3507 1130 3534 1161 ιι
3561 1109 3692 1163 Jam
3737 1124 3831 1161 sa-

2183 1178 2490 1248 pientiam,
2523 1179 2717 1248 inquit
2743 1179 3040 1239 Salomon.
3075 1179 3226 1235 vallo
3256 1180 3558 1235 circumda
3587 1181 3686 1246 “,-
3717 1185 3828 1234 etc.

2183 1256 2432 1320 lnsuper
2485 1258 2681 1305 autem
2730 1251 2821 1304 5"z
2864 1271 2884 1297 ι
2949 1252 3113 1306 Recte
3173 1267 3308 1322 ergo
3365 1251 3634 1306 Salomon
3672 1269 3684 1306 :
3720 1249 3827 1314 Qui

2187 1323 2462 1388 seminat,
2498 1323 2712 1392 inquit,
2736 1322 3032 1392 justitiam
3057 1322 3450 1393 operatur“,»
3476 1329 3580 1378 etc.
3613 1323 3826 1378 Eodem

2183 1410 2415 1464 quoque
2438 1395 2611 1448 modo
2640 1393 2696 1447 in
2729 1394 2874 1448 libro
2907 1396 3162 1448 secundo
3187 1399 3243 1448 et
3267 1394 3404 1448 alibi
3427 1394 3582 1448 hunc
3611 1395 3826 1448 librum

2186 1465 2487 1520 Salomoni
2518 1471 2856 1520 constanter
2912 1466 3200 1520 attribuit.
3264 1466 3346 1520 lbi
3375 1467 3528 1520 enim
3564 1466 3604 1499 ⁵⁷
3662 1471 3830 1520 vetus

2185 1538 2479 1607 quoddam
2513 1537 2788 1608 adagium
2823 1537 2901 1591 ait
2935 1553 3062 1592 esse
3095 1539 3477 1608 desumptum
3530 1558 3557 1586 «
3590 1552 3656 1590 ex
3695 1552 3831 1592 voce

2183 1608 2540 1680 Salomonis,
2569 1608 2856 1662 dicentis:
2893 1608 3020 1676 Fili,
3054 1611 3100 1663 si
3154 1625 3256 1680 pro
3303 1610 3492 1663 amico
3545 1614 3646 1663 tuo
3691 1609 3832 1663 tide-

2176 1679 2452 1750 jusseris,
2486 1681 2682 1735 trades
2717 1697 2954 1735 manum
2991 1679 3233 1734 inimico
3265 1680 3367 1743 ‘3,»
3401 1686 3509 1735 etc.
3553 1683 3737 1749 Atque
3769 1684 3834 1734 ut

2183 1756 2408 1820 caetera,
2443 1767 2570 1820 quae
2602 1754 2656 1805 in
2692 1767 2813 1806 rem
2849 1751 3294 1823 apertissimam,
3319 1768 3432 1806 non
3459 1755 3599 1806 sunt
3619 1767 3832 1822 conge-

2187 1823 2387 1890 renda,
2419 1827 2736 1887 taceamus,
2798 1822 2900 1877 adi
2953 1823 3001 1878 si
3059 1823 3222 1888 velis,
3285 1822 3500 1877 librum
3546 1827 3828 1893 quartum

2183 1895 2540 1960 Slromamm,
2577 1910 2641 1949 ac
2673 1894 2752 1948 ibi
2788 1895 3057 1949 eumdem
3095 1893 3311 1948 librum
3347 1894 3677 1950 Salomonis
3725 1911 3830 1950 no-

2186 1965 2342 2019 mine
2374 1965 2565 2020 adhuc
2596 1965 2838 2020 citatum
2870 1965 3133 2020 invenies
3164 1967 3227 2020 5°.
3255 1966 3490 2021 Interim
3525 1981 3657 2020 vero
3689 1965 3828 2021 quid

2184 2037 2255 2091 de
2283 2036 2381 2090 illo
2414 2037 2624 2091 dixerit
2679 2038 2988 2104 Eusebius,
3041 2037 3311 2092 ausculta
3344 2054 3356 2092 :
3392 2059 3420 2086 α
3454 2037 3578 2092 Non
3638 2036 3825 2092 solum

2185 2109 2312 2179 ipse
2344 2109 2779 2179 (Hegesippus).
2813 2111 2912 2163 sed
2974 2108 3148 2164 etiam
3208 2109 3461 2164 Irenaeus
3514 2113 3571 2164 et
3621 2124 3828 2164 omnes

2187 2180 2409 2250 antiqui
2445 2180 2756 2234 Proverbia
2785 2180 3116 2235 Salomonis
3146 2196 3348 2234 vocare
3381 2180 3571 2236 solent
3603 2180 3830 2251 sapien-

2185 2253 2326 2334 tia'tn
2358 2252 2625 2334 omnium
2660 2252 2935 2334 virtutum
2964 2252 3665 2334 praecepta‘continentem
3698 2253 3762 2334 σος
3796 2274 3825 2302 ››

2257 2323 2334 2377 Ex
2358 2322 2453 2376 his
2483 2327 2679 2395 autem
2711 2328 2766 2378 et
2810 2322 3124 2395 aliis,quae
3153 2322 3214 2378 in
3248 2323 3356 2378 hos
3405 2328 3461 2378 et
3515 2323 3661 2378 alios
3699 2323 3827 2379 Cle-

2187 2396 2401 2449 mentis
2436 2395 2620 2448 nostri
2652 2393 2836 2450 libros
2868 2411 2900 2448 a
2921 2393 3089 2449 nobis
3115 2397 3421 2450 observata
3443 2400 3602 2460 sunt,
3637 2395 3829 2448 omni-

2190 2469 2296 2520 bus
2327 2466 2553 2536 liquido
2585 2470 2767 2536 patet,
2801 2466 3032 2521 tametsi
3065 2467 3121 2520 in
3150 2468 3264 2522 ﬁne
3309 2467 3440 2520 libri
3489 2467 3829 2521 Proverbio-

2187 2553 2316 2591 rum
2341 2541 2608 2609 quaedam
2645 2537 2777 2592 aliis
2804 2538 3141 2592 auctoribus
3173 2554 3350 2609 quam
3385 2537 3684 2593 Salomoni
3726 2537 3830 2590 tri-

2188 2609 2460 2676 buantur,
2476 2608 2760 2664 Clementi
2781 2613 2978 2664 tamen
3000 2608 3201 2665 nostro
3223 2626 3570 2680 persuasum
3591 2609 3830 2664 omnino

2187 2683 2372 2736 fuisse
2400 2696 2604 2735 eorum
2631 2680 2893 2752 omnium
2925 2697 2992 2736 ac
3044 2681 3428 2752 posteriorum
3479 2682 3654 2736 etiam
3702 2697 3832 2752 pro-

2184 2754 2541 2817 verbiorum,
2578 2768 2703 2822 quia
2735 2751 2835 2807 alii
2893 2768 2962 2824 ex
2982 2751 3308 2808 Salomonis
3330 2753 3504 2808 dictis
3527 2751 3832 2824 collegisse

2189 2825 2478 2890 feruntur,
2512 2840 2624 2878 non
2659 2824 2838 2878 alium
2875 2823 3046 2894 plane
3077 2841 3252 2894 quam
3276 2825 3548 2879 eumdem
3571 2823 3830 2879 Salomo-

2185 2911 2318 2949 nem
2347 2901 2645 2949 auctorem
2679 2911 2804 2950 esse
2836 2895 3171 2950 dicendum.
3206 2896 3319 2951 Nec
3351 2895 3464 2950 alia
3496 2912 3638 2950 sane
3669 2912 3832 2951 mens

2185 2967 2297 3039 fuit
2319 2983 2441 3039 non
2478 2968 2650 3021 modo
2673 2982 2896 3039 eorum,
2924 2984 3071 3039 quos
3105 2967 3278 3039 paulo
3308 2972 3440 3022 ante
3489 2966 3826 3039 citavimus,

2186 3037 2463 3091 nimirum
2499 3038 2810 3109 Hegesippi
2845 3042 2901 3092 et
2934 3037 3156 3100 Irena‘i;
3190 3039 3287 3093 sed
3325 3040 3496 3093 ctiam
3535 3038 3834 3093 Melitonis

2185 3116 2232 3160 et
2252 3109 2538 3180 Origenis,
2564 3110 2662 3179 qui
2692 3109 2746 3163 in
2773 3109 3193 3164 suislibrorum
3221 3109 3832 3164 VeterisTestamenti

2184 3179 2480 3286 adipibus
2538 3179 2833 3236 Salomoni
2867 3181 3180 3238 Proverbia
3234 3182 3558 3254 generatim
3606 3180 3834 3253 adjudi-

2191 3255 2420 3309 cant°k

2253 3324 2334 3378 Ad
2364 3321 3363 3408 ‘Sapien'tiaa[libtum'quodvattineb
3412 3323 3684 3408 quamvis
3735 3322 3832 3408 ille

2183 3392 2535 3471 quandoque
2565 3395 2599 3462 ἡ
2635 3392 2748 3471 θεία
2799 3392 2990 3471 Σοφίᾳ,
3012 3417 3053 3471 _«
3085 3396 3284 3471 divina
3309 3392 3626 3466 Sapientia,
3656 3416 3691 3471 δῖ
3740 3393 3832 3450 vel

2187 3489 2206 3542 _-
2228 3467 2556 3542 sapientia»
2573 3465 2757 3542 caelat,
2771 3465 3119 3542 simpliciter
3135 3465 3481 3542 aClemente
3505 3465 3833 3542 appellatus

2181 3537 2357 3593 luerit
2386 3540 2452 3600 5’;
2479 3539 2551 3592 ab
2582 3537 3070 3594 eo'nihilominus
3094 3539 3425 3594 Salomonis
3459 3555 3531 3593 no
3551 3537 3696 3592 nine
3750 3537 3833 3593 ita

2179 3609 2395 3664 alicubi
2427 3610 2703 3665 laudatur
2731 3611 2796 3666 ‘3:
2832 3633 2860 3660 «
2883 3610 3012 3666 Jam
3048 3626 3181 3666 vero
3202 3611 3472 3666 Salomon
3495 3611 3831 3680 gnosticum

2178 3697 2392 3737 vocans
2417 3681 2793 3754 sapientem,
2825 3683 2946 3754 haec
3005 3681 3148 3737 dicit
3181 3699 3200 3736 :
3231 3683 3526 3737 Videbunt
3583 3687 3830 3738 mortem

2179 3753 2576 3825 sapientis,et
2606 3771 2720 3808 non
2781 3753 3113 3824 intelligent
3170 3755 3309 3825 quid
3370 3754 3442 3809 de
3470 3769 3537 3808 eo
3563 3754 3631 3818 ⁸⁵,
3664 3776 3685 3825 η
3721 3759 3831 3810 etc.

2177 3824 2292 3881 Nec
2323 3826 2508 3881 multo
2536 3830 2669 3896 post
2698 3827 2743 3861 ⁸⁵
2777 3843 2790 3880 :
2823 3847 2851 3875 «
2875 3825 3021 3880 Ecce
3051 3824 3206 3880 enim
3241 3825 3512 3881 Salomon
3543 3841 3555 3878 :
3589 3824 3838 3880 Dabitur

2176 3897 2357 3963 enim,
2389 3896 2606 3967 inquit,
2628 3898 2776 3969 ﬁdei
2801 3898 3012 3969 gratia,
3039 3904 3096 3952 et
3125 3914 3253 3954 sors
3276 3899 3332 3953 in
3360 3896 3576 3968 templo
3602 3897 3832 3969 Domini

2167 3968 2601 4040 jucundior“.»
2626 3967 2851 4024 Rursus
2869 3986 3022 4040 vero,
3045 3969 3400 4038 quibusdam
3419 3967 3740 4040 interjectis
3757 3969 3822 4025 ‘7:

2176 4039 2205 4091 ά
2227 4045 2302 4096 De
2326 4040 2676 4106 cognitione,
2717 4039 2930 4112 inquit,
2989 4041 3288 4096 disserens
3349 4039 3673 4112 Salomon,
3703 4040 3826 4096 hac

2175 4112 2354 4168 dicit:
2387 4111 2554 4168 Clara
2605 4115 2718 4177 est,
2777 4109 2834 4167 et
2887 4128 3003 4167 non
3055 4113 3368 4168 marcescit
3425 4109 3736 4183 sapientia,
3769 4116 3828 4167 et

2171 4184 2342 4240 facile
2373 4184 2635 4239 cernitur
2661 4184 2726 4248 ⁸⁸,
2752 4205 2781 4232 ››
2812 4187 2923 4238 etc.

2241 4254 2684 4335 Cedo,_inquiet_
2703 4253 2933 4335 aliquis.
2967 4256 3056 4335 At.
3098 4268 3310 4335 nonne.
3341 4256 3647 4335 propterea
3694 4252 3823 4307 Cle-

2171 4343 2340 4380 mens
2372 4329 2443 4381 ab
2473 4323 2726 4380 Eusebio
2752 4323 3079 4389 notatur“,
3107 4325 3261 4395 quod
3297 4323 3459 4379 hisce
3491 4325 3550 4379 in
3577 4324 3824 4380 Struma-

2169 4406 2288 4451 tum
2319 4397 2488 4452 libris
2507 4420 2535 4446 «
2557 4398 2763 4468 atterat
2782 4395 3124 4451 testimonia
3143 4396 3606 4468 Scripturarum,
3639 4412 3766 4468 quas
3790 4413 3824 4450 a

2167 4468 2470 4523 nonnullis
2503 4467 2917 4539 repudiantur,
2945 4484 3158 4539 nempe
3203 4467 3607 4537 ex’Sapientia
3654 4467 3824 4523 Salo-

2169 4541 2396 4615 monis,
2421 4536 2586 4615 sane
2614 4541 2722 4591 τῶν
2757 4536 3191 4615 ἆντιλεγομίῇῳγ
3221 4536 3469 4615 Γραφῶᾼν,
3505 4540 3612 4594 hoc
3643 4545 3730 4594 est
3750 4540 3823 4595 ab

2171 4612 2266 4674 iis.
2297 4611 2591 4694 qui-illam
2616 4618 2779 4694 astra
2810 4627 3050 4666 sacrum
3079 4611 3619 4694 dixinirﬁcripturis
3652 4628 3823 4666 cano-

2175 4699 2306 4738 nem
2325 4682 2328 4683 ⁷
2347 4683 2706 4752 rejiciebant.
2733 4682 2946 4738 Verum
2971 4699 3103 4738 cum
3130 4684 3416 4740 Eusebius
3440 4682 3598 4739 illam
3625 4701 3650 4736 a
3673 4701 3826 4739 non-

2177 4755 2356 4810 nullis
2387 4755 2656 4824 rejectam
2692 4755 2846 4810 I40
2869 4755 3102 4822 dixerit,
3129 4757 3392 4811 eamdem
3419 4756 3617 4826 procul
3644 4756 3824 4810 dubio

2175 4844 2202 4900 a
2239 4827 2510 4900 pluribus
2542 4833 2830 4900 receptam
2869 4828 3050 4882 fuisse
3073 4827 3387 4900 signiﬁcat.
3408 4827 3480 4900 Et
3503 4843 3562 4881 re
3585 4826 3823 4897 quidem

2175 4899 2306 4969 ipsa
2335 4898 2599 4953 Clemens
2632 4899 2836 4970 plures
2867 4903 2923 4953 et
2953 4898 3200 4970 praevius
3243 4899 3466 4961 habuit,
3496 4903 3554 4952 et
3598 4902 3730 4969 post
3762 4913 3824 4951 se

2175 4971 2411 5036 reliquit
2444 4970 2623 5041 hujus
2657 4971 2958 5026 sententias
2991 4976 3268 5041 patronos
3291 4975 3342 5024 et
3376 4970 3824 5024 defensores.Ex

2173 5041 2247 5096 iis
2278 5047 2472 5114 autem
2507 5042 2776 5096 nrnnulli
2814 5048 2879 5096 ut
2909 5042 2964 5096 id
3002 5043 3357 5114 probentrin
3391 5041 3648 5114 medium
3692 5057 3824 5114 pro-

2173 5115 2366 5168 ferunt
2392 5113 2515 5168 haec
2549 5130 2678 5184 quze
2710 5111 3018 5169 Barnabas
3043 5130 3152 5168 sua
3183 5113 3381 5184 refert
3411 5113 3469 5166 in
3527 5111 3822 5184 epistola:

2172 5207 2199 5234 ‹‹
2239 5183 2843 5256 Αιιὶεθῐηιιεάυεῐυῐη,
2876 5184 3150 5255 quoniam
3176 5183 3405 5238 inutilis
3433 5184 3534 5236 7°.»
3558 5188 3668 5256 etc,
3690 5183 3825 5256 Sed,

2173 5261 2239 5311 ut
2270 5255 2470 5312 verum
2499 5258 2810 5325 fateamur,
2829 5255 3049 5311 istbaec
3075 5256 3249 5310 verba
3280 5272 3395 5310 non
3427 5271 3490 5309 ex
3513 5255 3823 5327 Sapientia:

473 5403 521 5437 “
553 5400 759 5456 Matth.
793 5417 932 5468 nn,
966 5400 1058 5466 112,
1089 5401 1177 5467 43;
1209 5405 1386 5457 Marc.
1415 5418 1517 5470 κη,
1549 5402 1604 5461 3;
1638 5401 1776 5455 Luc.
1811 5417 1906 5464 xx,
1939 5401 2026 5467 142;
2062 5404 2187 5455 Act.
2224 5419 2286 5466 II,
2316 5401 2389 5455 25
2418 5402 2476 5454 et
2503 5413 2627 5470 seq.
2665 5399 2736 5433 “⁵
2767 5397 2972 5454 Matth.
3007 5414 3180 5464 xxvn,
3213 5397 3303 5456 35:
3337 5399 3462 5453 Act.
3496 5415 3536 5463 ι,
3581 5415 3676 5470 xx,
3709 5402 3822 5453 etc.

400 5474 445 5508 “
482 5474 640 5529 Psal.
672 5488 900 5538 cxxxvx,
933 5487 1382 5541 cxxv,cxxxvu,
1441 5489 1601 5529 CXLV.
1658 5473 1702 5506 ⁴⁶
1734 5488 1863 5528 nov.
1922 5473 2064 5529 edit.
2100 5477 2242 5528 tom.
2304 5473 2374 5540 ll,
2407 5471 2517 5527 col.
2576 5469 2702 5524 696.
2755 5472 2814 5541 “_
2858 5486 2989 5526 nov.
3047 5471 3184 5525 edit.
3243 5474 3386 5528 tom.
3422 5471 3463 5531 Ι.
3526 5469 3636 5525 col.
3695 5472 3823 5526 835.

409 5545 456 5580 ιθ
514 5544 679 5617 pref.
715 5543 773 5598 in
830 5542 1011 5617 Psalt.
1049 5545 1123 5617 ‘°__
1150 5543 1367 5617 S_trom.
1401 5543 1441 5598 l.
1504 5561 1544 5613 ῐ,

417 5617 462 5652 ³³
491 5621 706 5672 Strom.
737 5631 777 5681 ι,

419 5689 464 5724 ⁵⁸
522 5693 687 5744 Prov.
711 5703 789 5749 νι,
824 5688 875 5742 1.
934 5687 979 5722 ⁵9
1007 5687 1198 5742 Strom
1234 5686 1273 5740 l.
1303 5703 1380 5752 iv,

1578 5561 1633 5615 p.
1692 5544 1818 5596 270.
1874 5542 1918 5576 ⁸ο
1975 5544 2142 5598 Prov.
2206 5539 2368 5611 11,1.
2420 5542 2740 5615 “,Strom.
2804 5539 2841 5594 l.
2903 5558 2943 5615 ι,

813 5632 867 5685 p.
901 5615 1029 5688 282:
1085 5615 1130 5649 ⁸⁸
1161 5615 1323 5688 Prov.
1361 5633 1434 5680 ιν,
1458 5617 1492 5669 8
1522 5623 1578 5670 et
1610 5631 1730 5688 seq.
1750 5615 1838 5688 3‘
1867 5618 2078 5688 strom.
2114 5633 2153 5685 ι,
2183 5633 2218 5688 p

1413 5704 1469 5756 p.
1500 5688 1624 5742 477.
1675 5686 1721 5721 ⁶⁰
1749 5686 1986 5751 Euseb.,
2018 5687 2055 5742 Ι.

2186 5683 2374 5751 Hist...
2407 5702 2456 5740 c.
2486 5686 2579 5738 22.
2640 5685 2678 5718 ⁶¹
2714 5683 3021 5756 Euseb.,l.
3077 5700 3131 5738 iv
3161 5684 3330 5748 Hist.,
3356 5701 3406 5740 c.
3437 5687 3527 5752 26,
3589 5683 3642 5740 et
3669 5683 3707 5740 l.
3739 5703 3818 5754 νι,

2996 5556 3050 5611 p.
3113 5541 3239 5595 274.
3296 5541 3341 5575 δ’
3398 5541 3562 5596 Prov.
3621 5558 3677 5608 ν,
3736 5543 3820 5596 15.

2271 5616 2396 5670 316.
2465 5614 2509 5649 ⁵⁸
2540 5618 2840 5684 ΡιιονηᾳΠ,
2873 5613 2994 5684 721.7
3037 5613 3080 5646 ⁸⁷
3133 5617 3344 5668 Strom.
3409 5612 3446 5666 l.
3481 5631 3544 5678 ιι,
3603 5612 3820 5684 p.391.

410 5778 462 5816 c.
493 5762 585 5815 25.
614 5759 660 5795 ⁸⁸
717 5763 929 5814 Strom.
969 5757 1006 5811 l.
1040 5775 1115 5823 iv,
1149 5774 1283 5829 pag.
1336 5755 1460 5826 515;
1490 5759 1529 5813 l.
1563 5777 1618 5824 v,
1681 5774 1737 5826 p.
1772 5758 1895 5813 391.
1955 5759 2000 5794 ⁸³
2028 5763 2244 5814 Strom.
2272 5758 2308 5814 Ι.
2367 5775 2445 5820 νι,
2481 5773 2536 5824 p.
2569 5756 2692 5809 669.
2753 5755 2820 5829 δέ-
2844 5755 3100 5826 Sapient.
3135 5772 3241 5829 ινᾷ
3275 5757 3359 5824 t7,
3408 5758 3463 5826 5,
3525 5756 3557 5808 ἵ)
3587 5761 3644 5812 et
3701 5774 3820 5828 seq.

406 5833 452 5868 ⁸⁵
483 5831 1076 5913 gtrom.mvi,_p._670.
1125 5831 1182 5913 _‘5
1213 5827 1587 5913 Sap.-1131214.
1639 5830 1707 5913 “‘3
1737 5834 1952 5886 Strom.
1984 5848 2065 5899 vx,
2101 5848 2157 5903 p.
2199 5832 2321 5885 673.
2384 5829 2427 5865 ⁵⁸
2457 5831 2587 5899 Sap.
2622 5844 2698 5895 νι,
2763 5827 2828 5880 13
2859 5834 2913 5882 et
2957 5843 3080 5899 seq.
3129 5828 3175 5862 ⁸9
3206 5828 3442 5899 Euseb.,
3479 5829 3515 5885 l.
3558 5846 3612 5884 γι
3644 5827 3818 5897 Ηίδιζ,

407 5921 458 5960 c.
488 5905 578 5974 t3,
612 5920 666 5975 p.
697 5902 824 5958 214.
855 5903 901 5938 ⁷ο
928 5901 1180 5958 Barnab.
1214 5901 1385 5974 epist.
1412 5904 1440 5969 §
1468 5904 1522 5973 6,
1552 5919 1607 5974 p.
1638 5902 1728 5956 20.
