4110 6388
298 327 436 384 1087

1017 325 1091 380 IN
1126 326 1571 380 CLEMENTEM
1610 325 1821 379 ALEX.
1864 324 1928 375 D.
1968 323 2062 378 LE
2096 323 2394 378 NOURRY
2431 326 2909 384 DISSERTATIO
2943 329 3012 382 ll.

3581 325 3721 382 1088

293 449 893 533 propheticcrumqne
924 447 1204 533 librorum
1254 445 1660 533 interpretatio
1690 444 1954 533 nconcin-
1982 447 2035 515 Α
2066 448 2360 533 servatum
2389 446 2576 533 est”,
2634 446 2942 533 Iitol‘emaeo
2999 448 3143 531 Lagi
3194 447 3314 504 tilio
3371 450 3723 533 imperante,

301 518 442 579 nate
473 523 667 587 fuerit,
700 518 914 577 sic—ille
960 520 1178 575 ibidem
1238 518 1508 590 explicat.
1567 518 1956 589 Septuaginta

301 597 442 662 duo,
476 594 580 659 ait,
613 594 908 660 Seniores,
942 591 1048 646 viri
1083 590 1283 662 utique
1314 590 1665 659 doctissimi,
1690 594 1748 644 et
1765 594 1956 645 Graece

299 665 654 740 peritissimi
670 664 980 740 _a__Ju_daai_s,
1014 663 1125 717 sub
1150 662 1843 740 Macedonumditionem
1867 679 1953 716 re-

303 734 515 801 dactis,
535 737 606 792 ad
622 734 1071 806 Philadelphum
1089 735 1251 789 missi
1269 741 1428 788 sunt.
1445 735 1551 797 Qui
1566 750 1705 806 cum
1728 734 1794 806 ad
1821 750 1956 788 eum

305 807 715 874 accessissent,
740 814 797 861 et
819 805 1019 861 eorum
1041 828 1067 855 (ι
1088 806 1497 876 unusquisque
1512 805 1858 877 singillatim
1890 822 1959 859 ex

300 897 409 936 sua
432 880 666 951 propria
687 879 1106 951 interpretatus
1122 875 1277 951 esset
1303 875 1632 951 prophetia,
1655 875 1958 946 conspira-

298 968 365 1007 ru
376 948 662 1005 nt'om‘nes
675 949 856 1004 simul
876 948 1103 1004 collata:
1120 949 1638 1020 interpretationes
1658 955 1716 1003 et
1733 954 1959 1020 senten-

295 1025 397 1078 tiis
414 1028 473 1077 et
492 1022 872 1076 dictionibus.
902 1021 996 1075 Dei
1022 1022 1176 1075 enim
1195 1018 1321 1075 erat
1337 1020 1631 1086 voluntas,
1655 1036 1780 1091 quas
1806 1018 1859 1073 id
1886 1019 1956 1091 ad

297 1095 631 1151 Graecorum
656 1108 830 1148 aures
862 1092 1136 1148 consulto
1166 1099 1606 1162 comparaverat
1627 1091 1693 1147 η.
1730 1113 1757 1141 ››
1783 1090 1961 1161 Atqui

295 1166 356 1222 id
379 1165 536 1221 hunc
558 1165 617 1219 in
652 1164 888 1219 modum
915 1164 1039 1218 fieri
1066 1181 1177 1219 non
1205 1163 1412 1234 potuit,
1441 1162 1551 1218 nisi
1577 1163 1964 1234 Septuaginta

301 1238 574 1294 Seniores
597 1235 845 1291 diversis
867 1236 1275 1306 separatisque
1315 1236 1370 1289 in
1403 1234 1559 1306 locis
1597 1252 1798 1290 omnes
1830 1234 1963 1290 illos

305 1308 620 1379 Scriptura
644 1324 824 1363 sacrm
854 1306 1039 1379 libros
1058 1305 1655 1379 Graecereddiderint.
1683 1306 1745 1360 Hi
1766 1314 1961 1361 autem

305 1376 481 1436 divisi
512 1398 545 1434 a
574 1395 639 1435 se
671 1380 915 1434 invicem
935 1378 1047 1433 loci
1066 1395 1176 1434 non
1201 1376 1297 1432 alii
1316 1394 1445 1433 esse
1469 1379 1761 1439 videntur,
1784 1394 1963 1446 quam

301 1451 416 1508 illas
439 1450 685 1516 cellulae,
719 1467 969 1520 quarum
999 1448 1272 1506 Justinus
1305 1454 1550 1521 martyr,
1586 1450 1668 1504 uti
1701 1450 1841 1505 alibi
1879 1448 1961 1504 vi-

298 1524 496 1579 dimus
511 1522 578 1590 ¹³,
612 1523 969 1577 mentionem
1005 1522 1159 1577 fecit.

366 1594 584 1658 Quarto
631 1594 908 1664 denique,
968 1592 1237 1648 Clemens
1287 1591 1441 1646 hanc
1497 1592 1845 1664 versionem
1891 1591 1964 1646 ab

296 1664 507 1721 iisdem
539 1662 878 1720 senioribus
913 1681 1029 1720 non
1061 1666 1187 1720 sine
1218 1663 1403 1719 divini
1432 1663 1697 1719 numinis
1757 1662 1961 1718 afﬂatu

300 1738 619 1809 perfectam
643 1752 774 1809 esse
803 1735 1059 1809 declarat
1084 1752 1097 1791 :
1137 1735 1394 1809 -__Neque
1424 1751 1579 1809 vero,
1609 1734 1801 1809 pergit
1844 1734 1961 1809 ille,

2068 518 2254 593 fuisse
2283 520 2619 593 perfectam.
2654 519 2959 593 Sedillius
2988 518 3322 592 Opinionem
3348 518 3524 593 pauci
3585 521 3725 593 qui-

2067 589 2227 651 dam,
2245 594 2309 642 ut
2325 590 2633 645 Anatolius
2651 599 2707 645 et
2727 589 3153 657 Theodoretus,
3177 589 3369 647 secuti
3385 598 3543 647 sunt.
3566 589 3727 647 Alios

2067 666 2257 733 autem
2293 662 2463 733 longe
2496 662 2783 732 plurimos
2812 664 3251 719 Aristeanorum
3278 663 3579 719 sententia;
3602 667 3726 720 suf-

2070 731 2321 801 fragium
2355 731 2567 788 tulisse
2599 734 2712 788 alio
2743 735 2801 789 in
2836 735 2959 791 loco
2991 736 3405 791 adnotavimus
3425 736 3489 790 ³⁸.

2137 808 2218 859 De
2242 802 2355 859 alia
2388 821 2557 876 porro
2591 807 2791 861 Graeca
2848 807 3072 863 Veteris
3124 807 3484 864 Testamenti
3539 805 3725 862 inter-

2070 946 2415 1020 pretatione,
2444 963 2620 1020 quam
2655 947 2787 1011 hac,
2820 949 2891 1003 de
2921 965 3038 1020 qua
3062 947 3723 1019 agimusantiquiorem

2070 1034 2102 1089 q
2116 1018 2310 1090 uidam
2329 1019 2726 1087 praedicabant
2742 1020 2822 1074 sic
2839 1018 3170 1090 loquentem
3190 1018 3591 1075 Aristobulum
3609 1020 3729 1075 Cle-

2071 1106 2236 1162 mens
2256 1088 2525 1145 inducit:
2560 1112 2587 1139 ‹‹
2612 1088 2984 1147 Aristobulus
3016 1094 3072 1148 in
3109 1093 3298 1162 primo
3321 1093 3469 1147 libro
3491 1092 3561 1147 ad
3585 1092 3729 1146 Phi-

2070 1160 2378 1215 lcinatrem
2410 1162 2615 1217 scribit
2644 1163 2737 1217 his
2790 1164 3020 1220 verbis:
3082 1160 3331 1219 Secutus
3374 1169 3467 1218 est
3523 1171 3725 1219 autem

2072 1238 2306 1307 nostras
2340 1250 2571 1304 quoque
2603 1233 2759 1307 leges
2793 1234 2974 1296 Plato.
3006 1242 3065 1290 et
3092 1234 3240 1290 satis
3288 1242 3484 1307 aperte
3531 1240 3727 1307 osten-

2071 1304 2159 1359 dit
2188 1320 2250 1358 se
2280 1321 2507 1368 eorum,
2540 1304 2747 1375 quaiin
2770 1307 2855 1361 eis
2877 1307 3175 1373 dicuntur,
3202 1304 3384 1362 fuisse
3405 1306 3728 1361 admodum

2073 1377 2425 1431 studiosum.
2462 1383 2611 1431 Ante
2642 1376 2998 1432 Demetrium
3034 1386 3227 1434 autem
3262 1379 3606 1449 priusquam
3641 1394 3731 1433 re-

2074 1464 2205 1502 rum
2240 1450 2572 1517 potirentur
2603 1449 2924 1504 Alexander
2949 1456 3005 1504 et
3032 1450 3241 1515 Persae,
3275 1465 3445 1504 versa
3475 1453 3729 1515 fuerant,
3822 1476 3827 1479 Α

2073 1524 2139 1603 et
2161 1535 2294 1603 quas
2322 1521 2395 1574 ab
2413 1518 2683 1603 ‘Hebreeis
2715 1520 2934 1603 nostris
2956 1529 3119 1603 gesta
3149 1522 3380 1603 fuerant
3400 1521 3457 1603 in
3479 1525 3637 1577 emtu
3662 1536 3734 1603 ex

2073 1594 2342 1661 Egypto,
2374 1596 2432 1645 et
2462 1608 2826 1665 quaecunque
2857 1592 2943 1647 eis
2974 1592 3230 1665 insignia
3258 1596 3317 1648 et
3349 1593 3501 1665 facta
3540 1598 3734 1660 erant,

2074 1667 2134 1718 et
2162 1667 2582 1736 apparuerant,
2613 1668 2670 1718 et
2701 1664 2957 1736 regionis
2999 1663 3109 1735 peri
3138 1663 3278 1736 vim_
3306 1664 3555 1736 quaesita
3598 1680 3735 1736 pos-

2074 1733 2285 1806 sessio,
2317 1739 2374 1788 et
2404 1734 2693 1806 omnium,
2727 1733 2851 1803 quis
2883 1733 3017 1791 lataé
3048 1741 3208 1803 sunt,
3266 1733 3460 1806 legum
3512 1733 3734 1790 descri-

302 1804 375 1889 eb
398 1807 793 1889 inspiratinne
824 1807 927 1863 Dei
946 1812 1087 1889 erat
1115 1804 1402 1874 alienum,
1436 1807 1538 1889 qui
1591 1804 1962 1889 prophetiam
1998 1822 2043 1889 Β
2075 1804 2230 1889 ptio“:
2264 1806 2409 1861 adeo
2428 1811 2503 1886 _ut
2532 1804 2753 1889 clarum
2798 1806 3262 1889 sit_antedictum
3316 1804 3733 1889 philosophum

304 1880 567 1945 dederat,
594 1885 657 1934 ut
679 1879 1222 1950 interpretationem
1246 1895 1484 1949 quoque
1506 1882 1788 1949 tanquam
1809 1881 1964 1932 Gue-

305 1968 433 2007 cam
462 1952 719 2006 efficeret
747 1950 1112 2022 prophetiam
1136 1952 1199 2003 1‘.
1230 1972 1259 2000 ››

377 2022 581 2079 Utrum
614 2028 810 2095 autem
835 2020 961 2095 ipse
991 2022 1264 2077 Clemens
1316 2020 1835 2095 hancepinionem
1867 2035 1969 2075 ve-

301 2110 440 2150 ram
477 2094 811 2160 crediderit,
835 2092 1007 2164 eique
1036 2110 1238 2164 reapse
1268 2093 1708 2162 subscripserit,
1740 2092 1796 2146 in
1828 2107 1968 2146 con-

301 2165 654 2222 troversiam
691 2167 844 2221 haud
880 2166 1173 2220 immerito
1214 2165 1550 2221 adduxeris.
1587 2164 1660 2219 De
1680 2180 1748 2217 ea
1778 2164 1968 2218 enim-

301 2253 440 2293 vero
472 2237 621 2293 nibil
655 2237 826 2308 plane
854 2237 995 2292 certi
1018 2238 1254 2292 videtur
1276 2242 1556 2304 statuere,
1591 2235 1691 2308 sed
1717 2233 1968 2308 aliorum

348 2309 502 2364 otius
525 2306 738 2365 referre
768 2311 1111 2365 sententias.
1146 2312 1213 2362 Et
1238 2322 1372 2363 vero
1396 2311 1595 2362 utrum
1629 2306 1751 2361 haec
1782 2307 1968 2361 versio

356 2380 617 2436 tolemsao
677 2380 841 2451 Lagi,
898 2380 985 2435 vel
1045 2378 1388 2450 Piladelpho
1448 2385 1753 2451 regnante,
1810 2376 1971 2433 adita

306 2452 403 2521 sit,
438 2469 551 2507 non
572 2452 697 2508 leve
728 2448 880 2508 inter
911 2450 1228 2522 scriptores
1248 2448 1562 2506 dissidiufn
1582 2448 1767 2505 fuisse
1787 2453 1970 2505 testa-

303 2530 423 2595 tur.
456 2522 787 2595 Nonisatis
835 2530 1034 2579 autem
1094 2527 1294 2595 aperte
1352 2522 1613 2577 declarat
1670 2522 1730 2576 in
1790 2537 1968 2593 quam

302 2594 432 2667 ipse
460 2594 799 2666 opinionem
834 2595 1093 2650 inclinet.

375 2668 447 2721 At
478 2663 748 2738 quamvis
804 2667 1080 2738 Clemens
1120 2664 1242 2721 haec
1282 2664 1560 2738 historice
1598 2663 1966 2738 narraverit,

304 2736 460 2811 illud,
476 2736 673 2793 tamen
702 2756 814 2794 non
832 2736 1707 2811 prohibetquominushaudita
1722 2736 1970 2811 obscure

310 2810 607 2879 signiﬁcet
638 2807 986 2881 persuasum
1019 2825 1082 2864 se
1112 2808 1393 2864 habuisse
1426 2807 1585 2881 illam
1620 2807 1841 2881 Veteris
1857 2811 1963 2881 Το-

313 2883 593 2937 stamenti
626 2879 1168 2952 interpretationem
1203 2897 1235 2934 a
1294 2880 1677 2952 Septuaginta
1733 2879 1966 2935 duobus

300 2953 650 3024 Senioribus
680 2969 812 3010 vere
839 2969 972 3024 esse
1003 2952 1346 3024 profectam.
1395 2953 1466 3024 Et
1496 2956 1650 3024 certe
1679 2967 1814 3024 cum
1850 2966 1964 3005 non

305 3023 567 3090 aliunde,
602 3041 779 3096 quam
813 3040 882 3080 ex
912 3021 1020 3079 illa
1042 3023 1105 3096 in
1122 3024 1248 3096 suis
1273 3022 1440 3078 libris
1463 3021 1800 3096 testimonia
1815 3024 1963 3096 Scri-

309 3100 495 3167 pturae
529 3103 589 3153 et
614 3093 900 3162 citaverit,
926 3099 983 3149 et
1003 3094 1249 3149 totidem
1275 3095 1394 3150 fere
1416 3110 1646 3167 semper
1667 3093 1859 3149 verbis
1882 3109 1965 3149 re-

305 3166 530 3235 tulerit,
566 3184 761 3224 nonne
790 3167 902 3223 hoc
931 3182 1040 3222 nec
1068 3167 1336 3233 obscure,
1388 3181 1492 3221 nec
1527 3166 1744 3221 incerto
1794 3167 1964 3222 nobis

309 3244 659 3311 argumento
681 3243 773 3295 est
788 3238 947 3311 illam
970 3238 1294 3294 versionem
1319 3238 1430 3311 ipsi
1455 3238 1757 3311 probatam
1781 3238 1966 3311 maxi-

308 3308 403 3383 me
423 3315 481 3367 et
501 3322 803 3383 acceptam
823 3310 1030 3375 fuisse,
1054 3308 1436 3379 quantumvis
1459 3309 1727 3365 nonnulli
1776 3310 1849 3365 de
1895 3308 1964 3364 il-

303 3380 421 3437 lius
448 3380 1119 3454 disputaverintgaatate?

374 3450 625 3535 Quinam
658 3458 856 3535 autem
883 3452 994 3535 isti
1018 3451 1255 3535 fuerint,
1270 3451 1512 3535 ‘ta-citu-s
1540 3450 1659 3535 ille,
1693 3452 1810 3535 sed.
1845 3467 1963 3507 non

301 3524 653 3608 imprudens
705 3524 1431 3608 prastermisissavidetur
1468 3524 1533 3580 ³⁸.
1567 3524 1960 3608 Quamobrem

298 3597 372 3652 de
390 3594 478 3653 iis
509 3598 660 3653 scire
690 3596 915 3666 aliquid
943 3596 1203 3668 cupienti
1239 3600 1302 3650 ut
1324 3594 1611 3652 faciamus
1633 3595 1803 3668 satis,
1834 3596 1961 3668 bre-

297 3668 449 3724 viter
477 3669 744 3725 dicemus
760 3669 806 3704 “
826 3667 1134 3736 Irenaeum,
1167 3668 1340 3737 cujus
1371 3667 1549 3723 verba
1599 3668 1685 3737 ab,
1711 3667 1962 3722 Eusebio

303 3740 501 3796 Greece
530 3740 790 3796 exhibita
819 3746 961 3797 sunt
980 3740 1042 3795 '7.
1070 3736 1442 3796 existimasse
1490 3738 1643 3795 hanc
1672 3736 1960 3810 interpre-

303 3812 590 3868 tationem
620 3830 655 3869 a
684 3813 1067 3886 Septuaginta
1100 3812 1469 3880 Senioribus,
1495 3811 1579 3866 uti
1598 3828 1633 3867 a
1663 3810 1835 3866 nobis
1864 3810 1963 3866 ob-

2076 1876 2266 1930 multa
2294 1891 2358 1931 ex
2389 1878 2474 1932 eis
2501 1877 2830 1949 sumpsisse
2853 1878 2916 1931 ³⁸.
2950 1898 2976 1932 s
3006 1877 3215 1934 Utrum
3243 1876 3440 1933 autem
3461 1876 3735 1934 Clemens

2077 1948 2407 2020 pedibusin
2445 1952 2592 2004 hanc
2615 1948 2964 2005 sententiam
3015 1951 3205 2014 iverit,
3240 1949 3447 2005 merito
3504 1949 3740 2004 dubita-

2074 2019 2250 2074 veris.
2281 2020 2568 2076 Eusebius
2598 2022 2753 2075 enim
2789 2038 2903 2076 non
2938 2020 3132 2076 solum
3164 2020 3287 2076 haec
3346 2022 3548 2077 retulit
3602 2020 3735 2077 Cle-

2078 2091 2297 2145 mentis
2329 2092 2512 2146 nostri
2539 2092 2737 2158 verba,
2771 2093 2871 2147 sed
2933 2098 3122 2149 totum
3181 2091 3362 2149 etiam
3411 2089 3733 2147 Aristobuli

2076 2163 2471 2235 fragmentum
2506 2162 2678 2235 longe
2699 2166 2891 2219 fusius
2922 2181 3098 2233 quam
3131 2164 3402 2220 Clemens
3450 2163 3734 2219 transcri-

2076 2234 2432 2306 psit3‘.ldem
2449 2234 2647 2305 itaque
2660 2235 3040 2306 deClemsnte
3052 2251 3182 2292 esse
3195 2235 3734 2306 debetjudiciumsc

2077 2306 2149 2360 de
2182 2305 2455 2369 Eusebio,
2476 2322 2649 2377 quem
2674 2305 3022 2375 nullusjure
3044 2309 3253 2363 merito
3280 2305 3493 2362 diaerit
3522 2307 3582 2361 in
3605 2306 3736 2362 Cle-

2078 2392 2210 2449 men
2223 2377 2296 2432 tis
2311 2379 2495 2433 nostri
2511 2384 2562 2433 et
2575 2384 2612 2431 Α
2624 2378 2889 2434 ristobuli
2906 2381 3036 2434 ideo
3048 2379 3381 2435 concessise
3396 2378 3734 2449 opinionem

2077 2448 2216 2521 quia
2233 2449 2541 2520 utriusque
2554 2452 2622 2505 ad
2649 2466 2711 2505 ea
2735 2468 2863 2520 quae
2887 2452 3185 2520 probanda
3208 2448 3572 2521 susceperat,
3606 2465 3737 2520 pro—

2075 2520 2213 2575 tulit
2245 2521 2675 2576 testimonium.
2703 2522 2759 2576 Id
2794 2522 3011 2592 quippe
3035 2522 3086 2577 si
3117 2539 3317 2580 verum
3350 2520 3519 2587 feret,
3562 2527 3733 2592 quot,

2081 2593 2232 2667 Deus
2254 2593 2426 2667 bone,
2441 2592 2499 2667 in
2523 2594 2714 2648 varias
2730 2609 3049 2667 secumque
3063 2599 3392 2667 pugnantes
3412 2592 3740 2667 sententias

2074 2663 2251 2718 ivisse
2283 2665 2568 2737 dicendus
2598 2673 2747 2721 esset
2771 2662 3080 2737 Eusebius,
3105 2662 3207 2737 qui
3240 2665 3421 2721 libros
3452 2680 3595 2737 suos
3642 2663 3736 2718 in-

2076 2736 2342 2791 numeris
2356 2740 2683 2803 auctorum,
2702 2752 2836 2791 cum
2857 2736 3349 2804 Christianorum,
3365 2742 3490 2791 tum
3505 2736 3736 2791 Judae-

2074 2823 2208 2881 rum
2240 2813 2301 2881 et
2324 2808 2695 2881 ethnicorum
2726 2808 3086 2881 testimoniis
3114 2816 3175 2881 et
3190 2807 3550 2881 fragmentis
3592 2823 3733 2863 con-

2075 2878 2650 2952 cinnavithlemens
2689 2879 3206 2952 porrogAristobuli
3257 2877 3537 2952 heminis,
3568 2882 3735 2952 tests

2074 2949 3051 3022 Eusebio'ﬂHebrmi{eruditique
3083 2951 3410 3022 scriptoris,
3441 2949 3527 3022 ac
3568 2949 3731 3006 Peri-

2073 3022 2340 3094 pateticm
2373 3021 2756 3094 philosophia:
2772 3021 3077 3079 sectatoris
3096 3021 3269 3079 verba
3295 3021 3731 3094 auctoritatem-

2075 3040 2340 3094 pateucm
2373 3040 2598 3093 pnnosc
2648 3040 2756 3077 nise
2772 3040 3077 3079 sectaturus
3096 3040 3269 3079 verna
3295 3040 3731 3078 auctoritatem-

2075 3110 2189 3166 que
2219 3094 2435 3166 idcirco
2464 3040 2752 3161 adhiguit,
2786 3100 2851 3150 ut
2880 3112 2946 3151 ea
2977 3096 3274 3151 efﬁcacius
3306 3094 3581 3166 probaret
3602 3093 3733 3149 Pla-

2080 3165 2274 3238 tonem
2310 3208 2324 3234 ,
2379 3165 2646 3236 aliosque
2704 3166 3151 3238 antiquissimos
3217 3165 3623 3238 philosophos
3659 3180 3731 3221 ex

2078 3235 2296 3308 Mcysis
2315 3241 2371 3292 et
2394 3235 2807 3309 prophetarum
2830 3235 2998 3294 libris
3016 3235 3243 3294 veriora
3256 3235 3531 3309 dogmata
3549 3236 3731 3293 etiam

2075 3309 2243 3379 prius
2274 3308 2543 3381 hausisse
2564 3326 2739 3379 quam
2768 3311 3152 3381 Septuaginta
3180 3310 3299 3365 duo
3318 3308 3499 3365 Senes
3529 3309 3731 3366 Graeco

2073 3396 2343 3453 sermone
2374 3380 2506 3435 illos
2537 3381 2786 3436 fuissent
2817 3381 3207 3453 interpretati.
3251 3385 3325 3438 At
3353 3381 3401 3453 si
3433 3382 3567 3452 quis
3599 3396 3730 3450 per-

2071 3451 2327 3525 tinacius
2356 3455 2685 3520 contendat,
2728 3451 3020 3525 nobisque
3039 3452 3248 3509 validis
3276 3451 3573 3525 rationum
3607 3468 3731 3525 mo-

2073 3522 2288 3579 mentis
2319 3525 2674 3580 demonstret
2697 3525 2770 3580 ab
2802 3522 2939 3593 ipso'
2956 3525 3276 3580 admissam
3338 3524 3523 3580 fuisse
3574 3523 3731 3579 anti-

2074 3595 2338 3667 quiorem
2366 3594 2526 3651 illam
2550 3595 2774 3652 Veteris
2791 3594 3145 3653 Testamenti
3163 3596 3730 3667 interpretationem,

2072 3666 2211 3722 huic
2228 3667 2504 3739 dicemus
2537 3669 2810 3724 eumdem
2834 3668 3189 3724 Clementem
3214 3666 3481 3723 nostrum
3507 3666 3731 3739 plures,

2072 3745 2140 3793 ut
2164 3738 2302 3795 alibi
2328 3739 2582 3795 vidimus
2614 3744 2679 3806 ⁸³,
2702 3739 2983 3796 habuisse
3040 3740 3290 3812 hujusce
3345 3738 3642 3811 opinionis
3671 3741 3731 3794 et

2072 3815 2352 3882 patronos
2385 3816 2443 3867 et
2471 3812 2857 3868 adversarios.

1706 4086 2095 4184 CAPUT
2161 4087 2314 4185 IV.

1505 4271 1593 4332 De
1633 4269 1791 4334 Novi
1827 4268 2212 4333 Testamenti
2249 4268 2519 4350 scriptis.

798 4561 838 4614 1
853 4559 953 4617 62
987 4558 1395 4617 ARTICULUS
1426 4562 1467 4615 Ι.

301 4630 375 4687 De
394 4629 844 4705 sacrisgquatgtorr
876 4633 1208 4701 Evangeliis,
1238 4648 1304 4705 ac
1332 4631 1397 4686 de
1426 4629 1719 4705 Evangelia
1762 4644 1959 4685 secun-

551 4703 689 4758 dum
724 4704 979 4760 Hebrwos
1004 4709 1053 4759 et
1072 4704 1372 4760 secundum
1403 4703 1706 4774 (Egyptian

373 4844 460 4901 Ad
492 4844 632 4901 Novi
663 4844 1024 4902 Testamenti
1049 4845 1232 4901 libros
1254 4848 1313 4900 et
1331 4843 1554 4916 scripta
1571 4846 1636 4898 ut
1650 4844 1773 4914 jam
1799 4859 1958 4900 acce-

301 4916 538 4979 damus,
561 4917 829 4974 Clemens
860 4923 1062 4973 noster
1090 4918 1329 4989 vulgata
1360 4916 1509 4971 etab
1541 4916 1820 4989 omnibus
1867 4931 1957 4971 re-

306 4994 476 5062 cepta
489 4995 742 5059 quatuor
761 4994 991 5062 tantum
1016 4986 1329 5062 Evangelia
1352 4986 1671 5062 canonicis,
1688 4993 1751 5042 ut
1769 4987 1955 5058 aiunt,

303 5066 361 5115 et
390 5060 602 5116 divinae
631 5061 1001 5117 auctoritatis
1019 5060 1661 5116 libris‘annumeranda
1683 5076 1811 5115 esse
1833 5075 1958 5114 cre-

300 5132 468 5187 didit.
503 5132 584 5188 De
611 5133 686 5186 iis
716 5138 911 5188 autem
948 5131 1088 5204 quid
1121 5133 1181 5186 in
1213 5132 1339 5187 suis
1397 5131 1469 5186 de
1523 5131 1955 5204 Hypotiposibtls

299 5204 741 5260 commentariis
772 5203 1100 5272 tradiderit,
1133 5204 1215 5259 ita
1245 5208 1443 5258 narrat
1474 5203 1759 5260 Eusebius
1785 5219 1798 5256 :
1839 5203 1953 5272 «iln

295 5274 390 5330 his
416 5275 586 5331 libris
616 5275 886 5331 Clemens
914 5271 1289 5331 traditionem
1317 5279 1634 5347 quamdam
1657 5271 1956 5347 deperdine

295 5347 766 5418 Evangeliorum,
821 5364 997 5418 quam
1032 5363 1065 5401 a
1120 5343 1542 5403 vetustioribus
1599 5343 1955 5418 presbyteris

1994 4558 2040 4623 ι)
2070 4555 2241 4628 geliis
2274 4555 2438 4626 prius
2469 4559 2668 4627 scrpta
2697 4570 2826 4611 esse
2857 4553 2979 4628 illa,
3038 4569 3167 4626 qum
3225 4553 3436 4628 seriem
3466 4553 3729 4628 generis

2072 4624 2353 4684 Dominici
2383 4624 2702 4684 continent.
2753 4625 2927 4681 Marci
2979 4624 3172 4683 autem
3234 4624 3613 4697 Evangelium
3657 4642 3730 4682 ex

2069 4699 2411 4771 hujusmodi
2442 4699 2745 4756 occasione
2775 4698 2887 4753 scri
2936 4702 3061 4753 tum
3100 4697 3318 4753 fuisse:
3351 4696 3486 4752 cum
3520 4696 3727 4754 Petrus

2069 4770 2125 4824 in
2154 4765 2297 4824 urbe
2330 4772 2516 4824 Roma
2572 4773 2815 4824 verbum
2872 4716 2972 4824 [ξεί
3033 4768 3267 4824 publice
3324 4769 3724 4824 praedicasset.

2067 4770 2125 4827 in
2150 4768 2297 4827 urbe
2330 4772 2516 4827 Roma
2572 4773 2815 4826 verbum
2872 4768 2972 4825 Dei
3033 4768 3267 4840 publice
3324 4769 3724 4839 praedicasset,

2068 4844 2242 4899 multi
2273 4845 2371 4914 qui
2412 4844 2657 4899 aderant
2690 4841 2946 4898 Marcum
2978 4839 3265 4914 echortati
3298 4845 3480 4914 sunt,_
3516 4844 3727 4914 utpote

2067 4916 2164 4984 qui
2200 4910 2432 4970 Petrum
2461 4914 2814 4982 jamdudum
2850 4918 3107 4968 sectatus
3129 4912 3341 4984 fuisset
3360 4910 3724 4984 etdictaejus

2066 4981 2352 5066 memoria
2382 4981 2900 5066 teneret,‘ut__quaa
2956 4985 3060 5066 ab“
3088 4982 3351 5066 apqstolo
3397 4981 3726 5066 ‘prmdicata

2065 5062 2234 5113 erant
2262 5057 2677 5129 conscriberet.
2704 5053 3142 5129 ,Marcusiigitur
3170 5053 3541 5129 Evangelium
3566 5071 3725 5129 corn-

2065 5129 2281 5201 posuit,
2311 5129 2525 5201 iisque,
2547 5128 2643 5200 qui
2677 5128 2821 5183 illud
2847 5129 2919 5201 ab
2942 5126 3071 5199 ipso
3088 5126 3720 5201 rogabant_,i_mpertiit.

2064 5196 2222 5266 Quod
2258 5196 2634 5257 eum'Petrus
2665 5196 3067 5271 comperisset,
3100 5196 3227 5271 nee
3260 5196 3565 5271 prohibuit
3592 5214 3723 5255 om-

2065 5274 2203 5328 nino
2234 5289 2354 5329 rem
2387 5272 2533 5340 fieri,
2566 5288 2671 5328 nec
2708 5276 2769 5327 ut
2804 5268 2967 5327 ﬁeret
2996 5268 3276 5326 incitavit;
3311 5274 3386 5323 At
3436 5269 3721 5337 Joannes,

2063 5344 2329 5400 omnium
2366 5355 2689 5417 potrcmns,
2722 5359 2853 5398 cum
2885 5342 3109 5417 videret
3138 5342 3196 5396 in
3230 5340 3720 5417 aliorumLEvan-

294 5413 618 5491 acceperat,
645 5420 822 5474 refert
842 5413 911 5473 in
947 5419 1105 5475 hunc
1136 5421 1401 5475 modum.
1438 5413 1680 5475 Dicebat
1703 5434 1771 5471 ex
1797 5416 1948 5470 Evan
2058 5417 2228 5489 geliis
2259 5413 2511 5487 ea,'qua3
2545 5419 2614 5472 ad
2649 5431 2864 5487 corpus
2886 5413 3109 5470 Christi
3140 5413 3458 5486 pertinent,
3484 5413 3565 5469 ita
3588 5429 3723 5469 esse

364 5597 415 5670 ²²ν
443 5614 498 5669 ρ.
531 5596 655 5652 342.
733 5598 781 5634 ²³
811 5615 944 5670 sup.
977 5601 1017 5655 Ι.
1052 5617 1116 5660 n,
1151 5600 1383 5656 dissert.
1404 5601 1461 5663 2,
1493 5614 1544 5653 c.
1576 5598 1632 5666 6,
1665 5601 1775 5670 ετιο
1800 5596 1961 5670 5’-”

2073 5620 2118 5670 ιτ-
2173 5596 2220 5639 ἰ
2249 5595 2391 5651 ibid.
2469 5595 2516 5632 ³⁵
2543 5593 2779 5670 Euseb,
2810 5592 2917 5670 1.7v
2947 5592 3096 5670 _H_ist.
3120 5594 3274 5670 028.”
3300 5594 3374 5670 A“
3400 5599 3638 5670 prpar.
3670 5592 3714 5670 l_.

296 5669 625 5740 tt,_dissert.
657 5671 714 5737 6,
746 5687 796 5726 c.
832 5672 883 5740 4,

294 5736 438 5790 ibid.
470 5738 515 5774 ³ο
545 5736 762 5814 sti-om.
795 5741 833 5797 ι.
867 5736 998 5814 i.fp.
1031 5742 1155 5798 342.

915 5674 1025 5740 §2.
1099 5672 1142 5707 ³⁷
1174 5670 1365 5726 Vales.
1399 5662 1459 5725 in
1490 5670 1587 5724 cit.
1619 5662 1863 5724 'Euseb.
1887 5667 1998 5735 loc,
2076 5668 2123 5703 ³⁸
2155 5671 2372 5739 Appar.
2429 5683 2575 5740 sup.
2599 5667 2634 5720 Ι.
2671 5666 2907 5740 dissert.
2944 5666 3029 5734 t2,
3052 5679 3118 5740 c._
3165 5662 3217 5729 ί,
3248 5665 3331 5740 ἐξ
3351 5669 3416 5740 et
3469 5662 3595 5740 ῥόῳ
3668 5666 3714 5701 ³³

1235 5682 1365 5726 ales.
1399 5686 1459 5725 in
1490 5682 1587 5724 ett.
1639 5682 1854 5724 mesen.
1889 5682 1961 5723 Im

1235 5742 1280 5779 δι
1314 5741 1553 5811 Euseb.,
1588 5740 1627 5795 l.
1660 5757 1760 5795 vm
1797 5740 1961 5811 Prasp.

2076 5682 2123 5703 ι·
2155 5682 2372 5739 Appar.
2429 5683 2559 5735 sup.
2599 5682 2634 5720 ι.
2671 5682 2907 5722 dissert.
2944 5682 3103 5734 12,0.
3165 5682 3217 5729 ι,
3248 5682 3331 5737 gz
3358 5682 3416 5722 et
3469 5682 3601 5793 seq5
3669 5682 3711 5701 "

2076 5755 2190 5806 ev.,
2222 5755 2272 5795 c.
2305 5740 2451 5811 6,7p.
2484 5739 2610 5804 410,
2643 5742 2701 5794 et
2741 5736 2938 5811 Laur,
2970 5736 3141 5811 c._15,
3177 5754 3231 5808 p.
3263 5738 3391 5794 664.
3465 5738 3511 5773 ³³
3605 5753 3711 5793 ra:-

292 5820 415 5874 par.
444 5822 555 5878 ev.,
584 5808 626 5875 1,
655 5827 758 5879 vu,
783 5829 833 5869 c.
869 5804 961 5883 13,
986 5830 1043 5885 p.
1076 5814 1204 5883 323;
1235 5831 1274 5886 ι.
1308 5827 1434 5881 vm,
1467 5828 1515 5867 c.
1539 5804 1605 5882 '9,
1641 5829 1698 5884 p.
1730 5812 1857 5868 375.
1921 5804 1961 5846 ’³⁵

2073 5828 2146 5884 ip,
2178 5804 2224 5866 l.
2258 5827 2323 5879 ιι,
2358 5810 2594 5866 dissert.
2620 5813 2677 5878 2,
2709 5825 2762 5866 ο.
2791 5809 2848 5879 8,
2880 5804 2994 5865 art.
3026 5807 3081 5864 4.
