  <div class='ocr_page' id='page_1' title='image "/cluster/home/n/w/nwhite01/storage/ocr_20150623/9/coo.31924054872886/594.png"; bbox 0 0 4114 6378; ppageno 0'>
   <div class='ocr_carea' id='block_1_1' title="bbox 358 401 500 459">
    <p class='ocr_par' dir='ltr' id='par_1_1' title="bbox 358 401 500 459">
     <span class='ocr_line' id='line_1_1' title="bbox 358 401 500 459; baseline -0.014 0"><span class='ocrx_word' id='word_1_1' title='bbox 358 401 500 459; x_wconf 84' lang='grc'>1173</span> 
     </span>
    </p>
   </div>
   <div class='ocr_carea' id='block_1_2' title="bbox 1630 402 2504 460">
    <p class='ocr_par' dir='ltr' id='par_1_2' title="bbox 1630 402 2504 460">
     <span class='ocr_line' id='line_1_2' title="bbox 1630 402 2504 460; baseline 0.001 -3"><span class='ocrx_word' id='word_1_2' title='bbox 1630 405 1726 458; x_wconf 86' lang='lat' dir='ltr'>DE</span> <span class='ocrx_word' id='word_1_3' title='bbox 1765 403 2001 457; x_wconf 78' lang='lat' dir='ltr'>LIBRXS</span> <span class='ocrx_word' id='word_1_4' title='bbox 2037 402 2504 460; x_wconf 78' lang='lat' dir='ltr'>STROMATUM.</span> 
     </span>
    </p>
   </div>
   <div class='ocr_carea' id='block_1_3' title="bbox 3645 409 3784 464">
    <p class='ocr_par' dir='ltr' id='par_1_3' title="bbox 3645 409 3784 464">
     <span class='ocr_line' id='line_1_3' title="bbox 3645 409 3784 464; baseline 0.007 -2"><span class='ocrx_word' id='word_1_5' title='bbox 3645 409 3784 464; x_wconf 76' lang='grc'>1174</span> 
     </span>
    </p>
   </div>
   <div class='ocr_carea' id='block_1_4' title="bbox 357 526 3785 606">
    <p class='ocr_par' dir='ltr' id='par_1_4' title="bbox 357 526 3785 606">
     <span class='ocr_line' id='line_1_4' title="bbox 357 526 3785 606; baseline 0.002 -22"><span class='ocrx_word' id='word_1_6' title='bbox 357 546 484 584; x_wconf 89' lang='lat' dir='ltr'>una</span> <span class='ocrx_word' id='word_1_7' title='bbox 515 532 627 606; x_wconf 63' lang='lat' dir='ltr'>eet,</span> <span class='ocrx_word' id='word_1_8' title='bbox 656 529 819 606; x_wconf 82' lang='lat' dir='ltr'>quod</span> <span class='ocrx_word' id='word_1_9' title='bbox 855 529 1197 606; x_wconf 80' lang='lat' dir='ltr'>advocatum</span> <span class='ocrx_word' id='word_1_10' title='bbox 1231 527 1522 606; x_wconf 77' lang='lat' dir='ltr'>habemus</span> <span class='ocrx_word' id='word_1_11' title='bbox 1555 528 1625 582; x_wconf 89' lang='lat' dir='ltr'>ad</span> <span class='ocrx_word' id='word_1_12' title='bbox 1662 527 1889 606; x_wconf 80' lang='lat' dir='ltr'>Patrem</span> <span class='ocrx_word' id='word_1_13' title='bbox 1922 526 2015 581; x_wconf 87' lang='lat' dir='ltr'>Je-</span> <span class='ocrx_word' id='word_1_14' title='bbox 2046 529 2096 596; x_wconf 78' lang='grc' dir='ltr'>Α</span> <span class='ocrx_word' id='word_1_15' title='bbox 2131 543 2417 606; x_wconf 68' lang='lat' dir='ltr'>piumque</span> <span class='ocrx_word' id='word_1_16' title='bbox 2466 529 2536 585; x_wconf 89' lang='lat' dir='ltr'>de</span> <span class='ocrx_word' id='word_1_17' title='bbox 2585 529 2820 589; x_wconf 90' lang='lat' dir='ltr'>illorum</span> <span class='ocrx_word' id='word_1_18' title='bbox 2853 533 3132 606; x_wconf 79' lang='lat' dir='ltr'>martyrio</span> <span class='ocrx_word' id='word_1_19' title='bbox 3164 532 3567 590; x_wconf 89' lang='lat' dir='ltr'>testimonium</span> <span class='ocrx_word' id='word_1_20' title='bbox 3602 533 3785 591; x_wconf 85' lang='lat' dir='ltr'>habe-</span> 
     </span>
    </p>
   </div>
   <div class='ocr_carea' id='block_1_5' title="bbox 365 599 2017 671">
    <p class='ocr_par' dir='ltr' id='par_1_5' title="bbox 365 599 2017 671">
     <span class='ocr_line' id='line_1_5' title="bbox 365 599 2017 671; baseline -0.002 -16"><span class='ocrx_word' id='word_1_21' title='bbox 365 617 497 656; x_wconf 88' lang='lat' dir='ltr'>sum</span> <span class='ocrx_word' id='word_1_22' title='bbox 529 600 832 655; x_wconf 89' lang='lat' dir='ltr'>Christum</span> <span class='ocrx_word' id='word_1_23' title='bbox 862 603 1111 668; x_wconf 80' lang='lat' dir='ltr'>iustum,</span> <span class='ocrx_word' id='word_1_24' title='bbox 1143 604 1200 654; x_wconf 93' lang='lat' dir='ltr'>et</span> <span class='ocrx_word' id='word_1_25' title='bbox 1230 599 1356 671; x_wconf 89' lang='lat' dir='ltr'>ipse</span> <span class='ocrx_word' id='word_1_26' title='bbox 1395 605 1480 654; x_wconf 88' lang='lat' dir='ltr'>est</span> <span class='ocrx_word' id='word_1_27' title='bbox 1531 600 1789 654; x_wconf 85' lang='lat' dir='ltr'>cxoratio</span> <span class='ocrx_word' id='word_1_28' title='bbox 1822 614 2017 671; x_wconf 80' lang='lat' dir='ltr'>pecca-</span> 
     </span>
    </p>
   </div>
   <div class='ocr_carea' id='block_1_6' title="bbox 354 671 2019 741">
    <p class='ocr_par' dir='ltr' id='par_1_6' title="bbox 354 671 2019 741">
     <span class='ocr_line' id='line_1_6' title="bbox 354 671 2019 741; baseline -0.002 -14"><span class='ocrx_word' id='word_1_29' title='bbox 354 679 582 727; x_wconf 87' lang='lat' dir='ltr'>torum.</span> <span class='ocrx_word' id='word_1_30' title='bbox 621 694 648 719; x_wconf 79' lang='grc' dir='ltr'><strong>υ</strong></span> <span class='ocrx_word' id='word_1_31' title='bbox 683 672 899 726; x_wconf 88' lang='lat' dir='ltr'>Eadem</span> <span class='ocrx_word' id='word_1_32' title='bbox 929 671 1107 725; x_wconf 84' lang='lat' dir='ltr'>habet</span> <span class='ocrx_word' id='word_1_33' title='bbox 1136 672 1195 725; x_wconf 89' lang='lat' dir='ltr'>in</span> <span class='ocrx_word' id='word_1_34' title='bbox 1228 671 1601 726; x_wconf 80' lang='lat' dir='ltr'>enarratione</span> <span class='ocrx_word' id='word_1_35' title='bbox 1631 671 1688 724; x_wconf 92' lang='lat' dir='ltr'>in</span> <span class='ocrx_word' id='word_1_36' title='bbox 1723 671 2019 741; x_wconf 77' lang='lat' dir='ltr'>psalmum</span> 
     </span>
    </p>
   </div>
   <div class='ocr_carea' id='block_1_7' title="bbox 354 741 2017 813">
    <p class='ocr_par' dir='ltr' id='par_1_7' title="bbox 354 741 2017 813">
     <span class='ocr_line' id='line_1_7' title="bbox 354 741 2017 813; baseline -0.004 -14"><span class='ocrx_word' id='word_1_37' title='bbox 354 750 724 813; x_wconf 82' lang='lat' dir='ltr'>cxm,atque</span> <span class='ocrx_word' id='word_1_38' title='bbox 759 758 1027 797; x_wconf 82' lang='lat' dir='ltr'>sermone</span> <span class='ocrx_word' id='word_1_39' title='bbox 1072 743 1173 796; x_wconf 92' lang='lat'>135</span> <span class='ocrx_word' id='word_1_40' title='bbox 1219 743 1277 796; x_wconf 92' lang='lat' dir='ltr'>in</span> <span class='ocrx_word' id='word_1_41' title='bbox 1310 744 1658 797; x_wconf 66' lang='lat' dir='ltr'>Joannem“</span> <span class='ocrx_word' id='word_1_42' title='bbox 1695 759 1706 795; x_wconf 90' lang='lat'><strong>:</strong></span> <span class='ocrx_word' id='word_1_43' title='bbox 1750 765 1776 791; x_wconf 85' lang='lat'><strong><em>«</em></strong></span> <span class='ocrx_word' id='word_1_44' title='bbox 1816 741 2017 809; x_wconf 79' lang='lat' dir='ltr'>Dicite,</span> 
     </span>
    </p>
   </div>
   <div class='ocr_carea' id='block_1_8' title="bbox 356 814 2020 885">
    <p class='ocr_par' dir='ltr' id='par_1_8' title="bbox 356 814 2020 885">
     <span class='ocr_line' id='line_1_8' title="bbox 356 814 2020 885; baseline -0.002 -14"><span class='ocrx_word' id='word_1_45' title='bbox 356 817 544 871; x_wconf 81' lang='lat' dir='ltr'>sancti</span> <span class='ocrx_word' id='word_1_46' title='bbox 580 814 853 885; x_wconf 81' lang='lat' dir='ltr'>apostoli,</span> <span class='ocrx_word' id='word_1_47' title='bbox 905 819 1286 885; x_wconf 76' lang='lat' dir='ltr'>posteaquam</span> <span class='ocrx_word' id='word_1_48' title='bbox 1338 815 1591 868; x_wconf 83' lang='lat' dir='ltr'>surrexit</span> <span class='ocrx_word' id='word_1_49' title='bbox 1648 814 1933 869; x_wconf 88' lang='lat' dir='ltr'>Dominus</span> <span class='ocrx_word' id='word_1_50' title='bbox 1964 819 2020 868; x_wconf 89' lang='lat' dir='ltr'>et</span> 
     </span>
    </p>
   </div>
   <div class='ocr_carea' id='block_1_9' title="bbox 358 885 2018 956">
    <p class='ocr_par' dir='ltr' id='par_1_9' title="bbox 358 885 2018 956">
     <span class='ocr_line' id='line_1_9' title="bbox 358 885 2018 956; baseline -0.003 -13"><span class='ocrx_word' id='word_1_51' title='bbox 358 887 730 944; x_wconf 73' lang='lat' dir='ltr'>confirmavit</span> <span class='ocrx_word' id='word_1_52' title='bbox 760 895 881 950; x_wconf 87' lang='lat' dir='ltr'>vos,</span> <span class='ocrx_word' id='word_1_53' title='bbox 915 886 1134 956; x_wconf 80' lang='lat' dir='ltr'>Spiritu</span> <span class='ocrx_word' id='word_1_54' title='bbox 1171 891 1339 941; x_wconf 90' lang='lat' dir='ltr'>santo</span> <span class='ocrx_word' id='word_1_55' title='bbox 1375 887 1555 940; x_wconf 89' lang='lat' dir='ltr'>misso</span> <span class='ocrx_word' id='word_1_56' title='bbox 1587 887 1658 940; x_wconf 92' lang='lat' dir='ltr'>de</span> <span class='ocrx_word' id='word_1_57' title='bbox 1691 885 1855 954; x_wconf 68' lang='lat' dir='ltr'>coalo,</span> <span class='ocrx_word' id='word_1_58' title='bbox 1889 900 2018 939; x_wconf 82' lang='lat' dir='ltr'>ces-</span> 
     </span>
    </p>
   </div>
   <div class='ocr_carea' id='block_1_10' title="bbox 357 957 2016 1028">
    <p class='ocr_par' dir='ltr' id='par_1_10' title="bbox 357 957 2016 1028">
     <span class='ocr_line' id='line_1_10' title="bbox 357 957 2016 1028; baseline -0.002 -13"><span class='ocrx_word' id='word_1_59' title='bbox 357 976 496 1016; x_wconf 90' lang='lat' dir='ltr'>sans</span> <span class='ocrx_word' id='word_1_60' title='bbox 532 959 748 1013; x_wconf 83' lang='lat' dir='ltr'>habere</span> <span class='ocrx_word' id='word_1_61' title='bbox 777 963 1199 1026; x_wconf 86' lang='lat' dir='ltr'>peccatum.....</span> <span class='ocrx_word' id='word_1_62' title='bbox 1237 957 1319 1012; x_wconf 90' lang='lat' dir='ltr'>ait</span> <span class='ocrx_word' id='word_1_63' title='bbox 1341 975 1495 1013; x_wconf 91' lang='lat' dir='ltr'>unus</span> <span class='ocrx_word' id='word_1_64' title='bbox 1527 958 1884 1028; x_wconf 90' lang='lat' dir='ltr'>ipsorum....</span> <span class='ocrx_word' id='word_1_65' title='bbox 1928 973 2016 1011; x_wconf 88' lang='lat' dir='ltr'>re-</span> 
     </span>
    </p>
   </div>
   <div class='ocr_carea' id='block_1_11' title="bbox 359 1028 2016 1103">
    <p class='ocr_par' dir='ltr' id='par_1_11' title="bbox 359 1028 2016 1103">
     <span class='ocr_line' id='line_1_11' title="bbox 359 1028 2016 1103; baseline -0.002 -17"><span class='ocrx_word' id='word_1_66' title='bbox 359 1031 612 1103; x_wconf 84' lang='lat' dir='ltr'>spondet</span> <span class='ocrx_word' id='word_1_67' title='bbox 642 1034 700 1084; x_wconf 91' lang='lat' dir='ltr'>et</span> <span class='ocrx_word' id='word_1_68' title='bbox 725 1029 868 1103; x_wconf 89' lang='lat' dir='ltr'>dicit</span> <span class='ocrx_word' id='word_1_69' title='bbox 903 1045 915 1082; x_wconf 92' lang='lat'><strong>:</strong></span> <span class='ocrx_word' id='word_1_70' title='bbox 948 1030 1003 1083; x_wconf 87' lang='lat' dir='ltr'>Si</span> <span class='ocrx_word' id='word_1_71' title='bbox 1037 1028 1385 1103; x_wconf 83' lang='lat' dir='ltr'>dixerimus,</span> <span class='ocrx_word' id='word_1_72' title='bbox 1428 1035 1746 1103; x_wconf 16' lang='lat' dir='ltr'>peccatum»</span> <span class='ocrx_word' id='word_1_73' title='bbox 1767 1046 1881 1084; x_wconf 91' lang='lat' dir='ltr'>non</span> <span class='ocrx_word' id='word_1_74' title='bbox 1912 1029 2016 1103; x_wconf 81' lang='lat' dir='ltr'>ha-</span> 
     </span>
    </p>
   </div>
   <div class='ocr_carea' id='block_1_12' title="bbox 359 1099 2016 1171">
    <p class='ocr_par' dir='ltr' id='par_1_12' title="bbox 359 1099 2016 1171">
     <span class='ocr_line' id='line_1_12' title="bbox 359 1099 2016 1171; baseline -0.001 -14"><span class='ocrx_word' id='word_1_75' title='bbox 359 1099 592 1166; x_wconf 67' lang='lat' dir='ltr'>bemus,</span> <span class='ocrx_word' id='word_1_76' title='bbox 627 1118 733 1155; x_wconf 89' lang='lat' dir='ltr'>nos</span> <span class='ocrx_word' id='word_1_77' title='bbox 765 1100 928 1171; x_wconf 88' lang='lat' dir='ltr'>ipsos</span> <span class='ocrx_word' id='word_1_78' title='bbox 978 1102 1342 1167; x_wconf 89' lang='lat' dir='ltr'>seducimus,</span> <span class='ocrx_word' id='word_1_79' title='bbox 1378 1099 1443 1156; x_wconf 78' lang='lat' dir='ltr'>et</span> <span class='ocrx_word' id='word_1_80' title='bbox 1465 1101 1680 1156; x_wconf 90' lang='lat' dir='ltr'>veritas</span> <span class='ocrx_word' id='word_1_81' title='bbox 1736 1101 1793 1154; x_wconf 91' lang='lat' dir='ltr'>in</span> <span class='ocrx_word' id='word_1_82' title='bbox 1848 1099 2016 1155; x_wconf 85' lang='lat' dir='ltr'>nobis</span> 
     </span>
    </p>
   </div>
   <div class='ocr_carea' id='block_1_13' title="bbox 356 1169 2058 1243">
    <p class='ocr_par' dir='ltr' id='par_1_13' title="bbox 356 1169 2058 1243">
     <span class='ocr_line' id='line_1_13' title="bbox 356 1169 2058 1243; baseline -0.003 -13"><span class='ocrx_word' id='word_1_83' title='bbox 356 1191 472 1230; x_wconf 90' lang='lat' dir='ltr'>non</span> <span class='ocrx_word' id='word_1_84' title='bbox 497 1177 611 1241; x_wconf 91' lang='lat' dir='ltr'>est,</span> <span class='ocrx_word' id='word_1_85' title='bbox 643 1194 673 1222; x_wconf 85' lang='lat'>»</span> <span class='ocrx_word' id='word_1_86' title='bbox 706 1169 816 1227; x_wconf 51' lang='lat' dir='ltr'>etc)</span> <span class='ocrx_word' id='word_1_87' title='bbox 852 1175 1057 1243; x_wconf 88' lang='lat' dir='ltr'>Itaque</span> <span class='ocrx_word' id='word_1_88' title='bbox 1086 1173 1454 1241; x_wconf 79' lang='lat' dir='ltr'>Augustinus</span> <span class='ocrx_word' id='word_1_89' title='bbox 1489 1174 1669 1226; x_wconf 82' lang='lat' dir='ltr'>ﬁxum</span> <span class='ocrx_word' id='word_1_90' title='bbox 1705 1178 2015 1241; x_wconf 83' lang='lat' dir='ltr'>ratumque</span> <span class='ocrx_word' id='word_1_91' title='bbox 2051 1169 2058 1176; x_wconf 79' lang='grc'><em>’</em></span> 
     </span>
    </p>
   </div>
   <div class='ocr_carea' id='block_1_14' title="bbox 366 1244 2018 1316">
    <p class='ocr_par' dir='ltr' id='par_1_14' title="bbox 366 1244 2018 1316">
     <span class='ocr_line' id='line_1_14' title="bbox 366 1244 2018 1316; baseline -0.001 -16"><span class='ocrx_word' id='word_1_92' title='bbox 366 1245 573 1301; x_wconf 81' lang='lat' dir='ltr'>habuit</span> <span class='ocrx_word' id='word_1_93' title='bbox 601 1244 923 1314; x_wconf 85' lang='lat' dir='ltr'>apostolos,</span> <span class='ocrx_word' id='word_1_94' title='bbox 955 1244 1131 1316; x_wconf 88' lang='lat' dir='ltr'>etiam</span> <span class='ocrx_word' id='word_1_95' title='bbox 1166 1244 1364 1298; x_wconf 88' lang='lat' dir='ltr'>divina</span> <span class='ocrx_word' id='word_1_96' title='bbox 1396 1245 1648 1316; x_wconf 84' lang='lat' dir='ltr'>Spiritus</span> <span class='ocrx_word' id='word_1_97' title='bbox 1679 1245 1863 1316; x_wconf 79' lang='lat' dir='ltr'>sancti</span> <span class='ocrx_word' id='word_1_98' title='bbox 1892 1259 2018 1316; x_wconf 84' lang='lat' dir='ltr'>gra-</span> 
     </span>
    </p>
   </div>
   <div class='ocr_carea' id='block_1_15' title="bbox 349 1315 2015 1388">
    <p class='ocr_par' dir='ltr' id='par_1_15' title="bbox 349 1315 2015 1388">
     <span class='ocr_line' id='line_1_15' title="bbox 349 1315 2015 1388; baseline -0.003 -15"><span class='ocrx_word' id='word_1_99' title='bbox 349 1319 434 1374; x_wconf 90' lang='lat' dir='ltr'>tia</span> <span class='ocrx_word' id='word_1_100' title='bbox 464 1315 827 1388; x_wconf 87' lang='lat' dir='ltr'>postChristi</span> <span class='ocrx_word' id='word_1_101' title='bbox 866 1315 1275 1388; x_wconf 85' lang='lat' dir='ltr'>ascensionem</span> <span class='ocrx_word' id='word_1_102' title='bbox 1312 1315 1803 1388; x_wconf 17' lang='lat' dir='ltr'>contirmatos,ie_a</span> <span class='ocrx_word' id='word_1_103' title='bbox 1834 1315 2015 1388; x_wconf 82' lang='lat' dir='ltr'>levio-</span> 
     </span>
    </p>
   </div>
   <div class='ocr_carea' id='block_1_16' title="bbox 352 1385 2015 1458">
    <p class='ocr_par' dir='ltr' id='par_1_16' title="bbox 352 1385 2015 1458">
     <span class='ocr_line' id='line_1_16' title="bbox 352 1385 2015 1458; baseline -0.002 -14"><span class='ocrx_word' id='word_1_104' title='bbox 352 1407 418 1446; x_wconf 88' lang='lat' dir='ltr'>ra</span> <span class='ocrx_word' id='word_1_105' title='bbox 442 1385 508 1443; x_wconf 76' lang='lat' dir='ltr'>ac</span> <span class='ocrx_word' id='word_1_106' title='bbox 539 1387 1182 1458; x_wconf 84' lang='lat' dir='ltr'>venialiacontraxisse</span> <span class='ocrx_word' id='word_1_107' title='bbox 1243 1392 1503 1458; x_wconf 84' lang='lat' dir='ltr'>peccata,</span> <span class='ocrx_word' id='word_1_108' title='bbox 1538 1404 1665 1458; x_wconf 65' lang='lat' dir='ltr'>quae</span> <span class='ocrx_word' id='word_1_109' title='bbox 1719 1385 1816 1441; x_wconf 90' lang='lat' dir='ltr'>ille</span> <span class='ocrx_word' id='word_1_110' title='bbox 1847 1387 2015 1441; x_wconf 85' lang='lat' dir='ltr'>docet</span> 
     </span>
    </p>
   </div>
   <div class='ocr_carea' id='block_1_17' title="bbox 352 1457 1221 1517">
    <p class='ocr_par' dir='ltr' id='par_1_17' title="bbox 352 1457 1221 1517">
     <span class='ocr_line' id='line_1_17' title="bbox 352 1457 1221 1517; baseline -0.007 0"><span class='ocrx_word' id='word_1_111' title='bbox 352 1461 619 1517; x_wconf 91' lang='lat' dir='ltr'>oratione</span> <span class='ocrx_word' id='word_1_112' title='bbox 649 1457 950 1514; x_wconf 89' lang='lat' dir='ltr'>Dominica</span> <span class='ocrx_word' id='word_1_113' title='bbox 981 1459 1221 1512; x_wconf 84' lang='lat' dir='ltr'>dimitti.</span> 
     </span>
    </p>
   </div>
   <div class='ocr_carea' id='block_1_18' title="bbox 424 1527 2012 1602">
    <p class='ocr_par' dir='ltr' id='par_1_18' title="bbox 424 1527 2012 1602">
     <span class='ocr_line' id='line_1_18' title="bbox 424 1527 2012 1602; baseline -0.003 -16"><span class='ocrx_word' id='word_1_114' title='bbox 424 1536 639 1586; x_wconf 87' lang='lat' dir='ltr'>Verum</span> <span class='ocrx_word' id='word_1_115' title='bbox 673 1547 786 1602; x_wconf 91' lang='lat' dir='ltr'>non</span> <span class='ocrx_word' id='word_1_116' title='bbox 803 1529 916 1584; x_wconf 89' lang='lat' dir='ltr'>alia</span> <span class='ocrx_word' id='word_1_117' title='bbox 937 1529 1250 1602; x_wconf 77' lang='lat' dir='ltr'>Clementis</span> <span class='ocrx_word' id='word_1_118' title='bbox 1276 1529 1458 1602; x_wconf 88' lang='lat' dir='ltr'>nostri</span> <span class='ocrx_word' id='word_1_119' title='bbox 1485 1545 1661 1602; x_wconf 87' lang='lat' dir='ltr'>quam</span> <span class='ocrx_word' id='word_1_120' title='bbox 1689 1527 2012 1602; x_wconf 78' lang='lat' dir='ltr'>Augustini</span> 
     </span>
    </p>
   </div>
   <div class='ocr_carea' id='block_1_19' title="bbox 352 1600 2010 1672">
    <p class='ocr_par' dir='ltr' id='par_1_19' title="bbox 352 1600 2010 1672">
     <span class='ocr_line' id='line_1_19' title="bbox 352 1600 2010 1672; baseline -0.004 -13"><span class='ocrx_word' id='word_1_121' title='bbox 352 1619 482 1659; x_wconf 89' lang='lat' dir='ltr'>esse</span> <span class='ocrx_word' id='word_1_122' title='bbox 517 1601 808 1657; x_wconf 85' lang='lat' dir='ltr'>sententia</span> <span class='ocrx_word' id='word_1_123' title='bbox 828 1601 997 1656; x_wconf 90' lang='lat' dir='ltr'>nobis</span> <span class='ocrx_word' id='word_1_124' title='bbox 1019 1617 1262 1672; x_wconf 91' lang='lat' dir='ltr'>prorsus</span> <span class='ocrx_word' id='word_1_125' title='bbox 1283 1600 1537 1656; x_wconf 78' lang='lat' dir='ltr'>videtur.</span> <span class='ocrx_word' id='word_1_126' title='bbox 1563 1602 1644 1656; x_wconf 90' lang='lat' dir='ltr'>De</span> <span class='ocrx_word' id='word_1_127' title='bbox 1667 1600 1823 1656; x_wconf 89' lang='lat' dir='ltr'>statu</span> <span class='ocrx_word' id='word_1_128' title='bbox 1850 1600 2010 1672; x_wconf 89' lang='lat' dir='ltr'>enim</span> 
     </span>
    </p>
   </div>
   <div class='ocr_carea' id='block_1_20' title="bbox 351 1671 2010 1743">
    <p class='ocr_par' dir='ltr' id='par_1_20' title="bbox 351 1671 2010 1743">
     <span class='ocr_line' id='line_1_20' title="bbox 351 1671 2010 1743; baseline 0 -15"><span class='ocrx_word' id='word_1_129' title='bbox 351 1679 410 1728; x_wconf 88' lang='lat' dir='ltr'>et</span> <span class='ocrx_word' id='word_1_130' title='bbox 441 1673 647 1728; x_wconf 89' lang='lat' dir='ltr'>habitu</span> <span class='ocrx_word' id='word_1_131' title='bbox 674 1675 910 1737; x_wconf 87' lang='lat' dir='ltr'>mentis,</span> <span class='ocrx_word' id='word_1_132' title='bbox 934 1671 1060 1740; x_wconf 85' lang='lat' dir='ltr'>seu,</span> <span class='ocrx_word' id='word_1_133' title='bbox 1087 1679 1152 1727; x_wconf 92' lang='lat' dir='ltr'>ut</span> <span class='ocrx_word' id='word_1_134' title='bbox 1173 1673 1333 1743; x_wconf 89' lang='lat' dir='ltr'>loqui</span> <span class='ocrx_word' id='word_1_135' title='bbox 1363 1678 1586 1738; x_wconf 87' lang='lat' dir='ltr'>amant,</span> <span class='ocrx_word' id='word_1_136' title='bbox 1610 1675 1682 1728; x_wconf 90' lang='lat' dir='ltr'>de</span> <span class='ocrx_word' id='word_1_137' title='bbox 1710 1679 1863 1728; x_wconf 84' lang='lat' dir='ltr'>statu</span> <span class='ocrx_word' id='word_1_138' title='bbox 1902 1671 2010 1728; x_wconf 83' lang='lat' dir='ltr'>ha-</span> 
     </span>
    </p>
   </div>
   <div class='ocr_carea' id='block_1_21' title="bbox 351 1743 2012 1814">
    <p class='ocr_par' dir='ltr' id='par_1_21' title="bbox 351 1743 2012 1814">
     <span class='ocr_line' id='line_1_21' title="bbox 351 1743 2012 1814; baseline -0.001 -16"><span class='ocrx_word' id='word_1_139' title='bbox 351 1744 557 1799; x_wconf 88' lang='lat' dir='ltr'>bituali</span> <span class='ocrx_word' id='word_1_140' title='bbox 593 1743 673 1800; x_wconf 92' lang='lat' dir='ltr'>ibi</span> <span class='ocrx_word' id='word_1_141' title='bbox 704 1744 800 1800; x_wconf 87' lang='lat' dir='ltr'>ille</span> <span class='ocrx_word' id='word_1_142' title='bbox 857 1745 1173 1812; x_wconf 75' lang='lat' dir='ltr'>disserit“,</span> <span class='ocrx_word' id='word_1_143' title='bbox 1207 1761 1321 1814; x_wconf 93' lang='lat' dir='ltr'>quo</span> <span class='ocrx_word' id='word_1_144' title='bbox 1356 1746 1573 1799; x_wconf 86' lang='lat' dir='ltr'>factum</span> <span class='ocrx_word' id='word_1_145' title='bbox 1607 1761 1736 1800; x_wconf 89' lang='lat' dir='ltr'>esse</span> <span class='ocrx_word' id='word_1_146' title='bbox 1765 1744 1907 1812; x_wconf 87' lang='lat' dir='ltr'>vult,</span> <span class='ocrx_word' id='word_1_147' title='bbox 1946 1749 2012 1798; x_wconf 86' lang='lat' dir='ltr'>ut</span> 
     </span>
    </p>
   </div>
   <div class='ocr_carea' id='block_1_22' title="bbox 352 1815 2005 1904">
    <p class='ocr_par' dir='ltr' id='par_1_22' title="bbox 352 1815 2005 1904">
     <span class='ocr_line' id='line_1_22' title="bbox 352 1815 2005 1904; baseline -0.001 -33"><span class='ocrx_word' id='word_1_148' title='bbox 352 1815 603 1904; x_wconf 61' lang='lat' dir='ltr'>epostoli</span> <span class='ocrx_word' id='word_1_149' title='bbox 663 1823 840 1888; x_wconf 84' lang='lat' dir='ltr'>atque</span> <span class='ocrx_word' id='word_1_150' title='bbox 889 1818 1068 1870; x_wconf 90' lang='lat' dir='ltr'>etiam</span> <span class='ocrx_word' id='word_1_151' title='bbox 1137 1837 1162 1868; x_wconf 76' lang='grc' dir='ltr'><strong><em>α</em></strong></span> <span class='ocrx_word' id='word_1_152' title='bbox 1188 1816 1516 1904; x_wconf 41' lang='lat' dir='ltr'>gpns‘ticus,</span> <span class='ocrx_word' id='word_1_153' title='bbox 1550 1818 2005 1904; x_wconf 42' lang='lat' dir='ltr'>iilperfe‘tusqpe</span> 
     </span>
    </p>
   </div>
   <div class='ocr_carea' id='block_1_23' title="bbox 351 1888 1499 1958">
    <p class='ocr_par' dir='ltr' id='par_1_23' title="bbox 351 1888 1499 1958">
     <span class='ocr_line' id='line_1_23' title="bbox 351 1888 1499 1958; baseline -0.001 -16"><span class='ocrx_word' id='word_1_154' title='bbox 351 1888 741 1958; x_wconf 14' lang='lat' dir='ltr'>Christianus,</span> <span class='ocrx_word' id='word_1_155' title='bbox 785 1904 1088 1958; x_wconf 88' lang='lat' dir='ltr'>nunquam</span> <span class='ocrx_word' id='word_1_156' title='bbox 1125 1892 1428 1958; x_wconf 80' lang='lat' dir='ltr'>mutentur</span> <span class='ocrx_word' id='word_1_157' title='bbox 1487 1904 1499 1941; x_wconf 93' lang='lat'>:</span> 
     </span>
    </p>
   </div>
   <div class='ocr_carea' id='block_1_24' title="bbox 351 1955 1998 2030">
    <p class='ocr_par' dir='ltr' id='par_1_24' title="bbox 351 1955 1998 2030">
     <span class='ocr_line' id='line_1_24' title="bbox 351 1955 1998 2030; baseline -0.001 -16"><span class='ocrx_word' id='word_1_158' title='bbox 351 1959 636 2028; x_wconf 80' lang='grc' dir='ltr'>ἀσκήσεως</span> <span class='ocrx_word' id='word_1_159' title='bbox 668 1957 748 2012; x_wconf 79' lang='grc' dir='ltr'>ἆέὶ</span> <span class='ocrx_word' id='word_1_160' title='bbox 785 1955 1034 2030; x_wconf 59' lang='grc' dir='ltr'>μὲνοῦτες</span> <span class='ocrx_word' id='word_1_161' title='bbox 1061 1955 1450 2013; x_wconf 70' lang='grc' dir='ltr'>ἀναλλοίωτον..</span> <span class='ocrx_word' id='word_1_162' title='bbox 1484 1982 1510 2008; x_wconf 85' lang='grc'><strong>‹‹</strong></span> <span class='ocrx_word' id='word_1_163' title='bbox 1545 1960 1651 2013; x_wconf 87' lang='lat' dir='ltr'>Sed</span> <span class='ocrx_word' id='word_1_164' title='bbox 1685 1961 1744 2014; x_wconf 86' lang='lat' dir='ltr'>in</span> <span class='ocrx_word' id='word_1_165' title='bbox 1776 1960 1998 2014; x_wconf 85' lang='lat' dir='ltr'>exerci-</span> 
     </span>
    </p>
   </div>
   <div class='ocr_carea' id='block_1_25' title="bbox 354 2031 1998 2102">
    <p class='ocr_par' dir='ltr' id='par_1_25' title="bbox 354 2031 1998 2102">
     <span class='ocr_line' id='line_1_25' title="bbox 354 2031 1998 2102; baseline -0.001 -15"><span class='ocrx_word' id='word_1_166' title='bbox 354 2033 596 2087; x_wconf 87' lang='lat' dir='ltr'>tationis</span> <span class='ocrx_word' id='word_1_167' title='bbox 618 2031 823 2087; x_wconf 88' lang='lat' dir='ltr'>habitu</span> <span class='ocrx_word' id='word_1_168' title='bbox 857 2048 1090 2102; x_wconf 89' lang='lat' dir='ltr'>semper</span> <span class='ocrx_word' id='word_1_169' title='bbox 1119 2036 1394 2086; x_wconf 89' lang='lat' dir='ltr'>maneant</span> <span class='ocrx_word' id='word_1_170' title='bbox 1422 2031 1795 2087; x_wconf 85' lang='lat' dir='ltr'>invariabiles</span> <span class='ocrx_word' id='word_1_171' title='bbox 1811 2038 1867 2086; x_wconf 86' lang='lat' dir='ltr'>et</span> <span class='ocrx_word' id='word_1_172' title='bbox 1888 2033 1998 2085; x_wconf 92' lang='lat' dir='ltr'>im-</span> 
     </span>
    </p>
   </div>
   <div class='ocr_carea' id='block_1_26' title="bbox 354 2102 1999 2173">
    <p class='ocr_par' dir='ltr' id='par_1_26' title="bbox 354 2102 1999 2173">
     <span class='ocr_line' id='line_1_26' title="bbox 354 2102 1999 2173; baseline -0.001 -14"><span class='ocrx_word' id='word_1_173' title='bbox 354 2103 689 2170; x_wconf 81' lang='lat' dir='ltr'>mutabiles,</span> <span class='ocrx_word' id='word_1_174' title='bbox 728 2126 753 2151; x_wconf 76' lang='grc' dir='ltr'>ι)</span> <span class='ocrx_word' id='word_1_175' title='bbox 784 2104 842 2156; x_wconf 92' lang='lat' dir='ltr'>in</span> <span class='ocrx_word' id='word_1_176' title='bbox 877 2103 1163 2159; x_wconf 87' lang='lat' dir='ltr'>charitate</span> <span class='ocrx_word' id='word_1_177' title='bbox 1185 2102 1479 2157; x_wconf 86' lang='lat' dir='ltr'>scilicetet</span> <span class='ocrx_word' id='word_1_178' title='bbox 1501 2104 1712 2172; x_wconf 86' lang='lat' dir='ltr'>gratia,</span> <span class='ocrx_word' id='word_1_179' title='bbox 1743 2103 1999 2173; x_wconf 88' lang='lat' dir='ltr'>utvulgo</span> 
     </span>
    </p>
   </div>
   <div class='ocr_carea' id='block_1_27' title="bbox 356 2173 2002 2245">
    <p class='ocr_par' dir='ltr' id='par_1_27' title="bbox 356 2173 2002 2245">
     <span class='ocr_line' id='line_1_27' title="bbox 356 2173 2002 2245; baseline -0.001 -15"><span class='ocrx_word' id='word_1_180' title='bbox 356 2177 542 2239; x_wconf 87' lang='lat' dir='ltr'>aiunt,</span> <span class='ocrx_word' id='word_1_181' title='bbox 567 2175 988 2238; x_wconf 84' lang='lat' dir='ltr'>sanctiﬁcante:</span> <span class='ocrx_word' id='word_1_182' title='bbox 1007 2175 1086 2229; x_wconf 88' lang='lat' dir='ltr'>ita</span> <span class='ocrx_word' id='word_1_183' title='bbox 1110 2179 1172 2228; x_wconf 91' lang='lat' dir='ltr'>ut</span> <span class='ocrx_word' id='word_1_184' title='bbox 1191 2175 1262 2227; x_wconf 92' lang='lat' dir='ltr'>ab</span> <span class='ocrx_word' id='word_1_185' title='bbox 1287 2175 1386 2228; x_wconf 91' lang='lat' dir='ltr'>illa</span> <span class='ocrx_word' id='word_1_186' title='bbox 1404 2173 1565 2228; x_wconf 89' lang='lat' dir='ltr'>nullo</span> <span class='ocrx_word' id='word_1_187' title='bbox 1589 2192 1849 2245; x_wconf 90' lang='lat' dir='ltr'>unquam</span> <span class='ocrx_word' id='word_1_188' title='bbox 1878 2191 2002 2245; x_wconf 88' lang='lat' dir='ltr'>pec-</span> 
     </span>
    </p>
   </div>
   <div class='ocr_carea' id='block_1_28' title="bbox 355 2245 1998 2317">
    <p class='ocr_par' dir='ltr' id='par_1_28' title="bbox 355 2245 1998 2317">
     <span class='ocr_line' id='line_1_28' title="bbox 355 2245 1998 2317; baseline -0.001 -15"><span class='ocrx_word' id='word_1_189' title='bbox 355 2252 481 2302; x_wconf 88' lang='lat' dir='ltr'>cato</span> <span class='ocrx_word' id='word_1_190' title='bbox 513 2247 769 2316; x_wconf 89' lang='lat' dir='ltr'>mortali,</span> <span class='ocrx_word' id='word_1_191' title='bbox 804 2262 909 2300; x_wconf 92' lang='lat' dir='ltr'>nec</span> <span class='ocrx_word' id='word_1_192' title='bbox 942 2245 1080 2301; x_wconf 94' lang='lat' dir='ltr'>ullis</span> <span class='ocrx_word' id='word_1_193' title='bbox 1115 2246 1297 2300; x_wconf 88' lang='lat' dir='ltr'>animi</span> <span class='ocrx_word' id='word_1_194' title='bbox 1337 2246 1883 2317; x_wconf 84' lang='lat' dir='ltr'>perturbationibus</span> <span class='ocrx_word' id='word_1_195' title='bbox 1908 2248 1998 2300; x_wconf 87' lang='lat' dir='ltr'>di-</span> 
     </span>
    </p>
   </div>
   <div class='ocr_carea' id='block_1_29' title="bbox 352 2318 1997 2389">
    <p class='ocr_par' dir='ltr' id='par_1_29' title="bbox 352 2318 1997 2389">
     <span class='ocr_line' id='line_1_29' title="bbox 352 2318 1997 2389; baseline 0.001 -20"><span class='ocrx_word' id='word_1_196' title='bbox 352 2318 663 2385; x_wconf 85' lang='lat' dir='ltr'>vellantur,</span> <span class='ocrx_word' id='word_1_197' title='bbox 695 2334 884 2389; x_wconf 91' lang='lat' dir='ltr'>neque</span> <span class='ocrx_word' id='word_1_198' title='bbox 917 2335 949 2371; x_wconf 91' lang='lat' dir='ltr'>a</span> <span class='ocrx_word' id='word_1_199' title='bbox 978 2318 1114 2383; x_wconf 90' lang='lat' dir='ltr'>Deo,</span> <span class='ocrx_word' id='word_1_200' title='bbox 1143 2319 1233 2372; x_wconf 92' lang='lat' dir='ltr'>cui</span> <span class='ocrx_word' id='word_1_201' title='bbox 1268 2319 1474 2372; x_wconf 77' lang='lat' dir='ltr'>intime</span> <span class='ocrx_word' id='word_1_202' title='bbox 1502 2319 1802 2387; x_wconf 85' lang='lat' dir='ltr'>conjuncti</span> <span class='ocrx_word' id='word_1_203' title='bbox 1837 2322 1997 2383; x_wconf 88' lang='lat' dir='ltr'>sunt,</span> 
     </span>
    </p>
   </div>
   <div class='ocr_carea' id='block_1_30' title="bbox 356 2389 1999 2462">
    <p class='ocr_par' dir='ltr' id='par_1_30' title="bbox 356 2389 1999 2462">
     <span class='ocr_line' id='line_1_30' title="bbox 356 2389 1999 2462; baseline -0.001 -18"><span class='ocrx_word' id='word_1_204' title='bbox 356 2396 751 2462; x_wconf 83' lang='lat' dir='ltr'>separentur:</span> <span class='ocrx_word' id='word_1_205' title='bbox 790 2412 819 2438; x_wconf 93' lang='grc'><strong><em>‹‹</em></strong></span> <span class='ocrx_word' id='word_1_206' title='bbox 865 2389 1062 2460; x_wconf 91' lang='lat' dir='ltr'>Neque</span> <span class='ocrx_word' id='word_1_207' title='bbox 1092 2390 1273 2462; x_wconf 85' lang='lat' dir='ltr'>enim,</span> <span class='ocrx_word' id='word_1_208' title='bbox 1310 2411 1336 2438; x_wconf 83' lang='lat'>»</span> <span class='ocrx_word' id='word_1_209' title='bbox 1374 2389 1680 2462; x_wconf 79' lang='lat' dir='ltr'>subjunxit</span> <span class='ocrx_word' id='word_1_210' title='bbox 1709 2389 1999 2462; x_wconf 83' lang='lat' dir='ltr'>Clemens,</span> 
     </span>
    </p>
   </div>
   <div class='ocr_carea' id='block_1_31' title="bbox 359 2460 2002 2528">
    <p class='ocr_par' dir='ltr' id='par_1_31' title="bbox 359 2460 2002 2528">
     <span class='ocr_line' id='line_1_31' title="bbox 359 2460 2002 2528; baseline 0.002 -17"><span class='ocrx_word' id='word_1_211' title='bbox 359 2483 382 2511; x_wconf 79' lang='grc' dir='ltr'>ι</span> <span class='ocrx_word' id='word_1_212' title='bbox 417 2460 684 2517; x_wconf 81' lang='lat' dir='ltr'>versatur</span> <span class='ocrx_word' id='word_1_213' title='bbox 701 2461 760 2517; x_wconf 91' lang='lat' dir='ltr'>in</span> <span class='ocrx_word' id='word_1_214' title='bbox 785 2463 958 2516; x_wconf 90' lang='lat' dir='ltr'>rebus</span> <span class='ocrx_word' id='word_1_215' title='bbox 973 2461 1250 2528; x_wconf 84' lang='lat' dir='ltr'>gravibus</span> <span class='ocrx_word' id='word_1_216' title='bbox 1270 2465 1327 2516; x_wconf 89' lang='lat' dir='ltr'>et</span> <span class='ocrx_word' id='word_1_217' title='bbox 1348 2460 1632 2526; x_wconf 86' lang='lat' dir='ltr'>molestis,</span> <span class='ocrx_word' id='word_1_218' title='bbox 1657 2478 1786 2516; x_wconf 90' lang='lat' dir='ltr'>cum</span> <span class='ocrx_word' id='word_1_219' title='bbox 1814 2478 1882 2516; x_wconf 86' lang='lat' dir='ltr'>ex</span> <span class='ocrx_word' id='word_1_220' title='bbox 1895 2461 2002 2528; x_wconf 89' lang='lat' dir='ltr'>eis,</span> 
     </span>
    </p>
   </div>
   <div class='ocr_carea' id='block_1_32' title="bbox 353 2531 2000 2604">
    <p class='ocr_par' dir='ltr' id='par_1_32' title="bbox 353 2531 2000 2604">
     <span class='ocr_line' id='line_1_32' title="bbox 353 2531 2000 2604; baseline -0.002 -16"><span class='ocrx_word' id='word_1_221' title='bbox 353 2549 483 2604; x_wconf 75' lang='lat' dir='ltr'>quae</span> <span class='ocrx_word' id='word_1_222' title='bbox 511 2538 652 2588; x_wconf 87' lang='lat' dir='ltr'>sunt</span> <span class='ocrx_word' id='word_1_223' title='bbox 673 2534 729 2587; x_wconf 91' lang='lat' dir='ltr'>in</span> <span class='ocrx_word' id='word_1_224' title='bbox 755 2533 892 2599; x_wconf 88' lang='lat' dir='ltr'>vita,</span> <span class='ocrx_word' id='word_1_225' title='bbox 918 2531 1062 2604; x_wconf 83' lang='lat' dir='ltr'>nihil</span> <span class='ocrx_word' id='word_1_226' title='bbox 1081 2549 1249 2599; x_wconf 79' lang='lat' dir='ltr'>grave</span> <span class='ocrx_word' id='word_1_227' title='bbox 1267 2531 1654 2588; x_wconf 89' lang='lat' dir='ltr'>molestumve</span> <span class='ocrx_word' id='word_1_228' title='bbox 1685 2533 2000 2597; x_wconf 85' lang='lat' dir='ltr'>existimet,</span> 
     </span>
    </p>
   </div>
   <div class='ocr_carea' id='block_1_33' title="bbox 351 2603 2001 2675">
    <p class='ocr_par' dir='ltr' id='par_1_33' title="bbox 351 2603 2001 2675">
     <span class='ocr_line' id='line_1_33' title="bbox 351 2603 2001 2675; baseline -0.002 -15"><span class='ocrx_word' id='word_1_229' title='bbox 351 2603 545 2675; x_wconf 89' lang='lat' dir='ltr'>neque</span> <span class='ocrx_word' id='word_1_230' title='bbox 579 2610 767 2675; x_wconf 81' lang='lat' dir='ltr'>potest</span> <span class='ocrx_word' id='word_1_231' title='bbox 804 2619 938 2658; x_wconf 88' lang='lat' dir='ltr'>eum</span> <span class='ocrx_word' id='word_1_232' title='bbox 989 2603 1210 2675; x_wconf 85' lang='lat' dir='ltr'>aliquid</span> <span class='ocrx_word' id='word_1_233' title='bbox 1239 2605 1554 2675; x_wconf 83' lang='lat' dir='ltr'>abducere</span> <span class='ocrx_word' id='word_1_234' title='bbox 1605 2621 1638 2658; x_wconf 89' lang='lat' dir='ltr'>a</span> <span class='ocrx_word' id='word_1_235' title='bbox 1683 2605 1785 2659; x_wconf 90' lang='lat' dir='ltr'>Dei</span> <span class='ocrx_word' id='word_1_236' title='bbox 1812 2604 2001 2675; x_wconf 75' lang='lat' dir='ltr'>chari-</span> 
     </span>
    </p>
   </div>
   <div class='ocr_carea' id='block_1_34' title="bbox 349 2673 2002 2747">
    <p class='ocr_par' dir='ltr' id='par_1_34' title="bbox 349 2673 2002 2747">
     <span class='ocr_line' id='line_1_34' title="bbox 349 2673 2002 2747; baseline -0.002 -17"><span class='ocrx_word' id='word_1_237' title='bbox 349 2673 494 2740; x_wconf 74' lang='lat' dir='ltr'>tate,</span> <span class='ocrx_word' id='word_1_238' title='bbox 530 2673 1049 2747; x_wconf 18' lang='lat' dir='ltr'>n7058‘sd1tocfcﬁoai</span> <span class='ocrx_word' id='word_1_239' title='bbox 1077 2673 1130 2727; x_wconf 68' lang='grc' dir='ltr'>’ἐι</span> <span class='ocrx_word' id='word_1_240' title='bbox 1164 2674 1250 2727; x_wconf 76' lang='grc' dir='ltr'>καὶ</span> <span class='ocrx_word' id='word_1_241' title='bbox 1278 2675 1474 2728; x_wconf 79' lang='grc' dir='ltr'>τούτου</span> <span class='ocrx_word' id='word_1_242' title='bbox 1505 2675 1666 2729; x_wconf 82' lang='grc' dir='ltr'>αὐτὸν</span> <span class='ocrx_word' id='word_1_243' title='bbox 1715 2682 1814 2742; x_wconf 84' lang='grc' dir='ltr'>τῆς</span> <span class='ocrx_word' id='word_1_244' title='bbox 1866 2674 2002 2747; x_wconf 82' lang='grc' dir='ltr'>πρὸς</span> 
     </span>
    </p>
   </div>
   <div class='ocr_carea' id='block_1_35' title="bbox 349 2743 2006 2819">
    <p class='ocr_par' dir='ltr' id='par_1_35' title="bbox 349 2743 2006 2819">
     <span class='ocr_line' id='line_1_35' title="bbox 349 2743 2006 2819; baseline 0.001 -19"><span class='ocrx_word' id='word_1_245' title='bbox 349 2749 444 2801; x_wconf 84' lang='grc' dir='ltr'>τὸν</span> <span class='ocrx_word' id='word_1_246' title='bbox 469 2747 595 2819; x_wconf 60' lang='grc' dir='ltr'>Θεὸν</span> <span class='ocrx_word' id='word_1_247' title='bbox 629 2746 845 2819; x_wconf 77' lang='grc' dir='ltr'>ἀγάπης</span> <span class='ocrx_word' id='word_1_248' title='bbox 880 2743 1118 2799; x_wconf 65' lang='grc' dir='ltr'>δύναται.</span> <span class='ocrx_word' id='word_1_249' title='bbox 1151 2748 1237 2819; x_wconf 78' lang='lat' dir='ltr'>Ab</span> <span class='ocrx_word' id='word_1_250' title='bbox 1271 2747 1549 2817; x_wconf 81' lang='lat' dir='ltr'>apostolis</span> <span class='ocrx_word' id='word_1_251' title='bbox 1567 2763 1704 2816; x_wconf 84' lang='lat' dir='ltr'>ergo</span> <span class='ocrx_word' id='word_1_252' title='bbox 1735 2743 2006 2802; x_wconf 73' lang='lat' dir='ltr'>Clemens</span> 
     </span>
    </p>
   </div>
   <div class='ocr_carea' id='block_1_36' title="bbox 351 2818 2004 2888">
    <p class='ocr_par' dir='ltr' id='par_1_36' title="bbox 351 2818 2004 2888">
     <span class='ocr_line' id='line_1_36' title="bbox 351 2818 2004 2888; baseline -0.001 -14"><span class='ocrx_word' id='word_1_253' title='bbox 351 2818 607 2874; x_wconf 87' lang='lat' dir='ltr'>exclusit</span> <span class='ocrx_word' id='word_1_254' title='bbox 635 2818 734 2873; x_wconf 87' lang='lat' dir='ltr'>eas</span> <span class='ocrx_word' id='word_1_255' title='bbox 765 2834 970 2872; x_wconf 88' lang='lat' dir='ltr'>omnes</span> <span class='ocrx_word' id='word_1_256' title='bbox 995 2818 1174 2871; x_wconf 89' lang='lat' dir='ltr'>animi</span> <span class='ocrx_word' id='word_1_257' title='bbox 1224 2819 1691 2888; x_wconf 84' lang='lat' dir='ltr'>perturbationes</span> <span class='ocrx_word' id='word_1_258' title='bbox 1730 2824 1788 2873; x_wconf 87' lang='lat' dir='ltr'>et</span> <span class='ocrx_word' id='word_1_259' title='bbox 1827 2819 2004 2874; x_wconf 83' lang='lat' dir='ltr'>ati‘ec-</span> 
     </span>
    </p>
   </div>
   <div class='ocr_carea' id='block_1_37' title="bbox 349 2889 2008 2958">
    <p class='ocr_par' dir='ltr' id='par_1_37' title="bbox 349 2889 2008 2958">
     <span class='ocr_line' id='line_1_37' title="bbox 349 2889 2008 2958; baseline -0.001 -12"><span class='ocrx_word' id='word_1_260' title='bbox 349 2892 564 2955; x_wconf 83' lang='lat' dir='ltr'>tiones,</span> <span class='ocrx_word' id='word_1_261' title='bbox 597 2907 683 2956; x_wconf 89' lang='lat' dir='ltr'>ac,</span> <span class='ocrx_word' id='word_1_262' title='bbox 717 2890 762 2944; x_wconf 89' lang='lat' dir='ltr'>si</span> <span class='ocrx_word' id='word_1_263' title='bbox 798 2889 963 2949; x_wconf 87' lang='lat' dir='ltr'>velis,</span> <span class='ocrx_word' id='word_1_264' title='bbox 1012 2889 1342 2958; x_wconf 90' lang='lat' dir='ltr'>passiones,</span> <span class='ocrx_word' id='word_1_265' title='bbox 1385 2890 1601 2958; x_wconf 89' lang='lat' dir='ltr'>quibus</span> <span class='ocrx_word' id='word_1_266' title='bbox 1629 2907 1660 2943; x_wconf 89' lang='lat' dir='ltr'>a</span> <span class='ocrx_word' id='word_1_267' title='bbox 1686 2889 1783 2944; x_wconf 89' lang='lat' dir='ltr'>Dei</span> <span class='ocrx_word' id='word_1_268' title='bbox 1815 2907 2008 2944; x_wconf 90' lang='lat' dir='ltr'>amore</span> 
     </span>
    </p>
   </div>
   <div class='ocr_carea' id='block_1_38' title="bbox 351 2960 2008 3032">
    <p class='ocr_par' dir='ltr' id='par_1_38' title="bbox 351 2960 2008 3032">
     <span class='ocr_line' id='line_1_38' title="bbox 351 2960 2008 3032; baseline -0.001 -14"><span class='ocrx_word' id='word_1_269' title='bbox 351 2968 412 3019; x_wconf 89' lang='lat' dir='ltr'>et</span> <span class='ocrx_word' id='word_1_270' title='bbox 444 2961 818 3025; x_wconf 83' lang='lat' dir='ltr'>charitate,ac</span> <span class='ocrx_word' id='word_1_271' title='bbox 848 2960 1251 3015; x_wconf 81' lang='lat' dir='ltr'>sanctificante</span> <span class='ocrx_word' id='word_1_272' title='bbox 1269 2963 1454 3032; x_wconf 83' lang='lat' dir='ltr'>gratia</span> <span class='ocrx_word' id='word_1_273' title='bbox 1475 2962 2008 3032; x_wconf 85' lang='lat' dir='ltr'>exciderent.atque</span> 
     </span>
    </p>
   </div>
   <div class='ocr_carea' id='block_1_39' title="bbox 353 3031 2006 3103">
    <p class='ocr_par' dir='ltr' id='par_1_39' title="bbox 353 3031 2006 3103">
     <span class='ocr_line' id='line_1_39' title="bbox 353 3031 2006 3103; baseline 0 -15"><span class='ocrx_word' id='word_1_274' title='bbox 353 3034 416 3088; x_wconf 91' lang='lat' dir='ltr'>in</span> <span class='ocrx_word' id='word_1_275' title='bbox 451 3032 673 3088; x_wconf 89' lang='lat' dir='ltr'>lethale</span> <span class='ocrx_word' id='word_1_276' title='bbox 704 3032 939 3103; x_wconf 80' lang='lat' dir='ltr'>aliquod</span> <span class='ocrx_word' id='word_1_277' title='bbox 976 3031 1767 3103; x_wconf 15' lang='lat' dir='ltr'>peccatumrprolaberentur.</span> <span class='ocrx_word' id='word_1_278' title='bbox 1801 3031 2006 3088; x_wconf 80' lang='lat' dir='ltr'>Sedde</span> 
     </span>
    </p>
   </div>
   <div class='ocr_carea' id='block_1_40' title="bbox 353 3102 2007 3175">
    <p class='ocr_par' dir='ltr' id='par_1_40' title="bbox 353 3102 2007 3175">
     <span class='ocr_line' id='line_1_40' title="bbox 353 3102 2007 3175; baseline 0 -15"><span class='ocrx_word' id='word_1_279' title='bbox 353 3105 466 3160; x_wconf 89' lang='lat' dir='ltr'>hac</span> <span class='ocrx_word' id='word_1_280' title='bbox 489 3102 898 3175; x_wconf 86' lang='lat' dir='ltr'>apostolorum</span> <span class='ocrx_word' id='word_1_281' title='bbox 932 3120 1064 3158; x_wconf 92' lang='lat' dir='ltr'>cum</span> <span class='ocrx_word' id='word_1_282' title='bbox 1100 3102 1329 3172; x_wconf 79' lang='grc' dir='ltr'>ἀπαθείᾳ</span> <span class='ocrx_word' id='word_1_283' title='bbox 1357 3109 1483 3158; x_wconf 91' lang='lat' dir='ltr'>tum</span> <span class='ocrx_word' id='word_1_284' title='bbox 1505 3104 2007 3174; x_wconf 88' lang='lat' dir='ltr'>immutabilitate,</span> 
     </span>
    </p>
   </div>
   <div class='ocr_carea' id='block_1_41' title="bbox 350 3175 2008 3249">
    <p class='ocr_par' dir='ltr' id='par_1_41' title="bbox 350 3175 2008 3249">
     <span class='ocr_line' id='line_1_41' title="bbox 350 3175 2008 3249; baseline -0.001 -17"><span class='ocrx_word' id='word_1_285' title='bbox 350 3177 498 3249; x_wconf 83' lang='lat' dir='ltr'>etin</span> <span class='ocrx_word' id='word_1_286' title='bbox 524 3175 1131 3249; x_wconf 84' lang='lat' dir='ltr'>bonoperseverantia</span> <span class='ocrx_word' id='word_1_287' title='bbox 1161 3176 1352 3230; x_wconf 89' lang='lat' dir='ltr'>adhuc</span> <span class='ocrx_word' id='word_1_288' title='bbox 1384 3176 1556 3244; x_wconf 85' lang='lat' dir='ltr'>infra,</span> <span class='ocrx_word' id='word_1_289' title='bbox 1583 3177 1684 3231; x_wconf 88' lang='lat' dir='ltr'>ubi</span> <span class='ocrx_word' id='word_1_290' title='bbox 1719 3177 1790 3231; x_wconf 91' lang='lat' dir='ltr'>de</span> <span class='ocrx_word' id='word_1_291' title='bbox 1821 3199 1847 3227; x_wconf 87' lang='lat'><strong>«</strong></span> <span class='ocrx_word' id='word_1_292' title='bbox 1869 3193 2008 3249; x_wconf 88' lang='lat' dir='ltr'>gno-</span> 
     </span>
    </p>
   </div>
   <div class='ocr_carea' id='block_1_42' title="bbox 349 3247 1209 3318">
    <p class='ocr_par' dir='ltr' id='par_1_42' title="bbox 349 3247 1209 3318">
     <span class='ocr_line' id='line_1_42' title="bbox 349 3247 1209 3318; baseline -0.001 -15"><span class='ocrx_word' id='word_1_293' title='bbox 349 3248 520 3318; x_wconf 88' lang='lat' dir='ltr'>stico,</span> <span class='ocrx_word' id='word_1_294' title='bbox 554 3269 580 3297; x_wconf 86' lang='lat'>»</span> <span class='ocrx_word' id='word_1_295' title='bbox 615 3248 727 3303; x_wconf 89' lang='lat' dir='ltr'>erit</span> <span class='ocrx_word' id='word_1_296' title='bbox 758 3247 987 3303; x_wconf 88' lang='lat' dir='ltr'>dicendi</span> <span class='ocrx_word' id='word_1_297' title='bbox 1024 3247 1209 3302; x_wconf 90' lang='lat' dir='ltr'>locus.</span> 
     </span>
    </p>
   </div>
   <div class='ocr_carea' id='block_1_43' title="bbox 423 3317 1997 3374">
    <p class='ocr_par' dir='ltr' id='par_1_43' title="bbox 423 3317 1997 3374">
     <span class='ocr_line' id='line_1_43' title="bbox 423 3317 1997 3374; baseline -0.001 0"><span class='ocrx_word' id='word_1_298' title='bbox 423 3317 707 3374; x_wconf 73' lang='lat' dir='ltr'>Praeterea</span> <span class='ocrx_word' id='word_1_299' title='bbox 737 3335 869 3374; x_wconf 90' lang='lat' dir='ltr'>vero</span> <span class='ocrx_word' id='word_1_300' title='bbox 898 3319 1164 3374; x_wconf 89' lang='lat' dir='ltr'>Clemens</span> <span class='ocrx_word' id='word_1_301' title='bbox 1197 3335 1312 3373; x_wconf 94' lang='lat' dir='ltr'>non</span> <span class='ocrx_word' id='word_1_302' title='bbox 1344 3317 1524 3373; x_wconf 89' lang='lat' dir='ltr'>semel</span> <span class='ocrx_word' id='word_1_303' title='bbox 1550 3321 1848 3373; x_wconf 88' lang='lat' dir='ltr'>asseverat</span> <span class='ocrx_word' id='word_1_304' title='bbox 1879 3334 1997 3373; x_wconf 86' lang='lat' dir='ltr'>eos-</span> 
     </span>
    </p>
   </div>
   <div class='ocr_carea' id='block_1_44' title="bbox 353 3389 2001 3463">
    <p class='ocr_par' dir='ltr' id='par_1_44' title="bbox 353 3389 2001 3463">
     <span class='ocr_line' id='line_1_44' title="bbox 353 3389 2001 3463; baseline -0.001 -17"><span class='ocrx_word' id='word_1_305' title='bbox 353 3391 490 3447; x_wconf 88' lang='lat' dir='ltr'>dem</span> <span class='ocrx_word' id='word_1_306' title='bbox 521 3389 818 3463; x_wconf 86' lang='lat' dir='ltr'>apostolos</span> <span class='ocrx_word' id='word_1_307' title='bbox 849 3391 1034 3463; x_wconf 75' lang='lat' dir='ltr'>fuisse</span> <span class='ocrx_word' id='word_1_308' title='bbox 1084 3391 1684 3463; x_wconf 76' lang='lat' dir='ltr'>perfectosverosque</span> <span class='ocrx_word' id='word_1_309' title='bbox 1718 3389 2001 3463; x_wconf 20' lang='lat' dir='ltr'>«ignosti-</span> 
     </span>
    </p>
   </div>
   <div class='ocr_carea' id='block_1_45' title="bbox 348 3461 2005 3535">
    <p class='ocr_par' dir='ltr' id='par_1_45' title="bbox 348 3461 2005 3535">
     <span class='ocr_line' id='line_1_45' title="bbox 348 3461 2005 3535; baseline -0.002 -17"><span class='ocrx_word' id='word_1_310' title='bbox 348 3479 534 3535; x_wconf 61' lang='lat' dir='ltr'>cos,»</span> <span class='ocrx_word' id='word_1_311' title='bbox 560 3461 668 3535; x_wconf 83' lang='lat' dir='ltr'>qui</span> <span class='ocrx_word' id='word_1_312' title='bbox 698 3462 916 3528; x_wconf 89' lang='lat' dir='ltr'>omnia,</span> <span class='ocrx_word' id='word_1_313' title='bbox 943 3479 1068 3534; x_wconf 67' lang='lat' dir='ltr'>quae</span> <span class='ocrx_word' id='word_1_314' title='bbox 1083 3467 1224 3535; x_wconf 84' lang='lat' dir='ltr'>sunt</span> <span class='ocrx_word' id='word_1_315' title='bbox 1258 3461 1427 3517; x_wconf 90' lang='lat' dir='ltr'>nobis</span> <span class='ocrx_word' id='word_1_316' title='bbox 1459 3461 1638 3535; x_wconf 77' lang='lat' dir='ltr'>dubia</span> <span class='ocrx_word' id='word_1_317' title='bbox 1668 3465 1725 3515; x_wconf 90' lang='lat' dir='ltr'>et</span> <span class='ocrx_word' id='word_1_318' title='bbox 1755 3461 2005 3535; x_wconf 83' lang='lat' dir='ltr'>inexpli-</span> 
     </span>
    </p>
   </div>
   <div class='ocr_carea' id='block_1_46' title="bbox 348 3532 2004 3606">
    <p class='ocr_par' dir='ltr' id='par_1_46' title="bbox 348 3532 2004 3606">
     <span class='ocr_line' id='line_1_46' title="bbox 348 3532 2004 3606; baseline -0.002 -16"><span class='ocrx_word' id='word_1_319' title='bbox 348 3532 601 3598; x_wconf 49' lang='lat' dir='ltr'>cabilia;</span> <span class='ocrx_word' id='word_1_320' title='bbox 622 3538 819 3590; x_wconf 90' lang='lat' dir='ltr'>animo</span> <span class='ocrx_word' id='word_1_321' title='bbox 840 3532 1434 3606; x_wconf 78' lang='lat' dir='ltr'>comprehenderunt.</span> <span class='ocrx_word' id='word_1_322' title='bbox 1470 3555 1496 3582; x_wconf 87' lang='grc'>‹‹</span> <span class='ocrx_word' id='word_1_323' title='bbox 1528 3532 1659 3606; x_wconf 90' lang='lat' dir='ltr'>Jam</span> <span class='ocrx_word' id='word_1_324' title='bbox 1693 3532 2004 3606; x_wconf 83' lang='lat' dir='ltr'>audemus,</span> 
     </span>
    </p>
   </div>
   <div class='ocr_carea' id='block_1_47' title="bbox 347 3604 2008 3678">
    <p class='ocr_par' dir='ltr' id='par_1_47' title="bbox 347 3604 2008 3678">
     <span class='ocr_line' id='line_1_47' title="bbox 347 3604 2008 3678; baseline -0.001 -16"><span class='ocrx_word' id='word_1_325' title='bbox 347 3606 622 3676; x_wconf 69' lang='lat' dir='ltr'>inquit“,</span> <span class='ocrx_word' id='word_1_326' title='bbox 655 3607 849 3661; x_wconf 89' lang='lat' dir='ltr'>dicere</span> <span class='ocrx_word' id='word_1_327' title='bbox 900 3604 1228 3678; x_wconf 86' lang='lat' dir='ltr'>gnosticum</span> <span class='ocrx_word' id='word_1_328' title='bbox 1278 3605 1478 3678; x_wconf 86' lang='lat' dir='ltr'>omnia</span> <span class='ocrx_word' id='word_1_329' title='bbox 1537 3604 1708 3678; x_wconf 84' lang='lat' dir='ltr'>scire,</span> <span class='ocrx_word' id='word_1_330' title='bbox 1747 3609 1804 3659; x_wconf 89' lang='lat' dir='ltr'>et</span> <span class='ocrx_word' id='word_1_331' title='bbox 1835 3604 2008 3660; x_wconf 80' lang='lat' dir='ltr'>firma</span> 
     </span>
    </p>
   </div>
   <div class='ocr_carea' id='block_1_48' title="bbox 350 3675 2005 3749">
    <p class='ocr_par' dir='ltr' id='par_1_48' title="bbox 350 3675 2005 3749">
     <span class='ocr_line' id='line_1_48' title="bbox 350 3675 2005 3749; baseline -0.002 -16"><span class='ocrx_word' id='word_1_332' title='bbox 350 3675 1438 3749; x_wconf 47' lang='lat' dir='ltr'>comprehensione&#39;comprehendere</span> <span class='ocrx_word' id='word_1_333' title='bbox 1491 3691 1557 3731; x_wconf 90' lang='lat' dir='ltr'>ea</span> <span class='ocrx_word' id='word_1_334' title='bbox 1613 3675 2005 3749; x_wconf 25' lang='lat' dir='ltr'>etiamtquaa</span> 
     </span>
    </p>
   </div>
   <div class='ocr_carea' id='block_1_49' title="bbox 352 3747 2008 3818">
    <p class='ocr_par' dir='ltr' id='par_1_49' title="bbox 352 3747 2008 3818">
     <span class='ocr_line' id='line_1_49' title="bbox 352 3747 2008 3818; baseline -0.001 -14"><span class='ocrx_word' id='word_1_335' title='bbox 352 3747 693 3806; x_wconf 24' lang='lat' dir='ltr'>s&#39;int‘nohis</span> <span class='ocrx_word' id='word_1_336' title='bbox 741 3748 919 3804; x_wconf 91' lang='lat' dir='ltr'>dubia</span> <span class='ocrx_word' id='word_1_337' title='bbox 951 3755 1008 3803; x_wconf 92' lang='lat' dir='ltr'>et</span> <span class='ocrx_word' id='word_1_338' title='bbox 1035 3748 1495 3818; x_wconf 84' lang='lat' dir='ltr'>inexplicabilia,</span> <span class='ocrx_word' id='word_1_339' title='bbox 1528 3747 1863 3818; x_wconf 88' lang='lat' dir='ltr'>cujusmodi</span> <span class='ocrx_word' id='word_1_340' title='bbox 1898 3747 2008 3803; x_wconf 80' lang='lat' dir='ltr'>fuit</span> 
     </span>
    </p>
   </div>
   <div class='ocr_carea' id='block_1_50' title="bbox 348 3819 2003 3947">
    <p class='ocr_par' dir='ltr' id='par_1_50' title="bbox 348 3819 2003 3947">
     <span class='ocr_line' id='line_1_50' title="bbox 348 3819 2003 3947; baseline -0.001 -70"><span class='ocrx_word' id='word_1_341' title='bbox 348 3822 628 3947; x_wconf 62' lang='lat' dir='ltr'>Jeclobus,</span> <span class='ocrx_word' id='word_1_342' title='bbox 679 3825 905 3892; x_wconf 91' lang='lat' dir='ltr'>Petrus,</span> <span class='ocrx_word' id='word_1_343' title='bbox 946 3825 1224 3891; x_wconf 87' lang='lat' dir='ltr'>Joannes,</span> <span class='ocrx_word' id='word_1_344' title='bbox 1259 3819 1498 3887; x_wconf 86' lang='lat' dir='ltr'>Paulus,</span> <span class='ocrx_word' id='word_1_345' title='bbox 1529 3823 1585 3874; x_wconf 92' lang='lat' dir='ltr'>et</span> <span class='ocrx_word' id='word_1_346' title='bbox 1619 3819 1829 3890; x_wconf 87' lang='lat' dir='ltr'>reiiqui</span> <span class='ocrx_word' id='word_1_347' title='bbox 1861 3836 2003 3891; x_wconf 88' lang='lat' dir='ltr'>apo-</span> 
     </span>
     <span class='ocr_line' id='line_1_51' title="bbox 354 3910 576 3947; baseline -0.023 0"><span class='ocrx_word' id='word_1_348' title='bbox 354 3912 382 3947; x_wconf 86' lang='lat' dir='ltr'>s</span> <span class='ocrx_word' id='word_1_349' title='bbox 413 3911 444 3947; x_wconf 96' lang='lat' dir='ltr'>o</span> <span class='ocrx_word' id='word_1_350' title='bbox 476 3910 512 3947; x_wconf 85' lang='grc' dir='ltr'>ι.</span> <span class='ocrx_word' id='word_1_351' title='bbox 548 3916 576 3944; x_wconf 84' lang='grc'><strong>››</strong></span> 
     </span>
    </p>
   </div>
   <div class='ocr_carea' id='block_1_51' title="bbox 354 3894 576 3950">
    <p class='ocr_par' dir='ltr' id='par_1_51' title="bbox 354 3894 576 3950">
     <span class='ocr_line' id='line_1_52' title="bbox 354 3894 576 3950; baseline -0.005 0"><span class='ocrx_word' id='word_1_352' title='bbox 354 3894 512 3950; x_wconf 88' lang='lat' dir='ltr'>stoli.</span> <span class='ocrx_word' id='word_1_353' title='bbox 548 3916 576 3944; x_wconf 72' lang='grc' dir='ltr'><strong>υ</strong></span> 
     </span>
    </p>
   </div>
   <div class='ocr_carea' id='block_1_52' title="bbox 887 3980 1469 4038">
    <p class='ocr_par' dir='ltr' id='par_1_52' title="bbox 887 3980 1469 4038">
     <span class='ocr_line' id='line_1_53' title="bbox 887 3980 1469 4038; baseline 0 -3"><span class='ocrx_word' id='word_1_354' title='bbox 887 3980 1291 4037; x_wconf 80' lang='lat' dir='ltr'>ARTICULUS</span> <span class='ocrx_word' id='word_1_355' title='bbox 1326 3980 1469 4038; x_wconf 82' lang='lat' dir='ltr'><strong>VIII.</strong></span> 
     </span>
    </p>
   </div>
   <div class='ocr_carea' id='block_1_53' title="bbox 353 4069 2004 4141">
    <p class='ocr_par' dir='ltr' id='par_1_53' title="bbox 353 4069 2004 4141">
     <span class='ocr_line' id='line_1_54' title="bbox 353 4069 2004 4141; baseline -0.003 -14"><span class='ocrx_word' id='word_1_356' title='bbox 353 4073 551 4130; x_wconf 75' lang='lat' dir='ltr'>Utrum</span> <span class='ocrx_word' id='word_1_357' title='bbox 581 4069 920 4141; x_wconf 80' lang='lat' dir='ltr'>Phillippus,</span> <span class='ocrx_word' id='word_1_358' title='bbox 957 4070 1208 4137; x_wconf 73' lang='lat' dir='ltr'>Thomas,</span> <span class='ocrx_word' id='word_1_359' title='bbox 1259 4071 1412 4125; x_wconf 79' lang='lat' dir='ltr'>Levis</span> <span class='ocrx_word' id='word_1_360' title='bbox 1443 4077 1495 4125; x_wconf 75' lang='lat' dir='ltr'>et</span> <span class='ocrx_word' id='word_1_361' title='bbox 1524 4070 1811 4124; x_wconf 76' lang='lat' dir='ltr'>Matthams</span> <span class='ocrx_word' id='word_1_362' title='bbox 1853 4086 2004 4123; x_wconf 85' lang='lat' dir='ltr'>mar-</span> 
     </span>
    </p>
   </div>
   <div class='ocr_carea' id='block_1_54' title="bbox 423 4141 2006 4270">
    <p class='ocr_par' dir='ltr' id='par_1_54' title="bbox 423 4141 2006 4270">
     <span class='ocr_line' id='line_1_55' title="bbox 423 4141 2006 4221; baseline -0.002 -23"><span class='ocrx_word' id='word_1_363' title='bbox 423 4142 840 4221; x_wconf 55' lang='lat' dir='ltr'>tyriipulmam</span> <span class='ocrx_word' id='word_1_364' title='bbox 886 4143 1164 4198; x_wconf 77' lang='lat' dir='ltr'>consecuti</span> <span class='ocrx_word' id='word_1_365' title='bbox 1199 4143 1337 4213; x_wconf 73' lang='lat' dir='ltr'>sint,</span> <span class='ocrx_word' id='word_1_366' title='bbox 1367 4147 1418 4198; x_wconf 82' lang='lat' dir='ltr'>et</span> <span class='ocrx_word' id='word_1_367' title='bbox 1448 4141 1513 4196; x_wconf 85' lang='lat' dir='ltr'>de</span> <span class='ocrx_word' id='word_1_368' title='bbox 1544 4141 1802 4199; x_wconf 57' lang='lat' dir='ltr'>Matt/cmi</span> <span class='ocrx_word' id='word_1_369' title='bbox 1832 4141 2006 4197; x_wconf 77' lang='lat' dir='ltr'>absti-</span> 
     </span>
     <span class='ocr_line' id='line_1_56' title="bbox 423 4224 1091 4270; baseline 0.009 -1"><span class='ocrx_word' id='word_1_370' title='bbox 423 4224 642 4270; x_wconf 69' lang='lat' dir='ltr'>nentia.</span> <span class='ocrx_word' id='word_1_371' title='bbox 1085 4231 1091 4235; x_wconf 89' lang='lat'><strong><em>&#39;</em></strong></span> 
     </span>
    </p>
   </div>
   <div class='ocr_carea' id='block_1_55' title="bbox 422 4318 2008 4392">
    <p class='ocr_par' dir='ltr' id='par_1_55' title="bbox 422 4318 2008 4392">
     <span class='ocr_line' id='line_1_57' title="bbox 422 4318 2008 4392; baseline -0.001 -16"><span class='ocrx_word' id='word_1_372' title='bbox 422 4321 672 4376; x_wconf 88' lang='lat' dir='ltr'>Eosdem</span> <span class='ocrx_word' id='word_1_373' title='bbox 691 4319 990 4392; x_wconf 87' lang='lat' dir='ltr'>apostolos</span> <span class='ocrx_word' id='word_1_374' title='bbox 1021 4336 1242 4392; x_wconf 87' lang='lat' dir='ltr'>rursus</span> <span class='ocrx_word' id='word_1_375' title='bbox 1259 4318 1604 4392; x_wconf 19' lang='lat' dir='ltr'>Ciemensiet</span> <span class='ocrx_word' id='word_1_376' title='bbox 1625 4319 1927 4390; x_wconf 89' lang='lat' dir='ltr'>gnosticos</span> <span class='ocrx_word' id='word_1_377' title='bbox 1951 4323 2008 4374; x_wconf 91' lang='lat' dir='ltr'>et</span> 
     </span>
    </p>
   </div>
   <div class='ocr_carea' id='block_1_56' title="bbox 348 4391 2005 4466">
    <p class='ocr_par' dir='ltr' id='par_1_56' title="bbox 348 4391 2005 4466">
     <span class='ocr_line' id='line_1_58' title="bbox 348 4391 2005 4466; baseline -0.001 -18"><span class='ocrx_word' id='word_1_378' title='bbox 348 4393 642 4466; x_wconf 68' lang='lat' dir='ltr'>perfectos</span> <span class='ocrx_word' id='word_1_379' title='bbox 700 4391 978 4466; x_wconf 82' lang='lat' dir='ltr'>appellat,</span> <span class='ocrx_word' id='word_1_380' title='bbox 1019 4392 1126 4466; x_wconf 79' lang='lat' dir='ltr'>qui</span> <span class='ocrx_word' id='word_1_381' title='bbox 1186 4391 1485 4466; x_wconf 86' lang='lat' dir='ltr'>Christum</span> <span class='ocrx_word' id='word_1_382' title='bbox 1535 4391 2005 4466; x_wconf 76' lang='lat' dir='ltr'>imitantes,_pro</span> 
     </span>
    </p>
   </div>
   <div class='ocr_carea' id='block_1_57' title="bbox 349 4462 2002 4534">
    <p class='ocr_par' dir='ltr' id='par_1_57' title="bbox 349 4462 2002 4534">
     <span class='ocr_line' id='line_1_59' title="bbox 349 4462 2002 4534; baseline -0.002 -14"><span class='ocrx_word' id='word_1_383' title='bbox 349 4462 632 4520; x_wconf 86' lang='lat' dir='ltr'>Ecclesiis</span> <span class='ocrx_word' id='word_1_384' title='bbox 683 4462 836 4520; x_wconf 49' lang='lat' dir='ltr'>a&#39;se</span> <span class='ocrx_word' id='word_1_385' title='bbox 894 4462 1156 4518; x_wconf 82' lang='lat' dir='ltr'>fundatis</span> <span class='ocrx_word' id='word_1_386' title='bbox 1207 4463 1484 4534; x_wconf 76' lang='lat' dir='ltr'>martyrio</span> <span class='ocrx_word' id='word_1_387' title='bbox 1545 4463 1719 4518; x_wconf 88' lang='lat' dir='ltr'>vitam</span> <span class='ocrx_word' id='word_1_388' title='bbox 1780 4462 2002 4517; x_wconf 68' lang='lat' dir='ltr'>(iniere.</span> 
     </span>
    </p>
   </div>
   <div class='ocr_carea' id='block_1_58' title="bbox 347 4534 2006 4605">
    <p class='ocr_par' dir='ltr' id='par_1_58' title="bbox 347 4534 2006 4605">
     <span class='ocr_line' id='line_1_60' title="bbox 347 4534 2006 4605; baseline -0.002 -13"><span class='ocrx_word' id='word_1_389' title='bbox 347 4535 677 4605; x_wconf 88' lang='lat' dir='ltr'>Christum,</span> <span class='ocrx_word' id='word_1_390' title='bbox 706 4536 787 4590; x_wconf 90' lang='lat' dir='ltr'>ait</span> <span class='ocrx_word' id='word_1_391' title='bbox 817 4534 1168 4601; x_wconf 67' lang='lat' dir='ltr'>Clemens”,</span> <span class='ocrx_word' id='word_1_392' title='bbox 1217 4555 1245 4583; x_wconf 88' lang='lat'><strong>«</strong></span> <span class='ocrx_word' id='word_1_393' title='bbox 1281 4535 1917 4605; x_wconf 83' lang='lat' dir='ltr'>imitantes._ap_ostoli._</span> <span class='ocrx_word' id='word_1_394' title='bbox 1944 4538 2006 4588; x_wconf 90' lang='lat' dir='ltr'>ut</span> 
     </span>
    </p>
   </div>
   <div class='ocr_carea' id='block_1_59' title="bbox 348 4601 2082 4698">
    <p class='ocr_par' dir='ltr' id='par_1_59' title="bbox 348 4601 2082 4698">
     <span class='ocr_line' id='line_1_61' title="bbox 348 4601 2082 4698; baseline -0.004 -35"><span class='ocrx_word' id='word_1_395' title='bbox 348 4609 450 4680; x_wconf 93' lang='lat' dir='ltr'>qui</span> <span class='ocrx_word' id='word_1_396' title='bbox 478 4601 678 4696; x_wconf 73' lang='lat' dir='ltr'>revera</span> <span class='ocrx_word' id='word_1_397' title='bbox 706 4610 904 4698; x_wconf 60' lang='lat' dir='ltr'>essent</span> <span class='ocrx_word' id='word_1_398' title='bbox 936 4605 1564 4698; x_wconf 44' lang='lat' dir='ltr'>gnosticLetlper.fecti,</span> <span class='ocrx_word' id='word_1_399' title='bbox 1587 4602 1751 4698; x_wconf 36' lang='lat' dir='ltr'>agnati</span> <span class='ocrx_word' id='word_1_400' title='bbox 1781 4608 1863 4698; x_wconf 51' lang='grc' dir='ltr'>ξῷ</span> <span class='ocrx_word' id='word_1_401' title='bbox 1890 4601 2004 4698; x_wconf 58' lang='grc' dir='ltr'>ὄψει</span> <span class='ocrx_word' id='word_1_402' title='bbox 2038 4634 2082 4698; x_wconf 75' lang='lat' dir='ltr'><strong>D</strong></span> 
     </span>
    </p>
   </div>
   <div class='ocr_carea' id='block_1_60' title="bbox 346 4676 2004 4754">
    <p class='ocr_par' dir='ltr' id='par_1_60' title="bbox 346 4676 2004 4754">
     <span class='ocr_line' id='line_1_62' title="bbox 346 4676 2004 4754; baseline 0.001 -22"><span class='ocrx_word' id='word_1_403' title='bbox 346 4676 641 4754; x_wconf 57' lang='grc' dir='ltr'>Ῠνωᾳτικοῖ</span> <span class='ocrx_word' id='word_1_404' title='bbox 675 4677 767 4732; x_wconf 83' lang='grc' dir='ltr'>καὶ</span> <span class='ocrx_word' id='word_1_405' title='bbox 799 4676 1025 4754; x_wconf 34' lang='grc' dir='ltr'>’ςὲλ-ειόι,</span> <span class='ocrx_word' id='word_1_406' title='bbox 1044 4695 1146 4748; x_wconf 88' lang='lat' dir='ltr'>pro</span> <span class='ocrx_word' id='word_1_407' title='bbox 1171 4677 1638 4754; x_wconf 55' lang='lat' dir='ltr'>Eecle_siis,_quas</span> <span class='ocrx_word' id='word_1_408' title='bbox 1659 4677 2004 4754; x_wconf 73' lang='lat' dir='ltr'>fundarunt,</span> 
     </span>
    </p>
   </div>
   <div class='ocr_carea' id='block_1_61' title="bbox 346 4728 2004 4824">
    <p class='ocr_par' dir='ltr' id='par_1_61' title="bbox 346 4728 2004 4824">
     <span class='ocr_line' id='line_1_63' title="bbox 346 4728 2004 4824; baseline -0.001 -18"><span class='ocrx_word' id='word_1_409' title='bbox 346 4728 510 4824; x_wconf 62' lang='lat' dir='ltr'>passi</span> <span class='ocrx_word' id='word_1_410' title='bbox 542 4757 699 4806; x_wconf 89' lang='lat' dir='ltr'>sunt.</span> <span class='ocrx_word' id='word_1_411' title='bbox 739 4773 766 4799; x_wconf 89' lang='grc'><strong>››</strong></span> <span class='ocrx_word' id='word_1_412' title='bbox 799 4749 909 4824; x_wconf 86' lang='lat' dir='ltr'>Qui</span> <span class='ocrx_word' id='word_1_413' title='bbox 933 4728 1153 4824; x_wconf 57' lang='grc' dir='ltr'>⁸ιιιίξεξω</span> <span class='ocrx_word' id='word_1_414' title='bbox 1205 4749 1421 4804; x_wconf 82' lang='lat' dir='ltr'>fuerint</span> <span class='ocrx_word' id='word_1_415' title='bbox 1457 4728 1879 4824; x_wconf 35' lang='lat' dir='ltr'>,iliiuapostoii,</span> <span class='ocrx_word' id='word_1_416' title='bbox 1932 4728 2004 4804; x_wconf 73' lang='lat' dir='ltr'>ari</span> 
     </span>
    </p>
   </div>
   <div class='ocr_carea' id='block_1_62' title="bbox 346 4820 2006 4891">
    <p class='ocr_par' dir='ltr' id='par_1_62' title="bbox 346 4820 2006 4891">
     <span class='ocr_line' id='line_1_64' title="bbox 346 4820 2006 4891; baseline -0.003 -12"><span class='ocrx_word' id='word_1_417' title='bbox 346 4820 579 4888; x_wconf 88' lang='lat' dir='ltr'>omnes,</span> <span class='ocrx_word' id='word_1_418' title='bbox 607 4841 675 4878; x_wconf 89' lang='lat' dir='ltr'>an</span> <span class='ocrx_word' id='word_1_419' title='bbox 705 4823 894 4891; x_wconf 84' lang='lat' dir='ltr'>pauci,</span> <span class='ocrx_word' id='word_1_420' title='bbox 929 4820 1004 4875; x_wconf 86' lang='lat' dir='ltr'>ihi</span> <span class='ocrx_word' id='word_1_421' title='bbox 1039 4821 1308 4876; x_wconf 89' lang='lat' dir='ltr'>Clemens</span> <span class='ocrx_word' id='word_1_422' title='bbox 1336 4837 1450 4875; x_wconf 92' lang='lat' dir='ltr'>non</span> <span class='ocrx_word' id='word_1_423' title='bbox 1474 4821 1695 4875; x_wconf 89' lang='lat' dir='ltr'>indicat</span> <span class='ocrx_word' id='word_1_424' title='bbox 1726 4821 2006 4890; x_wconf 85' lang='lat' dir='ltr'>quidem;</span> 
     </span>
    </p>
   </div>
   <div class='ocr_carea' id='block_1_63' title="bbox 347 4892 2002 4963">
    <p class='ocr_par' dir='ltr' id='par_1_63' title="bbox 347 4892 2002 4963">
     <span class='ocr_line' id='line_1_65' title="bbox 347 4892 2002 4963; baseline -0.003 -12"><span class='ocrx_word' id='word_1_425' title='bbox 347 4897 454 4952; x_wconf 88' lang='lat' dir='ltr'>sed</span> <span class='ocrx_word' id='word_1_426' title='bbox 503 4896 638 4962; x_wconf 85' lang='lat' dir='ltr'>quia</span> <span class='ocrx_word' id='word_1_427' title='bbox 685 4894 784 4949; x_wconf 90' lang='lat' dir='ltr'>ille</span> <span class='ocrx_word' id='word_1_428' title='bbox 817 4894 1132 4961; x_wconf 86' lang='lat' dir='ltr'>rcspondet</span> <span class='ocrx_word' id='word_1_429' title='bbox 1186 4892 1527 4947; x_wconf 82' lang='lat' dir='ltr'>Heracleoni</span> <span class='ocrx_word' id='word_1_430' title='bbox 1578 4892 2002 4963; x_wconf 56' lang='lat' dir='ltr'>haeresiarchas,</span> 
     </span>
    </p>
   </div>
   <div class='ocr_carea' id='block_1_64' title="bbox 351 4963 2013 5039">
    <p class='ocr_par' dir='ltr' id='par_1_64' title="bbox 351 4963 2013 5039">
     <span class='ocr_line' id='line_1_66' title="bbox 351 4963 2013 5039; baseline -0.002 -17"><span class='ocrx_word' id='word_1_431' title='bbox 351 4968 455 5039; x_wconf 91' lang='lat' dir='ltr'>qui</span> <span class='ocrx_word' id='word_1_432' title='bbox 514 4966 856 5039; x_wconf 86' lang='lat' dir='ltr'>Mattheum,</span> <span class='ocrx_word' id='word_1_433' title='bbox 890 4965 1209 5039; x_wconf 85' lang='lat' dir='ltr'>Philipum,</span> <span class='ocrx_word' id='word_1_434' title='bbox 1237 4963 1520 5039; x_wconf 78' lang='lat' dir='ltr'>Thomam</span> <span class='ocrx_word' id='word_1_435' title='bbox 1565 4964 2013 5039; x_wconf 78' lang='lat' dir='ltr'>et_Levim_pre—</span> 
     </span>
    </p>
   </div>
   <div class='ocr_carea' id='block_1_65' title="bbox 347 5035 2009 5109">
    <p class='ocr_par' dir='ltr' id='par_1_65' title="bbox 347 5035 2009 5109">
     <span class='ocr_line' id='line_1_67' title="bbox 347 5035 2009 5109; baseline -0.002 -15"><span class='ocrx_word' id='word_1_436' title='bbox 347 5035 565 5094; x_wconf 79' lang='lat' dir='ltr'>tiosam</span> <span class='ocrx_word' id='word_1_437' title='bbox 628 5035 1352 5109; x_wconf 17' lang='lat' dir='ltr'>pietate.i_sanctimonia,i</span> <span class='ocrx_word' id='word_1_438' title='bbox 1391 5052 1458 5091; x_wconf 89' lang='lat' dir='ltr'>ac</span> <span class='ocrx_word' id='word_1_439' title='bbox 1509 5035 1679 5109; x_wconf 85' lang='lat' dir='ltr'>bonis</span> <span class='ocrx_word' id='word_1_440' title='bbox 1709 5037 2009 5106; x_wconf 85' lang='lat' dir='ltr'>operibus,</span> 
     </span>
    </p>
   </div>
   <div class='ocr_carea' id='block_1_66' title="bbox 353 5107 2007 5179">
    <p class='ocr_par' dir='ltr' id='par_1_66' title="bbox 353 5107 2007 5179">
     <span class='ocr_line' id='line_1_68' title="bbox 353 5107 2007 5179; baseline -0.002 -13"><span class='ocrx_word' id='word_1_441' title='bbox 353 5110 520 5167; x_wconf 89' lang='lat' dir='ltr'>nullo</span> <span class='ocrx_word' id='word_1_442' title='bbox 553 5107 749 5165; x_wconf 82' lang='lat' dir='ltr'>autem</span> <span class='ocrx_word' id='word_1_443' title='bbox 791 5107 1012 5164; x_wconf 87' lang='lat' dir='ltr'>inﬂicto</span> <span class='ocrx_word' id='word_1_444' title='bbox 1047 5125 1099 5179; x_wconf 19' lang='lat' dir='ltr'>ai</span> <span class='ocrx_word' id='word_1_445' title='bbox 1127 5107 1727 5179; x_wconf 20' lang='lat' dir='ltr'>tyrannisisupplicio</span> <span class='ocrx_word' id='word_1_446' title='bbox 1761 5113 2007 5162; x_wconf 88' lang='lat' dir='ltr'>mortem</span> 
     </span>
    </p>
   </div>
   <div class='ocr_carea' id='block_1_67' title="bbox 352 5177 2012 5248">
    <p class='ocr_par' dir='ltr' id='par_1_67' title="bbox 352 5177 2012 5248">
     <span class='ocr_line' id='line_1_69' title="bbox 352 5177 2012 5248; baseline -0.003 -11"><span class='ocrx_word' id='word_1_447' title='bbox 352 5183 575 5238; x_wconf 90' lang='lat' dir='ltr'>ohiisse</span> <span class='ocrx_word' id='word_1_448' title='bbox 597 5177 1182 5243; x_wconf 69' lang='lat' dir='ltr'>contendebatghinc</span> <span class='ocrx_word' id='word_1_449' title='bbox 1209 5183 1363 5234; x_wconf 89' lang='lat' dir='ltr'>certe</span> <span class='ocrx_word' id='word_1_450' title='bbox 1406 5177 1564 5233; x_wconf 87' lang='lat' dir='ltr'>haud</span> <span class='ocrx_word' id='word_1_451' title='bbox 1597 5179 1768 5248; x_wconf 88' lang='lat' dir='ltr'>plane</span> <span class='ocrx_word' id='word_1_452' title='bbox 1807 5180 2012 5233; x_wconf 86' lang='lat' dir='ltr'>imme-</span> 
     </span>
    </p>
   </div>
   <div class='ocr_carea' id='block_1_68' title="bbox 352 5249 2012 5324">
    <p class='ocr_par' dir='ltr' id='par_1_68' title="bbox 352 5249 2012 5324">
     <span class='ocr_line' id='line_1_70' title="bbox 352 5249 2012 5324; baseline -0.003 -14"><span class='ocrx_word' id='word_1_453' title='bbox 352 5256 467 5310; x_wconf 84' lang='lat' dir='ltr'>rito</span> <span class='ocrx_word' id='word_1_454' title='bbox 497 5254 690 5324; x_wconf 84' lang='lat' dir='ltr'>colligi</span> <span class='ocrx_word' id='word_1_455' title='bbox 724 5256 912 5323; x_wconf 83' lang='lat' dir='ltr'>potest</span> <span class='ocrx_word' id='word_1_456' title='bbox 934 5253 1005 5305; x_wconf 90' lang='lat' dir='ltr'>de</span> <span class='ocrx_word' id='word_1_457' title='bbox 1030 5251 1120 5324; x_wconf 85' lang='lat' dir='ltr'>his</span> <span class='ocrx_word' id='word_1_458' title='bbox 1156 5250 1530 5324; x_wconf 88' lang='lat' dir='ltr'>potissimum</span> <span class='ocrx_word' id='word_1_459' title='bbox 1574 5249 1806 5324; x_wconf 81' lang='lat' dir='ltr'>institui</span> <span class='ocrx_word' id='word_1_460' title='bbox 1834 5269 1866 5305; x_wconf 91' lang='lat' dir='ltr'>a</span> <span class='ocrx_word' id='word_1_461' title='bbox 1887 5251 2012 5305; x_wconf 89' lang='lat' dir='ltr'>Cic-</span> 
     </span>
    </p>
   </div>
   <div class='ocr_carea' id='block_1_69' title="bbox 350 5321 2010 5386">
    <p class='ocr_par' dir='ltr' id='par_1_69' title="bbox 350 5321 2010 5386">
     <span class='ocr_line' id='line_1_71' title="bbox 350 5321 2010 5386; baseline -0.004 -4"><span class='ocrx_word' id='word_1_462' title='bbox 350 5329 548 5382; x_wconf 89' lang='lat' dir='ltr'>mente</span> <span class='ocrx_word' id='word_1_463' title='bbox 579 5321 934 5380; x_wconf 26' lang='lat' dir='ltr'>serm’onem.</span> <span class='ocrx_word' id='word_1_464' title='bbox 969 5327 1040 5376; x_wconf 89' lang='lat' dir='ltr'>At</span> <span class='ocrx_word' id='word_1_465' title='bbox 1071 5321 1116 5377; x_wconf 91' lang='lat' dir='ltr'>si</span> <span class='ocrx_word' id='word_1_466' title='bbox 1152 5326 1202 5376; x_wconf 87' lang='lat' dir='ltr'>is</span> <span class='ocrx_word' id='word_1_467' title='bbox 1237 5338 1432 5376; x_wconf 86' lang='lat' dir='ltr'>revera</span> <span class='ocrx_word' id='word_1_468' title='bbox 1481 5322 1583 5384; x_wconf 86' lang='lat' dir='ltr'>sit,</span> <span class='ocrx_word' id='word_1_469' title='bbox 1642 5321 1723 5376; x_wconf 92' lang='lat' dir='ltr'>uti</span> <span class='ocrx_word' id='word_1_470' title='bbox 1758 5321 2010 5386; x_wconf 89' lang='lat' dir='ltr'>videtur,</span> 
     </span>
    </p>
   </div>
   <div class='ocr_carea' id='block_1_70' title="bbox 350 5393 2010 5466">
    <p class='ocr_par' dir='ltr' id='par_1_70' title="bbox 350 5393 2010 5466">
     <span class='ocr_line' id='line_1_72' title="bbox 350 5393 2010 5466; baseline -0.004 -13"><span class='ocrx_word' id='word_1_471' title='bbox 350 5415 470 5454; x_wconf 90' lang='lat' dir='ltr'>non</span> <span class='ocrx_word' id='word_1_472' title='bbox 503 5398 650 5454; x_wconf 87' lang='lat' dir='ltr'>satis</span> <span class='ocrx_word' id='word_1_473' title='bbox 699 5413 733 5451; x_wconf 91' lang='lat' dir='ltr'>a</span> <span class='ocrx_word' id='word_1_474' title='bbox 776 5394 1136 5466; x_wconf 84' lang='lat' dir='ltr'>quibusdam</span> <span class='ocrx_word' id='word_1_475' title='bbox 1187 5393 1658 5466; x_wconf 87' lang='lat' dir='ltr'>animadversus,</span> <span class='ocrx_word' id='word_1_476' title='bbox 1706 5395 1852 5448; x_wconf 78' lang='lat' dir='ltr'>I97</span> <span class='ocrx_word' id='word_1_477' title='bbox 1888 5393 2010 5447; x_wconf 90' lang='lat' dir='ltr'>Cle-</span> 
     </span>
    </p>
   </div>
   <div class='ocr_carea' id='block_1_71' title="bbox 350 5465 2011 5538">
    <p class='ocr_par' dir='ltr' id='par_1_71' title="bbox 350 5465 2011 5538">
     <span class='ocr_line' id='line_1_73' title="bbox 350 5465 2011 5538; baseline -0.004 -11"><span class='ocrx_word' id='word_1_478' title='bbox 350 5469 570 5526; x_wconf 88' lang='lat' dir='ltr'>mentis</span> <span class='ocrx_word' id='word_1_479' title='bbox 602 5465 1047 5532; x_wconf 32' lang='lat' dir='ltr'>nostri’sensus,</span> <span class='ocrx_word' id='word_1_480' title='bbox 1078 5465 1425 5536; x_wconf 65' lang='lat' dir='ltr'>praeclarum</span> <span class='ocrx_word' id='word_1_481' title='bbox 1455 5466 1714 5537; x_wconf 82' lang='lat' dir='ltr'>profecto</span> <span class='ocrx_word' id='word_1_482' title='bbox 1738 5466 2011 5538; x_wconf 79' lang='lat' dir='ltr'>gravissi-</span> 
     </span>
    </p>
   </div>
   <div class='ocr_carea' id='block_1_72' title="bbox 425 5683 2006 5756">
    <p class='ocr_par' dir='ltr' id='par_1_72' title="bbox 425 5683 2006 5756">
     <span class='ocr_line' id='line_1_74' title="bbox 425 5683 2006 5756; baseline -0.004 -11"><span class='ocrx_word' id='word_1_483' title='bbox 425 5691 472 5726; x_wconf 69' lang='grc' dir='ltr'><strong>δ”</strong></span> <span class='ocrx_word' id='word_1_484' title='bbox 500 5693 543 5745; x_wconf 87' lang='lat' dir='ltr'>t.</span> <span class='ocrx_word' id='word_1_485' title='bbox 580 5689 674 5752; x_wconf 79' lang='lat' dir='ltr'>IV.</span> <span class='ocrx_word' id='word_1_486' title='bbox 709 5706 766 5756; x_wconf 87' lang='lat' dir='ltr'>p.</span> <span class='ocrx_word' id='word_1_487' title='bbox 806 5687 942 5743; x_wconf 84' lang='lat'>1592</span> <span class='ocrx_word' id='word_1_488' title='bbox 974 5687 1032 5739; x_wconf 86' lang='lat' dir='ltr'>et</span> <span class='ocrx_word' id='word_1_489' title='bbox 1063 5683 1223 5738; x_wconf 83' lang='lat'>1593.</span> <span class='ocrx_word' id='word_1_490' title='bbox 1258 5685 1299 5736; x_wconf 89' lang='lat' dir='ltr'>t.</span> <span class='ocrx_word' id='word_1_491' title='bbox 1337 5686 1404 5756; x_wconf 61' lang='grc' dir='ltr'>Υ,</span> <span class='ocrx_word' id='word_1_492' title='bbox 1437 5700 1493 5754; x_wconf 91' lang='lat' dir='ltr'>p.</span> <span class='ocrx_word' id='word_1_493' title='bbox 1526 5685 1654 5752; x_wconf 81' lang='lat'>659,</span> <span class='ocrx_word' id='word_1_494' title='bbox 1685 5683 1713 5756; x_wconf 70' lang='grc' dir='ltr'>ἕ</span> <span class='ocrx_word' id='word_1_495' title='bbox 1746 5685 1779 5738; x_wconf 89' lang='grc'>8</span> <span class='ocrx_word' id='word_1_496' title='bbox 1853 5685 1897 5719; x_wconf 79' lang='grc'>⁸⁸</span> <span class='ocrx_word' id='word_1_497' title='bbox 1929 5683 2006 5739; x_wconf 87' lang='lat' dir='ltr'>loc</span> 
     </span>
    </p>
   </div>
   <div class='ocr_carea' id='block_1_73' title="bbox 2122 5683 2716 5756">
    <p class='ocr_par' dir='ltr' id='par_1_73' title="bbox 2128 5686 2716 5751">
     <span class='ocr_line' id='line_1_75' title="bbox 2128 5686 2716 5751; baseline 0.005 -14"><span class='ocrx_word' id='word_1_498' title='bbox 2128 5691 2167 5747; x_wconf 88' lang='lat' dir='ltr'>t,</span> <span class='ocrx_word' id='word_1_499' title='bbox 2246 5686 2289 5720; x_wconf 69' lang='lat'>3°</span> <span class='ocrx_word' id='word_1_500' title='bbox 2321 5687 2535 5741; x_wconf 69' lang='lat' dir='ltr'>Strom.</span> <span class='ocrx_word' id='word_1_501' title='bbox 2571 5687 2606 5741; x_wconf 91' lang='lat' dir='ltr'>l.</span> <span class='ocrx_word' id='word_1_502' title='bbox 2643 5703 2716 5751; x_wconf 83' lang='lat' dir='ltr'>v1,</span> 
     </span>
    </p>
   </div>
   <div class='ocr_carea' id='block_1_74' title="bbox 356 5755 1934 5829">
    <p class='ocr_par' dir='ltr' id='par_1_74' title="bbox 356 5755 1934 5829">
     <span class='ocr_line' id='line_1_76' title="bbox 356 5755 1934 5829; baseline -0.007 -9"><span class='ocrx_word' id='word_1_503' title='bbox 356 5763 510 5829; x_wconf 81' lang='lat' dir='ltr'>seb.,</span> <span class='ocrx_word' id='word_1_504' title='bbox 540 5760 580 5816; x_wconf 89' lang='lat' dir='ltr'>l.</span> <span class='ocrx_word' id='word_1_505' title='bbox 614 5779 654 5816; x_wconf 84' lang='lat' dir='ltr'>II</span> <span class='ocrx_word' id='word_1_506' title='bbox 683 5755 856 5823; x_wconf 67' lang='lat' dir='ltr'>Hist,</span> <span class='ocrx_word' id='word_1_507' title='bbox 888 5775 937 5813; x_wconf 92' lang='lat' dir='ltr'>c.</span> <span class='ocrx_word' id='word_1_508' title='bbox 972 5759 1060 5816; x_wconf 90' lang='lat'>31.</span> <span class='ocrx_word' id='word_1_509' title='bbox 1098 5756 1324 5829; x_wconf 85' lang='lat' dir='ltr'>p._102_;</span> <span class='ocrx_word' id='word_1_510' title='bbox 1359 5755 1777 5829; x_wconf 11' lang='lat' dir='ltr'>l.v.ie.i2-1,:p.</span> <span class='ocrx_word' id='word_1_511' title='bbox 1813 5757 1934 5810; x_wconf 80' lang='lat'>191.</span> 
     </span>
    </p>
   </div>
   <div class='ocr_carea' id='block_1_75' title="bbox 2037 5755 2829 5823">
    <p class='ocr_par' dir='ltr' id='par_1_75' title="bbox 2037 5755 2829 5823">
     <span class='ocr_line' id='line_1_77' title="bbox 2037 5755 2829 5823; baseline 0.003 -13"><span class='ocrx_word' id='word_1_512' title='bbox 2037 5755 2083 5789; x_wconf 67' lang='grc'>⁸9</span> <span class='ocrx_word' id='word_1_513' title='bbox 2113 5761 2318 5811; x_wconf 87' lang='lat' dir='ltr'>Baron.</span> <span class='ocrx_word' id='word_1_514' title='bbox 2357 5759 2448 5811; x_wconf 83' lang='lat' dir='ltr'>ad.</span> <span class='ocrx_word' id='word_1_515' title='bbox 2485 5775 2577 5812; x_wconf 87' lang='lat' dir='ltr'>an.</span> <span class='ocrx_word' id='word_1_516' title='bbox 2610 5759 2698 5819; x_wconf 75' lang='grc'>54,</span> <span class='ocrx_word' id='word_1_517' title='bbox 2726 5755 2829 5823; x_wconf 27' lang='grc' dir='ltr'>ξίῖζ.</span> 
     </span>
    </p>
   </div>
   <div class='ocr_carea' id='block_1_76' title="bbox 355 5826 2553 5899">
    <p class='ocr_par' dir='ltr' id='par_1_76' title="bbox 355 5826 2553 5899">
     <span class='ocr_line' id='line_1_78' title="bbox 355 5826 2553 5899; baseline -0.003 -10"><span class='ocrx_word' id='word_1_518' title='bbox 355 5835 448 5890; x_wconf 76' lang='grc'>41.</span> <span class='ocrx_word' id='word_1_519' title='bbox 498 5826 572 5868; x_wconf 66' lang='grc' dir='ltr'>’θ’</span> <span class='ocrx_word' id='word_1_520' title='bbox 602 5834 674 5889; x_wconf 92' lang='lat' dir='ltr'>ad</span> <span class='ocrx_word' id='word_1_521' title='bbox 704 5837 765 5887; x_wconf 84' lang='lat'>21</span> <span class='ocrx_word' id='word_1_522' title='bbox 800 5833 960 5897; x_wconf 83' lang='lat' dir='ltr'>Sept.</span> <span class='ocrx_word' id='word_1_523' title='bbox 1039 5830 1082 5862; x_wconf 71' lang='lat'>93</span> <span class='ocrx_word' id='word_1_524' title='bbox 1113 5826 1426 5899; x_wconf 14' lang='lat' dir='ltr'>Theodqit.</span> <span class='ocrx_word' id='word_1_525' title='bbox 1462 5828 1556 5888; x_wconf 86' lang='lat' dir='ltr'>1V,</span> <span class='ocrx_word' id='word_1_526' title='bbox 1589 5827 1648 5881; x_wconf 91' lang='lat' dir='ltr'>in</span> <span class='ocrx_word' id='word_1_527' title='bbox 1683 5826 1796 5882; x_wconf 82' lang='lat' dir='ltr'>tino</span> <span class='ocrx_word' id='word_1_528' title='bbox 1828 5843 2003 5880; x_wconf 88' lang='lat' dir='ltr'>serm.</span> <span class='ocrx_word' id='word_1_529' title='bbox 2035 5828 2089 5887; x_wconf 89' lang='lat'>8.</span> <span class='ocrx_word' id='word_1_530' title='bbox 2125 5830 2194 5882; x_wconf 91' lang='lat' dir='ltr'>de</span> <span class='ocrx_word' id='word_1_531' title='bbox 2229 5829 2553 5899; x_wconf 46' lang='lat' dir='ltr'>martyr-ita,</span> 
     </span>
    </p>
   </div>
   <div class='ocr_carea' id='block_1_77' title="bbox 2130 598 2347 653">
    <p class='ocr_par' dir='ltr' id='par_1_77' title="bbox 2130 598 2347 653">
     <span class='ocr_line' id='line_1_79' title="bbox 2130 598 2347 653; baseline 0 0"><span class='ocrx_word' id='word_1_532' title='bbox 2130 598 2347 653; x_wconf 87' lang='lat' dir='ltr'>bimus.</span> 
     </span>
    </p>
   </div>
   <div class='ocr_carea' id='block_1_78' title="bbox 2157 670 3772 750">
    <p class='ocr_par' dir='ltr' id='par_1_78' title="bbox 2157 670 3772 750">
     <span class='ocr_line' id='line_1_80' title="bbox 2157 670 3772 750; baseline 0.004 -26"><span class='ocrx_word' id='word_1_533' title='bbox 2157 741 2166 750; x_wconf 32' lang='grc' dir='ltr'>ι</span> <span class='ocrx_word' id='word_1_534' title='bbox 2201 670 2317 750; x_wconf 80' lang='lat' dir='ltr'>Cur</span> <span class='ocrx_word' id='word_1_535' title='bbox 2349 687 2510 742; x_wconf 85' lang='lat' dir='ltr'>ergo,</span> <span class='ocrx_word' id='word_1_536' title='bbox 2534 672 2794 750; x_wconf 80' lang='lat' dir='ltr'>inquies,</span> <span class='ocrx_word' id='word_1_537' title='bbox 2827 676 2881 750; x_wconf 86' lang='lat' dir='ltr'>id</span> <span class='ocrx_word' id='word_1_538' title='bbox 2916 678 3098 732; x_wconf 88' lang='lat' dir='ltr'>tacuit</span> <span class='ocrx_word' id='word_1_539' title='bbox 3133 677 3482 749; x_wconf 88' lang='lat' dir='ltr'>Polycrates,</span> <span class='ocrx_word' id='word_1_540' title='bbox 3513 677 3611 750; x_wconf 88' lang='lat' dir='ltr'>ubi</span> <span class='ocrx_word' id='word_1_541' title='bbox 3635 677 3772 732; x_wconf 80' lang='lat' dir='ltr'>Phi-</span> 
     </span>
    </p>
   </div>
   <div class='ocr_carea' id='block_1_79' title="bbox 2131 741 3778 819">
    <p class='ocr_par' dir='ltr' id='par_1_79' title="bbox 2131 741 3778 819">
     <span class='ocr_line' id='line_1_81' title="bbox 2131 741 3778 819; baseline 0.004 -23"><span class='ocrx_word' id='word_1_542' title='bbox 2131 741 2273 813; x_wconf 89' lang='lat' dir='ltr'>lippi</span> <span class='ocrx_word' id='word_1_543' title='bbox 2307 741 2651 819; x_wconf 83' lang='lat' dir='ltr'>martyrium</span> <span class='ocrx_word' id='word_1_544' title='bbox 2689 741 3043 816; x_wconf 74' lang='lat' dir='ltr'>prazdicandi</span> <span class='ocrx_word' id='word_1_545' title='bbox 3094 750 3185 803; x_wconf 88' lang='lat' dir='ltr'>vix</span> <span class='ocrx_word' id='word_1_546' title='bbox 3234 741 3627 819; x_wconf 73' lang='lat' dir='ltr'>opportunior</span> <span class='ocrx_word' id='word_1_547' title='bbox 3671 766 3778 803; x_wconf 84' lang='lat' dir='ltr'>un-</span> 
     </span>
    </p>
   </div>
   <div class='ocr_carea' id='block_1_80' title="bbox 2129 818 3772 892">
    <p class='ocr_par' dir='ltr' id='par_1_80' title="bbox 2129 818 3772 892">
     <span class='ocr_line' id='line_1_82' title="bbox 2129 818 3772 892; baseline 0.005 -27"><span class='ocrx_word' id='word_1_548' title='bbox 2129 829 2305 892; x_wconf 65' lang='lat' dir='ltr'>quam</span> <span class='ocrx_word' id='word_1_549' title='bbox 2329 818 2556 870; x_wconf 71' lang='lat' dir='ltr'>occasio</span> <span class='ocrx_word' id='word_1_550' title='bbox 2619 818 2742 870; x_wconf 90' lang='lat' dir='ltr'>dari</span> <span class='ocrx_word' id='word_1_551' title='bbox 2774 819 2884 890; x_wconf 87' lang='lat' dir='ltr'>ipsi</span> <span class='ocrx_word' id='word_1_552' title='bbox 2917 825 3163 892; x_wconf 85' lang='lat' dir='ltr'>poterat.</span> <span class='ocrx_word' id='word_1_553' title='bbox 3202 825 3262 874; x_wconf 82' lang='lat' dir='ltr'>in</span> <span class='ocrx_word' id='word_1_554' title='bbox 3287 818 3290 819; x_wconf 52' lang='grc'><strong><em>⁷</em></strong></span> <span class='ocrx_word' id='word_1_555' title='bbox 3317 818 3423 876; x_wconf 79' lang='lat' dir='ltr'>Sua</span> <span class='ocrx_word' id='word_1_556' title='bbox 3467 821 3683 876; x_wconf 88' lang='lat' dir='ltr'>etenim</span> <span class='ocrx_word' id='word_1_557' title='bbox 3702 821 3772 874; x_wconf 88' lang='lat' dir='ltr'>ad</span> 
     </span>
    </p>
   </div>
   <div class='ocr_carea' id='block_1_81' title="bbox 2127 885 3774 975">
    <p class='ocr_par' dir='ltr' id='par_1_81' title="bbox 2127 885 3774 975">
     <span class='ocr_line' id='line_1_83' title="bbox 2127 885 3774 975; baseline 0.005 -37"><span class='ocrx_word' id='word_1_558' title='bbox 2127 885 2416 975; x_wconf 61' lang='lat' dir='ltr'>Xictorem</span> <span class='ocrx_word' id='word_1_559' title='bbox 2453 904 2751 975; x_wconf 75' lang='lat' dir='ltr'>summum</span> <span class='ocrx_word' id='word_1_560' title='bbox 2797 885 3129 961; x_wconf 76' lang='lat' dir='ltr'>pontificem</span> <span class='ocrx_word' id='word_1_561' title='bbox 3184 892 3428 975; x_wconf 83' lang='lat' dir='ltr'>epistola</span> <span class='ocrx_word' id='word_1_562' title='bbox 3489 891 3774 964; x_wconf 90' lang='lat' dir='ltr'>plurimos</span> 
     </span>
    </p>
   </div>
   <div class='ocr_carea' id='block_1_82' title="bbox 2127 958 3775 1033">
    <p class='ocr_par' dir='ltr' id='par_1_82' title="bbox 2127 958 3775 1033">
     <span class='ocr_line' id='line_1_84' title="bbox 2127 958 3775 1033; baseline 0.004 -22"><span class='ocrx_word' id='word_1_563' title='bbox 2127 958 2527 1033; x_wconf 73' lang='lat' dir='ltr'>Ecclesiarum</span> <span class='ocrx_word' id='word_1_564' title='bbox 2560 961 2698 1033; x_wconf 65' lang='lat' dir='ltr'>Asiae</span> <span class='ocrx_word' id='word_1_565' title='bbox 2741 958 3026 1033; x_wconf 75' lang='lat' dir='ltr'>martyres</span> <span class='ocrx_word' id='word_1_566' title='bbox 3077 958 3422 1018; x_wconf 88' lang='lat' dir='ltr'>nominatim</span> <span class='ocrx_word' id='word_1_567' title='bbox 3474 958 3775 1020; x_wconf 70' lang='lat' dir='ltr'>dommen-</span> 
     </span>
    </p>
   </div>
   <div class='ocr_carea' id='block_1_83' title="bbox 2127 1030 3770 1104">
    <p class='ocr_par' dir='ltr' id='par_1_83' title="bbox 2127 1030 3770 1104">
     <span class='ocr_line' id='line_1_85' title="bbox 2127 1030 3770 1104; baseline 0.005 -22"><span class='ocrx_word' id='word_1_568' title='bbox 2127 1030 2256 1104; x_wconf 66' lang='lat' dir='ltr'>dat,</span> <span class='ocrx_word' id='word_1_569' title='bbox 2285 1034 2340 1104; x_wconf 89' lang='lat' dir='ltr'>et</span> <span class='ocrx_word' id='word_1_570' title='bbox 2370 1030 2740 1104; x_wconf 84' lang='lat' dir='ltr'>de_Philippo</span> <span class='ocrx_word' id='word_1_571' title='bbox 2772 1030 2973 1086; x_wconf 79' lang='lat' dir='ltr'>eorum</span> <span class='ocrx_word' id='word_1_572' title='bbox 3027 1033 3214 1104; x_wconf 90' lang='lat' dir='ltr'>primo</span> <span class='ocrx_word' id='word_1_573' title='bbox 3265 1036 3321 1089; x_wconf 93' lang='lat' dir='ltr'>in</span> <span class='ocrx_word' id='word_1_574' title='bbox 3374 1035 3493 1089; x_wconf 72' lang='lat' dir='ltr'>haec</span> <span class='ocrx_word' id='word_1_575' title='bbox 3537 1042 3770 1090; x_wconf 89' lang='lat' dir='ltr'>tantum</span> 
     </span>
    </p>
   </div>
   <div class='ocr_carea' id='block_1_84' title="bbox 2127 1101 3774 1177">
    <p class='ocr_par' dir='ltr' id='par_1_84' title="bbox 2127 1101 3774 1177">
     <span class='ocr_line' id='line_1_86' title="bbox 2127 1101 3774 1177; baseline 0.005 -24"><span class='ocrx_word' id='word_1_576' title='bbox 2127 1101 2329 1177; x_wconf 86' lang='lat' dir='ltr'>scribit</span> <span class='ocrx_word' id='word_1_577' title='bbox 2357 1101 2531 1156; x_wconf 87' lang='lat' dir='ltr'>verba</span> <span class='ocrx_word' id='word_1_578' title='bbox 2551 1102 2595 1137; x_wconf 76' lang='grc'>⁸⁸</span> <span class='ocrx_word' id='word_1_579' title='bbox 2629 1101 2798 1177; x_wconf 47' lang='lat' dir='ltr'>iatn</span> <span class='ocrx_word' id='word_1_580' title='bbox 2822 1105 2973 1177; x_wconf 83' lang='lat' dir='ltr'>_Asia</span> <span class='ocrx_word' id='word_1_581' title='bbox 3004 1101 3216 1176; x_wconf 85' lang='lat' dir='ltr'>magna</span> <span class='ocrx_word' id='word_1_582' title='bbox 3248 1106 3514 1177; x_wconf 83' lang='lat' dir='ltr'>quaedam</span> <span class='ocrx_word' id='word_1_583' title='bbox 3548 1107 3774 1162; x_wconf 88' lang='lat' dir='ltr'>lumina</span> 
     </span>
    </p>
   </div>
   <div class='ocr_carea' id='block_1_85' title="bbox 2126 1174 3772 1247">
    <p class='ocr_par' dir='ltr' id='par_1_85' title="bbox 2126 1174 3772 1247">
     <span class='ocr_line' id='line_1_87' title="bbox 2126 1174 3772 1247; baseline 0.004 -22"><span class='ocrx_word' id='word_1_584' title='bbox 2126 1174 2411 1247; x_wconf 53' lang='lat' dir='ltr'>exstincta</span> <span class='ocrx_word' id='word_1_585' title='bbox 2433 1179 2676 1247; x_wconf 65' lang='lat' dir='ltr'>sunt...</span> <span class='ocrx_word' id='word_1_586' title='bbox 2712 1175 3015 1247; x_wconf 87' lang='lat' dir='ltr'>Philippus</span> <span class='ocrx_word' id='word_1_587' title='bbox 3048 1174 3280 1232; x_wconf 69' lang='lat' dir='ltr'>scilicet</span> <span class='ocrx_word' id='word_1_588' title='bbox 3313 1195 3465 1232; x_wconf 89' lang='lat' dir='ltr'>unus</span> <span class='ocrx_word' id='word_1_589' title='bbox 3496 1194 3525 1232; x_wconf 91' lang='lat' dir='ltr'>e</span> <span class='ocrx_word' id='word_1_590' title='bbox 3556 1179 3772 1233; x_wconf 89' lang='lat' dir='ltr'>duode-</span> 
     </span>
    </p>
   </div>
   <div class='ocr_carea' id='block_1_86' title="bbox 2126 1244 3769 1318">
    <p class='ocr_par' dir='ltr' id='par_1_86' title="bbox 2126 1244 3769 1318">
     <span class='ocr_line' id='line_1_88' title="bbox 2126 1244 3769 1318; baseline 0.005 -21"><span class='ocrx_word' id='word_1_591' title='bbox 2126 1244 2238 1318; x_wconf 84' lang='lat' dir='ltr'>cim</span> <span class='ocrx_word' id='word_1_592' title='bbox 2273 1245 2573 1313; x_wconf 85' lang='lat' dir='ltr'>apostolis,</span> <span class='ocrx_word' id='word_1_593' title='bbox 2607 1247 2705 1316; x_wconf 88' lang='lat' dir='ltr'>qui</span> <span class='ocrx_word' id='word_1_594' title='bbox 2741 1244 3009 1302; x_wconf 77' lang='lat' dir='ltr'>mortuus</span> <span class='ocrx_word' id='word_1_595' title='bbox 3040 1253 3129 1302; x_wconf 89' lang='lat' dir='ltr'>est</span> <span class='ocrx_word' id='word_1_596' title='bbox 3161 1249 3469 1318; x_wconf 83' lang='lat' dir='ltr'>Hierapoli.</span> <span class='ocrx_word' id='word_1_597' title='bbox 3492 1250 3769 1305; x_wconf 75' lang='lat' dir='ltr'>nIntioias</span> 
     </span>
    </p>
   </div>
   <div class='ocr_carea' id='block_1_87' title="bbox 2119 1315 3769 1389">
    <p class='ocr_par' dir='ltr' id='par_1_87' title="bbox 2119 1315 3769 1389">
     <span class='ocr_line' id='line_1_89' title="bbox 2119 1315 3769 1389; baseline 0.005 -21"><span class='ocrx_word' id='word_1_598' title='bbox 2119 1315 2234 1389; x_wconf 90' lang='lat' dir='ltr'>ire_</span> <span class='ocrx_word' id='word_1_599' title='bbox 2283 1332 2397 1369; x_wconf 92' lang='lat' dir='ltr'>non</span> <span class='ocrx_word' id='word_1_600' title='bbox 2458 1315 2771 1389; x_wconf 78' lang='lat' dir='ltr'>possumus</span> <span class='ocrx_word' id='word_1_601' title='bbox 2839 1321 3198 1389; x_wconf 81' lang='lat' dir='ltr'>Polycratem</span> <span class='ocrx_word' id='word_1_602' title='bbox 3279 1315 3356 1375; x_wconf 83' lang='lat' dir='ltr'>ibi</span> <span class='ocrx_word' id='word_1_603' title='bbox 3410 1337 3580 1374; x_wconf 90' lang='lat' dir='ltr'>usum</span> <span class='ocrx_word' id='word_1_604' title='bbox 3641 1338 3769 1376; x_wconf 89' lang='lat' dir='ltr'>esse</span> 
     </span>
    </p>
   </div>
   <div class='ocr_carea' id='block_1_88' title="bbox 2123 1386 3766 1463">
    <p class='ocr_par' dir='ltr' id='par_1_88' title="bbox 2123 1386 3766 1463">
     <span class='ocr_line' id='line_1_90' title="bbox 2123 1386 3766 1463; baseline 0.004 -24"><span class='ocrx_word' id='word_1_605' title='bbox 2123 1386 2297 1463; x_wconf 80' lang='lat' dir='ltr'>verbo</span> <span class='ocrx_word' id='word_1_606' title='bbox 2326 1387 2675 1458; x_wconf 76' lang='grc' dir='ltr'>κεκοὶμηται,</span> <span class='ocrx_word' id='word_1_607' title='bbox 2704 1392 2864 1463; x_wconf 84' lang='lat' dir='ltr'>quod</span> <span class='ocrx_word' id='word_1_608' title='bbox 2911 1386 3291 1463; x_wconf 70' lang='lat' dir='ltr'>tranquillam</span> <span class='ocrx_word' id='word_1_609' title='bbox 3351 1397 3407 1444; x_wconf 91' lang='lat' dir='ltr'>et</span> <span class='ocrx_word' id='word_1_610' title='bbox 3466 1393 3766 1463; x_wconf 74' lang='lat' dir='ltr'>pacificum</span> 
     </span>
    </p>
   </div>
   <div class='ocr_carea' id='block_1_89' title="bbox 2125 1458 3765 1534">
    <p class='ocr_par' dir='ltr' id='par_1_89' title="bbox 2125 1458 3765 1534">
     <span class='ocr_line' id='line_1_91' title="bbox 2125 1458 3765 1534; baseline 0.004 -24"><span class='ocrx_word' id='word_1_611' title='bbox 2125 1458 2316 1534; x_wconf 85' lang='lat' dir='ltr'>potius</span> <span class='ocrx_word' id='word_1_612' title='bbox 2339 1475 2509 1534; x_wconf 88' lang='lat' dir='ltr'>quam</span> <span class='ocrx_word' id='word_1_613' title='bbox 2548 1458 2855 1534; x_wconf 87' lang='lat' dir='ltr'>suppliciis</span> <span class='ocrx_word' id='word_1_614' title='bbox 2898 1458 3120 1518; x_wconf 69' lang='lat' dir='ltr'>illatam</span> <span class='ocrx_word' id='word_1_615' title='bbox 3179 1467 3424 1534; x_wconf 87' lang='lat' dir='ltr'>mortem</span> <span class='ocrx_word' id='word_1_616' title='bbox 3449 1458 3765 1534; x_wconf 82' lang='lat' dir='ltr'>significat.</span> 
     </span>
    </p>
   </div>
   <div class='ocr_carea' id='block_1_90' title="bbox 2122 1532 3768 1606">
    <p class='ocr_par' dir='ltr' id='par_1_90' title="bbox 2122 1532 3768 1606">
     <span class='ocr_line' id='line_1_92' title="bbox 2122 1532 3768 1606; baseline 0.005 -24"><span class='ocrx_word' id='word_1_617' title='bbox 2122 1532 2511 1606; x_wconf 83' lang='lat' dir='ltr'>Quamobrem</span> <span class='ocrx_word' id='word_1_618' title='bbox 2547 1533 2684 1606; x_wconf 83' lang='lat' dir='ltr'>quid</span> <span class='ocrx_word' id='word_1_619' title='bbox 2711 1549 2778 1588; x_wconf 91' lang='lat' dir='ltr'>ea</span> <span class='ocrx_word' id='word_1_620' title='bbox 2808 1535 2879 1589; x_wconf 88' lang='lat' dir='ltr'>de</span> <span class='ocrx_word' id='word_1_621' title='bbox 2914 1551 2972 1588; x_wconf 88' lang='lat' dir='ltr'>re</span> <span class='ocrx_word' id='word_1_622' title='bbox 3002 1534 3184 1590; x_wconf 89' lang='lat' dir='ltr'>statui</span> <span class='ocrx_word' id='word_1_623' title='bbox 3232 1533 3463 1606; x_wconf 89' lang='lat' dir='ltr'>debeat,</span> <span class='ocrx_word' id='word_1_624' title='bbox 3511 1532 3586 1589; x_wconf 77' lang='lat' dir='ltr'>ab</span> <span class='ocrx_word' id='word_1_625' title='bbox 3635 1534 3768 1590; x_wconf 84' lang='lat' dir='ltr'>aliis</span> 
     </span>
    </p>
   </div>
   <div class='ocr_carea' id='block_1_91' title="bbox 2120 1602 2786 1659">
    <p class='ocr_par' dir='ltr' id='par_1_91' title="bbox 2120 1602 2786 1659">
     <span class='ocr_line' id='line_1_93' title="bbox 2120 1602 2786 1659; baseline 0.006 -3"><span class='ocrx_word' id='word_1_626' title='bbox 2120 1602 2423 1658; x_wconf 88' lang='lat' dir='ltr'>lubentius</span> <span class='ocrx_word' id='word_1_627' title='bbox 2454 1605 2786 1659; x_wconf 88' lang='lat' dir='ltr'>audiemus.</span> 
     </span>
    </p>
   </div>
   <div class='ocr_carea' id='block_1_92' title="bbox 2195 1673 3764 1747">
    <p class='ocr_par' dir='ltr' id='par_1_92' title="bbox 2195 1673 3764 1747">
     <span class='ocr_line' id='line_1_94' title="bbox 2195 1673 3764 1747; baseline 0.001 -19"><span class='ocrx_word' id='word_1_628' title='bbox 2195 1673 2381 1747; x_wconf 84' lang='lat' dir='ltr'>Nescii</span> <span class='ocrx_word' id='word_1_629' title='bbox 2416 1677 2653 1747; x_wconf 89' lang='lat' dir='ltr'>quidem</span> <span class='ocrx_word' id='word_1_630' title='bbox 2688 1693 2802 1732; x_wconf 93' lang='lat' dir='ltr'>non</span> <span class='ocrx_word' id='word_1_631' title='bbox 2831 1692 3039 1730; x_wconf 91' lang='lat' dir='ltr'>sumus</span> <span class='ocrx_word' id='word_1_632' title='bbox 3069 1677 3127 1730; x_wconf 90' lang='lat' dir='ltr'>in</span> <span class='ocrx_word' id='word_1_633' title='bbox 3163 1678 3416 1747; x_wconf 88' lang='lat' dir='ltr'>quadam</span> <span class='ocrx_word' id='word_1_634' title='bbox 3450 1676 3764 1731; x_wconf 87' lang='lat' dir='ltr'>Eusebiani</span> 
     </span>
    </p>
   </div>
   <div class='ocr_carea' id='block_1_93' title="bbox 2123 1744 3761 1820">
    <p class='ocr_par' dir='ltr' id='par_1_93' title="bbox 2123 1744 3761 1820">
     <span class='ocr_line' id='line_1_95' title="bbox 2123 1744 3761 1820; baseline 0.002 -23"><span class='ocrx_word' id='word_1_635' title='bbox 2123 1744 2388 1820; x_wconf 61' lang='lat' dir='ltr'>Chronicj</span> <span class='ocrx_word' id='word_1_636' title='bbox 2443 1746 2620 1801; x_wconf 88' lang='lat' dir='ltr'>citata</span> <span class='ocrx_word' id='word_1_637' title='bbox 2669 1765 2713 1820; x_wconf 12' lang='lat' dir='ltr'>ai</span> <span class='ocrx_word' id='word_1_638' title='bbox 2755 1748 3064 1820; x_wconf 72' lang='lat' dir='ltr'>Baronio“</span> <span class='ocrx_word' id='word_1_639' title='bbox 3103 1744 3369 1820; x_wconf 85' lang='lat' dir='ltr'>editione</span> <span class='ocrx_word' id='word_1_640' title='bbox 3418 1749 3761 1820; x_wconf 90' lang='lat' dir='ltr'>martyrium</span> 
     </span>
    </p>
   </div>
   <div class='ocr_carea' id='block_1_94' title="bbox 2122 1816 3762 1888">
    <p class='ocr_par' dir='ltr' id='par_1_94' title="bbox 2122 1816 3762 1888">
     <span class='ocr_line' id='line_1_96' title="bbox 2122 1816 3762 1888; baseline 0.001 -18"><span class='ocrx_word' id='word_1_641' title='bbox 2122 1816 2374 1888; x_wconf 77' lang='lat' dir='ltr'>Philippi</span> <span class='ocrx_word' id='word_1_642' title='bbox 2407 1819 2751 1887; x_wconf 88' lang='lat' dir='ltr'>memorari;</span> <span class='ocrx_word' id='word_1_643' title='bbox 2785 1821 2884 1875; x_wconf 84' lang='lat' dir='ltr'>sed</span> <span class='ocrx_word' id='word_1_644' title='bbox 2919 1819 3027 1874; x_wconf 92' lang='lat' dir='ltr'>hoc</span> <span class='ocrx_word' id='word_1_645' title='bbox 3051 1820 3107 1874; x_wconf 92' lang='lat' dir='ltr'>in</span> <span class='ocrx_word' id='word_1_646' title='bbox 3132 1820 3262 1874; x_wconf 88' lang='lat' dir='ltr'>aliis</span> <span class='ocrx_word' id='word_1_647' title='bbox 3294 1819 3450 1874; x_wconf 91' lang='lat' dir='ltr'>illius</span> <span class='ocrx_word' id='word_1_648' title='bbox 3473 1816 3606 1875; x_wconf 82' lang='lat' dir='ltr'>cum</span> <span class='ocrx_word' id='word_1_649' title='bbox 3636 1820 3762 1874; x_wconf 89' lang='lat' dir='ltr'>edi-</span> 
     </span>
    </p>
   </div>
   <div class='ocr_carea' id='block_1_95' title="bbox 1556 1885 2006 1963">
    <p class='ocr_par' dir='ltr' id='par_1_95' title="bbox 1556 1885 2004 1963">
     <span class='ocr_line' id='line_1_97' title="bbox 1556 1885 2004 1963; baseline -0.007 -21"><span class='ocrx_word' id='word_1_650' title='bbox 1556 1885 1711 1963; x_wconf 60' lang='lat' dir='ltr'>iniq</span> <span class='ocrx_word' id='word_1_651' title='bbox 1777 1886 1828 1940; x_wconf 81' lang='grc' dir='ltr'>ἐν</span> <span class='ocrx_word' id='word_1_652' title='bbox 1899 1885 2004 1963; x_wconf 74' lang='grc' dir='ltr'>ἕξει</span> 
     </span>
    </p>
   </div>
   <div class='ocr_carea' id='block_1_96' title="bbox 2122 1885 3760 1963">
    <p class='ocr_par' dir='ltr' id='par_1_96' title="bbox 2122 1885 3760 1963">
     <span class='ocr_line' id='line_1_98' title="bbox 2122 1885 3760 1963; baseline 0.001 -19"><span class='ocrx_word' id='word_1_653' title='bbox 2122 1885 2371 1944; x_wconf 81' lang='lat' dir='ltr'>tionibus</span> <span class='ocrx_word' id='word_1_654' title='bbox 2403 1893 2524 1963; x_wconf 81' lang='lat' dir='ltr'>tum</span> <span class='ocrx_word' id='word_1_655' title='bbox 2560 1885 3058 1946; x_wconf 87' lang='lat' dir='ltr'>variiscodicibus</span> <span class='ocrx_word' id='word_1_656' title='bbox 3083 1891 3504 1963; x_wconf 83' lang='lat' dir='ltr'>manuscriptis</span> <span class='ocrx_word' id='word_1_657' title='bbox 3527 1908 3641 1946; x_wconf 93' lang='lat' dir='ltr'>non</span> <span class='ocrx_word' id='word_1_658' title='bbox 3664 1908 3760 1946; x_wconf 83' lang='lat' dir='ltr'>oc-</span> 
     </span>
    </p>
   </div>
   <div class='ocr_carea' id='block_1_97' title="bbox 2111 1962 3124 2030">
    <p class='ocr_par' dir='ltr' id='par_1_97' title="bbox 2111 1962 3124 2030">
     <span class='ocr_line' id='line_1_99' title="bbox 2111 1962 3124 2030; baseline 0.001 -15"><span class='ocrx_word' id='word_1_659' title='bbox 2111 1976 2344 2015; x_wconf 87' lang='lat' dir='ltr'>currere</span> <span class='ocrx_word' id='word_1_660' title='bbox 2377 1962 2574 2030; x_wconf 89' lang='lat' dir='ltr'>plures</span> <span class='ocrx_word' id='word_1_661' title='bbox 2592 1963 2716 2028; x_wconf 87' lang='lat' dir='ltr'>jam</span> <span class='ocrx_word' id='word_1_662' title='bbox 2751 1965 2817 2016; x_wconf 87' lang='lat' dir='ltr'>ad</span> <span class='ocrx_word' id='word_1_663' title='bbox 2831 1967 3124 2016; x_wconf 87' lang='lat' dir='ltr'>notarunt.</span> 
     </span>
    </p>
   </div>
   <div class='ocr_carea' id='block_1_98' title="bbox 2176 2031 3756 2105">
    <p class='ocr_par' dir='ltr' id='par_1_98' title="bbox 2176 2031 3756 2105">
     <span class='ocr_line' id='line_1_100' title="bbox 2176 2031 3756 2105; baseline 0.003 -21"><span class='ocrx_word' id='word_1_664' title='bbox 2176 2031 2900 2105; x_wconf 71' lang='lat' dir='ltr'>NarratNicephorus90-&quot;l</span> <span class='ocrx_word' id='word_1_665' title='bbox 2926 2034 3262 2088; x_wconf 72' lang='lat' dir='ltr'>Mattliaaum</span> <span class='ocrx_word' id='word_1_666' title='bbox 3288 2034 3581 2105; x_wconf 70' lang='lat' dir='ltr'>sapitis,in</span> <span class='ocrx_word' id='word_1_667' title='bbox 3608 2050 3756 2104; x_wconf 91' lang='lat' dir='ltr'>quos</span> 
     </span>
    </p>
   </div>
   <div class='ocr_carea' id='block_1_99' title="bbox 2103 2103 3756 2177">
    <p class='ocr_par' dir='ltr' id='par_1_99' title="bbox 2103 2103 3756 2177">
     <span class='ocr_line' id='line_1_101' title="bbox 2103 2103 3756 2177; baseline 0.002 -21"><span class='ocrx_word' id='word_1_668' title='bbox 2103 2103 2176 2177; x_wconf 81' lang='lat' dir='ltr'>ob</span> <span class='ocrx_word' id='word_1_669' title='bbox 2199 2103 2884 2177; x_wconf 19' lang='lat' dir='ltr'>Christiiconfessionem</span> <span class='ocrx_word' id='word_1_670' title='bbox 2913 2107 3217 2176; x_wconf 85' lang='lat' dir='ltr'>conjectus</span> <span class='ocrx_word' id='word_1_671' title='bbox 3251 2103 3458 2166; x_wconf 76' lang='lat' dir='ltr'>fuerat,</span> <span class='ocrx_word' id='word_1_672' title='bbox 3493 2103 3756 2177; x_wconf 84' lang='lat' dir='ltr'>ignibus,</span> 
     </span>
    </p>
   </div>
   <div class='ocr_carea' id='block_1_100' title="bbox 2106 2173 3753 2244">
    <p class='ocr_par' dir='ltr' id='par_1_100' title="bbox 2106 2173 3753 2244">
     <span class='ocr_line' id='line_1_102' title="bbox 2106 2173 3753 2244; baseline 0.002 -18"><span class='ocrx_word' id='word_1_673' title='bbox 2106 2173 2334 2244; x_wconf 86' lang='lat' dir='ltr'>placide</span> <span class='ocrx_word' id='word_1_674' title='bbox 2358 2175 2720 2231; x_wconf 84' lang='lat' dir='ltr'>exhalavisse</span> <span class='ocrx_word' id='word_1_675' title='bbox 2747 2173 3039 2232; x_wconf 51' lang='lat' dir='ltr'>animam:</span> <span class='ocrx_word' id='word_1_676' title='bbox 3063 2178 3169 2232; x_wconf 90' lang='lat' dir='ltr'>Sed</span> <span class='ocrx_word' id='word_1_677' title='bbox 3195 2177 3250 2230; x_wconf 90' lang='lat' dir='ltr'>id</span> <span class='ocrx_word' id='word_1_678' title='bbox 3287 2177 3383 2232; x_wconf 83' lang='lat' dir='ltr'>ille</span> <span class='ocrx_word' id='word_1_679' title='bbox 3412 2173 3543 2231; x_wconf 52' lang='lat' dir='ltr'>non—</span> <span class='ocrx_word' id='word_1_680' title='bbox 3561 2177 3753 2232; x_wconf 86' lang='lat' dir='ltr'>omni-</span> 
     </span>
    </p>
   </div>
   <div class='ocr_carea' id='block_1_101' title="bbox 2108 2245 3751 2320">
    <p class='ocr_par' dir='ltr' id='par_1_101' title="bbox 2108 2245 3751 2320">
     <span class='ocr_line' id='line_1_103' title="bbox 2108 2245 3751 2320; baseline 0.001 -21"><span class='ocrx_word' id='word_1_681' title='bbox 2108 2245 2214 2320; x_wconf 66' lang='lat' dir='ltr'>bus</span> <span class='ocrx_word' id='word_1_682' title='bbox 2242 2249 2551 2320; x_wconf 76' lang='lat' dir='ltr'>persuasit.</span> <span class='ocrx_word' id='word_1_683' title='bbox 2578 2248 2639 2301; x_wconf 88' lang='lat' dir='ltr'>In</span> <span class='ocrx_word' id='word_1_684' title='bbox 2674 2250 3030 2320; x_wconf 88' lang='lat' dir='ltr'>quibusdam</span> <span class='ocrx_word' id='word_1_685' title='bbox 3057 2255 3249 2302; x_wconf 88' lang='lat' dir='ltr'>tamen</span> <span class='ocrx_word' id='word_1_686' title='bbox 3275 2249 3605 2303; x_wconf 62' lang='lat' dir='ltr'>ercorum</span> <span class='ocrx_word' id='word_1_687' title='bbox 3634 2254 3751 2303; x_wconf 88' lang='lat' dir='ltr'>Me-</span> 
     </span>
    </p>
   </div>
   <div class='ocr_carea' id='block_1_102' title="bbox 2106 2316 3752 2390">
    <p class='ocr_par' dir='ltr' id='par_1_102' title="bbox 2106 2316 3752 2390">
     <span class='ocr_line' id='line_1_104' title="bbox 2106 2316 3752 2390; baseline 0.003 -20"><span class='ocrx_word' id='word_1_688' title='bbox 2106 2316 2707 2390; x_wconf 70' lang='lat' dir='ltr'>nologiisMatthzeus</span> <span class='ocrx_word' id='word_1_689' title='bbox 2735 2321 2863 2388; x_wconf 76' lang='lat' dir='ltr'>igne</span> <span class='ocrx_word' id='word_1_690' title='bbox 2915 2326 3317 2390; x_wconf 73' lang='grc' dir='ltr'>οοτιευῐηρῐυς,</span> <span class='ocrx_word' id='word_1_691' title='bbox 3350 2325 3405 2374; x_wconf 89' lang='lat' dir='ltr'>et</span> <span class='ocrx_word' id='word_1_692' title='bbox 3437 2321 3494 2375; x_wconf 90' lang='lat' dir='ltr'>in</span> <span class='ocrx_word' id='word_1_693' title='bbox 3528 2320 3752 2376; x_wconf 87' lang='lat' dir='ltr'>Latinis</span> 
     </span>
    </p>
   </div>
   <div class='ocr_carea' id='block_1_103' title="bbox 2105 2389 3750 2463">
    <p class='ocr_par' dir='ltr' id='par_1_103' title="bbox 2105 2389 3750 2463">
     <span class='ocr_line' id='line_1_105' title="bbox 2105 2389 3750 2463; baseline 0.003 -22"><span class='ocrx_word' id='word_1_694' title='bbox 2105 2389 2529 2463; x_wconf 70' lang='lat' dir='ltr'>Martyrologiis</span> <span class='ocrx_word' id='word_1_695' title='bbox 2561 2391 2894 2462; x_wconf 90' lang='lat' dir='ltr'>simplicius</span> <span class='ocrx_word' id='word_1_696' title='bbox 2926 2389 3203 2463; x_wconf 82' lang='lat' dir='ltr'>martyrio</span> <span class='ocrx_word' id='word_1_697' title='bbox 3237 2392 3454 2446; x_wconf 90' lang='lat' dir='ltr'>dicitur</span> <span class='ocrx_word' id='word_1_698' title='bbox 3509 2409 3750 2446; x_wconf 89' lang='lat' dir='ltr'>corona-</span> 
     </span>
    </p>
   </div>
   <div class='ocr_carea' id='block_1_104' title="bbox 2104 2460 3754 2541">
    <p class='ocr_par' dir='ltr' id='par_1_104' title="bbox 2104 2460 3754 2541">
     <span class='ocr_line' id='line_1_106' title="bbox 2104 2460 3754 2541; baseline 0.002 -27"><span class='ocrx_word' id='word_1_699' title='bbox 2104 2465 2221 2541; x_wconf 80' lang='lat' dir='ltr'>tus.</span> <span class='ocrx_word' id='word_1_700' title='bbox 2257 2460 2486 2516; x_wconf 86' lang='lat' dir='ltr'>Videsis</span> <span class='ocrx_word' id='word_1_701' title='bbox 2519 2460 2747 2518; x_wconf 85' lang='lat' dir='ltr'>Baronii</span> <span class='ocrx_word' id='word_1_702' title='bbox 2796 2463 2852 2517; x_wconf 92' lang='lat' dir='ltr'>in</span> <span class='ocrx_word' id='word_1_703' title='bbox 2889 2460 3428 2536; x_wconf 72' lang='lat' dir='ltr'>Martyrologium&quot;</span> <span class='ocrx_word' id='word_1_704' title='bbox 3476 2465 3754 2520; x_wconf 80' lang='lat' dir='ltr'>observa-</span> 
     </span>
    </p>
   </div>
   <div class='ocr_carea' id='block_1_105' title="bbox 2107 2538 2317 2587">
    <p class='ocr_par' dir='ltr' id='par_1_105' title="bbox 2107 2538 2317 2587">
     <span class='ocr_line' id='line_1_107' title="bbox 2107 2538 2317 2587; baseline -0.014 0"><span class='ocrx_word' id='word_1_705' title='bbox 2107 2538 2317 2587; x_wconf 88' lang='lat' dir='ltr'>tiones.</span> 
     </span>
    </p>
   </div>
   <div class='ocr_carea' id='block_1_106' title="bbox 2183 2605 3759 2676">
    <p class='ocr_par' dir='ltr' id='par_1_106' title="bbox 2183 2605 3759 2676">
     <span class='ocr_line' id='line_1_108' title="bbox 2183 2605 3759 2676; baseline 0.002 -19"><span class='ocrx_word' id='word_1_706' title='bbox 2183 2605 2376 2675; x_wconf 88' lang='lat' dir='ltr'>Longe</span> <span class='ocrx_word' id='word_1_707' title='bbox 2406 2609 2602 2658; x_wconf 90' lang='lat' dir='ltr'>autem</span> <span class='ocrx_word' id='word_1_708' title='bbox 2637 2605 2907 2674; x_wconf 91' lang='lat' dir='ltr'>pluribus</span> <span class='ocrx_word' id='word_1_709' title='bbox 2937 2605 3326 2676; x_wconf 90' lang='lat' dir='ltr'>scriptoribus</span> <span class='ocrx_word' id='word_1_710' title='bbox 3344 2606 3579 2661; x_wconf 64' lang='lat' dir='ltr'>Thomas</span> <span class='ocrx_word' id='word_1_711' title='bbox 3600 2623 3759 2662; x_wconf 81' lang='lat' dir='ltr'>mar-</span> 
     </span>
    </p>
   </div>
   <div class='ocr_carea' id='block_1_107' title="bbox 2109 2676 3758 2746">
    <p class='ocr_par' dir='ltr' id='par_1_107' title="bbox 2109 2676 3758 2746">
     <span class='ocr_line' id='line_1_109' title="bbox 2109 2676 3758 2746; baseline 0.002 -16"><span class='ocrx_word' id='word_1_712' title='bbox 2109 2676 2324 2746; x_wconf 89' lang='lat' dir='ltr'>tyrium</span> <span class='ocrx_word' id='word_1_713' title='bbox 2367 2676 2662 2744; x_wconf 87' lang='lat' dir='ltr'>probatur.</span> <span class='ocrx_word' id='word_1_714' title='bbox 2697 2678 3104 2732; x_wconf 91' lang='lat' dir='ltr'>Theodoretus</span> <span class='ocrx_word' id='word_1_715' title='bbox 3125 2678 3280 2732; x_wconf 88' lang='lat' dir='ltr'>enim</span> <span class='ocrx_word' id='word_1_716' title='bbox 3308 2677 3472 2732; x_wconf 89' lang='lat' dir='ltr'>illum</span> <span class='ocrx_word' id='word_1_717' title='bbox 3499 2677 3758 2733; x_wconf 84' lang='lat' dir='ltr'>celeber-</span> 
     </span>
    </p>
   </div>
   <div class='ocr_carea' id='block_1_108' title="bbox 2110 2747 3762 2819">
    <p class='ocr_par' dir='ltr' id='par_1_108' title="bbox 2110 2747 3762 2819">
     <span class='ocr_line' id='line_1_110' title="bbox 2110 2747 3762 2819; baseline 0.004 -19"><span class='ocrx_word' id='word_1_718' title='bbox 2110 2747 2276 2801; x_wconf 89' lang='lat' dir='ltr'>rimis</span> <span class='ocrx_word' id='word_1_719' title='bbox 2307 2748 2666 2819; x_wconf 77' lang='lat' dir='ltr'>martyribus</span> <span class='ocrx_word' id='word_1_720' title='bbox 2696 2750 2778 2802; x_wconf 91' lang='lat' dir='ltr'>sic</span> <span class='ocrx_word' id='word_1_721' title='bbox 2808 2750 3213 2804; x_wconf 73' lang='lat' dir='ltr'>annumerat93</span> <span class='ocrx_word' id='word_1_722' title='bbox 3245 2765 3256 2802; x_wconf 92' lang='lat'>:</span> <span class='ocrx_word' id='word_1_723' title='bbox 3290 2771 3316 2797; x_wconf 94' lang='grc'>‹‹</span> <span class='ocrx_word' id='word_1_724' title='bbox 3353 2749 3460 2803; x_wconf 89' lang='lat' dir='ltr'>Pro</span> <span class='ocrx_word' id='word_1_725' title='bbox 3500 2751 3762 2814; x_wconf 81' lang='lat' dir='ltr'>Pandiis,</span> 
     </span>
    </p>
   </div>
   <div class='ocr_carea' id='block_1_109' title="bbox 2109 2819 3760 2891">
    <p class='ocr_par' dir='ltr' id='par_1_109' title="bbox 2109 2819 3760 2891">
     <span class='ocr_line' id='line_1_111' title="bbox 2109 2819 3760 2891; baseline 0.002 -19"><span class='ocrx_word' id='word_1_726' title='bbox 2109 2819 2464 2891; x_wconf 85' lang='lat' dir='ltr'>Diasiisque,</span> <span class='ocrx_word' id='word_1_727' title='bbox 2492 2836 2556 2872; x_wconf 88' lang='lat' dir='ltr'>ac</span> <span class='ocrx_word' id='word_1_728' title='bbox 2579 2821 2893 2891; x_wconf 90' lang='lat' dir='ltr'>Dionysiis,</span> <span class='ocrx_word' id='word_1_729' title='bbox 2918 2828 2972 2874; x_wconf 92' lang='lat' dir='ltr'>et</span> <span class='ocrx_word' id='word_1_730' title='bbox 2990 2819 3118 2874; x_wconf 86' lang='lat' dir='ltr'>aliis</span> <span class='ocrx_word' id='word_1_731' title='bbox 3143 2820 3308 2874; x_wconf 81' lang='lat' dir='ltr'>festis</span> <span class='ocrx_word' id='word_1_732' title='bbox 3326 2821 3555 2886; x_wconf 89' lang='lat' dir='ltr'>vestris,</span> <span class='ocrx_word' id='word_1_733' title='bbox 3584 2823 3760 2888; x_wconf 89' lang='lat' dir='ltr'>Petri,</span> 
     </span>
    </p>
   </div>
   <div class='ocr_carea' id='block_1_110' title="bbox 2110 2890 3761 2961">
    <p class='ocr_par' dir='ltr' id='par_1_110' title="bbox 2110 2890 3761 2961">
     <span class='ocr_line' id='line_1_112' title="bbox 2110 2890 3761 2961; baseline 0.002 -18"><span class='ocrx_word' id='word_1_734' title='bbox 2110 2895 2167 2944; x_wconf 90' lang='lat' dir='ltr'>et</span> <span class='ocrx_word' id='word_1_735' title='bbox 2187 2890 2369 2959; x_wconf 80' lang='lat' dir='ltr'>Pauli,</span> <span class='ocrx_word' id='word_1_736' title='bbox 2396 2895 2452 2944; x_wconf 89' lang='lat' dir='ltr'>et</span> <span class='ocrx_word' id='word_1_737' title='bbox 2472 2891 2706 2946; x_wconf 59' lang='lat' dir='ltr'>Thomas</span> <span class='ocrx_word' id='word_1_738' title='bbox 2729 2890 2786 2946; x_wconf 85' lang='lat' dir='ltr'>et</span> <span class='ocrx_word' id='word_1_739' title='bbox 2821 2892 3028 2961; x_wconf 83' lang='lat' dir='ltr'>Sergii,</span> <span class='ocrx_word' id='word_1_740' title='bbox 3077 2897 3130 2945; x_wconf 88' lang='lat' dir='ltr'>et</span> <span class='ocrx_word' id='word_1_741' title='bbox 3173 2891 3450 2960; x_wconf 86' lang='lat' dir='ltr'>Marcelii,</span> <span class='ocrx_word' id='word_1_742' title='bbox 3486 2898 3541 2945; x_wconf 83' lang='lat' dir='ltr'>et</span> <span class='ocrx_word' id='word_1_743' title='bbox 3567 2893 3761 2947; x_wconf 82' lang='lat' dir='ltr'>Leon-</span> 
     </span>
    </p>
   </div>
   <div class='ocr_carea' id='block_1_111' title="bbox 2110 2961 3758 3032">
    <p class='ocr_par' dir='ltr' id='par_1_111' title="bbox 2110 2961 3758 3032">
     <span class='ocr_line' id='line_1_113' title="bbox 2110 2961 3758 3032; baseline 0.003 -18"><span class='ocrx_word' id='word_1_744' title='bbox 2110 2962 2172 3015; x_wconf 91' lang='lat' dir='ltr'>tii</span> <span class='ocrx_word' id='word_1_745' title='bbox 2206 2966 2263 3014; x_wconf 87' lang='lat' dir='ltr'>et</span> <span class='ocrx_word' id='word_1_746' title='bbox 2295 2961 2781 3030; x_wconf 87' lang='lat' dir='ltr'>Pantaleemonis,</span> <span class='ocrx_word' id='word_1_747' title='bbox 2813 2968 2870 3017; x_wconf 90' lang='lat' dir='ltr'>et</span> <span class='ocrx_word' id='word_1_748' title='bbox 2894 2963 3186 3032; x_wconf 81' lang='lat' dir='ltr'>Antonini,</span> <span class='ocrx_word' id='word_1_749' title='bbox 3209 2968 3264 3018; x_wconf 87' lang='lat' dir='ltr'>et</span> <span class='ocrx_word' id='word_1_750' title='bbox 3293 2964 3579 3031; x_wconf 84' lang='lat' dir='ltr'>Mauricii,</span> <span class='ocrx_word' id='word_1_751' title='bbox 3611 2964 3758 3019; x_wconf 91' lang='lat' dir='ltr'>alio-</span> 
     </span>
    </p>
   </div>
   <div class='ocr_carea' id='block_1_112' title="bbox 2110 3034 3757 3105">
    <p class='ocr_par' dir='ltr' id='par_1_112' title="bbox 2110 3034 3757 3105">
     <span class='ocr_line' id='line_1_114' title="bbox 2110 3034 3757 3105; baseline 0.002 -19"><span class='ocrx_word' id='word_1_752' title='bbox 2110 3049 2360 3103; x_wconf 90' lang='lat' dir='ltr'>rumque</span> <span class='ocrx_word' id='word_1_753' title='bbox 2396 3040 2721 3105; x_wconf 89' lang='lat' dir='ltr'>martyrum</span> <span class='ocrx_word' id='word_1_754' title='bbox 2743 3034 3142 3090; x_wconf 86' lang='lat' dir='ltr'>solemnitates</span> <span class='ocrx_word' id='word_1_755' title='bbox 3168 3037 3757 3105; x_wconf 79' lang='lat' dir='ltr'>peraguntur.»Gau-</span> 
     </span>
    </p>
   </div>
   <div class='ocr_carea' id='block_1_113' title="bbox 2113 3105 3758 3177">
    <p class='ocr_par' dir='ltr' id='par_1_113' title="bbox 2113 3105 3758 3177">
     <span class='ocr_line' id='line_1_115' title="bbox 2113 3105 3758 3177; baseline 0.002 -18"><span class='ocrx_word' id='word_1_756' title='bbox 2113 3105 2346 3177; x_wconf 84' lang='lat' dir='ltr'>dentius</span> <span class='ocrx_word' id='word_1_757' title='bbox 2381 3121 2612 3174; x_wconf 73' lang='lat' dir='ltr'>quoque</span> <span class='ocrx_word' id='word_1_758' title='bbox 2643 3107 2958 3177; x_wconf 86' lang='lat' dir='ltr'>episcopus</span> <span class='ocrx_word' id='word_1_759' title='bbox 3003 3107 3315 3161; x_wconf 85' lang='lat' dir='ltr'>Brixiensis</span> <span class='ocrx_word' id='word_1_760' title='bbox 3337 3108 3382 3141; x_wconf 64' lang='grc' dir='ltr'>οι</span> <span class='ocrx_word' id='word_1_761' title='bbox 3411 3123 3422 3160; x_wconf 90' lang='lat'>:</span> <span class='ocrx_word' id='word_1_762' title='bbox 3453 3128 3479 3154; x_wconf 75' lang='grc' dir='ltr'>ε(</span> <span class='ocrx_word' id='word_1_763' title='bbox 3513 3107 3758 3175; x_wconf 87' lang='lat' dir='ltr'>Horum,</span> 
     </span>
    </p>
   </div>
   <div class='ocr_carea' id='block_1_114' title="bbox 2114 3175 3760 3248">
    <p class='ocr_par' dir='ltr' id='par_1_114' title="bbox 2114 3175 3760 3248">
     <span class='ocr_line' id='line_1_116' title="bbox 2114 3175 3760 3248; baseline 0.003 -19"><span class='ocrx_word' id='word_1_764' title='bbox 2114 3175 2326 3248; x_wconf 86' lang='lat' dir='ltr'>inquit,</span> <span class='ocrx_word' id='word_1_765' title='bbox 2361 3181 2614 3245; x_wconf 85' lang='lat' dir='ltr'>quatuor</span> <span class='ocrx_word' id='word_1_766' title='bbox 2660 3175 2859 3233; x_wconf 79' lang='lat' dir='ltr'>beatas</span> <span class='ocrx_word' id='word_1_767' title='bbox 2909 3177 3196 3233; x_wconf 79' lang='lat' dir='ltr'>habemus</span> <span class='ocrx_word' id='word_1_768' title='bbox 3228 3179 3285 3232; x_wconf 87' lang='lat' dir='ltr'>in</span> <span class='ocrx_word' id='word_1_769' title='bbox 3322 3180 3588 3248; x_wconf 67' lang='lat' dir='ltr'>praesenti</span> <span class='ocrx_word' id='word_1_770' title='bbox 3623 3179 3760 3234; x_wconf 91' lang='lat' dir='ltr'>reli-</span> 
     </span>
    </p>
   </div>
   <div class='ocr_carea' id='block_1_115' title="bbox 2033 3247 3758 3323">
    <p class='ocr_par' dir='ltr' id='par_1_115' title="bbox 2033 3247 3758 3323">
     <span class='ocr_line' id='line_1_117' title="bbox 2033 3247 3758 3323; baseline 0.003 -23"><span class='ocrx_word' id='word_1_771' title='bbox 2033 3258 2075 3323; x_wconf 73' lang='lat' dir='ltr'>c</span> <span class='ocrx_word' id='word_1_772' title='bbox 2113 3247 2302 3323; x_wconf 82' lang='lat' dir='ltr'>quies,</span> <span class='ocrx_word' id='word_1_773' title='bbox 2338 3248 2436 3323; x_wconf 83' lang='lat' dir='ltr'>qui</span> <span class='ocrx_word' id='word_1_774' title='bbox 2467 3250 2876 3323; x_wconf 68' lang='lat' dir='ltr'>regnumDei,</span> <span class='ocrx_word' id='word_1_775' title='bbox 2911 3257 2968 3304; x_wconf 91' lang='lat' dir='ltr'>et</span> <span class='ocrx_word' id='word_1_776' title='bbox 3013 3247 3758 3320; x_wconf 14' lang='lat' dir='ltr'>justitiam,praidicantes,</span> 
     </span>
    </p>
   </div>
   <div class='ocr_carea' id='block_1_116' title="bbox 2116 3318 3761 3393">
    <p class='ocr_par' dir='ltr' id='par_1_116' title="bbox 2116 3318 3761 3393">
     <span class='ocr_line' id='line_1_118' title="bbox 2116 3318 3761 3393; baseline 0.003 -20"><span class='ocrx_word' id='word_1_777' title='bbox 2116 3321 2187 3373; x_wconf 88' lang='lat' dir='ltr'>ab</span> <span class='ocrx_word' id='word_1_778' title='bbox 2222 3318 2625 3393; x_wconf 83' lang='lat' dir='ltr'>increduliset</span> <span class='ocrx_word' id='word_1_779' title='bbox 2660 3321 2879 3393; x_wconf 91' lang='lat' dir='ltr'>iniquis</span> <span class='ocrx_word' id='word_1_780' title='bbox 2910 3323 3110 3382; x_wconf 79' lang='lat' dir='ltr'>occisi,</span> <span class='ocrx_word' id='word_1_781' title='bbox 3147 3327 3256 3376; x_wconf 90' lang='lat' dir='ltr'>Deo</span> <span class='ocrx_word' id='word_1_782' title='bbox 3307 3318 3538 3392; x_wconf 80' lang='lat' dir='ltr'>semper</span> <span class='ocrx_word' id='word_1_783' title='bbox 3568 3318 3761 3378; x_wconf 88' lang='lat' dir='ltr'>vivere</span> 
     </span>
    </p>
   </div>
   <div class='ocr_carea' id='block_1_117' title="bbox 2113 3391 3763 3463">
    <p class='ocr_par' dir='ltr' id='par_1_117' title="bbox 2113 3391 3763 3463">
     <span class='ocr_line' id='line_1_119' title="bbox 2113 3391 3763 3463; baseline 0.004 -20"><span class='ocrx_word' id='word_1_784' title='bbox 2113 3391 2516 3460; x_wconf 90' lang='lat' dir='ltr'>operationum</span> <span class='ocrx_word' id='word_1_785' title='bbox 2581 3391 2822 3447; x_wconf 81' lang='lat' dir='ltr'>suarum</span> <span class='ocrx_word' id='word_1_786' title='bbox 2884 3394 3201 3448; x_wconf 87' lang='lat' dir='ltr'>virtutibus</span> <span class='ocrx_word' id='word_1_787' title='bbox 3258 3391 3763 3463; x_wconf 84' lang='lat' dir='ltr'>demonstrantur,</span> 
     </span>
    </p>
   </div>
   <div class='ocr_carea' id='block_1_118' title="bbox 2112 3464 3759 3536">
    <p class='ocr_par' dir='ltr' id='par_1_118' title="bbox 2112 3464 3759 3536">
     <span class='ocr_line' id='line_1_120' title="bbox 2112 3464 3759 3536; baseline 0.003 -20"><span class='ocrx_word' id='word_1_788' title='bbox 2112 3466 2371 3536; x_wconf 74' lang='lat' dir='ltr'>Joannes</span> <span class='ocrx_word' id='word_1_789' title='bbox 2403 3464 2461 3518; x_wconf 93' lang='lat' dir='ltr'>in</span> <span class='ocrx_word' id='word_1_790' title='bbox 2494 3464 2810 3536; x_wconf 87' lang='lat' dir='ltr'>Sebastena</span> <span class='ocrx_word' id='word_1_791' title='bbox 2858 3467 3001 3519; x_wconf 88' lang='lat' dir='ltr'>urbe</span> <span class='ocrx_word' id='word_1_792' title='bbox 3053 3465 3361 3536; x_wconf 77' lang='lat' dir='ltr'>provincia:</span> <span class='ocrx_word' id='word_1_793' title='bbox 3414 3464 3759 3535; x_wconf 48' lang='lat' dir='ltr'>Palestina,</span> 
     </span>
    </p>
   </div>
   <div class='ocr_carea' id='block_1_119' title="bbox 2114 3535 3763 3605">
    <p class='ocr_par' dir='ltr' id='par_1_119' title="bbox 2114 3535 3763 3605">
     <span class='ocr_line' id='line_1_121' title="bbox 2114 3535 3763 3605; baseline 0.003 -16"><span class='ocrx_word' id='word_1_794' title='bbox 2114 3535 2373 3589; x_wconf 90' lang='lat' dir='ltr'>Thomas</span> <span class='ocrx_word' id='word_1_795' title='bbox 2394 3536 2547 3604; x_wconf 88' lang='lat' dir='ltr'>apud</span> <span class='ocrx_word' id='word_1_796' title='bbox 2570 3535 3038 3600; x_wconf 86' lang='lat' dir='ltr'>Indos,Andreas</span> <span class='ocrx_word' id='word_1_797' title='bbox 3055 3535 3114 3592; x_wconf 83' lang='lat' dir='ltr'>et</span> <span class='ocrx_word' id='word_1_798' title='bbox 3134 3538 3323 3591; x_wconf 88' lang='lat' dir='ltr'>Lucas</span> <span class='ocrx_word' id='word_1_799' title='bbox 3363 3538 3515 3605; x_wconf 90' lang='lat' dir='ltr'>apud</span> <span class='ocrx_word' id='word_1_800' title='bbox 3561 3539 3763 3594; x_wconf 86' lang='lat' dir='ltr'>Patras</span> 
     </span>
    </p>
   </div>
   <div class='ocr_carea' id='block_1_120' title="bbox 2113 3605 3764 3665">
    <p class='ocr_par' dir='ltr' id='par_1_120' title="bbox 2113 3605 3764 3665">
     <span class='ocr_line' id='line_1_122' title="bbox 2113 3605 3764 3665; baseline 0.002 -5"><span class='ocrx_word' id='word_1_801' title='bbox 2113 3606 2343 3660; x_wconf 66' lang='lat' dir='ltr'>Achaiae</span> <span class='ocrx_word' id='word_1_802' title='bbox 2401 3605 2692 3662; x_wconf 89' lang='lat' dir='ltr'>civitatem</span> <span class='ocrx_word' id='word_1_803' title='bbox 2739 3608 3131 3663; x_wconf 85' lang='lat' dir='ltr'>consummati</span> <span class='ocrx_word' id='word_1_804' title='bbox 3167 3610 3517 3663; x_wconf 77' lang='lat' dir='ltr'>referuntur.</span> <span class='ocrx_word' id='word_1_805' title='bbox 3564 3630 3591 3658; x_wconf 88' lang='grc'><strong>››</strong></span> <span class='ocrx_word' id='word_1_806' title='bbox 3648 3610 3764 3665; x_wconf 90' lang='lat' dir='ltr'>Nec</span> 
     </span>
    </p>
   </div>
   <div class='ocr_carea' id='block_1_121' title="bbox 2115 3677 3760 3752">
    <p class='ocr_par' dir='ltr' id='par_1_121' title="bbox 2115 3677 3760 3752">
     <span class='ocr_line' id='line_1_123' title="bbox 2115 3677 3760 3752; baseline 0.002 -20"><span class='ocrx_word' id='word_1_807' title='bbox 2115 3678 2232 3752; x_wconf 66' lang='lat' dir='ltr'>alie</span> <span class='ocrx_word' id='word_1_808' title='bbox 2253 3677 2698 3752; x_wconf 72' lang='lat' dir='ltr'>planeabsimili</span> <span class='ocrx_word' id='word_1_809' title='bbox 2727 3681 2895 3734; x_wconf 87' lang='lat' dir='ltr'>modo</span> <span class='ocrx_word' id='word_1_810' title='bbox 2929 3679 3096 3752; x_wconf 84' lang='lat' dir='ltr'>Nilus</span> <span class='ocrx_word' id='word_1_811' title='bbox 3133 3682 3286 3752; x_wconf 89' lang='lat' dir='ltr'>apud</span> <span class='ocrx_word' id='word_1_812' title='bbox 3306 3680 3578 3752; x_wconf 87' lang='lat' dir='ltr'>Photium</span> <span class='ocrx_word' id='word_1_813' title='bbox 3595 3681 3760 3736; x_wconf 72' lang='lat' dir='ltr'>ait“:</span> 
     </span>
    </p>
   </div>
   <div class='ocr_carea' id='block_1_122' title="bbox 2120 3748 3763 3821">
    <p class='ocr_par' dir='ltr' id='par_1_122' title="bbox 2120 3748 3763 3821">
     <span class='ocr_line' id='line_1_124' title="bbox 2120 3748 3763 3821; baseline 0.007 -24"><span class='ocrx_word' id='word_1_814' title='bbox 2120 3748 2474 3804; x_wconf 74' lang='lat' dir='ltr'>«Vindemia</span> <span class='ocrx_word' id='word_1_815' title='bbox 2497 3752 2809 3821; x_wconf 89' lang='lat' dir='ltr'>decerptus</span> <span class='ocrx_word' id='word_1_816' title='bbox 2833 3755 2922 3803; x_wconf 88' lang='lat' dir='ltr'>est</span> <span class='ocrx_word' id='word_1_817' title='bbox 2948 3748 3188 3820; x_wconf 56' lang='lat' dir='ltr'>Paulus;</span> <span class='ocrx_word' id='word_1_818' title='bbox 3223 3757 3280 3807; x_wconf 89' lang='lat' dir='ltr'>et</span> <span class='ocrx_word' id='word_1_819' title='bbox 3307 3751 3457 3806; x_wconf 86' lang='lat' dir='ltr'>alius</span> <span class='ocrx_word' id='word_1_820' title='bbox 3494 3769 3763 3808; x_wconf 89' lang='lat' dir='ltr'>racemus</span> 
     </span>
    </p>
   </div>
   <div class='ocr_carea' id='block_1_123' title="bbox 2117 3821 3764 3897">
    <p class='ocr_par' dir='ltr' id='par_1_123' title="bbox 2117 3821 3764 3897">
     <span class='ocr_line' id='line_1_125' title="bbox 2117 3821 3764 3897; baseline 0.003 -23"><span class='ocrx_word' id='word_1_821' title='bbox 2117 3821 2824 3897; x_wconf 14' lang='lat' dir='ltr'>martyrioimaturescens</span> <span class='ocrx_word' id='word_1_822' title='bbox 2839 3822 3097 3897; x_wconf 86' lang='lat' dir='ltr'>Thomas</span> <span class='ocrx_word' id='word_1_823' title='bbox 3120 3823 3470 3897; x_wconf 43' lang='lat' dir='ltr'>apparuit.»</span> <span class='ocrx_word' id='word_1_824' title='bbox 3497 3823 3550 3878; x_wconf 91' lang='lat' dir='ltr'>Is</span> <span class='ocrx_word' id='word_1_825' title='bbox 3569 3829 3764 3881; x_wconf 89' lang='lat' dir='ltr'>autem</span> 
     </span>
    </p>
   </div>
   <div class='ocr_carea' id='block_1_124' title="bbox 2115 3895 3764 3969">
    <p class='ocr_par' dir='ltr' id='par_1_124' title="bbox 2115 3895 3764 3969">
     <span class='ocr_line' id='line_1_126' title="bbox 2115 3895 3764 3969; baseline 0.003 -23"><span class='ocrx_word' id='word_1_826' title='bbox 2115 3895 2452 3969; x_wconf 34' lang='lat' dir='ltr'>cumiPaulo</span> <span class='ocrx_word' id='word_1_827' title='bbox 2475 3895 2854 3969; x_wconf 82' lang='lat' dir='ltr'>adjungatur,</span> <span class='ocrx_word' id='word_1_828' title='bbox 2885 3895 3078 3966; x_wconf 89' lang='lat' dir='ltr'>ipsum</span> <span class='ocrx_word' id='word_1_829' title='bbox 3113 3911 3367 3969; x_wconf 74' lang='lat' dir='ltr'>quoque,</span> <span class='ocrx_word' id='word_1_830' title='bbox 3400 3896 3471 3969; x_wconf 81' lang='lat' dir='ltr'>de</span> <span class='ocrx_word' id='word_1_831' title='bbox 3503 3913 3619 3969; x_wconf 84' lang='lat' dir='ltr'>quo</span> <span class='ocrx_word' id='word_1_832' title='bbox 3647 3897 3764 3969; x_wconf 88' lang='lat' dir='ltr'>agi-</span> 
     </span>
    </p>
   </div>
   <div class='ocr_carea' id='block_1_125' title="bbox 2115 3964 3763 4038">
    <p class='ocr_par' dir='ltr' id='par_1_125' title="bbox 2115 3964 3763 4038">
     <span class='ocr_line' id='line_1_127' title="bbox 2115 3964 3763 4038; baseline 0.004 -20"><span class='ocrx_word' id='word_1_833' title='bbox 2115 3969 2230 4030; x_wconf 89' lang='lat' dir='ltr'>tur,</span> <span class='ocrx_word' id='word_1_834' title='bbox 2263 3964 2544 4038; x_wconf 86' lang='lat' dir='ltr'>Thomam</span> <span class='ocrx_word' id='word_1_835' title='bbox 2578 3964 2926 4036; x_wconf 74' lang='lat' dir='ltr'>apostolum</span> <span class='ocrx_word' id='word_1_836' title='bbox 2958 3983 3090 4022; x_wconf 86' lang='lat' dir='ltr'>esse</span> <span class='ocrx_word' id='word_1_837' title='bbox 3130 3964 3270 4038; x_wconf 82' lang='lat' dir='ltr'>quis</span> <span class='ocrx_word' id='word_1_838' title='bbox 3305 3967 3412 4038; x_wconf 88' lang='lat' dir='ltr'>sibi</span> <span class='ocrx_word' id='word_1_839' title='bbox 3451 3964 3615 4023; x_wconf 80' lang='lat' dir='ltr'>facile</span> <span class='ocrx_word' id='word_1_840' title='bbox 3649 3964 3763 4024; x_wconf 75' lang='lat' dir='ltr'>non</span> 
     </span>
    </p>
   </div>
   <div class='ocr_carea' id='block_1_126' title="bbox 2115 4037 3766 4109">
    <p class='ocr_par' dir='ltr' id='par_1_126' title="bbox 2115 4037 3766 4109">
     <span class='ocr_line' id='line_1_128' title="bbox 2115 4037 3766 4109; baseline 0.003 -19"><span class='ocrx_word' id='word_1_841' title='bbox 2115 4037 2504 4109; x_wconf 82' lang='lat' dir='ltr'>persuadeat?</span> <span class='ocrx_word' id='word_1_842' title='bbox 2535 4038 2680 4102; x_wconf 88' lang='lat' dir='ltr'>Quid</span> <span class='ocrx_word' id='word_1_843' title='bbox 2714 4055 2870 4102; x_wconf 84' lang='lat' dir='ltr'>vero,</span> <span class='ocrx_word' id='word_1_844' title='bbox 2920 4039 3076 4109; x_wconf 92' lang='lat' dir='ltr'>quod</span> <span class='ocrx_word' id='word_1_845' title='bbox 3120 4037 3766 4109; x_wconf 10' lang='lat' dir='ltr'>G’regoriusrTuronen-</span> 
     </span>
    </p>
   </div>
   <div class='ocr_carea' id='block_1_127' title="bbox 2117 4107 3764 4179">
    <p class='ocr_par' dir='ltr' id='par_1_127' title="bbox 2117 4107 3764 4179">
     <span class='ocr_line' id='line_1_129' title="bbox 2117 4107 3764 4179; baseline 0.001 -17"><span class='ocrx_word' id='word_1_846' title='bbox 2117 4107 2200 4162; x_wconf 86' lang='lat' dir='ltr'>sis</span> <span class='ocrx_word' id='word_1_847' title='bbox 2224 4108 2266 4142; x_wconf 79' lang='grc'><strong>⁹⁶</strong></span> <span class='ocrx_word' id='word_1_848' title='bbox 2297 4110 2366 4162; x_wconf 91' lang='lat' dir='ltr'>de</span> <span class='ocrx_word' id='word_1_849' title='bbox 2399 4111 2680 4178; x_wconf 86' lang='lat' dir='ltr'>martyrio</span> <span class='ocrx_word' id='word_1_850' title='bbox 2713 4111 2842 4178; x_wconf 87' lang='lat' dir='ltr'>ejus</span> <span class='ocrx_word' id='word_1_851' title='bbox 2879 4131 2904 4162; x_wconf 78' lang='grc' dir='ltr'><strong>α</strong></span> <span class='ocrx_word' id='word_1_852' title='bbox 2929 4107 2996 4164; x_wconf 83' lang='lat' dir='ltr'>ex</span> <span class='ocrx_word' id='word_1_853' title='bbox 3028 4107 3324 4179; x_wconf 87' lang='lat' dir='ltr'>passionis</span> <span class='ocrx_word' id='word_1_854' title='bbox 3349 4131 3376 4156; x_wconf 83' lang='lat'>»</span> <span class='ocrx_word' id='word_1_855' title='bbox 3402 4108 3561 4164; x_wconf 91' lang='lat' dir='ltr'>illius</span> <span class='ocrx_word' id='word_1_856' title='bbox 3587 4110 3764 4166; x_wconf 88' lang='lat' dir='ltr'>histo-</span> 
     </span>
    </p>
   </div>
   <div class='ocr_carea' id='block_1_128' title="bbox 2116 4179 3761 4250">
    <p class='ocr_par' dir='ltr' id='par_1_128' title="bbox 2116 4179 3761 4250">
     <span class='ocr_line' id='line_1_130' title="bbox 2116 4179 3761 4250; baseline 0.003 -18"><span class='ocrx_word' id='word_1_857' title='bbox 2116 4179 2223 4250; x_wconf 88' lang='lat' dir='ltr'>ria,</span> <span class='ocrx_word' id='word_1_858' title='bbox 2257 4195 2434 4248; x_wconf 90' lang='lat' dir='ltr'>quam</span> <span class='ocrx_word' id='word_1_859' title='bbox 2469 4180 2623 4234; x_wconf 89' lang='lat' dir='ltr'>haud</span> <span class='ocrx_word' id='word_1_860' title='bbox 2659 4181 2835 4236; x_wconf 88' lang='lat' dir='ltr'>dubie</span> <span class='ocrx_word' id='word_1_861' title='bbox 2868 4180 3108 4250; x_wconf 82' lang='lat' dir='ltr'>legerat,</span> <span class='ocrx_word' id='word_1_862' title='bbox 3143 4181 3249 4234; x_wconf 93' lang='lat' dir='ltr'>hoc</span> <span class='ocrx_word' id='word_1_863' title='bbox 3281 4179 3450 4234; x_wconf 86' lang='lat' dir='ltr'>nobis</span> <span class='ocrx_word' id='word_1_864' title='bbox 3474 4181 3761 4250; x_wconf 89' lang='lat' dir='ltr'>scriptum</span> 
     </span>
    </p>
   </div>
   <div class='ocr_carea' id='block_1_129' title="bbox 2116 4249 3764 4322">
    <p class='ocr_par' dir='ltr' id='par_1_129' title="bbox 2116 4249 3764 4322">
     <span class='ocr_line' id='line_1_131' title="bbox 2116 4249 3764 4322; baseline 0.004 -19"><span class='ocrx_word' id='word_1_865' title='bbox 2116 4249 2400 4322; x_wconf 82' lang='lat' dir='ltr'>reliquit?</span> <span class='ocrx_word' id='word_1_866' title='bbox 2433 4273 2458 4299; x_wconf 93' lang='grc'><em>‹‹</em></span> <span class='ocrx_word' id='word_1_867' title='bbox 2491 4251 2748 4306; x_wconf 88' lang='lat' dir='ltr'>Thomas</span> <span class='ocrx_word' id='word_1_868' title='bbox 2780 4251 3082 4322; x_wconf 87' lang='lat' dir='ltr'>apostolus</span> <span class='ocrx_word' id='word_1_869' title='bbox 3116 4252 3435 4305; x_wconf 90' lang='lat' dir='ltr'>secundum</span> <span class='ocrx_word' id='word_1_870' title='bbox 3470 4249 3764 4322; x_wconf 84' lang='lat' dir='ltr'>passionis</span> 
     </span>
    </p>
   </div>
   <div class='ocr_carea' id='block_1_130' title="bbox 2116 4321 3762 4392">
    <p class='ocr_par' dir='ltr' id='par_1_130' title="bbox 2116 4321 3762 4392">
     <span class='ocr_line' id='line_1_132' title="bbox 2116 4321 3762 4392; baseline 0.002 -20"><span class='ocrx_word' id='word_1_871' title='bbox 2116 4321 2245 4391; x_wconf 80' lang='lat' dir='ltr'>ejus</span> <span class='ocrx_word' id='word_1_872' title='bbox 2302 4322 2632 4385; x_wconf 89' lang='lat' dir='ltr'>historiam,</span> <span class='ocrx_word' id='word_1_873' title='bbox 2669 4323 2723 4375; x_wconf 91' lang='lat' dir='ltr'>in</span> <span class='ocrx_word' id='word_1_874' title='bbox 2761 4321 2924 4377; x_wconf 15' lang='lat' dir='ltr'>Inidia</span> <span class='ocrx_word' id='word_1_875' title='bbox 2958 4339 3168 4392; x_wconf 85' lang='lat' dir='ltr'>passus</span> <span class='ocrx_word' id='word_1_876' title='bbox 3199 4338 3324 4376; x_wconf 85' lang='lat' dir='ltr'>esse</span> <span class='ocrx_word' id='word_1_877' title='bbox 3356 4321 3710 4380; x_wconf 80' lang='lat' dir='ltr'>declaratur.</span> <span class='ocrx_word' id='word_1_878' title='bbox 3735 4349 3762 4376; x_wconf 88' lang='grc'>››</span> 
     </span>
    </p>
   </div>
   <div class='ocr_carea' id='block_1_131' title="bbox 2115 4394 3767 4458">
    <p class='ocr_par' dir='ltr' id='par_1_131' title="bbox 2115 4394 3767 4458">
     <span class='ocr_line' id='line_1_133' title="bbox 2115 4394 3767 4458; baseline 0.004 -12"><span class='ocrx_word' id='word_1_879' title='bbox 2115 4395 2297 4458; x_wconf 90' lang='lat' dir='ltr'>Quem</span> <span class='ocrx_word' id='word_1_880' title='bbox 2329 4394 2386 4447; x_wconf 92' lang='lat' dir='ltr'>in</span> <span class='ocrx_word' id='word_1_881' title='bbox 2421 4394 2611 4450; x_wconf 85' lang='lat' dir='ltr'>locum</span> <span class='ocrx_word' id='word_1_882' title='bbox 2647 4394 2862 4449; x_wconf 90' lang='lat' dir='ltr'>videsis</span> <span class='ocrx_word' id='word_1_883' title='bbox 2883 4394 3175 4449; x_wconf 80' lang='lat' dir='ltr'>Ruinartii</span> <span class='ocrx_word' id='word_1_884' title='bbox 3203 4395 3384 4449; x_wconf 90' lang='lat' dir='ltr'>nostri</span> <span class='ocrx_word' id='word_1_885' title='bbox 3413 4395 3767 4453; x_wconf 85' lang='lat' dir='ltr'>observatio-</span> 
     </span>
    </p>
   </div>
   <div class='ocr_carea' id='block_1_132' title="bbox 2116 4481 2240 4520">
    <p class='ocr_par' dir='ltr' id='par_1_132' title="bbox 2116 4481 2240 4520">
     <span class='ocr_line' id='line_1_134' title="bbox 2116 4481 2240 4520; baseline -0.024 0"><span class='ocrx_word' id='word_1_886' title='bbox 2116 4481 2240 4520; x_wconf 90' lang='lat' dir='ltr'>nes.</span> 
     </span>
    </p>
   </div>
   <div class='ocr_carea' id='block_1_133' title="bbox 2187 4534 3764 4596">
    <p class='ocr_par' dir='ltr' id='par_1_133' title="bbox 2187 4534 3764 4596">
     <span class='ocr_line' id='line_1_135' title="bbox 2187 4534 3764 4596; baseline 0.004 -6"><span class='ocrx_word' id='word_1_887' title='bbox 2187 4534 2440 4590; x_wconf 90' lang='lat' dir='ltr'>Ultimus</span> <span class='ocrx_word' id='word_1_888' title='bbox 2487 4537 2718 4590; x_wconf 85' lang='lat' dir='ltr'>tandem</span> <span class='ocrx_word' id='word_1_889' title='bbox 2761 4554 2792 4591; x_wconf 91' lang='lat' dir='ltr'>a</span> <span class='ocrx_word' id='word_1_890' title='bbox 2835 4535 3134 4594; x_wconf 89' lang='lat' dir='ltr'>Clemente</span> <span class='ocrx_word' id='word_1_891' title='bbox 3183 4535 3348 4592; x_wconf 83' lang='lat' dir='ltr'>Levis</span> <span class='ocrx_word' id='word_1_892' title='bbox 3383 4544 3764 4596; x_wconf 80' lang='lat' dir='ltr'>memoratur.</span> 
     </span>
    </p>
   </div>
   <div class='ocr_carea' id='block_1_134' title="bbox 2117 4607 3768 4675">
    <p class='ocr_par' dir='ltr' id='par_1_134' title="bbox 2117 4607 3768 4675">
     <span class='ocr_line' id='line_1_136' title="bbox 2117 4607 3768 4675; baseline 0.004 -13"><span class='ocrx_word' id='word_1_893' title='bbox 2117 4607 2257 4671; x_wconf 83' lang='lat' dir='ltr'>Quis</span> <span class='ocrx_word' id='word_1_894' title='bbox 2283 4612 2476 4661; x_wconf 91' lang='lat' dir='ltr'>autem</span> <span class='ocrx_word' id='word_1_895' title='bbox 2502 4607 2598 4662; x_wconf 89' lang='lat' dir='ltr'>ille</span> <span class='ocrx_word' id='word_1_896' title='bbox 2624 4609 2819 4675; x_wconf 75' lang='lat' dir='ltr'>fuerit,</span> <span class='ocrx_word' id='word_1_897' title='bbox 2846 4610 3060 4664; x_wconf 81' lang='lat' dir='ltr'>fatetur</span> <span class='ocrx_word' id='word_1_898' title='bbox 3080 4613 3368 4663; x_wconf 86' lang='lat' dir='ltr'>Hervetus</span> <span class='ocrx_word' id='word_1_899' title='bbox 3392 4609 3502 4664; x_wconf 90' lang='lat' dir='ltr'>sibi</span> <span class='ocrx_word' id='word_1_900' title='bbox 3531 4628 3644 4666; x_wconf 91' lang='lat' dir='ltr'>non</span> <span class='ocrx_word' id='word_1_901' title='bbox 3669 4631 3768 4668; x_wconf 85' lang='lat' dir='ltr'>sa-</span> 
     </span>
    </p>
   </div>
   <div class='ocr_carea' id='block_1_135' title="bbox 2118 4679 3766 4753">
    <p class='ocr_par' dir='ltr' id='par_1_135' title="bbox 2118 4679 3766 4753">
     <span class='ocr_line' id='line_1_137' title="bbox 2118 4679 3766 4753; baseline 0.005 -22"><span class='ocrx_word' id='word_1_902' title='bbox 2118 4679 2195 4753; x_wconf 69' lang='lat' dir='ltr'>tis</span> <span class='ocrx_word' id='word_1_903' title='bbox 2217 4695 2347 4753; x_wconf 88' lang='lat' dir='ltr'>esse</span> <span class='ocrx_word' id='word_1_904' title='bbox 2370 4682 2880 4753; x_wconf 89' lang='lat' dir='ltr'>compertum;nisi</span> <span class='ocrx_word' id='word_1_905' title='bbox 2905 4682 3044 4736; x_wconf 81' lang='lat' dir='ltr'>forte</span> <span class='ocrx_word' id='word_1_906' title='bbox 3063 4682 3140 4735; x_wconf 87' lang='lat' dir='ltr'>sit</span> <span class='ocrx_word' id='word_1_907' title='bbox 3159 4681 3336 4753; x_wconf 89' lang='lat' dir='ltr'>Lebes</span> <span class='ocrx_word' id='word_1_908' title='bbox 3354 4681 3766 4753; x_wconf 89' lang='lat' dir='ltr'>episcoporum</span> 
     </span>
    </p>
   </div>
   <div class='ocr_carea' id='block_1_136' title="bbox 2116 4750 3766 4825">
    <p class='ocr_par' dir='ltr' id='par_1_136' title="bbox 2116 4750 3766 4825">
     <span class='ocr_line' id='line_1_138' title="bbox 2116 4750 3766 4825; baseline 0.004 -20"><span class='ocrx_word' id='word_1_909' title='bbox 2116 4750 2740 4825; x_wconf 77' lang='lat' dir='ltr'>Jerosolymjtanorum</span> <span class='ocrx_word' id='word_1_910' title='bbox 2759 4753 3019 4816; x_wconf 68' lang='lat' dir='ltr'>catalogo</span> <span class='ocrx_word' id='word_1_911' title='bbox 3043 4752 3426 4825; x_wconf 67' lang='lat' dir='ltr'>ascriptustt</span> <span class='ocrx_word' id='word_1_912' title='bbox 3453 4769 3511 4808; x_wconf 92' lang='lat' dir='ltr'>re</span> <span class='ocrx_word' id='word_1_913' title='bbox 3527 4750 3766 4825; x_wconf 79' lang='lat' dir='ltr'>quidem</span> 
     </span>
    </p>
   </div>
   <div class='ocr_carea' id='block_1_137' title="bbox 2119 4822 3764 4896">
    <p class='ocr_par' dir='ltr' id='par_1_137' title="bbox 2119 4822 3764 4896">
     <span class='ocr_line' id='line_1_139' title="bbox 2119 4822 3764 4896; baseline 0.003 -20"><span class='ocrx_word' id='word_1_914' title='bbox 2119 4839 2282 4896; x_wconf 58' lang='lat' dir='ltr'>vera.</span> <span class='ocrx_word' id='word_1_915' title='bbox 2299 4823 2395 4896; x_wconf 79' lang='lat' dir='ltr'>ub_i</span> <span class='ocrx_word' id='word_1_916' title='bbox 2417 4823 2707 4896; x_wconf 65' lang='lat' dir='ltr'>Eusebius</span> <span class='ocrx_word' id='word_1_917' title='bbox 2731 4824 2887 4879; x_wconf 90' lang='lat' dir='ltr'>hunc</span> <span class='ocrx_word' id='word_1_918' title='bbox 2907 4824 3239 4895; x_wconf 80' lang='lat' dir='ltr'>catalogum</span> <span class='ocrx_word' id='word_1_919' title='bbox 3267 4825 3504 4880; x_wconf 65' lang='lat' dir='ltr'>texuit”</span> <span class='ocrx_word' id='word_1_920' title='bbox 3532 4822 3560 4880; x_wconf 66' lang='grc' dir='ltr'>ε’</span> <span class='ocrx_word' id='word_1_921' title='bbox 3582 4822 3764 4896; x_wconf 74' lang='grc' dir='ltr'>Αεϐξς,</span> 
     </span>
    </p>
   </div>
   <div class='ocr_carea' id='block_1_138' title="bbox 2121 4890 3767 4964">
    <p class='ocr_par' dir='ltr' id='par_1_138' title="bbox 2121 4890 3767 4964">
     <span class='ocr_line' id='line_1_140' title="bbox 2121 4890 3767 4964; baseline 0.002 -18"><span class='ocrx_word' id='word_1_922' title='bbox 2121 4893 2335 4964; x_wconf 90' lang='lat' dir='ltr'>inquit,</span> <span class='ocrx_word' id='word_1_923' title='bbox 2358 4890 2685 4955; x_wconf 57' lang='grc' dir='ltr'>δωδέκατος</span> <span class='ocrx_word' id='word_1_924' title='bbox 2719 4918 2746 4944; x_wconf 84' lang='grc'>‹‹</span> <span class='ocrx_word' id='word_1_925' title='bbox 2771 4897 2934 4951; x_wconf 88' lang='lat' dir='ltr'>Levis</span> <span class='ocrx_word' id='word_1_926' title='bbox 2962 4890 3347 4952; x_wconf 80' lang='lat' dir='ltr'>duodecimus</span> <span class='ocrx_word' id='word_1_927' title='bbox 3366 4897 3568 4952; x_wconf 89' lang='lat' dir='ltr'>ordine</span> <span class='ocrx_word' id='word_1_928' title='bbox 3593 4901 3717 4954; x_wconf 81' lang='lat' dir='ltr'>fuit.</span> <span class='ocrx_word' id='word_1_929' title='bbox 3739 4890 3767 4950; x_wconf 59' lang='lat' dir='ltr'>ii</span> 
     </span>
    </p>
   </div>
   <div class='ocr_carea' id='block_1_139' title="bbox 2119 4966 3766 5039">
    <p class='ocr_par' dir='ltr' id='par_1_139' title="bbox 2119 4966 3766 5039">
     <span class='ocr_line' id='line_1_141' title="bbox 2119 4966 3766 5039; baseline 0.005 -20"><span class='ocrx_word' id='word_1_930' title='bbox 2119 4967 2189 5019; x_wconf 84' lang='lat' dir='ltr'>At</span> <span class='ocrx_word' id='word_1_931' title='bbox 2212 4966 2282 5039; x_wconf 88' lang='lat' dir='ltr'>ab</span> <span class='ocrx_word' id='word_1_932' title='bbox 2315 4971 2552 5022; x_wconf 88' lang='lat' dir='ltr'>auctore</span> <span class='ocrx_word' id='word_1_933' title='bbox 2585 4974 2779 5022; x_wconf 87' lang='lat' dir='ltr'>tamen</span> <span class='ocrx_word' id='word_1_934' title='bbox 2820 4985 3017 5024; x_wconf 74' lang='lat' dir='ltr'>nosu&#39;o</span> <span class='ocrx_word' id='word_1_935' title='bbox 3063 4971 3132 5023; x_wconf 93' lang='lat' dir='ltr'>de</span> <span class='ocrx_word' id='word_1_936' title='bbox 3169 4967 3452 5039; x_wconf 86' lang='lat' dir='ltr'>apostolis</span> <span class='ocrx_word' id='word_1_937' title='bbox 3479 4985 3610 5024; x_wconf 91' lang='lat' dir='ltr'>cum</span> <span class='ocrx_word' id='word_1_938' title='bbox 3646 4989 3766 5026; x_wconf 89' lang='lat' dir='ltr'>ser-</span> 
     </span>
    </p>
   </div>
   <div class='ocr_carea' id='block_1_140' title="bbox 2123 5038 3770 5111">
    <p class='ocr_par' dir='ltr' id='par_1_140' title="bbox 2123 5038 3770 5111">
     <span class='ocr_line' id='line_1_142' title="bbox 2123 5038 3770 5111; baseline 0.005 -20"><span class='ocrx_word' id='word_1_939' title='bbox 2123 5054 2216 5092; x_wconf 91' lang='lat' dir='ltr'>mo</span> <span class='ocrx_word' id='word_1_940' title='bbox 2253 5038 2372 5103; x_wconf 82' lang='lat' dir='ltr'>ﬁat,</span> <span class='ocrx_word' id='word_1_941' title='bbox 2405 5047 2459 5093; x_wconf 89' lang='lat' dir='ltr'>et</span> <span class='ocrx_word' id='word_1_942' title='bbox 2504 5039 2600 5092; x_wconf 81' lang='lat' dir='ltr'>ille</span> <span class='ocrx_word' id='word_1_943' title='bbox 2631 5040 2795 5094; x_wconf 90' lang='lat' dir='ltr'>Levis</span> <span class='ocrx_word' id='word_1_944' title='bbox 2845 5041 2914 5094; x_wconf 87' lang='lat' dir='ltr'>ab</span> <span class='ocrx_word' id='word_1_945' title='bbox 2961 5055 3162 5095; x_wconf 89' lang='lat' dir='ltr'>eorum</span> <span class='ocrx_word' id='word_1_946' title='bbox 3198 5038 3456 5108; x_wconf 86' lang='lat' dir='ltr'>tempore</span> <span class='ocrx_word' id='word_1_947' title='bbox 3488 5040 3658 5111; x_wconf 87' lang='lat' dir='ltr'>longe</span> <span class='ocrx_word' id='word_1_948' title='bbox 3691 5045 3770 5098; x_wconf 87' lang='lat' dir='ltr'>sit</span> 
     </span>
    </p>
   </div>
   <div class='ocr_carea' id='block_1_141' title="bbox 2122 5111 3766 5181">
    <p class='ocr_par' dir='ltr' id='par_1_141' title="bbox 2122 5111 3766 5181">
     <span class='ocr_line' id='line_1_143' title="bbox 2122 5111 3766 5181; baseline 0.005 -19"><span class='ocrx_word' id='word_1_949' title='bbox 2122 5116 2403 5181; x_wconf 85' lang='lat' dir='ltr'>remotus,</span> <span class='ocrx_word' id='word_1_950' title='bbox 2422 5111 2492 5165; x_wconf 89' lang='lat' dir='ltr'>de</span> <span class='ocrx_word' id='word_1_951' title='bbox 2515 5111 2629 5165; x_wconf 89' lang='lat' dir='ltr'>alio</span> <span class='ocrx_word' id='word_1_952' title='bbox 2656 5112 2849 5181; x_wconf 88' lang='lat' dir='ltr'>potius</span> <span class='ocrx_word' id='word_1_953' title='bbox 2871 5129 3046 5179; x_wconf 89' lang='lat' dir='ltr'>quam</span> <span class='ocrx_word' id='word_1_954' title='bbox 3073 5112 3143 5166; x_wconf 94' lang='lat' dir='ltr'>de</span> <span class='ocrx_word' id='word_1_955' title='bbox 3167 5111 3278 5164; x_wconf 89' lang='lat' dir='ltr'>isto</span> <span class='ocrx_word' id='word_1_956' title='bbox 3302 5127 3433 5165; x_wconf 88' lang='lat' dir='ltr'>eum</span> <span class='ocrx_word' id='word_1_957' title='bbox 3450 5111 3610 5181; x_wconf 85' lang='lat' dir='ltr'>loqui</span> <span class='ocrx_word' id='word_1_958' title='bbox 3635 5131 3766 5170; x_wconf 86' lang='lat' dir='ltr'>vero</span> 
     </span>
    </p>
   </div>
   <div class='ocr_carea' id='block_1_142' title="bbox 2121 5180 3772 5252">
    <p class='ocr_par' dir='ltr' id='par_1_142' title="bbox 2121 5180 3772 5252">
     <span class='ocr_line' id='line_1_144' title="bbox 2121 5180 3772 5252; baseline 0.005 -19"><span class='ocrx_word' id='word_1_959' title='bbox 2121 5185 2210 5234; x_wconf 85' lang='lat' dir='ltr'>est</span> <span class='ocrx_word' id='word_1_960' title='bbox 2263 5180 2434 5252; x_wconf 83' lang='lat' dir='ltr'>longe</span> <span class='ocrx_word' id='word_1_961' title='bbox 2467 5180 2736 5237; x_wconf 85' lang='lat' dir='ltr'>similius.</span> <span class='ocrx_word' id='word_1_962' title='bbox 2777 5183 2918 5246; x_wconf 78' lang='lat' dir='ltr'>Quis</span> <span class='ocrx_word' id='word_1_963' title='bbox 2949 5199 3107 5250; x_wconf 83' lang='lat' dir='ltr'>ergo,</span> <span class='ocrx_word' id='word_1_964' title='bbox 3141 5181 3392 5250; x_wconf 87' lang='lat' dir='ltr'>inquies.</span> <span class='ocrx_word' id='word_1_965' title='bbox 3419 5180 3586 5238; x_wconf 87' lang='lat' dir='ltr'>Levis</span> <span class='ocrx_word' id='word_1_966' title='bbox 3615 5185 3772 5242; x_wconf 91' lang='lat' dir='ltr'>inter</span> 
     </span>
    </p>
   </div>
   <div class='ocr_carea' id='block_1_143' title="bbox 2123 5252 3767 5322">
    <p class='ocr_par' dir='ltr' id='par_1_143' title="bbox 2123 5252 3767 5322">
     <span class='ocr_line' id='line_1_145' title="bbox 2123 5252 3767 5322; baseline 0.005 -18"><span class='ocrx_word' id='word_1_967' title='bbox 2123 5253 2422 5321; x_wconf 88' lang='lat' dir='ltr'>apostolos</span> <span class='ocrx_word' id='word_1_968' title='bbox 2457 5271 2559 5308; x_wconf 88' lang='lat' dir='ltr'>seu</span> <span class='ocrx_word' id='word_1_969' title='bbox 2593 5254 2945 5322; x_wconf 85' lang='lat' dir='ltr'>apostolicos</span> <span class='ocrx_word' id='word_1_970' title='bbox 2977 5255 3129 5308; x_wconf 90' lang='lat' dir='ltr'>viros</span> <span class='ocrx_word' id='word_1_971' title='bbox 3162 5252 3382 5307; x_wconf 87' lang='lat' dir='ltr'>censeri</span> <span class='ocrx_word' id='word_1_972' title='bbox 3419 5254 3630 5309; x_wconf 83' lang='lat' dir='ltr'>debet?</span> <span class='ocrx_word' id='word_1_973' title='bbox 3661 5258 3767 5312; x_wconf 80' lang='lat' dir='ltr'>Fa-</span> 
     </span>
    </p>
   </div>
   <div class='ocr_carea' id='block_1_144' title="bbox 2124 5325 3776 5396">
    <p class='ocr_par' dir='ltr' id='par_1_144' title="bbox 2124 5325 3776 5396">
     <span class='ocr_line' id='line_1_146' title="bbox 2124 5325 3776 5396; baseline 0.005 -21"><span class='ocrx_word' id='word_1_974' title='bbox 2124 5327 2316 5396; x_wconf 87' lang='lat' dir='ltr'>temur</span> <span class='ocrx_word' id='word_1_975' title='bbox 2336 5325 2573 5394; x_wconf 88' lang='lat' dir='ltr'>quidem</span> <span class='ocrx_word' id='word_1_976' title='bbox 2604 5327 2756 5380; x_wconf 89' lang='lat' dir='ltr'>hunc</span> <span class='ocrx_word' id='word_1_977' title='bbox 2779 5343 2890 5379; x_wconf 92' lang='lat' dir='ltr'>non</span> <span class='ocrx_word' id='word_1_978' title='bbox 2915 5342 3084 5396; x_wconf 90' lang='lat' dir='ltr'>posse</span> <span class='ocrx_word' id='word_1_979' title='bbox 3107 5342 3139 5379; x_wconf 90' lang='lat' dir='ltr'>a</span> <span class='ocrx_word' id='word_1_980' title='bbox 3161 5341 3456 5396; x_wconf 89' lang='lat' dir='ltr'>quoquam</span> <span class='ocrx_word' id='word_1_981' title='bbox 3483 5326 3647 5380; x_wconf 77' lang='lat' dir='ltr'>facile</span> <span class='ocrx_word' id='word_1_982' title='bbox 3680 5331 3776 5384; x_wconf 89' lang='lat' dir='ltr'>de-</span> 
     </span>
    </p>
   </div>
   <div class='ocr_carea' id='block_1_145' title="bbox 2124 5395 3775 5463">
    <p class='ocr_par' dir='ltr' id='par_1_145' title="bbox 2124 5395 3775 5463">
     <span class='ocr_line' id='line_1_147' title="bbox 2124 5395 3775 5463; baseline 0.005 -15"><span class='ocrx_word' id='word_1_983' title='bbox 2124 5395 2362 5462; x_wconf 76' lang='lat' dir='ltr'>signari.</span> <span class='ocrx_word' id='word_1_984' title='bbox 2403 5396 2557 5451; x_wconf 89' lang='lat' dir='ltr'>Duos</span> <span class='ocrx_word' id='word_1_985' title='bbox 2584 5397 2800 5452; x_wconf 89' lang='lat' dir='ltr'>etenim</span> <span class='ocrx_word' id='word_1_986' title='bbox 2825 5413 2891 5451; x_wconf 96' lang='lat' dir='ltr'>eo</span> <span class='ocrx_word' id='word_1_987' title='bbox 2916 5395 3152 5451; x_wconf 85' lang='lat' dir='ltr'>nomine</span> <span class='ocrx_word' id='word_1_988' title='bbox 3171 5395 3482 5463; x_wconf 76' lang='lat' dir='ltr'>insignitos</span> <span class='ocrx_word' id='word_1_989' title='bbox 3509 5399 3562 5452; x_wconf 92' lang='lat' dir='ltr'>in</span> <span class='ocrx_word' id='word_1_990' title='bbox 3589 5399 3775 5456; x_wconf 87' lang='lat' dir='ltr'>Evan-</span> 
     </span>
    </p>
   </div>
   <div class='ocr_carea' id='block_1_146' title="bbox 2124 5466 3779 5539">
    <p class='ocr_par' dir='ltr' id='par_1_146' title="bbox 2124 5466 3779 5539">
     <span class='ocr_line' id='line_1_148' title="bbox 2124 5466 3779 5539; baseline 0.006 -19"><span class='ocrx_word' id='word_1_991' title='bbox 2124 5466 2272 5536; x_wconf 83' lang='lat' dir='ltr'>gelio</span> <span class='ocrx_word' id='word_1_992' title='bbox 2303 5467 2575 5539; x_wconf 86' lang='lat' dir='ltr'>legimus.</span> <span class='ocrx_word' id='word_1_993' title='bbox 2623 5468 2788 5523; x_wconf 92' lang='lat' dir='ltr'>Prior</span> <span class='ocrx_word' id='word_1_994' title='bbox 2815 5473 2904 5524; x_wconf 90' lang='lat' dir='ltr'>est</span> <span class='ocrx_word' id='word_1_995' title='bbox 2937 5468 3121 5535; x_wconf 89' lang='lat' dir='ltr'>Levis,</span> <span class='ocrx_word' id='word_1_996' title='bbox 3153 5484 3324 5537; x_wconf 84' lang='lat' dir='ltr'>quem</span> <span class='ocrx_word' id='word_1_997' title='bbox 3373 5467 3604 5525; x_wconf 88' lang='lat' dir='ltr'>Marcus</span> <span class='ocrx_word' id='word_1_998' title='bbox 3645 5471 3689 5506; x_wconf 69' lang='grc'>⁸⁸</span> <span class='ocrx_word' id='word_1_999' title='bbox 3721 5478 3779 5530; x_wconf 89' lang='lat' dir='ltr'>et</span> 
     </span>
    </p>
   </div>
   <div class='ocr_carea' id='block_1_147' title="bbox 2752 5686 3779 5756">
    <p class='ocr_par' dir='ltr' id='par_1_147' title="bbox 2752 5686 3779 5756">
     <span class='ocr_line' id='line_1_149' title="bbox 2752 5686 3779 5756; baseline 0.002 -15"><span class='ocrx_word' id='word_1_1000' title='bbox 2752 5704 2805 5756; x_wconf 91' lang='lat' dir='ltr'>p.</span> <span class='ocrx_word' id='word_1_1001' title='bbox 2838 5687 2963 5739; x_wconf 70' lang='lat'>(318.</span> <span class='ocrx_word' id='word_1_1002' title='bbox 3041 5686 3083 5719; x_wconf 79' lang='grc'>³⁷</span> <span class='ocrx_word' id='word_1_1003' title='bbox 3117 5686 3154 5740; x_wconf 94' lang='lat' dir='ltr'>l.</span> <span class='ocrx_word' id='word_1_1004' title='bbox 3187 5704 3262 5754; x_wconf 84' lang='grc' dir='ltr'>ιν,</span> <span class='ocrx_word' id='word_1_1005' title='bbox 3303 5690 3512 5754; x_wconf 88' lang='lat' dir='ltr'>p.503.</span> <span class='ocrx_word' id='word_1_1006' title='bbox 3589 5693 3632 5728; x_wconf 75' lang='grc'>⁸⁸</span> <span class='ocrx_word' id='word_1_1007' title='bbox 3665 5695 3779 5751; x_wconf 83' lang='lat' dir='ltr'>Eu—</span> 
     </span>
    </p>
   </div>
   <div class='ocr_carea' id='block_1_148' title="bbox 2925 5757 3778 5834">
    <p class='ocr_par' dir='ltr' id='par_1_148' title="bbox 2925 5757 3778 5834">
     <span class='ocr_line' id='line_1_150' title="bbox 2925 5757 3778 5834; baseline 0.038 -42"><span class='ocrx_word' id='word_1_1008' title='bbox 2925 5758 3047 5834; x_wconf 67' lang='lat'>90:91</span> <span class='ocrx_word' id='word_1_1009' title='bbox 3095 5757 3428 5834; x_wconf 66' lang='lat' dir='ltr'>Nicephor.,</span> <span class='ocrx_word' id='word_1_1010' title='bbox 3461 5761 3498 5816; x_wconf 91' lang='lat' dir='ltr'>l.</span> <span class='ocrx_word' id='word_1_1011' title='bbox 3533 5780 3575 5818; x_wconf 79' lang='grc' dir='ltr'>ιι</span> <span class='ocrx_word' id='word_1_1012' title='bbox 3607 5765 3778 5834; x_wconf 88' lang='lat' dir='ltr'>Hisl.,</span> 
     </span>
    </p>
   </div>
   <div class='ocr_carea' id='block_1_149' title="bbox 2589 5830 3778 5900">
    <p class='ocr_par' dir='ltr' id='par_1_149' title="bbox 2589 5830 3778 5900">
     <span class='ocr_line' id='line_1_151' title="bbox 2589 5830 3778 5900; baseline 0.008 -16"><span class='ocrx_word' id='word_1_1013' title='bbox 2589 5846 2643 5900; x_wconf 90' lang='lat' dir='ltr'>p.</span> <span class='ocrx_word' id='word_1_1014' title='bbox 2678 5832 2801 5884; x_wconf 81' lang='lat'>607.</span> <span class='ocrx_word' id='word_1_1015' title='bbox 2881 5831 2925 5863; x_wconf 71' lang='grc'>’⁵⁸</span> <span class='ocrx_word' id='word_1_1016' title='bbox 2955 5830 3265 5890; x_wconf 81' lang='lat' dir='ltr'>Gaudent...</span> <span class='ocrx_word' id='word_1_1017' title='bbox 3301 5850 3474 5888; x_wconf 71' lang='lat' dir='ltr'>Serm.</span> <span class='ocrx_word' id='word_1_1018' title='bbox 3501 5835 3566 5889; x_wconf 88' lang='lat'>13</span> <span class='ocrx_word' id='word_1_1019' title='bbox 3599 5837 3654 5891; x_wconf 91' lang='lat' dir='ltr'>in</span> <span class='ocrx_word' id='word_1_1020' title='bbox 3679 5830 3778 5894; x_wconf 46' lang='lat' dir='ltr'>de;</span> 
     </span>
    </p>
   </div>
   <div class='ocr_carea' id='block_1_150' title="bbox 358 5897 3777 5982">
    <p class='ocr_par' dir='ltr' id='par_1_150' title="bbox 358 5897 3777 5982">
     <span class='ocr_line' id='line_1_152' title="bbox 358 5897 3777 5982; baseline 0.002 -21"><span class='ocrx_word' id='word_1_1021' title='bbox 358 5906 472 5961; x_wconf 91' lang='lat' dir='ltr'>dic.</span> <span class='ocrx_word' id='word_1_1022' title='bbox 507 5904 678 5960; x_wconf 88' lang='lat' dir='ltr'>basil.</span> <span class='ocrx_word' id='word_1_1023' title='bbox 711 5908 806 5957; x_wconf 88' lang='lat' dir='ltr'>SS.</span> <span class='ocrx_word' id='word_1_1024' title='bbox 838 5902 940 5982; x_wconf 38' lang='lat' dir='ltr'>AX‘L</span> <span class='ocrx_word' id='word_1_1025' title='bbox 970 5905 1211 5982; x_wconf 50' lang='lat' dir='ltr'>megyr.</span> <span class='ocrx_word' id='word_1_1026' title='bbox 1236 5897 1479 5982; x_wconf 45' lang='lat' dir='ltr'>_Bib‘liot.</span> <span class='ocrx_word' id='word_1_1027' title='bbox 1506 5905 1706 5982; x_wconf 59' lang='lat' dir='ltr'>Patr,</span> <span class='ocrx_word' id='word_1_1028' title='bbox 1739 5905 1777 5954; x_wconf 91' lang='lat' dir='ltr'>t.</span> <span class='ocrx_word' id='word_1_1029' title='bbox 1801 5899 1910 5982; x_wconf 61' lang='lat' dir='ltr'>iV.</span> <span class='ocrx_word' id='word_1_1030' title='bbox 1985 5897 2514 5982; x_wconf 75' lang='lat' dir='ltr'>,_i3ibliot.</span> <span class='ocrx_word' id='word_1_1031' title='bbox 2552 5897 2680 5982; x_wconf 75' lang='lat' dir='ltr'>cod.</span> <span class='ocrx_word' id='word_1_1032' title='bbox 2711 5903 2838 5970; x_wconf 77' lang='lat'>276,</span> <span class='ocrx_word' id='word_1_1033' title='bbox 2868 5919 2924 5973; x_wconf 95' lang='lat' dir='ltr'>p.</span> <span class='ocrx_word' id='word_1_1034' title='bbox 2962 5902 3119 5957; x_wconf 83' lang='lat'>1538.</span> <span class='ocrx_word' id='word_1_1035' title='bbox 3198 5903 3239 5938; x_wconf 81' lang='grc'><strong>⁹⁶</strong></span> <span class='ocrx_word' id='word_1_1036' title='bbox 3272 5903 3397 5960; x_wconf 87' lang='lat' dir='ltr'>Lib.</span> <span class='ocrx_word' id='word_1_1037' title='bbox 3449 5923 3465 5961; x_wconf 87' lang='grc' dir='ltr'>ι</span> <span class='ocrx_word' id='word_1_1038' title='bbox 3514 5911 3590 5965; x_wconf 85' lang='lat' dir='ltr'>De</span> <span class='ocrx_word' id='word_1_1039' title='bbox 3629 5911 3777 5982; x_wconf 89' lang='lat' dir='ltr'>glor.</span> 
     </span>
    </p>
   </div>
   <div class='ocr_carea' id='block_1_151' title="bbox 373 5968 2006 6049">
    <p class='ocr_par' dir='ltr' id='par_1_151' title="bbox 373 5968 1999 6049">
     <span class='ocr_line' id='line_1_153' title="bbox 373 5968 1999 6049; baseline -0.006 -16"><span class='ocrx_word' id='word_1_1040' title='bbox 373 5982 642 6049; x_wconf 65' lang='lat' dir='ltr'>martyr,</span> <span class='ocrx_word' id='word_1_1041' title='bbox 677 5992 804 6048; x_wconf 90' lang='lat' dir='ltr'>cap.</span> <span class='ocrx_word' id='word_1_1042' title='bbox 837 5976 929 6030; x_wconf 86' lang='lat'>32.</span> <span class='ocrx_word' id='word_1_1043' title='bbox 1007 5975 1049 6008; x_wconf 68' lang='lat'>9&quot;</span> <span class='ocrx_word' id='word_1_1044' title='bbox 1077 5968 1316 6037; x_wconf 65' lang='lat' dir='ltr'>Euseb,</span> <span class='ocrx_word' id='word_1_1045' title='bbox 1345 5968 1384 6025; x_wconf 87' lang='lat'>1.</span> <span class='ocrx_word' id='word_1_1046' title='bbox 1419 5987 1475 6025; x_wconf 84' lang='lat' dir='ltr'>IV</span> <span class='ocrx_word' id='word_1_1047' title='bbox 1506 5971 1684 6040; x_wconf 85' lang='lat' dir='ltr'>Hist.,</span> <span class='ocrx_word' id='word_1_1048' title='bbox 1717 5989 1766 6028; x_wconf 87' lang='lat' dir='ltr'>c.</span> <span class='ocrx_word' id='word_1_1049' title='bbox 1799 5973 1853 6040; x_wconf 86' lang='lat'>5,</span> <span class='ocrx_word' id='word_1_1050' title='bbox 1883 5989 1938 6043; x_wconf 90' lang='lat' dir='ltr'>p.</span> <span class='ocrx_word' id='word_1_1051' title='bbox 1978 5974 1999 6024; x_wconf 85' lang='lat'>1</span> 
     </span>
    </p>
   </div>
   <div class='ocr_carea' id='block_1_152' title="bbox 2122 5968 2643 6049">
    <p class='ocr_par' dir='ltr' id='par_1_152' title="bbox 2174 5972 2643 6039">
     <span class='ocr_line' id='line_1_154' title="bbox 2174 5972 2643 6039; baseline 0.009 -13"><span class='ocrx_word' id='word_1_1052' title='bbox 2174 5973 2218 6006; x_wconf 72' lang='grc' dir='ltr'>οδ</span> <span class='ocrx_word' id='word_1_1053' title='bbox 2252 5972 2426 6028; x_wconf 85' lang='lat' dir='ltr'>Marc.</span> <span class='ocrx_word' id='word_1_1054' title='bbox 2460 5990 2522 6039; x_wconf 81' lang='grc' dir='ltr'>ιι,</span> <span class='ocrx_word' id='word_1_1055' title='bbox 2558 5974 2643 6030; x_wconf 80' lang='grc'>1-4.</span> 
     </span>
    </p>
   </div>
  </div>
