4114 6454
445 407 588 464 1177

1719 408 1813 461 DE
1851 405 1909 460 Ll
1920 403 2083 459 BRIS
2120 399 2588 457 STROMATUM.

3728 401 3865 457 1178

458 532 697 606 ingenio
718 535 775 588 et
797 531 1178 604 professione,
1198 530 1282 588 ita
1300 534 1363 588 ut
1381 535 1675 588 amantem
1697 533 1882 588 virum
1902 529 2108 601 sponte
2139 526 2193 594 Α
2298 523 2563 606 Secundo
2596 542 2709 581 non
2734 524 2813 580 ibi
2838 525 3104 606 Clemens
3131 524 3270 606 dicit
3291 525 3348 581 in
3379 525 3636 606 secundo
3667 527 3868 583 matri-

461 605 568 663 sua
601 605 879 660 redamet.

529 676 851 734 Celebratis
908 693 1079 747 porro
1142 674 1385 746 nuptiis,
1426 699 1453 726 «
1507 674 1972 731 conservandum
2032 675 2121 726 est

465 746 972 813 matrimonium,»
997 746 1314 802 Clementis
1340 748 1515 802 verba
1541 754 1679 803 sunt
1699 748 1763 810 το,
1793 770 1811 796 α
1841 755 2119 815 tanquam

462 838 627 880 sacra
658 825 872 886 statua,
900 821 1184 874 mundum
1214 820 1286 874 ab
1313 819 1403 885 iis,
1433 836 1558 889 qum
1585 818 1885 890 polluunt;
1921 818 2121 890 utpote

461 893 562 964 qui
597 910 630 948 a
660 908 868 948 somno
902 890 1143 964 quidem
1176 888 1656 964 expergiseamur
1683 907 1815 946 cum
1856 888 2118 964 Domino,

462 961 672 1021 eamus
721 961 1271 1018 autom’dormitum
1324 961 1457 1018 cum
1501 962 1822 1035 gratiarum
1869 961 2118 1024 actione,

459 1044 518 1094 et
548 1053 785 1092 oremus
813 1051 824 1088 :

536 1117 672 1172 Cum
701 1131 894 1170 somno
925 1113 1200 1184 mtlulges,
1235 1115 1336 1170 lux
1364 1119 1415 1170 el
1444 1114 1828 1186 cuvmfulserz'l
1857 1114 2040 1175 alma;

471 1199 617 1254 Tota
651 1202 852 1251 nostra
873 1195 996 1249 vita
1028 1196 1339 1250 Dominum
1371 1201 1678 1263 testantes,
1703 1196 1975 1265 pietatem
2001 1191 2126 1264 qui-

468 1273 599 1325 dem
635 1286 700 1323 ac
735 1267 1073 1334 religionem
1123 1269 1320 1320 anima
1365 1268 1751 1338 possidentes,
1785 1271 2122 1337 temperan-

384 1385 387 1387 .
472 1344 617 1396 tiam
651 1346 846 1395 autem
883 1355 1069 1409 usque
1099 1340 1166 1392 ad
1204 1355 1418 1409 corpus
1450 1340 1828 1393 deducentes.
1857 1360 1885 1386 ››

543 1412 764 1468 Deinde
818 1407 1036 1464 ibidem
1085 1407 1345 1465 ostendit
1385 1427 1560 1480 quam
1622 1411 1883 1464 modeste
1931 1412 1987 1461 et
2036 1407 2129 1476 pie

476 1501 625 1540 uxor
655 1499 718 1537 se
749 1498 946 1565 gerere
979 1481 1205 1546 debeat,
1239 1500 1272 1535 a
1303 1484 1639 1565 suspicione
1666 1490 1723 1536 et.
1752 1480 2018 1565 crimine,
2042 1484 2128 1532 at-

476 1571 594 1626 que
624 1551 785 1610 omni
827 1554 1000 1626 etiam
1033 1569 1184 1607 vano
1237 1554 1656 1624 superﬂuoque
1703 1553 1862 1608 cultu
1917 1551 2128 1618 aliena,

475 1624 736 1682 assiduis
769 1624 1039 1695 precibus
1071 1641 1315 1691 vacans;
1351 1642 1416 1680 ac
1453 1627 1571 1680 tida
1603 1627 1812 1679 domus
1842 1640 1960 1695 sua:
1991 1638 2127 1676 cus-

426 1740 432 1744 .
473 1706 585 1762 tos,
609 1716 642 1750 a
675 1694 1035 1768 sui’aspectu
1070 1713 1190 1760 eos,
1216 1697 1405 1767 quoad
1443 1696 1565 1752 ﬁeri
1598 1701 1813 1767 potest,
1835 1694 2127 1762 excludat,

472 1769 843 1842 quiadeam
883 1768 1352 1842 nonpertinent.

548 1840 921 1896 Manilestum
966 1837 1106 1894 alibi
1133 1842 1175 1875 ιί
1210 1855 1446 1910 quoque
1482 1838 1620 1894 facit
1670 1837 1961 1909 quomodo
1991 1854 2128 1910 san-

472 1917 633 1992 ctum
670 1910 924 1992 felirtque
954 1911 1140 1992 possit
1176 1903 1306 1966 esse
1351 1903 1903 1992 conjugium’;.quid
1938 1908 2121 1975 uxori,
2160 1903 2205 1970 Β

473 1984 522 2040 si
556 1982 700 2052 viro,
731 1987 797 2037 ut
830 1981 934 2054 pie
957 1981 1140 2048 ’vivat,
1175 1983 1527 2053 persuadere
1575 1981 1920 2054 nequiverit,
1953 1997 2126 2052 agen-

473 2056 651 2122 dum;
684 2058 742 2110 et
779 2053 1010 2125 tradita
1031 2055 1104 2109 ab
1132 2054 1410 2125 Apostolo
1442 2053 1796 2125 conjugibus
1841 2056 2127 2124 praecepta

474 2127 549 2182 ob
580 2126 846 2198 omnium
881 2124 1044 2198 ponit
1058 2123 1294 2198 foculos.

543 2199 627 2253 Ad
663 2197 788 2254 hac
817 2194 948 2253 vero
974 2215 1026 2253 :«
1057 2197 1229 2263 Eum,
1256 2195 1449 2268 inquit
1470 2195 1537 2261 ι’,
1559 2195 1661 2267 qui
1693 2212 1930 2251 uxorem
1960 2194 2128 2249 duxit

477 2286 582 2341 pro
612 2269 930 2324 liberorum
975 2269 1395 2341 procreatione,
1416 2283 1692 2341 exercere
1732 2273 1956 2341 oportet
1985 2283 2124 2320 con-

477 2339 815 2406 tinentiam;
850 2345 916 2395 ut
947 2339 1020 2395 ne
1068 2356 1237 2395 suam
1292 2339 1527 2411 quidem
1579 2339 1956 2410 concupiscat
1986 2355 2127 2393 uxo-

478 2428 817 2483 rem,quam
852 2412 1027 2467 debet
1058 2411 1324 2483 diligere,
1347 2411 1592 2467 honesta
1623 2415 1680 2464 et
1711 2411 2010 2483 moderata
2035 2427 2130 2483 Avo-

473 2481 702 2556 luptatis
731 2501 967 2556 operam
1003 2484 1150 2538 dans
1171 2481 1898 2556 ﬁliberissniQuamobrem
1932 2481 2131 2556 divina

476 2553 600 2626 lege
633 2553 925 2612 statutum
959 2572 1088 2610 esse
1122 2556 1330 2626 probat
1352 2558 1393 2590 ³³
1414 2555 1626 2626 debere
1647 2578 1675 2604 «ι
1700 2555 1854 2610 viros
1886 2553 1966 2608 uti
2003 2570 2127 2608 n.0-

474 2625 674 2682 thrate
706 2627 1010 2691 uxoribus,
1033 2631 1091 2681 et
1112 2625 1348 2697 propter
1371 2627 1557 2682 solum
1592 2625 1908 2682 liberorum
1932 2641 2128 2681 susce-

473 2699 752 2770 ptionem.
780 2721 808 2748 ››
837 2698 1148 2770 Sedillum
1194 2699 1266 2752 de
1314 2698 1408 2751 his
1450 2699 1652 2752 eodem
1705 2698 1902 2764 modo,
1952 2702 2127 2768 atque

473 2769 651 2825 etiam
685 2769 877 2825 fusius
908 2769 1298 2824 disserentem
1325 2770 1448 2838 jam
1483 2770 1818 2824 audivimus
1847 2770 1910 2822 1⁸.

1033 2866 1444 2922 ARTICULUS
1475 2868 1546 2922 ΙΙ.

467 2948 541 3003 De
569 2946 821 3002 secundis
867 2945 1102 3018 nuptiis,
1133 2963 1203 2999 an
1255 2946 1323 3000 de
1367 2945 1484 3000 illis
1532 2955 1673 3018 recte
1716 2947 1969 3002 Clemens
1997 2963 2126 3002 sen-

530 3019 690 3102 serit,
723 3019 868 3075 etde
906 3017 1359 3091 patriarcharum
1401 3017 1596 3074 veteris
1626 3020 1941 3074 testamenti
1965 3019 2126 3091 poly-

530 3107 748 3163 gamza.

537 3180 704 3250 Apud
741 3178 1180 3234 Centuriatores
1224 3176 1377 3234 male
1417 3177 1582 3233 audit
1613 3177 1880 3250 Clemens
1907 3186 2123 3246 noster,

469 3249 960 3341 quodsecundas
1001 3250 1239 3320 nuptias
1273 3249 2118 3341 cjujjusdpm“imperfectionis,
2154 3273 2197 3341 α

466 3341 573 3379 nec
606 3326 731 3379 sine
763 3326 1001 3394 peccato
1023 3337 1167 3394 esse
1195 3322 1520 3394 tradiderit.
1539 3322 1861 3394 Videamus
1889 3337 2024 3393 ergo
2047 3339 2121 3376 an

458 3396 594 3467 jure
625 3395 721 3467 vei
745 3392 962 3467 injuria
986 3393 1057 3448 ab
1091 3392 1230 3460 illis,
1257 3392 1509 3467 aliisque
1533 3392 1748 3467 idcirco
1774 3392 2127 3463 corripiatur

466 3463 525 3522 et
554 3463 819 3536 vapuletf
841 3465 1100 3520 Primum
1128 3471 1318 3519 autem
1348 3463 1616 3520 Clemens
1638 3465 1814 3520 citato
1849 3482 1881 3519 a
1910 3468 2123 3521 Centu-

463 3539 777 3595 riatoribus
818 3537 968 3593 libro
1001 3537 1071 3590 de
1117 3536 1326 3608 primis
1358 3537 1754 3607 secundisque
1789 3537 2012 3608 nuptiis
2047 3538 2127 3608 ita

461 3610 724 3666 decernit
747 3609 792 3646 1⁸
825 3627 891 3664 :«
945 3607 1404 3681 Miono’gamiam,
1457 3612 1514 3664 et
1565 3625 1690 3681 quae
1743 3607 2016 3681 consistit
2064 3607 2124 3681 in

465 3700 582 3738 uno
614 3681 811 3752 solum
839 3679 1216 3752 matrimonio
1239 3678 1632 3747 honestatem,
1663 3679 2003 3752 μονογαμίαν
2035 3678 2125 3752 καὶ

462 3753 561 3821 τὴν
596 3752 722 3828 περὶ
751 3751 842 3806 τὸν
888 3746 982 3804 ἕνα
1022 3749 1197 3824 γάμον
1247 3751 1570 3828 σεμνότητα,
1606 3746 2126 3828 admiramur;_di-

464 3823 892 3882 centes'tamen
947 3823 1215 3892 oportere
1269 3823 1517 3879 aliorum
1573 3824 1860 3886 misereri,
1892 3831 1949 3880 et
1979 3823 2124 3878 alte-

473 3915 603 3954 rum
659 3895 904 3952 alterius
952 3911 1130 3966 onera
1176 3899 1438 3966 portare;
1485 3911 1556 3950 ne
1608 3895 1739 3965 quis
1789 3911 1920 3950 cum
1973 3898 2128 3951 recte

473 3975 627 4026 stare
657 3967 944 4037 videatur,
969 3965 1096 4034 ipse
1127 3965 1358 4038 quoque
1389 3967 1580 4022 cadat.
1604 3971 1682 4023 De
1713 3967 1991 4023 secundis
2023 3984 2127 4022 au-

469 4046 587 4098 tem
623 4039 846 4112 nuptiis
881 4055 933 4094 τι
963 4038 1021 4112 Si
1056 4037 1272 4112 uraris,
1297 4039 1492 4112 inquit
1520 4038 2128 4110 Apostolus,jungere

474 4109 873 4169 matrimonio.
901 4131 929 4160 »
963 4109 1110 4172 Quid
1157 4115 1352 4166 autem
1387 4110 1490 4179 ibi,
1524 4109 1681 4182 quod
1733 4109 1945 4167 divinae
1975 4109 2125 4181 Κρο-

471 4184 606 4241 stoli
636 4183 916 4240 doctrina:
968 4198 1083 4236 non
1117 4182 1194 4237 sit
1224 4183 1464 4238 omnino
1515 4183 1870 4239 conveniens
1901 4186 1956 4237 et
1989 4201 2126 4238 con-

467 4253 854 4313 sentaneum?
883 4252 1039 4308 Nihil
1094 4259 1268 4326 certe.
1297 4253 1369 4326 Et
1395 4271 1528 4309 vero
1578 4254 1826 4326 ipsemet
1856 4254 2125 4310 Clemens

467 4335 672 4401 postea
696 4326 890 4382 adhuc
911 4325 1171 4401 ostendit
1192 4323 1299 4401 hoc
1323 4325 1394 4380 ab
1426 4323 1626 4401 eodem
1648 4325 1923 4401 Apostolo
1947 4327 2126 4401 fuisse

467 4396 748 4457 traditum
798 4416 812 4454 :
846 4416 868 4444 α
921 4396 1378 4469 Monogamiam,
1429 4397 1509 4451 ait
1551 4397 1676 4469 ipse
1707 4399 1771 4466 ¹⁶,
1804 4398 2126 4453 introducit

468 4477 708 4545 propter
738 4469 1058 4545 liberorum
1095 4467 1556 4545 procreationem
1576 4467 1647 4523 et
1677 4471 1888 4545 domus
1920 4485 2120 4545 curam

468 4539 891 4616 gerendam,_et
921 4555 1096 4616 quam
1134 4539 1275 4616 data
1301 4539 1614 4616 estmulier
1643 4541 2002 4616 adjutrix,_et
2032 4541 2113 4595 si-

466 4610 566 4673 cut
594 4612 908 4693 Apostolus
931 4615 1168 4693 propter
1198 4610 1709 4693 intemperantiam
1743 4617 1806 4693 et
1826 4612 2116 4693 ustiopem

466 4704 534 4744 ex
565 4682 734 4742 venia
775 4683 1102 4740 secundum
1157 4682 1425 4737 concedit
1474 4684 1938 4739 matrimonium.
1973 4684 2118 4739 Nam

466 4759 565 4815 hic
597 4771 833 4829 quoque
865 4771 979 4829 non
1017 4760 1220 4829 peccat
1250 4754 1490 4829 quidem
1519 4772 1585 4809 ex
1608 4760 1979 4829 testamento,
2004 4773 2119 4812 non

466 4842 557 4888 est
586 4825 751 4886 enim
802 4844 871 4883 ex
922 4825 1048 4891 lege
1097 4825 1474 4898 prohibitus:
1510 4844 1624 4881 non
1675 4826 1881 4898 implet
1926 4835 2118 4883 autem

463 4916 762 4959 summam
795 4898 955 4954 illam
993 4897 1429 4969 perfectionem,
1505 4915 1590 4953 uae
1622 4897 1817 4970 agitur
1843 4915 1910 4954 ex
1941 4900 2120 4955 Evan-

463 4974 634 5025 netio.
660 4995 688 5024 »
721 4972 893 5025 Ouid.
930 4969 1171 5025 obsecro
1207 4975 1276 5025 te.
1313 4971 1381 5024 ad
1425 4915 1636 5025 {sileam
1671 4969 1924 5025 dunlicis
1955 4988 2117 5025 erro-

461 4974 634 5044 gelio.
660 4995 688 5024 »
721 4972 893 5044 Quid,
930 4969 1171 5044 obsecro
1207 4975 1276 5044 te,
1313 4971 1381 5024 ad
1425 4969 1640 5044 falsam
1665 4969 1924 5044 duplicis
1955 4988 2117 5044 erro-

461 5039 542 5102 ris
595 5043 912 5112 maculam,
943 5039 1227 5098 Clementi
1280 5045 1480 5097 nostro
1531 5060 1563 5097 a
1612 5039 2119 5100 Centuriatoribus

460 5123 678 5174 temere
711 5114 958 5178 illatam,
985 5111 1218 5184 penitus
1249 5112 1560 5169 eluendam
1595 5113 1689 5170 his
1713 5114 1902 5170 verbis
1933 5115 2120 5171 effica-

459 5190 586 5246 cius
617 5198 789 5258 atque
829 5184 1186 5263 espressius.
1219 5184 1541 5263 desiderari
1565 5186 1835 5263 potest:
1853 5186 2114 5242 Primum

458 5266 616 5316 enim
655 5256 917 5330 quonam
954 5256 1187 5312 clariori
1222 5256 1395 5330 modo
1442 5257 1611 5312 nobis
1643 5257 1976 5330 signiﬁcare
2009 5276 2116 5313 au-

462 5340 589 5389 ctor
631 5329 828 5387 noster
879 5331 1105 5401 poterat
1152 5329 1443 5401 secundas
1483 5329 1956 5401 nuptiasesseu
1991 5331 2118 5386 sine

460 5408 718 5485 peccato,
748 5424 774 5450 η
809 5398 986 5485 quam
1021 5415 1176 5481 cum.
1202 5398 1596 5485 disertissime
1635 5400 1850 5485 scribit
1881 5400 2010 5456 illas
2044 5402 2116 5485 ab

457 5469 753 5548 Apostolo,
784 5469 884 5548 sic
922 5487 1001 5548 _ex
1047 5469 1219 5548 venia
1263 5471 1564 5548 c_onced_i__:_
1589 5477 1653 5527 ut
1697 5472 1797 5544 qui
1825 5473 2108 5548 _secundo

457 5538 858 5610 matrimonio,
919 5538 1170 5615 δευτέρου
1217 5542 1428 5668 1ἶάμου,
1483 5538 1947 5617 “ﬁgam-130310:
2003 5542 2112 5618 οὐχ

457 5617 772 5668 ἁμαρτάνει.
810 5640 835 5666 ‹‹
868 5614 918 5668 is
953 5630 1067 5668 non
1113 5613 1210 5668 I9
1314 5618 1543 5668 peccat:
1571 5640 1591 5668 ι
1631 5616 2110 5668 nuandonuidem

455 5617 772 5694 ἁμαρτάνει)
810 5614 918 5694 «_is
953 5613 1082 5694 npn'
1313 5618 1543 5694 peccat;
1571 5613 1598 5668 ιῖ
1631 5613 2110 5688 quandoquidem

458 5685 608 5748 illud
643 5689 805 5747 nulla
835 5687 961 5758 lege
991 5685 1371 5742 interdictum
1407 5691 1518 5742 est.

526 5836 569 5872 ¹⁰
597 5834 635 5888 l.
670 5850 734 5896 tt,
769 5849 824 5902 p.
861 5829 984 5887 424.
1063 5831 1105 5864 “
1140 5827 1288 5902 Liv,
1325 5845 1381 5900 p.
1413 5829 1540 5902 525ῗ
1622 5831 1664 5865 ¹²
1696 5828 1734 5885 l.
1772 5847 1855 5897 III,

455 5906 498 5940 "
524 5905 627 5962 lib.
661 5921 725 5960 ιιι
752 5899 991 5974 Strom.,
1024 5917 1156 5974 pag.
1183 5899 1336 5954 428.’
1389 5900 1430 5935 ¹⁶
1460 5900 1625 5970 ibid.,
1652 5918 1708 5974 p.
1736 5902 1856 5956 461.

448 5993 576 6052 cap.
612 5975 742 6048 ult.,
775 5992 832 6048 p.
861 5973 987 6029 211.

1915 5847 1971 5901 ρ.
2017 5830 2142 5886 450.
2222 5830 2265 5865 ιιι
2295 5830 2463 5898 ibid.,

1940 5902 1982 5938 ¹⁷
2014 5919 2069 5974 p.
2103 5902 2232 5970 421,

2227 597 2423 682 monio
2447 611 2582 679 esse
2614 614 2817 682 reapse
2861 599 3361 682 imper-factionem
3393 604 3494 654 aut
3526 606 3866 682 peccatum;

2228 669 2330 742 sed
2361 670 2461 740 qui
2492 671 2746 724 secundo
2788 669 3160 726 matrimonio
3195 669 3704 742 capulatur,”hunc
3753 689 3865 726 non

2229 740 2516 813 attingere
2565 745 3034 813 commendatam
3072 743 3130 798 in
3171 740 3484 813 Evangelio
3537 759 3871 813 supremam

2229 812 2358 866 vitae
2393 812 2736 868 Christiana:
2773 815 3205 885 perfectionem.

2304 886 2672 954 Quapropter
2689 884 2784 940 ubi
2813 885 3254 941 matrimonium
3281 884 3492 952 abillo,
3512 889 3574 939 ut
3598 885 3877 949 vidimus,

2234 956 2580 1011 definitur”
2615 972 2664 1010 ζα
2701 957 2888 1012 Prima
2919 958 3024 1010 viri
3058 967 3113 1012 et
3145 957 3406 1013 mulieris
3441 959 3761 1012 secundum
3797 957 3878 1012 le-

2234 1044 2378 1100 gem
2400 1028 2766 1098 conjunctio;
2794 1050 2822 1077 »
2851 1028 2941 1100 vel
2977 1029 3069 1083 ubi
3106 1031 3178 1083 ab
3221 1031 3348 1100 ipso
3380 1046 3612 1100 quoque
3642 1029 3878 1100 scriptis

2237 1099 2515 1154 traditum
2549 1105 2637 1172 est
2662 1100 2741 1155 ‘3:
2774 1099 3534 1172 «Unusquisquenostrum
3568 1101 3741 1156 habet
3767 1099 3876 1172 ipo-

2235 1175 2504 1226 testatem
2566 1171 2815 1226 ducendi
2875 1188 3138 1236 uxorem,
3190 1173 3511 1228 secundum
3568 1171 3785 1241 legem,
3817 1172 3876 1226 in

2235 1243 2464 1315 primis,
2496 1244 2760 1313 inquam,
2797 1244 3048 1314 nuptiis;
3075 1266 3100 1292 ››
3134 1244 3220 1297 vel
3261 1244 3357 1297 ubi
3391 1245 3624 1298 tandem
3675 1259 3876 1299 mono-

2235 1315 2491 1386 gamiam
2527 1315 2598 1370 ab
2630 1333 2695 1370 eo
2723 1315 2939 1370 dicitur
2962 1315 3004 1348 ‘9
3054 1315 3330 1370 constitui
3379 1316 3638 1384 Apostoli
3669 1316 3877 1377 verbis,

2237 1387 2452 1456 quibus
2486 1386 2882 1452 mulieri,viro
2906 1403 3010 1440 suo
3044 1393 3295 1452 mortuo,
3321 1403 3522 1440 rursus
3551 1387 3609 1441 in
3634 1387 3880 1442 Domino

2238 1458 2498 1512 nubendi
2546 1463 2892 1529 potestatem
2945 1460 3102 1525 facit,
3137 1461 3237 1512 sed
3290 1456 3337 1511 si
3385 1459 3560 1512 vidua

2239 1530 2403 1601 serit,
2461 1530 2692 1601 beatam
2755 1529 3066 1601 pradicet;
3117 1529 3211 1584 his
3268 1530 3545 1585 omnibus

2239 1600 2627 1672 modisinihil
2690 1600 2846 1657 aliud
2905 1601 3156 1672 ipsemet
3215 1600 3369 1656 idem
3430 1605 3632 1656 auctor
3687 1600 3886 1656 noster

2238 1672 2350 1727 sibi
2377 1671 2577 1740 voluit,
2611 1673 2723 1729 nisi
2775 1671 3066 1729 secundas
3114 1674 3375 1744 nuptias,
3411 1679 3646 1744 propter
3693 1673 3883 1728 homi-

2239 1744 2333 1800 nis
2364 1744 2874 1816 incontinentiam,
2909 1745 3228 1816 apostolica
3269 1744 3640 1816 indulgentia
3688 1751 3745 1800 et
3788 1760 3880 1799 vc-

2241 1815 2331 1870 nia
2367 1815 2547 1871 fuisse
2578 1817 2920 1888 permissas,
2946 1815 3170 1888 easque
3199 1815 3570 1888 etiamsinon
3603 1817 3725 1872 sint
3756 1832 3881 1888 pec-

2237 1891 2454 1953 catum,
2503 1887 2657 1958 quod
2720 1889 2957 1958 quidem
3009 1887 3087 1943 ab,
3129 1887 3406 1960 Apostolo
3453 1888 3712 1960 permitti
3763 1887 3876 1943 non

2236 1960 2442 2031 potuit,
2475 1962 2649 2015 tantas
2680 1964 2880 2014 tamen
2916 1975 3028 2015 non
3061 1975 3188 2015 esse
3219 1960 3612 2030 perfectionis,
3644 1964 3880 2030 quantae

2234 2035 2324 2087 est
2354 2031 2444 2084 vid
2457 2031 3249 2104 uitatis,virginitatisque,et
3270 2037 3485 2087 sanctae
3505 2032 3877 2087 continentia:

2231 2105 2444 2159 status.

2307 2179 2380 2247 At
2406 2177 2610 2247 contra
2631 2178 2827 2247 tamen
2849 2174 3118 2247 insurget
3149 2173 3385 2246 aliquis,
3408 2191 3512 2230 nec
3532 2173 3731 2247 aliqua
3753 2172 3880 2247 sine

2236 2245 2371 2302 elati
2415 2246 2595 2302 animi
2645 2244 3053 2312 concitatione,
3087 2244 3264 2302 nobis
3299 2247 3536 2317 objiciet
3584 2244 3882 2316 ipsissima

2236 2318 2556 2373 Clementis
2597 2318 2781 2372 nostri
2814 2319 3008 2382 verba,
3041 2320 3257 2387 quibus
3299 2317 3691 2372 disertissime
3721 2333 3883 2371 asse-

2238 2390 2358 2444 ruit
2389 2405 2522 2443 eum
2547 2394 2666 2460 tam
2691 2389 2973 2444 catholica
2995 2390 3233 2457 sentire,
3259 2391 3357 2460 qui
3388 2391 3458 2444 ab
3485 2407 3599 2444 uno
3620 2390 3689 2444 ad
3716 2389 3884 2458 plura

2239 2459 2618 2516 matrimonia
2659 2461 3093 2532 prolapsionem
3147 2459 3357 2516 dixerit
3388 2478 3516 2516 esse
3551 2461 3884 2532 fornicatio-

2239 2549 2396 2599 nem,
2421 2548 2598 2604 quam
2647 2532 2744 2604 ille
2775 2531 3083 2588 haereticus
3114 2537 3222 2601 est,
3259 2535 3354 2604 qui
3391 2531 3884 2604 primumrmatri-

2240 2602 2506 2660 monium
2541 2603 2979 2660 fornicationem
3017 2604 3207 2660 dicere
3237 2602 3466 2660 audeat.
3496 2603 3672 2675 Atqui
3705 2602 3882 2658 forni-

2238 2677 2387 2732 catio
2419 2676 2618 2748 procul
2652 2676 2832 2748 dubio
2862 2681 2952 2732 est
2980 2681 3300 2747 peccatum.
3327 2676 3476 2748 Ergo
3507 2681 3563 2730 et
3591 2675 3882 2741 secundis,

2235 2747 2474 2819 atque’a
2507 2748 2730 2804 fortiori
2762 2747 2885 2803 aliae
2933 2748 3209 2820 deinceps
3242 2747 3456 2820 nuptiae
3491 2748 3561 2803 ab
3593 2765 3658 2803 eo
3691 2748 3882 2818 reipsa

2235 2820 2512 2876 dicuntur
2541 2836 2669 2875 esse
2703 2826 3026 2890 peccatum.

2307 2893 2412 2945 Sed
2451 2897 2646 2946 utrum
2681 2891 2802 2947 haec
2834 2908 2968 2946 vera
2999 2891 3076 2946 sit
3118 2890 3432 2946 Clementis
3472 2906 3632 2946 mens
3665 2893 3721 2944 et
3750 2905 3882 2944 sen-

2235 2963 2440 3026 tentia,
2475 2968 2540 3016 ut
2587 2963 2989 3033 dignoscatur,
3017 2963 3214 3017 omnia
3245 2963 3407 3016 illius
3438 2962 3613 3016 verba
3660 2961 3755 3016 hic
3788 2961 3881 3016 de-

2236 3033 2545 3088 scribenda
2578 3040 2752 3089 sunt:
2779 3057 2805 3084 «
2842 3035 2922 3088 Ad
2959 3051 3059 3089 eos
3107 3045 3323 3101 autem,
3359 3034 3551 3104 inquit
3572 3033 3642 3104 3°,
3665 3034 3882 3104 pudore

2236 3104 2576 3178 afficiendos
2607 3110 2663 3160 et
2703 3107 3121 3178 reprimendos,
3158 3105 3256 3178 qui
3306 3103 3456 3178 sunt
3496 3103 3776 3178 proclives
3808 3105 3878 3158 ad

2237 3177 2529 3250 secundas
2551 3177 2809 3250 nuptias,
2833 3181 2967 3250 apte
2991 3177 3301 3250 Apostolus
3326 3177 3442 3233 alto
3466 3177 3718 3248 quodam
3745 3182 3882 3230 tono

2237 3249 2552 3320 eloquitur.
2578 3249 2778 3320 Inquit
2824 3249 3019 3306 enim:
3053 3249 3195 3304 Ecce
3225 3265 3398 3304 omne
3448 3252 3884 3320 peccatumiest

2236 3319 2397 3376 extra
2427 3319 2806 3393 corpus;qui
2856 3325 3048 3376 autem
3103 3321 3525 3382 fornicatur,in
3577 3319 3882 3393 proprium

2235 3409 2448 3463 corpus
2482 3398 2700 3463 peccat.
2726 3392 2792 3447 ’Si
2829 3394 2959 3463 quis
2992 3397 3185 3447 autem
3230 3393 3670 3448 matrimonium
3707 3392 3887 3463 audet

2235 3462 2425 3519 dicere
2474 3462 2938 3529 fornicationem,
2975 3481 3182 3520 rursus
3230 3463 3414 3535 legem
3465 3470 3521 3519 et
3573 3462 3880 3535 Dominum

2235 3536 2898 3608 insectans,maledictis
2934 3534 3883 3608 impetit.0uemadmodumenim

2236 3607 2500 3680 avaritia,
2533 3613 2591 3664 et
2625 3608 2793 3680 plura
2835 3605 3086 3664 haben—di
3121 3608 3411 3679 cupiditas
3443 3607 3660 3663 dicitur
3697 3605 3882 3680 forni-

2235 3679 2403 3750 catio,
2437 3685 2501 3734 ut
2533 3679 2658 3748 quae
2703 3681 3043 3736 adversetur
3082 3680 3485 3744 sufficientia;
3543 3683 3598 3734 et
3648 3682 3710 3733 ut
3759 3679 3882 3750 ido-

2233 3749 2578 3806 lolatriatst
2631 3768 2700 3808 ex
2749 3769 2865 3807 uno
2914 3752 2971 3806 in
3022 3751 3240 3808 multos
3289 3753 3393 3809 Dei
3440 3750 3771 3816 attributio;
3805 3749 3887 3804 ita

2236 3823 2540 3879 fornicatio
2582 3830 2668 3879 est
2699 3824 2772 3879 ab
2827 3833 2942 3879 uno
2995 3823 3369 3880 matrimonio
3418 3825 3488 3879 ad
3540 3822 3709 3893 plura
3751 3838 3884 3893 pro-

2235 3894 2444 3967 lapsio.
2497 3917 2526 3945 »
2585 3897 2653 3950 At
2718 3897 3030 3964 quomodo,
3079 3896 3186 3967 uti
3249 3899 3374 3966 jam
3442 3895 3721 3962 diximus,
3790 3909 3884 3947 se-

2236 3966 2439 4022 cunda!
2485 3969 2704 4038 nuptiae
2737 3969 2807 4023 ab
2853 3966 3149 4037 Apostolo,
3184 3984 3250 4022 ac
3281 3969 3556 4039 deinceps
3596 3984 3628 4021 a
3677 3970 3879 4039 nostro

2235 4039 2531 4095 Clemente
2561 4037 2628 4093 ex
2673 4039 3038 4111 indulgentia
3069 4039 3327 4111 concedi
3357 4043 3415 4094 et
3463 4037 3735 4111 permetti
3780 4053 3882 4111 po-

2235 4115 2497 4181 tuerunt,
2531 4111 2578 4165 si
2611 4127 2742 4167 vere
2773 4109 2891 4167 sinit
2929 4110 3254 4180 fornicatio,
3287 4116 3344 4167 et
3373 4127 3439 4166 ea
3467 4109 3775 4166 fornicatio
3807 4109 3884 4163 sit

2235 4187 2538 4256 peccatum
2562 4182 2589 4256 ⁶ζ

2304 4257 2537 4309 Attente
2569 4254 2748 4325 igitur
2779 4253 3226 4324 expendendum
3252 4258 3340 4308 est
3371 4252 3512 4324 quid
3546 4250 3882 4325 fornicatiof

2234 4326 2327 4381 nis
2361 4322 2889 4380 nomine'Clemen's
2919 4325 3291 4380 intellexerit.
3314 4322 3528 4379 Tribus
3556 4333 3772 4383 autem,
3799 4322 3883 4376 uti

2231 4397 2358 4468 ipse
2389 4397 2488 4468 ait,
2513 4396 2703 4468 modis
2737 4396 3065 4468 fornicatio,
3099 4396 3217 4452 imo
3248 4402 3303 4451 et
3334 4395 3713 4468 adulterium,
3746 4392 3781 4461 ἥ
3824 4412 3881 4446 τι

2231 4465 2477 4542 τξορνείᾳ,
2499 4466 2618 4542 ﬁt;
2643 4465 2866 4542 μοιχεία
2889 4469 3042 4542 apud
3068 4469 3408 4542 Apostolum
3434 4467 3708 4522 sumitur.
3728 4472 3876 4522 Nam

2231 4539 2473 4613 avaritia
2505 4539 3078 4613 ab‘ipso’fornicatio
3116 4539 3483 4613 appellatur;
3517 4543 3718 4613 utpote
3749 4555 3877 4613 quae

2231 4611 2498 4684 opposita
2548 4609 2643 4667 sit'
2669 4609 2976 4684 αὐταρκείᾳ,
3023 4609 3179 4684 (μηδ’
3203 4609 3293 4668 est
3340 4609 3604 4681 habitus,
3645 4611 3726 4665 ita
3769 4609 3877 4684 ille

2231 4682 2488 4754 loquitur
2510 4685 2632 4756 ²¹,ν‹‹
2663 4683 2736 4739 iis
2768 4682 2984 4756 quibus
3026 4682 3274 4756 oportet,
3304 4688 3647 4756 contentus,
3672 4687 3728 4739 et
3775 4682 3876 4754 qui

2233 4771 2332 4825 per
2353 4772 2414 4812 se
2435 4755 2684 4828 acquirit
2706 4755 2936 4826 ea,quae
2959 4757 3028 4812 ad
3054 4755 3281 4813 beatam
3311 4758 3484 4812 vitam
3514 4755 3880 4828 conferunt.»

2232 4828 2500 4900 Secundo
2525 4826 2672 4900 dicit
2699 4828 3092 4883 idololatriam
3127 4830 3198 4884 ab
3239 4830 3440 4885 eodem
3474 4826 3878 4900 Apostolo_vo-

2230 4899 2348 4972 cari
2401 4899 2869 4972 fornicationem,
2904 4901 3040 4972 quia
3073 4906 3162 4955 est
3191 4924 3218 4951 ‹‹
3254 4919 3319 4956 ex
3374 4917 3490 4956 uno
3525 4897 3597 4954 'in
3655 4897 3875 4954 multos

2233 4971 2329 5026 Dei
2363 4971 2668 5026 attributio
2700 4987 2712 5026 :
2742 4993 2769 5044 η
2803 4971 3089 5044 εἱγεᾳυὶθ
3123 4989 3230 5027 nos
3261 4974 3332 5027 ab
3365 4989 3480 5028 uno
3512 4977 3570 5025 et
3601 4986 3731 5024 vero
3767 4974 3877 5044 Deo

2229 5046 2522 5110 avertens,
2546 5044 2613 5098 ad
2651 5042 2868 5099 multos
2895 5040 3156 5115 adeoque
3193 5045 3370 5100 falsos
3401 5045 3537 5115 deos
3569 5040 3874 5115 convertit.

2231 5116 2440 5169 Eadem
2476 5116 2675 5185 itaque
2724 5117 2949 5171 ratione
2997 5113 3264 5172 secunde
3297 5121 3350 5171 et
3383 5114 3504 5168 alia:
3555 5113 3768 5184 nuptiae
3803 5113 3874 5185 ab

2228 5185 2328 5241 illo
2358 5184 2598 5242 tertium
2633 5204 2699 5242 ac
2739 5187 2930 5242 simile
2967 5188 3366 5243 fornicationis
3398 5202 3582 5255 genus
3613 5201 3740 5239 esse
3780 5184 3874 5236 di-

2227 5263 2470 5324 cuntur;
2503 5259 2779 5330 quoniam
2815 5259 3112 5314 hominem
3140 5259 3210 5314 ab
3245 5275 3309 5313 ea
3342 5256 3717 5330 perfectione,
3742 5271 3872 5330 quae

2227 5329 2285 5384 in
2322 5327 2921 5401 primo—matrimonio
2960 5337 3068 5396 est,
3101 5327 3356 5401 pr0pter’
3383 5330 3571 5401 ipsius
3620 5327 3873 5382 inconti-

2229 5401 2511 5469 nentiam,
2541 5403 2841 5457 abducunt
2863 5418 2928 5455 ac
2961 5408 3277 5457 removent.

2299 5472 2578 5528 Caeterum
2635 5473 2904 5544 quamvis
2948 5474 3224 5528 Clemens
3275 5472 3568 5528 secundas
3619 5475 3794 5544 atque
3844 5485 3878 5524 a

2227 5544 2448 5599 fortiori
2498 5543 2957 5616 alias’deinceps
3007 5544 3244 5615 nuptias
3293 5548 3490 5614 aperte
3537 5543 3874 5616 cujusdam,

2227 5619 2497 5688 argueret
2519 5613 3000 5688 imperfectionis,
3029 5633 3058 5670 a
3084 5613 3562 5688 plurium’tamcn
3591 5613 3879 5688 antiquis-

2228 5686 2513 5744 simorum
2545 5686 2814 5744 Ecclesizn
2848 5686 3226 5743 Patrum'non
3260 5689 3553 5743 recederet
3582 5686 3878 5757 opinione,

3648 1475 3880 1513 erman-

3625 1530 3879 1601 oquendi

2498 5831 2713 5900 p.456.
2794 5831 2837 5864 ¹⁴
2867 5829 3111 5885 Dissert.
3165 5847 3386 5898 super,
3442 5848 3492 5887 c.
3545 5832 3600 5893 5,
3647 5833 3757 5900 art.
3809 5829 3866 5886 3.

2309 5904 2351 5938 ¹⁸
2384 5919 2439 5974 ρ.
2475 5899 2597 5956 4⁷57.
2676 5903 2720 5937 ¹⁰
2751 5920 2803 5974 p.
2841 5901 2962 5955 459.
3044 5901 3090 5936 ²⁰
3121 5919 3172 5974 p.
3210 5904 3331 5957 464.
3413 5905 3456 5940 ²¹
3491 5903 3639 5959 Ρωᾶ.
3673 5899 3776 5956 lib.
3804 5917 3865 5970 tt,
