4114 6398
302 402 441 459 1179

306 531 378 585 de
408 546 528 602 qua
569 546 679 586 nos
716 534 862 587 tom.
898 530 945 587 ΙΙ
998 531 1113 602 App

305 602 333 671 §
362 602 410 655 4.
432 600 558 657 Sed
591 607 799 673 praeter
829 600 1053 657 multos
1078 600 1119 657 'a
1149 603 1321 658 nobis
1350 601 1469 657 illic
1498 601 1791 667 laudatos,
1814 600 1960 656 alios

306 691 340 728 a
369 674 655 729 Cotelerio
702 675 760 729 in
795 674 922 731 suis
951 674 1020 730 ad
1055 676 1304 731 Pastoris
1337 673 1558 729 librum
1604 672 1960 729 observatio-

305 746 439 801 bus.
479 762 532 816 p.
565 746 657 815 64,
690 745 884 800 adhuc
916 747 1129 802 citatos
1159 746 1440 802 invenies.

380 816 935 899 Clementemporro
959 819 1029 899 de
1053 819 1329 899 seeundis
1356 820 1487 887 post
1516 815 1783 899 cpnjugis
1807 832 1961 899 mor:

308 892 426 970 tem
458 886 1106 970 nuptiisdiSputanteni
1134 886 1419 970 hactenus
1442 886 1963 970 audivimusouid

310 965 507 1015 autem
544 959 638 1015 ille
663 961 735 1015 de
755 959 967 1017 veteris
996 961 1328 1016 testamenti
1365 959 1963 1031 patriarcharum,qui

312 1031 511 1104 plures
534 1032 713 1087 simul
739 1049 949 1089 uxores
974 1032 1288 1098 habebant,
1313 1031 1962 1104 polygamia,_d_ocuerit,

310 1102 755 1176 strictimjuvat
806 1106 1111 1176 attingere.
1144 1104 1379 1160 Fatetur
1408 1102 1603 1159 autem
1658 1102 1844 1167 illam,
1876 1107 1960 1157 ta-

314 1174 488 1230 metsi
520 1175 870 1247 Christianis
918 1174 1157 1247 omnino
1201 1177 1397 1247 vetita
1434 1176 1532 1243 sit,
1559 1176 1721 1247 justa
1769 1180 1964 1230 tamen

313 1262 493 1301 causa
525 1246 707 1302 fuisse
743 1247 1094 1314 patriarchis
1129 1246 1243 1301 illis
1284 1246 1641 1319 abipsomet
1680 1246 1796 1319 Deo
1826 1263 1964 1319 eon-

313 1334 564 1390 ressam.
608 1340 635 1367 ι(
666 1322 829 1373 Tunc
879 1320 1060 1387 enim,
1113 1319 1306 1390 inquit
1354 1318 1538 1384 ille",
1584 1318 1640 1373 id
1697 1318 1963 1388 exigebat

310 1389 489 1471 Deus,
506 1391 742 1471 quando
774 1391 1081 1471 eportebat
1110 1389 1297 1462 genus
1319 1391 1647 1471 humanum
1672 1390 1871 1471 augeri
1908 1393 1965 1444 et

312 1460 751 1532 multiplicarim
776 1460 854 1518 De
884 1460 1208 1518 Abrahamo
1248 1469 1440 1518 autem
1485 1460 1836 1518 nominatim
1864 1476 1960 1532 eo-

313 1532 445 1586 dem
482 1531 655 1603 plane
688 1534 859 1589 modo
893 1535 1233 1603 pronuntiat
1258 1535 1303 1569 ²³
1327 1552 1339 1589 ;
1365 1557 1392 1583 ‹‹
1428 1535 1506 1589 Ex
1546 1533 1735 1590 tribus
1768 1531 1961 1587 uxori-

312 1604 426 1676 bus
460 1605 674 1659 liberos
707 1611 1067 1676 susceperat,
1091 1623 1206 1661 non
1232 1611 1297 1661 ut
1329 1606 1622 1662 frueretur
1642 1603 1961 1676 voluptate,

311 1675 414 1749 sed
447 1677 602 1745 quod
634 1674 993 1749 speraret,ut
1024 1677 1264 1749 puto,in
1292 1678 1576 1749 principio
1598 1674 1963 1749 genusmul-

310 1746 599 1816 tiplicare.
626 1770 653 1797 »
672 1746 863 1811 Quam
900 1746 1135 1818 quidem
1170 1746 1565 1815 rationem,'ut
1597 1746 1837 1804 minime
1860 1748 1964 1802 du-

309 1818 489 1891 biam,
508 1835 575 1875 ac
604 1820 846 1891 omnino
886 1824 1101 1876 certam
1150 1820 1366 1891 profert
1404 1819 1752 1876 Ambrosius
1773 1820 1838 1886 ",
1872 1820 1961 1874 fu-

308 1890 555 2016 siusgue
585 1890 1128 1973 explicat.”llidesis,
1154 1890 1205 1947 si
1234 1892 1428 2016 placet
1449 1897 1508 1975 et
1530 1897 1715 1962 vacat,
1741 1908 1868 1963 quas
1902 1892 1960 1946 in
1991 1903 2038 1971 Β

308 1976 436 2016 eius
483 1979 575 2016 em
609 1963 899 2016 Ambrosii
945 1963 1129 2016 libros
1158 1981 1223 2016 su
1274 1969 1698 2016 notav1mus.et
1729 1980 1856 2016 ante
1886 1963 1958 2016 de

303 1976 575 2028 ejusuem
609 1976 899 2019 ambrosii
946 1976 1129 2020 ltDPOB
1158 1976 1698 2034 subnotav1mus,et
1729 1980 1856 2035 quae
1886 1976 1958 2018 ae

302 2034 622 2107 Abrahami
652 2034 1048 2107 _aliorumque
1105 2035 1571 2107 patriarcharum
1625 2034 1960 2107 polygamia

301 2105 557 2177 theologi
584 2105 919 2162 scholastici
939 2105 998 2162 in
1033 2124 1087 2163 IV
1109 2105 1381 2176 Sentent.,
1405 2105 1668 2163 distinct.
1693 2105 1783 2173 35,
1807 2112 1865 2162 et
1897 2107 1955 2160 in

309 2177 369 2232 D.
404 2178 614 2234 Thom.
648 2178 943 2251 supplem.
973 2184 1162 2251 quiest
1206 2181 1297 2244 65,
1332 2182 1442 2236 art.
1470 2181 1525 2249 2,
1556 2180 1955 2249 disputarunt.

854 2276 1255 2334 ARTICULUS
1298 2277 1398 2333 IIl.

416 2363 491 2418 De
522 2363 880 2420 matrimonii
909 2365 1136 2422 vinculo
1171 2382 1464 2437 nunquam
1490 2365 1851 2422 dissoluenda.

380 2465 567 2529 Quam
592 2468 824 2519 arctum
846 2468 900 2520 et
921 2463 1333 2521 indissolubile
1352 2465 1430 2521 sit
1454 2465 1813 2521 matrimonii
1837 2466 1958 2521 vin-

307 2536 510 2590 culum
535 2534 628 2589 his
644 2534 913 2607 Clemens
939 2542 1136 2591 noster
1157 2536 1406 2607 explicat
1430 2537 1623 2593 verbis
1645 2538 1690 2572 ³⁵
1714 2555 1770 2594 :«
1795 2539 1959 2603 Quod

308 2611 504 2661 autem
537 2605 837 2662 consuluit
869 2608 1169 2678 Scriptura
1220 2605 1459 2664 uxorem
1510 2610 1743 2673 ducere,
1766 2616 1825 2665 et
1857 2626 1960 2665 nec

307 2694 340 2733 a
381 2679 662 2762 conjugio
710 2695 984 2762 unquam
1044 2680 1332 2762 permittit
1387 2681 1708 2747 discedere,
1768 2681 1955 2762 legem

311 2754 509 2818 aperte
558 2750 900 2805 constituit:
940 2750 1060 2824 Non
1094 2752 1360 2808 dimittes
1408 2769 1669 2820 uxorem,
1721 2750 1958 2824 przeter-

309 2837 490 2893 quam
541 2825 776 2893 propter
826 2823 1292 2879 fornicationem.
1331 2823 1733 2880 Adulterium’
1762 2829 1957 2881 autem

310 2892 607 2968 existimet
628 2894 907 2968 conjungi
931 2896 1332 2968 matrimonio,
1354 2896 1478 2951 vivo
1503 2895 1684 2952 altero
1706 2913 1773 2952 ex
1795 2914 1958 2968 sepa-

310 2964 474 3037 ratis.
501 2987 530 3014 ››
558 2966 730 3037 Docet
760 2964 956 3037 itaque
986 2967 1282 3024 neminem
1304 2968 1377 3024 ad
1405 2968 1728 3024 ineundum
1763 2964 1960 3025 matri-

310 3036 573 3092 monium
605 3036 727 3093 ulla
768 3036 1078 3112 Scripturae
1110 3039 1243 3112 lege
1266 3039 1543 3112 astringi;
1577 3041 1678 3096 sed
1711 3040 1808 3095 ubi
1843 3040 1959 3095 ini-

313 3111 437 3162 tum
471 3113 579 3176 est,
602 3113 744 3186 tu_n_c
774 3111 990 3186 conjux
1007 3111 1204 3167 divina
1232 3111 1359 3183 lege
1390 3111 1625 3169 tenetur
1646 3113 1958 3186 conjugem

313 3195 620 3250 nunquam
652 3181 966 3238 dimittere.

483 1979 575 2018 em
609 1963 899 2035 Ambrosii
945 1963 1129 2020 libros
1158 1963 1698 2034 subnotavimus,et
1729 1980 1856 2035 quae
1886 1963 1958 2035 de

996 409 1073 462 IN
1110 408 1567 462 CLEMBNNBM
1606 406 1820 460 ALBX.
1861 407 1931 459 D.
1972 404 2064 459 LE
2100 404 2401 461 NOURBY
2437 407 2915 462 DISSERTATIO
2951 408 3024 461 II.

1114 535 1296 596 arat.,
1348 530 1585 586 dissert.
1635 530 1691 599 3,
1740 546 1868 601 cap.
1901 529 1958 599 5,
1988 529 2042 597 Α

3584 406 3722 463 1180

2074 544 2205 603 rum
2236 528 2541 603 Mosaical,
2563 533 2630 585 ut
2653 529 2941 603 reprimat
2970 531 3042 586 ad
3076 530 3215 603 vitia
3246 530 3720 603 propensionem,

2066 600 2233 673 jubet
2264 600 2333 655 de
2367 601 2559 673 medio
2584 600 2899 673 tollieam,
2925 619 3054 673 quae
3087 600 3437 672 adulterata,
3468 609 3525 658 et
3553 600 3721 659 adulé

2073 671 2198 726 terii
2234 671 2404 727 fuerit
2429 672 2719 742 convicta;
2751 674 2839 728 sin
2866 671 3061 729 autem
3087 675 3264 730 fuerit
3284 671 3430 730 uxor
3451 676 3722 732 sacerdo-

2073 743 2167 809 tis,
2195 743 2365 817 jubet
2395 760 2522 817 eem
2558 746 2678 817 igni
2713 744 2902 800 tradi?
2938 745 3220 802 Obruitur
3260 751 3459 801 autem
3490 747 3724 804 adulter

2074 831 2305 898 queque
2333 814 2655 898 lapidibus,
2678 818 2777 871 sed
2813 834 2927 898 non
2959 817 3256 898 in_eodem
3286 817 3531 898 loco,_ne
3562 836 3722 876 mors

2073 888 2313 958 quidem
2364 888 2442 942 sit
2496 888 2581 943 eis
2630 890 2984 945 communis.
3018 890 3219 956 Neque
3266 906 3398 945 vero
3447 888 3538 945 lcx
3584 908 3721 948 cum

2072 957 2382 1041 Evangelia
2414 969 2655 1041 pugnat,
2682 962 2781 1015 sed
2823 961 2875 1041 e_i
2904 963 3245 1041 consentit;
3278 961 3482 1041 quidpi
3535 963 3719 1033 enim,

2072 1031 2300 1115 cumsit
2320 1031 3050 1115 utriusquesuppedltator
3067 1033 3391 1115 Dominus?
3409 1034 3544 1115 Quae
3562 1031 3720 1115 enim

2071 1113 2156 1158 est
2189 1102 2492 1177 fornicata,
2508 1103 2647 1158 vivit
2675 1102 2914 1175 quidem
2951 1111 3208 1177 peccato,
3237 1106 3338 1177 sed
3373 1111 3605 1177 mortua
3633 1112 3725 1162 est

2074 1174 2397 1258 mandatis;
2432 1191 2557 1258 quae
2585 1174 2778 1258 autem
2804 1174 2979 1231 ducta
3009 1181 3099 1231 est
3119 1174 3484 1258 paenitentia,
3502 1182 3570 1258 ut
3589 1193 3723 1258 quae

2072 1247 2149 1300 sit
2180 1251 2522 1318 regenerata
2562 1262 2664 1318 per
2702 1247 2829 1301 vitae
2873 1247 3333 1315 conversionem,
3367 1247 3545 1305 habet
3594 1247 3722 1303 vita:

2072 1317 2592 1390 regenerationem,
2609 1325 2839 1374 mortua
2862 1320 3098 1390 quidem
3116 1324 3309 1375 vetere
3334 1319 3723 1387 fornicatrice,

2071 1389 2129 1443 in
2163 1388 2567 1473 vitamhaut‘em
2598 1405 2805 1473 rursus
2837 1388 3220 1473 iiigre_see_ea,
3243 1397 3486 1473 quaeest
3516 1393 3722 1473 genita

2112 1477 2175 1515 er
2206 1460 2628 1528 pmnitentiam.
2653 1484 2682 1513 »
2707 1460 2949 1517 Planum
2974 1462 3052 1517 ibi
3079 1460 3343 1518 Clemens
3367 1463 3501 1517 facit
3520 1460 3585 1518 in
3611 1465 3724 1519 hoc

2094 1548 2258 1605 egem
2291 1537 2539 1605 veterem
2573 1550 2704 1588 cum
2739 1533 3070 1605 evangelica
3103 1534 3457 1600 consentire,
3484 1541 3549 1590 ut
3579 1552 3727 1591 uxor

2072 1602 2346 1679 adulterii
2379 1604 2659 1679 convicta
2691 1605 2776 1679 de
2806 1602 2999 1679 medio
3050 1605 3320 1679 tollaturi
3343 1606 3457 1661 Lex
3499 1607 3723 1679 quippe

2071 1680 2236 1749 vetus
2258 1676 2430 1749 jubet
2460 1692 2588 1731 eam
2611 1677 2779 1732 obrui
2807 1677 3125 1749 lapidibus,
3148 1682 3250 1732 aut
3274 1677 3323 1733 si
3353 1694 3499 1733 uxor
3520 1676 3607 1733 sit
3627 1676 3722 1733 s'a-

2073 1748 2350 1820 cerdotis,
2383 1748 2529 1820 igne
2560 1748 2845 1820 comburi.
2872 1748 2997 1804 Lex
3027 1765 3161 1805 vero
3191 1749 3529 1820 evangelica
3557 1749 3723 1805 illam

2074 1819 2366 1891 mandatis
2396 1824 2455 1891 et
2484 1818 2610 1875 vitae
2643 1819 2937 1891 spirituali
2970 1825 3263 1876 mortuam
3296 1818 3574 1877 declarat.
3607 1822 3722 1878 Sed

2070 1890 2191 1947 haec
2214 1907 2363 1946 nova
2394 1890 2646 2019 lex,quaa
2678 1890 2856 1947 veteri
2891 1892 3056 1961 longe
3087 1893 3409 1964 plurimum
3442 1909 3723 1949 mansue-

2070 1963 2270 2018 tudine
2302 1962 2527 2019 antecel
2555 1963 2622 2019 it.
2641 1962 2971 2019 adulteram
3007 1964 3258 2019 interﬁci
3290 1981 3404 2019 non
3433 1964 3720 2019 praecinit.

2066 1963 2270 2036 tudine
2302 1962 2622 2036 antecellit,
2641 1962 2971 2036 adulteram
3007 1962 3258 2020 interﬁci
3290 1981 3404 2020 non
3433 1964 3720 2036 praecipit,

2068 2038 2134 2089 ut
2162 2035 2332 2089 detur
2362 2034 2471 2106 ipsi
2519 2034 2838 2105 pmnitendi
2886 2034 3073 2103 locus,
3098 2053 3163 2092 ac
3212 2034 3451 2091 sincera
3470 2052 3724 2105 veraque

2107 2106 2408 2162 (enitentis
2440 2106 2511 2161 ad
2544 2107 2970 2179 vitamscilicet
2992 2107 3359 2179 spiritualem
3394 2114 3719 2164 revocetur.

2065 2123 2408 2233 pmnuenna
2440 2123 2511 2161 au
2544 2123 2721 2162 Vitam
2745 2123 2970 2163 scilicet
2992 2123 3359 2179 spiritualem
3394 2123 3719 2164 revocetur.

2115 2183 2207 2234 ost
2223 2184 2413 2233 actam
2439 2194 2609 2250 porro
2630 2177 2869 2235 sceleris
2884 2179 2974 2235 sui
3003 2179 3407 2250 paenitentiam
3430 2181 3500 2235 ad
3525 2181 3724 2234 virum

2066 2266 2238 2323 suum
2271 2248 2502 2323 reverti,
2534 2256 2591 2305 et
2620 2252 2692 2305 ab
2718 2251 2846 2322 ipso
2872 2248 3096 2323 suscipi
3129 2257 3338 2321 potest.
3362 2250 3487 2307 Non
3520 2250 3726 2323 existi-

2068 2322 2247 2393 mavit
2276 2337 2414 2393 ergo
2435 2320 2701 2377 Clemens
2726 2320 3171 2379 matrimonium
3205 2323 3494 2379 adulterio
3525 2322 3606 2378 ita
3635 2321 3726 2378 di-

2068 2392 2226 2461 rimi,
2278 2392 2661 2466 ut’secundo,
2696 2398 2894 2466 postea
2929 2395 3204 2466 conjugio
3228 2394 3404 2450 etiam
3429 2394 3733 2450 innocenti

2066 2464 2303 2535 conjugi
2344 2464 2607 2533 copulari
2641 2464 2728 2521 fas
2768 2465 2964 2522 fuerit.
2995 2464 3245 2522 Alteram
3278 2467 3434 2522 enim
3480 2482 3727 2522 uxorem

2070 2536 2119 2591 si
2150 2538 2237 2592 vir
2269 2536 2554 2610 duxisset,
2588 2554 2702 2593 non
2735 2538 2936 2610 utique
2969 2539 3259 2608 potuisset
3284 2537 3544 2609 amplius
3568 2540 3728 2610 prio-

2069 2607 2554 2681 rem‘adulteram
2581 2607 2894 2681 recipere;
2927 2607 3105 2681 quam
3155 2614 3355 2666 tamen
3392 2607 3727 2681 postquam

2071 2678 2474 2754 paenitentiam
2504 2679 2646 2751 egit,
2678 2681 2751 2737 ab
2793 2680 2921 2754 ipso
2944 2678 3732 2754 _suscipiendam'esse'Cle-

2071 2768 2235 2807 mens
2268 2752 2636 2807 testiﬁcatur.

2140 2824 2254 2879 Nec
2285 2830 2371 2878 est
2401 2840 2561 2890 sane,
2586 2824 2739 2894 quod
2772 2823 2905 2894 quis
2936 2823 3107 2879 nobis
3137 2823 3379 2893 objiciet
3410 2823 3726 2893 Clementi,

2066 2899 2125 2976 et
2145 2895 2582 2976 antiquissimis
2600 2894 2870 2976 Ecclesiae
2889 2895 3182 2976 Patribus,
3201 2895 3437 2976 penitus
3461 2896 3731 2976 ineogni-

2069 2972 2192 3022 tam
2225 2965 2407 3022 fuisse
2428 2968 2816 3039 excogitatam
2841 2984 2875 3023 a
2893 2965 3264 3039 scholasticis
3284 2965 3575 3038 theologis
3599 2965 3729 3022 ma-

2068 3039 2334 3094 trimonii
2367 3041 2557 3111 quoad
2582 3038 2802 3095 itorum
2830 3043 2893 3111 et
2922 3040 3114 3111 quoad
3147 3038 3446 3111 vinculum
3470 3110 3476 3111 ί
3497 3039 3728 3111 disiun-

2069 3111 2345 3182 ctionem.
2383 3109 2461 3165 Ex
2492 3111 2746 3181 ipsemet
2792 3109 3086 3182 siquidem
3120 3109 3402 3182 Apostolo
3433 3110 3519 3166 sic
3562 3110 3731 3166 illam

2070 3180 2339 3238 Clemens
2364 3180 2631 3251 probavit
2652 3182 2696 3219 ³³
2722 3198 2770 3237 :«
2796 3180 2959 3248 Quod
2992 3199 3061 3239 ex
3083 3180 3375 3238 consensu
3401 3183 3470 3238 ad
3495 3186 3735 3252 tempus

384 3250 597 3335 verum
631 3252 867 3344 quidem
894 3258 1008 3344 est,
1030 3254 1304 3344 inquiunt
1331 3252 1535 3344 aliqui,
1560 3253 1956 3311 arctissimum
1992 3275 2036 3344 ρ
2075 3254 2324 3344 pretiosi
2348 3250 2514 3337 vacat
2540 3253 3190 3344 epnjiugiu'mﬁoctrina
3219 3258 3308 3310 est
3331 3250 3730 3338 continentiae.

309 3323 574 3398 coniugii
600 3324 1010 3398 vinculumiibi
1036 3344 1070 3382 a
1089 3326 1384 3382 Clemente
1410 3323 1785 3398 summopere
1805 3343 1960 3398 com-

312 3395 690 3470 mendari._At
715 3398 857 3468 quia
886 3397 1105 3470 ibidem
1139 3398 1352 3469 adjecit
1379 3395 1524 3466 πλὴν
1559 3395 1605 3450 εἰ
1640 3395 1717 3470 μὴ
1750 3396 1834 3453 ἐπὶ
1868 3396 1961 3453 λό-

308 3486 395 3538 γῳ
420 3466 693 3538 πορνείας,
713 3466 849 3542 inde
872 3469 1145 3542 celligere
1167 3466 1229 3525 se
1252 3466 1654 3542 posseputant
1675 3470 1956 3542 Clementi

311 3555 661 3610 persuasum
687 3541 876 3598 fuisse
906 3540 1035 3597 hoc’
1061 3541 1218 3597 idem
1253 3540 1631 3598 'matrimonii
1662 3541 1959 3599 vinculum

313 3609 839 3685 edulteriorevera
879 3616 936 3668 et
978 3611 1241 3685 dissolvi,
1270 3619 1328 3669 et
1377 3613 1673 3669 innocenti
1724 3614 1963 3685 conjugi

312 3682 551 3738 licuisse
573 3684 757 3750 aliud,
782 3701 916 3739 cum
939 3683 1133 3751 vellet,
1158 3686 1304 3740 inire
1326 3686 1790 3741 matrimonium.
1810 3682 1964 3752 Quo-

310 3754 465 3808 circa
491 3755 643 3827 quod
680 3756 976 3812 subnectit
1002 3757 1270 3813 Clemens
1309 3756 1663 3812 adulterium
1696 3774 1846 3827 esse,
1878 3757 1962 3812 vi-

306 3826 779 3907 ven_te_conjuge,
806 3828 1489 3907 matrimonioeopulari,
1517 3828 1595 3907 ih_i
1628 3830 1795 3885 aiunt
1824 3826 1963 3907 sub-

311 3896 525 3969 audiri,
556 3896 794 3969 exce‘pta
841 3899 1248 3957 fornicationis
1279 3896 1489 3969 causa;
1525 3900 1598 3955 ob
1629 3917 1760 3956 eam
1804 3902 1962 3956 enim

313 3968 501 4043 spiam
552 3968 901 4041 secundum,
932 3974 1157 4028 vivente
1206 3968 1483 4043 conjuge,
1520 3972 1960 4029 matrimonium

311 4039 542 4097 licitum
569 4058 702 4116 esse
755 4039 980 4116 putavit
1011 4063 1025 4101 :
1059 4061 1176 4116 qua
1206 4039 1446 4116 quidem
1479 4059 1658 4099 causa
1704 4044 1963 4115 sublata,

312 4117 470 4168 esset
501 4113 694 4184 reipsa
724 4113 1106 4171 adulterium.

383 4184 493 4241 Sed
528 4202 800 4242 veremur
841 4204 915 4244 ne
942 4186 1004 4243 hi
1036 4186 1352 4243 Clementis
1403 4189 1657 4242 mentem
1705 4187 1962 4244 assecuti

313 4272 430 4311 non
462 4257 698 4330 _fuerint.
721 4259 872 4315 Audi
894 4259 1301 4330 enim,quaaso,
1319 4257 1456 4329 quid
1483 4266 1684 4330 postea
1708 4259 1804 4315 Ille
1826 4261 1961 4315 sub-

316 4328 503 4402 texuit
522 4329 658 4386 ":u
692 4330 799 4396 Qui
845 4335 1042 4387 autem
1074 4328 1383 4388 dimissam
1433 4328 1645 4402 accipit
1699 4347 1958 4400 uxorem,

318 4400 882 4477 mosehatur,_inquit
904 4420 923 4477 :_
943 4403 1003 4459 Si
1026 4404 1162 4475 quis
1191 4402 1350 4477 enim
1378 4400 1673 4477 dimiserit
1701 4420 1963 4477 uxorem,

316 4471 646 4547 meechatur
671 4471 886 4545 ipsam,
912 4475 1019 4547 hoc
1042 4471 1132 4531 est
1161 4475 1317 4547 cogit
1344 4491 1474 4530 eam
1507 4475 1808 4531 mcechari.
1833 4471 1961 4531 Non

315 4542 506 4616 solum
541 4542 736 4602 autem
757 4547 859 4616 qui
885 4546 1131 4613 dimisit,
1155 4542 1396 4616 est'ejus
1423 4563 1624 4614 causa,
1648 4548 1749 4603 sed
1782 4548 1962 4604 etiam

310 4614 410 4697 qui
443 4631 571 4671 eam
604 4614 873 4697 suscipit,
904 4620 1168 4689 praabens
1212 4614 1448 4697 mulieri
1479 4619 1758 4697 peccandi
1794 4636 1962 4697 oeca—

312 4688 577 4753 sionem;
609 4688 863 4762 silenim
910 4688 1028 4746 non
1083 4689 1388 4762 suscipiat,
1422 4695 1744 4762 revertetur
1773 4692 1844 4746 ad
1876 4690 1966 4745 vi-

311 4773 466 4813 rum.
495 4779 522 4811 ι
546 4759 717 4826 Quid,
747 4763 990 4818 obsecro
1038 4765 1114 4827 te,
1157 4759 1279 4818 haec
1327 4760 1442 4816 sibi
1489 4760 1733 4817 volunt?
1761 4765 1967 4819 Nonne

315 4828 586 4904 Clemens
617 4832 697 4888 ibi
729 4833 1118 4889 disertissime
1139 4832 1438 4904 significat
1460 4834 1818 4904 matrimonii
1840 4833 1965 4890 vin-

317 4901 520 4959 culum
547 4904 727 4977 etiam
773 4906 928 4962 πω)
960 4901 1225 4977 ριξοριειιΓ
1242 4903 1687 4977 fornicationem
1738 4923 1855 4962 non
1888 4907 1969 4963 ita

319 4988 449 5030 esse
493 4975 756 5032 solutum
789 4981 855 5033 ut
882 4975 1141 5033 dimissae
1172 4976 1404 5031 mulieri
1436 4975 1607 5033 liceat
1635 4977 1802 5034 alteri
1844 4980 1969 5035 viro

319 5046 562 5110 nubere,
595 5052 701 5104 aut
746 5048 803 5103 in
850 5065 1091 5104 uxorem
1141 5048 1215 5120 ab
1263 5047 1720 5120 alteroﬂaccipi?
1765 5051 1971 5106 Nonne

318 5133 594 5192 expresse
650 5120 827 5175 tradit
875 5122 998 5192 fore
1024 5124 1091 5176 ut
1131 5119 1252 5182 illa.
1286 5119 1335 5177 si
1365 5119 1508 5192 nulli
1563 5119 1853 5192 nupserit,
1896 5121 1967 5176 ad

318 5190 508 5263 virum
542 5191 914 5248 revertatur?
958 5191 1078 5247 Hoc
1120 5192 1301 5263 igitur
1330 5191 1577 5248 divortio
1625 5190 1772 5247 nihil
1808 5191 1967 5248 aliud

320 5261 610 5325 Clemens,
645 5263 757 5319 nisi
803 5264 991 5319 solam
1026 5261 1224 5320 uxoris
1253 5281 1287 5321 a
1314 5264 1441 5319 viro
1484 5264 1969 5333 disiunctionem,

322 5333 462 5401 sive,
497 5340 562 5389 ut
607 5333 861 5404 theologi
886 5334 1254 5407 loquuntur,
1287 5336 1625 5407 conjugum,
1658 5336 1972 5407 quoadto-

322 5422 476 5532 rudmt,
498 5423 613 5462 non
633 5408 825 5479 quoad
845 5406 1145 5465 vinculum
1164 5405 1595 5479 separationem
1613 5405 1974 5463 intellexisse

322 5494 368 5532 v1
416 5495 447 5532 e
479 5495 567 5532 ur.

320 5477 567 5535 videtur.

388 5551 456 5605 Et
486 5567 546 5604 re
574 5550 811 5620 quidem
864 5551 995 5623 ipsa
1038 5551 1196 5607 hunc
1245 5565 1375 5606 esse
1422 5547 1973 5623 Clementisnostri

319 5636 561 5678 sensum
587 5639 654 5678 ea
684 5620 1038 5690 adhuciquze
1061 5623 1529 5692 subsequuntur,
1548 5620 1705 5677 haud
1727 5620 1975 5692 obscure

320 5692 752 5751 demonstrant.
779 5694 972 5766 Pergit
991 5694 1149 5750 enim
1174 5694 1218 5728 ²“¹
1244 5691 1292 5747 τί·
1319 5692 1469 5757 Quid
1496 5708 1632 5749 vero
1660 5692 1749 5749 lex
1770 5691 1973 5763 (nimi-

323 5904 362 5959 1.
398 5877 1314 5974 "75125;."asserente“:
1349 5877 1423 5943 "1’s

322 5975 557 6034 dissert.
588 5977 643 6045 4,
674 5981 787 6031 art.
818 5978 908 6031 24.

392 5835 437 5870 ’³
466 5835 680 5891 Strom.
716 5833 756 5889 1.
790 5852 875 5903 ιιι,
910 5854 967 5907 p.
1001 5837 1124 5891 461.
1202 5836 1249 5871 ³³
1276 5834 1314 5892 1.
1348 5853 1412 5903 ιι,
1549 5834 1677 5892 493.
1753 5835 1799 5870 ³⁸
1827 5833 1962 5891 Arni

398 5922 460 5964 ιι.
494 5923 551 5964 n.
584 5907 708 5960 424.
786 5908 830 5942 ²⁶
861 5906 1004 5963 ibid.
1080 5908 1123 5942 "'
1153 5907 1299 5963 ibid.
1377 5908 1423 5943 ³⁸
1492 5912 1666 5964 trem.
1699 5906 1742 5964 l.
1774 5924 1860 5964 ιιι.
1906 5924 1958 5964 ο.

2076 5832 2196 5904 ι.,1.
2234 5852 2252 5889 ι
2303 5835 2375 5891 de
2421 5835 2664 5903 Abrah.,
2712 5852 2764 5891 c.
2818 5835 2871 5905 4,
2919 5836 2948 5903 §
2991 5834 3086 5901 24,

2076 5907 2118 5963 3.
2194 5907 2240 5942 ²¹¹
2271 5907 2519 5964 Tertul..
2552 5908 2590 5964 l.
2625 5925 2644 5963 ι
2676 5907 2761 5963 Ad
2797 5924 2987 5964 uxor..
3019 5923 3069 5963 c.

2072 3325 2301 3397 Adjecit
2330 3325 2486 3381 enim
2539 3324 2679 3397 illud
2730 3324 2995 3397 quidem,
3028 3342 3098 3381 ex
3129 3342 3443 3393 consensu,
3473 3342 3546 3382 ne
3594 3325 3735 3397 quis

2068 3396 2415 3453 dissolveret
2446 3396 2910 3453 matrimonium.
2938 3397 3019 3454 Ad
3048 3402 3287 3468 tempus
3318 3401 3539 3467 autem,
3564 3396 3637 3453 ne
3659 3414 3733 3453 ex

2070 3469 2421 3525 necessitate
2469 3484 2745 3525 exercens
2776 3468 3202 3525 continentiam
3234 3468 3308 3537 is,
3332 3469 3435 3539 qui
3482 3484 3728 3525 uxorem

2071 3540 2324 3613 duxerit,
2357 3540 2676 3612 aliquando
2724 3539 2960 3597 labatur
2989 3542 3046 3596 in
3082 3546 3410 3613 peccatum,
3436 3539 3629 3613 utqui
3664 3541 3727 3597 in

2073 3613 2131 3670 id
2166 3612 2404 3677 incidat,
2432 3616 2494 3667 ut
2517 3629 2624 3685 suo
2647 3614 2885 3685 quidem
2914 3612 3191 3685 conjugio
3220 3612 3727 3685 parcat,galienum

2073 3689 2268 3740 autem
2302 3683 2698 3756 concupiscat.
2726 3707 2753 3734 ››
2785 3683 3297 3751 Νοιιιίοἱβιῖοτθὸιο
3319 3683 3565 3741 dubium
3596 3701 3731 3741 esse

2074 3761 2270 3828 potest
2298 3755 2657 3830 Clementem
2688 3757 2768 3812 ibi
2791 3756 2976 3830 lloqui
3023 3756 3094 3830 de
3143 3756 3497 3830 conjugibus
3529 3757 3723 3830 quoad

2073 3832 2267 3885 torum
2301 3829 2603 3901 duntaxat,
2638 3833 2696 3884 et
2738 3828 2807 3884 ad
2853 3828 3091 3901 aliquod
3127 3828 3406 3901 temporis
3438 3828 3725 3900 spatium,

2075 3904 2139 3973 ut
2169 3898 2415 3973 orationi
2441 3899 2671 3973 facilius
2701 3898 2994 3966 vacarent,
3023 3917 3057 3956 a
3079 3916 3142 3956 se
3164 3898 3418 3973 invicem,
3446 3898 3733 3973 separan-

2073 3971 2187 4028 dis.
2217 3972 2290 4027 At
2319 3987 2453 4027 cum
2487 3971 2673 4039 addit,
2698 3994 2727 4022 «
2762 3989 2831 4027 ex
2869 3988 3186 4037 consensu,
3211 3993 3239 4022 »
3280 3970 3560 4027 nimirum
3593 3988 3729 4028 mu-

2072 4048 2197 4107 tuo,
2221 4065 2250 4094 «
2278 4059 2348 4098 ne
2379 4042 2513 4113 quis
2544 4043 2887 4098 dissolveret
2909 4043 3419 4111 matrimonium,»
3443 4042 3602 4099 aliud
3628 4060 3731 4099 os-

2072 4115 2263 4170 tendit
2283 4131 2412 4170 esse
2431 4114 2896 4187 _divortium.quo
2921 4115 3285 4187 matrimonii
3308 4115 3605 4170 vinculum
3633 4131 3733 4187 pe-

2072 4187 2232 4243 nitus
2263 4185 2609 4242 dissolvitur
2637 4203 2702 4242 ac
2734 4185 3055 4242 dirimitur.
3090 4185 3241 4242 Illud
3272 4203 3468 4258 porro,
3501 4185 3733 4243 vivente

2072 4257 2504 4331 conjuge,_solvi
2528 4259 2770 4315 omnino
2792 4275 2859 4314 ac
2878 4258 3076 4314 dirimi
3102 4257 3364 4329 unquam
3388 4275 3561 4330 posse
3584 4259 3733 4315 satis

2070 4328 2279 4401 aperte
2305 4328 2585 4402 Clemens
2622 4330 2915 4386 inﬁciatus
2947 4334 3056 4386 est.
3091 4331 3307 4386 Eadem
3351 4328 3589 4402 quoque
3636 4335 3732 4388 est

2072 4402 2366 4459 sententia
2392 4401 2889 4473 Tertulliani,qui
2938 4402 3011 4459 ad
3065 4418 3307 4458 uxorem
3357 4401 3527 4459 suam
3575 4402 3727 4458 scri-

2072 4474 2311 4530 bit”:«
2346 4474 2497 4538 Quot
2544 4481 2705 4541 sunt,
2735 4474 2835 4543 qui
2883 4474 3082 4530 statim
3133 4491 3168 4530 a
3209 4473 3439 4530 lavacro
3488 4489 3728 4530 carnem

2073 4563 2245 4603 suam
2272 4545 2630 4616 obsignant?
2659 4546 2810 4611 Quot
2838 4545 3000 4611 item,
3026 4545 3125 4616 qui
3151 4562 3441 4616 consensu
3476 4546 3602 4616 pari
3636 4546 3730 4602 in-

2072 4624 2161 4675 ter
2207 4634 2271 4673 se
2331 4615 2689 4673 matrimonii
2749 4618 3013 4673 debitum
3046 4615 3325 4672 tollunt?
3361 4615 3733 4674 Voluntariis

2074 4689 2441 4760 spadonibus
2474 4706 2576 4761 pro
2602 4689 2925 4761 cupiditate
2955 4688 3199 4761 cmicsti,
3228 4687 3388 4745 salvo
3421 4690 3733 4761 matrimo—

2075 4762 2196 4824 nio,
2219 4760 2579 4817 abstinentia
2610 4760 2912 4817 toleratur.
2935 4783 2954 4808 ι
2988 4760 3191 4816 Eidem
3222 4760 3525 4817 sententia
3551 4761 3740 4816 maxi-

2077 4851 2172 4890 mo
2203 4848 2345 4888 sane
2377 4849 2666 4904 consensu
2699 4833 3098 4903 suffragantur
3126 4836 3183 4904 et
3213 4831 3311 4888 alii
3334 4837 3555 4899 Patres,
3577 4849 3729 4904 quos

2077 4905 2137 4961 in
2170 4921 2232 4960 re
2260 4903 2591 4977 certissima
2619 4904 2962 4960 nominibus
2994 4903 3290 4977 appellare
3339 4904 3467 4961 suis
3518 4903 3729 4977 super-

2078 4992 2394 5033 vacaneum
2427 4975 2727 5033 duximus.

2151 5048 2329 5103 Porro
2359 5052 2555 5104 autem
2590 5064 2723 5104 cum
2758 5063 2827 5102 ex
2858 5045 3137 5118 Apostolo
3167 5044 3439 5103 Clemens
3468 5045 3737 5103 docuerit

2080 5120 2361 5191 conjuges
2381 5137 2564 5245 (posse
2593 5119 2833 5191 quidem
2858 5136 2891 5174 a
2912 5135 2975 5175 se
3004 5118 3251 5174 invicem
3281 5118 3350 5173 ad
3377 5122 3609 5186 tempus
3639 5134 3736 5174 se-

2081 5191 2376 5245 narari.se
2442 5196 2669 5245 tantum
2694 5209 2764 5245 ex
2793 5194 3001 5245 mutuo
3023 5211 3053 5241 «
3085 5206 3435 5245 consensu»
3464 5190 3736 5245 animad-

2081 5190 2413 5263 parari,sed
2442 5196 2669 5247 tantum
2694 5209 2764 5247 ex
2793 5194 3001 5246 mutuo
3023 5211 3053 5241 «
3085 5206 3435 5263 consensu,-
3464 5190 3738 5263 animad-

2081 5260 2260 5330 verte,
2280 5279 2499 5335 quaeso,
2522 5280 2595 5319 an
2626 5264 2763 5319 inde
2786 5263 2921 5333 jure
2953 5261 3163 5335 merito
3194 5261 3384 5334 possit
3413 5260 3608 5334 colligi
3640 5278 3737 5335 so-

2084 5335 2201 5391 lam
2265 5333 2667 5391 fornicationis
2717 5350 2956 5391 causam
3007 5333 3076 5388 ad
3123 5333 3360 5389 uxorem
3410 5333 3739 5404 quomodo-

2082 5423 2316 5479 cunque
2347 5406 2767 5479 dimittendum
2798 5405 2858 5479 in
2878 5404 3193 5476 Evangelio
3223 5404 3354 5461 ideo
3387 5406 3736 5479 memorari;

2083 5476 2326 5547 quia'ob
2366 5494 2495 5535 eam
2546 5476 2733 5536 solam
2781 5478 2871 5533 vir
2917 5493 3158 5533 uxorem
3210 5493 3405 5543 suam,
3440 5476 3738 5547 adulterii,

2084 5566 2268 5621 ream.
2290 5550 2465 5607 etiam
2487 5548 3198 5621 reclamantemtinvitam
3226 5553 3288 5621 et
3307 5552 3739 5621 repugnantem

2083 5620 2383 5694 dimittere
2414 5626 2663 5694 poterat.
2694 5622 2800 5678 Sed
2830 5624 2901 5677 de
2937 5620 3048 5678 hac
3087 5620 3410 5692 quaestione
3440 5620 3581 5677 alibi
3611 5620 3741 5676 dis-

2086 5693 2429 5766 putavimus
2456 5695 2521 5749 ⁸ο.

3141 5851 3199 5907 p.
3245 5835 3373 5907 291,
3448 5835 3739 5892 "Strom.

1519 5924 1666 5964 rom.
1699 5906 1742 5966 l.
1774 5924 1860 5976 ιιι,
1905 5924 1958 5978 p.

2076 5907 2118 5963 3.
2194 5907 2240 5942 ²¹¹
2271 5907 2519 5976 Tertul.,
2552 5908 2590 5964 l.
2625 5925 2644 5963 ι
2676 5907 2761 5963 Ad
2797 5904 2987 5974 uxor”
3019 5923 3069 5963 c.
3100 5904 3161 5962 δῖ
3234 5906 3281 5943 ³ο
3312 5904 3415 5963 lib.
3447 5922 3467 5963 1
3495 5911 3741 5980 Appar.,
