4114 6392
472 386 615 444 1213

1742 388 1837 441 DE
1873 385 2108 441 LIBBIS
2147 385 2621 442 BTROMATUM.

3751 376 3888 433 1214

469 513 630 579 vivit,
662 515 720 570 et
749 529 883 569 cum
915 513 1070 570 bona
1099 512 1460 570 conscientia
1490 529 1653 585 spem
1689 512 1804 568 ﬁde
1844 511 2125 568 commis-
2159 517 2205 585 Α
2243 512 2433 567 denda
2463 515 2552 568 est
2579 511 2741 570 illius
2771 512 2844 569 de
2872 528 3041 584 puro,
3075 513 3141 566 ut
3185 508 3371 579 aiunt,
3405 505 3505 561 Dei
3536 521 3736 562 amore
3766 522 3895 562 sen-

472 602 614 643 cens
646 585 717 657 ad
745 586 1180 657 exspectionem
1214 588 1419 641 futuri.
1452 606 1483 657 >i
1516 585 1751 640 Certum
1786 590 1876 640 est
1908 589 2127 652 autem,

475 664 536 715 et
567 673 637 713 ex
666 656 740 712 iis
772 674 897 725 quea
925 658 1284 713 antecedunt
1313 661 1371 713 et
1400 656 1868 727 subsequuntur,
1901 660 2135 727 constat

477 730 551 785 de
582 728 836 799 perfecto
858 730 1128 799 gnostico
1150 730 1232 784 ibi
1263 744 1597 784 sermonem
1622 745 1655 782 a
1674 727 1968 784 Clemente
1987 726 2133 782 ﬁeri.

480 808 835 858 Persuasum
870 816 1007 871 ergo
1040 800 1152 871 ipsi
1188 799 1298 856 fuit
1321 800 1477 855 hunc
1509 800 1841 871 gnosticum
1875 815 1989 853 non
2024 800 2137 853 ﬁde

479 873 696 941 solum,
723 872 823 928 sed
848 872 1115 927 etiamad
1141 872 1322 927 futuri
1350 872 1845 942 exspectationem
1871 886 1973 940 spe
1994 887 2135 941 prse-

480 946 671 1001 ditum
703 960 835 999 esse
880 943 1112 1000 debere.
1146 944 1536 1007 Quamobrem
1570 942 1709 997 alibi
1743 944 1814 998 de
1858 950 2136 1011 martyre,

481 1016 587 1072 hoc
617 1020 709 1072 est
755 1015 827 1071 de
859 1014 1312 1086 perfectissimo,
1357 1023 1422 1069 ut
1452 1014 1577 1084 ipse
1630 1018 1819 1084 putat,
1869 1013 2137 1084 gnostico

482 1103 723 1143 rursum
756 1087 968 1142 scribit.
989 1087 1035 1121 θ’
1069 1104 1084 1142 :
1119 1109 1146 1136 «
1182 1094 1392 1144 Annon
1424 1091 1511 1141 est
1540 1102 1677 1144 ergo
1706 1086 1790 1140 eis
1823 1086 2139 1140 manifesta

481 1176 637 1250 spes”
650 1158 782 1245 ﬁdei
819 1162 1259 1250 postxm'ortem,
1284 1157 1376 1250 ἐρ’
1396 1156 1471 1250 ’ἓῦ
1504 1154 1788 1250 πρόδῃλῗις
1808 1156 1873 1224 ἦν
1962 1154 2141 1240 πςστις

480 1224 665 1291 αὖτοῐς
693 1234 795 1297 τῆς
820 1224 970 1300 ’μετὰ
999 1228 1224 1292 θάνατον
1281 1224 1525 1299 ἐλπίδος,
1550 1224 1872 1300 ’ίμιῖθιὶειω
1906 1230 1964 1284 in
2012 1229 2140 1299 ipso

485 1311 749 1373 tempore
780 1307 1217 1358 tormentorum
1242 1301 1359 1357 Deo
1392 1305 1575 1373 agunt
1606 1301 1848 1372 gratias.
1885 1300 2142 1355 Firmam

482 1381 541 1431 et
566 1378 961 1442 constantem,
997 1379 1059 1429 ut
1082 1374 1312 1444 opinor,
1335 1374 1509 1427 ﬁdem
1541 1373 1944 1443 possidebant,
1965 1386 2141 1444 quam

488 1446 689 1502 ﬁdeles
719 1441 957 1515 quoque
986 1441 1506 1515 consequebantur
1522 1441 1913 1514 operationcs.
1940 1464 1969 1492 »
1994 1441 2143 1505 Quid

490 1534 648 1581 vero,
680 1514 832 1587 quod
862 1514 1167 1587 perfectus
1191 1516 1493 1587 gnosticus
1524 1517 1597 1570 ab
1622 1515 1825 1570 eodem
1851 1514 2147 1587 Clemente

493 1584 775 1644 dicitur"lo
800 1609 826 1636 ‹‹
849 1584 1037 1659 esseea
1068 1584 1221 1659 spei
1249 1588 1749 1659 quemadmodum
1772 1607 1803 1659 ξ)
1822 1584 1959 1659 aQei
1981 1602 2148 1659 man:

493 1652 1120 1731 datouinsaperabilis;
1155 1652 1470 1731 ἀχῶριστος
1502 1654 1574 1710 ὢν
1627 1664 1728 1726 τῆς
1769 1653 1998 1731 ἐν’ςολῆς
2056 1652 2146 1731 ita?

489 1726 876 1803 «aestuasse.
914 1736 1025 1786 Deo
1059 1726 1294 1803 semper
1323 1730 1546 1803 gratias
1577 1745 1781 1803 agens,
1814 1728 1970 1785 sicut
2018 1728 2149 1783 ani-

496 1801 677 1858 malia
733 1801 1145 1874 gloriﬁcantia,
1178 1801 1676 1874 quaa'allegorice
1726 1802 2002 1856 dicuntur
2049 1815 2151 1874 per

494 1870 793 1970 Ieaiamf»:
812 1873 1012 1970 lisque
1044 1870 1511 1970 verol'gnosticu‘s
1542 1878 1771 1970 tantum
1804 1876 2021 1970 sperat,
2046 1870 2144 1925 sed
2182 1904 2228 1970 Β

492 1947 669 2002 etiam
694 1950 861 2017 optat
880 1943 1051 2001 suam
1072 1950 1131 1999 et
1152 1943 1401 2017 aliorum
1418 1951 1694 2017 aeternam
1720 1943 2148 2017 beatitudinem

493 2039 523 2069 «
558 2014 824 2087 Ideoque
844 2016 1121 2087 (ipsamet
1151 2016 1411 2072 auctoris
1436 2016 1617 2070 nostri
1642 2016 1817 2087 verba
1846 2014 2007 2085 sunt)
2031 2029 2148 2087 nou

493 2082 997 2160 quidems’dﬁsiat,
1030 2087 1259 2160 optabit
1287 2092 1414 2155 (seu
1461 2086 1818 2160 precabitur)
1866 2082 2149 2155 consequi

494 2158 563 2216 ea
595 2175 723 2230 quae
755 2159 850 2214 hic
881 2163 1044 2224 sunt,
1068 2158 1160 2212 cui
1193 2174 1539 2229 persuasum
1574 2163 1666 2213 est
1698 2159 1818 2213 fore
1851 2164 1916 2213 ut
1945 2172 2151 2212 conse-

492 2236 712 2303 quatur
767 2247 835 2286 ea
892 2246 1022 2303 quaa
1080 2231 1231 2285 bona
1262 2237 1440 2297 sunt;
1502 2245 1731 2303 semper
1778 2230 2004 2299 optabit
2054 2243 2153 2282 re-

493 2301 655 2359 ctum
690 2306 749 2358 et
804 2318 867 2357 se
915 2301 1229 2373 gerentem
1263 2306 1487 2373 tenere”
1518 2301 1691 2355 ﬁdem
1715 2319 1753 2373 ;7
1785 2306 1841 2373 et
1874 2306 2157 2373 praeterea

495 2370 973 2446 quamplurimas
1032 2372 1154 2428 ﬁeri
1188 2373 1303 2429 sibi
1336 2371 1562 2446 similes
1620 2373 1690 2428 ad
1727 2372 1829 2446 Dei
1876 2370 2154 2446 gloriam,

498 2440 627 2519 qua;
680 2440 1137 2519 consummatur
1190 2460 1290 2517 per
1320 2444 1741 2516 cognitionem,
1774 2442 1809 2513 ἢ
1858 2440 1975 2496 κᾶτ’
2036 2440 2156 2495 ἑπι-

498 2514 699 2592 οξνωσιν
727 2514 1056 2592 τελειοῦται.

579 2589 922 2661 Degnestici
958 2604 1127 2661 porro
1165 2586 1450 2661 charitate
1482 2585 1635 2661 nihil
1654 2602 1892 2661 necesse
1905 2590 2020 2661 est,
2054 2601 2161 2641 cur

515 2678 549 2715 a
576 2657 747 2716 nobis
768 2657 1013 2731 longum
1044 2663 1102 2714 et
1125 2659 1363 2715 uberius
1391 2658 1674 2731 orationis
1699 2657 2158 2731 ﬁluquucatur.

514 2732 816 2787 Noverunt
846 2728 1004 2786 enim
1035 2747 1263 2796 omnes,
1298 2732 1396 2799 qui
1430 2730 1516 2784 vel
1547 2730 1845 2784 levissime
1876 2728 1984 2784 hos
2001 2733 2161 2785 Stro-

510 2806 729 2857 matum
758 2802 940 2857 libros
970 2800 1324 2863 evolverunt.
1346 2800 1490 2854 nihil
1526 2803 1585 2854 in
1619 2800 1735 2854 illis
1767 2801 2099 2855 studiosius
2129 2815 2164 2854 a

514 2873 813 2929 Clemente
844 2872 1266 2937 commendari,
1301 2871 1569 2941 nihilque
1599 2871 1718 2926 fere
1740 2870 1796 2924 in
1820 2870 2028 2926 iisdem
2057 2871 2166 2941 fre-

512 2944 792 3026 quentius
823 2959 1149 3026 occurrere,
1180 2941 1747 3026 quam‘multiplices
1769 2940 2163 3026 variasqueil-

510 3013 628 3071 lius
661 3014 1097 3071 cohortationes
1154 3021 1211 3069 et
1244 3013 1646 3078 incitamenta,
1681 3013 1899 3083 quibus
1958 3027 2164 3068 omnes

513 3104 761 3158 prorsus
790 3085 1181 3158 Christianos,
1213 3086 1386 3158 etiam
1425 3084 1854 3158 sanctissimos,
1884 3084 1953 3139 ad
2001 3099 2166 3158 sum-

521 3155 676 3214 mam
710 3158 869 3213 illius
915 3156 1219 3211 charitatis
1253 3155 1668 3227 perfectionem
1704 3156 2165 3226 comparandam

516 3230 754 3298 excitat,
786 3229 1017 3285 exacuit
1046 3233 1104 3282 et
1134 3226 1406 3301 impellit.
1437 3227 1617 3301 Nobis
1649 3232 1845 3301 autem
1878 3244 1945 3301 ex
1981 3226 2165 3301 pluri-

513 3271 1415 3372 Eﬁia'B'aiésiEiEBHg‘éLéﬁJE‘éifc'é
1437 3271 1853 3372 ἷέιῖέὲἆιῖὀῖιζ,
1877 3271 2165 3372 ᾗῑυέϊῇὶίτ
2198 3271 2240 3339 C

510 3369 676 3428 mum
702 3369 1045 3430 Clementis—
1069 3369 1308 3427 effatum
1343 3369 1597 3426 occurrit
1618 3371 1664 3437 7’
1692 3394 1705 3436 ;
1738 3369 1837 3425 Διά
1883 3370 2101 3423 πάντων
2134 3369 2169 3437 ἡ

511 3443 693 3519 ἀγάπη
750 3447 831 3515 τῷ
892 3445 1195 3519 χνωστικῷ
1280 3442 1555 3508 πέπεικεν,
1611 3436 1704 3519 ἵνᾳ
1762 3439 1891 3495 Θεὸν
1979 3436 2168 3519 εἶδὸτξζ

516 3512 860 3643 1c'Gnostico
891 3512 1078 3571 Deum
1113 3515 1493 3587 cognoscenti
1524 3513 1727 3569 omnia
1756 3514 2045 3586 persuasit
2077 3512 2171 3569 di-

541 3595 710 3643 ectlo.
747 3607 774 3637 »
1642 3632 1645 3636 .

541 3589 710 3643 ectio.
747 3607 774 3637 ››
1642 3632 1645 3636 .

592 3659 700 3716 Ubi
731 3673 865 3713 vero
896 3655 1050 3713 idem
1076 3655 1203 3727 ipse
1233 3660 1437 3712 auctor
1467 3659 1667 3712 noster
1707 3655 2079 3727 probandum
2111 3655 2172 3727 in

521 3746 587 3788 se
615 3728 867 3802 suspicit
892 3728 1087 3802 solum
1106 3726 1610 3802 gnosticum_vere
1644 3726 1822 3802 Deum
1847 3728 2058 3794 colere,
2087 3726 2175 3802 ibi

522 3804 681 3858 hunc
706 3798 930 3857 cultum
957 3800 1039 3855 ita
1058 3798 1264 3857 deﬁnit
1288 3801 1333 3835 τ’
1359 3815 1371 3855 :
1400 3823 1427 3851 «
1448 3800 1547 3854 Dei
1572 3798 1766 3854 cultus
1797 3806 1886 3855 est
1907 3799 2175 3868 gnostico

522 3873 1043 3930 continua‘animaa
1076 3888 1238 3940 cura,
1271 3876 1328 3927 et
1356 3872 1487 3941 ejus
1520 3878 1802 3941 perpetua
1833 3872 1890 3926 in
1939 3872 2050 3927 Deo
2079 3887 2175 3926 oc-

532 3946 907 4018 cupatiogper
935 3943 1309 4018 ch‘ari‘tatem,
1344 3960 1471 4018 qua
1503 3959 1808 4018 nunquam
1835 3942 2176 4018 intermitti-

523 4010 644 4085 tur,
672 4010 938 4084 καττῖτήν
963 4010 1314 4069 ἀδιάλειπτον
1343 4010 1582 4087 ἆγάπην.
1608 4010 1832 4087 {Talis
1861 4021 1951 4087 est
1982 4015 2179 4085 itaque

525 4088 779 4157 gnostici
837 4102 973 4159 erga
1010 4092 1190 4142 Deum
1249 4085 1469 4159 cultus,
1501 4085 1694 4157 qualis
1725 4087 1855 4157 ejus
1896 4086 2177 4159 charitas.

529 4157 1066 4232 Quapropterfquia
1092 4159 1221 4232 ejus
1244 4158 1499 4213 charitas
1524 4174 1828 4232 nunquam
1856 4158 2016 4214 nullo
2039 4157 2179 4213 vitio

524 4239 626 4289 aut
656 4229 909 4303 graviori
946 4229 1177 4300 peccato
1208 4229 1680 4355 interrumpitur,
1716 4229 1931 4285 idcirco
1954 4245 2184 4300 semper

525 4305 712 4355 Deum
745 4302 906 4355 colit.
940 4307 999 4355 et
1032 4306 1313 4355 neroetua
1342 4307 1431 4355 est
1461 4300 1498 4354 il
1534 4302 1623 4355 ius
1646 4301 1826 4355 inDeo
1850 4302 2179 4355 occupatio.

525 4300 712 4361 Deum
745 4302 906 4369 colit,
940 4307 999 4357 et
1030 4306 1313 4373 perpetua
1342 4307 1431 4357 est
1461 4300 1623 4356 illius
1646 4301 1826 4357 inDeo
1850 4302 2179 4371 occupatio.

597 4380 718 4431 Hac
749 4371 1103 4430 charitate—7‘
1134 4371 1333 4427 smnia
1382 4373 1606 4437 suffert,
1640 4373 1841 4428 omnia
1880 4374 2133 4429 sustinet
2166 4391 2182 4441 ;

525 4451 702 4518 atque
732 4445 1083 4518 ignominia,
1117 4445 1402 4499 bonorum
1437 4443 1858 4518 publicatione,
1884 4445 2096 4518 exsilio
2127 4448 2184 4518 et

526 4514 713 4574 morte
742 4514 872 4589 ipsa
895 4517 1164 4583 affectus,
1195 4531 1501 4589 nunquam
1527 4516 1599 4589 ab_
1618 4514 1718 4570 illa
1735 4516 2025 4589 charitate
2055 4516 2183 4572 ani-

524 4589 724 4661 mique
754 4587 1028 4661 libertate
1051 4588 1405 4661 sejungitur.
1431 4587 1642 4661 Omnia
1663 4594 1859 4661 autem
1885 4588 2018 4661 forti
2043 4604 2177 4643 con-

2240 584 2444 640 tentia.

2783 682 3184 739 ARTICULUS
3234 680 3357 735 VlI.

2387 771 2460 826 De
2487 786 2626 842 puro
2654 774 2887 843 gnostici
2906 772 2966 827 in
2989 773 3158 827 Deum
3183 785 3369 826 amore
3388 772 3440 825 et
3463 766 3753 824 charitate.

2315 870 2515 925 Visum
2548 871 2908 941 quibusdam
2942 888 3073 926 esse
3105 871 3329 926 scimus
3374 867 3533 941 hanc
3560 866 3742 941 fuisse
3772 862 3899 918 Cle—

2249 942 2464 997 mentis
2497 937 2681 997 no'stri
2713 942 3074 1013 opinionem,
3128 943 3446 1013 perfectum
3478 937 3899 1013 Christianum,

2247 1030 2344 1069 seu
2403 1006 2767 1084 gnosticum,
2796 1014 2867 1067 ad
2927 1006 3069 1067 eum
3097 1006 3903 1084 aliquandoperfectissimae

2248 1080 2554 1140 charitatis
2586 1096 2707 1140 non’
2736 1085 2908 1139 modo
2930 1090 3150 1151 actum,
3176 1080 3275 1140 sed
3308 1080 3692 1142 habitualem,
3717 1085 3781 1133 ut
3804 1094 3902 1151 vo-

2249 1162 2405 1221 cant,
2455 1162 2676 1211 statum
2712 1154 3033 1228 pervenire,
3090 1172 3205 1226 quo
3234 1160 3443 1228 Deum,
3476 1152 3639 1207 nulla
3678 1150 3895 1205 habita.

2251 1244 2443 1299 neque
2473 1227 2795 1297 cujuslibet
2828 1227 3072 1282 alterius
3108 1227 3266 1290 boni,
3300 1227 3421 1299 imo
3457 1239 3646 1299 neque
3674 1228 3901 1299 (εἰει-μευ

2251 1293 2370 1355 suae
2394 1293 2776 1355 beatitudinis
2802 1299 3025 1353 ratione
3049 1297 3526 1353 constantissime
3548 1293 3774 1365 diligat.
3796 1295 3899 1347 At.

2254 1386 2367 1442 que
2400 1370 2557 1425 hunc
2590 1372 2720 1442 puri
2754 1370 2972 1442 amoris
3004 1370 3271 1425 habitum
3305 1375 3363 1442 e_t
3394 1372 3609 1422 statum
3642 1366 3770 1420 ideo
3802 1380 3903 1442 ape

2254 1439 2477 1526 pellere
2508 1439 2719 1526 sol—ent,
2753 1444 2889 1526 quia
2919 1441 3072 1526 Deus
3104 1442 3231 1526 ipse
3262 1439 3450 1524 solus,
3483 1454 3547 1493 ac
3575 1452 3817 1519 summa;
3849 1440 3905 1526 et

2253 1510 2504 1569 inﬁnitae
2533 1513 2694 1569 illius
2745 1510 3145 1584 perfectiones
3186 1514 3436 1582 hujusce
3467 1511 3685 1584 amoris
3740 1510 3900 1571 sunt,

2256 1587 2340 1641 uti
2373 1584 2718 1656 loquuntur,
2747 1581 3063 1656 motivum,
3096 1601 3197 1641 seu
3233 1581 3433 1652 causa,
3467 1581 3615 1637 ratio
3639 1584 3698 1636 et
3728 1594 3903 1647 argu-

2258 1661 2546 1712 mentum.

2330 1727 2608 1793 Quamvis
2638 1727 2796 1783 enim
2829 1733 3010 1783 Deum
3036 1731 3247 1783 natura
3277 1743 3386 1782 sua
3415 1726 3902 1797 ipsamqnostram

2260 1800 2827 1868 beatitudinem,seu
2861 1799 3261 1870 utiinquiunt,
3282 1795 3666 1870 beati—tudinis
3690 1797 3905 1870 nostra:

2260 1871 2554 1941 objectum
2591 1865 2720 1927 esse
2752 1865 3157 1942 proﬁteantur,
3209 1871 3482 1942 eumdem
3516 1865 3906 1942 nihilominus

2261 1936 2443 1998 Deum
2462 1948 2696 2015 propter
2708 1936 2967 2015 séipsum
2985 1936 3199 2011 solum,
3215 1942 3336 2015 sive
3348 1941 3470 2015 solo
3486 1936 3907 2015 perfectionum

2265 2011 2507 2070 suarum
2542 2011 2759 2070 motivo
2791 2011 2873 2069 ita
2902 2031 3051 2085 saepe
3084 2032 3117 2070 a
3147 2012 3411 2086 gnostico
3443 2011 3608 2086 diligi
3659 2012 3905 2086 centen-

2260 2088 2428 2169 dunt,
2464 2091 2528 2141 ut
2557 2087 2667 2142 hoc
2710 2086 2885 2169 etiam
2916 2078 3050 2169 puri
3104 2078 3324 2169 amoris
3358 2090 3486 2169 aetu
3539 2078 3657 2169 sive
3702 2078 3906 2169 habitu

2262 2151 2539 2213 eternam
2574 2174 2740 2213 suam
2775 2151 3116 2213 felicitatem
3160 2158 3232 2212 ab
3265 2173 3329 2212 eo
3372 2153 3688 2225 aliquando
3731 2151 3915 2225 velint

2263 2245 2392 2285 esse
2414 2230 2604 2311 reipsa
2623 2230 2927 2311 “tandem.
2951 2230 3182 2311 .Durum
3209 2228 3381 2311 plane
3403 2222 3784 2311 sacrificium,
3808 2222 3910 2277 sed

2264 2317 2380 2372 quo
2411 2307 2610 2356 tamen
2645 2301 2791 2355 nihil
2826 2302 3088 2372 penitus,
3122 2300 3234 2355 nisi
3268 2300 3419 2370 quod
3454 2302 3915 2372 nostrarum‘re-

2266 2369 2398 2428 rum
2431 2372 2695 2440 interest,
2738 2369 2855 2428 Deo
2889 2373 3042 2428 litari
3076 2369 3457 2429 arbitrantur.
3493 2373 3666 2424 Porro
3716 2369 3913 2422 autem

2266 2443 2377 2499 hac
2408 2444 2478 2499 de
2511 2461 2692 2517 puro,
2726 2449 2793 2499 ut
2823 2461 2967 2517 cum,
3008 2444 3080 2499 iis
3110 2443 3303 2517 adhuc
3332 2441 3671 2517 loquamur,
3698 2452 3916 2517 amore

2268 2511 2580 2582 sententia,
2608 2520 2787 2586 atque
2820 2517 2930 2571 ista
2957 2516 3110 2571 inter
3138 2511 3436 2583 objectum
3469 2512 3630 2586 illius
3661 2513 3716 2565 et
3744 2511 3916 2586 moti-

2273 2604 2405 2642 vum
2426 2580 2803 2643 distinctione
2826 2587 3165 2643 existimant
3187 2580 3371 2641 totum
3398 2585 3655 2655 mysticae
3669 2580 3921 2655 spiritua

2276 2659 2489 2729 lisque,
2522 2659 2606 2714 uti
2637 2674 2761 2714 eam
2812 2659 3133 2731 appellant,
3196 2649 3720 2731 velutClemens'
3759 2649 3917 2731 loqui

2272 2728 2737 2802 amat,gnosticaa
2769 2728 2909 2787 vitae
2931 2730 3245 2785 aediﬁcium
3281 2728 3515 2802 fundari
3547 2731 3604 2782 et
3633 2728 3916 2802 construi.

2345 2794 2518 2857 Plura
2550 2806 2747 2857 autem
2780 2802 2837 2857 in
2873 2802 3123 2873 hujusce
3152 2800 3445 2872 opinionis
3474 2815 3593 2873 suae
3626 2794 3921 2873 defensio-

2274 2887 2406 2944 nem
2468 2876 2776 2944 proterunt
2821 2868 3140 2944 Clementis
3172 2868 3356 2944 nostri
3388 2868 3751 2944 testimonia,
3794 2882 3920 2935 quae

2275 2941 2539 3013 quidem,
2576 2961 2648 2999 ne
2677 2945 2817 3014 quid
2854 2943 3233 3000 dissimulare
3262 2943 3588 3007 videamur,
3633 2941 3925 3014 integrae

2277 3009 2447 3069 nobis
2509 3009 2951 3071 transcribenda
3010 3023 3187 3086 atque
3218 3020 3488 3070 accurate
3531 3009 3923 3086 examinanda

2276 3092 2436 3158 sunt.
2489 3087 2753 3142 Primum
2786 3088 2984 3158 itaque
3012 3080 3324 3156 ex'quarto
3377 3090 3724 3158 Siromatum
3774 3080 3925 3135 libro

2277 3156 2550 3229 petitum,
2581 3158 2673 3214 his
2697 3156 3330 3228 verbis‘concipitur":
3366 3181 3393 3207 ‹‹
3426 3157 3706 3229 Existimu
3728 3158 3924 3229 autem

2279 3224 2548 3298 oportere
2579 3246 2770 3302 neque
2801 3230 2953 3286 218
2990 3224 3224 3302 propter
3258 3235 3477 3302 metum
3512 3224 3810 3297 supplicii,
3836 3238 3928 3277 ne-

2279 3317 2391 3372 que
2425 3305 2661 3373 propter
2713 3300 3145 3372 aliquam—doni
3181 3300 3651 3371 promissionem,
3685 3312 3747 3373 se
3790 3310 3928 3365 pro-

2281 3368 2649 3443 pter'ipsum
2683 3368 2898 3430 bonum
2930 3368 3206 3429 accedere
3236 3373 3308 3427 ad
3358 3373 3604 3426 verbum
3646 3368 3925 3443 salutare.

2279 3438 2386 3509 Qui
2414 3438 2610 3499 autem
2659 3446 2808 3500 tales
2838 3451 3001 3510 sunt,
3049 3448 3208 3501 stant
3236 3462 3268 3499 a
3298 3443 3518 3500 dextris
3569 3438 3918 3497 sanctuarii.

2279 3514 2384 3579 Qui
2417 3523 2612 3572 autem
2644 3534 2747 3587 pro
2779 3517 3097 3573 donatione
3125 3531 3355 3581 eorum,
3379 3514 3438 3569 in
3463 3530 3591 3587 qua
3615 3511 3773 3566 cadit
3802 3525 3931 3587 cor-

2279 3587 2475 3658 ruptio
2494 3594 2552 3643 et
2584 3585 2876 3653 interitus,
2909 3588 3249 3644 existimant
3278 3603 3341 3642 se
3362 3585 3624 3642 vicissim
3658 3586 3928 3658 acceptu-

2280 3650 2375 3714 ros
2414 3650 2942 3731 incorruptionem,
2972 3661 3032 3714 in
3080 3662 3333 3716 duorum
3366 3660 3615 3731 fratrum
3650 3650 3931 3731 parabole

2278 3731 2464 3786 vocati
2512 3722 3091 3787 sunt-mercenarii.»
3141 3731 3354 3786 Verum
3386 3730 3425 3785 ii
3459 3728 3560 3800 qui
3592 3722 3713 3800 haec
3766 3722 3933 3800 nobis

2280 3803 2601 3873 objectant,
2662 3820 2778 3859 non
2812 3804 2959 3859 satis
3018 3802 3329 3873 diligenter
3388 3798 3935 3873 animadverterunt

2280 3866 2639 3930 Clementem
2674 3880 2943 3931 nostrum
2978 3875 3056 3930 ibi
3087 3866 3157 3930 de
3193 3878 3443 3944 martyre
3471 3872 3798 3944 disputaae,
3831 3866 3931 3944 qui

2284 3944 2465 4001 nullis
2526 3946 2704 4002 minis
2735 3952 2836 4002 aut
2889 3947 3191 4018 suppliciis
3214 3948 3285 4002 ad
3314 3937 3659 4018 ejurandam
3675 3937 3934 4018 __Christi

2285 4018 2458 4090 ﬁdem
2491 4018 2618 4089 cogi
2672 4024 2879 4089 potest.
2913 4012 3130 4090 Martyr
3159 4012 3360 4073 autem
3405 4016 3522 4082 ille,
3556 4020 3619 4069 ut
3659 4012 3936 4090 Clemens

2287 4089 2407 4161 ait,
2427 4081 2773 4159 persuasum
2816 4091 3019 4161 utique
3050 4081 3226 4161 habet
3257 4105 3319 4144 se
3360 4105 3483 4161 non
3504 4081 3741 4161 propter
3770 4081 3931 4161 boni,

2284 4153 2512 4216 scilicet
2547 4162 2761 4217 terreni
2793 4167 2851 4216 et
2897 4153 3265 4231 temporalis,
3301 4153 3777 4231 promissionem,
3830 4153 3932 4231 sed

2286 4238 2523 4357 Rropter
2552 4232 2751 4303 ipsum
2784 4223 3040 4299 bonum;
3058 4223 3531 4303 προσεληλυθέναι
3560 4231 3641 4297 τῷ
3672 4223 3935 4305 σωτηρίῳ

2327 4323 2458 4357 ογω,
2496 4326 2523 4355 ι(
2554 4305 2828 4357 accedere
2848 4305 2918 4357 ad
2944 4304 3186 4357 verbum
3219 4303 3499 4357 salutare.
3537 4315 3697 4357 nouo
3720 4312 3935 4357 sempi-

2327 4301 2458 4377 ὁγῲ,
2496 4326 2523 4377 ς(
2554 4301 2918 4377 accederead
2944 4301 3186 4377 verbum
3219 4303 3499 4364 salutare,
3537 4315 3697 4372 nquo
3717 4301 3936 4377 sempi-

2288 4367 2456 4458 terna
2498 4376 2798 4458 beati-tudo
2832 4376 2903 4431 iis
2934 4375 3034 4447 qui
3067 4377 3530 4458 persecutionem
3564 4367 3807 4458 propter:
3827 4367 3935 4458 ju:

2289 4447 2514 4502 stitiam
2549 4448 2855 4517 patiuntur
2898 4441 3187 4519 promissa
3233 4453 3343 4503 est.
3377 4441 3742 4519 Quapropter
3780 4441 3938 4519 hunc

2290 4511 2606 4590 martyrem
2637 4519 2687 4573 ei
2720 4511 3093 4590 opponit,qui
3130 4534 3231 4590 pro
3261 4518 3468 4575 caduci
3500 4511 3558 4571 et
3587 4511 3726 4570 ﬂuxi
3754 4511 3936 4567 alicu-

2282 4592 2385 4661 jus
2416 4590 2551 4645 boni
2584 4591 2900 4646 donatione
2930 4590 3430 4661 incorruptionem
3463 4606 3526 4644 se
3556 4590 3935 4661 accepturum

526 4640 830 4730 {castas
847 4640 1463 4734 tametsitaam
1490 4640 1963 4734 cantamina
1983 4640 2180 4714 mea
2214 4640 2257 4706 D
2282 4640 2897 4718 amiserimus
2930 4640 3738 4734 ifgaasa‘ségraraaoaiié,
3762 4670 3938 4734 quem

568 4734 756 4789 lacet:
795 4756 816 4782 ι
851 4731 1221 4801 Quanquam,
1255 4731 1337 4785 ait
1367 4730 1635 4803 Clemens
1666 4730 1731 4796 ⁷⁵,
1782 4747 1917 4786 eum
1948 4747 2181 4803 quoque

526 4751 756 4861 placet:
795 4756 816 4782 ι
851 4751 1221 4801 quanquam,
1255 4751 1337 4785 ait
1367 4751 1635 4785 UIBIIJBDS
1672 4751 1731 4796 ··,
1782 4751 1917 4786 eum
1948 4751 2181 4803 quoque

549 4822 656 4860 aus
687 4803 961 4874 sequitur
1013 4802 1669 4874 perrconsequentiam,
1724 4819 1840 4857 non
1874 4804 1943 4857 ad
2014 4819 2181 4858 suam

529 4873 867 4941 utilitatem,
900 4876 999 4929 sed
1033 4874 1102 4929 ad
1136 4873 1521 4945 imitationem
1546 4877 1612 4945 et
1638 4890 1813 4928 usum
1846 4891 2048 4929 eorum
2083 4875 2184 4945 qui

526 4947 793 5004 laudant.
830 4968 860 4997 ››
908 4947 993 5001 Ab
1025 4944 1306 5001 humanis
1339 4961 1508 5013 porro
1539 4944 1819 5001 laudibus
1851 4946 1932 5001 ita
1981 4944 2182 5001 averso

530 5020 629 5076 ille
659 5025 749 5074 est
773 5017 998 5085 animo,
1033 5022 1097 5071 ut
1147 5015 1293 5072 nihil
1328 5022 1536 5086 praeter
1562 5016 1769 5081 Deum,
1801 5033 1979 5087 quem
2032 5017 2090 5071 in
2120 5032 2183 5073 se

524 5091 993 5164 requiescentem
1045 5088 1240 5164 habet,
1274 5087 1532 5164 amplius
1582 5089 1980 5164 concupiscat.
2024 5092 2180 5156 Qua-

523 5158 766 5235 propter
785 5161 1094 5232 proﬁtetur
1116 5158 1388 5235 Clemens
1407 5160 1560 5235 hanc
1578 5158 1921 5215 charitatem
1948 5166 2183 5235 propter

521 5230 605 5303 se,
633 5230 691 5290 et
726 5230 838 5288 non
875 5237 1111 5303 propter
1128 5231 1351 5303 aliquid
1385 5230 1546 5286 aliud
1571 5247 1701 5287 esse
1730 5230 2117 5303 expetendam
2138 5233 2181 5268 ⁷⁵

594 5305 726 5361 Alia
761 5305 937 5373 longe
969 5303 1226 5373 plurima
1256 5304 1328 5358 de
1356 5303 1609 5373 perfecta
1628 5304 1877 5373 gnostici
1904 5304 1962 5358 in
1999 5305 2179 5359 Deum

520 5377 809 5433 charitate
840 5374 1108 5431 Clemens
1168 5374 1389 5445 passim
1435 5375 1720 5445 congerit,
1757 5376 1857 5430 sed
1915 5391 2049 5431 cum
2109 5391 2179 5432 ea

519 5450 800 5505 omnibus
831 5447 951 5503 sint
976 5446 1149 5502 obvia
1174 5444 1236 5502 et
1266 5445 1483 5512 facilia,
1530 5444 1619 5500 vel
1650 5446 1699 5501 si
1732 5446 1874 5517 quid
1928 5446 2183 5503 habeant

520 5519 912 5585 difﬁcultatis,
945 5535 979 5589 a
1011 5518 1181 5573 nobis
1207 5518 1264 5573 in
1298 5518 1708 5589 superioribus
1730 5525 1786 5573 et
1804 5518 2179 5589 subsequen-

520 5593 682 5650 tibus
723 5588 991 5649 articulis
1040 5588 1394 5657 enodentur,
1446 5606 1602 5645 nunc
1655 5593 1925 5646 accurate
1970 5588 2183 5662 expen-

600 5876 647 5912 οο
675 5874 966 5946 ειτοω.ίι.
1000 5891 1101 5942 vn,
1163 5890 1217 5946 p.
1251 5872 1377 5930 735.
1435 5873 1510 5946 779,
1530 5872 1674 5946 ibid.

1718 5889 1774 5945 p.
1806 5874 1933 5929 747.
1961 5945 1965 5946 ί
2012 5874 2055 5911 τι
2088 5873 2129 5931 1.
2163 5890 2239 5946 VI,

2292 4751 2505 4805 purum
2539 4738 2767 4801 vocant,
2800 4735 2893 4790 his
2924 4730 3239 4791 Clementis
3273 4734 3457 4790 nostri
3486 4730 3679 4805 verbis
3710 4732 3939 4785 astrua-

2292 4803 2409 4869 tur,
2444 4805 2587 4875 quin
2623 4806 2818 4875 potius
2849 4807 3115 4862 videatur
3147 4807 3415 4861 funditus
3445 4803 3644 4861 everti.

2364 4870 2567 4947 Neque
2598 4870 2669 4932 ad
2700 4893 2835 4933 eum
2868 4877 3290 4934 stabiliendum
3342 4877 3441 4933 illa
3472 4875 3660 4941 magis
3694 4870 3938 4932 faciunt,

2292 4964 2421 5018 αυω
2452 4965 2485 5002 ἃ
2510 4949 2774 5022 mysticae
2805 4948 2932 5005 vitae
2958 4951 3220 5022 patronis
3252 4968 3321 5005 ex
3350 4950 3555 5004 eodem
3580 4950 3815 5002 auctore
3834 4956 3941 5022 no:

2292 5026 2418 5075 stro
2472 5020 2655 5076 citata
2712 5020 3079 5095 siclegimus
3129 5022 3219 5095 πλε
3254 5045 3281 5071 ‹‹
3316 5022 3418 5077 Est
3460 5020 3941 5095 autemgnostici

2292 5108 2441 5163 opus
2474 5108 2587 5147 non
2620 5110 2651 5147 a
2686 5093 2858 5149 malis
2884 5087 3282 5159 abstinentia;
3317 5109 3383 5147 ea
3443 5098 3532 5147 est
3582 5087 3747 5163 enim
3779 5087 3940 5163 basis

2293 5154 2547 5219 maxime
2578 5165 2874 5235 profectus
2900 5185 2913 5223 ς
2948 5165 3048 5219 sed
3072 5180 3177 5219 nec
3198 5154 3419 5234 aliquid
3455 5162 3590 5218 boni
3621 5162 3831 5235 facere,
3855 5154 3943 5209 vel

2294 5241 2532 5306 propter
2563 5230 2784 5291 metum
2808 5278 2822 5301 ,
2856 5236 3141 5304 scriptum
3173 5240 3263 5289 est
3303 5230 3460 5306 enim
3498 5237 3656 5303 :Quo
3698 5230 3941 5299 fugiam,

2289 5305 2339 5362 et
2369 5305 2467 5362 ubi
2502 5307 2803 5363 abscondar
2832 5325 2873 5361 α
2901 5308 3046 5374 facie
3076 5316 3289 5361 lua.....
3342 5305 3452 5361 Sed
3487 5318 3676 5374 neque
3709 5307 3945 5373 propter

2291 5395 2454 5447 spem
2492 5379 2764 5447 promissi
2824 5377 3104 5445 honoris;
3138 5376 3362 5432 dictum
3427 5382 3515 5431 est
3547 5377 3701 5429 enim
3750 5389 3762 5426 :
3800 5374 3945 5426 Ecce

2293 5451 2559 5505 Dominus
2588 5459 2639 5504 et
2666 5466 2874 5504 merces
2904 5452 3022 5517 eius
3050 5450 3209 5504 πη...
3244 5449 3380 5503 Sola
3415 5453 3610 5503 autem
3646 5462 3775 5515 quae
3808 5458 3942 5517 p_ro—

2290 5528 2418 5592 pter
2448 5521 2793 5577 charitatem
2819 5520 2885 5576 ﬁt
2908 5514 3310 5585 beneﬁcentia,
3337 5527 3588 5592 pr0pter,
3614 5514 3820 5592 ipsum
3838 5514 3941 5568 bo-

2290 5586 2523 5650 nestum
2551 5598 2639 5650 est
2680 5594 2948 5665 gnostico
2979 5586 3387 5664 eXpetendaf»
3420 5586 3530 5648 Sed
3578 5586 3733 5645 idem
3767 5586 3943 5660 plane

2299 5876 2515 5952 93953.
2593 5875 2708 5952 "fl.
2754 5891 2816 5943 ιι,
2877 5874 3005 5952 ΒββΣ
3083 5874 3203 5952 7:1:
3234 5894 3335 5947 vn,
3394 5894 3453 5952 p.
3487 5878 3611 5935 700.
3690 5875 3805 5931 "1.
3868 5888 3947 5944 ιν,

527 5966 586 6022 p.
623 5948 747 6004 495.
824 5948 870 5983 τι
898 5945 939 6005 1.
971 5963 1075 6019 vn,
1108 5944 1324 6020 p.748.
1403 5944 1645 6011 “ibid”
1680 5944 1736 6019 p;
1770 5946 1899 6002 738.
1935 5945 1978 5981 ττ
2008 5963 2066 6019 ρ.
2100 5947 2162 6003 48

2300 5944 2346 5983 τ’
2376 5948 2595 6005 Strom.
2626 5947 2667 6004 1.
2703 5964 2780 6017 1v,
2813 5964 2869 6020 p.
2902 5947 3025 6003 528.
3108 5947 3153 5983 7°
3182 5947 3293 6006 Isa.
3322 5944 3427 6025 'xrf,
3465 5952 3549 6009 lO.
