4114 6410
454 385 592 439 1217

1719 392 1815 443 DE
1855 390 2089 444 LIBRIS
2127 389 2600 445 STROMATUM.

3735 395 3872 449 1218

446 511 754 590 delectatio
803 510 1165 590 extrinsecus
1215 515 1631 590 consequatur,
1657 516 1760 590 sed
1811 517 2186 590 tractusAaA
2290 515 2562 578 Quaedam
2595 515 2788 570 adhuc
2839 516 2953 590 alia
2988 516 3544 590 nectminimitsanc
3595 521 3872 590 ponderis

445 583 758 654 dilectione
806 583 953 652 ejus,
1006 584 1107 654 qui
1161 598 1292 637 vere
1339 588 1429 638 est
1480 585 1778 651 amabilis,
1813 591 1870 640 et
1920 587 1989 640 ad
2045 585 2101 639 id

422 655 604 725 'quod
638 653 763 709 ﬁeri
795 653 1039 725 oportet,
1064 655 1380 724 adductus,
1414 655 1549 724 pius
1598 661 1688 711 est
1739 657 1840 712 Dei
1890 656 2101 712 cultor.

491 671 604 710 uoo
638 671 763 709 ueri
795 671 1025 725 oportet
1064 671 1380 724 adauctus,
1414 671 1549 724 plus
1598 671 1688 711 est
1739 671 1840 712 uel
1890 671 2101 712 cuttor.

441 671 611 782 ainde
645 742 747 800 nec
779 725 826 800 si
863 742 964 800 per
992 726 1365 798 hypothesim
1400 744 1432 780 a
1464 726 1578 800 Deo
1612 731 1906 800 acceperit
1935 735 2102 799 pote-

444 805 662 854 statem
694 798 942 852 faciendi
975 814 1042 852 ea
1066 815 1192 867 quae
1221 803 1362 852 sunt
1394 799 1714 868 prohibita,
1739 798 1889 855 citra
1924 798 2105 855 ullam

445 885 715 944 pmnam;
749 884 938 940 neque
969 870 1017 924 si
1065 875 1371 944 propterea
1415 871 1720 944 beatorum
1755 874 1909 928 bona
1940 889 2106 929 acce-

444 941 689 1016 pturum
721 956 854 1016 eum
890 956 1020 1016 esse
1049 941 1098 1016 ei
1131 941 1489 1016 promissum
1525 943 1700 998 fuerit
1733 960 1744 998 :
1779 947 1883 1000 sed
1917 961 2021 1000 nec
2054 945 2106 999 si

444 1013 800 1087 persuasum
833 1013 1111 1087 habuerit
1147 1015 1267 1087 fore
1301 1018 1364 1068 ut
1400 1016 1576 1070 Deum
1610 1017 1829 1071 lateant
1859 1033 1946 1083 ea,
1977 1033 2104 1087 quas

443 1085 592 1158 gerit
613 1085 793 1158 (quod
819 1086 1060 1156 quidem
1082 1085 1205 1140 ﬁeri
1230 1102 1345 1158 non
1369 1092 1600 1156 potest),
1621 1087 1679 1141 in
1704 1087 1970 1142 animum
1997 1085 2107 1142 un-

446 1156 625 1230 quam
650 1161 739 1211 est
767 1156 1143 1230 inducturus,
1161 1161 1224 1212 ut
1249 1157 1471 1228 aliquid
1498 1163 1634 1230 agat
1656 1165 1863 1230 praeter
1885 1165 2104 1215 rectam

446 1227 762 1293 rationem,
812 1243 948 1282 cum
980 1227 1037 1282 id
1071 1231 1226 1299 quod
1261 1227 1390 1283 vere
1438 1227 1562 1284 est_
1580 1227 1916 1299 hohestum,
1951 1233 2007 1285 et
2037 1248 2106 1286 ex

449 1302 646 1373 seipso
676 1299 1035 1373 eligendum,
1061 1305 1118 1355 et
1141 1317 1209 1355 ea
1230 1300 1454 1373 ratione
1475 1303 1864 1372 expetendum
1899 1319 2104 1358 aman-

447 1370 706 1446 dumque
739 1370 920 1446 semel
953 1370 1210 1446 elegerit.
1239 1395 1264 1421 η
1293 1373 1376 1426 Ibi
1401 1370 1670 1446 Clemens
1695 1381 1896 1429 noster
1915 1374 2107 1446 dupli-

449 1461 576 1499 cem
609 1443 800 1498 atlhuc
852 1442 1223 1514 hypothesim
1260 1445 1555 1515 proponit,
1588 1462 1843 1516 quarum
1895 1442 2107 1501 neu—tra

454 1516 580 1589 ﬁeri
611 1531 867 1589 unquam
915 1520 1129 1589 potest,
1163 1521 1339 1587 atque
1393 1517 1709 1589 secundam
1740 1518 2104 1589 exponendo,

454 1588 617 1642 illam
641 1602 768 1640 esse
798 1586 1226 1656 impossibilem
1245 1586 1698 1644 Wconsultissime
1721 1586 1831 1646 nos
1852 1606 1975 1644 com
1989 1586 2107 1644 mo-

457 1658 690 1731 nefacit.
721 1657 957 1711 Illarum
983 1659 1163 1731 igitur
1183 1664 1357 1731 atque
1379 1661 1702 1731 superioris
1724 1664 1925 1716 eadem
1959 1662 2106 1716 ratio

454 1736 560 1785 est.
612 1729 712 1804 His
761 1731 977 1804 itaque
1019 1729 1286 1786 Clemens
1342 1729 1538 1803 potius
1597 1733 1856 1788 ostendit
1911 1732 2105 1804 qualis

450 1802 752 1876 gnosticus
800 1802 1003 1876 animi
1030 1802 1356 1876 cordisque
1396 1805 1488 1858 sui
1539 1802 1938 1876 dispositione
1979 1820 2108 1860 esse

2219 592 2569 659 argumenta
2608 592 2813 642 contra
2854 588 3017 643 illam
3073 589 3144 644 de
3194 589 3327 659 puri
3375 588 3435 643 in
3490 588 3676 646 Deum
3709 609 3872 647 amo-

2215 658 2541 733 rishabitu
2590 659 2930 733 opinionem
2965 661 3150 733 nobis
3191 658 3462 716 Clemens
3513 664 3870 733 suppeditat.

2212 730 2424 805 Sedex
2464 728 2536 784 iis
2577 728 3041 805 j_am_nonnulla
3087 733 3147 805 in
3205 728 3695 790 antecedentibus
3728 753 3874 805 prae-

2218 802 2513 874 misimus,
2560 802 2676 855 alia
2723 802 2781 874 in
2827 804 3236 874 sequentibus,
3309 821 3374 859 ac
3424 802 3748 874 praesertim
3805 808 3875 861 de

2214 873 2469 944 gnostici
2516 873 2851 942 precatione
2885 881 2943 929 et
2973 874 3201 945 ἀπαθείᾳ
3225 873 3522 943 articulis,
3559 894 3628 932 ne
3668 878 3872 934 eadem

2215 945 2431 1016 saepius
2464 948 2822 1016 repetamus,
2856 946 3134 1019 deinceps
3167 947 3664 1020 explanabuntur.

2645 1072 2800 1128 220
2837 1072 3246 1130 ARTICULUS
3287 1075 3439 1131 VIII.

2520 1179 2597 1234 De
2625 1179 2803 1234 vocali
2829 1182 3207 1246 gnosticorum
3232 1183 3569 1251 precatione.

2288 1302 2716 1368 Precationem,
2751 1302 2870 1357 sive
2904 1303 3099 1369 malis,
3129 1303 3453 1359 orationem
3487 1305 3572 1360 sic
3602 1305 3874 1362 Clemens

2215 1373 2424 1450 deﬁnit
2442 1374 2523 1428 ⁸⁷ξ
2571 1372 2712 1450 ἔσειν
2764 1371 2962 1450 ὁμιλία
2991 1374 3127 1450 πρὸς
3178 1375 3305 1450 Θερν
3345 1376 3379 1444 ἡ
3414 1373 3575 1448 εὐχή,
3609 1395 3876 1450 «preca-

2216 1445 2295 1499 tio
2327 1449 2417 1500 est
2454 1461 2588 1500 cum
2639 1445 2754 1501 Deo
2803 1445 3132 1502 collocatio.
3162 1471 3184 1499 ι)
3222 1447 3339 1501 Nos
3399 1445 3597 1503 tamen
3652 1445 3872 1506 ibidem

2217 1517 2496 1571 admonet
2545 1517 2694 1572 hanc
2743 1519 3141 1588 precationem
3179 1519 3345 1572 t'undi
3397 1535 3430 1572 a
3481 1519 3652 1574 nobis
3706 1538 3876 1588 posse

2217 1588 2344 1643 sine
2373 1589 2589 1656 verbis,
2623 1605 2727 1644 nec
2773 1590 2928 1644 labia
2979 1589 3368 1656 moventibus,
3407 1592 3549 1645 dum
3585 1593 3655 1646 ad
3692 1588 3876 1647 Deum

2218 1659 2380 1734 intus
2412 1661 2763 1734 clamamus.
2797 1661 2978 1724 Quam
3027 1663 3266 1734 quidem
3301 1660 3640 1718 interiorem
3677 1681 3876 1734 preca-

2215 1733 2435 1786 tionem
2476 1749 2508 1786 a
2540 1731 2655 1786 Deo
2688 1748 2921 1803 semper
2950 1731 3214 1803 exaudiri
3249 1740 3564 1788 asseverat.
3591 1731 3728 1789 Eam
3762 1738 3877 1792 ala-

2216 1804 2422 1877 critate
2455 1803 2699 1874 spiritus
2749 1799 2952 1872 νοὴτήν
3007 1799 3263 1877 easily,“
3299 1804 3730 1877 inteﬁlligibilem
3784 1825 3879 1863 es-

451 1874 679 1949 debeat,
703 1888 877 1949 quam
905 1873 1044 1944 quid
1069 1873 1420 1949 quotidiano
1455 1891 1561 1949 usu
1582 1873 1654 1949 ef
1680 1875 2110 1949 solitapietatis
2141 1880 2186 1945 Β
2218 1873 2504 1949 sentiam,
2530 1895 2557 1949 ξ)
2590 1881 3000 1945 assequentes,
3031 1883 3089 1932 et
3121 1873 3293 1949 λόγῳ,
3319 1873 3565 1946 ratione,
3597 1893 3811 1948 corpus
3844 1896 3878 1934 a

447 1962 513 1999 ac
548 1944 984 2070 pegfectisstimw
1032 1945 1261 2001 virtutis
1294 1947 1710 2003 exercitatione
1762 1944 1893 2020 ipsi
1911 1965 2110 2004 revera

452 2031 600 2070 agen
649 2031 748 2070 um
783 2033 828 2070 ει
867 2057 879 2070 .

452 2017 748 2071 agendum
783 2016 879 2070 sit.

489 2032 748 2088 genuum
783 2032 879 2070 ειῑ.

524 2091 642 2164 Age
670 2103 829 2164 vero,
852 2089 909 2142 et
939 2086 1081 2158 quid
1116 2090 1320 2164 auctor
1340 2094 1536 2144 noster
1558 2087 1651 2143 his
1681 2089 2110 2164 hypothesibus

450 2159 824 2230 probandum
866 2161 1215 2230 susceperit,
1267 2164 1491 2215 attente
1543 2159 1873 2218 considera.
1907 2162 2110 2216 Nonne

454 2229 618 2287 vides
651 2229 798 2284 nihil
823 2229 982 2284 aliud
1017 2231 1151 2286 inde
1182 2232 1254 2284 ab
1286 2231 1385 2286 illo
1419 2233 1649 2298 confici,
1676 2233 1788 2288 nisi
1821 2233 2108 2289 Christia-

454 2320 596 2357 num
631 2303 955 2373 perfectum
980 2301 1128 2356 nihil
1155 2318 1414 2373 unquam
1441 2309 1651 2375 praeter
1674 2305 1984 2375 rationem,
2011 2321 2110 2360 ne-

452 2380 834 2447 quepropter
866 2375 1218 2442 mercedem,
1255 2391 1442 2444 neque
1473 2381 1712 2447 propter
1743 2377 1974 2432 lucrum
2007 2381 2111 2432 aut

452 2446 798 2520 utilitatem.
821 2461 1013 2515 neque
1045 2452 1284 2520 propter
1313 2446 1610 2520 externam
1642 2448 1901 2520 aliquam
1935 2453 2111 2519 atque

453 2518 820 2572 extrinsecus
867 2517 1271 2573 advenientem
1307 2517 1792 2588 delectationem;
1826 2522 1925 2576 sed
1960 2517 2110 2575 inte-

454 2589 588 2643 riori
617 2589 1004 2644 delectatione
1027 2595 1343 2662 attractum
1371 2590 1619 2662 id,quod
1647 2591 1964 2648 honestum
1999 2597 2108 2658 est,

454 2676 693 2735 semper
745 2662 1001 2735 eligere?
1049 2661 1320 2735 Clemens
1368 2661 1505 2733 ergo
1553 2669 1752 2734 aperte
1802 2665 2113 2735 profitetur

455 2731 780 2804 quemlibet
810 2732 1144 2804 gnosticum
1177 2734 1239 2786 in
1269 2731 1475 2802 quavis
1515 2731 1959 2804 perfectissima:
1993 2735 2109 2788 vir-

452 2802 599 2876 tutis
631 2807 687 2855 et
712 2802 1025 2876 charitatis
1071 2805 1305 2876 actione
1329 2802 1560 2873 semper
1587 2806 1782 2876 aliqua
1831 2807 2111 2862 interiore

454 2872 841 2928 delectatione
872 2871 1026 2926 trahi
1067 2878 1125 2926 et
1157 2873 1332 2928 allici.
1366 2871 1610 2930 Adhaee
1656 2871 1813 2942 vero,
1837 2878 2110 2933 Clemens

456 2944 632 3016 paulo
685 2949 817 3015 post
864 2945 1135 3000 scribit“
1168 2960 1181 2997 :
1219 2965 1241 2995 (ι
1278 2945 1373 3000 Sic
1425 2961 1558 3016 ergo
1585 2947 1864 3003 videntur
1911 2965 2111 3003 revera

454 3015 704 3089 honesta
735 3030 865 3089 esse
906 3016 1370 3086 jucundissima,
1403 3022 1460 3071 et
1489 3015 1557 3072 ex
1583 3035 1645 3073 se
1675 3020 1932 3089 praebere
1972 3035 2108 3074 eum

455 3103 632 3159 quem
664 3087 1001 3162 desiderant
1019 3089 1296 3154 fructum,
1314 3104 1443 3162 nem
1456 3105 1521 3158 pe
1543 3087 1756 3146 animae
1778 3089 2110 3162 tranquilli-

453 3157 657 3234 tatem.
687 3181 708 3208 υ
744 3161 816 3213 At
847 3157 896 3213 si
927 3157 1843 3234 honestasuntjucundissima,
1867 3157 2105 3234 ac-gno-

2217 1946 2721 2020 terra_abducer_e
2779 1952 3080 2020 conantes,
3121 1946 3436 2020 carnisque
3485 1946 3876 2020 despicientes

2216 2016 2542 2092 vinculum,
2575 2017 2859 2092 cogimus
2897 2019 3177 2092 animam,
3207 2021 3288 2092 τῷ
3320 2016 3476 2088 τὶόθῳ
3523 2016 3873 2092 κρέιττόνων,

2221 2109 2248 2140 ‹‹
2309 2088 2621 2144 meliorum
2701 2089 3016 2151 desiderio.
3059 2112 3086 2140 »
3148 2090 3484 2158 sublatam,
3539 2088 3610 2147 ad
3672 2088 3878 2148 sancta

2218 2161 2512 2235 progredi.
2563 2162 2876 2235 Gnosticus
2927 2163 3245 2235 enimvero,
3309 2167 3372 2216 ut
3419 2161 3537 2217 Deo
3587 2180 3649 2218 se
3696 2180 3873 2235 quam

2217 2233 2551 2304 proximum
2603 2232 2868 2287 futurum
2901 2233 3192 2297 exhibeat,
3224 2237 3410 2287 totum
3460 2232 3749 2289 mundum
3782 2235 3872 2290 lu-

2219 2307 2423 2359 benter
2467 2305 2854 2375 transcendit.
2889 2306 3278 2369 Quamobrem
3302 2304 3347 2337 ⁸⁸
3378 2308 3436 2358 et
3467 2322 3569 2375 per
3616 2312 3872 2362 statutas

2217 2375 2494 2430 omnibus
2525 2374 2874 2430 Christianis
2923 2377 3200 2447 precandi
3248 2375 3424 2430 horas
3457 2374 3714 2446 tertiam,
3739 2395 3872 2434 sex-

2218 2452 2336 2502 tam
2369 2463 2434 2500 ac
2467 2462 2706 2519 nonam,
2739 2452 2796 2501 et
2844 2463 2946 2517 per
2969 2453 3161 2519 totam
3192 2447 3373 2502 vitam
3424 2448 3702 2519 precibus
3747 2450 3872 2505 suis

2217 2519 2418 2573 studet
2447 2534 2579 2571 cum
2612 2518 2728 2572 Deo
2762 2518 3000 2573 versari.

2289 2594 2576 2644 Praeterea
2623 2591 2873 2660 ipsemet
2915 2590 3205 2658 Clemens,
3232 2592 3296 2644 ut
3325 2589 3600 2657 vidimus,
3655 2590 3872 2647 diserte

2219 2662 2430 2716 asserit
2460 2661 2731 2716 eumdem
2766 2664 3092 2732 gnosticum
3125 2679 3237 2716 non
3273 2662 3446 2716 modo
3480 2678 3610 2717 cum
3645 2662 3870 2733 probis,

2217 2738 2272 2787 et
2303 2750 2436 2787 cum
2470 2733 2542 2786 iis
2588 2733 2687 2802 qui
2720 2736 3015 2788 recentius
3057 2733 3452 2801 crediderunt,
3477 2734 3649 2788 sicuti
3681 2735 3866 2799 decet,

2217 2805 2441 2874 precari
2481 2820 2493 2856 :
2527 2803 2637 2876 sed
2660 2820 2793 2858 eum
2841 2821 3076 2876 quoque
3128 2807 3418 2860 sumendo
3451 2805 3578 2859 cibo
3611 2806 3869 2875 praemit-

2216 2882 2338 2930 tere
2373 2890 2596 2948 preces,
2625 2874 2831 2948 laudes
2860 2874 2916 2930 et
2942 2874 3244 2931 sacrarum
3291 2875 3572 2930 lectiones
3603 2874 3866 2948 Scriptu-

2216 2962 2415 3001 rarum
2443 2946 2519 3012 θθς
2567 2947 2709 2999 dum
2760 2946 2926 3001 cibus
2973 2963 3110 3002 vero
3160 2948 3439 3014 sumitur,
3496 2946 3757 3017 psalmos
3811 2954 3870 3004 et

2219 3018 2467 3089 hymnos
2496 3033 2732 3085 canere;
2755 3033 2822 3071 ac
2844 3018 3082 3073 tandem
3117 3023 3436 3088 antequam
3467 3024 3556 3072 est
3577 3019 3866 3088 cubitum,

2217 3091 2288 3144 ad
2323 3093 2494 3143 noctu
2528 3090 2704 3143 etiam
2733 3104 2939 3160 preces
2964 3089 3230 3154 fundere,
3253 3090 3472 3160 quibus
3505 3110 3533 3138 «
3559 3090 3617 3144 in
3650 3107 3869 3146 memo-

2217 3163 2316 3216 rias
2367 3165 2596 3214 aeternae
2649 3159 3148 3232 contemplatione
3212 3159 3444 3231 pesitus
3472 3161 3535 3229 9°,
3586 3182 3614 3210 »
3665 3162 3864 3218 divino

449 3231 639 3313 sticus
670 3246 978 3318 nunquam
1029 3232 1157 3287 sine
1186 3230 1465 3318 interiore
1495 3232 1906 3318 delectatione
1933 3230 2105 3318 q'uido
2136 3241 2180 3308 ρ
2221 3232 2402 3318 οῇρτο
2432 3247 2562 3286 sese
2593 3231 2882 3318 adjungit:

450 3303 610 3374 piam
643 3307 799 3375 agat,
833 3318 1141 3375 nunquam
1183 3307 1361 3375 certe,
1386 3303 1514 3359 sine
1562 3305 1911 3375 bujusmodi
1952 3303 2106 3362 inte-

448 3373 600 3447 riore
629 3373 1014 3447 delectatione
1048 3379 1229 3431 Deum
1263 3374 1506 3446 diligere
1540 3373 1773 3447 poterit.

518 3446 732 3520 Nopne
755 3450 952 3520 autem
981 3445 1096 3501 haec
1126 3448 1331 3520 eadem
1354 3445 1445 3501 est
1465 3445 1580 3502 non
1611 3448 1804 3504 solum
1833 3448 2106 3520 antiquo-

447 3533 581 3592 rum
604 3515 1162 3592 Ecclesiae__Patrum,
1186 3518 1286 3573 sed
1312 3518 1466 3573 inter
1485 3520 1753 3592 ethnicos
1775 3520 1952 3577 etiam
1979 3515 2104 3592 phig

445 3587 728 3660 losophos
749 3588 1290 3645 eruditissimorum
1315 3591 1643 3646 sententia?
1671 3592 1819 3648 Nam
1842 3587 2042 3648 Cicero
2062 3591 2107 3626 ⁸⁵

447 3660 549 3715 ubi
581 3676 650 3715 ex
680 3661 891 3716 horum
936 3660 1211 3732 opinione
1241 3661 1482 3732 planum
1511 3663 1652 3718 facit
1700 3664 1888 3721 solam
1920 3665 2105 3720 hone-

447 3735 661 3805 statem
694 3737 933 3805 propter
963 3748 1026 3788 se
1069 3748 1198 3788 esse
1241 3735 1650 3805 expetendam,
1674 3740 1731 3791 et
1765 3736 2106 3804 utilitatem,

447 3804 665 3876 sitcum
706 3803 816 3858 illa
835 3810 1231 3876 comparetur,
1261 3803 1456 3876 jacere
1506 3807 1746 3876 debere;
1783 3807 1880 3862 ille
1907 3803 2106 3862 tamen

443 3875 666 3950 ibidem
698 3891 829 3950 cum
863 3875 1113 3932 Panaetio
1135 3875 1405 3950 observat
1437 3877 1583 3932 nihil
1613 3875 1744 3934 esse
1777 3879 2104 3950 utile,quod

455 3963 572 4018 non
604 3947 760 4002 idem
793 3947 1107 4003 honestum
1141 3949 1234 4003 sit.
1269 3949 1618 4005 Ambrosius
1649 3967 1781 4006 vero
1803 3951 1869 4018 ⁸⁸,
1903 3947 1982 4005 ut'
2000 3966 2108 4006 suo

452 4017 580 4143 Ιοοὲ
612 4018 1050 4143 adntotavimus,
1074 4020 1368 4076 Ciceronis
1400 4021 1665 4092 opinioni
1697 4017 2021 4078 subseribit
2052 4026 2111 4077 et

457 4107 524 4143 su
577 4106 716 4143 raga
748 4107 835 4143 ur.
1495 4140 1497 4143 .

457 4095 835 4145 suffragatur.
1495 4140 1497 4144 .

522 4106 1001 4234 ἓὲἓῗέιὲῑῗίριίυε
1019 4161 1334 4217 dicendum
1361 4166 1450 4217 est
1469 4140 1632 4218 illam
1658 4163 2108 4220 delectationem

453 4232 576 4288 sive
609 4232 920 4307 utilitatem
967 4251 1079 4288 non
1111 4250 1262 4307 iesse
1302 4237 1586 4290 motivum
1633 4252 1738 4291 cur
1785 4241 1888 4292 aut
1934 4252 2107 4307 expe-

453 4305 1077 4388 taturnhonestas,'aut
1108 4306 1263 4388 Deus
1315 4323 1735 4388 puroﬁamore,
1764 4324 1830 4363 ac
1873 4305 2110 4388 propter

457 4377 844 4448 semetipsum
880 4379 1072 4430 solum
1128 4376 1428 4445 diligatur.
1465 4380 1743 4442 Quamvis
1793 4376 1951 4434 enim
1986 4376 2109 4434 'do-

455 4447 705 4503 ctissimi
746 4448 830 4502 illi
865 4449 1183 4518 scriptores
1215 4449 1608 4504 disertissime
1651 4452 1953 4504 at'tirment
2001 4450 2110 4505 ho-

454 4523 740 4574 nestatem
788 4525 1026 4590 prOpter
1055 4536 1117 4574 se
1149 4519 1335 4574 solam
1378 4519 1567 4590 diligi,
1603 4521 1862 4576 fatentur
1909 4526 2108 4576 tamen

454 4607 521 4644 eo
545 4591 682 4662 ipso
715 4607 831 4662 quo
863 4591 945 4645 sic
989 4591 1278 4659 diligitur,
1313 4592 1525 4646 habere
1573 4592 2019 4648 delectationem
2054 4598 2112 4647 et

453 4661 762 4717 utilitatem
796 4661 910 4717 sibi
944 4662 1272 4717 necessario
1304 4665 1649 4732 conjunctas
1680 4671 1736 4718 et
1770 4663 2110 4720 individuus

454 4736 720 4788 comites.
746 4734 1140 4797 Quamobrem
1179 4735 1410 4789 etiamsi
1452 4734 1762 4790 delectatio
1792 4741 1850 4789 et
1881 4736 2106 4790 utilitas

452 4806 671 4877 amoris
701 4811 758 4860 et
787 4805 1112 4871 charitatis,
1146 4811 1321 4876 atque
1352 4809 1525 4860 etiam
1557 4807 1896 4877 expetendae
1925 4807 2107 4861 hone-

453 4876 625 4932 statis
685 4876 1056 4961 primarium,
1090 4881 1155 4932 ut
1212 4876 1726 4961 aiuptumotivum
1785 4878 2105 4961 aliquando

327 4959 344 4969 '
447 4964 579 5004 esse
610 4965 727 5003 non
760 4948 1090 5017 videantur,
1116 4949 1532 5004 secundarium
1560 4948 1948 5006 nihilominus
1976 4967 2108 5005 mo-

447 5019 660 5093 tivum,
684 5024 806 5087 aut,
842 5021 891 5075 si
922 5021 1090 5093 velis,
1120 5021 1364 5076 effectus
1396 5022 1444 5077 ei
1480 5038 1787 5093 nunquam
1821 5039 1936 5078 non
1965 5039 2106 5077 con-

443 5091 711 5164 junctus,
740 5108 973 5160 semper
1003 5092 1098 5157 sit,
1133 5093 1374 5147 omnino
1406 5091 1655 5164 oportet.

520 5162 782 5233 Denique
808 5179 941 5218 cum
973 5163 1326 5234 propositas,
1345 5162 1735 5230 uti'diximus,
1753 5181 1781 5218 a
1806 5164 2107 5220 Clemente

444 5232 807 5305 hypotheses
832 5253 906 5290 nu
922 5232 1134 5302 nquam
1171 5237 1365 5306 reipsa
1384 5237 1505 5290 ﬁeri
1532 5252 1704 5306 posse
1727 5237 2103 5297 concedatur.

446 5321 620 5379 gemo
661 5311 818 5361 certe
867 5307 981 5361 nisi
1035 5306 1319 5379 malesani
1381 5307 1591 5379 capitis
1650 5307 1826 5362 homo
1882 5324 1980 5362 eas
2031 5308 2103 5361 ad

445 5375 633 5433 Deum
682 5394 825 5449 pure
855 5379 1177 5432 amandum
1214 5375 1745 5448 tingere—unquam
1780 5379 1972 5434 debet.
2004 5379 2103 5434 Ja-

445 5456 617 5504 ceant
647 5449 828 5521 igitur
853 5450 938 5503 has
971 5449 1496 5521 hypotheses,quae
1529 5466 1833 5520 nunquam
1870 5455 2011 5505 sunt
2042 5450 2102 5504 in

445 5536 580 5586 usu,
617 5537 720 5575 nec
753 5536 878 5576 esse
928 5537 1187 5592 unquam
1224 5521 1468 5587 debent;
1525 5525 1626 5576 aut
1656 5522 1702 5576 si
1739 5521 1877 5592 quid
1915 5521 2104 5576 valere

443 5592 694 5664 possint,
733 5593 803 5646 ad
838 5591 1020 5664 animi
1048 5592 1254 5659 Deum,
1281 5609 1460 5664 quam
1492 5592 1615 5647 ﬁeri
1649 5591 1858 5664 potest,
1891 5593 2104 5648 castis-

441 5662 592 5718 sime
621 5663 924 5735 diligentis
964 5662 1430 5734 patefaciendam
1477 5663 1955 5733 dispositionem,
1992 5664 2105 5718 mi-

440 5735 601 5791 nime
621 5752 756 5792 vero
780 5736 848 5791 ad
874 5735 1060 5790 Deum
1087 5751 1281 5790 revera
1302 5735 1624 5791 amandum
1651 5736 1867 5791 debent
1886 5735 2100 5791 valere-

508 5878 804 5952 arguam,
826 5878 1009 5952 tibid”
1043 5896 1099 5952 p.
1122 5879 1259 5952 753,74.
1356 5879 1402 5915 ⁸⁸
1433 5879 1473 5952 l.
1507 5897 1570 5936 III
1609 5880 1691 5935 De
1722 5880 1904 5950 ofﬁc.,

1937 5897 1994 5952 p.
2020 5880 2128 5935 392
2159 5885 2214 5935 et
2237 5879 2368 5952 A4037.

2294 3305 2412 3358 Huc
2456 3304 2698 3370 accedit,
2731 3304 2887 3374 quod
2935 3303 3206 3358 Clemens
3254 3306 3325 3358 de
3371 3303 3672 3358 vocalibus
3723 3319 3870 3375 gno-

2215 3375 2347 3431 stici
2382 3375 2655 3446 precibus
2687 3375 2994 3446 subtexuit
3022 3391 3034 3429 :
3060 3398 3087 3426 «
3113 3375 3224 3430 Sed
3253 3390 3359 3431 nec
3385 3391 3473 3443 ea,
3497 3391 3624 3446 quae
3653 3376 3718 3430 ﬁt
3747 3393 3867 3443 ore,

2215 3441 2406 3502 utitur
2451 3446 2717 3520 verbosa,
2749 3441 3076 3520 πολυλόγῳ,
3111 3441 3480 3520 precatione;
3514 3441 3580 3501 iit
3609 3447 3709 3520 qui
3742 3441 3870 3518 quae

2257 3524 2412 3573 etere
2442 3518 2752 3590 arDomino
2793 3517 3082 3589 oporteat,
3114 3517 3409 3575 didicerit.
3447 3520 3505 3572 In
3540 3519 3698 3574 omni
3731 3517 3868 3590 ergo

2257 3535 2412 3573 etere
2442 3535 2474 3572 a
2509 3535 2752 3573 uomino
2793 3535 3082 3589 oporteat,
3114 3535 3409 3575 didicerit.
3447 3535 3505 3572 in
3540 3535 3698 3574 omni
3731 3535 3866 3590 ergo

2213 3535 2341 3646 Foco
2380 3589 2590 3657 orabit,
2624 3591 2724 3661 sed
2778 3606 2894 3644 non
2943 3595 3009 3644 ut
3056 3597 3258 3661 aperte
3305 3589 3521 3661 populo
3567 3596 3866 3661 appareat.

2215 3662 2365 3726 Quin
2397 3677 2532 3716 vero
2580 3665 2639 3716 et
2689 3660 2842 3716 inter
2872 3659 3324 3729 ambulandum,
3357 3659 3414 3717 et
3462 3659 3521 3714 in
3573 3659 3870 3728 sermone,

2215 3739 2274 3789 et
2305 3733 2522 3804 quiete,
2554 3737 2611 3804 et
2639 3731 2909 3800 lectione,
2944 3738 3001 3788 et
3041 3748 3107 3788 ex
3155 3732 3229 3804 iis
3278 3749 3429 3804 quae,
3457 3733 3609 3788 ﬁunt
3655 3749 3724 3788 ex
3773 3749 3871 3787 ra-

2213 3803 2375 3860 tione
2407 3803 2745 3876 omnimodo
2792 3809 3080 3876 precatur.
3118 3803 3267 3870 Quin
3318 3804 3367 3876 si
3415 3803 3477 3857 in
3526 3804 3714 3876 ipsius
3746 3805 3870 3858 ani-

2216 3893 2324 3932 mae
2356 3875 2754 3947 penetralibus
2794 3875 2986 3931 solum
3019 3875 3383 3947 cogitaverit,
3418 3878 3595 3947 atque
3617 3875 3874 3947 inenar-

2221 3893 2324 3932 mae
2395 3893 2754 3932 enetraunus
2794 3893 2986 3931 sonum
3019 3893 3383 3947 cogitaverit,
3418 3893 3595 3946 atque
3636 3893 3874 3930 inenar-

2221 3893 2508 4004 rabiiibus
2539 3948 2858 4018 gemitibus
2889 3947 3118 4002 Patrem
3160 3946 3535 4018 invocaverit,
3567 3946 3666 4002 ille
3693 3963 3876 4019 prope

2223 4021 2409 4090 adest,
2453 4020 2648 4090 adhuc
2701 4036 2768 4074 eo
2818 4019 3117 4090 loquente.
3155 4041 3181 4068 υ
3213 4020 3391 4074 Vides
3446 4034 3587 4090 sane
3640 4023 3873 4073 tantum

2222 4089 2449 4157 abesse,
2483 4095 2550 4146 ut
2586 4089 2853 4145 Clemens
2900 4089 2934 4144 ξι
2982 4090 3259 4145 continua
3307 4089 3559 4160 gnostici
3607 4095 3876 4145 contem-

2217 4164 2478 4234 platione
2509 4179 2710 4234 preces
2741 4179 2838 4217 ore
2872 4162 3030 4234 fusas
3075 4160 3406 4234 excluserit,
3440 4165 3504 4214 ut
3525 4160 3664 4234 has,
3686 4161 3872 4234 modo

2219 4231 2334 4290 non
2382 4231 2524 4288 sint_
2549 4233 2799 4287 nimium
2835 4233 3110 4295 verbosas,
3146 4232 3650 4302 quemadmodum
3683 4231 3869 4301 illam,

2219 4324 2251 4362 a
2281 4306 2546 4377 gnostico
2578 4304 2905 4377 saepissime
2935 4304 3059 4358 ﬁeri
3093 4308 3290 4377 aperte
3314 4302 3686 4377 profiteatur.

2289 4373 2520 4430 Scimus
2549 4373 2787 4446 quidem
2821 4374 3179 4430 Clementem
3211 4373 3430 4446 dixisse
3460 4373 3715 4446 gnostici
3750 4389 3874 4446 pre-

2221 4448 2509 4502 cationem
2544 4443 2583 4501 εἶ
2607 4447 2723 4502 Deo
2755 4446 3058 4512 anteverti,
3094 4449 3291 4517 utpote
3322 4445 3424 4517 qui
3455 4443 3648 4513 illum,
3673 4443 3873 4516 prius-

2220 4536 2397 4591 quam
2433 4518 2684 4589 petierit,
2717 4518 2998 4573 exaudiat
3030 4535 3085 4572 :«
3124 4517 3310 4591 Hujgs
3341 4534 3562 4591 vecem,
3597 4517 3873 4591 inquit“,

2222 4588 2277 4645 in
2334 4588 2839 4662 precationenon
2893 4594 3189 4662 exspectat
3237 4589 3545 4662 Dominus,
3579 4593 3734 4662 Pete,
3777 4588 3873 4662 in:

2220 4659 2453 4734 quiens,
2486 4667 2544 4716 et
2595 4660 3083 4734 t‘aciampanimo
3135 4661 3346 4730 cogita,
3401 4666 3458 4716 et
3506 4661 3733 4716 dabo.»
3766 4659 3872 4714 Sed

2216 4733 2282 4788 eo
2311 4734 2440 4803 ipso
2471 4750 2588 4804 quo
2619 4733 2717 4804 ille
2757 4733 2899 4787 dixit
2933 4733 3114 4787 Deum
3148 4734 3279 4802 ejus
3311 4748 3511 4788 vocem
3567 4739 3625 4787 et
3674 4746 3874 4804 preces

2217 4803 2554 4877 praevenire,
2604 4803 2846 4877 planum
2899 4806 3103 4876 utique
3149 4804 3288 4860 facit
3331 4805 3606 4877 eumdem
3634 4803 3872 4877 gnosti-

2217 4873 2350 4933 cum
2385 4894 2418 4932 a
2464 4873 2860 4948 Deo—aliquid
2912 4873 3050 4932 voce
3095 4883 3153 4930 et
3207 4876 3480 4947 precibus
3510 4873 3773 4946 ﬂagitare
3804 4889 3871 4928 ac

2216 4949 2539 5022 postulare.

2288 5023 2351 5076 In
2396 5021 2688 5101 _eumdem
2759 5018 3279 5103 planeﬂsensumh
3313 5016 3479 5103 prius
3557 5014 3873 5103 scripserat

2213 5092 2550 5162 gnosticum
2599 5087 2776 5146 orare
2823 5113 2852 5140 ‹‹
2911 5089 3088 5145 etiam
3131 5087 3509 5162 cogitatione,
3545 5109 3572 5136 ››
3603 5087 3692 5162 xei
3734 5087 3871 5138 κατὰ

2214 5156 2311 5231 ῖτήν
2354 5156 2581 5238 ἔννᾳιᾳν.
2617 5166 2688 5217 At
2739 5162 2879 5238 quid
2933 5162 3076 5223 haec,
3109 5156 3328 5238 quaeso,
3363 5159 3493 5238 eius
3545 5157 3717 5238 verba
3760 5175 3869 5238 _so-

2216 5229 2378 5301 nant,
2415 5234 2531 5290 nisi
2563 5229 2902 5303 gnosti'cum
2936 5249 3050 5287 non
3085 5230 3280 5303 solum
3314 5229 3528 5303 _an_imo
3559 5233 3617 5283 et
3645 5229 3868 5303 cogita:

2215 5298 2506 5371 tione,sed
2543 5298 2691 5375 s'Eepe
2720 5305 2897 5359 etiam
2926 5319 3061 5357 voce
3088 5306 3146 5375 et
3167 5300 3362 5356 verbis
3390 5301 3574 5375 Deum
3598 5298 3874 5375 precari?

2216 5379 2340 5433 Imo
2370 5370 2504 5433 vero
2538 5370 2731 5431 nonne
2763 5375 2885 5430 haec
2915 5373 3254 5446 significant
3284 5388 3420 5446 eum
3436 5370 3656 5446 Averbis
3677 5372 3872 5446 potius

2215 5467 2395 5526 quam
2435 5448 2790 5526 cogitatione
2820 5441 3024 5526 vacare
3074 5443 3384 5526 precibus?
3419 5442 3541 5526 ‘Sed
3595 5441 3697 5526 ille
3740 5441 3869 5523 Cle-

2215 5515 2432 5577 mentis
2459 5515 2623 5575 lo'cus
2653 5519 2880 5587 integer
2902 5515 3322 5570 describendus
3347 5518 3464 5587 est;
3497 5515 3871 5587 quandoqui-

2213 5593 2345 5648 dem
2404 5593 2655 5660 ipsemet
2701 5584 3091 5660 ibi'ostendit
3139 5602 3265 5660 non
3325 5584 3514 5660 selum
3577 5585 3872 5660 quomodo

2214 5657 2524 5736 gnosticus
2570 5664 2716 5729 oret,
2749 5660 2851 5736 sed
2901 5657 3252 5736 quidetiam
3287 5673 3320 5712 a
3351 5657 3479 5736 Deo
3522 5663 3728 5736 petere
3769 5657 3873 5711 de-

2214 5728 2348 5791 beat
2379 5751 2393 5790 :
2428 5757 2454 5784 «
2492 5733 2631 5788 Orat
2660 5728 2965 5805 gnosticus
3019 5728 3196 5786 etiam
3243 5728 3620 5801 cogitatione,
3654 5728 3738 5782 ait
3769 5744 3878 5783 au-

2463 5878 2508 5912 ⁸⁶
2545 5877 2582 5932 Ι.
2619 5894 2661 5933 ιι
2695 5875 2777 5932 De
2807 5875 2988 5944 ofﬁc.,
3020 5891 3070 5930 c.
3102 5871 3220 5946 5,ίέ
3257 5872 3359 5946 253
3392 5870 3431 5946 l.
3463 5888 3549 5942 ιιι,
3584 5888 3633 5927 c.
3665 5871 3784 5946 ξιξ
3811 5869 3883 5926 29

441 5953 500 6009 et
527 5949 620 6020 31,
647 5955 704 6008 et
724 5968 774 6008 ο.
809 5951 862 6020 4,
895 5952 924 6021 §
957 5942 1061 6008 19..
1117 5951 1161 5988 ⁸⁷
1193 5951 1411 6009 Strom.
1441 5951 1484 6010 l.
1517 5969 1616 6024 vn,
1640 5969 1698 6027 p.
1729 5953 1835 6010 727
1867 5942 2081 6026 e't‘seq.
2158 5952 2202 5989 ⁵⁸
2233 5949 2376 6007 ibid.
2455 5950 2502 5987 ⁸9
2532 5949 2699 6018 ibid.,
2734 5965 2790 6022 p.
2821 5942 2982 6005 728..
3027 5947 3074 5985 9°
3103 5942 3246 6003 ibid.
3323 5945 3366 5982 ⁰¹
3399 5944 3440 6003 1.
3472 5961 3552 6016 νι,
3585 5960 3642 6018 p.
3674 5942 3800 5999 633.
