4114 6392
440 345 575 399 1221

995 466 1397 524 AHTICULUS
1436 468 1535 523 IX.

432 571 510 626 De
556 566 795 641 gnostici
844 566 1034 622 divina
1082 565 1557 641 eontemptatz'one
1611 570 1663 641 et
1726 565 2100 638 meditatione,

757 654 854 695 seu
885 637 1138 706 mentali,
1170 636 1256 693 uti
1288 636 1475 709 aiunt,
1504 638 1774 695 oratione.

509 760 554 813 A
601 754 810 823 vocali,
863 760 928 809 ut
967 752 1313 825 loquuntur,
1366 754 1629 809 oratione
1660 759 1717 810 et
1768 754 2100 825 precatione

437 830 512 885 ad
547 827 890 894 mentalem,
925 842 1027 898 seu
1050 824 1319 880 divinam
1360 825 1612 897 gnostici
1645 824 2096 898 contemplatio-

440 916 573 957 nem
608 904 711 955 aut
758 897 1221 963 meditationem,
1277 903 1342 951 ut
1389 903 1785 964 transeamus,
1834 897 2099 954 Clemens

437 972 693 1027 Abrahzn
722 968 990 1040 exemplo
1018 970 1279 1023 ostendit
1338 967 1638 1024 hominem
1698 972 1768 1025 ad
1830 986 1958 1025 eam
2019 977 2100 1024 at-

439 1043 566 1102 tolli
588 1041 894 1114 “,primum
927 1040 1166 1114 quidem
1200 1056 1395 1114 rerum
1422 1041 1801 1114 pulchrarum
1835 1046 2097 1113 aspectu,

440 1112 657 1172 deinde
688 1128 884 1168 rerum
917 1112 1269 1182 optimarum
1321 1112 1633 1179 desiderio,
1665 1129 1730 1168 ac
1760 1112 1994 1168 tandem
2028 1114 2097 1167 il-

442 1187 566 1243 lum
609 1183 1081 1258 postea__apertis
1140 1200 1173 1237 a
1222 1184 1503 1258 magistro
1560 1183 1745 1258 oculis
1803 1184 2098 1256 spiritulia

441 1254 792 1332 perspicere.
829 1256 930 1310 His
962 1256 1157 1332 itaque
1187 1257 1468 1332 gradibus
1501 1254 1699 1332 anima
1729 1254 1859 1332 sese
1889 1272 2098 1332 __s_upra

440 1326 535 1386 res
566 1326 875 1399 eorporeas
906 1326 1158 1399 erigens,
1178 1327 1248 1399 ad
1278 1326 1699 1397 omnipotentis
1759 1326 2096 1398 intelligen-

441 1403 587 1458 tiam
624 1398 927 1470 utcunque
968 1398 1322 1470 perducitur.
1358 1398 1745 1461 Quamobrem
1775 1399 2047 1455 Clemens
2080 1414 2093 1453 :

446 1496 476 1524 «
505 1474 565 1529 Si
598 1469 1030 1539 ablatis,inquit
1048 1469 1542 1540 °,omnibus,qua3
1574 1472 1810 1534 adsunt,
1845 1470 2101 1541 corpori-

448 1546 584 1610 bus,
619 1548 677 1599 et
704 1544 776 1596 iis
805 1557 928 1612 qua
961 1541 1240 1595 dicuntur
1272 1541 1636 1610 incorporea,
1666 1557 1773 1596 nos
1805 1542 1964 1612 ipsos
1995 1545 2096 1597 ab-

442 1618 768 1687 jecerimus
798 1614 867 1687 ad
898 1612 1112 1687 Christi
1147 1613 1613 1687 magnitudinem
1641 1632 1654 1679 ;
1706 1614 2002 1687 et_deinde
2034 1613 2094 1668 in

446 1684 775 1742 vastitatem
809 1684 936 1754 ejus
969 1684 1550 1754 immensitatemque
1595 1684 1905 1739 sanctitate
1963 1701 2095 1755 pro-

448 1757 903 1822 cesserimus,ad
935 1755 1386 1825 intelligentiam
1438 1756 1857 1826 omnipotentis
1886 1761 2094 1811 utcun-

1708 346 1804 398 ΒΕ
1841 345 2076 400 LIBRIS
2112 345 2578 403 STROMATUM.

2123 474 2177 540 Α
2212 470 2428 542 mentis
2457 470 2605 542 loco,
2634 487 2808 542 quem
2841 473 3122 527 Hervetus
3145 488 3260 527 non
3291 470 3598 538 intellexit,
3624 488 3859 528 rursum

3716 346 3858 402 1222

2212 540 2487 615 colligere
2526 540 2681 615 haud
2710 545 3006 600 immerito
3039 559 3356 615 possumus
3400 549 3695 598 auctorem
3752 560 3856 598 no-

2212 618 2403 686 strum
2436 614 2505 668 de
2530 614 2956 686 philosophica,
2985 614 3063 669 uti
3093 615 3352 679 dixmus,
3372 615 3466 668 Dei
3500 616 3854 686 cognitione,

2211 684 2408 755 potius
2441 701 2618 756 quam
2653 687 2723 740 de
2756 684 3020 751 inentali,
3053 691 3115 740 ut
3145 687 3332 755 aiunt,
3364 684 3685 741 Christiani
3726 701 3855 742 ora-

2209 756 2366 810 tione
2398 762 2455 810 et
2487 758 2886 823 meditatione,
2918 759 2997 812 ibi
3018 758 3347 812 instituisse
3373 758 3855 827 disputationem.

2282 833 2351 881 Al.
2383 830 2452 881 de
2483 828 2613 901 ipsa
2634 829 2948 884 Christiani
2972 829 3456 901 contemplatoris
3480 829 3859 901 meditatione

2282 844 2351 881 At
2383 844 2452 881 ae
2483 844 2613 953 ipsa
2634 844 2948 884 unrisuani
2972 844 3456 901 contemplatoris
3480 844 3859 884 meditatione

2208 896 2305 980 ille
2334 915 2510 980 procu
2550 900 3037 980 _dubio_disserit,
3071 900 3369 980 ubi_doc_et
3402 900 3602 980 magni
3648 906 3710 980 et_
3760 916 3860 980 ex:-

2209 969 2348 1043 celsi
2380 969 2564 1025 animi
2597 971 3086 1043 gnosticum,qui
3117 970 3367 1027 scientia
3417 969 3531 1040 id;
3557 973 3711 1043 quod
3771 976 3861 1028 est

2208 1042 2523 1113 optimum,
2559 1042 3017 1113 possidet,facile
3049 1043 3285 1112 quidem
3311 1043 3380 1097 ad
3413 1042 3860 1114 contemplatio-

2210 1130 2342 1168 nem
2371 1115 2586 1169 moveri
2618 1121 2675 1170 et
2702 1114 2985 1186 applicari
3014 1139 3027 1181 ;
3062 1114 3148 1168 vel
3207 1119 3271 1186 ut
3318 1114 3441 1184 ipse
3503 1115 3762 1185 loquitur
3789 1114 3809 1149 ⁸
3839 1131 3853 1170 :

2210 1207 2237 1234 ‹‹
2269 1186 2641 1257 Eorum.quas
2659 1185 2880 1241 cadunt
2902 1186 2957 1240 in
2982 1185 3554 1255 contemplationem,
3575 1188 3681 1238 τῶν
3715 1195 3855 1248 θεω-

2209 1260 2413 1327 ρητῶν,
2438 1258 2554 1312 vim
2583 1258 2643 1312 in
2672 1258 2868 1313 anima
2898 1258 3113 1312 habere
3147 1258 3723 1328 permanent_em,hoc
3741 1262 3855 1328 est,

2208 1324 2603 1399 perspicacem
2628 1330 2881 1384 scientiae
2915 1324 3318 1399 acrimoniam,
3339 1324 3703 1399 ropréntrﬁv
3736 1324 3855 1381 διο-ἰ

2209 1398 2442 1474 pattxﬁv
2464 1406 2564 1467 τῆς
2592 1400 2901 1474 ἐπιστήμης
2943 1398 3286 1474 δριμύτητα.-
3312 1420 3348 1474 _»
3395 1398 3619 1461 Quibus
3666 1401 3852 1455 conti-

2209 1470 2325 1528 nuo
2357 1473 2655 1527 subnectit
2687 1489 2699 1526 ε
2742 1495 2762 1522 ι
2800 1470 2986 1527 Hanc'
3021 1486 3085 1525 ut
3133 1470 3427 1541 possideat
3484 1476 3854 1541 potestatem,

2205 1559 2378 1613 quam
2415 1544 2672 1598 maxima
2689 1544 2740 1598 vi
2770 1544 3096 1608 contendit,
3128 1557 3315 1614 eaque
3343 1558 3468 1611 quas
3496 1558 3629 1597 cum
3664 1549 3856 1599 mente

2207 1620 2495 1686 pugnant,
2529 1617 2585 1669 in
2623 1620 2906 1684 potestate
2938 1615 3117 1669 habet
3148 1630 3294 1678 sua;
3327 1615 3469 1686 etin
3503 1617 3859 1686 contempla-

2206 1684 2363 1741 tione
2394 1684 2630 1757 quidem
2666 1692 2943 1757 perpetua
2974 1686 3259 1751 residens,
3293 1690 3349 1739 et
3379 1684 3436 1738 in
3485 1701 3552 1739 ea
3584 1702 3644 1740 se
3690 1684 3857 1742 exer-

2207 1773 2344 1811 cens
2371 1759 2805 1827 exercitatione,
2839 1758 2912 1813 ab
2968 1757 3051 1812 eis
3098 1773 3226 1827 quas
3285 1761 3426 1810 sunt
3475 1758 3739 1825 jucunda
3794 1774 3857 1813 se

445 1846 561 1902 qua
593 1829 1027 1911 perveniemus,
1062 1843 1175 1881 non
1209 1828 1363 1911 quod
1396 1830 1506 1911 est,
1539 1829 1639 1911 sed
1674 1829 1839 1911 quod.
1865 1845 1983 1911 non.
2006 1834 2097 1882 est
2128 1845 2174 1911 B
2205 1829 2483 1911 abstinet,
2516 1834 2574 1884 et
2603 1845 2669 1883 ea
2701 1846 2829 1911 qua
2884 1828 3323 1911 sunt-facienda
3356 1833 3508 1909 recte
3539 1828 3852 1911 ge_rit,_ma-

439 1898 887 1972 cognoscentes,
909 1899 1132 1972 Figura
1162 1904 1381 1972 autem,
1422 1903 1480 1953 et
1510 1904 1723 1972 motus,
1756 1898 1844 1972 vel
1876 1904 2089 1969 status,

438 1968 752 2038 veisedes,
784 1971 870 2025 vel
906 1968 1090 2037 locus,
1139 1969 1228 2024 vel
1283 1970 1539 2032 dextera,
1588 1968 1674 2024 vel
1735 1970 1979 2025 sinistra
2021 1968 2092 2026 de

441 2048 613 2101 Patre
646 2044 1053 2097 universorum
1088 2055 1158 2094 ne
1183 2046 1323 2095 sunt
1351 2042 1588 2111 quidem
1625 2041 1953 2110 cogitanda.
1989 2064 2017 2091 ››

516 2115 595 2170 Ex
625 2114 715 2169 his
745 2112 1085 2185 Clementis,
1121 2112 1304 2185 nostri
1336 2112 1529 2166 verbis
1577 2113 1928 2185 recentiores
1960 2114 2091 2185 qui-

442 2186 578 2242 dam
612 2189 727 2241 duo
760 2184 955 2255 colligi
989 2199 1159 2255 posse
1178 2183 1560 2248 arbitrantur,
1596 2184 1786 2254 primo
1834 2183 2093 2241 contem-

445 2258 946 2330 plantishominis
985 2255 1246 2330 animam
1270 2260 1389 2310 tam
1418 2260 1693 2330 nascente
1730 2256 2093 2330 contempla—

443 2325 621 2384 tionis
653 2329 895 2390 fervore,
923 2343 1101 2398 quam
1132 2325 1193 2381 in
1238 2326 1515 2381 extremis
1572 2325 1981 2383 vexationibue
2036 2332 2095 2381 et

441 2400 870 2456 tentationibus
899 2397 1298 2462 censtilutam,
1324 2398 1620 2465 distincto,
1654 2398 1951 2465 reﬂexo,et
1981 2399 2091 2453 sub

442 2488 686 2528 sensum
718 2473 959 2526 cadente
1008 2468 1226 2525 Christi
1286 2470 1516 2523 Domini
1576 2469 1796 2524 intuitu
1855 2470 2090 2540 privari.

445 2545 661 2599 Deinde
718 2544 779 2598 in
838 2558 998 2597 mera
1055 2541 1156 2596 illa
1204 2556 1269 2594 ac
1324 2541 1542 2596 directa
1598 2542 2094 2611 contemplatione

441 2616 705 2672 animam
738 2629 855 2669 non
886 2612 1162 2684 occupari
1197 2611 1315 2667 ullo
1355 2611 1644 2683 singulari
1676 2617 1734 2668 et
1790 2613 1952 2669 finita
2010 2613 2094 2668 di-

440 2686 709 2742 vinitatis
734 2685 865 2740 idea
895 2701 910 2738 :
943 2685 1044 2739 sed
1069 2684 1362 2754 quidquid
1398 2699 1741 2753 corporeum
1774 2690 1830 2739 et
1859 2684 2092 2740 ﬁnitum

440 2763 536 2814 est
590 2756 1028 2824 transcendere,
1063 2761 1132 2808 ut
1176 2755 1235 2807 in
1298 2769 1454 2809 mere
1510 2754 1895 2810 intellectuali
1954 2762 2012 2811 et
2063 2773 2096 2811 a

444 2828 712 2907 quolibet
740 2842 983 2907 corpore
1013 2826 1306 2881 abstracta
1351 2824 1559 2881 divinas
1609 2831 1830 2881 natura
1862 2827 1992 2883 idea
2040 2831 2096 2882 et

444 2898 643 2971 specie
668 2898 973 2971 consistat.

524 2970 634 3025 Sed
668 2970 790 3025 haec
823 2986 854 3023 a
888 2966 1206 3023 Clementis
1225 2965 1408 3021 nostri
1466 2969 1663 3021 mente
1692 2982 1934 3037 prorsus
2002 2969 2098 3023 ab-

443 3042 687 3098 horrere
735 3040 979 3097 dubium
1010 3053 1139 3093 esse
1171 3053 1286 3092 non
1322 3043 1530 3109 potest.
1593 3039 1844 3107 Etenim,
1887 3043 1953 3093 ut
2007 3042 2096 3095 in-

442 3128 634 3183 genue
663 3113 974 3180 fateamur,
1005 3110 1173 3183 nobis
1202 3110 1439 3183 omnino
1474 3124 1589 3163 non
1638 3115 1869 3165 constat
1898 3116 2094 3167 utrum

2201 1916 2318 1971 gna
2350 1907 2627 1969 praeterea
2655 1898 2829 1956 utens
2860 1900 3242 1971 experientia,
3289 1903 3407 1954 tam
3465 1898 3526 1953 in
3548 1898 3565 1899 ί
3585 1900 3855 1955 doctrina

2202 1969 2377 2041 quam
2413 1973 2469 2026 in
2502 1972 2574 2027 iis
2608 1989 2735 2041 quae
2758 1973 2828 2027 ad
2863 1969 3042 2026 vitam
3090 1969 3399 2041 pertinent.
3433 1990 3462 2020 η
3496 1971 3572 2025 Ex
3627 1971 3720 2027 his
3750 1989 3853 2027 au-

2204 2040 2318 2098 tem
2352 2040 2670 2098 Clementis
2700 2044 2893 2098 verbis
2926 2040 3140 2107 nonne,
3174 2040 3627 2113 inquies,palam
3660 2044 3857 2098 omni-

2204 2114 2311 2169 bus
2346 2115 2407 2169 ﬁt
2437 2115 2721 2170 Clementi
2758 2129 3104 2185 persuasum
3138 2112 3322 2185 fuisse
3361 2112 3485 2185 dari
3535 2116 3853 2185 quemdam

2202 2186 2708 2257 contemplationis
2742 2184 2986 2253 statum,
3016 2191 3080 2239 ut
3110 2184 3678 2257 aiunt,habitualem
3710 2188 3855 2241 adeo

2203 2256 2518 2340 sublimem
2541 2262 2598 2312 et
2616 2257 2960 2340 perfectum,
2978 2272 3093 2340 quo
3115 2256 3419 2338 gnosticus
3445 2272 3650 2340 omnes
3669 2263 3857 2340 actus,

2202 2345 2351 2397 quos
2383 2327 2742 2383 discursivos
2773 2328 3092 2399 appellant,
3126 2327 3368 2381 omnino
3402 2328 3651 2397 rejiciat,
3682 2334 3860 2400 atque

2201 2400 2362 2454 illius
2393 2401 2590 2455 anima
2621 2401 2693 2453 ab
2724 2400 2883 2454 omni
2920 2415 3162 2469 prorsus
3185 2414 3356 2469 opere
3390 2402 3574 2454 vacet.

2271 2473 2384 2527 Sed
2417 2472 2689 2543 quisquis
2720 2472 2800 2524 ita
2830 2475 3303 2543 argumentatur,
3336 2470 3409 2524 ad
3457 2472 3718 2526 Grzecum
3751 2486 3854 2543 au-

2204 2544 2379 2597 ctoris
2413 2540 2597 2597 nostri
2629 2546 2849 2597 textum
2884 2540 3001 2596 non
3021 2540 3165 2596 satis
3189 2544 3455 2596 animum
3490 2542 3859 2597 advertit.lta

2205 2614 2729 2687 autemihabﬁetun:
2761 2610 2971 2687 Τᾳνᾷτην
3005 2609 3191 2687 sua:
3240 2606 3319 2687 ἔνθ
3376 2609 3635 2687 μαλιρντα,
3671 2612 3856 2687 βιάζε-

2202 2704 2290 2757 ται
2321 2686 2621 2753 κτήσασθαι
2648 2684 2747 2751 τὴν
2799 2681 3052 2755 δύναμιν,
3084 2681 3693 2757 ἐγκρατὴς-γενόμενά
3718 2755 3727 2757 _
3748 2688 3858 2757 χιὼν

2216 2756 2231 2772 ν
2414 2752 2419 2753 ί
2643 2756 2653 2774 ,
2836 2759 2862 2770 -
2939 2752 2969 2770 ~..
3038 2752 3047 2755 —
3124 2752 3150 2771 -ε
3186 2752 3246 2769 --
3415 2752 3425 2756 -
3538 2752 3544 2755 -

2206 2774 2766 2840 ξινίξιστρατευομενῇων
2788 2777 2875 2840 ’τῳ
2905 2774 3028 2840 νῳζ
3063 2775 3153 2840 ηαι
3183 2774 3251 2828 τῃ
3314 2752 3861 2840 ιέὲνωθεαὶρῐᾳῌᾴδέα-

2207 2822 2445 2902 λεξπτώς
2506 2822 2906 2902 πρόσεδρεύών,
2955 2822 3023 2896 iii
3085 2822 3342 2902 écpsx'rtxﬁ
3390 2822 3456 2902 βὲ
3510 2822 3857 2902 τῶν’ῗδεῶν,

2204 2900 2296 2983 δαὶ
2333 2903 2420 2983 ,τῇ
2472 2894 2850 2983 καιὶρρθώτξκῇ
2907 2894 3015 2983 τῇ»)
3070 2894 3860 2983 πριακτὲώγχέχγυμνασᾴμενος

2207 2966 2455 3040 duxisset,
2487 2966 2624 3041 πρὸξ
2670 2966 2887 3043 τρῦτόις
2936 2966 3193 3043 ἐμπειρίᾳ
3247 2966 3861 3043 τςᾳλλῇ’χρησάμενος,

2206 3046 2276 3115 τῇ
2306 3044 2445 3097 κατὰ
2499 3040 2598 3111 τὴν
2649 3040 2990 3116 μάθησιν-τὲ
3018 3040 3574 3116 καῖτὸκζ-βίονζρὺέβ
3622 3040 3863 3113 quidem

2210 3113 2280 3171 ad
2314 3117 2654 3171 verbumita
2687 3116 2846 3169 reddi
2878 3114 3126 3169 debent:
3151 3134 3180 3167 «
3213 3113 3372 3186 Hanc
3404 3113 3707 3186 (nimirum
3733 3131 3867 3186 per-

441 3181 717 3279 Clemens
738 3183 815 3266 ibi
848 3185 924 3279 de
949 3182 1202 3279 quodam
1234 3181 2023 3279 Christi'anaa‘spec‘ulationi‘s
2045 3189 2101 3238 et
2133 3207 2175 3279 α
2216 3188 2533 3279 spica‘cem,
2558 3187 2643 3279 uti
2670 3186 3213 3279 diximuslscientiae
3243 3181 3864 3279 acrijmo‘niamlquan-

442 3255 844 3312 meditationis
875 3252 1028 3310 statu
1059 3252 1339 3324 disputet,
1368 3254 1454 3307 vel
1491 3252 1684 3323 potius
1716 3254 1785 3309 de
1844 3256 2099 3324 quadam

438 3327 764 3385 Christiani
802 3324 1141 3398 philosophi
1173 3324 1507 3398 cognitione
1536 3329 1598 3398 et
1652 3325 1920 3398 scientia,
1992 3343 2110 3397 qua

443 3400 546 3455 ille
576 3418 611 3455 a
638 3396 937 3468 corporeis
962 3404 1017 3452 et
1046 3397 1262 3468 creatis
1295 3398 1470 3450 rebus
1532 3396 1604 3450 ad
1664 3396 1765 3452 Dei
1823 3396 2104 3468 cognitio-

442 3486 580 3527 nem
613 3467 905 3540 gradatim
938 3467 1237 3522 extollitur
1265 3485 1279 3532 ;
1312 3468 1395 3522 ita
1426 3472 1622 3521 tamen
1658 3473 1720 3522 ut
1775 3467 1920 3523 non"
1947 3470 2103 3539 quod

444 3543 574 3614 ipse
605 3546 717 3599 est.
750 3541 851 3596 sed
886 3540 1042 3611 quod
1077 3555 1193 3621 non
1225 3543 1334 3607 est,
1370 3555 1478 3621 seu.
1508 3541 1801 3622 negativa,
1839 3546 1903 3595 ut
1932 3541 2107 3597 scho-

446 3613 641 3670 lastici
673 3613 1024 3695 aiuntLejus
1056 3612 1436 3695 attributa,de
1467 3627 1593 3680 Ipso
1650 3611 1800 3695 nihil
1851 3613 2108 3682 amplius

446 3684 713 3754 corporei
742 3684 1052 3755 cogitando
1085 3688 1387 3753 utcunque
1416 3688 1748 3754 cognoscat.

523 3756 635 3811 Fac
664 3760 862 3811 tamen
894 3754 1251 3825 Clementem
1283 3756 1354 3807 de
1390 3755 1538 3822 ipsa,
1572 3758 1629 3808 et
1660 3754 1709 3809 si
1762 3753 1926 3820 velis,
1982 3771 2108 3825 per-

450 3828 787 3884 rectissima
811 3825 1063 3897 gnostici
1094 3824 1472 3897 meditatione
1500 3825 1763 3895 loqui,ne
1788 3825 1968 3880 hilum
1986 3824 2111 3897 qui-

455 3900 592 3955 dem
626 3898 763 3953 inde
796 3896 1181 3970 promovebis.
1221 3896 1395 3970 De_ea
1426 3896 1582 3951 enim
1616 3896 2109 3968 contemplatione

457 3968 919 4027 sermonem—ille
952 3968 1107 4040 facit,
1136 3984 1261 4040 qua
1306 3968 1489 4023 Deum
1522 3985 1650 4040 non,
1699 3973 1761 4022 ut
1815 3970 1940 4040 ipse
1997 3973 2107 4037 est,

453 4042 561 4098 sed
595 4042 886 4113 negativa,
918 4040 1004 4094 uti
1031 4039 1306 4113 diximus,
1339 4040 1465 4110 ejus
1496 4038 1781 4095 attributa
1803 4038 2109 4113 cognosci-

464 4129 602 4170 mus
632 4110 736 4168 aut
765 4110 1254 4182 contemplemur.

529 4185 746 4240 Deinde
774 4184 845 4239 ab
878 4182 978 4237 illa
1007 4181 1501 4253 Contemplatione
1532 4186 1735 4238 auctor
1760 4186 1961 4240 noster
1990 4199 2106 4239 non

450 4255 716 4312 excludit
744 4254 961 4310 Christi
992 4253 1296 4314 intuitum.
1357 4254 1459 4308 sed
1498 4254 1644 4308 dicit
1702 4271 1807 4309 nos
1851 4271 1883 4309 a
1932 4255 2108 4310 rebus

453 4326 672 4383 creatis
702 4326 823 4381 sive
852 4324 1146 4397 corporeis
1174 4325 1296 4380 sive
1348 4324 1711 4397 incorporeis
1771 4325 1831 4380 in
1890 4325 2105 4381 Christi

452 4398 925 4469 magnitudinem
950 4395 1344 4466 nosmetipsos
1369 4395 1855 4469 projicere,atq_ue
1878 4398 2013 4451 inde
2034 4398 2107 4452 ad

451 4466 621 4525 illius
676 4468 1135 4524 immensitatem
1199 4469 1599 4537 procedentes,
1657 4466 2107 4538 intelligentiam

450 4541 881 4612 omnipotentis
907 4538 1440 4612 quomodocunque
1472 4547 1525 4593 et
1566 4540 1841 4612 negative
1876 4543 2107 4612 tantum

453 4610 717 4684 assequi.
749 4611 935 4675 Quam
955 4627 1098 4684 sane
1127 4611 1200 4666 ob
1231 4626 1471 4684 causam
1492 4614 1691 4684 postea
1709 4610 1916 4684 scribit
1936 4612 1955 4644 "
1981 4627 2108 4679 nos,

453 4680 938 4755 tesm'Apostolo,
973 4683 1030 4755 in
1064 4682 1174 4755 hoc
1218 4680 1431 4755 saeculo
1488 4680 1683 4737 videre
1741 4680 1925 4755 Deum
1978 4686 2111 4755 tan-

451 4772 637 4826 quam
663 4752 768 4826 per
797 4753 1192 4826 speculum,in
1228 4754 1423 4826 futuro
1454 4757 1649 4807 autem
1682 4774 1709 4801 «
1747 4752 1890 4808 facie
1922 4754 1992 4826 ad
2026 4752 2114 4809 fa-

456 4772 637 4826 quam
663 4771 768 4826 per
797 4771 825 4809 s
869 4771 1192 4819 ecuium,in
1228 4771 1423 4808 iuturo
1454 4771 1649 4807 antem
1682 4774 1709 4801 «
1747 4771 1890 4808 lacie
1922 4771 1992 4808 an
2026 4771 2114 4809 Ia-

456 4828 745 4910 ciem‘per
772 4771 1079 4910 solasillas
1101 4842 1281 4910 puras
1300 4829 1355 4910 et
1383 4824 1757 4910 incorporeas
1779 4825 2114 4910 mentisap-

456 4892 834 4971 plicationes,
867 4919 895 4947 »
926 4897 1080 4953 222
1104 4892 1244 4950 Ξιατᾶ
1284 4895 1450 4971 μρνας
1487 4892 1747 4971 ’ἐκείγαςλ
1768 4895 1865 4971 ’τεὰς
1924 4892 2115 4971 ἀκρᾲμ-

460 4960 614 5047 ξρνεῖς
636 4968 726 5047 xui
784 4960 1122 5047 ἀξηιιιξμοιτουςΔ
1159 4960 1565 5047 τῇίδᾲιιανοίας
1622 4960 1906 5047 ὲᾲτξιϐιολάς.
1964 4960 2115 5047 Solis

456 5039 647 5113 igitur
676 5039 1169 5113 hominibus_vita
1200 5039 1431 5113 functis
1446 5047 1500 5094 et
1530 5040 1713 5095 beatis
1745 5039 1897 5113 hanc
1926 5040 2114 5113 subli-

460 5110 797 5169 missimam
826 5120 878 5167 et
905 5111 1142 5182 penitus
1166 5110 1532 5183 spiritualem
1556 5111 2113 5182 contemplationem

454 5188 790 5264 competere
819 5183 1091 5239 Clemens
1111 5183 1491 5264 pronuntiat:

533 5253 798 5311 Subinde
826 5270 961 5309 vero
993 5253 1365 5310 continenter
1418 5253 1585 5308 addit
1641 5254 1941 5310 Platonem
2002 5254 2115 5309 exi-

457 5326 740 5383 stimasse
772 5326 894 5382 fieri
926 5325 1247 5397 aliquando
1269 5340 1474 5397 posse,
1508 5330 1574 5380 ut
1603 5324 1818 5396 aliquis
1873 5328 1943 5381 de
1995 5326 2113 5381 Deo

454 5398 825 5467 disserendo,
859 5403 917 5455 et
946 5396 1170 5469 absque
1201 5396 1323 5451 ulla
1362 5412 1646 5469 sensuum
1710 5413 1818 5468 ope
1875 5397 2113 5452 ratioci-

453 5471 677 5535 nando,
755 5486 823 5525 ea
898 5485 1023 5538 quas
1077 5467 1542 5539 ‘superemiinent
1599 5467 2001 5537 transcendat,
2057 5472 2114 5523 et

455 5541 869 5612 apprehendat
928 5538 1317 5609 intelligentia
1387 5538 1445 5612 id
1507 5539 1661 5610 quod
1723 5539 1942 5612 bonum
2001 5544 2109 5607 est,

460 5609 848 5693 verseturque
871 5612 935 5693 _in
972 5612 1085 5693 ﬁne
1104 5612 1246 5693 eius
1278 5611 1431 5681 quod
1460 5609 1668 5693 eadem
1721 5609 2114 5693 intelligentia

455 5688 659 5759 potest
688 5681 1069 5758 apprehendi.
1104 5682 1186 5739 Ex
1215 5681 1324 5738 hoc
1376 5686 1573 5739 autem
1605 5681 1948 5754 prosteriori
1981 5682 2113 5738 Cle-

2215 3258 2343 3314 tum
2377 3260 2500 3313 ﬁeri
2537 3263 2745 3328 potest,
2780 3258 3049 3313 virtutem
3085 3264 3150 3313 ut
3180 3258 3760 3329 possideat,summis
3778 3259 3869 3313 vi-

2216 3332 2381 3386 ribus
2414 3331 2723 3393 adnititur;
2746 3332 2819 3385 ab
2841 3329 2925 3384 eis
2948 3346 3072 3400 qum
3098 3329 3281 3384 menti
3312 3329 3867 3396 adversantur,abs-

2216 3403 2413 3457 tinens
2448 3406 2573 3468 (seu
2598 3417 2801 3456 eorum
2834 3401 3097 3472 compos)
3130 3401 3333 3470 factus,
3367 3406 3425 3455 et
3463 3400 3669 3456 sedulo
3716 3402 3867 3457 assi-

2217 3474 2362 3528 dens
2394 3474 2526 3545 jugi
2558 3472 3039 3545 contemplationi
3074 3476 3342 3545 atqueea
3372 3472 3786 3528 exercitatione
3808 3489 3871 3528 se

2215 3543 2510 3611 exercens,
2541 3560 2667 3614 quae
2719 3543 3088 3599 delectabilia
3142 3543 3395 3609 cohibet,
3455 3548 3512 3597 et
3570 3550 3723 3599 recte
3778 3560 3869 3613 ea,

2216 3633 2345 3688 quin
2379 3616 2602 3698 agenda
2637 3620 2795 3698 sunt,
2825 3615 3001 3698 facit:
3024 3622 3462 3698 praeterea-vero
3482 3615 3669 3671 multa
3699 3621 3871 3672 utens

2217 3686 2597 3758 experientia,
2624 3688 2743 3742 sive
2774 3686 2833 3742 in
2856 3686 3122 3742 doctrina
3153 3687 3272 3743 sive
3306 3688 3360 3740 in
3390 3686 3527 3741 vita.
3565 3708 3592 3735 »

2289 3757 2572 3830 Intelligis
2604 3775 2745 3815 sane
2773 3758 3129 3815 Clementem
3163 3758 3243 3814 ibi
3293 3758 3453 3830 loqui
3487 3758 3707 3830 dejugi
3742 3757 3873 3830 qui-

2218 3831 2348 3887 dem
2376 3839 2433 3886 et
2467 3828 2746 3902 perpetua
2784 3831 3031 3901 gnostici
3077 3828 3588 3902 contemplatione,
3648 3828 3871 3902 (tempta,

2216 3905 2316 3958 sed
2347 3894 2630 3958 duntaxat
2658 3894 2949 3973 quaﬁtum
2985 3902 3110 3957 ﬁeri
3147 3894 3356 3973 potest,
3395 3921 3470 3962 ως
3500 3894 3577 3973 ἔνι
3612 3894 3871 3973 patiere,

2216 3975 2326 4030 hoc
2357 3981 2465 4041 est,
2498 3971 2785 4045 quant—um
2815 3973 3087 4029 humanae
3121 3971 3423 4045 fragilitati
3455 3979 3511 4027 et
3541 3971 3873 4045 infirmitati

2217 4042 2577 4102 conceditur.
2635 4045 2758 4108 Qua
2834 4061 2972 4099 sane
3021 4042 3479 4116 prudentissima
3534 4044 3874 4116 exceptione

2217 4119 2439 4188 ubique
2472 4118 2589 4171 fere
2619 4115 3034 4188 semperiusus’
3057 4120 3164 4170 est.
3201 4116 3463 4188 Quonam
3499 4130 3667 4185 porro
3698 4115 3873 4188 modo

2218 4185 2771 4260 quantamquejugi
2813 4186 2897 4260 illi
2928 4185 3413 4260 contemplationi
3474 4200 3711 4260 operam
3761 4185 3869 4240 hu-

2218 4255 2395 4315 mana
2422 4255 2797 4313 imbecillitas
2850 4259 2989 4312 dare
3020 4255 3229 4323 valeat,
3263 4259 3563 4327 sapienter
3591 4255 3691 4310 ille
3724 4272 3873 4327 pra)-

2216 4329 2490 4386 termisit.
2522 4331 2714 4400 Atque
2738 4346 2812 4400 ea
2844 4329 3100 4399 profecto
3132 4333 3252 4384 tam
3294 4328 3534 4400 provida
3581 4332 3640 4383 et
3672 4342 3875 4383 neces-

2217 4402 2375 4481 saria
2404 4400 2596 4481 cautio
2620 4399 2702 4455 ’ab
2732 4399 2827 4481 iis.
2852 4401 2952 4481 qui
2987 4401 3058 4481 ad
3104 4399 3567 4481 praescribendas
3608 4400 3873 4481 ‘mentali

2217 4473 2465 4553 orationi
2501 4488 2603 4526 seu
2623 4469 3121 4553 contemplationi
3154 4471 3335 4553 leges_
3349 4475 3587 4553 tantum
3608 4469 3871 4553 laborem

2218 4544 2660 4614 impenderunt,
2688 4541 2950 4598 adhibita
2973 4545 3021 4598 si
3054 4541 3284 4611 semper
3315 4541 3542 4610 fuisset,
3576 4542 3633 4598 in
3666 4548 3749 4598 tot
3788 4559 3874 4598 er-

2224 4613 2421 4671 rorum
2457 4615 2730 4684 scopulos
2762 4630 3064 4687 nunquam
3096 4613 3502 4687 impegissent.

2300 4687 2581 4741 Praeterea
2613 4703 2726 4740 non
2760 4684 2974 4741 mindri
3007 4684 3283 4742 Clemens
3299 4685 3531 4741 silentio
3578 4684 3725 4756 tegit
3771 4684 3873 4756 qui

2300 4700 2581 4741 Praeterea
2613 4703 2726 4740 non
2760 4703 2974 4741 minori
3007 4700 3277 4742 Clemens
3299 4700 3531 4741 silentio
3578 4700 3725 4811 tegit
3771 4701 3873 4756 qui

2226 4758 2346 4813 sint
2374 4757 2537 4812 illius
2566 4763 2857 4829 perpetuas
2888 4757 3285 4813 meditationis
3316 4762 3503 4829 actus,
3537 4773 3609 4811 an
3685 4756 3873 4822 irecti,

2224 4847 2297 4885 an
2332 4829 2525 4884 reﬂexi
2552 4827 2580 4896 ;'
2602 4827 2789 4899 neque
2820 4846 2887 4885 ex
2917 4833 3039 4885 toto
3068 4828 3361 4885 sermonis
3407 4827 3568 4884 illius
3600 4832 3873 4884 contextu

2226 4901 2550 4973 quidquam
2584 4901 2655 4957 de
2686 4900 2779 4956 his
2808 4900 3038 4973 actibus
3064 4900 3193 4973 elici
3228 4903 3437 4973 potest.

2294 4969 2557 5043 Denique
2590 4972 2897 5043 perspicue
2926 4972 3025 5028 ille
3057 4969 3316 5028 declarat
3350 4972 3509 5026 hunc
3539 4969 3871 5043 gnosticum

2226 5040 2507 5115 perpetua
2538 5040 2637 5099 illa
2670 5040 3047 5100 meditatione
3078 5060 3143 5115 se
3164 5044 3506 5115 exercendo,
3529 5040 3643 5096 non
3677 5040 3868 5115 solum

2226 5111 2459 5171 arebus
2490 5115 2939 5171 delectabilibus
2995 5114 3328 5178 abstinere;
3386 5114 3486 5169 sed
3547 5129 3615 5168 ea
3672 5111 3873 5168 omnia

2226 5191 2379 5259 recte
2413 5202 2646 5258 semper
2676 5202 2868 5259 agere,
2901 5203 3029 5259 quae
3060 5191 3178 5241 tam
3221 5186 3508 5259 doctrina,
3560 5201 3677 5259 qua
3725 5183 3871 5239 alios

2224 5257 2490 5313 imbuere
2518 5257 2710 5323 debet,
2734 5257 2916 5328 quam
2949 5258 3078 5327 ipsa
3100 5273 3205 5313 sua
3224 5257 3451 5311 vivendi
3479 5257 3725 5325 ratione,
3748 5271 3873 5328 qua

2222 5330 2543 5385 virtutibus
2574 5326 2852 5384 omnibus
2884 5326 3119 5398 operam
3154 5344 3367 5382 navare
3411 5333 3606 5397 queat,
3640 5328 3712 5382 ab
3742 5326 3872 5397 ipso

2223 5402 2452 5471 agenda
2478 5406 2636 5456 sunt.
2666 5402 3031 5471 Quapropter
3059 5399 3329 5471 Clemens
3360 5398 3609 5471 virtutes
3667 5412 3873 5452 omnes

2223 5468 2442 5552 ibidem
2477 5468 2920 5552 perstringit,_in
2956 5486 3103 5539 quas
3134 5470 3441 5552 gnosticus
3488 5468 3585 5523 ille
3614 5470 3877 5523 contem-

2223 5543 2417 5615 plator
2448 5559 2547 5612 per
2572 5547 2758 5615 totum
2788 5542 2923 5615 vitae
2952 5558 3071 5615 suae
3103 5542 3361 5612 spatium
3389 5555 3623 5596 omnem
3671 5552 3873 5594 curam

2226 5613 2283 5670 et
2313 5614 2682 5686 diligentiam
2713 5613 2887 5669 debet
2916 5614 3197 5686 conferre.

2296 5686 2363 5742 Et
2384 5680 2513 5743 vero
2532 5686 2776 5759 planum
2799 5684 3075 5756 superius
3095 5685 3117 5721 '
3137 5684 3353 5741 fecerat
3373 5683 3521 5740 duas
3543 5698 3671 5741 esse
3685 5680 3876 5754 perfe-

527 5899 549 5937 ⁵
580 5899 795 5957 Strom.
828 5897 868 5956 l.
901 5914 957 5969 ν,
986 5897 1115 5957 5S3.
1192 5897 1214 5933 ⁸
1247 5894 1421 5969 ibid.,
1453 5912 1509 5971 p.
1537 5895 1665 5955 582.
1745 5897 1765 5933 ⁷
1794 5896 1961 5969 ibid.,
1995 5913 2053 5972 p.
2085 5897 2212 5957 583.
2290 5900 2311 5936 ⁸
2341 5899 2382 5957 l.
2415 5915 2515 5969 vu,
2548 5915 2605 5973 p.
2637 5898 2764 5956 725.
2843 5900 2864 5936 θ
2895 5898 3063 5968 ibid.,
3095 5914 3155 5974 p,
3183 5898 3289 5955 708
3320 5901 3378 5958 et
3406 5913 3529 5974 seq.
