4118 6408
477 428 615 487 1359

1178 431 1253 483 IN
1290 428 1736 485 CLEMENTEM
1775 431 1988 484 ALEX.
2030 431 2098 482 D.
2138 428 2230 483 LE
2267 426 2567 483 NOURBY
2603 425 3079 483 DISSERTATIO
3114 428 3185 480 II.

3752 421 3885 478 1360

548 552 962 609 Verumtamen
1003 549 1260 622 aliquem
1291 550 1496 606 audire
1527 551 1698 617 nobis
1726 551 1998 607 videmur
2023 550 2127 605 ob-
2156 554 2207 619 Α
2240 550 2299 603 in
2331 550 2573 622 modum
2608 550 2653 585 ¹⁸
2684 566 2698 604 :
2732 549 2882 605 Olim
2921 547 3261 622 tragcediam
3296 545 3474 622 prius
3481 544 3734 622 quidem
3762 547 3888 601 cho-

469 622 773 696 jicientem
796 622 1029 696 aliquod
1054 622 1305 696 fortasse,
1323 622 1379 675 in
1404 622 1719 696 Clementis
1750 622 1933 677 nostri
1967 625 2126 677 textu

480 693 611 752 esse
644 693 943 766 mendum,
977 710 1043 749 ac
1096 710 1199 766 pro
1247 693 1587 766 Phanothea
1634 694 1961 766 legendum
2001 709 2132 766 esse

479 768 831 824 Phemonoe.
858 765 1022 821 Illius
1044 764 1338 835 siquidem
1365 782 1478 821 non
1507 764 1707 821 solum
1724 766 1894 837 longe
1916 764 2133 820 clarius

479 838 888 910 celebriusque
904 852 1082 909 quam
1105 838 1449 892 Phanotheaa
1478 838 1588 892 fuit
1610 853 1823 893 nomen
1849 854 1861 892 :
1887 837 2134 910 sedipsa

523 926 711 979 uoque
742 908 931 981 prima
963 910 1367 981 hexametrum
1417 925 1678 979 carmen,
1710 908 1951 965 oracula
1997 909 2131 981 funt

523 928 711 979 uoque
742 928 931 981 prima
963 928 1367 964 nexametrum
1417 928 1678 979 carmen,
1710 928 1951 965 oracula
1997 928 2131 962 xun-

478 928 692 1051 gendo,
726 998 760 1037 a
803 981 1193 1053 scriptoribus
1228 979 1527 1052 plerisque
1557 981 1835 1036 omnibus
1867 977 2133 1035 unanimi

480 1069 773 1109 consensu
804 1053 1066 1107 edidisse
1086 1053 1314 1107 dicetur
1336 1053 1375 1106 ‘.
1407 1053 1526 1123 Huc
1558 1053 1784 1107 accedit
1808 1053 1963 1123 quod
1997 1055 2136 1123 Por-

479 1123 907 1198 phyriusillam
936 1141 1052 1179 non
1078 1123 1265 1198 Icarii,
1292 1124 1393 1198 sed
1411 1122 1624 1198 Delphi
1648 1122 1835 1198 filiam
1857 1122 2133 1194 appellet.

480 1195 681 1267 Itaque
712 1195 971 1263 illorum,
1005 1196 1101 1264 qui
1139 1196 1256 1250 haec
1287 1195 1455 1249 nobis
1502 1195 1802 1265 objicient,
1835 1198 2135 1267 conjecta:

479 1265 605 1324 rem
625 1266 1075 1339 improbabilem
1100 1267 1339 1321 omnino
1362 1282 1619 1321 essenon
1647 1265 2134 1337 putaremus,nisi

481 1355 660 1394 manu
678 1338 1032 1410 scriptorum
1048 1338 1313 1410 codicum
1325 1338 1644 1410 auctoritas
1658 1340 1708 1393 ei
1724 1341 1956 1410 penitus
1973 1354 2141 1410 repu-

482 1415 711 1484 gnaret.
736 1409 846 1484 Sed
871 1411 942 1465 de
967 1410 1055 1484 his
1076 1409 1323 1465 diversis
1342 1409 1859 1484 opinionibus’jam
1877 1409 2141 1484 satiesu-

484 1478 702 1564 perque
742 1481 1198 1562 disputavimus,
1222 1478 1399 1565 atque
1431 1496 1498 1565 eo
1532 1478 1805 1565 meaime,
1831 1478 2143 1565 quodl‘Cle-

489 1552 657 1609 mens
670 1554 728 1607 in
743 1552 921 1624 quam
936 1552 1123 1624 magis
1142 1553 1498 1624 propendeat
1512 1553 1680 1608 nobis
1696 1570 1811 1624 non
1825 1552 2138 1624 signiticet.

563 1630 639 1680 De
668 1623 904 1680 Theano
936 1623 1191 1695 denique
1220 1640 1398 1694 quam
1425 1624 1693 1679 Clemens
1722 1625 1743 1658 ⁵
1773 1623 2003 1696 Didymi
2036 1639 2142 1679 au-

488 1697 758 1754 ctoritate
791 1696 996 1768 fretus,
1028 1717 1056 1742 «
1091 1696 1343 1768 primam
1374 1717 1400 1744 ››
1450 1696 1713 1768 quidem,
1743 1697 1845 1751 sed
1877 1700 2144 1768 tantum—

491 1769 663 1824 modo
695 1786 723 1818 ι
754 1784 822 1822 ex
854 1766 1204 1839 mulieribus
1240 1789 1260 1816 ι
1298 1766 1507 1822 sicut'u
1543 1768 2038 1839 philosophatam,
2064 1767 2146 1821 ita

488 1846 546 1896 et
576 1845 844 1911 poemata
876 1837 1185 1911 scripsisse
1218 1859 1245 1887 »
1273 1838 1665 1910 tradit,paulo
1695 1837 1967 1911 superius
1994 1855 2027 1893 a
2047 1854 2146 1893 no-

492 1910 592 1968 bis
616 1915 816 1966 actum
848 1915 937 1965 est
964 1910 1007 1965 ⁸.

563 1983 929 2053 Quapropter
959 1981 1026 2036 ad
1069 1980 1414 2052 tragmdiam
1463 1984 1522 2036 et
1567 1980 2148 2053 commdiamﬂvenia-

563 1998 681 2047 uua
733 1998 929 2053 ropter
959 1998 1026 2036 au
1069 1998 1414 2052 tragmoiam
1463 1998 1522 2036 et
1567 1998 1919 2036 commotam
1950 1998 2148 2036 venia-

495 2071 649 2121 mus,
676 1998 746 2109 (fe
769 2054 987 2126 quibus
1013 2053 1168 2126 idem
1202 2057 1405 2107 auctor
1434 2056 1632 2108 noster
1657 2053 1847 2125 magis
1870 2051 2064 2126 adhuc
2083 2068 2152 2107 ex

494 2122 867 2193 aliorumfut
904 2124 1143 2190 assolet,
1177 2140 1350 2194 quam
1406 2142 1474 2179 ex
1523 2141 1631 2179 sua
1680 2122 1996 2194 sententia,
2030 2122 2152 2178 haec

495 2197 839 2253 constituit"
867 2212 879 2250 :
908 2217 935 2246 ‹‹
962 2196 1031 2252 Et
1058 2196 1405 2267 tragoediam
1441 2196 1678 2267 quidem
1712 2196 1958 2262 Thespis
1984 2195 2152 2267 Athe-

496 2268 1111 2334 niensis,commdiam
1148 2266 1341 2323 autem
1375 2267 1635 2322 Sisarion
1671 2266 1946 2323 Icarieus.
1980 2266 2152 2321 Tem-

493 2356 638 2413 pora
681 2354 897 2413 eorum,
942 2339 1193 2413 tradunt
1222 2338 1633 2413 grammatici.
1671 2361 1716 2413 »_
1749 2338 1864 2413 Nos
1915 2338 2152 2413 quidem

497 2408 789 2468 Hervetus
835 2412 1108 2465 admonet
1158 2408 1311 2466 2972
1365 2409 1638 2481 Thespim
1667 2410 1739 2481 ab
1771 2409 2008 2481 Horatio
2034 2408 2153 2481 dici

498 2483 794 2556 tragoediae
826 2482 1188 2556 inventorem
1225 2498 1239 2538 :
1274 2481 1373 2537 sed
1405 2479 1552 2535 nihil
1585 2482 1654 2536 de
1686 2479 2152 2556 S_isarione__lca-

498 2551 669 2611 rieoa
699 2570 761 2609 se
794 2553 959 2608 ullibi
991 2552 1312 2623 quidquam
1345 2558 1664 2623 repertum.
1694 2552 1938 2608 Eosdem
1973 2551 2152 2607 Hora-

498 2571 615 2611 rieo
637 2572 669 2608 a
699 2570 761 2609 se
794 2569 959 2608 umm
1034 2569 1312 2623 umquam
1345 2569 1664 2623 repertum.
1695 2569 1938 2608 noscam
1973 2569 2152 2607 nora-

496 2627 562 2682 tii
590 2641 791 2681 versus
820 2627 959 2680 citat
990 2569 1273 2691 Donatus,
1301 2627 1366 2679 ut
1409 2623 1688 2679 similiter
1718 2624 1923 2695 probet
1953 2629 2153 2679 aucto-

500 2714 620 2781 rem
647 2697 942 2781 tragoediae
965 2697 1238 2781 eumdem
1261 2695 1687 2781 esseThespipi
1708 2711 1728 2781 ξ
1750 2717 1777 2778 fi
1793 2695 2152 2781 Commdiam

502 2775 721 2836 autem,
744 2765 939 2841 inquit
972 2768 1070 2841 ille
1098 2768 1330 2841 ',iapud
1363 2765 1591 2823 Graecos
1623 2767 1865 2841 dubium
1899 2771 1989 2841 est
2018 2766 2155 2838 quis

501 2840 812 2908 invenerit,
829 2838 1002 2911 'apud
1035 2839 1274 2911 Latinos
1305 2843 1532 2911 certum
1564 2843 1674 2894 est.
1708 2838 2064 2894 Commdiam
2099 2843 2156 2893 et

498 2912 842 2985 tragoediam
868 2909 1135 2985 togatam
1168 2910 1354 2982 primo
1388 2909 1583 2966 Livius
1603 2911 1967 2985 Andronicus
1999 2926 2157 2985 repe-

499 2981 651 3040 ritf»
677 2981 1004 3038 Evanthius
1034 2981 1230 3038 autem
1266 2987 1485 3038 Donato
1509 2998 1736 3037 coaevus
1761 2999 1773 3037 :
1799 3004 1825 3031 ‹‹
1851 2981 2155 3051 Quamvis,

499 3056 583 3111 ait
611 3056 654 3122 ’,
688 3061 843 3110 retro
879 3054 1071 3126 prisca
1100 3053 1493 3118 volventibus,
1525 3054 1853 3126 reperiatur
1905 3052 2156 3126 Thespis

495 3127 794 3197 tragoediae
826 3124 1056 3197 primus
1085 3126 1384 3197 inventor;
1408 3130 1464 3181 et
1486 3124 1784 3181 commdias
1806 3124 2017 3180 veteris
2050 3124 2155 3197 pa-

494 3204 585 3254 ter
596 3196 979 3271 Eupoliscum
994 3197 1144 3253 Crati
1156 3214 1225 3252 no
1243 3196 1745 3271 Aristophaneque
1757 3213 1887 3271 esse
1902 3196 2096 3271 dicato
2106 3214 2152 3267 r;

496 3268 785 3326 Homerus
807 3274 1035 3341 tamen,
1056 3271 1153 3341 qui
1180 3271 1296 3325 fere
1316 3268 1511 3324 omnis
1523 3268 1759 3341 poeticas
1778 3268 2149 3341 largissimus

498 3343 627 3398 fons
651 3346 759 3407 est,
784 3341 958 3397 etiam
986 3339 1089 3396 his
1107 3340 1467 3396 carminibus
1498 3339 1766 3412 exempla
1799 3340 2063 3412 praebuit,
2092 3343 2151 3395 et

500 3414 657 3494 velut
688 3413 945 3494 quadam
971 3429 1209 3494 suorum
1245 3410 1637 3494 operumlege
1660 3410 2151 3494 praescripsit,qui

498 3483 737 3541 Iliadem
799 3486 987 3539 instar
1052 3483 1370 3555 tragoedias,
1429 3483 1732 3554 Odyneam
1764 3554 1771 3555 ί
1798 3483 1867 3538 ad
1894 3553 1906 3555 _
1939 3483 2147 3555 imagi-

501 3573 636 3612 nem
662 3556 961 3612 comoedise
1014 3553 1221 3611 fecisse
1271 3553 1653 3610 monstratur.
1691 3576 1717 3604 ››
1751 3554 1860 3610 Sed
1893 3553 2047 3609 hanc
2068 3553 2152 3610 de

499 3628 733 3699 Homeri
767 3628 1069 3699 operibus,
1099 3628 1168 3682 ad
1205 3627 1503 3699 comoedia
1535 3630 1591 3681 et
1620 3626 1917 3699 tragoediae
1962 3625 2153 3681 instar

499 3698 742 3765 effectis,
802 3697 1165 3770 opinionem_
1193 3698 1448 3769 Scaliger
1483 3697 1711 3770 refellit
1746 3698 1830 3770 1°.
1886 3698 2155 3770 Castigat

499 3786 735 3843 quoque
783 3768 1033 3839 Siculos,
1068 3768 1166 3841 qui
1198 3774 1261 3823 ut
1293 3768 1612 3843 majoribus
1667 3768 1793 3843 suis
1852 3768 2152 3843 comcediie

496 3840 666 3923 initia
698 3843 1048 3923 tribuerent,
1078 3840 1139 3897 se
1170 3840 1603 3923 Megarensium
1655 3840 1896 3923 colonos
1929 3845 1987 3923 et
2016 3840 2153 3923 Epi-

500 3914 807 3969 charmum
860 3913 1039 3968 civem
1089 3911 1491 3968 suum’fuisse
1525 3911 1921 3967 venditabant.
1957 3911 2152 3983 Ipsius

499 4001 633 4040 vero
668 3984 864 4055 opinio
888 3989 977 4040 est
999 3983 1364 4050 comoediam,
1396 3984 1538 4040 utin
1573 3983 1798 4040 caeteris
1831 4000 1938 4039 usu
1969 3984 2151 4051 venit,

498 4074 531 4112 a
566 4058 762 4130 parvis
792 4055 1002 4130 initiis,
1026 4057 1309 4130 nimirum
1345 4073 1377 4110 a
1408 4056 1658 4130 lusibus,
1694 4059 1826 4130 post
1850 4071 2076 4130 omnem
2096 4060 2154 4110 et

503 4127 618 4184 tota
644 4133 813 4184 nocte
838 4128 962 4183 ﬁeri
986 4127 1413 4199 solitis,postea
1430 4127 1605 4183 certis
1634 4127 1990 4198 quibusdam
2010 4144 2150 4198 pau-

497 4200 663 4257 latim
686 4202 988 4257 astrictam
1013 4198 1453 4267 regulis,etarte
1476 4199 1997 4270 perfectam,atque
2019 4198 2152 4271 Epi-

495 4273 717 4328 charmi
739 4271 973 4343 ingenio
997 4273 1211 4327 factam
1238 4270 1416 4327 fuisse
1446 4270 2148 4343 cultiorem.’l‘ragmdiam

493 4361 626 4398 vero
640 4360 769 4400 esse
786 4342 904 4415 rem
921 4343 1538 4415 antiquam,comoedia
1552 4348 1734 4415 tamen
1754 4359 1861 4398 nou
1878 4342 2153 4397 vetustio-

495 4432 639 4469 rcm.
675 4416 757 4469 Ad
789 4414 996 4470 Thesei
1027 4414 1182 4469 enim
1218 4414 1547 4486 sepulcrum
1595 4414 1853 4486 legimus
1894 4419 2150 4470 certasse

491 4487 766 4559 tragicos.
792 4487 993 4559 Neque
1010 4487 1081 4559 ab
1100 4487 1211 4559 hac
1241 4485 1514 4559 opinione
1544 4485 1779 4556 longius
1802 4485 2151 4559 discessisse

491 4556 765 4612 videntur
783 4574 816 4613 a
838 4556 1009 4612 nobis
1031 4558 1157 4628 jam
1192 4556 1412 4613 laudati
1443 4558 1703 4614 Donatus
1724 4565 1777 4613 et
1800 4556 2145 4612 Evanthius.

566 4629 740 4685 Porro
773 4636 964 4683 autem
1000 4628 1336 4685 Aristoteles
1367 4629 1572 4685 scribit
1603 4630 1643 4663 “
1686 4629 1878 4685 varias
1912 4639 2149 4699 propter

2241 637 2337 676 ros
2370 620 2531 676 solus
2562 623 2771 693 agebat
2796 639 2810 677 :
2870 617 3246 693 postmodum
3268 617 3403 693 vero
3429 617 3681 693 Thespis
3708 634 3887 674 unum

2239 694 2461 748 invenit
2494 689 2945 758 hist—riouem,'ut
2969 693 3183 748 chorus
3213 691 3512 746 interdum
3544 689 3887 761 quiesceret,

2240 764 2569 837 secundum
2602 772 2807 837 postea
2834 762 3158 837 Δὲεειιιγιιιε⁸
3174 762 3411 833 adjecit,
3433 765 3491 816 et
3507 761 3760 837 tertium
3789 762 3885 818 So-
3972 836 3975 837 ν

2241 835 2515 908 phocles;
2540 832 2716 908 atque
2746 836 2805 891 in
2840 836 2997 892 hunc
3015 832 3270 908 modum
3302 832 3885 908 tragcediaconsum-

2244 905 2402 963 inata
2432 905 2542 962 est.
2578 905 3053 964 {Verumtamen
3085 907 3209 962 haec
3240 921 3356 960 non
3388 905 3718 975 impediunt
3746 920 3885 976 quo-

2244 979 2443 1035 minus
2465 979 2732 1035 Clemens
2749 984 2951 1035 noster
2966 977 3440 1051 quamplurimos
3461 981 3673 1051 nactus
3689 977 3888 1033 sitsum

2244 1052 2316 1107 de
2363 1051 2576 1122 Thespi
2647 1051 2951 1106 sententia;
2984 1048 3298 1122 'patrcncs
3343 1055 3404 1122 et
3456 1048 3885 1122 astipulatores,

2246 1120 2754 1195 quamvis'Suidas
2779 1120 3329 1195 quoque—quosdam
3348 1121 3400 1176 ei
3424 1120 3748 1195 refragatos
3767 1136 3891 1195 esse

2247 1191 2595 1251 testificetur
2626 1195 2687 1251 ‘5.
2723 1191 2956 1250 Videsfs
2987 1191 3283 1250 variorum
3317 1192 3375 1247 in
3406 1191 3652 1248 citatum
3684 1191 3888 1249 Laertii

2247 1268 2439 1322 locum
2470 1266 2907 1322 observationes
2938 1270 2995 1321 et
3025 1270 3213 1321 notas.

2318 1337 2492 1393 Solus
2538 1338 2719 1409 igitur
2766 1342 2950 1394 restat
2991 1337 3273 1403 Sisarion,
3310 1338 3367 1409 et
3392 1340 3457 1390 ut
3481 1335 3539 1391 in
3574 1335 3894 1409 manuscri-

2248 1413 2346 1492 pto
2397 1403 2606 1492 nostri").
2643 1410 2865 1492 eodice_
2889 1408 3123 1492 legitur,
3160 1403 3671 1492 Euntibus!)st
3729 1407 3894 1479 longe

2250 1478 2683 1551 infrequentior
2715 1480 2869 1552 apud
2902 1478 3217 1552 scriptores
3249 1478 3554 1552 memoria.
3587 1482 3732 1533 Cum
3763 1478 3892 1552 eum

2250 1550 2447 1609 autem
2526 1550 2805 1608 Icarieum
2880 1550 3153 1607 Clemens
3227 1551 3540 1620 vocaverit,
3616 1550 3892 1622 expende,

2251 1640 2473 1696 quaeso,
2494 1628 2704 1696 utrum
2767 1624 2915 1696 ejus,
2944 1623 3143 1695 opinio
3183 1620 3658 1696 hisconﬁrmari
3692 1620 3899 1694 possit

2256 1693 2508 1751 Athenaei
2523 1695 2716 1751 verbis
2739 1696 2782 1730 ¹⁶
2799 1693 2819 1750 ':
2852 1711 2874 1744 ι
2889 1693 3192 1751 Gemmdiaa
3217 1693 3659 1765 primaquidem
3673 1693 3901 1766 origoet

2252 1766 2582 1858 tragoediam.
2608 1766 2719 1822 fuit
2759 1783 2828 1822 ex
2872 1767 3324 1858 compotat’ione~
3352 1765 3893 1858 et‘temulautia’in

2254 1835 2438 1894 Icario
2467 1838 2668 1893 Atticm
2714 1854 2886 1910 pago,
2913 1835 2965 1891 ἐν
2984 1909 2989 1910 γ
3011 1835 3231 1909 Ἰκαρίῳ
3257 1842 3360 1905 τῆς
3388 1835 3670 1910 ’Δττικῆῃ
3702 1838 3899 1893 vinde-

2178 1942 2226 2007 Β
2257 1911 2386 2007 gaias
2418 1910 2891 2007 tempore,uiide
2916 1909 3231 2007 Erigodiam
3264 1909 3663 2007 principiohet
3692 1925 3901 2007 comm-

2256 1982 2413 2063 diam
2441 1981 2838 2063 appellarunt.
2864 2003 2892 2031 »ι
2916 1980 3196 2063 Verumsi
3218 1981 3355 2063 quis
3385 1996 3533 2063 eum.
3556 1980 3795 2063 ﬂerveto
3811 1996 3899 2037 ve-

2258 2052 2324 2108 lit
2344 2052 2455 2108 sibi
2489 2052 2826 2109 Susarionis
2859 2068 3068 2109 nomen
3093 2053 3166 2108 ab
3189 2052 3380 2123 aliquo
3410 2052 3737 2107 indicatum
3769 2067 3900 2123 pro-

2256 2125 2421 2190 ferri,
2452 2123 2505 2178 is
2534 2125 2707 2180 adeat
2735 2124 3096 2191 Diomedem,
3142 2130 3201 2179 et
3250 2140 3386 2179 eum
3436 2124 3522 2178 sic
3569 2123 3900 2194 loquentem

2258 2196 2461 2251 audiat
2484 2197 2525 2231 ιτ
2550 2213 2562 2250 :
2601 2219 2629 2247 ι(
2652 2200 2838 2252 Poeta:
2863 2197 3032 2267 primi
3064 2196 3270 2251 comici
3306 2196 3544 2250 fuerunt
3570 2194 3896 2267 Sussarion,

2256 2268 2468 2323 Nullus
2497 2267 2609 2338 (vel
2643 2273 2707 2322 ut
2739 2267 2837 2321 alii
2864 2265 3247 2323 scribendum
3279 2265 3900 2338 censent,b1ullus),et

2258 2335 2521 2407 Magnes.
2550 2360 2577 2387 ››
2609 2338 2785 2394 Plura
2815 2340 2885 2393 de
2919 2339 3207 2394 comcedia
3238 2343 3294 2394 et
3325 2337 3609 2409 tragoedia
3635 2338 3785 2393 scire
3803 2335 3902 2409 qui

2257 2410 2523 2481 cupierit,
2547 2409 2645 2465 ille
2680 2415 2883 2478 praeter
2902 2412 3111 2466 citatos
3132 2428 3166 2466 a
3187 2410 3357 2466 nobis
3379 2418 3666 2474 auctores,
3689 2425 3903 2464 consu-

2258 2482 2342 2538 lat
2371 2481 2585 2537 Lilium
2621 2482 2964 2538 Gregorium
2997 2482 3329 2538 Giraldum.
3354 2480 3578 2537 Julium
3630 2481 3903 2537 Cmaarem

2282 2496 2342 2538 at
2371 2496 2585 2537 Llllum
2621 2496 2964 2552 Gregorium
2997 2496 3329 2549 Ull'aldum,
3354 2496 3578 2537 JUIIDm
3630 2496 3915 2537 asserem

2258 2554 2641 2624 Scaligerum,
2671 2554 2956 2610 Joannem
2985 2552 3309 2618 Casalium,
3342 2554 3414 2609 De
3444 2554 3721 2624 tragaedia
3750 2557 3805 2609 et
3829 2568 3916 2609 co-

2258 2625 2465 2698 maedio
2488 2626 2551 2693 η,
2575 2641 2803 2681 necnon
2834 2630 2892 2681 et
2923 2625 3273 2698 Polydorum
3292 2624 3656 2698 Vergilium,
3684 2630 3743 2679 et
3772 2624 3915 2680 alio-

2261 2713 2393 2752 rum
2416 2697 2487 2751 de
2507 2700 2776 2767 utraque,
2802 2714 2867 2752 ac
2898 2698 2971 2769 de
3000 2696 3247 2763 caeteris,
3273 2697 3344 2752 de
3377 2696 3597 2769 quibus
3627 2696 3915 2752 hactenus

2260 2769 2674 2834 disseruimus,
2708 2784 2906 2824 rerum
2958 2768 3365 2824 inventoribus
3396 2768 3629 2835 libros,
3659 2774 3719 2824 et
3750 2785 3916 2824 com-

2262 2840 2604 2907 mentarios,
2638 2838 2901 2911 aliasque
2932 2839 3394 2896 lucubrationes.

2333 2911 2414 2967 De
2444 2909 2837 2983 ipsorummet
2866 2928 3037 2983 porro
3070 2913 3354 2968 librorum
3396 2909 3830 2983 conscriptione
3860 2915 3917 2968 et

2262 2981 2736 3055 promulgatione
2761 2981 2886 3055 haec
2908 2988 3111 3039 narrat
3130 2983 3509 3040 Clemens":«
3534 2986 3603 3037 Et
3623 2981 3915 3055 Alcmaeon

2262 3053 2527 3125 Quidam,
2559 3054 2822 3110 Perinthi
2853 3055 3034 3121 filius,
3064 3055 3420 3121 Crotoniata,
3437 3055 3665 3126 primus
3694 3053 3917 3111 librum

2261 3126 2600 3198 scripsitde
2632 3132 2863 3182 natura.
2897 3126 3008 3182 Alii
3038 3132 3236 3183 autem
3267 3128 3699 3198 Anaxagoram,
3733 3126 3917 3198 Hege-

2261 3196 2439 3252 sibuli
2456 3196 3373 3269 filiumClazomenium,primum
3388 3196 3607 3254 librum
3628 3196 3916 3269 scriptum

2261 3269 2519 3325 edidisse
2541 3270 2822 3342 referunt.
2849 3291 2877 3319 »
2901 3270 3183 3326 Hervetus
3206 3274 3404 3326 autem
3427 3269 3522 3342 hic
3543 3270 3917 3342 adnotatpri-

2262 3339 2693 3414 mumnullibi,
2722 3342 3047 3414 secundum
3082 3357 3216 3397 vero
3247 3343 3402 3414 apud
3437 3340 3728 3414 Laertium
3760 3339 3914 3414 repe-

2261 3412 2385 3485 riri.
2420 3412 2725 3468 Miraberis
2756 3412 2957 3485 procul
2987 3414 3167 3469 dubio
3197 3411 3514 3485 Heivetum
3548 3429 3661 3469 non
3683 3411 3919 3485 legisse

2260 3483 2382 3539 haec
2413 3485 2682 3555 ejusdem
2715 3483 2928 3541 Laertii
2954 3486 3127 3541 verba
3154 3485 3214 3540 in
3247 3484 3598 3541 brevissima
3634 3483 3919 3542 Alcmaeo-

2258 3555 2633 3629 nisihistoria
2651 3556 2697 3629 ’ξ’
2721 3573 2734 3611 :
2767 3556 3052 3629 (Videtur
3074 3558 3303 3629 primus
3334 3556 3660 3629 donatura
3687 3557 3923 3629 ratione

2260 3627 2572 3704 scripsisse
2605 3644 2620 3683 :
2666 3622 2826 3704 §oxsi
2856 3622 3329 3704 umbrae-ipost.ro
3362 3624 3526 3701 λόγον
3556 3625 3922 3704 σρίγχεγραγὲ-

2259 3717 2366 3763 ναι,
2392 3705 2457 3753 ut
2478 3698 3506 3756 Favorinusincmnimodahistoria.
3531 3721 3559 3750 ω
3586 3698 3785 3756 Minus
3805 3698 3926 3756 for-

2259 3775 2420 3842 tasse
2450 3771 2870 3842 miran_dum,si
2906 3773 2961 3827 id
2994 3773 3065 3829 de
3095 3772 3458 3829 Theodoreto
3482 3770 3923 3842 dixisset,aquo

2260 3841 2359 3924 ille
2405 3858 2520 3925 ηρη
2570 3839 3045 3925 ’ᾼλκμαίαξγ-..ξθέ
3096 3842 3341 3925 Ἀλκμάν
3380 3839 3925 3925 νοοέἓυεοὲθῐὲῥίίε

2259 3913 2418 3970 enim
2452 3913 2572 3969 haec
2602 3913 2977 3971 ille'tradidit
3000 3916 3044 3952 ²¹
3080 3932 3094 3971 :
3147 3937 3175 3967 «
3206 3913 3450 3972 Alcman
3490 3914 3696 3971 Pirithi
3728 3913 3918 3982 ﬁlius,

2260 3985 2657 4052 Crotoniades,
2692 3988 2793 4057 qui
2826 3987 3053 4057 primus
3104 3987 3286 4044 fertur
3334 3988 3406 4043 de
3448 3992 3662 4043 natura
3718 4002 3919 4042 rerum

2259 4057 2592 4127 scripsisse.
2629 4080 2658 4107 »
2690 4059 2801 4114 Sed
2837 4057 2994 4114 hunc
3024 4058 3416 4115 nihilominus
3444 4060 3719 4114 eumdem
3758 4072 3913 4125 esse,

2260 4144 2326 4184 ac
2356 4144 2515 4196 eum,
2538 4129 2608 4183 de
2638 4145 2755 4201 quo
2786 4131 3056 4186 Clemens
3082 4130 3343 4201 disserit,
3377 4131 3534 4186 haud
3566 4128 3918 4201 ambiguum

2259 4203 2348 4257 est
2380 4217 2392 4255 :
2429 4200 2913 4272 quandoquidem
2945 4201 3097 4257 idem
3124 4200 3465 4258 Alemaaonis
3485 4217 3591 4258 seu
3614 4200 3917 4257 Alcmanis

2261 4276 2444 4346 pater,
2475 4273 2680 4327 eadem
2711 4273 2921 4346 patria,
2954 4277 3013 4328 et
3050 4274 3186 4329 libri
3244 4273 3486 4346 scriptio
3539 4275 3612 4330 ab
3661 4277 3920 4344 utroque

2257 4343 2552 4416 Clemente
2582 4361 2650 4399 ac
2679 4344 3041 4401 Theodoreto
3073 4343 3431 4416 assignatur.

2326 4413 2746 4472 Verumtamen
2778 4415 3135 4472 Themistius
3183 4413 3339 4473 haud
3390 4416 3727 4473 haesitanter
3766 4415 3921 4472 illud

2257 4486 3019 4561 Ainasimandro,inaleti_s
3067 4487 3512 4561 discipulorsie
3558 4487 3800 4561 ascribit
3860 4490 3925 4543 et

2256 4557 2519 4630 vindicat
2540 4558 2624 4615 ²²ς
2661 4582 2689 4609 ‹‹
2726 4559 2888 4615 [llius
2920 4557 3453 4630 (Thaletisfstudia
3482 4576 3549 4616 ae
3578 4559 3919 4615 doctrinam

2256 4629 2567 4685 aemulatus
2598 4629 3056 4697 Anaximander,
3093 4631 3390 4688 Praxiadis
3424 4632 3603 4696 filius,
3636 4646 3755 4686 non
3780 4647 3921 4687 om-

491 4700 751 4772 rationes
803 4700 1143 4768 Homerum,
1176 4700 1545 4772 Sophoclem.
1580 4687 2039 4772 Aristophanem
2088 4706 2146 4772 et
2175 4687 2223 4751 D
2255 4702 2352 4757 nia
2377 4706 2573 4757 tamen
2606 4687 2875 4759 imitatus
2896 4706 3021 4771 est;
3043 4687 3296 4760 'sedhoc
3317 4687 3650 4759 immolavit
3679 4702 3920 4771 statim,

486 4771 904 4842 Epicharmum
940 4773 1050 4827 sibi
1084 4771 1426 4828 comoediam
1459 4771 1927 4843 tragmdiamque
1947 4771 2137 4826 vindi-

484 4848 741 4916 care,iet
764 4849 1074 4914 utramque
1130 4844 1368 4916 quidem
1426 4842 1756 4916 Dorienses,
1789 4842 2137 4916 tragoediam

483 4932 619 4971 vero
653 4915 1738 4988 Peloponnenses,’atquecommdiam
1772 4915 2138 4988 Megarenses

484 4990 542 5042 et
570 4986 817 5043 Siculos.
855 4991 1220 5057 Quapropter
1280 4986 1516 5042 Solinus
1551 4987 1650 5042 ubi
1684 4988 1756 5042 de
1786 4986 1987 5044 Sicilia
2012 5003 2139 5043 ser-

484 5075 715 5115 monem
750 5058 924 5115 facit:
960 5080 987 5107 ‹‹
1015 5060 1114 5114 [lic
1148 5058 1428 5130 primum,
1454 5059 1642 5131 inquit
1674 5060 1741 5127 ¹²,
1777 5057 2012 5115 inventa
2045 5074 2138 5114 co-

484 5131 719 5186 moedia.
747 5152 774 5181 »
802 5131 1152 5213 Atque-inde
1176 5135 1334 5201 patet
1357 5130 1822 5213 quamiobscurzi
1864 5131 2004 5213 sint.
2033 5146 2134 5213 ςδι-

479 5219 637 5271 rum,
670 5218 736 5257 ac
768 5200 1089 5272 praesertim
1150 5200 1470 5271 comoediae,
1503 5206 1568 5257 ut
1604 5203 1756 5258 idem
1790 5200 2135 5257 Aristoteles

478 5278 733 5329 testatur
758 5275 823 5337 ³³,
856 5278 915 5329 et
946 5273 1266 5345 primordia
1299 5279 1355 5330 et
1387 5274 1568 5343 origo.
1602 5274 1671 5328 Et
1699 5291 1832 5329 vero
1864 5273 2133 5345 quamvis

477 5345 742 5416 plerique
764 5361 970 5401 omnes
1000 5345 1278 5417 Thespim
1313 5361 1446 5400 cum
1477 5345 1772 5401 Clemente
1798 5350 1996 5401 nostro
2020 5349 2133 5402 tra-

475 5417 678 5489 goediae
737 5423 1034 5473 auctorem
1106 5434 1234 5473 esse
1314 5418 1654 5489 fateantur;
1716 5417 1980 5489 Laertius
2038 5422 2131 5489 ta-

476 5487 609 5545 men
639 5505 818 5544 unam
852 5494 1082 5545 tantum
1118 5489 1276 5544 illius
1320 5494 1545 5561 partem
1603 5488 1656 5543 ei
1713 5487 1872 5544 hunc
1924 5487 2133 5545 tribuit

544 5634 568 5668 ⁸
601 5633 780 5702 Apud.
812 5633 952 5688 Stob
985 5675 999 5699 ,
1032 5646 1210 5688 serm.
1241 5631 1331 5697 2|,
1363 5649 1421 5703 p.
1456 5632 1577 5687 185.
1684 5632 1705 5665 ⁸
1734 5630 1838 5686 lib.
1868 5648 1887 5686 ι
1918 5632 2151 5700 Strom.,

472 5776 719 5844 comoed.
753 5779 811 5826 et
840 5775 1106 5844 Πειραιᾶ..
1141 5792 1190 5831 c.
1229 5779 1279 5829 1.
1358 5775 1399 5809 “
1432 5780 1508 5829 De
1538 5779 1645 5830 art.

475 5779 719 5827 comoed.
753 5779 811 5826 et
840 5779 1106 5844 tragmd.,
1141 5792 1190 5831 c.
1229 5779 1279 5829 1.
1358 5779 1399 5809 “
1432 5780 1508 5829 De
1538 5779 1645 5830 art.
1685 5779 1861 5846 poet.,
1895 5791 1943 5829 c.
1975 5791 2059 5829 ιιι.

475 5842 672 5911 dogm.
722 5844 933 5911 philos.
966 5845 1025 5899 in
1057 5845 1170 5898 Vit.
1210 5846 1462 5905 Platon..
1496 5846 1640 5914 Q56.
1757 5846 1801 5880 ¹⁵
1835 5846 1917 5899 Ad
1948 5846 2059 5900 veri

544 5634 568 5668 ⁸
601 5633 780 5702 Apud.
812 5633 952 5688 Stob
985 5675 999 5699 ,
1032 5646 1210 5688 serm.
1241 5631 1331 5697 2|,
1363 5649 1421 5703 p.
1456 5632 1577 5687 185.
1684 5632 1705 5665 ⁸
1734 5631 1838 5686 lib.
1868 5648 1887 5686 ι
1918 5632 2151 5700 Strom.,
2187 5648 2242 5704 p.
2273 5631 2401 5687 309.

472 5704 1247 5811 ἷέηῗτξέδεὶῗδιμὲἓρὲῗιωῗάλ
1271 5703 1863 5811 Τ“ῗι³ῗιῖν;,ἣ“¹ἷίὲῗὲί’
1895 5703 2077 5811 9’???
2108 5702 2404 5811 Ἧι)ἶέἱὲ

1538 5779 1645 5830 art.
1685 5774 1861 5846 poet.,
1895 5791 1943 5829 c.
1975 5791 2059 5829 ιιι.
2152 5777 2196 5811 ¹²
2226 5774 2448 5849 Polyb.,
2480 5793 2531 5830 c.
2563 5774 2622 5832 νζ

1513 5846 1640 5913 ξ56.
1757 5846 1801 5880 1⁵
1835 5846 1917 5899 Ad
1948 5846 2104 5900 verb.
2137 5845 2352 5907 Θέσπις.
2466 5849 2511 5883 ¹⁶
2537 5848 2574 5902 1.
2609 5866 2622 5903 ι

475 5914 873 5988 grammatica.
906 5917 933 5981 §
961 5915 1049 5988 83.
1128 5916 1172 5951 ίε
1202 5922 1346 5970 tom.
1379 5914 1526 5982 Vill,
1562 5917 1758 5988 Antiq.
1793 5917 1972 5972 Graec.
2054 5917 2097 5952 ¹⁰
2127 5916 2164 5971 1.
2201 5936 2216 5973 ι
2245 5924 2462 5975 Strom.

2250 4779 2428 4845 atque
2448 4774 2521 4829 ab
2545 4774 2764 4830 usitata
2786 4775 3011 4831 ratione
3035 4774 3292 4841 deﬂexit,
3312 4776 3472 4847 quod
3504 4774 3731 4847 primus
3752 4775 3924 4830 Gre—

2247 4860 2473 4913 corum,
2505 4860 2657 4916 quos
2698 4847 2946 4911 scimus,
2977 4862 3162 4903 ausus
3190 4854 3278 4902 est
3310 4846 3523 4903 horum
3573 4848 3647 4903 de
3695 4851 3925 4902 natura

2247 4916 2532 4987 scriptum
2554 4934 2586 4971 a
2609 4933 2672 4989 se
2695 4917 2753 4972 in
2780 4917 3083 4989 publicum
3117 4919 3392 4989 proferre.
3417 4921 3633 4975 Contra
3650 4917 3812 4973 enim
3842 4916 3920 4972 li-

2247 4989 2383 5043 bros
2413 4988 2793 5044 conscribere
2820 4988 3281 5059 ignominiasum
3329 4989 3677 5057 habebatur,
3710 5004 3921 5060 neque

2244 5060 2399 5130 apud
2422 5063 2643 5133 veteres
2670 5063 2901 5118 Graecos
2931 5077 3132 5133 usuiac
3154 5061 3580 5118 consuetudine
3602 5064 3922 5133 receptum

2242 5135 2389 5204 erat.
2420 5131 2568 5186 Nam
2597 5135 2999 5204 Anaxagoram
3033 5131 3471 5189 Clazomenium
3505 5131 3793 5189 omitto.-

2315 5202 2395 5257 De
2446 5203 2552 5259 hoc
2590 5208 2786 5259 autem
2803 5202 3170 5275 'Anaxagora
3205 5204 3467 5261 Laertius
3508 5205 3740 5271 eadem,
3773 5219 3927 5275 qua

2240 5273 2509 5330 Clemens
2558 5280 2783 5343 noster,
2813 5276 2896 5332 ita
2945 5273 3203 5347 scripsit,
3237 5282 3303 5331 ut
3330 5292 3400 5332 ex
3429 5277 3560 5347 ipso
3592 5273 3929 5332 videantur

2241 5361 2369 5420 esse
2417 5347 2778 5420 desumpta:
2833 5370 2861 5397 ‹‹
2897 5347 3147 5420 Primus,
3198 5347 3391 5420 inquit
3421 5347 3930 5420 “,Anaxagoras

2240 5416 2458 5492 librum
2483 5435 2515 5474 a
2537 5434 2600 5474 se
2622 5416 2912 5492 scriptum
2946 5419 3151 5492 edidit.
3177 5440 3206 5492 ξι
3235 5416 3353 5475 Nos
3383 5419 3622 5492 quidem
3655 5416 3778 5475 non
3814 5418 3930 5474 fu-

2239 5489 2327 5561 git
2358 5489 2464 5545 boc
2495 5492 2567 5546 ab
2589 5489 2735 5547 Aulo
2766 5490 2949 5548 Gellio
2980 5489 3197 5548 alicubi
3230 5489 3416 5548 fuisse
3444 5491 3659 5549 litteris
3689 5494 3749 5547 et
3779 5504 3931 5549 me—

2513 5634 2535 5669 ⁶
2564 5651 2696 5707 sup.
2726 5635 2887 5690 0.19.
2926 5641 3034 5692 art.
3068 5636 3121 5690 4.
3213 5636 3256 5707 ίτ
3287 5636 3324 5691 l.
3359 5654 3379 5692 ι
3408 5635 3646 5701 Strom.,
3676 5652 3730 5706 p.
3766 5633 3923 5691 308.

2519 5707 2541 5741 '
2571 5706 2723 5777 apud
2760 5712 2992 5773 Donat.,
3025 5706 3137 5765 loc.
3170 5706 3274 5763 cit.
3390 5708 3438 5743 ¹⁰
3459 5707 3791 5764 Comment.
3830 5707 3928 5762 de

2519 5817 2531 5830 .
2563 5794 2622 5832 v.
2728 5780 2772 5814 ιθ
2803 5778 2913 5835 loc.
2947 5780 3067 5835 cit..
3101 5795 3151 5835 c.
3182 5779 3237 5833 5.
3343 5780 3389 5814 ¹⁸
3418 5777 3457 5833 l.
3491 5795 3557 5835 ιιι
3589 5778 3671 5835 De
3700 5777 3809 5833 vit.
3846 5783 3931 5834 et

2466 5819 2648 5903 1m.
2680 5819 2913 5919 υεηςῖιῖ
2942 5819 3081 5910 3:3.
3102 5819 3295 5919 3.20.
3409 5819 3457 5886 ίς
3485 5819 3928 5907 fastigat;

2496 5936 2553 5991 p.
2588 5920 2726 6005 308..
2788 5922 2834 5957 ²⁰
2860 5922 2898 5978 l.
2928 5938 3027 5977 vm
3058 5922 3138 5978 De
3167 5921 3306 6004 vitis
3335 5923 3393 5976 et
3420 5922 3620 6050 dogm.
3654 5919 3927 5995 philos.,

2496 6007 2521 6047 ι
2551 5990 2633 6049 De
2660 5991 2776 6049 Vit.
2807 6000 2865 6050 et
2894 5994 3094 6050 deum.
3129 5992 3368 6050 ηιιιιοε..
3399 5992 3481 6050 81
3528 6034 3543 6050 .

476 5977 622 6043 §83.
698 5983 741 6017 τί
777 5977 1035 6050 ιοτηῖιν,
1072 5999 1248 6040 serm.
1283 5988 1334 6056 1,
1368 6002 1424 6059 ῃ.
1456 5977 1579 6043 468.
1657 5977 1884 6045 “Orat.
1915 5988 2007 6055 26,
2040 6002 2097 6061 p.
2131 5989 2144 6043 ξ

2332 5989 2376 6025 ιθ
2406 5988 2446 6047 ι.
2479 5977 2521 6047 ἡ
2551 5990 2633 6049 De
2660 5991 2776 6049 Vit.
2807 6000 2865 6053 et
2890 5977 3094 6067 dogm.
3128 5992 3368 6067 philos.,
3399 5977 3481 6069 δι
