4118 6418
397 448 540 503 1437

1557 450 1656 503 DE
1692 449 1882 504 ALIIS
1917 451 2134 504 CLEM.
2175 451 2389 505 ALEX.
2430 453 2641 507 OPER.

3683 449 3826 505 1438

1192 641 2290 778 DlSSEBTATlO
2414 646 3008 779 TERTIA

394 906 488 964 De
516 905 667 962 aliis
728 905 1064 962 Clementis
1117 904 1556 963 Alexandrini
1588 904 1905 980 operibus,

1991 907 2120 961 sive
2168 908 2491 972 veris,sive
2545 907 2954 981 falsis,editis
3013 913 3072 963 et
3149 906 3430 976 incolitis,
3492 925 3566 966 ac
3626 906 3706 965 de
3742 909 3824 963 iis

563 1003 699 1063 quae
724 988 830 1046 ille
855 990 1255 1063 scripturum
1278 1005 1341 1044 se
1369 1003 1496 1044 esse
1514 990 1928 1061 promiserat,
1961 991 2021 1042 et
2047 984 2127 1042 de
2155 989 2355 1043 variis
2381 985 2817 1065 chronologiis
2862 985 2940 1046 ab
2998 989 3112 1047 illo
3156 992 3650 1063 repraesentatis.

1641 1349 2028 1444 CAPUT
2096 1351 2591 1500 PRIMUM

1330 1619 1417 1676 De
1449 1615 1611 1677 libro
1642 1615 1752 1695 qui
1779 1621 2040 1681 octavus
2071 1615 2467 1677 Stromatum
2498 1615 2884 1678 inscribitur.

2073 1828 2145 1842 ..ο

880 1954 1036 2009 333
1074 1953 1478 2011 ARTICULUS
1524 1956 1568 2011 Ι.

911 2052 1173 2125 Analysis
1207 2053 1373 2126 hujus
1406 2054 1558 2109 libri.

475 2169 700 2222 Auctor
728 2167 918 2238 hujus
947 2167 1084 2223 libri
1117 2170 1499 2224 manifestum
1529 2169 1808 2225 omnibus
1842 2169 1978 2225 facit
2020 2169 2065 2206 ²⁸

402 2239 2066 2312 antiquissimosphilosophos,quemadmodumChristia-

399 2326 541 2384 nos,
565 2328 758 2366 veram
798 2313 1238 2382 philosophiam
1265 2316 1623 2384 profitentes,
1647 2315 1720 2367 ab
1745 2315 1904 2368 omni
1929 2330 2062 2367 con-

393 2381 660 2438 tentione
688 2390 744 2437 et
779 2381 1170 2456 dubitatione,
1204 2381 1323 2438 sive
1361 2401 1415 2456 7a
1475 2384 1716 2456 litigiosi
1770 2402 1837 2440 ac
1897 2386 2060 2439 dubii

397 2455 1040 2526 semperqueancipitis
1063 2457 1246 2510 animi
1271 2455 1410 2510 vitio
1436 2455 1618 2511 fuisse
1648 2473 1894 2525 prorsus
1917 2456 2064 2511 alie-

393 2541 525 2580 nos.
560 2529 778 2598 Contra
818 2543 951 2581 vero
983 2526 1278 2597 juniores,
1298 2530 1380 2581 uti
1408 2528 1502 2582 ille
1527 2529 1608 2583 ait
1629 2529 1694 2591 εδ,
1723 2527 2060 2598 phi1030phi

393 2612 546 2652 vana
576 2597 1124 2671 l‘audiscupiditate
1158 2599 1406 2671 inducti,
1443 2600 1543 2671 ad
1579 2599 1817 2654 inutiles
1868 2597 2060 2671 nugas

394 2671 520 2740 tam
551 2667 698 2724 alios
731 2668 982 2724 fallendo
1013 2686 1187 2740 quam
1233 2669 1612 2739 digladiando
1668 2667 2064 2731 ferunturfAt

401 2738 745 2806 Christiani,
780 2743 999 2810 rejecta
1021 2738 1182 2796 omni
1217 2738 1612 2810 contentione,
1641 2743 1950 2797 veritatem
1994 2759 2064 2798 ex

406 2815 591 2866 sacris
623 2812 962 2884 scripturis,
1025 2812 1444 2884 interrogando
1503 2819 1562 2868 et
1621 2815 2059 2884 respondendo,

406 2889 643 2953 propter
674 2883 990 2938 honestum
1025 2883 1202 2938 ﬁnem
1234 2883 1585 2954 qumrenles,
1620 2883 1738 2939 non
1767 2901 1897 2939 eam
1931 2891 2060 2940 tan-

404 2956 734 3020 tummodo,
768 2956 866 3010 sed
901 2960 958 3010 et
984 2955 1292 3010 scientiam
1327 2961 1796 3026 consequuntur.
1925 2967 1934 2973 ‘

477 3026 627 3081 Tum
660 3027 874 3081 deinde
906 3033 1110 3081 auctor
1141 3034 1342 3081 noster
1365 3028 1567 3098 paucis
1624 3027 1896 3096 explicat,
1946 3043 2064 3097 qua

412 3098 644 3169 ratione
674 3104 732 3152 et
761 3099 1036 3153 methodo
1067 3099 1137 3154 ad
1173 3115 1368 3153 veram
1402 3099 1553 3168 ejus,
1579 3102 1731 3168 quod
1757 3099 2065 3169 quaeritur,

409 3167 980 3224 demonstrationem
1015 3171 1316 3238 pervenire
1349 3167 1670 3240 possimus.
1723 3167 1916 3225 Primo
1963 3170 2073 3224 ita-

412 3254 525 3312 que
556 3242 728 3305 scire,
761 3241 957 3312 inquit
984 3240 1103 3306 ille,
1137 3243 1423 3296 debemus
1455 3243 1595 3312 quid
1621 3259 1831 3296 nomen
1864 3247 1921 3296 et
1941 3258 2070 3295 ora-

2087 1952 2142 2020 Α
2183 1956 2353 2012 ritate
2386 1972 2518 2012 esse
2550 1957 2762 2012 debere
2811 1972 3039 2025 curam,
3101 1955 3346 2012 minime
3400 1971 3535 2010 vero
3593 1954 3664 2009 de
3721 1968 3824 2008 no-

2175 2030 2460 2092 minibus.
2497 2028 2678 2084 Veras
2734 2037 2932 2084 autem
2991 2029 3165 2084 debet
3222 2043 3457 2097 semper
3515 2041 3822 2097 assumere

2173 2099 2660 2179 prepositionesk
2687 2105 2744 2179 et
2799 2104 3256 2179 consequentem
3289 2096 3460 2179 ex’iis
3491 2096 3820 2179 conclusio-

2175 2169 2308 2234 hem
2339 2173 2571 2227 elicere.
2622 2172 2909 2226 Caeterum
2972 2169 3106 2226 ante
3164 2172 3247 2236 id,
3303 2171 3454 2241 quod
3517 2169 3821 2241 quaeritur,

2174 2255 2264 2306 est
2296 2243 2522 2312 aliquid
2557 2244 2741 2312 prius,
2778 2243 2932 2311 quod
2952 2244 3079 2298 sine
3115 2242 3232 2296 ulla
3261 2243 3522 2296 creditur
3577 2242 3825 2295 demon-

2173 2317 2485 2380 stratione,
2518 2319 2576 2368 et
2608 2315 2744 2369 inde
2777 2317 2846 2368 ad
2865 2313 3113 2370 aliorum
3140 2314 3592 2384 inquisitionem
3622 2326 3825 2384 proce-

2173 2390 2438 2448 dendum
2473 2393 2583 2440 est.

2246 2465 2438 2531 Atque
2470 2463 2535 2512 ut
2565 2457 2638 2512 ab
2669 2457 2948 2531 omnibus
2980 2456 3198 2511 clarius
3247 2455 3635 2531 intelligatur_
3671 2469 3818 2523 quo-

2176 2525 2358 2590 modo
2374 2529 2755 2585 observandae
2776 2529 2897 2583 sint
2920 2529 3006 2583 hac
3025 2546 3230 2583 omnes
3253 2525 3823 2582 demonstrationum

2175 2604 2547 2677 regulae,_eas
2606 2606 2811 2677 auctor
2869 2606 3092 2677 noster
3132 2601 3203 2655 ad
3256 2600 3406 2654 hanc
3470 2597 3822 2677 propositio?

2175 2667 2350 2733 ne‘m:
2385 2667 2647 2727 «Utrum
2709 2673 2880 2736 fetus,
2932 2675 3033 2741 qui
3079 2672 3139 2726 in
3200 2677 3367 2726 utero
3425 2667 3712 2741 gestetur,
3745 2667 3825 2741 sit

2175 2745 2422 2809 animal,
2458 2767 2485 2792 n
2517 2740 3041 2815 demonstrandam
3074 2740 3700 2815 singulatim’adhibet
3755 2740 3819 2815 φ.

2173 2823 2244 2876 Et
2284 2820 2341 2872 id
2403 2815 2640 2886 quidem
2697 2813 2797 2868 ille
2857 2821 2989 2886 post
3045 2813 3196 2868 fuse'
3232 2821 3580 2885 prosecutus
3612 2815 3723 2886 est
3752 2813 3821 2878 εί,

2173 2891 2312 2946 inde
2343 2883 2641 2942 concludit
2669 2883 3248 2941 demonstrationem
3289 2901 3419 2939 esse
3475 2883 3822 2947 orationem,

2175 2979 2304 3034 quae
2336 2975 2524 3034 unum
2560 2957 2767 3034 probat
2796 2973 2864 3010 ex
2895 2957 3047 3020 aliis,
3076 2973 3336 3034 quorum
3371 2954 3724 3034 principium
3751 2952 3825 3005 il-

2173 3026 2276 3089 lud
2313 3026 2575 3102 ponitur,
2611 3028 2767 3099 quod
2802 3044 2979 3102 sensu
3035 3026 3116 3102 et
3149 3026 3543 3102 intelligentia
3588 3026 3827 3080 evidens

2185 3111 2294 3161 est.
2315 3099 2409 3156 'Ex
2440 3101 2534 3154 his
2566 3116 2802 3170 quoque
2826 3101 3017 3169 prima
3046 3099 3470 3154 demonstratio
3502 3099 3587 3161 ﬁt,
3648 3102 3829 3170 atque

2185 3177 2310 3232 alias
2343 3167 2640 3240 deinceps,
2673 3167 2802 3240 quae
2827 3167 3043 3242 prima
3098 3170 3524 3225 demonstratio
3573 3167 3830 3239 amplius

2185 3247 2301 3302 dici
2337 3261 2449 3299 non
2486 3248 2758 3314 possunt.

404 3309 510 3378 tio,
539 3329 641 3394 seu
673 3313 746 3367 de
776 3309 1194 3394 re'quzerenda
1211 3309 1541 3394 propositio
1574 3314 1926 3394 signiﬁcent.
1961 3313 2062 3394 Se:-
2095 3325 2139 3390 Β
2247 3309 2567 3394 Postquam
2589 3319 2796 3394 autem
2829 3312 2876 3346 ³³
2920 3311 3017 3394 ille
3066 3312 3213 3394 dixit
3269 3328 3386 3394 non
3446 3310 3616 3382 plura
3648 3309 3828 3364 unius

406 3383 602 3439 eundo
635 3385 1018 3455 quaerendum
1052 3401 1122 3437 an
1162 3385 1306 3439 illud
1332 3383 1344 3385 ’
1370 3401 1568 3439 revera
1598 3383 1862 3452 exsistat,
1897 3385 2054 3456 quod

401 3468 790 3510 sermoneseu
825 3456 1224 3527 propositione
1253 3457 1616 3511 enuntiatur.
1664 3457 1858 3511 Tertio
1892 3457 1935 3490 97
1960 3456 2053 3509 in-

402 3525 1044 3598 vestigandum‘qualis
1076 3529 1155 3582 sit
1183 3529 1313 3597 ejus
1348 3533 1576 3592 natura,
1609 3532 1666 3581 et
1700 3533 1896 3581 utrum
1947 3528 2053 3582 da~

409 3603 535 3651 tum
565 3605 804 3669 superet
827 3599 1120 3653 ordinem.
1153 3601 1210 3653 Si
1258 3605 1456 3654 autem
1508 3598 1672 3653 nulla
1716 3604 1794 3652 sit
1842 3599 1913 3653 de
1963 3599 2053 3652 his

406 3670 826 3732 controversia,
871 3671 971 3725 sed
1031 3671 1327 3724 unanimis
1387 3670 1654 3725 omnium
1702 3686 2052 3734 consensus,

398 3737 546 3795 illud
579 3741 857 3796 constitui
884 3742 1055 3795 debet
1111 3741 1392 3796 doctrinas
1448 3741 1828 3813 principium.
1889 3741 2052 3804 Quod

407 3813 648 3882 quidem
681 3813 779 3867 ille
808 3813 1105 3883 proposito
1137 3813 1281 3868 solis
1338 3813 1605 3885 exemplo
1667 3813 1899 3884 planius
1949 3814 2050 3868 de-

405 3891 742 3940 monstrare
772 3889 1038 3938 conatur.
1369 3930 1379 3938 .

475 3957 784 4027 Duplicem
816 3971 948 4009 vero
978 3954 1122 4009 dicit
1151 3971 1281 4027 esse
1307 3955 1464 4010 sicut
1513 3956 1710 4022 fidem,
1768 3954 2056 4025 cognitio-

401 4025 667 4098 p_em,'ac
698 4027 1153 4098 praescientiam,
1210 4025 1295 4081 ita
1352 4033 1409 4082 et
1466 4029 2051 4083 demonstrationem.

399 4095 533 4156 Una
567 4095 861 4170 siquidem
891 4103 1125 4153 tantum
1155 4104 1247 4170 est
1276 4115 1346 4152 ex
1378 4115 1483 4170 spe
1513 4107 1570 4154 et
1599 4100 1878 4170 opinione
1910 4118 1923 4164 ;
1969 4103 2054 4153 al-

398 4182 523 4228 tera
553 4169 688 4225 vero
720 4187 790 4224 ex
821 4169 1066 4224 scientia
1099 4169 1354 4239 proﬂuit.
1390 4177 1564 4237 atque
1599 4169 1818 4225 idcirco
1869 4170 2054 4225 stabi-

400 4246 476 4302 lis
507 4248 616 4307 est,
653 4242 823 4296 firma
853 4258 920 4296 ac
954 4241 1185 4312 proprie
1218 4243 1375 4296 dicta
1397 4244 1846 4298 demonstratio.
1908 4244 2052 4296 Cum

401 4322 600 4373 autem
633 4314 912 4368 iudicatio
941 4319 999 4366 et
1024 4312 1406 4383 syllogismus
1439 4313 1546 4369 hoc
1578 4314 1731 4367 inter
1789 4329 1852 4366 se
1883 4313 2050 4366 dide-

402 4385 1079 4456 rant”,quodindicatio
1097 4400 1280 4438 unum
1323 4386 1734 4439 tantummodo
1789 4385 2049 4456 denotet.

399 4453 783 4532 syllogismus
806 4471 939 4532 vero
962 4472 1030 4509 ex
1052 4456 1284 4532 duabus
1307 4456 1623 4532 praemissis
1648 4453 2055 4532 propositioni-

403 4525 517 4588 b'us
549 4525 782 4582 tertiam
820 4527 1052 4590 inferat,
1085 4525 1223 4580 hinc
1254 4542 1396 4580 sane
1429 4526 1514 4590 fit,
1549 4531 1614 4580 ut
1639 4526 1973 4580 sihmcertee
1996 4531 2053 4579 et

399 4619 546 4659 veras
579 4599 816 4664 fuerint,
851 4605 991 4652 tunc
1019 4597 1099 4651 sit
1154 4598 1580 4652 demonstratio
1616 4615 1629 4651 :
1692 4613 1861 4652 secus
1920 4613 2052 4651 vero

403 4670 776 4731 ratiocinatio
807 4670 1097 4724 duntaxat
1125 4669 1258 4723 erit.

479 4747 628 4809 Quia
658 4749 854 4796 tamen
888 4739 1224 4812 philosophi
1247 4740 1598 4809 proﬁtentur
1620 4755 1750 4812 esse
1790 4739 2061 4812 quaedam

405 4815 718 4889 principia,
751 4810 1313 4889 quae—nonpossunt
1342 4810 1923 4889 demonstrari,_inde
1957 4827 2060 4889 an:

403 4882 530 4944 ator
561 4882 1088 4942 noster—concludit
1117 4899 1354 4938 omnem
1388 4883 1952 4938 demonstrationem
1990 4882 2060 4936 ad

407 4961 772 5027 ﬁdem,quaa
828 4955 1223 5027 demonstrari
1285 4955 1512 5027 nequit,
1574 4971 1802 5027 reapse
1838 4954 2060 5027 reduci.

408 5032 518 5087 Sed
570 5025 718 5102 post
759 5027 882 5081 haec
921 5026 1039 5081 alia
1086 5032 1246 5091 sunt,
1307 5025 1393 5081 ait
1447 5026 1567 5090 ille,
1620 5025 1908 5102 principia
1965 5026 2064 5102 de-

407 5097 930 5162 monstrationum,
994 5114 1123 5168 quas
1181 5115 1251 5152 ex
1317 5114 1496 5154 sensu
1555 5101 1613 5152 et
1670 5097 2066 5168 intelligentia

405 5176 712 5230 evidenter
768 5174 1096 5240 apparent.
1157 5170 1442 5232 Quocirca
1500 5169 1707 5240 siqnis
1779 5171 1967 5224 oratio
1999 5187 2067 5224 ex

404 5246 503 5313 iis,
535 5240 1200 5318 quae_su_n_t_credibilia,
1237 5241 1422 5318 possit
1466 5257 1554 5318 ea,
1615 5258 1750 5318 quae
1801 5242 2061 5318 nondum

405 5310 932 5388 sunt'probabilia,
969 5317 1122 5388 recte
1153 5310 1422 5388 probare,
1485 5310 1647 5388 hanc
1697 5311 1898 5388 atque
1929 5310 2064 5364 ἀπο-

407 5384 647 5458 δείξεώς,
711 5409 730 5436 α
768 5384 1095 5458 essentiom
1143 5385 1724 5458 demonstrationis»
1787 5385 2065 5458 dicimus,

405 5455 653 5526 Quando
684 5474 818 5514 vero
851 5473 920 5510 ex
950 5455 1024 5511 iis
1055 5457 1122 5520 3°,
1142 5471 1270 5526 quas
1289 5457 1696 5511 demonstrata
1719 5460 1880 5522 sunt,
1901 5457 1973 5509 ad
1997 5471 2066 5510 ea

408 5550 536 5604 quas
559 5548 672 5604 per
693 5547 756 5586 se
787 5527 1266 5604 sun_t_credibilia
1322 5533 1500 5604 atque
1543 5526 1950 5604 intelligentia
1990 5533 2063 5604 et

405 5597 585 5660 sensu
619 5602 794 5674 plane
819 5599 1112 5655 evidentia
1134 5599 1518 5664 recurrimus,
1536 5603 1677 5653 tunc
1704 5598 1757 5651 id
1781 5597 2062 5654 resolutio

403 5683 670 5733 vocatur.

473 5750 554 5804 Ex
583 5745 803 5818 quibus
835 5743 1040 5818 auctor
1069 5756 1278 5818 rursus
1310 5739 1532 5818 colligit
1564 5739 1639 5806 ei,
1673 5739 1775 5818 qui
1834 5738 2060 5812 aliquid

403 5811 812 5876 demonstrare
839 5813 987 5882 vult,
1023 5811 1342 5868 maximam
1374 5813 1446 5868 de
1467 5811 2058 5885 propositionumve-

473 5943 752 5997 “Strom.
790 5938 828 5993 l.
865 5953 984 6005 VHI,

401 6019 458 6072 et
483 6031 605 6085 seq.
641 6013 685 6047 ³³
710 6029 764 6084 p.
797 6009 924 6064 778.
953 6009 1000 6044 3‘
1032 6026 1088 6082 p.
1120 6009 1246 6062 779.
1280 6009 1324 6043 ³⁸
1356 6027 1412 6081 p.
1443 6011 1570 6064 780.

2171 3385 2428 3462 generis,
2445 3387 2545 3440 sed
2570 3385 3674 3462 dive_rsor_umtantummodogenerum
3699 3397 3828 3436 esse

2170 3454 2485 3534 principia,
2512 3462 2651 3512 tunc
2684 3454 3161 3534 Pyrrhoniorum
3190 3454 3405 3534 refellit
3463 3454 3824 3534 opinionem,

2168 3523 2288 3604 qua
2320 3523 2393 3585 ab
2414 3529 2498 3583 eis
2521 3523 2747 3604 statuta
2768 3535 2892 3581 erat
2913 3525 3094 3604 ἐποχή
3111 3527 3204 3604 ,_id
3235 3531 3329 3580 est
3354 3523 3721 3581 assensionis
3744 3541 3829 3604 re:

2166 3596 2378 3666 tentio,
2403 3617 2506 3655 seu
2539 3599 2634 3654 ille
2665 3615 2845 3663 error,
2879 3615 2996 3668 quo
3021 3596 3167 3653 nihil
3196 3615 3444 3670 prorsus
3467 3596 3825 3670 certum,sed

2165 3675 2370 3732 omnia
2389 3689 2520 3727 esse
2550 3672 2733 3726 dubia
2752 3677 2808 3725 et
2831 3671 3055 3726 incerta
3082 3668 3548 3724 somniaverant.
3586 3668 3829 3722 Fatetur

2165 3746 2494 3802 nihilonius
2527 3758 2956 3813 nonnunquam
2989 3743 3400 3797 assensionem
3463 3741 3676 3794 merito
3728 3755 3826 3813 re-

2164 3819 2364 3896 tineri,
2396 3822 2502 3896 aut
2531 3821 2769 3896 propter
2797 3811 3018 3896 mentis
3049 3813 3542 3896 imbecillitatem,
3591 3815 3693 3896 aut
3714 3811 3819 3864 ob-

2165 3890 2508 3946 scuritatem
2534 3881 2855 3956 ipsiusmet
2912 3884 3014 3949 rei,
3076 3890 3177 3939 aut
3236 3885 3394 3954 paris
3453 3881 3822 3956 aequalisque

2165 3962 2394 4017 roboris
2427 3953 2793 4028 argumenta.
2827 3956 3113 4027 Atqueibi
3137 3959 3195 4009 in
3219 3953 3820 4028 Grasco-LatinisAQlej

2167 4024 2566 4089 mentinoruin
2596 4024 3231 4101 Operumeditionibus
3259 4029 3448 4099 prima
3477 4027 3660 4096 hujus
3681 4024 3819 4080 libri

2209 4122 2305 4160 ars
2337 4103 2581 4158 desinit.

2166 4122 2305 4177 pars
2337 4122 2581 4158 OBSIUIL.
3684 4166 3694 4177 .
3736 4165 3746 4176 _

2241 4177 2302 4230 ln
2339 4179 2499 4244 parte
2531 4189 2571 4226 ιι
2603 4176 2807 4225 auctor
2828 4169 3070 4239 exponit
3098 4170 3144 4204 ³³
3175 4168 3318 4244 quid
3351 4173 3487 4244 ante
3508 4167 3826 4244 deﬁnitio:

2165 4263 2291 4310 nes,
2329 4236 3258 4304 divisionem,demonstrationes
3282 4240 3403 4294 fieri
3431 4240 3661 4310 debeat,
3683 4236 3824 4310 quid

2163 4319 2236 4372 ad
2273 4309 2403 4370 illas
2435 4315 2696 4368 conferat
2722 4313 3008 4374 inductio,
3057 4312 3354 4382 quomodo
3414 4327 3483 4382 ex
3540 4309 3829 4382 divisione

2163 4389 2266 4443 ﬁat
2297 4385 2587 4444 deﬁnitio,
2620 4400 2687 4437 ac
2713 4400 2812 4452 per
2843 4380 3251 4438 inductionem
3310 4399 3382 4436 ex
3413 4380 3824 4452 singularibus

2165 4457 2500 4514 universale
2534 4451 2871 4523 colligatur.
2904 4454 3127 4508 Dehinc
3186 4453 3288 4507 ille
3347 4453 3625 4524 patefacit
3680 4451 3823 4521 quid

2164 4529 2454 4590 inductio,
2514 4526 2749 4591 divisio,
2796 4524 3220 4580 demonstratio
3270 4529 3327 4579 et
3374 4523 3638 4579 deﬁnitio
3695 4523 3824 4578 efﬁ-

2164 4602 2342 4656 ciant.
2377 4597 2666 4662 Quoniam
2695 4601 2891 4652 autem
2926 4597 3179 4652 scientia
3208 4601 3318 4661 est,
3352 4613 3488 4651 cum
3523 4597 3601 4650 rei
3646 4609 3825 4649 causa

2093 4672 2566 4764 Ccognoscitur,
2599 4669 2821 4751 idcirco
2871 4667 3317 4764 quadruplipcem
3378 4668 3639 4764 ostendit
3697 4682 3828 4721 esse

2173 4740 2440 4809 causam,
2475 4740 2762 4797 nimirum
2789 4740 3120 4808 materiam,
3149 4740 3526 4809 efﬁcientem,
3553 4741 3826 4805 formam,

2177 4823 2233 4872 et
2266 4817 2466 4871 ﬁnem.

2244 4890 2565 4956 Assumpto
2596 4883 2850 4956 subinde
2877 4883 2924 4918 3‘
2947 4883 3206 4956 hominis
3227 4881 3528 4956 exemplo.
3589 4880 3830 4956 planum

2175 4959 2276 5014 ille
2307 4959 2448 5013 facit
2469 4952 2881 5011 definitionem
2915 4971 2984 5010 ex
3015 4957 3096 5010 rei
3125 4955 3317 5025 ipsius
3347 4970 3582 5023 genere,
3633 4957 3688 5007 et
3743 4952 3829 5004 ul-

2175 5031 2320 5085 tima
2351 5029 2512 5084 illius
2542 5025 2875 5082 differentia
2913 5025 3217 5082 constitui.
3277 5025 3635 5080 Divisionem
3695 5037 3828 5076 vero

2175 5103 2220 5137 ³⁸
2252 5118 2382 5157 esse
2411 5099 2729 5170 triplicem,
2761 5098 2994 5170 generis
3019 5099 3077 5152 in
3112 5096 3357 5170 species,
3390 5096 3572 5170 totius
3601 5095 3662 5170 in
3693 5110 3829 5170 par-

2176 5179 2288 5237 tes,
2323 5190 2389 5228 ac
2421 5165 2658 5227 tandem
2695 5165 2790 5224 rei
2834 5165 3159 5239 ipsiusmet
3202 5167 3260 5221 in
3317 5185 3424 5222 sua
3456 5165 3782 5239 accidentia
3813 5182 3826 5230 ;

2178 5247 2281 5301 sed
2315 5245 2569 5316 primam
2604 5247 2833 5296 tantum
2859 5237 3000 5294 esse
3021 5239 3265 5316 proprie
3313 5239 3530 5316 dictam
3585 5237 3828 5316 divisio-

2176 5307 2336 5372 nem:
2370 5316 2652 5378 Quamvis
2684 5319 2883 5367 autem
2914 5307 3084 5365 vari-aa
3115 5312 3237 5364 sint
3267 5309 3514 5379 species,
3557 5315 3662 5363 aut
3694 5307 3823 5379 plu-

2179 5389 2346 5444 ribus
2377 5401 2742 5451 communes,
2777 5390 2879 5437 aut
2903 5383 3060 5437 334
3090 5382 3450 5452 quibusdam
3482 5380 3672 5447 magis
3701 5396 3829 5447 pro-

2175 5460 2336 5531 prius;
2369 5472 2737 5529 unaquaque
2766 5460 2960 5531 tamen
2983 5453 3078 5531 rei
3101 5453 3406 5531 constituit
3426 5455 3828 5531 characterem

2176 5524 2233 5586 et
2258 5524 2552 5594 naturam,
2586 5524 2708 5592 aut,
2736 5530 2800 5580 ut
2829 5526 3019 5592 aiunt,
3051 5525 3392 5580 essentiam.
3436 5524 3826 5589 Quamobrem

2175 5605 2274 5673 qui
2312 5603 2564 5669 alicujus
2597 5598 2678 5654 rei
2717 5598 2910 5673 habet
2957 5597 3291 5660 scientiam,
3351 5595 3530 5673 illius
3574 5595 3745 5673 dabit
3773 5600 3831 5650 et

2177 5665 2580 5748 deﬁnitionem
2611 5687 2647 5748 :_
2677 5669 2800 5724 vice
2851 5684 2983 5748 vero
3029 5683 3218 5732 versa,
3422 5665 3826 5748 deﬁnitionem

2175 5747 2258 5802 rei
2289 5744 2602 5814 cujusdam
2635 5741 2889 5814 ignorat,
2923 5756 3233 5814 nunquam
3292 5737 3455 5814 illius
3515 5737 3826 5814 scientiam

2177 5807 2437 5874 habebit.
2469 5817 2543 5870 At
2571 5813 2633 5868 in
2658 5807 3114 5869 definitionibus
3156 5809 3477 5883 singularis
3507 5807 3829 5882 cujuslibet

1020 5953 1074 6008 ρ.
1107 5936 1233 6013 se.
1276 5935 1566 6013 iis-17‘??-
1602 5937 1646 5972 ετ
1677 5955 1734 6010 ρ.
1766 5935 1894 5993 770.
1927 5937 1968 5973 ιο
2001 5955 2057 6010 ρ.

2175 5942 2216 5996 ι.
2294 5942 2338 5976 ¹⁹
2369 5959 2424 6013 ρ.
2457 5938 2638 5992 772.3o
2668 5954 2724 6009 p.
2754 5936 2863 5992 773
2892 5940 2949 5992 et
2979 5953 3103 6010 seq.
3181 5937 3224 5972 ’ί
3260 5952 3317 6008 p.
3340 5937 3467 5992 775.
3545 5934 3591 5970 ³³
3624 5952 3679 6008 ρ.
3711 5934 3820 5988 776
