4118 6384
339 272 480 329 1443

1017 274 1091 327 IN
1128 273 1578 330 CLEMENTEM
1616 275 1828 330 ALEX.
1867 278 1935 329 D.
1974 275 2067 331 LE
2106 276 2406 331 NOURBY
2442 274 2917 333 DIBSBBTATIO
2949 278 3050 330 III.

3625 270 3768 330 1444

339 397 680 461 obsecutus,
714 411 828 451 non
860 395 1184 472 redarguit,
1218 397 1320 472 sed
1354 396 1494 453 colit
1532 414 1567 454 a
1623 397 1838 470 diligit.
1885 397 1998 453 νο·
2030 400 2085 468 Α
2115 403 2265 456 trem
2290 398 2481 472 magis
2512 416 2691 472 quam
2721 398 3023 472 Christum
3046 414 3163 454 non
3191 396 3383 465 timet,
3422 413 3530 453 nec
3585 396 3674 472 illi
3701 395 3765 452 in

344 473 683 541 rumtamen
707 482 855 541 eum
872 468 1066 523 adhuc
1110 467 1513 538 imperfectum
1561 486 1692 525 esse
1737 467 2002 541 pronun-

348 539 488 607 tiat;
524 544 727 610 utpote
756 540 858 609 qui
890 545 1119 610 ueterum
1142 548 1271 593 Vitis
1303 541 1463 595 curis
1508 541 1722 597 fuisset
1742 539 2002 609 otiosus,

343 617 522 681 atque
550 609 623 684 ad
652 610 798 684 legis
831 609 1095 684 Mosaicae
1129 610 1557 684 plenitudinem
1591 617 1651 668 et
1691 613 2002 684 perfectio-

346 699 506 746 nem,
539 682 825 737 nimirum
854 681 1072 753 Christi
1096 683 1298 747 ﬁdem,
1321 686 1587 738 nondum
1618 681 1997 753 pervenisset.

344 753 701 826 Quapropter
735 752 1004 826 Christus
1032 754 1086 826 ei
1119 756 1465 825 respondit:
1509 777 1537 805 «
1571 752 1630 810 Si
1662 757 1751 812 vis
1809 758 1999 826 perfe-

345 823 483 880 ctus
508 823 659 890 eses,
693 846 721 873 ››
760 823 817 878 id
848 830 961 891 est,
994 824 1045 878 si
1077 828 1138 878 tu
1170 823 1296 895 qui,
1337 827 1495 881 sicut
1543 833 1749 883 auctor
1803 823 2003 882 noster

345 897 609 967 loquitur
636 895 702 959 °°,
734 895 1052 967 voluntatis
1084 897 1328 952 arbitrio
1356 897 1636 967 praeditus
1662 916 1725 954 es
1747 900 1997 965 sincero,

345 965 586 1041 totoque
614 966 787 1041 corde
818 965 967 1041 Vtilis;
987 983 1117 1041 esse
1150 965 1461 1041 perlectus,
1507 969 1661 1024 hanc
1718 985 2002 1041 asseque-

350 1038 429 1110 ris
462 1037 902 1110 perfectionem.
938 1038 1049 1093 Sed
1084 1037 1221 1109 quia
1255 1040 1311 1093 id
1345 1045 1465 1095 toto
1494 1042 1696 1096 animo
1729 1058 1841 1097 non
1870 1037 2001 1095 ’νο-

344 1108 525 1175 lebat,
557 1109 778 1164 auditis
808 1108 1196 1179 sequentibus
1225 1111 1439 1167 Christi
1460 1112 1695 1168 verbis:
1752 1132 1776 1161 ι
1818 1113 2001 1179 Vade,

346 1180 692 1261 veudequaa
728 1180 927 1261 habes,
964 1202 994 1231 ››
1027 1181 1217 1261 tristis
1247 1182 1413 1261 abiit.

416 1256 490 1307 At
518 1252 600 1307 ibi
629 1252 673 1287 ⁶¹
708 1256 912 1306 auctor
936 1257 1135 1306 noster
1182 1254 1441 1308 ostendit
1469 1269 1537 1309 ea
1583 1271 1699 1309 non
1760 1253 2000 1309 litierali

345 1339 527 1396 sensu
550 1328 608 1377 et
630 1322 801 1378 obvio
833 1322 1080 1393 intelligi
1096 1324 1332 1396 debere,
1367 1326 1450 1380 ita
1480 1331 1545 1379 ut
1575 1326 1669 1380 his
1700 1324 2001 1396 significe-

346 1402 444 1449 tur
473 1394 687 1449 divites
717 1396 903 1467 teneri
925 1395 1207 1449 uumibus
1230 1396 1399 1451 bonis
1417 1394 1879 1465 suis,opibus,ac
1894 1414 1999 1467 pa-

346 1466 1932 1539 trimonio,quemadmodumAnaxagoras,Democritus
1945 1471 2003 1523 et

276 1592 283 1597 ,
347 1536 567 1607 Crates,
601 1535 688 1611 vel
714 1536 1096 1611 seabdicare,
1129 1537 1213 1611 vel
1246 1556 1314 1593 ea
1343 1535 1447 1593 aut
1476 1539 1626 1605 suis,
1657 1544 1760 1595 aut
1808 1540 2001 1611 primo

347 1607 1196 1682 occupantirelinquere;_sed
1228 1613 1459 1664 tantum
1496 1611 1752 1682 praecipi,
1808 1607 1870 1666 ut
1916 1612 1999 1665 ef-

347 1677 530 1735 frenis
560 1677 889 1750 divitarum,
909 1680 1200 1750 cupiditas
1228 1686 1285 1736 et
1310 1677 1568 1736 avaritiae
1631 1677 1795 1737 labes
1840 1683 1998 1737 radi-

346 1751 502 1824 citus
530 1748 820 1824 avellatur
875 1749 920 1783 ⁶²
945 1766 958 1804 :
986 1748 1188 1824 atque
1216 1752 1466 1824 egenis,
1525 1753 1887 1824 pauperibus
1943 1757 2001 1807 et

349 1821 755 1895 indigentibus
803 1836 973 1895 opem
1028 1821 1305 1895 ferendo,
1350 1821 1791 1895 bene'opibus,
1851 1824 1998 1879 divi-

349 1894 449 1949 tiis
484 1892 866 1964 icaaterisqua
950 1892 1123 1949 bonis
1166 1895 1305 1950 suis
1351 1892 1676 1967 locupletes
1740 1895 2009 1952 homines

346 1970 609 2019 utantur.

417 2034 615 2108 Palam
648 2034 866 2089 etenim
890 2032 988 2088 ille
1020 2033 1159 2089 facit
1186 2035 1232 2070 ⁸³
1261 2035 1496 2108 divitias
1528 2054 1644 2093 non
1676 2053 1741 2092 ex
1773 2035 2010 2108 seipsis,

346 2107 449 2161 sed
506 2120 576 2161 ex
636 2122 836 2160 earum
891 2122 1001 2160 usu
1066 2109 1168 2160 aut
1228 2107 1412 2163 malas
1469 2125 1620 2173 esse,
1645 2115 1749 2164 aut
1800 2107 2008 2166 bonas.

342 2180 535 2249 Atque
574 2176 712 2249 inde
756 2175 982 2249 colligit
1027 2177 1087 2232 id
1120 2180 1296 2249 quod
1352 2179 1623 2236 Christus
1677 2179 1827 2235 dixit
1875 2178 2008 2235 illas

344 2248 476 2304 esse
505 2248 878 2320 vendendas,
922 2248 1362 2320 deﬂaﬁ‘ectibus
1422 2251 2005 2320 perturbationibus-

345 2336 459 2390 que
492 2318 672 2375 animi
705 2335 837 2374 esse
868 2317 1338 2390 intelligendum.
1397 2317 1546 2377 Nam
1605 2322 1853 2389 relictis,
1907 2330 2008 2377 aut

346 2391 627 2465 proiectis
659 2390 1306 2465 opibus,_potest_quis,
1339 2393 1449 2465 etsi
1480 2409 1723 2465 egenus,
1755 2394 1917 2465 vitiis
1948 2400 2007 2448 et

346 2460 654 2535 all‘ectibus
685 2476 834 2535 esse
878 2461 1063 2516 dives.
1116 2460 1242 2517 Non
1297 2463 1471 2519 utiles
1506 2460 1710 2535 itaque
1782 2464 1847 2531 ν’,
1900 2465 2001 2519 sed

345 2532 553 2589 noxias
582 2531 839 2604 divitias,
873 2547 987 2587 non
1021 2547 1191 2588 secus
1214 2539 1391 2604 atque
1423 2531 1803 2597 animi'vitia.
1837 2536 2003 2604 aegri-

282 2652 283 2657 η
341 2605 582 2679 tudines
612 2602 1209 2679 et_all‘ectus,_quibus
1242 2602 1395 2679 male
1445 2606 1631 2679 ecpiis
1687 2602 2002 2679 etUOpibus

342 2675 590 2739 utimur,
624 2675 800 2749 plane
840 2673 1195 2749 penitusque
1243 2673 1619 2734 tollenda—et
1678 2673 2002 2749 rejicienda

338 2761 469 2803 esse
501 2744 710 2801 rursus
741 2744 840 2800 ille
869 2744 1193 2801 contendit.

411 2816 515 2873 llis
544 2832 716 2888 porro
744 2816 945 2871 anima
976 2820 1220 2873 omnino
1249 2834 1432 2874 vacua
1472 2823 1530 2874 et
1584 2820 1748 2874 nuda
1801 2819 2001 2876 Chris-

342 2893 491 2961 tum,
524 2889 630 2958 qui
662 2904 763 2943 cor
790 2888 1274 2961 purumhabenti
1304 2889 1396 2944 via
1427 2894 1538 2956 est,
1580 2890 1746 2961 sequi
1806 2892 1999 2947 debet.

337 2958 583 3033 impura
613 2964 814 3033 autem
844 2964 937 3014 est
963 2959 1129 3033 illius
1179 2960 1400 3033 anima,
1434 2962 1561 3033 qui,
1598 2958 1792 3033 pravis
1849 2963 2002 3017 desi-

338 3031 516 3104 deriis
548 3037 637 3085 est
671 3031 855 3104 dives.
890 3031 1055 3088 Veris
1085 3032 1376 3103 siquidem
1428 3031 1721 3104 bonisque
1778 3033 2000 3089 divitiis

336 3101 411 3157 iis
443 3107 674 3157 tantum
718 3102 1010 3169 abundat,
1055 3101 1287 3173 qui‘eas
1336 3120 1466 3159 esse
1515 3101 1636 3159 Dei'
1666 3107 1841 3173 dona,
1892 3122 1999 3161 nec

337 3179 459 3247 tam
483 3172 596 3242 sui,
630 3190 811 3247 quam
840 3172 1094 3247 fratrum
1123 3175 1425 3247 egentium
1455 3191 1669 3247 causas
1694 3192 1757 3231 se
1801 3172 1994 3247 possi-

337 3246 477 3300 dere
508 3244 794 3316 agnoscit.
828 3244 1223 3308 Quamobrem
1253 3247 1343 3301 vir
1375 3247 1449 3301 iis
1477 3246 1722 3303 minime
1771 3244 1995 3303 manci-

331 3320 531 3398 patus,
570 3316 867 3398 jacturam
900 3316 1137 3398 illarum
1191 3333 1356 3388 aequo
1396 3319 1525 3398 fert
1548 3319 1767 3386 animo,
1795 3327 1995 3398 _atque

329 3387 552 3442 idcirco
582 3387 794 3461 spiritu
825 3403 962 3442 vere
991 3393 1081 3461 est
1110 3387 1355 3461 pauper.
1389 3390 1601 3445 Contra
1633 3406 1763 3445 vero
1792 3390 1838 3425 ⁶⁵
1888 3387 1992 3461 qui

328 3461 571 3534 easdem
597 3473 741 3529 opes
765 3458 879 3534 fert
908 3458 1130 3534 animo,
1180 3458 1259 3534 et:
1285 3461 1779 3534 quotidie_augere
1835 3458 1992 3534 cogi-

327 3533 438 3603 tat,
471 3529 572 3583 ille
598 3529 803 3584 mundi
839 3529 1105 3586 irretitus
1127 3536 1218 3587 est
1246 3529 1499 3603 laqueis.
1524 3532 1607 3603 Ex
1630 3529 1850 3603 quibus
1882 3529 1990 3588 d'u-

329 3600 538 3676 plicem
564 3604 771 3676 auctor
801 3606 1004 3657 noster
1024 3600 1681 3676 conclusiohemelicit‘:
1703 3620 1768 3659 ac
1800 3603 1990 3676 primo

330 3672 826 3743 quidemidivitias
856 3688 926 3726 ex
954 3689 1158 3727 earum
1192 3691 1304 3728 usu
1338 3678 1440 3729 aut
1465 3675 1650 3729 bonas
1679 3672 1831 3743 esse,
1888 3681 1992 3730 aut

325 3741 536 3799 malas.
569 3741 790 3797 Deinde
810 3759 945 3798 vero
969 3742 1015 3778 ⁶⁶
1047 3743 1169 3798 haec
1200 3744 1417 3800 Christi
1475 3746 1650 3801 verba
1692 3764 1705 3801 :
1740 3767 1767 3797 «
1822 3741 1990 3801 Divi-

327 3821 419 3869 tes
453 3814 512 3867 in
549 3829 799 3883 regnum
832 3813 936 3869 Dei
965 3814 1208 3870 dilﬁcile
1236 3815 1591 3881 introibunt,
1623 3835 1650 3867 ιι
1681 3834 1794 3872 non
1828 3816 1985 3872 litte-

327 3884 436 3968 rali
467 3885 572 3941 sed
607 3884 914 3967 subtiliori
940 3902 1116 3941 sensu
1136 3903 1281 3968 esse
1295 3890 1656 3968 accipienda.
1686 3888 1811 3968 Non
1831 3891 1987 3968 enim

325 3956 386 4031 iu
413 3972 619 4031 earum
656 3957 1056 4031 possessione,
1090 3958 1173 4012 uti
1205 3956 1469 4030 corporis
1490 3960 1760 4031 exemplo
1793 3960 1989 4030 palam

327 4027 437 4102 ille
463 4027 630 4102 facit,
664 4028 828 4102 salus
864 4034 1063 4102 nostra
1098 4032 1293 4102 posita
1315 4027 1433 4085 est.

405 4099 549 4164 Quis
578 4098 898 4155 virtutibus
926 4098 1117 4173 igitur
1155 4102 1363 4169 fretus,
1397 4101 1479 4157 uti
1541 4101 1640 4156 ille
1691 4103 1884 4173 pergit
1920 4102 1985 4168 ⁸⁷,

332 4170 574 4227 fortuna
603 4187 710 4226 sua
742 4171 1106 4242 non'absque
1134 4172 1250 4228 ﬁde
1297 4180 1354 4229 et
1411 4170 1721 4229 sanctitats
1778 4170 1986 4241 utitur,

329 4242 382 4297 is
413 4243 634 4315 mundo
666 4242 974 4315 cordeest,
1006 4248 1064 4298 et
1093 4244 1152 4299 in
1187 4260 1433 4315 regnum
1468 4244 1572 4300 Dei
1599 4245 1986 4313 ingredietur.

324 4314 570 4387 Quando
614 4329 750 4369 vero
800 4312 966 4369 diviti
996 4312 1277 4372 Christus‘
1296 4317 1481 4372 dixit:
1516 4339 1545 4366 «
1604 4312 1801 4373 Vende
1858 4334 1988 4387 quas

324 4385 533 4473 habes,
567 4405 596 4433 »
647 4401 764 4473 njun
796 4401 863 4440 eo
905 4401 1086 4469 sensu
1143 4387 1201 4441 id
1236 4388 1287 4443 ei
1322 4388 1645 4473 praecepit“
1679 4392 1742 4473 ut
1785 4385 1988 4473 veridi-

320 4461 518 4532 torum
545 4456 896 4532 praediorum
945 4461 1197 4532 uretium
1231 4456 1475 4532 recipiat
1497 4456 1527 4532 ςί
1547 4460 1653 4532 sed
1681 4464 1748 4513 ut
1799 4460 1987 4514 bonos

322 4530 680 4603 sanctosque
706 4527 889 4581 animi
920 4529 1186 4592 allectus,
1232 4532 1335 4602 qui
1358 4527 1726 4603 'spirituales
1773 4532 1988 4587 divitias

321 4602 484 4673 su_n_t,
514 4598 778 4673 acquirat
807 4604 864 4673 et
894 4598 1309 4673 consequatur.

395 4666 792 4743 Verumdives
821 4668 932 4725 iste
959 4671 1025 4743 ‘3,
1073 4666 1177 4743 qui
1227 4672 1527 4728 Christum
1584 4673 1985 4739 interrogave-

318 4739 716 4821 ratuhujus-ce
752 4739 1159 4821 responsionis
1189 4760 1435 4799 sensum
1468 4761 1586 4799 non
1621 4745 1977 4821 percipiens,

318 4810 715 4885 tristis‘abiit,
773 4815 948 4885 atque
1000 4813 1121 4885 ille,
1183 4831 1299 4870 non
1359 4831 1532 4871 secus
1592 4810 1659 4870 ac
1707 4810 1976 4885 ejusdem

320 4882 540 4957 Christi
573 4881 952 4957 discipuli,in
1003 4884 1140 4957 pejus
1201 4886 1485 4941 familiam
1538 4881 1756 4957 nuper_
1783 4888 1977 4957 asciti,

323 4956 591 5029 futuram
619 4953 882 5029 divitum
931 4954 1212 5029 salutem,
1244 4953 1648 5029 desperavere'.
1706 4953 1978 5016 Christus

322 5030 519 5082 autem
549 5025 688 5081 “iis
717 5026 1025 5095 respondit
1056 5025 1373 5084 hominem
1392 5044 1509 5084 non
1541 5046 1672 5093 sua,
1730 5032 1833 5086 sed
1885 5032 1979 5086 di-

319 5098 459 5154 vina
491 5097 889 5172 yirtute,_cum
920 5099 1199 5172 vitiorum
1230 5100 1670 5172 aﬂ‘ectuumque
1718 5102 1977 5158 vacuita-

316 5172 435 5244 tem
460 5167 686 5244 sincere
704 5169 1087 5244 desiderabit,
1102 5187 1274 5243 posse
1294 5172 1489 5244 reipsa
1510 5167 1786 5229 aaternam
1822 5174 1977 5230 hanc

316 5240 572 5297 salutem
597 5240 885 5296 obtinere.

386 5313 510 5378 Quo
527 5312 760 5381 quidem
785 5317 990 5367 Petrus
1011 5313 1215 5369 audito
1235 5313 1300 5381 7°,
1331 5314 1481 5368 dixit
1495 5329 1557 5370 se
1580 5313 1865 5380 omnia,id
1886 5322 1978 5373 est

316 5382 503 5455 animi
524 5382 669 5455 vitia
685 5388 746 5455 et
764 5384 1167 5453 aegritudines,
1194 5395 1255 5440 ut
1278 5384 1582 5441 Christum
1603 5393 1975 5455 sequeretur,

315 5454 556 5529 penitus
589 5452 927 5529 reliquisse.
962 5457 1009 5511 A
1037 5455 1272 5529 Christo
1285 5462 1481 5529 autem
1507 5452 1863 5529 responsum
1886 5452 1971 5516 ac;

314 5525 470 5599 oepit
496 5540 657 5597 eum,
690 5526 793 5597 qui
826 5530 1058 5598 patrem
1089 5527 1418 5600 reliquerit,
1453 5529 1561 5585 hoc
1582 5525 1695 5597 est,
1744 5530 1847 5603 qui
1880 5548 1978 5604 pa-

383 5650 431 5686 ω
565 5649 648 5705 10⁸
751 5650 795 5686 εί

310 5721 357 5757 u
415 5720 443 5789 ς
493 5720 593 5775 2L
650 5721 695 5757 το

312 5794 372 5847 et
399 5790 491 5844 33.
566 5790 768 5865 1v§3i
799 5795 857 5849 et
882 5794 972 5850 35.

938 5650 1025 5708 11.
1101 5652 1148 5688 ⁵⁵
1208 5654 1332 5717 §12
1389 5657 1446 5710 et
1478 5653 1567 5710 l3.
1643 5653 1688 5689 ⁵⁸
1745 5656 1773 5721 §
1823 5656 1911 5713 14.
1987 5658 2035 5695 ⁸⁸

2062 5661 2269 5737 515_et
2292 5662 2385 5737 16.
2408 5734 2424 5737 A
2460 5662 2508 5698 ⁸⁸
2612 5662 2729 5737 Α17.
2754 5734 2768 5737 _
2805 5662 2852 5699 ⁸⁸
2962 5665 3079 5737 18η
3106 5664 3168 5737 7⁸⁷

737 5723 764 5806 ς
819 5723 1004 5806 senet
1058 5723 1130 5781 23
1202 5725 1247 5763 τι
1306 5727 1333 5797 §
1387 5726 1478 5782 25.
1554 5725 1658 5796 τις
1698 5727 1789 5783 26.
1847 5729 1893 5765 τι
1949 5723 2112 5806 δῇ.
2190 5734 2237 5769 τι
2284 5736 2312 5805 §
2363 5734 2452 5792 28.
2530 5723 2632 5805 ῖιδ
2705 5734 2798 5790 29.
2875 5723 3005 5806 ἀνδ
3053 5735 3144 5793 3ο.

2113 472 2220 537 eis,
2252 468 2593 542 quaa'saluti
2628 471 2917 538 ofﬁciunt,
2971 471 3361 541 obtemperat,
3418 468 3763 541 centuplum

2110 550 2504 613 recepturum.
2538 544 2701 607 Quod
2734 549 2889 599 certe
2909 542 3111 598 eodem
3138 543 3310 613 plane
3340 542 3514 596 modo
3535 542 3606 594 de
3638 556 3766 597 nia-

2108 621 2218 679 tre,
2246 616 2444 681 fratre,
2478 632 2699 683 sorore,
2732 620 2790 670 et
2811 614 2944 670 aliis
2971 614 3336 685 parentibus,
3370 620 3545 685 atque
3583 613 3765 669 etiam

2108 688 2181 741 de
2210 687 2431 741 divitiis
2462 686 2912 758 intelligendum
2944 692 3034 740 est
3053 686 3117 739 τί.

2178 758 2328 821 Quia
2356 774 2489 813 vero
2518 753 2790 813 Christus
2821 758 3068 823 addidit,
3110 779 3139 805 ‹‹
3164 772 3300 810 cum
3338 753 3766 827 persecutioni-

2109 828 2244 892 bus,
2271 849 2300 878 »
2334 830 2631 899 duplicem
2653 837 2860 885 auctor
2891 834 3089 883 noster
3117 827 3436 898 distinguit
3483 842 3765 896 persecu-

2109 901 2329 955 tionem
2354 919 2368 964 ;
2400 908 2458 955 et
2486 917 2665 955 unam
2698 901 2938 971 quidem
2959 901 3346 966 extrinsecus,
3380 899 3671 971 nimirum
3692 913 3765 953 ex

2107 972 2471 1033 hominibus,
2495 978 2598 1027 aut
2614 969 2905 1027 diabolica
2927 971 3306 1042 suggestione
3324 969 3764 1036 advenientem,

2104 1044 2300 1115 Altera
2331 1050 2551 1115 autem,
2584 1058 2772 1115 eaque
2800 1043 3176 1115 gravissima,
3232 1041 3484 1115 interior
3539 1046 3650 1115 est,
3709 1046 3771 1096 et

2107 1130 2188 1196 ex.
2203 1114 2406 1196 impiis
2436 1112 2765 1196 depravt'aaa
2796 1112 3035 1196 auimas“
3056 1114 3390 1183 desideriis,
3450 1112 3769 1196 pravisque

2105 1186 2414 1241 affectibus
2442 1186 2649 1240 oritur.
2682 1190 2827 1242 Cum
2860 1186 2969 1240 hac
3000 1186 3201 1252 itaque
3247 1186 3510 1256 secunda
3568 1200 3769 1256 perse-

2107 1259 2343 1312 cutione
2374 1257 2475 1328 qui
2506 1258 2740 1321 fratres,
2796 1256 3162 1328 deliciasque
3212 1254 3505 1328 carnales,
3563 1254 3769 1328 carna-

2107 1328 2303 1399 liaque
2358 1326 2552 1399 aliqua
2584 1330 2832 1400 pignora
2862 1326 3153 1395 habuerit,
3216 1343 3299 1400 ea»
3340 1326 3540 1382 omnia
3596 1326 3771 1382 debet

2107 1398 2467 1470 relinquere,
2494 1398 2673 1470 atque
2702 1400 2913 1455 anima:
2957 1398 3533 1470 suaerconsolatorem
3564 1414 3632 1453 ac
3665 1414 3770 1468 pa-

2108 1477 2369 1534 tronum,
2402 1471 2502 1541 qui
2534 1469 2813 1527 aeternam
2844 1472 3025 1526 vitam
3057 1469 3143 1526 illi
3166 1471 3417 1526 daturus
3438 1473 3550 1537 est,
3578 1469 3765 1542 elige-

2107 1558 2169 1598 re
2199 1542 2578 1598 Salvatorem.

2181 1615 2243 1669 In
2281 1612 2509 1669 ultimis
2537 1613 2775 1669 tandem
2805 1612 3023 1669 Christi
3060 1611 3288 1668 verbis:
3318 1634 3347 1662 «
3407 1611 3593 1667 Erunt
3649 1628 3761 1667 no-

2105 1685 2332 1756 vissimi
2370 1685 2567 1756 primi,
2598 1704 2626 1734 »
2657 1689 2769 1741 etc.
2800 1686 2865 1751 ⁷³,
2899 1684 3173 1756 quamvis
3216 1683 3370 1739 haud
3392 1699 3614 1756 parum
3673 1700 3769 1739 re-

2113 1755 2336 1812 conditi
2366 1754 2578 1811 sensus
2626 1756 2856 1824 subsit;
2888 1754 3051 1827 quis
3079 1759 3287 1827 tamen
3334 1754 3417 1827 ad
3465 1770 3640 1827 suum
3697 1756 3773 1811 de

2119 1828 2401 1900 divitibus
2431 1834 2849 1900 argumentum
2883 1825 2951 1883 ea
2977 1826 3153 1900 nihil_
3183 1825 3494 1900 faciebant,
3529 1826 3770 1900 illorum

2118 1896 2529 1971 explicatione'
2561 1905 2771 1971 auct-or
2812 1905 3027 1971 noster
3086 1897 3202 1952 sibi
3259 1896 3772 1971 supersedendum

2117 1968 2249 2026 esse
2276 1971 2464 2026 duxit.
2487 1978 2601 2025 Suo
2624 1970 2843 2025 etenim
2875 1968 3069 2025 ofﬁcio
3100 1971 3246 2025 satis
3295 1968 3358 2024 se
3411 1968 3621 2024 fecisse
3668 1970 3777 2024 de-

2116 2042 2318 2106 clarat,
2351 2058 2486 2096 cum
2519 2042 2851 2113 probaverit
2879 2041 3158 2113 divitibus
3190 2040 3354 2095 nullo
3385 2039 3556 2113 plane
3601 2040 3775 2113 modo

2117 2114 2187 2168 ad
2222 2129 2470 2185 regnum
2520 2110 2762 2169 ‘cmleste
2797 2130 2831 2167 a
2859 2112 3093 2168 Christo
3152 2110 3411 2185 aditum'r
3434 2110 3774 2185 iutercludi,

2118 2181 2478 2266 modosillius
2507 2185 2803 2266 mapdatis
2828 2200 3050 2266 morem
3075 2181 3773 2266 gerendo,._divitiis‘suis

2115 2256 2261 2336 bene
2293 2261 2565 2336 utautur...
2591 2256 2965 2336 secusveru,
2997 2252 3226 2336 facilius
3283 2255 3397 2336 erit
3452 2252 3771 2336 ca_melum,

2114 2328 2187 2382 de
2216 2344 2332 2397 quo
2362 2326 2463 2382 ille
2493 2327 2606 2381 alio
2628 2330 2684 2382 in
2726 2327 2876 2382 libro
2906 2324 3331 2396 disputaverat,
3364 2340 3467 2397 per
3505 2324 3771 2382 foramen

2114 2396 2277 2466 acus,
2306 2415 2481 2467 quam
2514 2398 2646 2454 illos
2685 2399 2745 2453 in
2777 2414 3019 2467 regnum
3054 2397 3273 2452 intrare
3301 2396 3602 2452 caelorum.

2184 2468 2475 2524 Omnibus
2495 2469 2711 2524 Christi
2741 2467 2936 2524 verbis
2958 2470 3038 2523 ita
3058 2468 3403 2537 singulatim
3436 2467 3771 2539 explicatis,

2113 2541 2371 2595 ostendit
2415 2548 2620 2595 auctor
2676 2548 2878 2595 noster
2910 2540 2957 2575 ⁷⁸
3013 2539 3311 2595 divitiasa
3364 2540 3596 2595 Christo
3650 2556 3766 2594 non

2108 2612 2451 2694 imprubari,
2485 2618 2590 2694 aut
2618 2617 2684 2666 ut
2705 2611 3296 2694 pru,jicianturjuberi
3323 2627 3337 2665 :
3364 2611 3481 2694 sed
3534 2627 3642 2694 nos
3690 2613 3765 2666 ab

2111 2699 2178 2737 eo
2200 2680 2512 2738 informari
2546 2680 2841 2754 quomodo
2873 2680 3289 2754 iisutendum,
3321 2691 3384 2754 el_
3406 2680 3527 2736 vita
3552 2687 3771 2738 aeterna

2111 2754 2511 2825 comparanda
2537 2752 2634 2809 sit.
2666 2755 2830 2819 Quod
2864 2753 3117 2825 quidem
3138 2760 3205 2809 ut
3235 2752 3469 2825 ﬁrmius
3508 2760 3772 2825 asserat.

2109 2842 2177 2881 ac
2207 2823 2475 2897 quaenam
2522 2823 2919 2897 adipiscendae
2948 2824 3159 2881 salutis
3188 2839 3323 2896 spes
3355 2823 3640 2880 divitibus
3695 2825 3771 2881 ab

2108 2896 2313 2952 eodem
2343 2896 2574 2958 Christo
2605 2896 2765 2963 data,
2798 2897 3118 2953 autablata
3139 2896 3334 2967 fuerit,
3368 2897 3767 2967 demonstret,

2107 2967 2189 3023 ibi
2218 2969 2586 3024 continenter
2618 2968 2719 3025 ille
2766 2969 2978 3040 probat
3006 2968 3137 3040 hoc_
3176 2967 3490 3039 ipsiusmet
3546 2966 3767 3024 Christi

2107 3041 2424 3095 mandato:
2459 3063 2487 3089 «
2522 3039 2742 3111 Diliges
2768 3038 3079 3111 Dominum
3112 3038 3299 3095 Deum
3333 3043 3499 3094 tuum
3532 3055 3602 3095 ex
3645 3045 3768 3096 tota

2109 3112 2310 3167 anima
2338 3116 2396 3166 et
2427 3109 2667 3172 virtute:
2693 3132 2720 3161 ‹‹
2754 3111 2985 3166 nullum
3018 3109 3191 3180 plane
3216 3126 3346 3166 esse
3377 3113 3589 3176 majus.

2178 3183 2327 3237 Nam
2359 3198 2495 3237 cum
2553 3185 2814 3238 secundo
2874 3182 3155 3237 mandato
3193 3182 3368 3252 jubet
3417 3181 3752 3252 proximum

2104 3254 2537 3325 sicutseipsum
2566 3253 2754 3324 diligi,
2789 3254 2926 3325 inde
2954 3258 3157 3309 auctor
3187 3257 3394 3325 noster
3434 3252 3663 3325 colligit
3718 3252 3765 3287 ⁷⁸

2101 3324 2438 3397 eumvelle,
2472 3332 2537 3397 ut
2567 3329 2719 3381 Deus
2748 3326 2819 3381 ab
2841 3324 3082 3397 homine
3111 3340 3297 3397 supra
3311 3324 3577 3397 seipsum
3600 3339 3761 3397 ame-

2100 3400 2217 3451 tur.
2249 3395 2736 3479 Pruximihautem
2763 3395 3027 3479 “nomine
3083 3394 3420 3479 quemlibet
3454 3394 3756 3479 hominem

2101 3467 2471 3540 propositas
2499 3467 2730 3524 Christo
2761 3466 3120 3525 Samaritani
3168 3466 3448 3540 parabole.
3500 3467 3764 3540 ostendit

2098 3537 2230 3596 esse
2284 3538 2758 3622 intelligendum,
2828 3556 2895 3596 ac
2955 3537 3237 3622 eumdem
3291 3537 3590 3620 Christum
3653 3537 3759 3622 qui

2101 3614 2478 3693 peccatorum
2503 3616 2839 3691 uostrorum
2870 3611 3113 3693 sanavit.
3140 3609 3412 3675 vulnera,
3446 3609 3613 3692 pium
3646 3609 3763 3665 dici

2098 3681 2269 3737 illum
2303 3682 2765 3738 Samaritanum.
2796 3681 3073 3739 Christus
3100 3679 3760 3753 1taque,gperg1tille7“,

2097 3753 2197 3821 qui
2226 3758 2452 3809 tantam
2483 3754 2556 3808 ad
2593 3771 2699 3810 nos
2729 3756 3027 3810 sanandos
3047 3751 3285 3825 operam
3327 3751 3639 3825 impendit,
3661 3752 3760 3809 de-

2098 3825 2197 3881 bet
2226 3842 2390 3897 isque
2423 3841 2490 3881 ac
2525 3826 2676 3880 Deus
2703 3825 2890 3897 diligi.
2942 3825 3030 3881 Ab
3084 3822 3152 3880 eo
3209 3822 3431 3881 autem_
3468 3822 3762 3897 diligitur,

2099 3897 2201 3968 qui
2232 3896 2362 4021 ujus
2393 3897 2683 3953 voluntati
2711 3901 2769 3952 et
2797 3895 3108 3970 praeceptis
3140 3900 3307 3969 paret
3323 3901 3503 3968 atque
3532 3895 3759 3953 obtem-

2100 3984 2233 4021 nera
2272 4009 2286 4021 .

2140 3984 2286 4023 erat.

2099 3984 2320 4093 pe’i‘diim
2348 4035 2559 4093 deinde
2586 4038 2633 4073 τι
2678 4038 3005 4095 honorandi
3028 4037 3375 4107 colendique
3397 4040 3538 4093 sunt
3556 4036 3761 4094 ﬁdeles

2097 4108 3026 4193 eiusdemChristidiscipuli,‘iu
3060 4126 3211 4193 q__uos
3234 4109 3527 4193 quidquid
3553 4108 3759 4193 fit,h_oc

2097 4180 2195 4236 ille
2225 4180 2486 4253 sibiipsi
2519 4180 2740 4236 factum
2782 4179 3045 4237 ascribit.
3077 4179 3192 4239 Eos
3225 4179 3444 4253 quippe
3497 4179 3757 4253 appellat

2099 4253 2247 4309 837
2283 4250 2461 4325 ﬁlios,
2494 4267 2729 4325 pueros,
2764 4252 3042 4322 infantes,
3086 4250 3308 4309 amicbs
3334 4250 3398 4307 st
3453 4250 3753 4325 parvulos,

2097 4340 2367 4397 quorum
2388 4324 2579 4380 minor
2600 4324 2661 4380 in
2692 4340 2872 4397 regno
2903 4325 3185 4397 caelorum
3216 4324 3755 4397 Joanne’estmaf

2093 4394 2193 4469 j’or
2232 4395 2297 4452 "".
2329 4395 2410 4450 Ex
2450 4394 2793 4453 mammona
2836 4396 3020 4469 igitur
3068 4397 3403 4468 iniquitatis
3433 4394 3757 4469 siualiquid

2096 4466 2180 4540 eis
2213 4472 2511 4539 erogatur.
2543 4466 2999 4540 mercesuda'ntis
3030 4466 3338 4540 nunquam
3391 4466 3651 4540 peribit.’
3687 4469 3760 4540 At

2097 4539 2152 4611 id
2189 4555 2306 4594 non
2328 4538 2912 4611 umodouexigentibus
2943 4544 3001 4595 et
3030 4538 3366 4611 importune
3394 4538 3758 4611 postulanti-

2095 4609 2381 4683 bus,uvult
2403 4609 2673 4683 Christus
2700 4611 2908 4683 tribui,
2943 4612 3043 4666 sed
3075 4609 3176 4667 eos
3198 4611 3254 4665 in
3286 4610 3496 4683 primis
3538 4610 3755 4683 quaeri,

2097 4678 2249 4753 apud
2284 4697 2434 4752 quos
2466 4681 2820 4737 beneﬁcium
2855 4683 2983 4739 sine
3010 4678 3357 4754 murmurs,»
3395 4678 3643 4737 tristitia
3700 4682 3757 4754 et

2084 4749 2473 4824 personsrum
2506 4754 2891 4811 distinctione
2926 4770 3048 4809 non
3108 4753 3292 4810 semel
3326 4749 3588 4820 iterum,
3647 4749 3748 4805 sed

2083 4828 2525 4897 perseveranter
2557 4824 2881 4897 collocetur
2909 4825 2988 4880 ⁷⁸.

2157 4894 2359 4969 Neque
2387 4894 2549 4951 enim
2583 4894 2977 4969 repellendus,
3000 4899 3103 4951 aut
3124 4895 3331 4967 inique
3350 4893 3625 4969 ferendus
3646 4891 3750 4969 de-

2088 4964 2319 5040 formis,
2352 4964 2667 5040 pannosus
2685 4973 2745 5023 et
2798 4967 3061 5040 debilis;
3132 4964 3615 5040 quandoquidem
3661 4964 3753 5040 in-

2086 5038 2275 5164 tui-itu};
2299 5036 2601 5110 opulentia
2631 5043 2689 5095 et
2715 5038 3097 5112 pulchritudo
3130 5036 3191 5094 iii
3217 5036 3474 5096 testaceo
3501 5051 3640 5093 vase
3669 5037 3760 5090 in-

2087 5126 2118 5164 c
2147 5125 2180 5164 u
2229 5126 2244 5162 ι
2280 5125 2367 5164 ur.

2087 5125 2367 5166 Olllﬂltlll‘.

2157 5183 2522 5250 Quapropter
2552 5185 2757 5236 auctor
2812 5187 3011 5237 noster
3068 5180 3305 5237 divitem
3360 5180 3634 5245 hortatur
3690 5176 3757 5247 τ’,

2087 5256 2154 5307 ut
2183 5250 2568 5307 facultatibus
2599 5256 2656 5306 et
2676 5251 2887 5322 opibus
2919 5253 3047 5309 suis
3088 5252 3408 5309 exercitum
3470 5251 3757 5322 instruat.

2086 5328 2377 5395 cogatque
2408 5320 2727 5393 satellites,
2765 5324 3050 5380 nimirum
3111 5340 3283 5380 senes
3314 5322 3624 5395 pupillos,
3671 5320 3761 5395 vi-

2085 5391 2326 5467 dusset
2358 5410 2668 5467 pauperes,
2694 5391 2797 5467 qui
2829 5395 3126 5467 precibus,
3168 5391 3490 5467 gemitibus
3542 5408 3622 5467 ac
3671 5391 3759 5448 la-

2085 5465 2305 5538 crymis
2334 5465 2750 5538 imperatorem
2781 5465 2969 5523 Dsum
3002 5465 3263 5531 ﬂectant,
3312 5472 3491 5538 atque
3552 5465 3761 5538 admo-

2085 5535 2438 5607 nitionibus,
2457 5539 2929 5610 correptionibus
2961 5544 3021 5594 et
3048 5538 3314 5594 consiliis
3357 5535 3556 5609 ipsum
3589 5535 3763 5605 adju-

3222 5661 3409 5770 ἕξέἓλ
3476 5657 3757 5770 ’ἕαδεξθά

3293 5731 3440 5807 ξ31.
3519 5730 3564 5766 τε
3598 5729 3760 5800 '§32
