4118 6446
301 354 423 411 1449

294 479 723 538 evidentissimo
766 479 946 535 trium
978 478 1191 535 horum
1223 481 1702 542 doctissimorum
1733 487 1926 545 homi-

304 569 431 608 num
502 552 851 630 testimonio
876 552 1445 630 planeconvincitur.
1480 555 1625 630 Nam
1656 559 1692 612 ii
1718 576 1929 630 magno

300 641 428 680 sane
456 639 754 679 consensu
786 624 937 679 hanc
987 624 1179 694 ipsam
1214 624 1682 684 lucubrationem
1717 624 1939 687 librum

300 695 608 768 appellant,
637 700 695 751 et
722 696 876 750 inter
898 694 1044 751 alios
1076 694 1392 753 Clementis
1426 701 1611 755 nostri
1643 700 1825 759 libros
1859 720 1942 761 re-

305 773 554 825 censent.
784 824 790 831 ,

365 838 572 915 Utrum
602 854 736 915 vero
759 838 810 893 is
840 836 989 893 liber
1008 852 1077 892 ex
1099 838 1387 915 pluribus,
1418 844 1519 915 aut
1542 859 1659 898 una
1684 846 1945 915 quadam

305 910 600 984 bomilia,a
629 909 925 965 Clemente
954 914 1155 965 nostro
1187 911 1254 965 ad
1289 912 1567 984 populum
1602 909 1943 972 Alexandri-

306 998 444 1059 num
465 983 688 1059 habita,
716 997 782 1035 ac
805 984 1181 1059 postmodum
1208 983 1322 1039 non
1347 985 1473 1059 sine
1488 986 1948 1059 ampliﬁcatione

303 1057 356 1110 in
390 1054 521 1108 libri
556 1054 807 1107 formam
841 1055 1094 1119 redacta,
1119 1056 1485 1125 compositus
1515 1054 1613 1122 sit',
1646 1058 1817 1115 sicuti
1850 1062 1949 1117 dc-

310 1127 465 1182 ﬁnire
497 1125 1051 1203 non_aude_mus,ita
1080 1130 1296 1203 temere
1328 1127 1478 1182 haud
1514 1129 1708 1203 dicere
1739 1148 1948 1203 possu-

307 1214 432 1254 mus
464 1197 560 1251 vix
580 1195 759 1250 ullam
792 1197 852 1250 in
880 1211 946 1250 eo
972 1196 1230 1320 amplius
1255 1204 1481 1254 exstare
1503 1195 1802 1258 concion'is
1823 1220 1951 1275 spe-

307 1271 468 1320 ciem.
503 1284 693 1320 neque
723 1267 892 1320 alios.
927 1268 1042 1320 nisi
1095 1268 1205 1320 ibri
1233 1271 1512 1320 omnibus
1542 1272 1666 1320 suis
1686 1275 1951 1320 numeris:

306 1271 468 1331 ciem,
503 1284 693 1336 neque
723 1267 893 1335 alios,
927 1268 1042 1322 nisi
1072 1267 1205 1322 libri
1233 1271 1512 1326 omnibus
1542 1272 1666 1327 suis
1686 1267 1952 1330 nume-ris

305 1340 509 1412 expleti
541 1340 930 1412 characteres.
962 1339 1209 1412 Quidam
1242 1345 1436 1397 tamen
1468 1342 1529 1397 in
1560 1343 1661 1400 illo
1694 1346 1953 1401 nonnul-

306 1411 387 1469 las
416 1411 722 1467 concionis
762 1416 933 1465 notas
968 1411 1456 1469 animadvertisse
1505 1415 1617 1470 sibi
1650 1417 1756 1472 visi
1789 1422 1950 1481 sunt,

307 1485 517 1556 quibus
547 1484 595 1539 si
630 1483 979 1556 suffragium
1009 1489 1275 1539 nostrum
1300 1485 1609 1542 ferendum
1640 1503 1768 1545 esse
1797 1493 1954 1546 recte

310 1554 660 1629 probaveris,
696 1554 866 1629 baud_
885 1556 1527 1629 planeArefragabimur
1543 1559 1609 1612 9'.

380 1628 502 1691 Qua
533 1633 727 1681 autem
763 1625 985 1681 ratione
1017 1626 1089 1681 ad
1122 1625 1672 1685 eum—scribendum
1694 1634 1955 1686 mentem

315 1714 472 1755 suam
494 1703 700 1754 auctor
716 1697 1031 1768 appulerit,
1061 1698 1217 1753 hunc
1244 1700 1303 1753 in
1330 1701 1568 1756 modum
1601 1702 1860 1758 declarat
1884 1702 1952 1755 In:

314 1792 341 1846 it
370 1769 523 1846 N_ihil
556 1769 857 1846 siojuvat,
893 1785 970 1846 ac
990 1770 1122 1840 ipsa
1152 1787 1361 1846 rursus
1382 1773 1584 1846 audire
1607 1774 1801 1840 verba,
1825 1789 1953 1846 quae

310 1842 364 1897 in
394 1840 724 1908 Evangeliis
753 1841 1036 1910 exposita,
1071 1843 1353 1911 necjusto
1375 1845 1520 1898 satis
1549 1840 1950 1912 examinefat-

306 1931 415 1989 que
445 1928 642 1968 errore
673 1913 1039 1989 auditoribus
1071 1930 1186 1984 prae
1206 1916 1457 1989 infantia
1480 1918 1694 1989 mentis
1716 1920 1955 1989 accepta

305 1984 590 2041 hactenus
610 2000 712 2061 vos
734 1984 1187 2061 conturbarunt.
1223 2006 1245 2035 ι
1281 1988 1349 2039 At
1372 1985 1587 2061 hisille
1616 1988 1813 2043 verbis
1837 1984 1956 2061 pla-

304 2073 444 2113 num
468 2057 743 2132 omnibus
760 2056 897 2132 facit
918 2058 1207 2132 quosdam
1227 2073 1333 2112 suo
1349 2058 1649 2132 exstitisse
1669 2056 1954 2132 tempore,

305 2144 451 2201 quos
481 2127 697 2183 Christi
725 2128 797 2182 ad
826 2127 1255 2184 divitemverba
1276 2127 1957 2186 conturbaverantham

310 2217 375 2257 ea
424 2215 558 2255 vero
589 2204 860 2273 rectoque
906 2215 1086 2273 sensu
1121 2217 1238 2255 non
1286 2201 1667 2273 accipientes,
1720 2218 1957 2257 omnem

308 2287 551 2345 prorsus
571 2272 643 2326 de
665 2271 911 2345 divitum
930 2272 1119 2325 salute
1145 2287 1311 2344 spem
1338 2271 1663 2345 perdidisse
1684 2275 1960 2329 videban-

308 2342 420 2400 tur.
440 2344 674 2417 Adeam
699 2342 896 2413 itaque
920 2342 1399 2417 commotionem,
1428 2346 1961 2417 perturbationem-

263 2449 275 2463 -
308 2431 419 2488 que
449 2414 799 2478 sedandam,
853 2429 920 2468 ac
950 2414 1181 2489 falsam,
1219 2432 1337 2489 qua
1367 2414 1589 2489 imbuti
1610 2422 1797 2484 erant,
1831 2416 1960 2489 cpia

311 2486 547 2559 nionem
586 2501 673 2559 ex,
699 2500 904 2559 eorum
937 2486 1151 2541 animis
1182 2486 1421 2559 penitus
1473 2486 1962 2558 evellendam,‘ad

312 2559 463 2633 hanc
491 2557 961 2633 iucrubationem
988 2557 1367 2633 scribendam
1398 2561 1664 2616 animum
1692 2576 1755 2616 se
1776 2557 1966 2633 appu-

321 2631 459 2687 lisse
492 2629 923 2702 haudiobscure
952 2629 1266 2702 signiﬁcat.

385 2702 554 2757 Dictu
582 2701 770 2774 igitur
816 2700 987 2774 longe
1020 2700 1324 2774 difﬁcilius
1355 2709 1443 2758 est
1487 2719 1663 2774 quem
1695 2702 1964 2774 Clemens

323 2775 520 2828 varias
578 2772 733 2827 inter
759 2788 899 2827 suas
927 2772 1369 2829 lucubrationes
1422 2772 1558 2829 huic
1591 2775 1739 2829 libro
1769 2772 1967 2828 locum

318 2845 565 2901 dederit.
601 2845 661 2899 In
693 2844 1053 2914 quibusdam
1086 2845 1380 2915 siquidem
1404 2846 1707 2901 codicibus
1729 2849 1969 2900 octavus

320 2918 661 2999 ξίςοωειαζη
688 2917 846 2999 “ejus
878 2915 1048 2980 liber,
1080 2922 1246 2999 .teste
1304 2917 1508 2999 Photio
1537 2918 1610 2999 {3-,
1639 2915 1969 2999 inscriptus

318 2988 449 3045 fuit.
511 2989 622 3043 Sed
685 2986 900 3042 falsum
933 2988 1174 3044 omnino
1206 3004 1336 3044 esse
1364 2989 1520 3043 hunc
1552 2987 1787 3043 titulum
1833 2986 1970 3041 inde

323 3061 583 3132 primum
604 3058 1519 3132 evidentissimedemonstratur,
1538 3061 1693 3131 quod
1716 3057 1973 3132 hicliber

320 3129 396 3188 ab
425 3131 947 3204 ipso__Stroma(um
976 3133 1234 3199 nomine,
1265 3137 1322 3187 et
1353 3134 1423 3188 ab
1476 3129 1627 3203 ipsa.
1657 3148 1775 3204 qua
1824 3129 1971 3186 Stro-

314 3201 532 3259 matum
562 3201 696 3257 libri
727 3203 929 3273 scripti
964 3209 1124 3272 sunt,
1158 3205 1383 3260 ratione
1415 3201 1650 3274 penitus
1675 3201 1973 3272 discrepet

317 3276 453 3331 Haec
479 3272 694 3331 auinne
723 3274 1064 3330 Stromatum
1093 3275 1535 3331 commentaria.
1584 3275 1664 3329 uti
1714 3291 1783 3330 ex
1816 3274 1973 3331 inso-

372 3290 453 3330 BC

521 3290 552 3329 ll

317 3291 453 3331 nec
521 3291 694 3344 uippe
723 3291 1064 3330 nrromatum
1093 3291 1535 3344 commentaria,
1584 3291 1664 3329 uti
1714 3291 1783 3330 ex
1816 3291 1973 3345 lpSO-

311 3352 436 3402 met
479 3291 786 3418 Eemente
842 3348 1117 3418 superius
1176 3347 1593 3418 adnotavimus
1638 3348 1704 3410 νο,
1737 3368 1766 3397 ι(
1815 3345 1976 3399 varia

313 3424 483 3481 sunt,
513 3422 573 3472 et
602 3422 667 3471 ut
715 3416 1164 3488 ipsuminomen
1196 3419 1442 3485 indicat,
1474 3417 1634 3474 varie
1681 3420 1972 3485 contexta,

313 3492 392 3546 ab
423 3489 539 3544 alio
569 3491 640 3543 ad
674 3487 836 3544 aliud
869 3491 1177 3546 continens
1216 3491 1606 3556 transeuntia,
1642 3494 1697 3543 et
1722 3505 1825 3559 per
1853 3503 1978 3559 ver-

315 3566 531 3618 borum
564 3561 804 3632 quidem
836 3562 1071 3626 seriem,
1104 3578 1170 3617 ac
1203 3566 1563 3631 contextum,
1594 3558 1752 3616 aliud
1791 3558 1976 3632 signi-

316 3632 584 3696 ﬁcantia,
619 3632 777 3686 aliud
810 3648 943 3688 vero
991 3633 1337 3689 indicantia.
1372 3654 1400 3683 »
1435 3632 1718 3698 Quocirca
1768 3647 1979 3686 rursus

317 3704 465 3761 alibi
496 3704 568 3777 de
598 3702 718 3777 illis
749 3704 831 3777 ita
863 3704 1166 3777 loquitur:
1204 3727 1230 3757 α
1261 3706 1338 3759 Iis
1361 3721 1513 3776 quae,
1548 3708 1720 3777 prout
1750 3702 1979 3758 occasio

319 3790 460 3833 sese
479 3775 718 3839 obtulit,
743 3776 887 3831 mihi
909 3775 1196 3832 venerunt
1220 3778 1276 3831 in
1302 3775 1576 3841 mentem,
1604 3780 1982 3847 etnequeor-

328 3849 499 3915 dine,
522 3862 724 3920 neque
750 3848 1005 3904 dictione
1037 3852 1176 3902 sunt
1199 3852 1540 3920 expurgata,
1576 3846 1675 3901 sed
1705 3845 1983 3920 de'indu-

325 3920 481 3976 stria
502 3917 771 3992 dispersa
789 3924 948 3988 sunt,
975 3917 1303 3992 permistim
1327 3917 1496 3975 nobis
1516 3919 1709 3974 instar
1729 3918 1881 3991 prati
1899 3934 1986 3972 va-

322 3992 506 4063 riata
519 3994 607 4045 est
639 3990 990 4046 Stromatum'
1008 3992 1343 4063 descriptio.
1369 4012 1398 4043 »

412 4060 631 4117 Deinde
658 4078 792 4118 vero
810 4063 1027 4119 ibidem
1056 4060 1429 4118 ostendimus
1451 4078 1627 4118 sacrae
1646 4065 1861 4117 nostrae
1883 4060 1992 4116 do-

329 4134 546 4190 ctrinas
567 4138 1023 4260 nostrorumque
1045 4136 1433 4191 sacratiorum
1458 4134 1870 4209 mysteriorum
1896 4147 1994 4187 ex-

329 4205 660 4260 nlationem
723 4206 814 4260 his
845 4206 903 4260 in
961 4207 1105 4260 ibris
1139 4223 1274 4260 cum
1307 4206 1702 4260 ethinicorum
1742 4203 1994 4260 placito-

327 4205 660 4279 plationem
723 4206 814 4260 his
845 4206 903 4260 in
928 4203 1105 4262 libris
1139 4223 1274 4279 cum
1307 4203 1713 4279 ethinio'orum
1742 4203 1994 4277 placito-

329 4277 476 4359 i'nm
507 4277 939 4359 etdogmhatum
972 4278 1332 4359 expositione
1362 4278 1586 4359 passim
1618 4277 1838 4347 ubique
1860 4290 1995 4359 per-

329 4347 605 4431 misceri,
636 4347 703 4431 ac
732 4347 1177 4431 Clementemet
1208 4368 1239 4405 a
1268 4347 1999 4431 pro—positusaepe‘saapius

331 4418 599 4492 digredi,
629 4424 688 4475 et
735 4421 1216 4493 frequentissime
1260 4418 1332 4476 ab
1365 4418 1481 4493 uno
1513 4422 1582 4475 ad
1615 4418 1792 4493 aliud
1823 4434 1997 4489 argu-

333 4489 618 4566 mentum
648 4489 922 4559 transire,
972 4497 1150 4566 atque
1180 4509 1214 4549 a
1250 4492 1572 4564 posteriore
1602 4492 1673 4547 ad
1707 4489 1872 4562 prius
1904 4504 1999 4544 rs—

334 4561 519 4621 verti.

1453 361 1546 415 DE
1581 362 1772 419 ALIIS
1807 366 2022 424 CLEM.
2066 372 2279 428 ALEX.
2318 375 2532 432 OPER.

1984 1881 2031 1946 B

3572 376 3713 433 1450

1959 514 2014 578 Α
2043 498 2823 578 praecedentiumiibrorum
2850 502 3123 578 materia,
3155 499 3575 578 scribendique
3605 519 3709 578 ra-

2046 571 2204 645 tione
2232 571 2792 645 omninocdiil‘erens,
2813 590 2882 628 ac
2907 574 3146 645 penitus
3167 571 3462 645 dissimile
3477 571 3713 645 iouine

2052 638 2168 715 i‘mo
2201 657 2404 715 omnes
2437 638 2605 699 facile
2626 638 2968 713 concedent,
3000 661 3139 701 cum
3170 645 3281 700 sub
3308 644 3549 715 septimi
3573 644 3713 701 libri

2054 710 2232 767 ﬁnem
2262 713 2533 788 Clemens
2556 716 2861 788 scripserit
2895 734 2907 771 ε
2934 710 2963 768 ci
2988 710 3415 788 Aggrediamu'r
3445 718 3600 788 quod
3621 734 3716 772 su-

2057 800 2191 858 mus
2222 785 2494 855 polliciti,
2519 808 2548 837 ››
2571 785 2703 842 eum
2731 789 2791 842 in
2810 785 3222 858 subsequenti,
3248 787 3297 842 si
3321 785 3520 844 tamen
3541 787 3714 844 illum

2058 854 2380 930 aliquando
2412 860 2835 929 composuerit,
2870 854 3107 916 librdde
3137 860 3232 914 his
3251 860 3617 930 disputasse,
3642 859 3716 915 de

2060 927 2279 1002 quibus
2311 945 2374 983 se
2425 927 2868 1000 disputaturum
2902 948 3031 987 esse
3070 930 3288 988 ibidem
3340 927 3713 1002 promiserat.

2059 999 2369 1072 Aiutidem
2402 999 2572 1056 suam
2625 1002 2703 1056 ibi
2750 1002 3105 1071 obligaverat
3136 1007 3256 1058 lore
3306 999 3368 1057 ut
3399 1002 3715 1072 aliquando

2063 1068 2548 1145 phiIOSOpboruin
2586 1068 2979 1145 ethnicorum,
3010 1080 3189 1145 atque
3211 1068 3549 1131 nostrorum
3595 1073 3718 1129 hae-

2061 1118 2401 1211 icticoriim,
2435 1161 2499 1199 ac
2560 1145 2909 1201 nominatim
2963 1118 3194 1201 brodici
3242 1152 3301 1200 et
3340 1146 3715 1201 Marcionita-

2062 1230 2196 1287 rum
2228 1213 2608 1287 impugnaret
2639 1233 2888 1282 errores,
2921 1225 3098 1287 atque
3127 1218 3303 1271 etiam
3336 1219 3407 1271 de
3438 1233 3584 1272 veras
3617 1217 3719 1272 Ec-

2062 1284 2250 1340 clesiaa
2274 1284 2429 1341 notis
2459 1292 2517 1342 et
2538 1284 3275 1358 characteribusfaliisque
3300 1288 3372 1342 de
3390 1288 3562 1343 rebus
3587 1304 3717 1358 age-

2063 1360 2172 1423 ret,
2194 1358 2279 1431 Ade
2304 1358 2519 1428 quibus
2544 1358 2690 1413 nihil
2723 1360 2917 1431 plane,
2948 1377 3014 1415 ac
3037 1376 3109 1415 ne
3134 1360 3448 1414 minimum
3472 1360 3714 1431 quidem

2064 1427 2382 1503 vestigium~
2430 1430 2490 1503 in
2522 1447 2610 1496 eo,
2644 1427 2861 1503 deiquo
2911 1431 3171 1502 agimus,
3222 1431 3372 1485 libro
3404 1427 3718 1503 reperitur,

2063 1499 2398 1573 Singularis
2442 1501 2642 1571 itaque
2677 1499 3090 1569 hic'liber'est,
3124 1519 3158 1557 a
3188 1507 3416 1573 septem
3470 1499 3718 1558 Struma-

2064 1575 2180 1625 tum
2211 1571 2380 1627 libris
2394 1575 2636 1628 omnino
2656 1575 2945 1642 diversus,
2967 1590 3074 1630 nec
3100 1571 3304 1630 eorum
3329 1580 3573 1630 octavus
3597 1573 3717 1629 ullo

2070 1659 2331 1713 unquam
2360 1645 2493 1712 jure
2524 1644 2639 1699 dici
2670 1646 2884 1715 potuit.

2139 1716 2262 1781 Quo
2297 1720 2493 1771 autem
2525 1720 2787 1786 tempore
2818 1733 2850 1771 a
2882 1715 3174 1772 Clemente
3203 1715 3620 1784 Alexandrino,
3666 1716 3721 1773 si

2068 1801 2268 1858 revera
2298 1787 2425 1857 ejus
2480 1796 2687 1843 auctor
2718 1788 2912 1852 fuerit,
2948 1787 3169 1858 publici
3197 1787 3389 1843 factus
3440 1787 3519 1843 sit
3542 1787 3718 1858 juris,

2070 1857 2230 1929 dictu
2255 1875 2368 1913 non
2386 1858 2629 1913 omnino
2654 1865 2988 1929 promptum
3014 1865 3071 1914 et
3090 1859 3427 1929 expeditum
3451 1866 3559 1914 est.
3584 1857 3722 1913 Nul-

2068 1927 2186 1983 lam
2218 1931 2435 2002 etenim
2458 1929 2620 2002 illius
2638 1927 3022 1986 {etatis—aliam
3046 1930 3106 1985 in
3130 1927 3195 1986 eo
3217 1929 3720 2002 deprehendimus

2070 2004 2269 2073 notam
2303 2001 2416 2073 nisi
2451 2001 2549 2055 ubi
2581 2006 2786 2058 auctor
2816 2004 2887 2057 ad
2940 2018 3110 2073 suam
3144 2000 3635 2073 «principiorum
3663 2006 3722 2059 et

2066 2069 2377 2146 theologica
2408 2073 2564 2128 340
2590 2072 3161 2146 exuositionemmﬁv
3186 2067 3373 2146 ἆρχῶν
3402 2067 3495 2126 aut
3527 2067 3720 2126 θεολο-

2068 2140 2190 2215 γίας
2223 2140 2500 2216 ἐξήγησιν,
2562 2140 2901 2216 ηοέίωὶιιὶι.
2936 2148 3086 2216 »γΑι
3115 2144 3167 2200 si
3196 2140 3535 2200 eonomine
3590 2160 3715 2216 traf-

2070 2219 2262 2287 ctaﬁtus
2295 2216 2411 2281 ille,
2465 2233 2642 2287 quem
2672 2215 2733 2270 in
2766 2216 2936 2272 tertio
2967 2215 3304 2271 Stromutum
3348 2216 3500 2272 libro
3533 2215 3715 2272 semel

2070 2291 2127 2341 et
2156 2286 2369 2359 iterum
2399 2286 2793 2359 De’prz’ncipz'is
2825 2289 3108 2343 adversus
3137 2287 3547 2343 Marcionistas
3579 2304 3718 2344 con-

2072 2356 2429 2431 scripturum
2472 2356 2535 2414 se
2564 2356 2693 2414 esse
2721 2361 2846 2429 ipse
2877 2360 3269 2431 spoponderat
3288 2361 3353 2427 ³⁸,
3383 2359 3723 2431 intelligen-

2073 2430 2184 2484 dus
2242 2430 2339 2501 sit,
2372 2435 2527 2485 certe
2581 2447 2770 2502 neque
2812 2440 2944 2486 ante
2974 2430 3263 2501 perfectos
3318 2437 3377 2486 et
3423 2430 3729 2487 absolutos

2074 2504 2292 2573 septem
2344 2504 2686 2557 Stromatum
2744 2502 2971 2573 libros,
3011 2518 3202 2573 neque
3240 2508 3376 2558 ante
3433 2511 3729 2568 octavum,

2077 2572 2249 2627 modo
2282 2576 2481 2628 tamen
2506 2590 2641 2628 eum
2675 2572 3079 2644 composuisse
3095 2572 3398 2644 probetur,
3430 2573 3571 2629 huic
3592 2591 3735 2630 con-

2078 2644 2425 2700 mentationi
2458 2661 2701 2716 manum
2730 2645 3041 2701 admovere
3068 2644 3557 2716 potuit.Vidimus
3578 2645 3740 2702 enim

2075 2733 2210 2770 vero
2241 2732 2445 2771 omnes
2473 2715 2813 2772 Stromatum
2843 2716 3027 2772 libros
3057 2715 3144 2771 sic
3176 2717 3291 2772 sibi
3324 2716 3578 2773 invicem
3610 2734 3744 2773 esse

2077 2788 2423 2862 conjunctos
2463 2804 2530 2842 ac
2557 2788 2947 2862 cohaerentes,
2985 2792 3050 2843 ut
3099 2788 3332 2845 nullum
3368 2787 3534 2845 aliud
3589 2805 3740 2862 opus

2079 2858 2256 2915 fuerit
2284 2858 2725 2929 interpositum.

2618 2955 3027 3012 ARTICULUS
3096 2956 3196 3011 III.

2076 3072 2235 3128 Nam
2290 3072 2436 3128 hunc
2465 3072 2528 3128 in
2560 3072 2769 3130 librum
2798 3078 2941 3129 notae
2970 3076 3022 3128 et
3051 3072 3477 3141 observationes,
3510 3074 3613 3130 ubi
3672 3075 3741 3132 de

2150 3145 2287 3215 alio,
2318 3145 2482 3213 libro,
2514 3147 2611 3215 qui
2639 3148 2857 3202 octavus
2888 3143 3226 3201 Stromatum
3257 3145 3614 3210 inscribitur.

560 3249 696 3344 ἷξῖιζέ
723 3249 1973 3345 ὲῐιίὸῖἦαιῇἶὲοῆξῆὶῖιῖεῗιῖεῖξ’ὖῐίἙζῖᾗὲψ
2006 3249 2049 3316 C
2158 3268 2424 3345 Diximus
2454 3268 2637 3345 hujus
2669 3268 2804 3324 libri
2822 3273 3117 3345 auctorem
3149 3268 3468 3345 variorum,
3502 3286 3569 3326 ac
3591 3288 3741 3345 praef

2084 3341 2282 3424 sertim
2330 3339 2600 3424 Origen’is
2629 3356 2893 3424 errorum
2924 3358 2957 3396 a
2991 3342 3351 3424 quibusdam
3390 3339 3568 3424 .reum
3591 3339 3742 3424 iugi,

2086 3412 2400 3484 palamque
2430 3411 3235 3469 insimulari.Utrum'autem
3269 3412 3515 3484 illejure
3542 3414 3627 3471 vel
3650 3411 3744 3470 iii-

2079 3484 2240 3553 juria
2271 3488 2604 3551 accusetur,
2638 3501 2671 3540 a
2702 3484 2873 3540 nobis
2904 3484 3108 3540 sedulo
3141 3484 3601 3541 examinandum
3629 3491 3740 3542 cst.

2090 3555 2346 3627 Primum
2379 3554 2581 3626 itaque
2630 3555 2730 3610 ubi
2762 3556 2858 3611 hic
2908 3556 3035 3627 ipse
3067 3562 3271 3612 auctor
3303 3561 3505 3613 noster
3534 3558 3747 3613 scribit

2088 3626 2478 3701 divitem,Aqui
2531 3628 2828 3701 mandatis
2849 3626 3063 3683 Christi
3107 3644 3329 3684 morem
3352 3630 3623 3701 gesserit,
3646 3630 3749 3686 bo-

2092 3699 2182 3754 nis
2214 3698 2490 3769 operibus
2524 3698 2741 3754 cmlesti
2776 3698 3022 3771 dignum
3054 3716 3183 3756 esse
3210 3698 3420 3771 patria,
3446 3705 3586 3757 tunc
3616 3717 3753 3757 con-

2090 3772 2351 3825 tinenter
2379 3771 2580 3840 adjicit
2610 3772 2653 3805 9"
2687 3786 2701 3826 :
2740 3770 2860 3842 «,In
2882 3788 3061 3842 quam
3094 3770 3308 3828 corona
3332 3770 3606 3840 donatus,
3639 3789 3745 3828 an-

2094 3842 2481 3916 gelorumque
2511 3841 2844 3916 praeconio,
2873 3841 3205 3916 revertitur.
3238 3863 3266 3916 s
3300 3848 3373 3899 At
3402 3843 3524 3901 haec
3555 3849 3756 3916 poste-

2096 3912 2256 3989 riora
2295 3912 2476 3989 verba
2507 3912 2565 3968 in
2597 3912 2977 3970 Chislerianaa
3026 3915 3305 3989 editionis
3336 3912 3613 3989 margine
3643 3916 3755 3972 hac

2099 3985 2256 4059 gravi
2291 3985 2615 4059 inuruntur
2654 4002 2940 4059 censura:
2970 3987 3239 4059 Qrigenis
3271 3985 3541 4059 inanitur
3587 3988 3756 4044 dam-

2102 4056 2476 4130 nataiopinioi
2499 4058 2569 4114 de
2591 4056 3055 4130 praeexsistentia
3077 4056 3495 4130 animarumin
3519 4060 3701 4115 oculis.
3720 4081 3751 4111 »

2103 4130 2214 4185 Sed
2249 4128 2546 4184 immerito
2576 4129 2751 4200 plane
2780 4133 2836 4185 et
2866 4145 3193 4200 perperam,
3229 4130 3311 4184 uti
3345 4129 3489 4186 scite
3508 4131 3754 4187 Combe-

2106 4200 2277 4273 iisius
2328 4198 2767 4273 animadvertit,
2801 4198 3122 4273 id’dic’itur.
3155 4203 3303 4255 Nam
3351 4207 3486 4272 post
3515 4206 3755 4273 aposto-

2104 4272 2193 4327 los
2221 4271 2265 4306 ⁹⁸
2307 4271 2570 4342 plerique
2601 4286 2805 4326 omnes
2838 4269 3102 4342 Ecclesiae
3156 4269 3597 4330 Patres'docen't
3646 4289 3755 4330 nos

2106 4343 2167 4398 in
2200 4341 2323 4414 hac
2340 4341 2459 4397 vita
2481 4341 2490 4342 “
2514 4358 2643 4398 esse
2676 4341 3016 4414 peregrinos
3069 4346 3125 4398 et
3145 4342 3432 4414 hospites,
3487 4361 3554 4400 ac
3583 4343 3752 4400 cmle-

2109 4419 2257 4470 stem
2286 4412 2586 4484 inquirere
2610 4412 2881 4484 patriam,
2906 4413 2976 4469 ad
3002 4429 3204 4484 quam,
3231 4412 3442 4484 sijusti
3466 4415 3756 4472 fuerimus

2112 4489 2239 4557 post
2269 4489 2516 4559 mortem
2550 4488 2928 4559 revertemur.
2961 4485 3045 4541 Ad
3078 4501 3212 4559 eam
3238 4485 3533 4559 siquidem
3564 4487 3760 4559 prima

2114 4554 2315 4611 nostra
2332 4555 2675 4638 originejus
2698 4554 2987 4638 habemus
3013 4573 3026 4610 :
3053 4558 3153 4638 sed
3169 4554 3329 4638 illud
3347 4558 3502 4638 sicut
3521 4554 3759 4632 peccatu

412 4616 593 4706 Atqui
623 4636 949 4719 econtrario
976 4635 1060 4719 .in
1097 4636 1227 4706 hoc,
1273 4650 1389 4719 quo
1441 4634 1511 4689 de
1543 4631 1798 4719 agimus,
1850 4630 2000 4713 libro
2035 4616 2079 4679 Ι)
2111 4643 2245 4719 eum
2294 4616 2594 4719 originali:
2616 4632 2745 4719 tnui
2781 4625 2911 4683 aliis
2934 4629 3301 4719 gravioribus
3325 4616 3541 4719 postea
3556 4648 3763 4719 perpe-

332 4701 566 4778 magna
619 4712 711 4762 est
741 4707 1024 4762 orationis
1063 4701 1348 4763 connexio
1398 4709 1457 4762 et
1484 4701 1855 4767 cohaerentia,
1907 4701 2001 4778 vix

331 4773 480 4851 uile:
501 4793 536 4833 a
565 4779 867 4851 proposito
899 4780 1209 4851 digressio,
1234 4778 1517 4851 nullaque
1539 4773 2002 4851 prorsusprofa-

331 4850 407 4906 ni
437 4845 615 4920 atque
643 4845 861 4922 ethnici
892 4845 1514 4922 dogmatis'adrrﬁstio.
1540 4845 1700 4922 Quis
1722 4845 1904 4917 igitur
1931 4846 1993 4899 in

331 4918 614 4978 animum
635 4921 745 4976 sibi
763 4918 1372 4978 inducatClementem
1393 4918 1876 4987 Alexandrinum,
1900 4931 1995 4971 ne-

332 4993 511 5050 mine
538 4994 704 5063 prius
724 4993 1048 5064 admonito,
1073 5010 1202 5048 eam
1227 4993 1697 5064 lucubrationem
1718 5006 1822 5061 pro
1844 4992 1999 5044 octa-

328 5081 417 5120 vo
457 5062 633 5143 quem
674 5062 1401 5143 promiserat,_Stromatum
1421 5062 1569 5143 libro
1592 5064 1845 5143 dedisse,
1869 5075 1996 5143 quis

332 5154 374 5194 ει
411 5132 641 5210 septem
674 5132 807 5192 aliis
842 5137 1191 5210 nongminus
1223 5152 1401 5210 quam
1433 5133 1640 5191 caelum
1672 5138 1876 5190 aterra
1907 5132 1996 5186 di-

335 5211 492 5270 stat,
524 5207 814 5278 planeque
845 5208 1096 5264 dissidet
1122 5210 1143 5262 ἒ

420 5274 615 5335 Nescii
646 5274 1015 5351 quidemnon
1049 5296 1255 5336 sumus
1271 5274 2000 5351 haecipsiusmetClemep-

332 5350 440 5427 tis
458 5366 587 5427 esse
617 5345 682 5406 in
706 5352 946 5427 septimi
980 5352 1330 5427 Str-amatum
1374 5345 1511 5405 libri
1533 5349 1657 5427 _f_i_ne
1699 5347 1877 5427 verba
1984 5360 1997 5398 :

337 5444 373 5474 α
410 5423 604 5493 Atque
651 5418 796 5479 adeo
828 5428 962 5494 post
990 5423 1151 5495 hunc
1182 5423 1502 5495 septimum
1533 5420 1751 5495 librum
1804 5418 1875 5472 de
1905 5418 2003 5495 iis,

337 5489 897 5565 quas—sequuntur,
951 5494 1110 5551 aliud
1145 5489 1439 5550 sunianus
1479 5491 1804 5565 exordium:
1845 5489 2008 5565 »_At

342 5558 948 5637 derterquantumvis
988 5567 1199 5621 dixerit
1242 5566 1538 5637 diversum
1573 5563 1645 5618 ab
1700 5559 1834 5637 aliis
1888 5558 2009 5614 fore

342 5636 548 5693 octavi
580 5632 675 5693 sui
730 5638 1073 5695 Stromatum
1102 5637 1238 5693 libri
1296 5635 1624 5701 exordium,
1686 5632 1778 5688 cui
1811 5634 2007 5701 tamen

342 5707 642 5765 credibile
694 5709 792 5765 ﬁet
834 5709 1214 5778 Clementem,
1250 5707 1486 5763 nemine
1512 5700 1684 5778 ullibi
1726 5702 1893 5775 prius
1925 5700 2013 5755 uti

339 5780 817 5852 observavimus,
876 5797 1139 5852 unquam
1184 5776 1653 5852 commonefacto
1693 5788 2011 5852 argumen-

339 5856 486 5909 tum
521 5850 582 5907 in
613 5867 681 5908 eo
709 5844 913 5909 octavo
949 5844 1098 5908 libro
1131 5849 1608 5924 pertractavisse,
1656 5847 1730 5902 ab
1760 5844 2011 5901 aliorum

1186 5969 1215 6036 δ
1244 5968 1297 6022 4,
1375 5965 1419 6001 93
1452 5963 1564 6021 ιοο,
1624 5961 1723 6036 cit.
1799 5960 1855 6036 °‘_
1901 5959 2140 6036 dissert.
2200 5974 2397 6036 super.
2429 5955 2657 6036 2,_c._2,
2716 5961 2828 6013 art.
2854 5957 2915 6036 _3_,
2949 5957 3224 6036 p.“890‘.-
3262 5958 3308 5994 "
3338 5957 3378 6018 l.
3412 5975 3515 6034 vn,
3545 5976 3605 6034 p.
3646 5959 3776 6018 767.

334 6040 387 6079 9‘
418 6027 641 6099 Strém.
672 6038 714 6096 l.
746 6056 834 6111 ιιι,
868 6056 925 6112 p.
956 6040 1058 6097 431
1093 6042 1150 6097 et
1178 6027 1303 6096 Ιῖ34.
1381 6037 1424 6075 ⁸⁷
1453 6039 1482 6107 §
1508 6037 1561 6093 3.
1639 6033 1684 6071 ⁸³
1713 6030 1882 6090 Paul.
1914 6031 1973 6089 ad

2088 6030 2152 6090 ib.
2182 6027 2382 6103 11,13,
2413 6031 2472 6087 et
2500 6027 2525 6085 Ι
2555 6027 2709 6087 Petr.
2743 6044 2809 6085 ιι.
2844 6030 2933 6090 11.

425 5967 468 6039 1"
531 5982 588 6039 p.
646 5967 748 6039 155
776 5971 833 6024 et
884 5969 1005 6023 174.
1084 5968 1129 6003 οι

643 6165 909 6230 Peraea.
955 6159 1068 6224 Ga.
1111 6157 1220 6221 1x.

2112 4698 2280 4773 tratis
2311 4698 2663 4773 amittimus,
2706 4698 2787 4753 ita
2825 4698 3167 4773 paenitentia
3197 4705 3255 4756 et
3283 4698 3520 4773 pietate,
3556 4698 3639 4759 'ac
3662 4698 3761 4759 di-

2111 4771 2253 4846 vina
2306 4770 2517 4846 gratia,
2598 4785 3039 4846 recuperamus.
3087 4770 3642 4846 Quaprbpterhum
3700 4774 3762 4830 in

2104 4842 2320 4916 gratia,
2358 4848 2424 4898 ut
2457 4843 2645 4916 aiunt,
2677 4842 3084 4916 sanctificante
3112 4842 3364 4900 mortem
3396 4845 3655 4915 obimus,
3688 4845 3761 4900 ad

2106 4913 2401 5000 caelestem
2458 4913 2713 4986 patriam
2747 4913 2937 4971 redire
2968 4915 3128 4973 haud
3160 4933 3404 4989 prorsus
3434 4913 3646 4989 inepte
3668 4917 3763 4973 di—

2105 5002 2317 5045 clmur.

2177 5057 2304 5113 Non
2363 5055 2579 5129 potiori
2610 5056 2838 5129 ratione
2893 5058 3169 5113 eumdem
3202 5057 3469 5129 Origenis
3498 5074 3757 5115 errorem

2106 5143 2313 5201 sapere
2370 5128 2887 5201 ’arguunturrhaec
2915 5129 3109 5185 adhuc
3164 5130 3237 5184 de
3289 5130 3465 5187 divite
3509 5131 3766 5187 auctoris

2110 5199 2293 5256 nostri
2323 5199 2500 5255 verba
2519 5200 2597 5254 ονε
2659 5222 2679 5250 αι
2703 5200 2761 5272 »Α
2790 5199 2965 5272 culpa
2997 5201 3282 5272 remutius
3312 5205 3423 5272 est,
3473 5201 3525 5256 si
3559 5203 3763 5257 statim

2113 5290 2146 5328 Β.
2175 5274 2287 5327 Deo
2310 5272 2606 5346 praebente
2622 5270 2910 5346 animam,
2939 5270 3157 5346 dudm?)
3194 5271 3763 5346 βεοῦτὴγλψρχὴνίνε-

2119 5362 2340 5415 μοντος,
2373 5344 2432 5398 in
2456 5343 2699 5417 domum
2721 5342 3016 5417 ejusmodi
3048 5342 3357 5417 hominum
3384 5342 3768 5417 (divit'um)ge

2115 5411 2347 5486 nusque
2396 5413 2698 5486 copiosum
2749 5411 3065 5485 ἐῗσῳκίσθη,
3100 5411 3399 5470 inductus
3436 5420 3549 5484 est,
3581 5437 3610 5466 »
3654 5411 3769 5484 v61,

2116 5484 2372 5541 utvertit
2393 5484 2802 5557 Cariopbylus,
2829 5486 3137 5541 immissus
3151 5490 3263 5541 est.
3280 5486 3422 5541 Cum
3446 5486 3529 5542 ibi
3552 5488 3772 5542 etenim

2119 5559 2318 5615 anima
2348 5556 2788 5630 dicaturaDeo
2837 5556 3106 5628 praeberi,
3138 5557 3249 5630 hoc
3281 5562 3444 5613 certe
3491 5558 3774 5630 loquendi

2120 5630 2295 5685 modo
2325 5633 2526 5700 aperte
2556 5627 2925 5700 significatur
2947 5643 3145 5700 eamga
3176 5628 3293 5684 Deo
3321 5630 3530 5697 creari;
3550 5627 3616 5686 ac
3647 5632 3781 5700 post

2122 5716 2294 5773 suam
2317 5698 2672 5773 creationem
2695 5698 2755 5753 in
2779 5698 3270 5773 domumdivitiis
3298 5706 3357 5773 et
3378 5700 3592 5773 opibus
3615 5698 3782 5757 locu-

2122 5771 2404 5845 pletatam
2453 5770 2677 5845 induci,
2724 5775 2801 5840 et,
2835 5771 2884 5826 si
2931 5770 3099 5845 velis,
3142 5769 3514 5845 immitti.'At
3565 5773 3784 5845 frustra

2126 5841 2290 5912 sane,
2322 5858 2390 5900 ac
2420 5841 2592 5915 plane
2623 5856 2930 5914 perperam
2961 5843 3073 5899 hoc
3103 5841 3309 5900 ultimo
3338 5844 3515 5901 verbo
3545 5844 3781 5918 signifi-

3028 6029 3074 6066 θ’
3103 6030 3132 6100 §
3157 6029 3248 6088 26.

3418 6148 3499 6209 46
