4118 6408
297 381 323 436 1
341 381 448 436 453

1476 383 1569 435 ΒΕ
1606 382 1794 436 ALIIS
1828 379 2041 434 CLEM.
2083 382 2298 435 ALEX.
2340 382 2553 437 OPER.

3584 395 3729 452 4454

295 507 482 587 fuisse
503 503 830 587 haereticos,
875 504 978 578 qui
1038 503 1240 587 citata,
1302 503 1388 561 uti
1445 505 1726 587 diximus,
1787 503 1955 587 Pauli
1987 506 2040 573 Α
2066 505 2262 587 veniat
2292 509 2350 587 et
2380 506 2714 587 comitetur,
2750 506 2980 587 nullam
2996 509 3176 587 plane
3206 513 3326 587 vim
3359 516 3596 576 afferri:
3629 523 3734 580 sed

296 580 495 645 verba,
523 579 593 633 de
635 577 861 648 angelis
894 577 1274 649 praepostere
1331 577 1708 648 explicantes,
1772 578 1958 632 multa

295 650 464 717 falsa,
497 650 758 705 absurda
787 654 844 704 et
864 649 1048 720 impia
1077 650 1429 705 eﬁ‘utierant.
1449 656 1524 705 At
1547 650 1816 721 quamvis
1836 650 1958 704 hinc

290 723 496 779 eadem
516 721 778 793 Apostoli
795 721 969 776 verba
989 722 1060 777 de
1083 723 1308 793 angelis
1323 722 1632 778 videantur
1653 739 1766 777 non
1786 736 1957 793 posse

292 793 507 866 accipi,
540 791 644 864 pro
677 791 851 848 solita
881 791 1273 848 nihilominus
1299 810 1407 850 sua
1438 794 1723 865 singulari
1758 791 1955 849 mode-

289 865 521 922 ratione
550 881 615 919 ac
648 865 938 920 modestia
969 867 1174 921 doctor
1207 866 1302 920 ille
1335 866 1586 921 eximius
1617 867 1833 920 fatetur
1855 881 1954 920 eos

289 954 412 993 non
444 953 576 992 esse
606 941 828 992 temere
857 937 1358 1003 condemnandos,
1391 938 1488 1007 qui
1520 937 1620 992 illa
1650 938 1822 992 modo
1855 937 1957 992 ali-

289 1026 434 1081 quo,
469 1024 575 1064 nec
606 1008 811 1079 impio,
855 1025 960 1064 nec
1003 1010 1258 1064 absurdo
1309 1009 1525 1064 fuerint
1565 1009 1952 1080 interpretati,

285 1085 472 1137 Porro
501 1084 699 1135 autem
729 1086 937 1136 auctor
969 1085 1167 1136 noster
1188 1081 1376 1137 obiter
1392 1085 1627 1136 tantum
1659 1082 1727 1136 ad
1748 1082 1951 1136 eadem

283 1154 450 1209 sicut
479 1153 764 1219 vidimus,
793 1153 1057 1224 Apostoli
1089 1155 1266 1209 verba
1298 1152 1690 1222 collineando,
1722 1169 1791 1208 ea
1824 1153 1952 1208 bre-

283 1226 534 1280 vissime
557 1224 628 1278 de
653 1224 879 1295 angelis
901 1224 1199 1294 explicuit.
1225 1225 1440 1279 Verum
1463 1226 1541 1279 ibi
1567 1225 1804 1295 penitus
1821 1224 1956 1278 silet

283 1314 410 1369 quo
444 1312 623 1369 sensu
646 1295 1024 1369 intelligenda
1043 1311 1171 1369 esse
1195 1297 1506 1368 putaverit,
1537 1301 1636 1351 aut
1657 1297 1976 1369 quomodo.

285 1367 777 1441 angeliamundi
811 1367 1064 1423 vanitate
1102 1367 1539 1441 liberabuntur.
1597 1367 1720 1432 Quo
1776 1368 1958 1441 igitur

278 1439 421 1512 .jure
451 1439 564 1495 dici
597 1443 792 1512 potest
823 1456 891 1495 ea
920 1455 1097 1512 pravo
1130 1457 1195 1495 ac
1229 1440 1498 1496 haretico
1530 1455 1709 1495 sensu
1734 1439 1822 1512 ab
1853 1457 1955 1495 au-

288 1511 452 1568 stere
467 1516 668 1583 nostro
688 1511 869 1567 fuisse
887 1511 1121 1583 accepta
1136 1512 1164 1566 ?
1186 1511 1382 1568 Satius
1402 1511 1812 1582 estAugustiui
1833 1528 1952 1566 mo-

292 1583 543 1655 destiam
569 1582 812 1652 imitari,
829 1599 934 1638 nec
948 1599 1016 1638 eu
1029 1582 1081 1638 in
1097 1585 1509 1650 condemnare,
1525 1583 1763 1655 quiquo
1778 1599 1952 1640 sensu

285 1654 552 1728 Apostoli
581 1655 761 1728 verba
791 1655 1168 1721 intellexerit,
1206 1659 1362 1711 certo
1393 1655 1528 1728 sciri
1549 1654 1681 1728 inon’
1741 1661 1949 1727 potest.

366 1727 861 1798 Pelagianismum
893 1732 1089 1783 autem
1122 1727 1279 1783 olere
1311 1727 1622 1794 Ghislerio,
1653 1728 1740 1783 vel
1773 1729 1949 1783 etiam

281 1799 598 1870 Cariphylo
626 1799 899 1854 videntur
951 1799 1071 1854 haec
1121 1799 1376 1855 auctoris
1435 1801 1622 1854 nostri
1679 1800 1945 1854 verba":

2067 594 2135 632 ea
2163 577 2337 652 efﬁci,
2371 583 2435 633 ut
2463 578 2644 652 libere
2674 585 2826 651 agat,
2862 598 2928 637 ac
2967 577 3156 640 libera
3205 585 3508 646 voluntate
3562 577 3731 652 aster:

2069 667 2207 724 nam
2240 649 2490 724 salutem
2525 649 2910 724 adipiscatur.

2137 721 2369 809 Nodum
2409 739 2589 809 lporro
2631 721 2692 777 in
2723 724 2912 809 scirpo
2971 725 3013 780 ii
3067 732 3223 809 certe
3280 738 3572 809 quarunt,
3623 739 3726 809 qui

2064 792 2268 866 volunt
2291 792 2587 866 auct—orem
2616 792 2881 852 nostrum
2918 799 3101 854 errori
3149 792 3604 862 Novatianorum
3630 792 3724 866 his

2067 864 2400 948 praelusisse
2430 867 2660 948 verbis”
2685 885 2733 921 :«
2761 869 2821 948 _Si
2855 869 3058 948 quis...
3092 872 3239 948 forte
3261 891 3365 944 per
3423 864 3722 948 ignorasti;

2064 937 2232 1022 tiam,
2260 943 2362 991 aut
2392 939 2524 1022 vites
2556 955 2728 1022 casus
2758 937 3204 1022 involuntarios,
3238 937 3373 1022 post
3433 937 3719 1022 signacu-

2064 1009 2211 1094 lum,
2246 1006 2534 1094 cepaﬁr‘ia,
2569 1018 2627 1065 et
2657 1010 3059 1094 liberationem
3082 1033 3126 1094 .a
3157 1006 3429 1094 peccatis,
3456 1006 3526 1094 iii
3581 1039 3716 1094 pec-

2065 1091 2214 1150 cata,
2239 1081 2573 1165 seu‘debita
2605 1081 2916 1165 prolapsus
2948 1081 3260 1165 fueritfita
3292 1095 3355 1144 ut
3384 1081 3502 1148 illis
3550 1081 3720 1165 p‘ror-

2066 1169 2168 1207 sus
2201 1154 2451 1234 obrutus
2484 1153 2734 1234 sit,_isﬁa
2759 1155 2882 1234 _Deo
2899 1158 3144 1234 penitus
3181 1163 3436 1230 rejectus
3485 1153 3597 1234 est,
3649 1183 3716 1222 ac

2066 1226 2350 1295 reprobus
2383 1225 2632 1281 exsistit.
2665 1225 2945 1298 Quisquis
2976 1229 3133 1284 enim
3167 1225 3382 1287 ex'toto
3420 1225 3595 1291 corde
3642 1239 3714 1292 ad

2069 1298 2657 1380 Dearti-convertitur,
2692 1299 2961 1380 portae_ei_
2985 1305 3194 1380 apertae
3228 1308 3386 1374 sunt,
3438 1309 3716 1380 suscipit-

2067 1385 2180 1449 que
2211 1369 2606 1449 libentissime
2639 1369 3035 1449 animo_Pater
3066 1373 3254 1449 tilium
3278 1369 3407 1449 vere
3428 1369 3712 1449 pmnit‘en-

2065 1445 2204 1518 tem.
2233 1442 2464 1518 »_Quod
2496 1441 2671 1510 enim,
2705 1442 2915 1518 amabo
2940 1447 3024 1518 _t_e_,
3046 1443 3133 1518 vel
3169 1441 3507 1518 minimum,
3533 1451 3718 1507 Nova-

2065 1511 2238 1592 tiante
2274 1512 2562 1592 haereseos
2590 1513 2902 1592 vestigium
2936 1515 3016 1569 ibi
3059 1517 3426 1592 deprehendi
3475 1511 3720 1592 potest?

2064 1583 2841 1663 Quid_ad_reniittendorum
2873 1583 3252 1663 peccatorum
3279 1583 3550 1663 negatam
3604 1594 3718 1650 mi-

2063 1655 2269 1710 nistris
2303 1654 2568 1732 Ecclesiae
2597 1654 2969 1726 potestatem,
3034 1659 3189 1731 quod
3240 1654 3422 1732 hujus
3481 1663 3718 1722 haeresis

2062 1732 2240 1808 caput
2269 1732 2414 1808 erat,
2549 1733 2654 1808 aut
2683 1733 2910 1808 spectat
2927 1734 3027 1808 aut
3044 1726 3274 1808 accedit
3293 1726 3497 1808 ‘leirbil
3521 1737 3714 1808 plane.

2060 1802 2186 1874 Non
2220 1799 2377 1854 enim
2409 1799 2566 1874 aliud
2601 1806 3036 1874 auctorrnoster
3062 1802 3132 1857 iis
3157 1804 3352 1859 verbis
3373 1806 3486 1861 sibi
3511 1799 3716 1874 voluit,

280 1869 537 1956 «_liomo
567 1869 692 1942 ipse
726 1887 759 1924 a
788 1887 851 1926 se
868 1886 1108 1956 ‘suaque
1137 1872 1352 1956 virtute
1381 1887 1617 1942 operam
1678 1888 1931 1956 poneﬂus,
1964 1873 2011 1938 B
2047 1870 2163 1953 nisi
2194 1887 2352 1956 eum,
2387 1871 2489 1941 qui
2515 1871 2580 1956 in
2613 1872 3256 1956 peccatis‘perseverat,
3299 1879 3504 1934 tandiu
3537 1897 3570 1934 a
3599 1869 3715 1936 Deo

279 1943 694 2014 studensque,
745 1942 1185 2014 acilaborans,
1249 1947 1313 1998 ut
1369 1944 1723 2014 compressis
1756 1943 1922 2014 patie-

280 2014 524 2085 ctibus,
558 2011 889 2084 'tranquilli
947 2015 1129 2069 animi
1191 2014 1293 2069 fiat
1350 2013 1440 2067 καὶ
1505 2011 1946 2085 ίδιαπονούμενος

281 2084 576 2154 ἀπάθειαν,
641 2086 788 2141 nihil
849 2086 984 2140 inde
1062 2090 1342 2156 praestat;
1399 2087 1489 2142 sin
1564 2084 1948 2156 autem’ejus

331 2157 483 2214 alam
513 2157 594 2216 rei
629 2157 920 2213 desiderio
976 2158 1380 2213 vehementius
1437 2159 1790 2222 inardescat,
1852 2159 1946 2214 di-

323 2230 724 2302 igentiamque
766 2230 1343 2302 omnemadhibeat,
1403 2232 1686 2302 adjuncta
1716 2230 1800 2284 illi
1856 2231 1946 2302 di-

291 2298 438 2373 vina
486 2298 718 2371 virtu—te,
770 2301 840 2372 τῇ
872 2300 1158 2373 προσθήκῃ
1206 2302 1305 2368 τῆς
1333 2298 1492 2370 παρᾶ
1533 2305 1630 2355 τοῦ
1661 2305 1795 2354 Θεοῦ
1853 2298 1944 2354 δυ-

289 2370 532 2445 νάμεως.
563 2370 756 2445 evadit
783 2370 1050 2428 votorum
1083 2370 1346 2444 campos.
1383 2379 1533 2430 Deus
1556 2390 1812 2445 namque
1843 2391 1944 2428 vo-

288 2444 554 2500 lentibus
582 2444 797 2500 animis
827 2445 1067 2514 aspirat.
1093 2466 1120 2495 »
1153 2447 1225 2500 At
1253 2451 1486 2500 tantum
1510 2446 1696 2512 abest,
1725 2444 1793 2499 ut
1823 2446 1945 2500 haec

285 2516 788 2588 Pelagianismum
816 2516 1071 2572 redolere
1091 2517 1479 2572 Combefisius
1501 2517 1942 2587 existimaverit;

283 2587 666 2661 quin/potius
697 2604 914 2660 magna
945 2588 1056 2659 ipsi
1089 2588 1401 2661 videantur
1422 2590 1620 2661 gratia
1653 2605 1946 2645 commen-

283 2659 454 2715 datio
485 2659 785 2729 nostrique
809 2659 883 2714 ad
929 2677 1054 2716 eam
1112 2660 1297 2716 libera
1343 2659 1640 2717 voluntate
1697 2667 1943 2716 conatus

288 2730 624 2802 explicatio.
660 2735 804 2786 Nam
836 2731 940 2797 ibi,
972 2731 1187 2802 inquit,
1221 2732 1483 2789 humana
1513 2732 1785 2788 voluntas
1818 2735 1947 2787 sine

278 2803 483 2876 gratia
497 2805 916 2876 pexcitanterita
941 2802 1171 2876 inutilis
1200 2803 1549 2876 declaratur,
1579 2809 1784 2859 ut-non
1819 2805 1945 2876 sine

289 2873 444 2948 novo
494 2874 596 2948 Dei
640 2874 868 2948 auxilio
927 2875 1029 2931 ﬁat
1082 2874 1318 2931 virtutis
1374 2873 1636 2948 compos,
1697 2881 1756 2931 et
1809 2873 1946 2929 ἀπά-

287 2947 464 3011 θειαν,
498 2945 881 3016 adipiscatur.

367 3019 477 3074 Sed
502 3019 755 3089 ingenue
775 3017 1079 3074 fatendum
1095 3021 1185 3074 est
1205 3018 1501 3089 duplicem
1517 3034 1646 3074 esse
1663 3034 1835 3089 posse
1851 3035 1948 3074 au-

285 3090 472 3145 ctoris
503 3090 690 3146 nostri
708 3091 1019 3145 verborum
1044 3089 1489 3161 explicationem
1513 3095 1571 3146 et
1601 3107 1864 3146 sensum.
1882 3091 1949 3145 Et

283 3161 483 3234 primo
496 3162 737 3233 quidem
751 3161 1083 3232 significare
1097 3163 1657 3233 possuntbominem
1671 3163 1945 3234 nimirum

2062 1942 2222 2012 rejici
2253 1947 2310 1996 et
2341 1942 2661 2013 reprobari,
2694 1942 2956 2014 quandiu
2981 1945 3052 2000 iis
3109 1947 3359 2003 obrutus
3418 1950 3609 2007 fuerit.
3643 1954 3718 2007 At

2061 2014 2158 2070 ubi
2191 2015 2262 2068 ad
2284 2019 2469 2069 Deum
2497 2030 2565 2069 ex
2620 2018 2741 2070 toto
2787 2017 2964 2088 corde
3021 2018 3398 2088 convertitur,
3464 2027 3519 2078 et
3575 2039 3714 2079 eum

2058 2091 2432 2161 peccatorum
2465 2102 2596 2141 vere
2644 2087 2966 2161 paenitebit,
3002 2093 3129 2161 tum
3163 2106 3196 2145 a
3249 2087 3415 2148 Patre
3473 2099 3712 2161 aeterno,

2058 2157 2151 2236 qui
2187 2157 2394 2236 salutis
2419 2162 2615 2228 portas
2635 2158 2734 2236 illi
2766 2159 3006 2236 aperiet,
3037 2160 3191 2216 illico
3223 2164 3602 2236 suscipiatur.
3647 2157 3712 2222 In

2055 2229 2248 2284 Graeco
2280 2235 2481 2284 autem
2515 2231 2773 2286 auctoris
2796 2229 2984 2287 nostri
3015 2236 3177 2287 textu
3213 2235 3362 2289 nihil
3389 2229 3546 2292 'cum
3601 2237 3713 2294 Ca-

2057 2300 2321 2373 riophylo
2370 2303 2812 2377 immutandum
2861 2308 3003 2377 e_st,_
3035 2306 3516 2377 quandoquidem
3559 2309 3711 2366 nihil

2055 2372 2297 2449 prorsus
2330 2372 2442 2427 nisi
2472 2389 2674 2449 verum
2707 2379 2763 2449 et
2792 2372 3148 2449 catholicum
3180 2372 3602 2449 complectitur.

2126 2445 2275 2508 Quid
2309 2446 2669 2518 vero.rquod_
2717 2446 2854 2500 huic
2886 2452 3101 2502 nostra?
3159 2445 3534 2518 explicationi
3595 2468 3713 2507 non

2057 2515 2612 2594 parumrroboriset
2641 2515 2993 2594 firmamenti
3016 2518 3188 2594 __inde
3219 2515 3518 2593 adjicitur,
3553 2524 3710 2594 quod

2055 2590 2128 2666 ab
2161 2593 2397 2644 auctore
2429 2588 2872 2666 nostro_diserte
2905 2591 3188 2666 traditum
3223 2588 3428 2666 postea
3459 2588 3717 2666 legi-mus

2056 2659 2343 2736 latronem
2377 2676 2443 2714 ac
2475 2658 2778 2736 sicarium,
2801 2677 2935 2736 vera
2967 2658 3327 2736 pmnitentia,
3364 2658 3550 2736 quasi
3571 2667 3721 2722 alter

2056 2733 2310 2807 quodam
2333 2730 2718 2807 baptismate,
2741 2749 2775 2787 a
2803 2730 3030 2807 Joaniie
3062 2730 3417 2807 evangelista
3447 2737 3717 2794 Ecclesiae

2057 2805 2397 2867 restitutum
2422 2803 2604 2858 fuisse
2627 2803 2654 2856 ?
2685 2802 3074 2866 Quamobrem
3108 2802 3456 2864 ille'ibidem
3488 2810 3722 2865 addidit

2055 2875 2116 2950 in
2147 2874 2246 2930 illo
2277 2874 2506 2930 ostendi
2534 2874 2577 2908 ίο
2606 2890 2953 2950 «dmagnum
2987 2877 3228 2950 sinceras
3258 2879 3639 2950 poenitentiae,
3661 2889 3720 2937 et

2058 2949 2276 3002 iterata:
2344 2947 2829 3018 regenerationis,
2872 2948 3095 3018 grande
3152 2947 3720 3017 documentum,'ac

2057 3019 2384 3088 conspicuas
2419 3017 3212 3089 resurrectionis’tropaeum.
3237 3043 3265 3073 ››
3302 3023 3526 3087 Quibus
3579 3041 3723 3080 sane

2055 3090 2250 3165 verbis
2273 3089 2634 3165 Novatianus
2665 3106 2824 3144 error
2855 3091 3138 3146 radicitus
3170 3097 3539 3165 amputatur.
3575 3097 3722 3152 Vera

2059 3163 2351 3237 siquidem
2385 3165 2442 3216 et
2473 3161 2702 3237 sincera
2726 3167 3121 3237 peccatorum.
3144 3161 3594 3237 post'baptisma
3619 3168 3720 3222 ad-

299 3231 572 3310 divitem,
600 3234 670 3288 de
701 3231 832 3310 quo:
851 3238 1056 3289 auctor
1086 3231 1286 3310 noster
1316 3235 1785 3310 dispu_tat,_tunc
1815 3231 1958 3310 dai-
1992 3237 2034 3302 ρ
2065 3231 2410 3299 missorum,
2437 3231 2788 3310 poenitentia
2814 3235 2984 3304 quasi
3031 3231 3178 3310 alter
3234 3231 3476 3307 quidam
3524 3239 3720 3310 bapti-

291 3305 472 3367 Θειαν.
504 3306 1032 3377 perturbationum,
1095 3307 1215 3361 sive
1248 3306 1407 3376 pravi
1466 3306 1803 3361 divitiarum
1860 3307 1955 3360 de-

293 3377 504 3434 siderii
531 3378 881 3432 vacuitatem
914 3381 972 3432 et
1003 3377 1443 3433 immunitatem
1475 3379 1775 3448 consequi,
1822 3394 1957 3433 cum

294 3449 442 3506 totis
472 3449 798 3521 connititur
827 3448 1070 3513 viribus,
1105 3465 1481 3521 omnemque,
1518 3455 1582 3505 ut
1639 3449 1798 3505 illius
1855 3466 1956 3504 ex-

291 3537 442 3594 pers,
465 3524 522 3576 et
551 3521 699 3594 liber
729 3520 829 3594 sit,
863 3521 1231 3594 diligentiam
1258 3520 1518 3594 adhibet,
1553 3526 1730 3592 atque
1761 3521 1960 3576 divina

289 3592 494 3673 gratia
517 3592 568 3647 ei
600 3592 847 3660 accedit,
880 3595 936 3648 et
967 3593 1226 3648 additur.
1259 3592 1767 3676 Verbum_etenim
1796 3611 1960 3666 προσ-

294 3664 447 3732 θήκη
481 3663 638 3718 idem
664 3669 836 3720 sonat
866 3668 1043 3734 atque
1073 3670 1461 3734 augmentum
1488 3705 1502 3731 ,
1526 3671 1959 3720 incrementum

1488 3705 1502 3731 ’

297 3742 364 3793 et
395 3737 679 3808 accessio.
723 3737 848 3808 Quo
880 3736 1122 3806 quidem
1151 3753 1328 3791 sensu
1389 3737 1825 3808 signiﬁcaretur
1874 3739 1964 3792 di-

292 3809 498 3864 vinam
534 3807 1100 3879 gratiamhumanis
1163 3807 1475 3863 conatibus
1523 3810 1850 3879 praeveniri,
1908 3811 1965 3864 et

299 3880 441 3936 istis
474 3884 677 3950 postea
697 3878 893 3950 adjici.
919 3881 991 3934 At
1014 3880 1106 3935 hic
1130 3896 1364 3947 sensus,
1388 3879 1495 3936 etsi
1513 3878 1629 3935 non
1649 3880 1967 3950 ipsummet

298 3951 823 4077 Pflagéailiifmum,
859 3950 1066 4006 saltem
1101 3951 1776 4024 semi-Pelagianismum
1812 3952 1967 4024 sapit

303 4042 338 4077 θ
403 4039 467 4077 re
513 4038 544 4077 ο
569 4039 599 4077 e
631 4065 643 4077 .

303 4029 370 4082 et
403 4028 643 4078 redolet.

379 4095 688 4166 Secundus
717 4110 852 4150 vero
885 4109 1097 4149 sensus
1128 4111 1256 4151 esse
1291 4098 1483 4166 potest
1534 4095 1836 4151 hominem
1895 4095 1967 4150 ad

299 4169 465 4224 hanc
492 4165 776 4232 ἀπάθειαν,
810 4183 912 4222 seu
947 4166 1108 4238 pravi
1169 4165 1509 4222 divitiarum
1566 4168 1810 4223 affectus
1866 4184 1967 4222 va—

299 4239 593 4297 cuitatem
629 4238 947 4307 pervenire,
980 4239 1218 4309 quando
1251 4238 1334 4293 illi
1367 4240 1649 4307 adjuncta
1705 4243 1816 4307 est,
1866 4255 1967 4294 seu

301 4310 654 4382 conceditur
683 4310 877 4365 divina
908 4310 1129 4382 gratia,
1153 4313 1257 4365 aut
1304 4311 1507 4382 gratias
1566 4311 1972 4380 praevenientis

303 4381 678 4463 adjutorium
705 4399 718 4436 :
755 4382 1077 4463 atquehac
1105 4381 1433 4463 divinaéope
1449 4382 1711 4463 adjutus,
1735 4397 1969 4463 omnem

305 4452 554 4527 operam
584 4452 878 4527 impendit
899 4458 965 4508 ut
1013 4452 1174 4507 illam
1223 4452 1483 4527 ἄπάθὲιαγ
1535 4453 1816 4527 obtineat.
1871 4453 1974 4527 Hic

301 4523 510 4585 autem
541 4523 754 4581 sensus
790 4526 1157 4596 plauesanus
1180 4529 1270 4580 est
1286 4529 1344 4580 et
1375 4525 1772 4596 orthodoxus.
1792 4523 1973 4594 Atqui

2064 3322 2229 3361 smus
2261 3320 2390 3360 esse
2421 3305 2657 3376 dicitur,
2692 3310 2927 3376 propter
2958 3305 3408 3376 quzimJoa'nnes
3434 3305 3721 3366 latronem

2061 3377 2332 3433 Ecclesiae
2353 3375 2670 3444 κατέστησε,
2697 3374 2814 3431 seu
2841 3374 3262 3447 ἀπεκᾶτέστησε,
3323 3403 3352 3431 ‹‹
3387 3383 3666 3438 restituit.
3694 3404 3722 3431 ››

2064 3450 2226 3515 Quod
2260 3448 2500 3519 quidem
2531 3448 2794 3502 Graecum
2822 3450 3087 3516 verbum,
3122 3457 3186 3506 ut
3215 3453 3274 3506 id
3306 3453 3492 3508 obiter
3522 3455 3726 3510 obser-

2064 3537 2291 3584 vemus,
2325 3519 2477 3575 male
2509 3536 2771 3588 prorsus,
2806 3521 2959 3576 sicut
2985 3522 3055 3576 ab
3089 3523 3219 3578 aliis
3243 3520 3723 3581 animadversum

2066 3597 2157 3649 est
2184 3633 2198 3657 ,
2232 3592 2480 3646 Ruﬁnus
2507 3591 2734 3660 Latino,
2769 3611 2797 3641 «
2823 3593 3100 3662 praefecit,
3130 3617 3158 3645 »
3192 3596 3550 3652 reddiderat.
3578 3596 3723 3653 Nam

2064 3666 2320 3741 Joannes
2353 3664 2870 3741 facinorossimum
2912 3665 3122 3734 furem,
3183 3668 3568 3741 quantumvis
3601 3686 3727 3741 pcn-

2068 3738 2372 3796 nitcntem,
2405 3752 2523 3790 non
2583 3734 2740 3789 illico
2773 3741 2979 3792 contra
3031 3734 3249 3794 statam
3284 3743 3342 3796 et
3395 3734 3723 3796 solemnem

2068 3807 2538 3884 coaposlolorum
2562 3823 2805 3884 suorum
2824 3809 3201 3880 disciplinam
3228 3833 3256 3861 «
3281 3812 3542 3884 praefecit
3565 3838 3586 3867 ι
3614 3819 3726 3870 Ec-

2070 3878 2280 3948 clesiae,
2305 3879 2406 3935 sed
2441 3901 2468 3930 «
2493 3878 2770 3934 restituit.
2797 3901 2826 3928 ››

2141 3951 2355 4007 Nullus
2385 3951 2568 4022 igitur
2586 3953 2629 3986 ίί
2654 3951 2824 4026 nobis
2847 3951 3102 4023 amplius
3124 3953 3458 4026 insusurret
3478 3955 3730 4026 hujusce

2072 4025 2205 4079 libri
2228 4026 2524 4098 auctorem
2559 4023 3076 4098 esseClementem
3107 4023 3593 4098 _A1exandrinurn,
3627 4027 3730 4098 qui

2074 4098 2368 4160 Her-mam,
2402 4093 2830 4169 Novatianismi
2857 4095 3010 4149 haud
3064 4096 3238 4166 plane
3296 4099 3596 4154 immerito
3623 4093 3728 4169 po-

2077 4169 2384 4241 stulatum,
2406 4163 2542 4218 κατὰ
2571 4161 2713 4217 πόδα
2743 4161 3099 4241 subsecutus
3130 4174 3237 4222 est.
3281 4161 3730 4241 Utrumque'et-

2076 4240 2235 4296 enim
2267 4239 2323 4293 in
2358 4238 2468 4292 hoc
2498 4253 2692 4291 errore
2723 4236 2963 4292 minime
2993 4237 3253 4306 allisum,
3287 4239 3388 4308 ita,
3415 4236 3529 4296 nisi
3561 4256 3732 4296 mens

2079 4317 2280 4368 nostra
2309 4326 2416 4364 nos
2439 4307 2623 4376 fallat,
2657 4308 2964 4433 perspicue
2995 4307 3385 4377 ostendimus,
3417 4317 3484 4368 ut
3505 4312 3734 4380 nullus,

2079 4389 2136 4433 et
2167 4399 2239 4433 ne
2264 4382 2474 4433 doctus
2505 4378 2739 4433 quidem
2772 4379 2789 4433 i
2819 4380 2871 4433 le
2901 4380 3008 4433 vir.
3042 4382 3282 4433 (mihine
3303 4384 3474 4433 nobis
3495 4385 3734 4433 obiecit-

2078 4389 2136 4439 et
2167 4378 2739 4456 neudoctus‘quidem
2772 4378 2871 4456 ille
2901 4380 3008 4456 vir,
3042 4382 3282 4456 quibaec
3303 4384 3474 4440 nobis
3495 4378 3734 4456 objecit,

2079 4453 2376 4510 tantillum
2403 4450 2543 4522 quid
2566 4455 2766 4506 contra
2781 4450 2986 4507 allatas
3003 4470 3038 4510 a
3060 4450 3230 4511 nobis
3252 4456 3512 4513 rationes
3537 4450 3600 4512 in
3623 4450 3734 4512 me-

2081 4528 2247 4582 dium
2282 4522 2538 4594 potuerit
2564 4523 2870 4578 adducere.

305 4600 470 4673 hanc
500 4613 630 4652 esse
652 4589 907 4673 auctoris
926 4598 1117 4673 nostri
1143 4601 1395 4673 mentem
1419 4589 1778 4673 indeconﬁci
1805 4589 1977 4673 posse
2009 4611 2056 4673 ι)
2158 4589 2418 4673 Denique
2450 4598 2977 4673 auctorposterco
3000 4595 3195 4673 adhuc
3219 4598 3559 4673 corripitur,
3574 4598 3741 4673 quod

302 4670 570 4737 videtur,
603 4669 760 4740 quod
795 4669 890 4724 ille
913 4668 1142 4740 ibidem
1197 4669 1572 4740 probandum
1626 4669 1976 4740 susceperit,

305 4744 426 4799 hoc
457 4757 573 4796 non
596 4739 668 4796 ab
700 4739 1063 4812 hominibus,
1097 4741 1198 4795 sed
1230 4757 1264 4795 a
1293 4739 1417 4812 solo
1449 4746 1566 4812 Deo
1617 4756 1788 4812 posse
1811 4739 1978 4812 ﬁeri.

308 4813 566 4880 Quando
598 4812 799 4884 itaque
829 4811 912 4867 ibi
971 4812 1259 4880 addidit“,
1292 4808 1664 4940 Εουλομέναίς
1697 4810 1790 4883 μὲν
1818 4811 1918 4886 γὰρ
1953 4810 1981 4864 ὁ

309 4882 452 4940 Θεὸς
480 4887 600 4940 ταῖς
631 4885 840 4940 ψυγαῖς
870 4886 1205 4937 συνεπιπνεῖ’
1235 4906 1261 4934 ‹‹
1343 4885 1624 4939 eusenim
1648 4884 1980 4940 volentibus

309 4882 452 4946 Θεὸς
480 4887 600 4944 ταῖς
631 4882 840 4956 ψυχαῖς
870 4886 1205 4956 συνεπιψεϊ
1235 4906 1261 4934 ‹‹
1292 4882 1447 4956 Deus
1465 4885 1624 4939 enim
1648 4882 1980 4940 velantibus

309 4956 536 5014 animis
550 4956 965 5028 aspirat.»;sive
987 4955 1205 5028 potius,
1221 4955 1438 5011 «simul
1455 4956 1679 5026 aspirat
1691 4961 1747 5012 et
1763 4956 1982 5020 efflat,»

314 5043 520 5086 nonne
552 5027 646 5083 his
676 5027 872 5083 verbis
902 5027 1000 5082 ille
1032 5027 1291 5082 declarat
1323 5033 1504 5083 Deum
1541 5028 1871 5084 volentibus
1895 5029 1983 5082 di-

312 5101 512 5172 vitum
543 5099 761 5155 animis
793 5099 973 5172 simul
997 5099 1280 5169 aspirare,
1306 5100 1494 5172 gratia
1511 5100 1741 5172 scilicet
1767 5115 1982 5172 prave-

319 5171 523 5230 niente
554 5188 620 5226 ac
651 5171 1103 5237 concomitante,
1138 5187 1257 5242 qua
1278 5170 1510 5242 possint
1539 5171 1684 5227 illud
1703 5170 1986 5239 obtinere,

320 5245 487 5316 quod
522 5243 648 5316 sine
679 5259 746 5316 ea
775 5259 1082 5316 nunquam
1107 5243 1388 5316 consequi
1410 5245 1986 5316 possentBQuamob-

321 5313 454 5373 rem
489 5315 654 5387 prius
684 5315 812 5387 ipse
843 5315 1107 5387 dixerat:
1134 5336 1161 5364 α
1190 5316 1250 5370 in
1285 5313 1553 5387 homine,
1604 5320 1888 5386 tanquam
1921 5313 1987 5368 li-

325 5385 503 5452 bero,
528 5385 724 5441 libera
744 5389 871 5441 erat
899 5385 1226 5442 voluntatis
1259 5386 1465 5441 electio
1493 5406 1506 5454 ;
1541 5385 1601 5440 in
1636 5385 1750 5442 Deo
1793 5391 1990 5443 autem

325 5460 494 5523 dare,
527 5462 807 5529 tanquam
840 5456 1092 5513 Domino
1117 5462 1176 5512 et
1234 5458 1475 5513 arbitro.
1529 5458 1640 5512 Dat
1665 5463 1861 5514 autem
1893 5475 1991 5529 vo-

331 5529 615 5596 lentibus,
647 5528 703 5584 et
733 5545 969 5596 summo
1001 5529 1194 5584 studio
1221 5529 1631 5584 annitentibus
1660 5538 1715 5585 et
1771 5528 1996 5586 oranti-

334 5607 492 5668 bus;
527 5606 591 5655 ut
621 5601 706 5656 sic
737 5595 974 5656 illorum
1009 5600 1246 5671 propria
1270 5601 1512 5656 exsistat
1551 5601 1732 5657 salus.
1798 5602 1998 5672 Neque

332 5673 498 5730 enim
529 5673 686 5728 Deus
718 5674 873 5745 cogit
903 5671 1188 5745 342(vis
1237 5673 1395 5727 enim
1423 5673 1664 5745 inimica
1695 5678 1785 5728 est
1837 5671 1996 5744 Deo),

2093 4668 2296 4724 relicto
2324 4665 2392 4722 ac
2423 4667 2634 4737 rejecto
2665 4665 2908 4740 litterali
2942 4665 3430 4740 propositorum-a
3445 4689 3506 4728 se
3527 4665 3742 4728 Christi

2093 4740 2409 4814 verborum
2436 4755 2615 4814 sensu
2675 4754 2790 4814 non
2824 4737 3006 4814 alium
3031 4737 3207 4810 quam
3241 4743 3611 4814 spiritualem
3644 4745 3747 4798 ad-

2097 4813 2330 4886 mittere
2359 4811 2646 4886 videatur.
2679 4812 2738 4865 In
2771 4825 2839 4867 eo
2870 4810 3099 4886 quippe,
3129 4810 3536 4886 persequendo
3567 4815 3745 4886 paulo

2096 4884 2348 4939 nimium
2370 4883 2513 4958 ideo
2528 4882 2715 4958 fuisse
2746 4882 3146 4958 putan_t,__quia
3173 4886 3243 4940 de
3267 4882 3746 4958 bonorum,praa-

2094 4958 2352 5029 diorum_
2381 4958 2440 5029 et
2483 4954 2844 5029 divitiarum
2882 4954 3250 5012 abdicatione
3316 4960 3401 5014 sic
3448 4954 3746 5029 disputat,

2094 5027 2263 5100 quasi
2295 5025 2570 5100 Christus
2593 5025 2917 5097 discipulos
2948 5044 3089 5083 suos
3120 5029 3190 5083 ad
3224 5044 3352 5084 eam
3399 5025 3750 5100 adhortatus

2095 5098 2211 5156 non
2244 5098 2437 5153 fuerit.
2466 5099 2576 5152 Sed
2612 5103 3004 5170 praeterquam
3039 5100 3195 5169 quod
3249 5100 3450 5157 nullus
3480 5107 3591 5169 est,
3649 5099 3751 5170 qui

2099 5171 2324 5245 neseiat
2342 5174 2564 5245 veteres
2597 5169 3099 5245 Ecclesiaeliatres
3127 5171 3315 5242 magis
3342 5169 3754 5245 allegorico’et

2101 5242 2414 5314 spirituali,
2448 5257 2624 5312 quam
2655 5239 2892 5296 litterali
2917 5239 3426 5314 Scriptura—sensu
3446 5239 3752 5311 inhaerere,

2101 5317 2356 5385 ipsemet
2384 5319 2591 5385 auctor
2624 5317 2824 5368 noster
2880 5317 3076 5383 aperte
3109 5315 3355 5385 fatetur
3411 5317 3482 5372 ab
3541 5316 3755 5370 iisdem

2102 5383 2320 5442 Christi
2345 5383 2654 5457 discipulis
2683 5385 2893 5440 hamos
2926 5389 2984 5439 et
3012 5384 3177 5457 retia,
3203 5386 3431 5457 aliaque
3451 5388 3603 5444 bona
3626 5403 3756 5454 sua,

2106 5464 2173 5514 ut
2205 5457 2370 5512 illum
2428 5456 2844 5528 sequerentur,
2903 5456 3141 5525 penitus
3190 5456 3488 5515 derelicta.
3542 5457 3762 5514 Deinde

2104 5546 2242 5612 vero
2274 5529 2372 5612 ille
2403 5526 2696 5612 spirituali
2719 5526 3039 5612 _Scripturis
3071 5530 3270 5612 sensui
3298 5531 3528 5612 idcirco
3563 5529 3766 5612 potis-

2109 5603 2326 5658 simum
2357 5598 2603 5666 insistit,
2631 5599 2773 5670 quia
2806 5598 3046 5663 multos,
3082 5599 3166 5655 uti
3215 5598 3768 5669 animadvertimus,

2115 5671 2390 5729 litterulis
2420 5673 2735 5727 verborum
2767 5670 2984 5726 Christi
3016 5687 3230 5728 sensus
3262 5675 3334 5729 ad
3387 5680 3615 5730 eterna:
3651 5689 3770 5730 suae

335 5745 444 5816 sed
476 5743 874 5816 quzerentibus
903 5743 1222 5816 tribuit,ret
1251 5744 1589 5816 petentibus
1631 5745 1884 5816 praebet,
1945 5747 2005 5798 et
2112 5745 2321 5802 salutis
2372 5743 2840 5816 desperationem
2900 5743 3226 5816 redegerat.
3281 5746 3674 5809 Quamobrem
3707 5750 3774 5800 ut

335 5813 727 5946 Bulsantibus
757 5814 1019 5898 aperit.»
1054 5813 1281 5880 Quibus
1300 5831 1453 5898 sane
1482 5813 1677 5871 verbis
1708 5816 1804 5872 ille
1836 5813 2006 5872 docet
2114 5817 2246 5901 illos
2279 5833 2314 5871 a
2343 5813 2752 5897 desperatione
2773 5813 2845 5869 ad
2870 5830 3035 5886 spem
3048 5813 3375 5900 revocaret.
3392 5819 3773 5901 probandum

387 5903 576 5945 omini
606 5887 806 5944 diVina
833 5891 1044 5946 gratia.
1074 5891 1313 5944 tametsi
1336 5903 1472 5943 eum
1497 5892 1769 5946 agentem
1789 5892 1845 5945 et
1865 5905 2005 5946 nrae-
2115 5889 2230 5946 sibi
2260 5903 2390 5944 esse
2417 5886 2691 5946 credidit.
2721 5901 2841 5942 non
2871 5889 2995 5945 tam
3023 5904 3164 5946 ones
3196 5893 3256 5946 et
3283 5891 3550 5946 dmtias.
3591 5902 3773 5946 uuam

387 5887 576 5945 omini
606 5887 811 5944 divina
833 5887 1044 5958 gratia,
1074 5887 1313 5944 tametsi
1336 5903 1472 5943 eum
1497 5892 1769 5959 agentem
1789 5892 1845 5945 et
1863 5905 2005 5961 prae-

2115 5889 2230 5946 sibi
2260 5903 2390 5944 esse
2417 5886 2691 5956 credidit,
2721 5901 2841 5942 non
2871 5889 2995 5945 tam
3023 5904 3164 5960 opes
3196 5893 3256 5946 et
3283 5886 3550 5960 divitias,
3591 5902 3774 5961 quam

418 5985 616 6056 7§21.
692 5985 889 6054 8suo.
971 5985 1166 6055 °§39.
1245 5985 1471 6059 εαξη,
1551 5988 1594 6026 ιι
1635 5987 1790 6060 Ittig.
1825 5987 2052 6060 pmiat.
2083 5987 2148 6044 in
2170 5986 2328 6044 hunc
2362 5983 2498 6042 libr.
