4118 6398
319 391 455 448 1461

1485 401 1584 453 DE
1621 402 1813 454 ALIIS
1850 401 2064 454 CLEM.
2109 401 2319 452 ALEX.
2358 400 2550 454 OPER
2580 439 2590 452 .

3607 412 3631 460 1
3642 406 3750 462 462

310 521 681 600 aegrotosque
728 516 953 600 curavit
1114 535 1272 600 nunc
1298 536 1564 600 vero_pe_r
1604 522 1903 594 apostolos
1925 528 1983 579 et
2011 525 2064 592 Α
2097 520 2316 592 quippe
2341 522 2438 600 qui
2466 525 2529 600 ut
2562 521 2618 600 in
2645 538 2760 576 uno
2782 520 2988 600 habitu
3013 526 3068 577 et
3088 523 3304 593 Spiritu
3329 531 3535 600 sancto
3568 537 3744 600 esset,

311 591 585 645 doctores
617 589 672 665 id
699 594 956 665 praestat.
987 590 1170 646 Homo
1194 594 1411 648 etenim
1436 589 1627 649 factus
1645 589 1763 662 est,
1796 603 1855 649 ut
1880 612 1981 665 pa-

307 668 508 737 ternaa_
549 660 777 737 volunti
836 662 1278 737 obsequeretur,
1337 660 1770 737 hominumque
1801 660 1980 722 sal-uti

305 731 660 809 consuleret.
697 733 765 809 hit
815 749 953 809 vero
987 733 1100 809 illai
1120 740 1354 809 peccata
1399 743 1602 794 nostra
1661 731 1979 809 abolendo,

301 804 526 880 terreni
556 804 888 880 veterisque
918 805 1132 880 delevit
1186 807 1447 864 hominis
1503 809 1852 880 imaginem,
1913 804 1980 867 ac

302 876 564 933 caelestis
598 882 656 930 et
688 876 819 930 novi
853 877 1184 946 impressit.

377 949 584 1023 Palam
612 947 867 1023 subinde
889 950 931 983 ⁵⁷
955 955 1160 1023 auctor
1187 955 1387 1006 noster
1409 951 1541 1006 fecit
1563 954 1862 1023 quomodo
1887 954 1977 1008 in-

302 1019 630 1106 telligenda
683 1019 810 1106 sint.
850 1019 973 1103 haec
1022 1019 1597 1106 Joannis‘.Baptistze
1632 1026 1838 1106 “verba
1881 1027 1972 1106 ‘3_:

301 1115 333 1142 ‹‹
367 1097 502 1168 Post
540 1107 630 1146 me
655 1092 841 1168 venit,
875 1093 976 1162 qui
1007 1109 1110 1168 vos
1144 1092 1472 1165 baptizetin
1499 1096 1712 1167 spiritu
1746 1097 1973 1168 etigni,

299 1165 490 1234 Cujus
512 1162 974 1238 ventilabrum...
1011 1166 1209 1220 Paleas
1225 1162 1422 1221 autem
1449 1162 1655 1222 cofnbu
1669 1174 1756 1222 ret
1778 1162 1896 1238 igni
1920 1162 1972 1235 ;>i

291 1252 363 1309 ac
396 1252 514 1308 quo
545 1234 723 1309 etiam
756 1251 932 1309 sensu
963 1242 1118 1309 Deus
1150 1255 1182 1292 a
1207 1239 1400 1309 Moyse
1425 1239 1578 1309 ignis
1607 1234 1966 1296 consumens

296 1307 498 1362 dictus
523 1307 618 1360 sit.
649 1308 838 1378 Atque
868 1308 949 1362 ibi
995 1307 1092 1363 ille
1120 1307 1388 1365 observat
1419 1307 1491 1364 ab
1523 1311 1888 1366 Heracleone
1906 1318 1968 1369 et

292 1379 430 1434 aliis
465 1378 825 1450 quibusdam
860 1379 1213 1448 baptismate
1235 1382 1572 1436 ahlutorum
1597 1400 1772 1438 aures
1789 1384 1969 1440 fuisse

294 1451 824 1525 igneobsignatas.
853 1450 1112 1525 Aliorum
1141 1469 1274 1508 vero
1335 1453 1551 1508 refellit
1602 1455 1963 1525 opinionem,

296 1522 404 1592 qui
439 1522 530 1577 his
558 1521 792 1595 Christi
814 1523 1008 1578 verbis
1038 1525 1082 1558 ⁵³
1115 1541 1182 1578 :«
1217 1527 1417 1595 Ignem
1447 1526 1579 1581 veni
1625 1521 1862 1582 mittere
1903 1521 1963 1583 in

294 1599 601 1669 terram,»
639 1594 923 1664 putabant
956 1594 1281 1666 significari
1313 1597 1612 1661 virtutem,
1640 1616 1767 1669 quae
1793 1616 1964 1655 sanc-

291 1670 389 1721 tos
421 1665 661 1742 quidem
696 1665 1306 1738 expurget,’terrenos
1337 1685 1472 1724 vero
1505 1665 1736 1742 mergat
1784 1676 1962 1742 atque

288 1736 662 1792 exterminat.

361 1808 638 1863 Rationes
685 1823 886 1880 porro,
912 1806 1013 1863 ille
1070 1811 1290 1880 profert
1319 1811 1392 1844 δι”
1435 1827 1544 1866 cur
1571 1813 1834 1869 seniores
1866 1830 1958 1868 sa-

2097 600 2305 666 nactus
2337 595 2433 649 sit.
2476 597 2756 648 Caeterum
2800 596 2841 629 ⁷¹
2876 595 3746 666 atfectussuggestioneetnutu

2088 665 2336 737 spiritus
2367 671 2670 741 vocantur.
2707 671 2779 720 At
2809 667 2965 741 rneio
3002 684 3114 722 non
3140 665 3654 741 praecipitquidem
3683 681 3746 730 ut

2087 754 2120 791 a
2151 743 2423 791 creatura
2454 738 2845 791 abscedamus
2876 739 2942 802 ⁷³,
2978 741 3077 793 sed
3115 738 3174 794 ut
3206 758 3273 795 ea
3299 738 3451 797 bene
3505 749 3562 798 et
3615 745 3744 803 sine

2086 810 2398 864 affectuum
2433 809 2715 877 pravitate
2744 815 3003 864 utamur.

2159 879 2898 957 Dehincillerel'ert73qiiid
2936 883 3142 937 Petrus
3185 883 3256 957 in
3299 884 3740 957 Apocalypside

2085 951 2385 1020 abortivis,
2419 967 2670 1021 quorum
2704 952 2911 1007 melior
2941 971 3069 1008 sors
3103 961 3210 1021 est,
3245 951 3595 1025 infantibus,
3647 965 3737 1015 at-

2082 1040 2194 1088 que
2224 1026 2293 1078 de
2317 1026 2744 1102 t'u_tura__eorum
2771 1025 2960 1102 salute
2982 1027 3371 1102 constituerit.
3394 1028 3573 1102 Nobis
3589 1048 3735 1102 quo-

2081 1112 2196 1167 que
2229 1095 2552 1167 explicat“
2585 1095 2725 1166 quid
2761 1096 2871 1149 sibi
2901 1095 2999 1151 ille
3030 1097 3186 1163 velit,
3239 1116 3370 1153 cum
3419 1099 3477 1154 in
3531 1095 3736 1160 eodem

2079 1165 2228 1220 libro
2262 1165 2501 1238 scripsit
2532 1165 2616 1220 ex"
2649 1167 2819 1233 lacte,
2853 1184 2885 1221 a
2926 1169 3244 1223 mulierum
3297 1171 3579 1228 uberibus
3632 1176 3732 1231 de-

2083 1239 2322 1305 ﬂuente,
2356 1256 2421 1292 ac
2466 1244 2758 1304 concreto,
2794 1240 3182 1303 minusculas,
3243 1243 3345 1295 sed
3398 1246 3735 1303 carnivoras

2075 1310 2644 1386 bestiasprocreari.
2680 1309 2926 1386 Planum
2961 1311 3215 1386 denique
3239 1313 3374 1386 facit
3405 1315 3448 1348 ⁷⁵
3478 1316 3617 1386 quid
3637 1335 3728 1373 se-

2076 1397 2183 1435 nex
2216 1382 2456 1454 quidam
2490 1382 2752 1436 docuerit
2783 1383 2854 1436 de
2890 1384 3077 1448 modo,
3105 1400 3220 1454 quo
3249 1385 3445 1440 anima
3467 1382 3728 1446 hominis

2073 1454 2144 1508 ab
2176 1451 2402 1524 angelo,
2435 1454 2708 1508 humanae
2742 1451 3430 1526 generationipraefecto,
3464 1457 3731 1515 infundi-

2071 1530 2189 1650 turl,
2223 1542 2288 1581 ac
2321 1542 2436 1596 quo
2470 1526 2557 1592 fit,
2593 1526 2826 1580 utt'etus
2849 1526 2906 1579 in
2932 1526 3138 1581 matris
3162 1544 3281 1582 suae
3305 1532 3470 1584 utero
3503 1529 3580 1585 sit
3603 1535 3729 1588 ani-

2071 1613 2165 1650 ma
2197 1639 2208 1650 .

2069 1613 2208 1651 mat.

2139 1670 2285 1723 Tum
2315 1668 2625 1723 confestim
2667 1671 2872 1723 auctor
2902 1669 3328 1739 expositionem
3365 1670 3580 1740 psalmi
3623 1675 3724 1730 de-

2065 1740 2202 1813 cimi
2236 1741 2423 1795 octavi
2465 1739 3452 1813 aggreditur7°,_ostenditque77$",
3474 1743 3576 1813 qui
3606 1747 3728 1802 sint

2066 1812 2218 1882 coeli,
2280 1814 2381 1882 qui
2440 1809 2720 1865 enarrant
2772 1809 3020 1882 gloriam
3098 1809 3221 1880 Dei,
3294 1814 3434 1883 quid
3488 1809 3568 1869 sit
3627 1818 3723 1872 lir-

279 1896 675 1965 crani,quain
707 1878 1130 1965 praedicabant,
1164 1883 1492 1936 doctrinam
1541 1885 1948 1965 scriptisnnon
1987 1901 2032 1965 Β
2065 1878 2430 1965 momentum
2456 1900 2570 1954 quo
2593 1878 2877 1965 manuum
2901 1884 3028 1952 ejus
3046 1878 3723 1965 opusann'untiatur,qui

276 1952 660 2018 tradiderint,
691 1967 798 2006 nec
828 1951 900 2024 de
931 1969 998 2006 ea
1047 1952 1230 2009 libros
1262 1951 1728 2024 composuerint.
1792 1957 1950 2011 Gno-

279 2024 639 2097 sticosvero
668 2023 766 2097 qui
815 2023 1160 2097 domesticis
1207 2023 1418 2096 magis,
1454 2043 1632 2097 quam
1666 2030 1957 2084 extraneis

269 2095 652 2160 invidebant,
687 2095 785 2168 ille
822 2096 1070 2166 corripit
1099 2097 1163 2165 ⁵ο,
1197 2095 1572 2166 ostendimus
1615 2099 1949 2168 scientiam,

269 2171 335 2222 et
356 2182 659 2222 sacrorum
678 2167 1022 2238 dogmatum
1047 2168 1438 2239 cognitionem
1456 2172 1732 2226 omnibus
1748 2167 1951 2227 utilem

281 2254 456 2312 esse,
479 2239 779 2312 simulque
801 2241 1186 2312 necessariam.
1210 2243 1282 2295 At
1308 2247 1590 2311 praeterea
1636 2245 1952 2312 praefectis,

284 2309 500 2386 inquit
523 2311 587 2378 εδ,
621 2315 679 2364 et
707 2310 1244 2386 praepositislonga
1275 2309 1547 2386 opusest
1568 2309 1947 2386 experientia,

278 2381 640 2455 eruditione,
674 2399 793 2452 qua
822 2383 1021 2437 omnia
1053 2381 1741 2455 habeantexploratafac
1771 2381 1947 2441 disci;

286 2453 463 2526 pulos
485 2455 556 2508 ab
588 2453 999 2526 haereticorum
1031 2455 1331 2510 erroribus
1366 2453 1650 2522 avertant,
1675 2458 1949 2513 doceant-

285 2524 408 2600 que
441 2525 737 2600 quomodo
771 2524 901 2600 illos
931 2527 1280 2600 impugnare
1305 2533 1360 2582 et
1380 2529 1672 2584 debellare
1695 2531 1946 2600 possint.

281 2597 436 2652 Vitae
469 2613 641 2668 porro
673 2597 1006 2667 integritas,
1035 2597 1189 2653 sicut
1209 2598 1306 2653 ille
1338 2600 1419 2652 ait
1439 2601 1567 2667 “,et
1595 2597 1826 2656 morum
1854 2602 1946 2656 in-

284 2668 560 2745 nocentia
592 2673 754 2723 extra
784 2669 1038 2736 invidiae,
1071 2670 1186 2725 odii
1220 2675 1278 2726 et
1296 2671 1602 2726 calumniae
1627 2676 1814 2728 aleam
1839 2691 1949 2745 po-

286 2741 408 2796 sita
435 2745 543 2794 est.

359 2812 536 2867 Beata
581 2826 745 2884 vero
777 2809 940 2866 illius
990 2816 1096 2884 est
1143 2816 1442 2884 senectus,
1515 2813 1616 2884 qui
1699 2815 1942 2872 vivendo

289 2887 513 2957 aeterna
540 2882 661 2957 vita
690 2882 909 2954 dignus
951 2883 1255 2957 el'l'icitur,_
1288 2882 1552 2953 nullique
1601 2884 1716 2957 nisi
1765 2903 1941 2957 pravo

283 2954 518 3029 homini
537 2955 985 3019 molestus,cum
1001 2972 1090 3025 eo,
1107 2955 1259 3026 quod
1280 2962 1370 3011 est
1387 2954 1940 3029 prretantissifnum,

281 3027 567 3098 deinceps
600 3032 888 3098 versatur.

355 3097 649 3154 Post’haec
683 3097 782 3154 llie
807 3101 1009 3153 narrat
1038 3099 1082 3132 θ’
1115 3097 1508 3168 Pythagoram
1567 3098 1940 3156 existimasse

273 3185 440 3236 eum,
467 3170 565 3242 qui
594 3171 772 3226 rebus
795 3170 1037 3224 nomina
1067 3169 1416 3239 imponeret,
1449 3171 1785 3241 sapientum
1809 3189 1940 3228 esse

274 3242 792 3314 antiquissimum.
812 3244 1182 3312 Quapropter
1195 3242 1295 3312 qui
1314 3258 1543 3314 sacram
1567 3242 1930 3314 Scripturam

272 3319 600 3381 scrutatur,
634 3331 704 3368 ex
735 3313 898 3369 illius
929 3314 1121 3367 verbis
1145 3318 1200 3367 et
1240 3313 1583 3369 nominibus
1636 3313 1810 3370 debet
1857 3317 1935 3371 la-

268 3389 502 3440 tentem
536 3401 774 3440 sensum
808 3385 1060 3450 elicere;
1091 3384 1289 3455 agnita
1320 3391 1519 3440 autem
1546 3387 1809 3454 veritate,
1860 3389 1930 3442 ad

267 3457 376 3513 Dei
431 3457 640 3512 nititur
672 3457 972 3528 pervenire
1007 3456 1478 3512 similitudinem.
1525 3459 1598 3512 At
1662 3458 1932 3528 quisquis

272 3529 541 3584 mundus
571 3537 623 3584 et
657 3546 842 3600 purus
873 3535 982 3597 est,
1017 3528 1347 3583 doctrinam
1390 3528 1769 3601 divinamque
1816 3531 1929 3585 vir-

270 3605 464 3657 tutem
495 3606 862 3670 assequetur.

347 3673 610 3744 Scientiaa
645 3669 946 3744 mysteria,
999 3669 1374 3742 prosequitur
1406 3675 1608 3744 auctor
1630 3676 1832 3727 noster
1858 3673 1925 3741 ⁵³,

261 3743 446 3814 vulgo
479 3742 858 3810 deridentur;
911 3759 1124 3815 paucos
1181 3759 1314 3798 vero
1371 3742 1628 3814 primum
1686 3745 1925 3815 quidem

262 3819 448 3888 agent
476 3815 892 3888 instuporem,
929 3815 1028 3888 sed
1065 3815 1636 3888 posteaiassuefacti,
1661 3816 1925 3885 depulsis

259 3885 610 3956 ignorantia:
642 3885 919 3953 tenebris,
942 3885 1141 3940 lumen
1174 3885 1436 3942 veritatis
1470 3886 1583 3941 laeti
1616 3888 1921 3958 aspicient.

261 3958 358 4015 Ibi
390 3964 600 4032 autem
619 3959 715 4014 ille
733 3958 982 4030 explicat
1011 3959 1080 4032 5f,
1102 3974 1360 4032 quonam
1381 3960 1550 4032 modo
1571 3958 1926 4032 investigan-

264 4033 348 4112 da
379 4030 455 4085 sit
484 4030 728 4112 veritas:
753 4029 824 4086 At
854 4029 1142 4112 gnostica,
1175 4031 1371 4112 inquit
1393 4031 1732 4112 °f,virtus_,i)
1760 4029 1920 4112 ἀξετή

253 4105 293 4170 ἡ
341 4101 1015 4186 ,γνωστικῂ,“-Ῐ]Οωίῐξβῐῐι
1077 4101 1577 4186 contemplatione
1631 4101 1811 4186 simul
1867 4113 1925 4186 et

257 4173 496 4234 actione
526 4175 720 4230 reddit
749 4173 1069 4247 excultum,
1099 4175 1199 4244 qui
1231 4175 1620 4247 temperantia
1653 4180 1710 4247 et
1746 4177 1924 4247 justi-

256 4248 348 4302 tia
379 4247 753 4312 exercitatus,
788 4252 846 4302 et
875 4246 933 4300 in
966 4262 1140 4300 carne
1163 4245 1412 4316 angelici
1438 4246 1707 4302 muneris
1750 4245 1922 4304 func-

254 4319 487 4375 tionem
521 4319 861 4384 meditatus,
888 4318 944 4372 in
977 4333 1220 4387 corpore
1269 4318 1537 4372 animum
1601 4319 1917 4374 sacriﬁcat.

2069 1955 2195 2010 dies
2227 1955 2341 2010 diei
2373 1960 2596 2010 eructet
2623 1955 2887 2021 verbum,
2922 1972 2987 2009 ac
3028 1972 3153 2024 qua:
3177 1973 3292 2010 nox
3325 1957 3478 2011 nocti
3500 1955 3720 2012 scioli--

2069 2027 2207 2081 tiam
2244 2027 2483 2082 indicet.
2515 2029 2584 2080 At
2608 2027 2688 2080 ibi
2720 2028 2835 2080 duo
2867 2027 3070 2096 adjicit
3090 2028 3153 2080 πθ.
3185 2027 3451 2098 Etprimo
3479 2029 3716 2098 quidem

2067 2098 2394 2166 diabolum,
2428 2099 2527 2169 qui
2564 2098 2884 2172 Dominum
2917 2103 3228 2153 venturum
3286 2116 3415 2154 esse
3456 2109 3713 2172 noverat,

2065 2187 2129 2242 ac
2161 2172 2480 2242 daemones,
2505 2171 2604 2241 qui
2637 2169 3034 2237 Salomonem,
3069 2176 3384 2240 antequam
3427 2169 3715 2242 peccaret,

2061 2241 2378 2296 Dominum
2421 2258 2551 2296 esse
2585 2242 3045 2310 arbitrabantur,
3073 2259 3187 2296 non
3220 2243 3384 2313 prius
3413 2241 3716 2312 agnovisse

2061 2313 2882 2383 Christidivinitatem,quam
2918 2315 3221 2368 amortuis
3269 2315 3709 2373 resurrexisset.

2058 2384 2278 2439 Deinde
2310 2384 2408 2439 ille
2441 2401 2548 2439 nos
2580 2387 2858 2440 admonet
2881 2385 2951 2438 ab
2973 2385 3207 2440 Enocho
3232 2384 3442 2440 litteris
3467 2389 3710 2443 manda-

2057 2462 2185 2528 tum
2204 2459 2384 2511 fuisse
2403 2455 2673 2511 homines
2697 2457 2768 2510 ab
2785 2456 3008 2528 angelis
3027 2458 3565 2528 transgressoribus
3587 2477 3704 2516 non

2055 2527 2248 2583 solum
2281 2529 2683 2583 astrononiam
2716 2527 3228 2598 etdiv’inationem’,
3244 2531 3342 2585 sed
3361 2529 3508 2585 alias
3523 2531 3701 2587 etiam

2055 2604 2211 2656 artes
2242 2600 2540 2655 didicisse.

2127 2671 2474 2744 Pergitiipse
2504 2672 2568 2736 ⁸ο,
2595 2674 2651 2726 et
2683 2674 2959 2741 quartum
2988 2673 3254 2744 ejusdem
3299 2672 3516 2744 psalmi
3575 2689 3703 2729 ver-

2053 2760 2186 2817 sum
2211 2741 2611 2817 expla’nando,
2633 2744 2903 2798 observat
2930 2741 3132 2817 stellas
3155 2741 3554 2817 esse—corpora
3579 2747 3704 2817 spi-

2052 2814 2310 2882 ritualia,
2347 2815 2566 2880 quibus
2597 2814 2678 2868 ita
2709 2831 2840 2868 cum
2873 2815 3150 2885 perfectis
3182 2815 3408 2886 angelis
3440 2814 3704 2872 commu-

2053 2887 2146 2941 nis
2176 2891 2266 2941 est
2302 2902 2492 2940 rerum
2527 2886 2981 2954 administratio,
3012 2891 3076 2941 ut
3107 2893 3301 2942 tamen
3357 2903 3471 2941 non
3524 2896 3705 2944 causa

2049 2974 2272 3023 earum,
2309 2959 2409 3012 sed
2441 2957 2560 3011 sint
2590 2962 2820 3011 tantum
2855 2956 3044 3029 signa.

2123 3032 2185 3084 In
2217 3029 2323 3084 hoc
2355 3033 2550 3083 autem
2581 3029 2701 3082 31.”
2741 3029 3127 3099 subsequenti
3158 3045 3328 3084 versu
3355 3049 3374 3086 :
3406 3052 3434 3080 ‹‹
3466 3035 3528 3087 In
3577 3031 3700 3087 sole

2052 3100 2250 3182 posuit
2270 3100 2720 3182 tabernaculum
2744 3117 2941 3166 suum,
2967 3120 2992 3150 ι)
3011 3100 3145 3182 yult
3167 3117 3295 3182 esse
3314 3102 3698 3182 hyperbaton:

2050 3172 2132 3227 ita
2166 3177 2385 3246 utpost
2417 3177 2732 3242 sequentes
2759 3189 2962 3246 versus
2994 3172 3244 3227 debeant
3271 3172 3698 3246 transponini

2048 3260 2182 3299 vero
2207 3245 2288 3298 ait
2322 3245 2740 3314 Hermogenem
2771 3243 3072 3313 opinatum
3103 3261 3232 3299 esse
3255 3243 3612 3302 Salvatorem
3633 3247 3694 3301 in

2047 3315 2168 3370 sole
2200 3332 2374 3370 suum
2411 3318 2680 3387 posuisse
2712 3331 2944 3386 corpus.
2986 3316 3244 3371 Subinde
3271 3323 3467 3373 autem
3519 3319 3696 3372 inter-

2043 3388 2238 3458 posito
2263 3388 2517 3442 Pantzeni
2537 3387 2900 3452 testimonio,
2919 3387 3093 3441 aliam
3112 3388 3212 3442 sed
3238 3389 3691 3452 obscuram,nec

2042 3459 2277 3514 omnino
2314 3476 2518 3514 sanam
2552 3459 2719 3513 affert
2749 3459 3090 3514 eorumdem
3142 3460 3452 3516 verborum
3507 3463 3692 3516 inter-

2042 3533 2451 3601 pretationem.
2486 3531 2546 3585 Ei
2576 3547 2709 3585 vero
2749 3530 2980 3585 tertiam
3018 3532 3274 3601 ipse,sed
3294 3534 3555 3589 secunda
3575 3551 3689 3590 non

2040 3603 2229 3675 magis
2258 3608 2540 3675 veramiet
2569 3602 2912 3675 catholicam
2941 3603 3250 3675 subjungit
3270 3605 3332 3656 ⁸³.

2111 3674 2246 3729 Post
2276 3674 2399 3730 haec
2431 3674 2578 3729 alios
2607 3674 2873 3743 ejusdem
2920 3674 3131 3745 psalmi
3179 3674 3414 3741 versus,
3463 3675 3693 3731 scilicet

2037 3750 2332 3809 octavum,
2367 3747 3104 3818 decimum,duodecimum
3124 3751 3179 3801 et
3200 3748 3494 3802 decimum
3513 3766 3694 3818 quar-

2036 3823 2185 3885 tum,
2209 3817 2826 3889 praetermissistribus
2853 3817 3245 3884 intermediis,
3268 3817 3692 3875 breviteredis-

2037 3891 2197 3945 serit.
2231 3890 2446 3945 Caetera
2476 3906 2784 3961 vero,quae
2835 3890 2932 3943 ille
2980 3896 3325 3960 prosecutus
3372 3893 3586 3961 fuerat,
3633 3892 3691 3946 in

2035 3962 2211 4035 editis
2244 3962 2494 4035 omnino
2517 3963 2751 4032 desunt,
2781 3977 2888 4017 nec
2918 3961 3157 4018 aliunde
3179 3963 3478 4035 potuerint
3521 3964 3696 4018 resti-

2035 4033 2122 4088 tui
2144 4039 2202 4089 et
2230 4033 2520 4090 resarciri.

2602 4102 3010 4158 ARTICULUS
3043 4105 3112 4158 ΙΙ.

2032 4178 2108 4232 De
2137 4177 2302 4246 hujus
2349 4177 2609 4246 epitomes
2666 4175 2972 4246 horumque
3001 4183 3385 4245 excerptorum
3433 4183 3673 4232 auclore.

2104 4245 2478 4316 Ex'hujusce
2535 4246 2729 4317 Operis
2762 4245 3091 4318 analysi,et
3145 4247 3460 4316 utriusque
3519 4247 3684 4303 illius

2033 4320 2218 4389 partis
2247 4319 2422 4373 titulo
2450 4321 2698 4390 constat,
2741 4321 3012 4390 etircxtra
3041 4319 3498 4390 controversiam
3534 4321 3684 4390 pasi-

2031 4388 2156 4445 tum
2192 4407 2321 4445 esse
2352 4388 2682 4444 debetillud
2705 4388 3230 4461 variissententiis,
3257 4389 3421 4444 nullo
3439 4388 3682 4461 prorsus

257 4462 562 4519 Geneseos
592 4463 768 4517 verba
798 4477 810 4514 :
843 4483 872 4510 ‹‹
907 4461 1036 4516 Fiat
1069 4460 1196 4525 lux,
1229 4481 1255 4508 »
1289 4460 1546 4531 optantis
1577 4459 1707 4516 esse
1758 4478 1916 4516 som-
2031 4462 2234 4516 ordine
2265 4461 2533 4532 digestis,
2570 4477 2673 4515 nec
2706 4459 2816 4514 sibi
2868 4460 3116 4515 invicem
3169 4459 3452 4517 connexis
3476 4467 3532 4517 et
3582 4481 3678 4518 co-

259 4534 549 4598 niaverat,
585 4534 739 4588 346
796 4532 874 4588 sit
921 4533 1420 4602 respondendum.
1475 4532 1650 4586 Addit
1707 4549 1844 4588 vero
1875 4535 1917 4568 ⁸⁷
2033 4533 2411 4597 merentibus,
2449 4533 2626 4586 fuisse
2659 4537 3052 4602 compactum.
3088 4532 3256 4588 Unde
3283 4540 3504 4600 autem,
3537 4539 3594 4589 et
3614 4552 3681 4590 ex

259 4605 423 4661 hunc
445 4604 898 4662 hrercsiarcham
934 4603 1918 4676 dixissemulieres,proptercrines
1954 4647 1996 4676 η
2031 4605 2203 4674 cujus
2229 4605 2486 4659 auctoris
2516 4603 3032 4676 lucubrationibus
3075 4620 3145 4660 ea
3184 4607 3382 4660 omnia
3433 4606 3683 4676 hujusce

254 4683 317 4732 et
351 4678 658 4741 mundum,
694 4695 728 4731 a
753 4677 972 4730 virtute
1017 4675 1108 4729 his
1168 4676 1341 4730 rebus
1371 4647 1668 4747 Aprarifecrta
1699 4677 1918 4747 puniri.
1952 4647 1996 4710 D
2030 4647 2319 4747 ep'itomes
2352 4676 2996 4746 scriptordecerpserit,
3022 4647 3680 4734 intereruditosntistras

255 4749 436 4821 Varia
465 4765 638 4821 porro
669 4749 748 4803 ibi
781 4747 1041 4821 ostendit
1060 4747 1103 4821 is
1135 4763 1263 4802 esse
1285 4745 1644 4821 Deijudicia.
1672 4745 1922 4803 Monitos
2033 4745 2217 4802 rotatis
2252 4745 2520 4803 homines
2549 4747 2932 4816 disceptatur.
2967 4748 3212 4821 Quidam
3265 4749 3422 4805 enim
3475 4754 3685 4821 putant

257 4818 652 4892 subindenos
684 4819 904 4892 facitin
933 4820 1185 4892 quadam
1219 4818 1530 4892 scriptura,
1566 4819 1721 4875 haud
1747 4821 1924 4876 dubie
2033 4821 2422 4886 Theodotum,
2460 4821 2630 4892 cujus
2663 4836 2874 4892 nomen
2911 4820 3111 4888 primae
3145 4822 3323 4890 hujus
3342 4818 3682 4892 scriptionis

252 4891 618 4965 apocrypha,
647 4891 832 4965 asrseri
868 4891 1157 4965 projectos
1198 4897 1256 4946 et
1283 4891 1614 4965 arbortivos
1667 4893 1923 4948 infantes
2036 4894 2183 4965 parti
2233 4893 2538 4965 praeﬁxum
2574 4891 2810 4965 legitur,
2845 4891 3025 4948 fuisse
3057 4910 3121 4948 ex
3145 4891 3681 4965 Clementis’nostri

251 4963 466 5036 angelo
491 4963 819 5036 praesidiac
850 4963 1031 5036 tutori
1065 4963 1401 5036 educandos
1451 4963 1924 5036 erudiendosque
2033 4964 2409 5019 Alexandrini
2446 4963 2904 5036 praeceptoribus
2936 4981 3148 5031 unum,
3181 4981 3355 5035 quem
3392 4964 3487 5018 ille
3520 4965 3680 5018 Stro—

256 5035 459 5108 tradi;
487 5034 663 5108 atque
693 5035 813 5108 iliic
836 5034 1014 5108 verba
1045 5035 1339 5108 quaedami
1360 5052 1428 5089 ex
1448 5036 1799 5108 Apocalypsi
1825 5034 1922 5093 Pe—
2033 5047 2245 5090 malum
2275 5036 2444 5090 initio
2476 5053 2542 5091 ex
2574 5034 2884 5108 Palaestina
2916 5034 3449 5108 oriundumhfuisse
3507 5040 3681 5090 teste-

251 5107 336 5164 tri
369 5106 708 5179 desumpta,
740 5107 798 5160 in
831 5106 1104 5179 medium.
1127 5107 1393 5179 adducit.

340 5177 631 5242 Quosdam
660 5183 860 5250 postea
891 5177 1103 5250 psalmi
1127 5177 1926 5250 decimiseptimiversus.ni-

252 5250 482 5306 mirum
509 5253 600 5315 26,
629 5252 699 5305 45
728 5254 784 5304 et
814 5251 904 5314 51,
939 5251 1191 5306 breviter
1222 5251 1648 5321 interpretatur
1678 5252 1743 5304 6°.
1779 5251 1921 5304 Con-

255 5322 670 5379 tinentervero
693 5321 1079 5377 aitmalorum
1101 5321 1472 5378 tolerantiam
1492 5321 1922 5393 propteripsius

252 5396 523 5451 fructum
555 5411 684 5450 esse
714 5394 954 5449 bonam.
990 5393 1170 5448 Porro
1230 5399 1426 5448 autem
1462 5394 1563 5457 qui
1612 5395 1921 5448 continens

249 5470 368 5533 est,
400 5471 530 5522 tum
562 5467 719 5521 illico
753 5464 846 5520 his
881 5464 1196 5520 affectibus
1219 5482 1334 5520 non
1359 5470 1449 5521 est
1471 5466 1780 5520 immunis.
1816 5466 1918 5521 Ubi

252 5555 397 5597 vero
429 5540 474 5574 ⁷ο
503 5538 820 5596 accesserit
843 5536 1113 5606 habitus,
1143 5553 1258 5590 non
1284 5537 1409 5607 jam
1446 5542 1535 5593 est
1569 5537 1881 5592 continens
1908 5562 1921 5605 ;

337 4393 482 4444 Tum
516 4391 798 4446 continuo
828 4389 927 4443 ille
960 4389 1129 4461 docet
1159 4389 1362 4458 “quid
1395 4389 1768 4461 Tatiano,qui
1801 4391 1924 4447 haec

2036 5114 2128 5161 tur
2157 5109 2222 5174 8‘,
2260 5123 2325 5162 ac
2359 5109 2681 5177 ipsummct
2712 5106 3070 5162 Clementem
3104 5123 3172 5161 cx
3203 5106 3364 5161 illius
3413 5108 3680 5177 doctrina

2035 5179 2142 5248 hoc
2174 5175 2578 5246 composuisse
2610 5195 2781 5248 opus,
2816 5179 2968 5248 quod
3020 5178 3236 5232 idcirco
3287 5175 3679 5244 Ἀνατολικὴν-

2037 5247 2391 5304 ὃῖδασκαλίαν
2426 5247 2671 5304 vocavit.
2703 5249 2811 5303 Sed
2835 5247 3148 5304 levissima
3168 5267 3310 5304 sane
3331 5256 3421 5305 est
3453 5267 3519 5305 ac
3569 5251 3680 5304 mi-

2037 5324 2175 5377 nimi
2215 5323 2496 5377 momenti
2530 5321 2734 5376 horum
2760 5326 3068 5375 auctorum
3100 5322 3458 5390 conjectura.
3506 5321 3679 5377 Nullo

2035 5394 2328 5463 siquidem
2362 5396 2727 5465 argumento,
2763 5391 3042 5463 nullaque
3070 5394 3295 5448 ratione
3327 5410 3454 5450 eam
3489 5393 3682 5448 hacte-

2035 5485 2147 5520 nus
2191 5471 2528 5537 probavere,
2562 5479 2748 5537 neque
2778 5465 3023 5537 probare
3072 5482 3333 5535 unquam
3385 5469 3679 5537 poterunt.

2102 5535 2217 5594 Nos
2249 5538 2487 5609 quidem
2524 5553 2637 5591 non
2671 5535 2820 5606 fugit
2848 5535 3214 5592 Theodotum
3249 5554 3364 5593 non
3387 5535 3590 5593 isemel
3622 5537 3680 5592 in

337 5719 444 5790 “§
490 5720 578 5773 24.
642 5720 684 5754 ετ
734 5718 762 5790 Ξ
817 5718 890 5772 25
945 5721 1002 5771 et
1069 5721 1161 5775 26.
1239 5722 1282 5756 δε
1337 5717 1542 5790 Matth.
1606 5734 1707 5790 in,
1752 5717 1944 5790 11,}:

2095 5718 2235 5772 an.
2300 5734 2384 5790 ni,
2447 5716 2534 5790 16τ
2598 5715 2805 5790 i7.__‘°
2847 5715 3314 5790 Δ[ιιιςεηπςιιηῄςὶ.
3393 5716 3451 5790 "7°,
3514 5718 3541 5782 ἓ

250 5793 300 5828 oo
361 5777 517 5860 s"28
567 5795 622 5846 et
673 5777 766 5844 29".
827 5790 872 5825 σο
925 5791 1072 5857 §30.
1140 5793 1184 5828 ει
1251 5795 1278 5860 §
1333 5792 1421 5844 31.
1498 5789 1547 5823 επ
1606 5789 1632 5860 §
1681 5777 1778 5851 '32.
1829 5777 1925 5844 '33.

2065 5829 2074 5840 .
2155 5791 2198 5824 es
2257 5791 2284 5854 ξ
2330 5777 2444 5860 3'5._
2495 5787 2541 5821 σι
2596 5789 2623 5860 §
2677 5787 2768 5860 3e.
2842 5787 2887 5820 ει
2923 5789 2968 5860 ς
3017 5788 3108 5841 37.
3147 5777 3227 5823 ἐς
3292 5791 3318 5856 §
3392 5777 3548 5860 sset
3596 5788 3684 5860 se.

248 5866 300 5946 εἶ
347 5858 392 5946 Ei.
425 5863 544 5946 se.
592 5863 757 5946 “.i't:
782 5862 841 5946 ἓ.
874 5862 994 5946 42:.
1020 5868 1149 5946 9‘9;
1213 5858 1342 5946 1°
1372 5863 1483 5946 45;.
1517 5858 1624 5946 .Z‘;
1649 5861 1820 5946 SW46-
1845 5860 1944 5946 ..⁷2

2069 5861 2326 5946 minis.
2404 5858 2519 5946 τείιὲ
2576 5858 2653 5910 '9.
2690 5858 2788 5946 nl"
2835 5860 2862 5925 ξ
2916 5859 3006 5913 50.
3085 5859 3130 5894 τε
3187 5863 3214 5926 §
3274 5861 3367 5914 51.
3445 5859 3545 5925 πθ
3594 5858 3684 5912 52.

252 5927 563 6006 11.“§53.
644 5933 870 6004 ⁷θὲ54.
950 5933 1154 6008 8°§55
1184 5938 1242 5992 et
1275 5927 1364 5990 56.
1442 5931 1767 6003 ειμεξδῖ..
1845 5930 1944 6002 εθὲ

2139 5932 2182 5966 ⁶⁴
2212 5932 2425 5987 Strom.
2459 5927 2498 5985 1.
2532 5945 2572 5997 ι,
2606 5946 2664 6000 p.
2690 5929 2816 5984 27/1.
