4118 6416
378 390 405 445 1
415 388 520 444 469

1555 387 1647 440 ΟΕ
1683 384 1875 442 ALIIS
1910 386 2124 442 CLEM.
2167 389 2384 444 ALEX.
2425 391 2638 447 OPER.

3661 387 3684 442 el
3699 387 3802 442 470

377 510 914 586 βαβεὶῄοάοτιιεηῐιοῐι
940 509 1146 586 minus
1169 509 1307 586 inde
1337 523 1524 586 quam
1549 507 1698 564 alios
1741 512 2049 586 amputare
2077 513 2133 578 Α
2171 520 2272 574 aut
2317 514 2776 586 transpositione
2807 512 3058 580 dicatur,
3090 514 3294 570 eadem
3327 513 3386 568 in
3413 528 3500 583 eo,
3533 514 3812 586 atqueiab

378 584 602 641 debuit.
637 583 801 650 Quod
853 583 1093 653 quidem
1125 598 1194 637 ex
1222 581 1316 650 iis,
1351 597 1478 652 quae
1512 580 1570 636 in
1601 583 1869 652 sequenti
1901 581 2038 638 arti-

381 657 518 714 culo
551 655 804 712 dicenda
833 659 995 722 sunt,
1021 655 1400 710 manifestum
1429 653 1704 708 omnibus
1736 653 1854 710 ﬁet.

455 729 601 784 Cum
633 726 799 782 nulla
827 726 1012 798 igitur
1041 726 1186 781 satis
1216 725 1410 798 valida
1457 724 1681 780 ratione
1719 726 2035 798 probatum

381 800 676 856 hactenus
707 796 884 854 fuerit
911 815 1009 854 eas
1042 796 1524 853 adumbrationes
1553 801 1655 852 aut
1677 813 1746 852 ex
1775 797 2038 853 Clemen-

381 873 462 927 tis
493 870 879 928 Alexandrini
933 869 1782 942 operibus,t'uisseidecerptas,
1832 874 1934 942 aut
1964 870 2036 926 ab

384 943 487 1000 illo
511 944 756 999 seorsim
803 939 1183 1013 compositas,
1217 941 1290 997 iis
1341 939 1570 1013 facilius
1624 939 2036 1009 assentiemur,

385 1016 488 1087 qui
521 1014 652 1070 illas
684 1033 716 1070 a
748 1012 1034 1086 scripture
1064 1030 1180 1087 non
1215 1012 1758 1087 planeorthodoao,
1791 1013 1895 1069 sed
1922 1014 2037 1068 hae-

384 1085 709 1214 reiiico‘i-uml
739 1085 1007 1158 partibus
1051 1085 1250 1158 potius
1282 1085 1535 1150 addicto,
1569 1085 1858 1156 profectas
1909 1101 2039 1142 esse

384 1176 450 1214 os
483 1175 553 1214 en
600 1175 681 1214 eri
717 1199 730 1212 .

383 1159 730 1216 ostenderit.

458 1230 641 1286 Paulo
672 1231 873 1301 itaque
921 1228 1162 1298 majoris
1195 1228 1475 1301 momenti
1508 1229 1874 1299 argumentis
1908 1246 2038 1298 pro-

385 1303 516 1359 bari
549 1307 742 1374 potest
778 1299 1089 1374 praeﬁxam
1122 1303 1304 1374 fuisse
1345 1299 1492 1374 huic,
1513 1302 1673 1374 operi
1733 1301 2040 1356 Adumbra-

386 1371 604 1432 tionuin
622 1371 1091 1444 inscriptionem.
1117 1373 1422 1427 Testatum
1447 1371 1743 1442 siquidem
1769 1373 2041 1429 Labbeus

390 1447 528 1502 facit
556 1447 599 1482 ¹⁶
632 1447 750 1502 haec
779 1461 842 1500 se
868 1444 1086 1500 vidisse
1114 1444 1596 1500 commentariola
1628 1465 1656 1493 «
1689 1445 1913 1501 calamo
1938 1461 2039 1500 cx—

392 1524 553 1575 arata
580 1520 640 1573 in
674 1517 1036 1572 membranis
1067 1516 1284 1570 codicis
1315 1515 1567 1586 antiqui,
1604 1517 1704 1587 qui
1740 1517 1851 1571 fuit
1897 1517 2040 1572 olim

393 1590 636 1647 ccenobii
670 1589 728 1644 S.
763 1589 956 1644 Marias
1007 1587 1226 1643 Montis
1258 1587 1382 1656 Dei,
1432 1588 1532 1641 ubi
1580 1589 2043 1645 Adumbratz’ones

394 1662 816 1718 inscribuntur.
853 1683 880 1710 »
912 1660 1113 1731 Neque
1143 1659 1324 1714 etiam
1352 1658 1506 1714 ullus
1531 1659 1843 1716 dubitandi
1876 1660 2042 1716 locus

391 1738 478 1790 est
505 1751 605 1790 eas
628 1735 688 1788 in
723 1733 1128 1804 manuscripto
1151 1732 1372 1799 codice,
1396 1747 1466 1787 ex
1492 1748 1608 1802 quo
1639 1737 1701 1804 ty
1749 1732 1796 1788 is
1818 1733 2042 1788 Latinis

391 1821 638 1858 excusas.
689 1805 748 1858 in
780 1803 994 1858 vulgus
1045 1803 1410 1858 prodierunt.
1441 1804 1647 1858 eodem
1699 1748 1809 1858 Eoo
1846 1805 2038 1858 titulo.

387 1821 638 1868 excusse,
689 1805 748 1860 in
780 1803 994 1876 vulgus
1035 1803 1647 1876 ’prodierunt,reodem
1672 1803 1809 1860 ’hoc
1846 1805 2038 1874 titulo,

2145 593 2382 650 auctore
2414 584 2611 644 nostro
2633 587 2833 659 Opinio
2857 585 3174 655 asseritur,
3203 586 3540 657 superiores
3570 584 3812 657 angelos

2147 678 2249 738 per
2278 660 2426 738 alios
2457 659 2857 738 inferioresin
2892 675 2987 738 res
3019 659 3318 738 hum_auas
3362 673 3556 738 agere,
3586 665 3644 713 et
3674 674 3810 738 cum

2148 729 2490 794 hominibus
2542 731 2725 802 loqui.
2761 731 2992 786 Etenim
3042 730 3102 785 in
3143 729 3326 802 Epist.
3377 730 3547 802 Judze
3593 745 3742 802 vers.
3776 729 3811 783 9

2144 810 2266 866 haec
2307 803 2404 859 ille
2436 801 2803 859 observavit:
2846 822 2867 851 ι
2901 802 3149 858 Michael
3193 801 3390 857 autem
3425 801 3518 856 hic
3565 801 3808 869 dicitur,

2146 880 2244 952 qui
2269 893 2370 948 per
2392 876 2790 948 propinquum
2813 875 3083 945 angelum
3109 873 3505 930 aitercabatur
3520 890 3651 929 cum
3680 873 3809 928 dia-

2145 952 2299 1010 bolo.
2336 970 2363 998 »

2220 1029 2269 1076 Α
2300 1019 2470 1075 bonis
2502 1024 2702 1074 autem
2735 1018 2962 1088 angelis
2994 1019 3065 1073 ad
3101 1017 3285 1073 malos
3318 1021 3376 1071 et
3407 1015 3808 1088 praevaricato-

2147 1112 2240 1152 res
2273 1093 2320 1148 si
2355 1097 2752 1156 transeamus,
2802 1089 2898 1145 ille
2933 1090 3104 1161 paulo
3154 1089 3428 1160 superius
3474 1089 3532 1142 in
3565 1093 3802 1161 sextum

2146 1165 2413 1240 ejusdem
2427 1161 2699 1240 Epistola}
2713 1159 2949 1240 versum
2964 1161 3117 1240 haud
3143 1159 3478 1240 haesitanter
3491 1159 3810 1240 atﬁrmavit

2151 1231 2255 1296 b'os
2287 1231 2586 1306 apostatas
2609 1251 2670 1288 aa
2683 1233 2845 1306 gelos
2864 1257 2890 1283 ‹‹
2915 1233 2976 1306 in
2993 1234 3184 1290 vicinu
3197 1249 3252 1287 m
3275 1238 3437 1286 terrae
3458 1233 3674 1306 locum,
3698 1231 3810 1306 hoc

2148 1316 2240 1368 est
2270 1303 2660 1378 caliginosum
2688 1303 2917 1378 aerem,
2951 1305 3136 1378 fuisse
3158 1306 3452 1359 detrusos.
3487 1303 3809 1378 _»Petavius

2147 1399 2284 1440 vero
2317 1376 2458 1434 tom.
2494 1381 2573 1434 Ill
2606 1378 2782 1433 Theol.
2817 1377 3032 1449 dogm,
3066 1377 3167 1431 lib.
3203 1393 3288 1443 ιιι,
3314 1392 3439 1446 cap.
3475 1376 3535 1449 4,Δ
3552 1376 3810 1449 ostendit

2150 1471 2278 1511 eam
2328 1451 2510 1506 fuisse
2551 1456 2815 1506 veterum
2858 1446 3124 1504 Ecclesiae
3168 1452 3404 1501 Patrum
3447 1446 3808 1516 opinionem.

2150 1527 2263 1583 Sed
2295 1524 2388 1579 his
2419 1522 2805 1596 scriptoribus
2829 1525 3128 1577 auctorem
3161 1523 3429 1575 nostrum
3462 1533 3812 1574 enumerare

2191 1597 2458 1654 otuisset.

2191 1616 2458 1654 OIUISSBE.

2150 1616 2186 1671 Ρ
2227 1667 2708 1723 Animadvertere
2741 1668 3022 1736 praeterea
3053 1663 3338 1736 debemus
3370 1664 3668 1716 auctorem
3696 1677 3814 1736 no:

2153 1744 2347 1797 strum
2373 1738 2623 1808 vulgalaa
2656 1731 3078 1808 catholicarum
3113 1732 3506 1804 Epistolarum
3556 1731 3813 1788 versioni

2153 1830 2272 1869 non
2306 1807 2540 1884 penitUs
2574 1809 2876 1884 inhaerere.
2894 1807 3330 1884 _Verumtumen
3353 1821 3481 1884 cani
3515 1819 3670 1884 saepe
3703 1821 3812 1858 sae-

389 1894 508 1949 quo
541 1894 575 1932 a
603 1877 786 1958 Fabro
837 1874 1069 1949 quoque
1104 1874 1433 1946 Stapulensi
1476 1875 1816 1947 laudantur,
1862 1877 2044 1934 fuisse
2075 1886 2124 1951 Β
2157 1874 2730 1958 pius'itasequitur,
2762 1886 2826 1935 ut
2857 1879 2927 1958 ab
2961 1877 3233 1958 ipso,_vei
3266 1877 3314 1932 si
3361 1874 3809 1958 (irascus‘homo

431 1954 765 2005 raanotatas.

431 1967 765 2005 rzsnomtas.

388 1967 424 2023 Ρ
461 2025 575 2077 Cur
608 2037 778 2092 porro
809 2035 877 2076 eo
913 2017 1323 2092 nomineillud
1357 2017 1707 2092 opusculum
1742 2036 2049 2092 nuncupa-

389 2096 519 2149 tum
545 2090 742 2154 fuerit,
761 2093 866 2147 sia
889 2091 1058 2146 nobis
1080 2091 1213 2161 quis
1231 2090 2052 2162 rogaverit,respondebimus

392 2165 542 2220 illud
571 2165 789 2220 idcirco
815 2163 900 2218 ita
922 2179 1052 2218 esse
1087 2162 1464 2235 inscriptum,
1490 2162 1772 2235 quianon
1800 2166 2060 2235 perfecta

388 2245 443 2294 et
473 2237 754 2293 omnibus
782 2235 1043 2290 numeris
1062 2234 1400 2290 absolutain
1433 2234 1778 2301 Petri,Judae
1795 2234 1852 2290 et
1872 2236 2052 2292 Joan-

389 2309 484 2365 nis
514 2307 815 2380 Epistolas
859 2305 1304 2380 commentaria,
1337 2306 1440 2361 sed
1479 2305 1634 2362 leves
1675 2312 1930 2375 tantum,
1964 2308 2050 2363 uti

386 2397 458 2438 ex
505 2379 681 2437 dictis
712 2379 919 2450 liquet,
955 2394 1159 2434 earum
1211 2379 1504 2450 imagines
1535 2383 1591 2434 et
1639 2380 1866 2449 species
1896 2380 2056 2435 exhi-

385 2453 530 2509 bent
561 2468 629 2508 ac
691 2449 1137 2523 repraesentant.
1183 2451 1389 2523 Atque
1420 2449 1566 2505 illud
1609 2455 1764 2507 certe
1816 2451 2054 2508 nomine

387 2521 772 2582 adumbratio
806 2539 923 2578 non
961 2521 1116 2578 male
1148 2521 1538 2594 significatur.

857 2613 1014 2669 350
1043 2610 1452 2667 ARTICULUS
1486 2611 1582 2666 IlI.

388 2714 556 2772 Nova
586 2711 648 2769 in
677 2712 776 2768 has
805 2711 1283 2775 adumbrationes,
1317 2711 1434 2764 sive
1463 2709 1880 2780 comenlariola,
1914 2721 2052 2771 notw

918 2787 970 2839 et
993 2781 1521 2838 animadversiones.

457 2881 741 2947 Quamvis
762 2879 1180 2936 brevissimum
1213 2879 1412 2935 sithoc
1433 2879 1808 2950 opusculum,
1835 2882 1906 2937 ad
1940 2900 2048 2939 nos

383 2959 585 3011 tamen
618 2953 766 3008 illud
801 2952 971 3024 plane
1003 2952 1298 3023 integrum
1325 2956 1382 3006 et
1414 2951 1821 3024 incorruptum
1848 2971 2048 3024 perve-

387 3029 550 3083 nisse
577 3044 694 3081 non
729 3023 1034 3096 putamus.
1067 3028 1128 3078 In
1157 3023 1314 3096 hunc
1331 3023 1624 3096 siquidem
1648 3023 2046 3094 primmdoan-

386 3099 483 3155 nis
514 3095 785 3170 Epistolis
814 3098 1073 3170 primum
1109 3095 1317 3170 capitis
1347 3095 1590 3170 secundi
1623 3111 1895 3170 versum:
1923 3121 1942 3146 ι
1978 3099 2046 3154 Et

386 3171 437 3227 si
470 3167 604 3242 quis
649 3169 994 3296 peccaverit,
1043 3167 1473 3223 consolatorem
1534 3167 1834 3224 habemus
1890 3172 2042 3240 apud

386 3247 642 3297 Patrem.
687 3257 853 3296 esum
881 3238 1201 3297 Christum,
1224 3261 1251 3288 »
1280 3239 1401 3293 haec
1418 3238 1638 3297 scripta
1659 3246 1798 3294 sunt
1822 3258 1835 3296 :
1862 3261 1890 3290 «
1912 3242 2034 3297 Sic-

433 3259 642 3310 atrem,

389 3320 454 3370 ut
482 3314 640 3369 enim
682 3313 836 3384 apud
881 3313 1112 3367 Patrem
1145 3310 1476 3384 consolator
1506 3314 1593 3365 est
1625 3328 1728 3382 pro
1760 3312 1928 3368 nobis
1951 3319 2034 3370 Do

385 3387 582 3442 minus
607 3405 620 3453 ;
656 3383 740 3440 sic
762 3384 939 3439 etiam
973 3383 1309 3439 consolator
1331 3387 1441 3447 est,
1463 3398 1636 3453 quem
1661 3388 1792 3454 post
1813 3401 2041 3441 assumo

384 3458 646 3530 ptionem
678 3473 846 3530 suam
871 3456 1150 3530 dignatus
1169 3454 1521 3530 estmittere.
1546 3456 2040 3530 [Hminamquepri

385 3527 605 3585 initiva:
649 3529 922 3594 virtutes,
955 3544 1021 3583 ac
1051 3527 1450 3598 primocreataa
1483 3527 1857 3582 immobiles
1889 3527 2038 3584 exsi-

385 3606 613 3658 stentes
662 3603 988 3656 secundum
1019 3599 1441 3670 substantiam,
1485 3604 1541 3653 et
1587 3614 1719 3653 cum
1755 3600 2040 3670 subjectis

385 3673 704 3753 angeliset
732 3670 1262 3753 archangelis,cum
1297 3669 1513 3753 quibus
1545 3669 2040 3753 vocanturazqui-

385 3740 549 3815 voce,
599 3744 866 3800 diversas
895 3740 1266 3815 operationes
1312 3740 1718 3815 efﬁciunt.Sic
1765 3740 1943 3799 etiam
1983 3749 2041 3800 et

387 3813 615 3889 MoySes
660 3815 903 3872 Michael
929 3813 1122 3886 angeli
1154 3813 1428 3889 virtutem
1456 3813 1821 3889 pervicinum
1845 3816 1959 3870 sibi
1984 3822 2041 3872 et

384 3885 655 3944 intimum
692 3891 968 3960 angelum
1009 3885 1197 3960 vocat.
1231 3885 1520 3960 Similiter
1549 3901 1782 3960 quoque
1808 3887 1868 3942 in
1903 3904 2036 3960 pro-

384 3961 581 4034 phetis
639 3957 867 4034 sanctis
896 3958 1254 4034 invenimus,
1289 3959 1388 4012 sed
1419 3957 1872 4034 Moysiquidsm
1903 3957 2038 4030 pro-

381 4028 646 4106 piniquus
670 4047 734 4087 ac
755 4031 984 4106 v_ic_i_nus
1003 4028 1248 4102 angelus
1267 4030 1886 4106 _apparu_it.Exaudivit
1901 4028 2037 4106 eum

382 4101 441 4161 et
479 4101 714 4159 locutus
746 4103 797 4158 ei
831 4102 1061 4174 Moyses
1095 4101 1431 4157 'manileste
1481 4101 1626 4157 facie
1680 4103 1752 4157 ad
1807 4103 2035 4159 faciem.

381 4177 532 4233 Aliis
564 4180 757 4232 autem
794 4174 1096 4246 prophetis
1130 4174 1461 4246 secundum
1493 4175 1896 4245 operationem
1931 4193 2036 4231 an-

381 4249 648 4320 gelorum
673 4245 1128 4320 motusquidam
1151 4245 1532 4320 fiebatgieiuti
1579 4247 1947 4320 audientium
1971 4263 2037 4302 ac

380 4316 732 4376 videntium.
769 4316 987 4372 Idcirco
1020 4321 1077 4371 et
1107 4316 1215 4372 soli
1249 4317 1586 4383 audiebant,
1639 4318 1867 4388 solique
1908 4335 2036 4374 cere

379 4394 623 4460 nebant,
657 4391 810 4445 sicut
841 4395 898 4444 et
928 4390 985 4443 in
1037 4388 1306 4444 Samuele
1339 4388 1768 4444 manifestatur.
1806 4389 2035 4445 Eliseus

378 4466 560 4521 etiam
593 4464 758 4518 solus
807 4461 1089 4516 audiebat
1116 4476 1342 4526 vocem,
1377 4477 1496 4530 qua
1538 4466 1778 4514 vocatus
1829 4467 1940 4516 est.
1972 4461 2033 4517 Si

376 4542 574 4594 autem
594 4539 750 4591 esset
769 4533 1082 4588 manifesta
1101 4535 1160 4586 et
1175 4531 1508 4587 communis
1523 4549 1649 4596 vox,
1668 4532 1738 4586 ab
1757 4532 2036 4588 omnibus

2159 1948 2355 2021 fuerit,
2389 1954 2460 2010 ab
2491 1948 2620 2023 ejus
2653 1948 3356 2023 interprete‘lectitatam,
3389 1948 3644 2023 huicque
3673 1948 3808 2023 usui

2159 2019 2350 2083 fuisse
2399 2025 2492 2079 vix
2523 2019 2555 2080 ἐι
2615 2019 2912 2096 quoquam
2947 2022 3010 2096 in_
3054 2020 3302 2096 dubium
3357 2020 3565 2096 merito
3615 2019 3808 2074 vocari

2158 2104 2353 2171 queat.
2376 2090 2711 2166 Aliquando
2734 2090 2888 2155 vero.
2914 2093 3015 2149 sed
3045 2093 3237 2146 rarius
3259 2097 3378 2171 tam
3404 2090 3806 2171 suilla-quam

2159 2162 2415 2228 aGrzeco
2465 2162 2669 2224 earum
2720 2171 2877 2222 textu
2930 2180 3249 2235 parumper
3279 2163 3546 2219 discedit.
3602 2162 3807 2235 Utrum

2158 2247 2352 2298 autem
2385 2241 2519 2296 inde
2573 2239 2772 2310 colligi
2806 2234 2991 2309 possit
3021 2237 3092 2290 ab
3124 2234 3252 2310 ipso
3284 2251 3352 2290 ea
3381 2235 3576 2310 verba,
3609 2251 3642 2290 a
3679 2234 3809 2289 vul-

2158 2319 2296 2387 gata
2325 2312 2594 2368 versione
2625 2317 2687 2387 et
2711 2307 3100 2387 Qrdzcotextu
3131 2307 3553 2387 discrepantia,
3585 2323 3807 2361 memo-

2158 2378 2298 2441 riter
2329 2389 2562 2440 tantum
2596 2383 2819 2439 reddita
2855 2381 3057 2451 fuisse,
3090 2383 3163 2434 ab
3194 2378 3344 2435 aliis
3369 2379 3596 2446 audire,
3629 2393 3810 2450 quam

2157 2457 2273 2514 alia
2287 2458 2382 2511 uid
2416 2461 2677 2511 statuere
2709 2453 3027 2509 malumus.

2229 2477 2233 2512 ι
2287 2475 2382 2511 ιιιει
2416 2475 2677 2511 Statuere
2709 2475 3027 2509 malumus.

2229 2475 2566 2585 laotandum
2613 2529 2857 2597 insuper
2882 2541 2916 2597 a
2946 2521 3114 2579 nobis
3165 2525 3256 2578 est
3285 2538 3390 2577 cur
3419 2525 3475 2597 et
3509 2521 3806 2592 quomodo

2156 2607 2361 2658 auctor
2391 2607 2593 2656 noster
2645 2593 3088 2669 Evangeliumia
3116 2597 3305 2669 Marco
3354 2593 3644 2669 scriptum
3678 2610 3809 2669 esse

2154 2672 2471 2730 censuerit.
2504 2675 2581 2726 De
2629 2670 2739 2726 hoc
2768 2665 2984 2725 etenim
3036 2666 3122 2721 ita
3151 2666 3249 2721 ille
3307 2665 3652 2735 pronuntiat
3710 2666 3751 2702 ιτ
3787 2681 3802 2720 :

2157 2765 2187 2796 «
2219 2745 2450 2800 Marcus
2497 2742 2649 2798 Petri
2681 2746 2954 2807 sectator,
2997 2739 3193 2811 palam
3235 2737 3586 2811 praedicante
3632 2737 3803 2811 Petro

2153 2815 2761 2899 Evangeliumﬁom‘aa
2811 2809 3400 2899 e‘o‘ram'quibusdam
3447 2809 3804 2899 Caes‘areanis

2152 2880 2475 2958 equitibus,
2505 2889 2562 2958 ert
2592 2885 2780 2940 multa
2817 2881 3034 2958 Christi
3072 2880 3408 2958 testimonia
3448 2881 3798 2958 proferente,

2152 2951 2375 3030 petitus
2393 2951 2470 3014 ab»
2496 2957 2604 3022 eis,
2632 2961 2700 3011 ut
2725 2957 2964 3030 possent
2985 2969 3114 3030 quas
3137 2951 3486 3030 dicebantu_r
3507 2951 3802 3030 memoria:

2151 3023 2586 3096 commendare,
2644 3023 2882 3099 scripsit
2905 3042 2976 3099 ex
3036 3023 3311 3099 his,_quae
3370 3023 3602 3078 aPetro
3647 3023 3802 3099 dicta

2150 3107 2309 3173 sunt,
2336 3099 2738 3173 Evangelium,
2765 3095 2920 3170 quod
2953 3095 3281 3173 secundum
3305 3099 3562 3173 Marcum
3587 3095 3804 3173 vocita-

2149 3180 2266 3229 tur.
2295 3167 2333 3224 ’››
2369 3167 2525 3239 ρυὶεἷ
2541 3171 2719 3237 enim,
2772 3167 2994 3243 quisse,
3029 3171 3237 3243 praeter
3267 3167 3450 3221 istum
3501 3171 3802 3243 auctorem

687 3257 853 3322 esum
881 3238 1201 3322 Qut-istum,
1224 3261 1251 3288 »
1280 3239 1401 3322 haec
1418 3238 1638 3322 scripta
1659 3246 1798 3294 sunt
1822 3238 2034 3322 :uSic-
2069 3255 2112 3322 ρ
2152 3246 2300 3322 dixit
2350 3238 2611 3322 Marcum
2643 3238 3205 3322 ideo'Evangel-ium
3239 3255 3433 3322 suum.
3466 3238 3800 3322 scripsisse,

2150 3318 2290 3390 quia
2327 3339 2349 3368 ι
2380 3334 2413 3373 a
2433 3315 2851 3390 quibusdam,»
2874 3312 3231 3390 qui_P_etrum
3259 3309 3672 3390 praedicantem
3688 3327 3803 3390 aut

2150 3381 2382 3445 dierant
2409 3381 2826 3444 «'(Zaesareanis
2858 3381 3155 3454 euuilibus
3180 3381 3397 3453 petitus
3430 3404 3458 3430 ››
3485 3381 3714 3436 fuerat?
3738 3383 3805 3436 Et

2149 3466 2304 3517 certe
2334 3461 2602 3517 Clemens
2629 3457 3081 3520 Alexandrinus,
3109 3458 3426 3508 utczeteros
3459 3455 3802 3524 practermit-

2147 3537 2369 3598 tamus,
2421 3531 2593 3602 longe
2622 3530 2795 3602 aliter
2843 3526 3150 3602 sentiebat.
3183 3528 3263 3602 _In
3306 3525 3468 3602 illius
3501 3525 3801 3602 siquidem

2148 3597 2571 3676 Hypotyposeo'n
2623 3601 2812 3670 libris,
2872 3600 3028 3676 sicut
3073 3615 3152 3676 ex
3183 3597 3432 3652 Eusebio
3482 3597 3620 3676 alibi
3656 3597 3803 3652 vidi-

2149 3669 2282 3732 mus
2320 3669 2622 3744 “Marcus
2653 3671 3034 3742 Evangelium
3066 3674 3208 3744 tunc
3236 3669 3642 3744 composuisse
3673 3685 3800 3739 per-

2147 3741 2404 3812 hibetur,
2429 3752 2751 3819 postquam
2768 3741 2958 3819 mam,
2977 3743 3076 3819 qui
3098 3743 3334 3819 Petrum
3357 3741 3802 3819 concionantem

2148 3813 2479 3886 audierant,
2525 3813 2661 3873 eum
2695 3816 2840 3872 illud
2878 3814 3259 3870 scribeudum
3303 3813 3801 3886 lfuissenticohor-

2149 3893 2274 3947 tati.
2310 3892 2393 3947 Ibi
2453 3885 2650 3946 autem
2685 3887 2834 3943 nihil
2867 3889 2939 3943 de
3000 3885 3354 3943 Caesareum}
3406 3885 3704 3955 equilibus,
3738 3903 3804 3940 ac

2147 3965 2331 4020 multo
2366 3963 2565 4018 minus
2595 3963 2666 4016 de
2697 3959 3024 4024 quibusdam
3047 3957 3333 4024 occurrit;
3366 3959 3466 4011 sed
3501 3957 3807 4012 indeﬁnite

2145 4037 2364 4102 multos,
2400 4036 2593 4091 Graece
2622 4028 2895 4092 πολλούς.
2950 4030 3222 4102 legimus.
3258 4028 3463 4084 Utrum
3497 4046 3632 4084 vero
3667 4029 3803 4102 inde

2146 4099 2360 4164 inferri.
2409 4105 2594 4164 possit
2670 4105 2775 4159 has
2835 4099 3318 4159 adum'brationes
3397 4105 3597 4154 nostro
3672 4099 3800 4154 Cle-

2147 4178 2328 4235 menti
2358 4171 2748 4233 Alexandrino
2774 4189 3078 4244 perperam
3110 4171 3346 4236 ascribi,
3367 4171 3801 4244 noniaudemus

2145 4251 2387 4306 omnino
2425 4241 2830 4304 asseveranter
2863 4241 3180 4300 afﬁrmare.
3231 4241 3381 4298 Fieri
3413 4241 3570 4298 enim
3608 4247 3800 4311 potest

2145 4328 2211 4377 ut
2241 4321 2338 4376 ille
2371 4321 2430 4374 in
2461 4317 2953 4390 deperditis_suis
2985 4314 3186 4390 libris,
3224 4314 3418 4369 varias
3446 4315 3794 4390 aliquando,

2145 4398 2322 4463 atque
2353 4386 2884 4446 etiam'contrarias
2923 4387 3128 4443 eadem
3155 4387 3228 4442 de
3258 4402 3320 4442 re
3364 4386 3670 4458 opiniones
3703 4403 3796 4442 re-

2141 4464 2595 4604 ιυὶξίέιὲἱιιειόθῐιι
2625 4547 2760 4587 vero
2801 4531 3118 4604 Clementis
3160 4528 3512 4604 sententiam
3544 4529 3643 4604 his
3669 4546 3800 4602 pro-

377 4604 1113 4700 przeseptibusua-udiretur
1137 4619 1344 4700 imane
1367 4607 1568 4700 autem
1600 4620 1635 4700 si
1663 4602 1888 4700 soloi,.in
1916 4621 2036 4700 quq
2070 4636 2114 4700 Β
2149 4607 2302 4700 pius
2344 4601 2548 4700 auctor
2603 4608 2802 4700 Inoster
2860 4601 3376 4700 apcessite'veruis,
3410 4618 3540 4672 quae
3601 4601 3685 4656 abi
3730 4619 3799 4700 eq

375 4674 735 4752 operabatur
762 4680 984 4752 motus,
1016 4675 1114 4752 qui
1135 4675 1207 4730 ab
1230 4674 1656 4752 augetuﬁebat,
1683 4675 1880 4731 audita
1902 4674 2036 4752 est.]

373 4746 590 4808 Totum
610 4754 806 4806 autem
832 4747 988 4802 haud
1009 4747 1284 4816 exiguum
1300 4746 1409 4802 hoc
1423 4748 1840 4817 fragmentum,
1862 4746 2032 4803 uncis

376 4824 698 4888 inclusum,
734 4818 959 4874 nullam
1005 4819 1240 4891 penitus
1289 4835 1423 4891 cum
1476 4819 1941 4889 praacedentibus
1963 4837 2030 4875 ac

378 4893 910 4965 subsequentibus,
945 4890 1134 4961 neque
1161 4906 1293 4965 cum
1317 4890 1631 4962 ipsiusmet
1651 4892 1898 4965 Joannis
1919 4909 2030 4965 apo

374 4968 533 5035 stoli,
567 4961 697 5038 quae
716 4961 1316 5038 explicanturyerbis
1346 4961 1454 5018 nec
1471 4963 1902 5038 conuentionem
1925 4961 2027 5019 ha-

376 5041 495 5101 bet.
520 5033 637 5093 Vnec
666 5033 1039 5108 afﬁnitatem.
1083 5037 1281 5104 Itaque
1311 5051 1346 5089 a
1394 5033 1546 5089 male
1593 5035 1796 5108 feriato
1831 5035 2030 5108 aliquo

376 5113 666 5183 scriptore
694 5107 840 5183 iliud
876 5106 1196 5183 adjectum,
1228 5110 1330 5183 aut
1361 5107 1816 5183 amanuensium
1849 5106 2030 5183 libra-

372 5177 591 5239 riorum
624 5177 986 5251 negligentia
1033 5182 1091 5251 et
1120 5178 1435 5251 oscitantis
1459 5177 1604 5251 loco
1635 5196 1741 5234 suo
1783 5180 2029 5235 forsitan

373 5261 599 5310 motum
634 5249 743 5308 est.
781 5249 968 5321 Magis
1000 5249 1296 5321 siquidem
1329 5250 1472 5306 illud
1508 5255 1773 5322 spectare
1802 5252 2034 5307 videtur

370 5329 444 5382 ad
478 5343 564 5390 ea.
603 5342 730 5397 quas
757 5322 930 5397 prius
976 5323 1498 5397 au_ct9r_nos_ter_in
1545 5327 1720 5397 caput
1766 5323 2029 5397 tertium,

367 5416 516 5455 vers.
552 5393 646 5466 22',
681 5395 888 5467 prima
919 5393 1380 5467 PetriiEpistolae
1410 5394 1568 5451 hunc
1601 5393 1660 5449 in
1696 5395 1938 5467 modum
1971 5397 2031 5450 di

364 5475 571 5528 xerat:
601 5465 639 5520 «ί
682 5465 961 5535 Subjectis
1014 5465 1127 5520 sibi
1154 5467 1384 5535 angelis,
1445 5467 1546 5536 qui
1605 5472 1748 5522 sunt
1799 5466 2032 5537 primus

369 5545 515 5600 ordo
545 5559 557 5596 :
587 5546 647 5597 et
679 5537 939 5597 subditis
985 5539 1364 5608 potestatibus,
1416 5554 1544 5608 quas
1593 5543 1734 5593 sunt
1785 5540 2030 5594 secundi

368 5613 634 5672 ordinis:
669 5611 914 5682 subditis
935 5624 1170 5682 quoque
1202 5609 1518 5680 virtutibus,
1553 5627 1680 5682 qua:
1695 5611 1766 5666 ad
1790 5611 2032 5666 tertium

370 5688 640 5745 ordinem
677 5681 966 5756 pertinere
996 5679 1397 5756 declarantur.
1432 5704 1460 5732 ››

445 5752 744 5829 Quidquid
778 5758 977 5811 autem
1009 5753 1082 5808 de
1131 5752 1314 5824 hujus
1345 5753 1660 5826 fragmenti
1706 5752 2031 5825 additione,

2149 4673 2517 4735 continenter
2533 4677 3018 4747 subiunguntur:
3049 4696 3076 4723 «
3101 4673 3265 4729 Sicut
3291 4674 3472 4729 Lucas
3496 4691 3729 4745 quoque
3744 4679 3803 4729 et

2140 4754 2320 4806 Actus
2353 4745 2957 4821 apostolor’um’stylo
2988 4751 3299 4821 exsecutus
3346 4750 3717 4821 agnosceri-t,
3743 4751 3802 4800 et

2139 4823 2306 4879 Pauli
2340 4817 2412 4877 ab
2448 4822 2715 4876 Hebraeos
2747 4817 3170 4890 interpretatus
3198 4817 3544 4890 Epistolam.
3580 4840 3608 4867 ››
3629 4817 3798 4890 Prius

2139 4911 2274 4951 vero
2295 4893 2395 4948 ille
2424 4894 2688 4948 eamdem
2725 4891 2796 4946 ad
2833 4889 3115 4946 llaibraeos
3146 4889 3664 4962 Epistolam,cujus
3688 4889 3799 4960 pri-

2143 4983 2240 5023 ma
2295 4966 2471 5021 verba
2500 4964 2721 5030 citavit,
2766 4963 2946 5018 Paulo
2996 4961 3676 5030 adhuc’adjudicaverat.
3726 4962 3799 5014 At

2141 5037 2399 5104 Eusebii,
2426 5037 2551 5108 jam
2582 5054 2615 5091 a
2646 5035 2818 5091 nobis
2847 5033 3029 5108 citati,
3064 5034 3407 5108 auctoritate
3428 5049 3562 5108 sup,
3583 5032 3800 5108 dissert

2139 5114 2194 5177 2,
2229 5126 2354 5180 cap.
2388 5103 2446 5178 li;
2477 5112 2586 5164 art.
2646 5111 2702 5177 2,
2736 5106 3106 5162 ostendimus
3137 5104 3340 5180 eadem
3399 5105 3642 5180 omnino
3669 5103 3796 5180 Clef

2144 5175 2356 5237 mentis
2413 5175 2470 5235 et
2500 5182 2570 5235 de
2628 5175 2866 5234 Actibus
2927 5176 3354 5248 apostolorum,
3386 5180 3443 5231 et
3469 5176 3538 5230 de
3585 5175 3691 5230 hac
3721 5175 3793 5230 ad

2145 5254 2426 5325 Hebraeos
2446 5250 2708 5325 Epistola
2740 5250 2922 5325 fuisse
2952 5247 3312 5325 opinionem.

2212 5327 2298 5380 Ab
2331 5324 2465 5380 aliis
2497 5318 2695 5380 autem
2728 5318 3006 5376 dissentit
3046 5321 3198 5374 idem
3232 5323 3438 5374 auctor
3469 5323 3666 5373 noster
3697 5318 3797 5373 ubi

2142 5398 2215 5452 de
2245 5398 2339 5462 iis,
2374 5397 2445 5452 ad
2497 5411 2645 5467 quos
2678 5390 3210 5467 sepundadoapnis
3246 5390 3663 5467 Epistoladata
3685 5395 3794 5458 est,

2142 5469 2228 5525 sic
2280 5462 2591 5539 disputat:
2646 5487 2697 5539 «_
2736 5463 3008 5539 Secunda
3052 5462 3302 5539 deannis
3334 5462 3616 5539 Epistola,
3667 5479 3795 5539 quae

2141 5541 2214 5596 ad
2274 5535 2533 5611 virgines
2583 5537 2852 5611 scripta.,
2889 5535 3342 5611 simplicissima
3399 5540 3508 5611 e_s_t.
3567 5535 3798 5603 Scripta

2141 5629 2276 5669 vero
2336 5605 2427 5669 est
2454 5612 2526 5668 ad
2587 5605 2912 5682 quamdam
2943 5605 3346 5679 Babyloniam,
3407 5606 3660 5661 Electum
3691 5622 3795 5661 no-

2145 5700 2452 5812 ωῑὲἓῖιέιο
2483 5754 2606 5810 haec
2637 5749 3150 5824 Epistola,directa
3180 5754 3269 5807 est
3299 5750 3528 5819 Electae,
3557 5749 3645 5803 καὶ
3677 5753 3795 5810 τοῖς

453 5941 498 5976 ¹⁶
529 5938 610 5994 De
634 5934 837 6006 script.
871 5934 1080 5992 eccies.
1112 5938 1254 5990 tom.
1295 5934 1331 5988 l.
1368 5950 1424 6004 p.
1458 5934 1583 5988 239.
1666 5936 1708 5970 1⁷
1740 5934 1798 5990 in
1830 5935 1981 5991 Petr.
2011 5934 2262 6008 IEpist.,
2293 5953 2344 5992 c.
2377 5953 2430 6007 ν,
2463 5951 2518 5990 v.
2553 5934 2618 5989 14
2698 5933 2740 5967 ¹⁸
2771 5931 2955 5988 disert
2985 5933 3186 6002 sup.2,
3211 5948 3261 5988 c.
3283 5933 3336 6004 4,
3368 5934 3478 5989 art.
3508 5931 3564 6000 2,
3595 5930 3800 6004 p.924,
