4232 6256
2607 341 2826 352 ...-....

380 326 3656 401 W

687 533 1579 742 EDITIONIS
1663 537 2326 669 MAFFEI
2406 543 3352 677 PREFATIO.
3694 483 3703 494 ’

386 837 414 847 ν.

1388 800 2128 855 -η--ιςῖᾢκᾴ

2129 808 2695 844 ==———-——

433 1003 568 1059 Cum
596 999 994 1072 deprehensum
1041 1011 1213 1068 nuper
1243 995 1314 1050 sit
1338 994 1397 1049 S.
1441 991 1628 1047 Hilarii
1659 987 1963 1044 Pictavien-
1991 985 2040 1046 Α
2073 985 2294 1052 tionem,
2323 995 2380 1042 ut
2405 989 2600 1045 eruditi
2630 993 2801 1048 seculi
2832 995 2990 1066 genio
3026 1012 3230 1054 morem
3275 1014 3483 1071 geram,
3509 1002 3670 1060 exhi-

362 1100 439 1154 sis
469 1111 634 1168 opera
656 1095 708 1150 in
745 1107 906 1164 quam
937 1090 1120 1145 multis
1146 1077 1838 1145 bibliothecisdesiderari,
1867 1094 1964 1135 ve—

363 1193 504 1249 nalia
536 1205 667 1245 vero
694 1190 747 1243 in
770 1187 921 1243 Italia
956 1185 1204 1240 universa
1234 1183 1318 1237 vix
1351 1179 1610 1250 reperiri,
1637 1176 1967 1247 praestantis-

362 1288 531 1340 simus
560 1281 956 1338 Canonicorum
988 1275 1381 1334 Veronensium
1423 1280 1617 1332 cmtns,
1641 1281 1803 1339 atque
1829 1267 1965 1321 adeo

359 1379 476 1448 ejus
527 1372 976 1443 Archiprcsbyter
1010 1369 1246 1426 Joannes
1290 1364 1614 1421 Franciscus
1659 1360 1961 1423 Musellius,

359 1466 664 1523 studiorum
713 1461 892 1518 fautor
931 1459 1248 1524 acerrimus,
1292 1457 1608 1526 piarumque
1649 1469 1714 1508 ac
1743 1453 1966 1509 eximia-

360 1573 478 1614 rum
507 1571 688 1612 rerum
715 1561 1006 1625 perpetuus
1035 1559 1242 1614 auctor,
1273 1545 1656 1603 vetustissimis
1677 1545 1838 1600 etiam
1860 1544 1963 1598 Ca-

355 1649 685 1723 pitularibus
736 1645 1016 1702 codicibus
1059 1657 1254 1697 novam
1300 1641 1589 1695 editionem
1621 1646 1711 1693 aut
1753 1638 1960 1708 augeri,

357 1753 451 1798 aut
480 1753 807 1811 magnopere
838 1736 1092 1793 illustrari
1117 1748 1277 1804 posse
1316 1741 1624 1802 sperantes,
1657 1740 1715 1785 ut
1739 1730 1962 1800 praecla-

357 1835 555 1891 rissimi
585 1833 756 1888 Patris
782 1831 980 1899 scripta
1008 1829 1058 1882 in
1088 1827 1190 1882 hac
1214 1826 1435 1880 civitate
1468 1825 1608 1895 typis
1644 1823 1823 1879 denuo
1853 1831 1961 1876 tra-

355 1925 636 1989 darentur,
688 1921 1039 1977 constituere.
1088 1916 1222 1972 Cum
1269 1929 1400 1970 vero
1440 1929 1558 1969 eam
1603 1912 1734 1967 mihi
1773 1926 1956 1967 curam

353 2014 682 2073 demandare
707 2012 1016 2082 placuisset,
1040 2008 1303 2075 viderem,
1353 2022 1421 2062 ne
1467 2006 1595 2077 quid
1643 2005 1810 2060 editio
1843 2005 1957 2059 haec

349 2105 665 2164 detrimenti
700 2113 954 2174 caperet;
995 2101 1122 2170 quin
1152 2101 1194 2154 si
1219 2097 1517 2154 anteriores
1571 2111 1762 2152 omnes
1816 2110 1957 2151 novo

349 2199 643 2256 accedente
671 2196 870 2263 studio,
905 2205 1066 2265 atque
1112 2193 1318 2248 iteratis
1347 2192 1492 2248 curis
1514 2189 1826 2260 supergredi
1858 2204 1954 2245 no-

347 2293 435 2350 bis
474 2293 681 2356 liceret,
731 2300 788 2345 ut
817 2288 870 2343 id
916 2300 1252 2358 nequaquam
1306 2284 1840 2354 praetermitteretur;
1884 2281 1952 2337 ad

2069 1077 2199 1133 bere
2228 1096 2411 1152 pergo.
2440 1082 2593 1139 Alter
2622 1101 2690 1140 ex
2713 1087 2816 1142 illis
2843 1103 2981 1158 opus
3007 1093 3249 1148 continet
3275 1094 3342 1150 de
3382 1096 3665 1156 Trinitate.

2073 1169 2233 1226 Liber
2254 1186 2338 1228 est
2363 1177 2586 1231 maximi
2613 1179 3175 1253 moduli,singularem
3201 1197 3310 1242 tum
3339 1189 3667 1258 litterarum,

2070 1273 2180 1317 tum
2237 1267 2562 1323 membrana:
2618 1272 3064 1341 magniﬁcentiam
3119 1285 3436 1346 ostentans,
3503 1281 3673 1352 ﬁgura

2067 1356 2350 1424 quadrata,
2381 1359 2498 1413 laevi
2527 1361 2710 1416 charta
2731 1377 2795 1418 ac
2817 1365 3132 1436 plerumque
3147 1370 3349 1436 subtili,
3366 1381 3670 1432 atramento

2066 1447 2331 1550 iuilavum
2361 1461 2638 1522 vergente,
2665 1457 2928 1525 scriptura
2960 1459 3140 1526 biﬁda,
3167 1475 3325 1533 atque
3355 1481 3384 1518 a
3411 1472 3670 1538 temporis

2069 1539 2277 1607 injuriis
2304 1541 2536 1596 intacta:
2564 1544 2673 1600 oris
2698 1547 2804 1602 late
2831 1548 3416 1612 circmnalbicantibus.
3445 1557 3668 1631 Integra:

2068 1634 2273 1703 pagina:
2303 1637 2581 1704 exemplar
2607 1640 2778 1697 vides.

2138 1747 2334 1804 Eadem
2369 1766 2579 1821 manus,
2613 1755 2748 1810 nihil
2804 1774 3024 1828 prorsus
3066 1763 3132 1817 ab
3176 1763 3277 1819 hac
3312 1767 3665 1838 amplitudine

2064 1848 2119 1894 et
2146 1842 2428 1912 scriptum
2473 1847 2757 1917 majestate
2786 1851 3101 1919 deﬂectens,
3136 1866 3340 1925 perstat
3382 1875 3552 1931 usque
3597 1864 3667 1920 ad

2062 1941 2384 2009 extremum.
2421 1935 2533 1992 Sub
2557 1939 2714 1993 ﬁnem
2747 1950 2854 1996 tres
2885 1954 2978 1998 aut
3021 1956 3253 2014 quatuor
3289 1946 3668 2009 desiderantur
3724 1969 3725 1972 ‘

2060 2026 2282 2090 chartae,
2316 2041 2643 2099 quapropter
2679 2047 2778 2086 nec
2814 2033 3044 2104 librarii,
3078 2053 3177 2093 nec
3207 2043 3466 2111 temporis
3495 2057 3661 2115 supe-

2062 2124 2174 2170 rcst
2201 2120 2482 2184 nota;sed
2506 2122 2694 2191 quinto
2723 2133 2816 2178 aut
2842 2137 2996 2181 sexto
3016 2129 3201 2184 seculo
3243 2144 3522 2189 exaratum
3563 2152 3661 2191 co-

2059 2206 2232 2264 dicem
2261 2210 2456 2268 indicia
2491 2215 2814 2284 persuadent
2832 2221 3034 2276 omnia.
3062 2223 3413 2293 Antiquitatis
3433 2228 3662 2300 gloriam

2059 2301 2280 2357 minime
2305 2318 2434 2372 ergo
2474 2305 2647 2362 codex
2693 2318 2878 2364 noster
2924 2314 3221 2383 percelebri
3273 2317 3350 2373 illi
3390 2323 3664 2389 concedit,

347 2394 680 2454 postremam
729 2379 1016 2450 praecipue,
1047 2392 1169 2446 qua:
1213 2391 1242 2430 a
1294 2374 1658 2430 Benedictinis
1696 2373 1941 2429 Maurina

2057 2391 2147 2460 qui
2175 2392 2226 2447 in
2258 2393 2493 2451 Archivo
2526 2397 2793 2454 Vaticana:
2822 2403 3065 2458 Basilica:
3088 2408 3409 2480 custoditur,
3437 2422 3491 2467 et
3512 2373 3661 2471 velut

345 2475 779 2546 congregationis
819 2469 1096 2527 Monachis
1135 2469 1412 2524 elaborata
1461 2477 1567 2534 est,
1602 2483 1671 2523 ne
1699 2467 1826 2522 dum
1861 2467 1946 2522 in-

345 2569 698 2640 spiciendam,
728 2565 825 2622 sed
850 2574 1106 2637 quantum
1140 2563 1338 2633 ingenii
1379 2563 1482 2619 mei
1515 2564 1746 2618 tenuitas
1802 2561 1947 2618 fere-

343 2661 460 2726 bat,
487 2657 862 2716 excutiendam
903 2657 1063 2712 etiam
1105 2668 1167 2708 ac
1197 2653 1566 2724 pensitandam
1605 2667 1692 2708 me
1721 2651 1946 2708 contuli.

346 2752 727 2808 Verumtamen
771 2749 916 2805 illam
958 2755 1065 2802 tam
1110 2745 1289 2810 docte,
1319 2754 1426 2799 tam
1476 2743 1781 2814 diligenter,
1840 2752 1945 2797 tam

342 2844 586 2901 studiose
615 2841 940 2906 confectam,
973 2839 1318 2908 numerisque
1354 2836 1605 2890 omnibus
1641 2835 1944 2890 absolutam

343 2937 626 3008 percipere
650 2932 780 2988 mihi
811 2932 958 2986 visus
986 2945 1128 2995 sum,
1161 2938 1219 2983 ut
1254 2928 1324 2983 ab
1353 2943 1414 2982 ea
1445 2927 1801 2983 recedendum
1845 2926 1947 2981 mi-

345 3028 490 3084 nime
519 3023 893 3088 existimarim,
921 3031 975 3078 et
1005 3022 1198 3092 piaculi
1233 3021 1352 3076 loco
1380 3021 1622 3075 duxerim
1670 3019 1946 3075 intermis-

343 3135 470 3175 cere
509 3117 823 3188 quidquam,
874 3115 1210 3184 laudatmque
1253 3127 1440 3166 eorum
1480 3110 1746 3166 editorum
1788 3110 1944 3164 indu-

343 3215 492 3269 striae
574 3210 1079 3283 quomodocumque
1155 3220 1347 3262 manus
1427 3205 1646 3259 inferre.
1741 3206 1944 3259 Auctor

347 3315 634 3379 prapterea
672 3302 767 3369 fui,
795 3312 853 3357 ut
882 3300 1127 3356 Parisina
1158 3299 1316 3368 plane
1345 3295 1512 3352 editio
1549 3293 1937 3360 recuderetur;

339 3397 500 3454 simul
525 3406 725 3462 tamen,
757 3393 900 3466 quod
924 3392 1082 3448 unice
1108 3391 1263 3446 nobis
1293 3397 1563 3459 superest,
1590 3387 1842 3458 quicquid
1872 3387 1940 3443 ad

336 3507 458 3547 eam
482 3487 777 3543 ornandam
809 3502 875 3542 ex
898 3499 1029 3541 mss.
1059 3483 1336 3540 codicibus
1364 3485 1561 3538 nostris
1589 3482 1703 3537 erui
1736 3488 1936 3551 posset,

335 3577 1147 3651 excerpereturdiligentissime
1169 3575 1405 3646 atquein
1437 3574 1706 3644 publicum
1738 3573 1936 3628 bonum

335 3675 693 3732 emitteretur.
723 3670 908 3740 Neque
943 3668 1086 3725 enim
1125 3667 1376 3723 assentiri
1408 3666 1654 3736 profecto
1697 3679 1933 3736 possem,

2058 2480 2215 2538 unice
2243 2487 2646 2544 vetustissimus
2677 2491 2742 2545 ad
2770 2480 2908 2548 hanc
2938 2493 3082 2550 diem
3113 2497 3509 2568 depraedicatus
3533 2516 3616 2560 est
3641 2525 3656 2561 :

2054 2575 2196 2644 quod
2247 2577 2390 2631 enim
2440 2595 2561 2634 eum
2612 2580 2673 2635 P.
2730 2583 3070 2642 Mabillonius
3123 2588 3345 2659 dixerit,
3397 2596 3660 2665 scriptum

2053 2681 2175 2760 esse
2203 2669 2296 2722 sub
2322 2672 2476 2739 ﬁnem
2513 2676 2672 2729 seculi
2706 2680 2876 2744 quarti
2905 2690 2994 2733 aut
3034 2682 3240 2738 ineunte
3287 2687 3490 2754 quinto,
3537 2705 3658 2760 qua:

2053 2759 2217 2814 verba
2246 2761 2304 2815 P.
2336 2761 2616 2820 Cutantius
2642 2771 2834 2837 repetit
2861 2772 2912 2825 in
2944 2774 3264 2842 praefatione
3285 2818 3298 2842 ,
3341 2779 3392 2833 id
3423 2795 3575 2836 mero
3598 2793 3661 2837 et

2050 2849 2415 2908 involuntario
2446 2856 2598 2926 lapsu
2623 2860 2755 2914 viris
2785 2861 3114 2918 doctissimis
3159 2867 3433 2925 excidisse
3473 2883 3646 2941 patet,

2047 2954 2167 2995 cum
2198 2943 2264 2998 ad
2295 2960 2494 3001 annum
2527 2948 2794 3006 decimum
2820 2963 2874 3008 et
2894 2957 3384 3026 quingentesimum
3407 2964 3651 3033 ejusdem

2047 3035 2390 3092 collationem
2421 3053 2677 3098 revocent
2706 3060 2719 3097 :
2749 3059 2857 3115 quo
2877 3058 3109 3118 constat,
3154 3054 3246 3107 sub
3297 3056 3454 3124 ﬁnem
3490 3062 3657 3115 seculi

2045 3128 2228 3223 quinti,
2261 3141 2350 3182 aut
2377 3132 2581 3188 ineunte
2603 3144 2746 3189 sexto
2792 3136 2891 3208 (Re
2921 3138 3067 3210 Dipl.
3092 3141 3180 3197 lib.
3233 3160 3287 3211 v,
3335 3165 3457 3218 pag.
3491 3151 3647 3223 550),

2045 3221 2429 3277 enuntiandum
2458 3223 2643 3280 fuisse.
2673 3227 2866 3283 Verum
2889 3233 3151 3302 suspicari
3175 3251 3262 3290 me
3280 3221 3651 3308 vehementer,

2045 3310 2503 3381 hallucinatiouis,
2544 3326 2635 3372 aut
2659 3322 2861 3375 erroris
2889 3323 3160 3394 quidpiam
3188 3328 3239 3382 in
3262 3329 3466 3398 judicio
3493 3333 3560 3391 de
3581 3349 3651 3392 eo

2042 3403 2228 3459 codice
2254 3405 2320 3459 ad
2353 3404 2491 3461 hanc
2521 3407 2663 3464 diem
2697 3411 2806 3466 lato
2837 3415 3082 3484 subesse,
3113 3419 3420 3490 aclatitare,
3445 3438 3648 3495 nequa-

2043 3512 2203 3568 quam
2235 3498 2535 3556 dissimulo.
2574 3503 2832 3568 Quamvis
2861 3509 3002 3560 enim
3042 3525 3071 3563 e
3100 3511 3483 3569 Mabilloniano
3521 3533 3650 3587 spe-

2040 3592 2238 3648 cimine
2263 3593 2458 3648 eximia
2492 3595 2616 3651 libri
2647 3605 2887 3654 vetustas
2920 3611 3198 3671 appareat,
3232 3620 3340 3661 non
3376 3608 3648 3676 ejusmodi

2038 3695 2262 3754 apparet
2292 3695 2490 3752 tamen,
2544 3703 2663 3757 qua:
2705 3691 3000 3746 secundum
3044 3696 3453 3755 observationes
3493 3716 3645 3758 com-

335 3769 472 3823 utin
497 3767 597 3820 hac
636 3764 771 3820 urbe
799 3776 1016 3834 quoque
1062 3776 1178 3816 mos
1209 3759 1534 3831 arriperetur
1563 3774 1748 3813 eormn
1784 3767 1936 3829 typo-

2045 3778 2276 3833 muniter
2312 3778 2580 3835 adbibit-as
2627 3797 2795 3852 usque
2823 3800 2888 3839 eo
2927 3789 3173 3843 revocari
3218 3791 3408 3859 possit.
3453 3792 3644 3852 Testes

334 3859 688 3932 graphorum,
728 3856 819 3927 qui
875 3856 1082 3909 lucrum
1109 3857 1425 3924 papyraceis
1467 3852 1733 3906 mercibus
1773 3864 1938 3906 aucu-

338 3952 534 4024 paturi,
556 3951 626 4005 de
651 3957 954 4004 atramento
980 3961 1044 4002 ac
1070 3946 1138 4001 de
1172 3944 1481 4000 chartarum
1505 3944 1755 4013 plaustris
1778 3944 1935 3998 unice

332 4054 464 4101 sunt
491 4043 729 4108 solliciti,
746 4056 970 4112 remque
995 4039 1267 4095 librariam
1290 4054 1320 4094 e
1357 4037 1605 4093 litteratis
1628 4036 1936 4093 hominibus

333 4137 572 4209 pendere
615 4137 944 4208 ignorantes,
977 4134 1239 4190 editiones
1272 4131 1394 4187 alibi
1427 4131 1594 4186 factas
1636 4131 1785 4185 nullo
1815 4141 1930 4185 stu-

332 4229 423 4284 dio
449 4228 734 4293 recudunl,
766 4226 997 4282 consilio
1040 4226 1207 4280 nullo.
1238 4225 1276 4281 li
1309 4224 1515 4279 scilicet
1544 4238 1610 4278 ne
1638 4222 1705 4278 de
1737 4223 1932 4292 praefa-

332 4322 567 4377 tiuncula
595 4321 843 4376 addenda
874 4320 1110 4391 cogitant
1136 4318 1374 4387 quidem,
1423 4316 1620 4371 nedum
1675 4315 1932 4373 illustrari

332 4421 489 4475 novis
517 4416 685 4482 curis,
718 4423 875 4484 atque
893 4414 1078 4482 augeri
1118 4421 1360 4466 veterum
1394 4408 1730 4478 Scriptorum
1753 4408 1931 4478 Opera

330 4521 605 4586 satagunt;
632 4511 757 4582 quin
786 4523 906 4562 cum
936 4507 1042 4562 duo
1069 4516 1160 4560 aut
1191 4505 1312 4571 tria,
1335 4504 1547 4558 titulum
1582 4501 1927 4567 exhibentes,

328 4609 399 4664 de
419 4621 519 4661 suo
551 4603 792 4675 proferre
820 4599 982 4655 verba
1005 4605 1285 4669 cogantur,
1333 4596 1421 4650 illa
1469 4593 1684 4666 ipsimet
1738 4593 1926 4662 adjun.

327 4709 484 4772 gunt,
511 4708 670 4771 atque
698 4696 900 4751 sulceco
927 4693 1125 4763 aliquo,
1155 4692 1214 4746 si
1248 4691 1357 4746 Deo
1387 4689 1585 4761 placet,
1633 4689 1720 4744 vel
1750 4686 1928 4758 lepida

326 4793 559 4866 quadam
601 4791 890 4846 ridiculave
920 4785 1146 4842 formula
1196 4784 1316 4840 libri
1358 4784 1588 4838 frontem
1635 4781 1929 4850 insigniunt

325 4884 654 4958 quandoque
687 4897 750 4937 ac
779 4880 1130 4950 distinguunt.
1162 4877 1558 4948 Deplorandum
1601 4876 1724 4940 hoc,
1763 4884 1817 4930 et
1849 4872 1927 4927 fa-

326 4981 437 5033 tale
496 4975 881 5048 propemodmn
927 4973 1111 5028 Italico
1170 4971 1371 5027 nomini
1415 4969 1616 5024 malum
1667 4965 1807 5021 haud
1853 4966 1924 5021 ita

325 5069 570 5143 profecto
595 5068 865 5138 glisceret,
889 5066 1050 5121 modo
1084 5066 1170 5137 qui
1201 5064 1369 5120 libros
1403 5063 1613 5119 delectu
1654 5061 1802 5116 nullo
1825 5102 1839 5127 ,
1870 5068 1926 5116 et

2042 3870 2290 3940 appello,
2331 3871 2659 3943 quicumque
2713 3877 2764 3929 in
2807 3879 2999 3946 priscis
3043 3883 3418 3952 perquirendis
3446 3888 3647 3944 codici-

2041 3960 2162 4029 bus,
2223 3976 2286 4016 ac
2336 3964 2572 4019 terendis
2627 3965 2850 4023 minime
2898 3969 3315 4038 perfunctoriam
3361 3979 3648 4046 posuerint

2038 4068 2280 4124 operam.
2312 4054 2474 4110 Liber
2502 4057 2765 4126 siquidem
2794 4059 2863 4114 de
2906 4077 3013 4129 quo
3039 4064 3247 4132 agimus
3284 4081 3347 4120 ea
3375 4069 3641 4138 scriptura

2037 4155 2268 4210 constat,
2293 4145 2346 4200 in
2377 4161 2537 4216 quam
2570 4149 2807 4218 sequiori
2853 4165 2969 4206 {evo
3015 4155 3216 4210 sensim
3257 4155 3475 4214 deflexit
3531 4161 3640 4218 Ro-

2037 4248 2316 4290 manorum
2350 4239 2596 4306 uncialis,
2625 4241 2744 4295 solo
2782 4241 2826 4296 N
2866 4243 3124 4314 majorem
3165 4262 3228 4304 ac
3258 4251 3489 4319 priscam
3522 4253 3635 4310 for-

2037 4341 2178 4382 mam
2208 4329 2495 4385 retinente.
2527 4331 2624 4386 lllo
2650 4333 2921 4390 scribendi
2942 4351 3142 4406 genere
3170 4341 3322 4396 multi
3355 4345 3537 4401 multis
3581 4349 3636 4403 in

2036 4417 2170 4473 locis
2189 4421 2530 4489 reperiuntur
2568 4422 2804 4493 codices,
2844 4443 3071 4495 quorum
3110 4427 3426 4503 quempiam
3473 4451 3636 4494 nemo

2035 4525 2287 4581 umquam
2317 4510 2416 4566 fuit
2449 4512 2538 4583 qui
2574 4514 2626 4569 in
2658 4525 2859 4572 tantam
2886 4528 3209 4578 vetustatem
3236 4538 3525 4584 assereret.
3559 4533 3633 4588 At

2033 4602 2102 4658 de
2130 4601 2398 4674 adscripta
2425 4607 2631 4676 epoclia
2669 4609 2796 4676 quid
2833 4610 3115 4668 dicemus?
3141 4615 3256 4672 inec
3300 4619 3508 4676 scilicet
3537 4622 3637 4680 ha-

2032 4697 2144 4753 beri
2171 4698 2420 4755 dicuntur
2461 4701 2528 4756 ad
2557 4703 2796 4758 calcem:
2829 4705 3038 4762 Contuli
3079 4709 3134 4764 in
3172 4701 3375 4769 nomine
3425 4716 3634 4774 Domini

2030 4789 2158 4846 Iesu
2199 4792 2390 4848 Christi
2435 4805 2563 4865 aput
2595 4795 2808 4853 Kasulis
2833 4803 3139 4857 constitutus
3167 4821 3303 4860 anno
3351 4812 3633 4878 quartode-

2029 4885 2160 4940 cimo
2191 4885 2538 4941 Trasamundi
2585 4891 2719 4960 regis
2750 4907 2769 4944 :
2808 4906 2928 4962 qua:
2964 4894 3183 4964 quidem
3210 4898 3373 4954 verba
3400 4903 3626 4974 inscrip-

2032 4979 2216 5032 tionem
2241 4979 2513 5049 cujusdam
2535 4980 2754 5036 studiosi
2793 4981 3132 5041 Mabillonius
3174 4991 3445 5059 appellat;
3499 5009 3628 5050 vere

2029 5079 2208 5127 autem
2236 5072 2305 5127 ab
2329 5072 2419 5128 illo
2439 5071 2649 5142 adjecta
2675 5085 2820 5142 sunt,
2845 5076 2935 5145 qui
2961 5077 3226 5144 codicem,
3256 5091 3314 5135 ut
3343 5097 3461 5138 mos
3486 5091 3628 5150 erat,

324 5162 513 5218 audito
545 5169 750 5215 tantum
792 5161 1086 5216 Auctorem
1132 5160 1350 5213 nomine
1398 5157 1578 5211 statim
1629 5146 2257 5222 redimunt,Dcontulit
2305 5172 2465 5235 atque
2524 5165 2849 5222 emendavit.
2899 5167 2988 5223 Sic
3042 5169 3112 5224 ad
3167 5171 3370 5227 calcem
3418 5146 3625 5246 Virgilii

326 5256 433 5310 sibi
462 5261 718 5310 caverent
740 5251 1149 5322 aliquantiSper,
1199 5265 1299 5304 nec
1332 5248 1475 5320 quod
1527 5247 1834 5303 inconsulto
1873 5255 1928 5303 et

325 5347 576 5419 imperite
628 5345 682 5400 in
715 5346 816 5399 hoc
846 5358 1044 5414 genere
1091 5343 1381 5414 peragitur,
1434 5340 1622 5396 eadem
1670 5342 1926 5395 comitate

323 5442 662 5509 exciperent,
681 5451 747 5492 ac
763 5435 903 5507 quod
927 5435 1165 5490 studiose
1179 5443 1338 5504 atque
1359 5433 1564 5488 utiliter
1592 5431 1922 5488 elaboratur.

395 5533 516 5589 Jam
547 5545 677 5588 vero
697 5544 822 5586 cum
853 5529 962 5585 duo
985 5527 1252 5599 prtecipue
1282 5526 1338 5580 in
1361 5525 1756 5598 Capitularibus
1789 5525 1926 5582 scri-

321 5626 434 5683 niis
462 5625 521 5680 S.
539 5616 733 5679 Hilarii
758 5622 972 5678 codices
996 5621 1316 5686 habeantur,
1349 5620 1546 5690 quibus
1584 5637 1688 5676 non
1730 5621 1926 5678 multas

318 5718 489 5774 velim
519 5730 584 5772 cx
616 5717 769 5772 istius
786 5713 931 5770 modi
963 5713 1206 5785 reliquiis
1229 5754 1244 5780 ,
1263 5727 1602 5784 quacumque
1625 5712 1843 5769 tandem
1868 5714 1924 5770 in

315 5811 658 5870 Bibliotheca
687 5811 1066 5882 superantibus
1094 5816 1422 5879 anteponas.
1447 5821 1634 5864 eorum
1676 5807 1918 5876 descrip-

2029 5254 2252 5312 Medicei
2298 5257 2573 5314 adnotavit
2619 5256 2807 5314 Ruﬁus
2844 5259 3186 5329 Apronianus
3224 5279 3239 5316 :
3283 5262 3410 5335 Legi
3451 5275 3498 5320 et
3544 5267 3627 5321 di-

2028 5348 2236 5414 stincxi,
2265 5359 2396 5416 etc.,
2439 5350 2656 5417 deinde,
2705 5352 2963 5409 Distimxri
3001 5357 3305 5425 emendant,
3337 5367 3445 5415 etc.
3487 5361 3627 5418 Cum

2027 5454 2157 5510 ergo
2184 5440 2238 5494 in
2271 5440 2530 5496 Hilariani
2562 5442 2766 5498 codicis
2788 5447 3184 5518 subscriptione
3222 5463 3424 5506 annum
3466 5468 3629 5524 quar-

2029 5529 2426 5586 tumdecimum
2458 5530 2808 5587 Trasamundi
2850 5537 3005 5607 Regis
3038 5538 3229 5609 legerit
3278 5541 3619 5614 Holstenius,

2032 5637 2177 5678 anno
2205 5623 2393 5678 saltem
2422 5621 2622 5679 Christi
2654 5624 2750 5679 DX
2781 5628 3037 5697 scriptum
3068 5631 3236 5688 fuisse
3270 5649 3460 5692 omnes
3494 5640 3625 5694 sub.

2031 5715 2158 5772 inde
2193 5715 2399 5771 assensi
2437 5725 2584 5771 sunt.
2631 5715 2757 5772 Hzec
2798 5719 3147 5777 nihilominus
3185 5724 3370 5794 opinio
3399 5730 3628 5787 multum

2029 5809 2330 5868 inﬁrmetur
2359 5823 2581 5867 necesse
2615 5820 2716 5878 est,
2753 5813 2844 5868 ubi
2887 5815 3376 5874 animadvertamus
3405 5824 3626 5879 verbum
