4232 6256
573 343 640 400 ιιι
856 359 858 361 ν
1904 327 2160 387 ιιιιιειτει
2203 325 2538 384 εθιτιοῖιιδ
3800 319 3865 375 tv

575 457 732 523 illud,
791 462 946 526 prout
1002 453 1052 506 in
1105 448 1397 521 Speciminc
1447 455 1886 517 l‘t‘pl‘tL'SE‘lll-tllll‘,
1931 461 2033 510 nec
2079 459 2176 514 pro
2203 449 2257 508 Α
2283 443 2424 496 bium
2451 449 2728 494 revocaret
2761 452 2864 491 non
2895 434 3082 502 defuit,
3115 450 3212 489 nec
3241 434 3434 505 Operis
3461 434 3740 526 inscriptio
3775 453 3870 508 ap-

578 546 921 607 Trasamuudi
937 581 952 611 .
983 557 1082 600 nec
1103 558 1200 613 pro
1224 539 1554 595 Trasamund
1574 539 1676 610 legi
1701 552 1858 609 posse
1878 537 2008 604 ;'ubi
2027 537 2172 592 enim

579 643 668 698 nt?
722 639 812 694 ubi
864 652 896 691 α
941 632 1178 704 duplex?
1232 631 1318 686 ubi
1367 631 1439 684 u?
1493 644 1682 685 vereor
1733 644 1861 700 ergo
1911 641 1980 683 ne
2029 626 2174 682 aliud

587 731 857 804 quoddam
886 729 956 783 ibi
989 727 1162 781 latitet
1191 738 1385 780 nomen
1410 740 1424 789 ;
1453 722 1599 777 circa
1627 721 1757 777 illud
1786 735 1934 787 vero,
1967 721 2056 792 qui
2083 735 2174 775 co-

582 817 756 880 dicem
787 835 894 876 non
924 819 1170 884 viderim,
1195 815 1614 871 divinationibus
1635 829 1814 885 parco.
1844 812 2013 868 Dictio
2042 827 2176 884 quo-

579 931 705 988 que,
735 928 891 984 quam
941 925 1036 981 pro
1082 908 1316 962 Putzalis
1364 907 1571 976 accepit
1608 903 1950 970 Holstenius,
1985 912 2040 958 et
2078 917 2175 974 pro

578 1006 797 1064 Kasulis
839 1002 1181 1060 Mabillonlus
1220 999 1403 1065 habet,
1430 995 1498 1053 de
1525 996 1718 1074 Casula
1771 996 2046 1067 explicans
2075 997 2176 1069 By-

582 1109 797 1154 zacenu:
818 1093 1108 1166 provincia:
1131 1090 1370 1157 civitate,
1396 1087 1552 1142 valde
1575 1088 1627 1142 in
1665 1087 1915 1156 ambiguo
1941 1097 2056 1152 est;
2081 1101 2178 1142 ne-

579 1206 685 1264 que
715 1190 859 1246 enim
888 1188 1118 1259 primam
1176 1183 1433 1247 litteram,
1485 1188 1544 1234 ut
1598 1179 1668 1234 ibi
1723 1179 2015 1250 efﬁngitur,
2078 1194 2176 1249 pro

579 1285 766 1355 Kappa
805 1281 1069 1351 recipient
1115 1274 1582 1348 diplomaticerum
1630 1273 1909 1328 hominum
1958 1272 2090 1337 lilii;
2123 1281 2178 1328 et

579 1378 777 1433 mirum
809 1373 974 1428 videri
1003 1370 1190 1442 possit,
1223 1366 1530 1438 Augustini,
1561 1363 1838 1436 Cypriani,
1863 1363 2178 1418 Tertulliani

581 1469 637 1524 in
673 1466 851 1523 Africa
898 1463 1099 1532 scripta
1127 1458 1455 1529 exemplaria
1495 1471 1603 1512 non
1632 1455 1838 1522 haberi,
1868 1455 2056 1511 haberi
2083 1471 2179 1510 an-

579 1569 691 1619 tem
715 1560 902 1616 Hilarii
927 1555 1301 1612 Pictaviensis.

652 1653 725 1707 At
754 1651 823 1705 de
853 1648 934 1703 his
963 1646 1219 1718 quidquid
1269 1643 1558 1714 unicuique
1601 1642 1733 1697 libet
1770 1641 2044 1705 credatur,
2079 1656 2178 1697 ne-

581 1761 690 1817 que
715 1745 860 1801 enim
887 1742 1177 1813 quidquam
1209 1739 1491 1810 praifracte
1519 1746 1719 1803 statuo,
1746 1751 1923 1808 neque
1942 1737 2087 1792 aliud
2126 1739 2179 1792 in

2277 536 2493 602 pareat,
2525 545 2644 600 quae
2671 526 3034 585 diversimode
3078 527 3282 596 prolata
3320 533 3424 581 est.
3468 525 3651 582 Utrum
3687 527 3870 583 itidem

2278 622 2428 678 libris
2456 637 2537 677 xu
2577 623 2668 677 ille
2695 622 2765 676 de
2811 619 2916 675 fide
2967 619 3319 675 Orientalium
3361 618 3773 688 adjungeretur,
3805 636 3872 676 ex

2278 731 2383 786 quo
2407 715 2786 771 Cassiodorius
2809 714 3048 769 tredecim
3070 714 3225 767 libros
3248 712 3379 766 beati
3403 711 3597 767 Hilarii
3616 715 3678 768 de
3698 726 3874 772 sancta

2277 806 2526 862 Trinitale
2554 807 2906 873 memoravit,
2939 822 3004 861 ex
3047 805 3145 860 Ms.
3177 804 3506 859 mutilatione
3545 806 3871 875 ignoramus.

2279 898 2426 954 Libri
2452 899 2502 953 in
2535 900 2708 969 capita
2729 898 2978 953 videntur
2998 897 3182 964 dividi,
3207 899 3302 951 sed
3327 896 3615 951 admodum
3647 899 3874 966 prolixa.

2279 991 2410 1059 Qua:
2438 989 2737 1046 afferuntur
2765 991 3113 1056 auctoritates
3155 987 3401 1059 versibus
3425 988 3746 1044 sretiortbus
3789 990 3875 1044 in-

2281 1084 2573 1157 digitantur
2600 1101 2612 1138 :
2643 1083 2803 1138 verba
2825 1082 2870 1136 si
2897 1097 3014 1152 quae
3038 1082 3250 1137 fuerant
3273 1080 3495 1148 omissa,
3519 1081 3727 1136 minuto
3750 1081 3880 1136 cha-

2281 1187 2488 1235 ractere
2515 1177 2863 1249 superaddita
2885 1176 3150 1241 visuntur,
3174 1183 3230 1228 at
3251 1174 3492 1244 ejusdem
3519 1174 3716 1246 ubique
3745 1175 3880 1247 figu-

2285 1285 2362 1326 rte
2387 1284 2450 1326 ac
2479 1270 2701 1340 majoris
2727 1268 2934 1323 formae.

2351 1361 2485 1417 Cum
2516 1360 2700 1417 multis
2739 1359 2936 1415 abhinc
2963 1358 3118 1414 annis
3148 1357 3356 1430 (neque
3382 1356 3528 1413 enim
3580 1358 3880 1429 ἕχθςσινὸς,

2282 1463 2376 1511 aut
2405 1456 2608 1510 hornus
2638 1454 2724 1509 hic
2749 1454 2902 1508 labor
2924 1451 3030 1525 est)
3053 1453 3104 1506 in
3131 1451 3274 1506 hunc
3296 1450 3615 1521 praeclarum
3638 1452 3883 1508 codicem

2281 1546 2460 1618 primo
2484 1544 2793 1600 incidissem
2814 1583 2830 1610 ,
2858 1544 3059 1614 impetu
3084 1542 3316 1615 quodam
3347 1542 3414 1597 sd
3447 1544 3792 1599 decantatum
3819 1544 3885 1599 li-

2283 1639 2366 1694 bri
2408 1638 2666 1703 secundi,
2698 1637 2872 1708 capite
2922 1637 2974 1691 in
3021 1646 3292 1707 postrema
3338 1635 3578 1692 editione
3623 1636 3885 1706 vigesimo

2285 1731 2549 1801 septimo,
2581 1727 2973 1800 inspiciendum
3016 1728 3194 1782 locum
3225 1741 3313 1782 me
3339 1727 3542 1783 contuli
3571 1745 3584 1782 :
3613 1742 3684 1784 ex
3712 1743 3778 1784 eo
3807 1731 3885 1784 si-

581 1839 873 1912 prtesentia
902 1835 970 1891 ad
999 1849 1111 1890 rem
1141 1834 1374 1904 pertinet
1398 1840 1658 1899 nostram,
1684 1832 1868 1887 nisiut
1895 1846 1961 1886 ex
1982 1832 2180 1887 utrius.
2209 1839 2258 1898 Β
2287 1825 2499 1897 quidem
2526 1821 2806 1878 acerrimae
2829 1837 2951 1877 cum
2973 1829 3163 1877 octavo
3187 1836 3252 1877 ac
3282 1836 3425 1876 nono
3456 1823 3639 1877 seculo
3661 1831 3887 1878 conten-

580 1951 688 2006 que
715 1932 1027 2004 speeiinis
1055 1928 1348 1984 collatione
1381 1925 1661 1982 vetustatis
1703 1925 1860 1981 laude
1907 1925 2183 1981 Veronen-

577 2043 694 2083 sem
716 2023 960 2080 codicem
989 2018 1397 2077 anteferendum
1425 2032 1569 2082 esse,
1609 2017 1800 2072 doctus
1825 2017 1996 2073 lector
2017 2033 2182 2089 agno-

583 2130 718 2176 scat.
750 2116 904 2186 Quod
930 2117 976 2172 si
997 2122 1264 2170 vetustate
1289 2122 1626 2183 nequaquam
1653 2111 2010 2181 praecelleret,
2049 2113 2182 2168 satis

583 2209 847 2282 prtecellit
873 2206 1252 2264 emendatione
1301 2219 1366 2258 ac
1411 2203 1552 2268 fide;
1598 2203 1792 2258 menda
1819 2203 2088 2272 siquidem
2127 2205 2181 2257 in

585 2304 847 2358 Vaticano
873 2299 1151 2358 abundare
1186 2297 1396 2353 monuit
1424 2297 1730 2363 Cutantius,
1755 2311 1877 2353 cum
1919 2297 1971 2351 in
2013 2295 2186 2352 Vero-

583 2396 744 2452 nensi
771 2409 992 2464 perraro
1018 2399 1326 2458 occurrant,
1358 2389 1430 2444 ita
1462 2399 1520 2444 ut
1543 2375 1985 2459 paragrammatiis
2005 2390 2185 2445 minus

585 2488 982 2545 contaminatos
1013 2483 1227 2540 codices
1263 2497 1459 2552 paucos
1499 2481 1745 2537 viderim.
1795 2483 1995 2537 Prisca:
2019 2483 2183 2537 etiam

585 2580 987 2652 orthographia:
1006 2578 1414 2634 commendatur
1428 2590 1528 2631 usu
1548 2591 1564 2640 ;
1589 2584 1872 2646 propterea
1891 2574 1980 2628 ubi
2003 2589 2185 2629 exem-

585 2677 660 2745 pli
681 2673 848 2744 gratia
874 2674 928 2727 in
956 2671 1118 2727 editis
1132 2670 1431 2741 attingimus
1453 2668 1636 2741 (hujus
1657 2669 1908 2722 editionis
1928 2667 2036 2722 col.
2064 2667 2182 2738 54),

585 2773 642 2826 in
670 2786 772 2824 ms.
804 2776 888 2824 est
915 2766 1262 2838 adtingimus;
1295 2765 1382 2820 ubi
1409 2779 1460 2818 ε.
1494 2761 1624 2829 Ἧδ,
1659 2771 1714 2816 ut
1745 2763 1797 2816 id
1826 2761 1889 2816 de
1933 2775 2036 2832 quo
2073 2763 2187 2832 agi-

582 2871 668 2918 tur
703 2869 1040 2932 assequatur;
1070 2862 1122 2914 in
1153 2876 1257 2915 ms.
1281 2857 1626 2926 adsequamur
1658 2873 1678 2909 :
1706 2857 1902 2925 quibus
1939 2854 2187 2910 lectioni-

582 2959 687 3015 bus
706 2970 898 3014 sensus
928 2970 1142 3026 quoque
1171 2950 1493 3009 restituitur.
1523 2949 1684 3004 Plura
1714 2949 1765 3002 in
1800 2951 2065 3003 Auctores
2091 2965 2185 3003 ve-

584 3059 730 3107 teres
753 3051 958 3104 inveeta
1003 3057 1128 3102 sunt
1151 3047 1459 3114 zenigmats,
1491 3041 1633 3111 quod
1667 3041 1867 3095 librarii
1909 3040 2182 3109 vulgarem

586 3141 973 3216 pronuntiandi
1003 3135 1282 3195 mollitiem
1314 3141 1624 3205 sequentes,
1671 3147 1701 3187 a
1729 3140 1873 3186 recta
1903 3131 2005 3186 hac
2045 3133 2183 3187 seri-

2289 1920 2484 1984 tiones,
2503 1928 2613 1972 tum
2637 1931 2703 1972 eo
2725 1917 2954 1970 maxime
2977 1924 3220 1985 tempore
3243 1916 3450 1971 iteratis
3480 1917 3623 1972 inter
3647 1917 3888 1973 eruditos

2286 2013 2433 2068 viros
2475 2011 2754 2067 fervebant
2797 2008 3236 2079 disceptationes.
3289 2007 3590 2065 Censebam
3635 2011 3888 2081 equidem

2287 2120 2408 2162 eam
2435 2105 2816 2159 controversia:
2846 2109 3075 2178 partem,
3105 2115 3224 2172 qua
3253 2116 3320 2157 ex
3346 2103 3582 2172 antiquis
3607 2103 3889 2159 codicibus

2288 2197 2518 2270 pendet,
2541 2197 2644 2254 hoc
2669 2195 3008 2267 potissimum
3039 2210 3201 2268 supra
3227 2203 3454 2252 caeteros
3481 2199 3702 2268 antiquo
3728 2207 3891 2268 atque

2286 2289 2487 2346 eximio
2515 2288 2701 2345 codice
2718 2289 3043 2360 diremptum
3063 2291 3157 2345 iri:
3179 2288 3274 2345 sed
3296 2291 3513 2359 mirum,
3547 2293 3600 2346 in
3624 2290 3728 2347 hoc
3747 2307 3890 2363 quoa-

2287 2395 2393 2454 que
2411 2381 2555 2453 quod
2580 2393 2681 2438 nos
2701 2382 2961 2451 ancipites
2981 2381 3156 2437 adhuc
3177 2381 3463 2452 relinquat,
3485 2397 3570 2438 me
3593 2384 3888 2454 deprehen-

2292 2472 2809 2540 dlsse.Queestionis
2837 2485 3000 2545 caput
3033 2486 3135 2541 est,
3169 2485 3345 2531 utrum
3390 2476 3443 2530 in
3497 2476 3606 2532 line
3649 2478 3892 2548 praedicti

2287 2568 2478 2639 capitis
2514 2567 2797 2639 legendum
2836 2568 2939 2633 sit,
2974 2567 3094 2621 dum
3123 2571 3295 2623 carnis
3323 2570 3585 2624 humilitas
3609 2570 3892 2637 adoretur,

2288 2674 2356 2713 an
2385 2675 2535 2728 vero,
2559 2661 2682 2714 dum
2710 2661 2880 2715 carnis
2911 2659 3178 2715 humilitas
3201 2663 3509 2731 adaptatur;
3529 2677 3759 2733 cumque
3784 2663 3894 2719 dis-

2288 2769 2512 2830 crepent
2540 2775 2606 2816 eo
2637 2761 2755 2816 loco
2781 2777 2886 2817 non
2915 2761 3098 2817 excusi
3122 2771 3364 2830 tantum,
3393 2765 3487 2820 sed
3517 2773 3572 2820 et
3613 2767 3801 2836 scripti
3834 2766 3896 2822 li-

2292 2851 2374 2907 bri
2401 2894 2416 2919 ,
2451 2863 2566 2906 utra
2600 2851 2930 2921 prmferenda
2959 2854 3028 2908 sit
3059 2855 3252 2922 lectio,
3281 2865 3400 2911 utra
3432 2858 3500 2913 ah
3526 2869 3748 2914 auctore
3779 2859 3898 2929 ipso

2289 2943 2594 3000 defluxerit.
2646 2945 2702 3000 Id
2752 2944 2966 3016 quidem
3028 2956 3106 3002 tot
3164 2949 3654 3007 concertationibus
3695 2966 3897 3022 nequa-

2288 3051 2446 3106 quam
2483 3037 2890 3108 disquirendnm
2937 3049 3227 3106 erat,cum
3277 3041 3346 3097 ab
3385 3049 3608 3113 utraque
3664 3039 3896 3100 lectione

2289 3125 2484 3186 senSus
2529 3131 2659 3186 fluat
2695 3133 3028 3190 orthodoxus
3063 3155 3075 3190 :
3106 3145 3251 3206 patet
3287 3138 3431 3192 enim
3463 3137 3682 3192 verbum
3733 3138 3897 3210 adop-

589 3237 752 3292 bendi
780 3247 966 3289 norma
997 3230 1337 3286 deﬂexerint.
1371 3227 1504 3294 Quis
1533 3226 1787 3295 explicet,
1812 3225 2046 3296 exempli
2071 3241 2192 3296 gra-
2217 3223 2263 3286 C
2300 3230 2438 3276 tatur
2475 3223 2542 3278 de
2591 3225 2921 3281 humanitate
2967 3228 3369 3298 intelligendum
3411 3245 3532 3286 esse
3558 3245 3586 3285 a
3620 3227 3756 3286 Filio
3802 3233 3897 3285 atl-

588 3331 686 3397 tia,
717 3327 922 3382 Horatii
953 3337 1165 3380 versum
1199 3321 1372 3385 illum,
1403 3327 1464 3374 ut
1492 3319 1850 3373 communiter
1883 3317 2120 3389 legitur?

683 3461 800 3515 Cum
823 3457 1101 3512 ridentibus
1119 3455 1354 3513 arrident,
1381 3467 1491 3503 cum
1515 3451 1748 3503 ﬂentibus
1789 3451 1983 3502 adsunt.

588 3597 660 3654 At
689 3595 774 3650 cui
805 3599 1016 3650 constet
1049 3588 1332 3658 scripsisse
1358 3587 1577 3642 Poetam
1611 3587 1884 3652 adrident,
1938 3583 2193 3657 intelligit

586 3692 792 3757 statim,
821 3684 1155 3756 respondens
1181 3683 1403 3739 verbum
1430 3697 1553 3738 esse
1582 3683 1798 3752 adﬂent,
1824 3697 1932 3754 quo
1952 3686 2192 3753 reposito

585 3783 789 3854 optime
818 3779 1061 3850 procedit
1081 3776 1368 3832 sententia.
1390 3774 1567 3830 Nolim
1593 3783 1769 3829 tamen
1796 3784 2049 3846 urgeatur
2075 3777 2192 3830 hinc

583 3874 771 3945 regula
820 3883 1233 3942 usquequaque,
1263 3866 1336 3922 ita
1377 3875 1435 3922 ut
1472 3866 1635 3920 etiam
1678 3867 1912 3921 exsilium
1951 3868 2192 3925 scribere

585 3976 903 4032 teneamur,
930 3963 1177 4034 quamvis
1205 3959 1524 4031 quibusdam
1552 3975 1584 4014 e
1610 3960 1884 4015 veteribus
1911 3959 2192 4015 Grammao

583 4060 709 4116 ticis
737 4056 1092 4115 edicentibus.
1123 4053 1201 4107 ita
1235 4051 1453 4116 quidem
1497 4051 1550 4105 in
1596 4061 1868 4120 postrema
1909 4051 1971 4106 S.
2002 4050 2189 4107 Hilarii

585 4152 826 4208 editione
863 4147 1062 4202 factum
1107 4154 1212 4212 est,
1246 4141 1398 4198 libris
1429 4152 1606 4197 tamen
1649 4141 1850 4196 nostris
1876 4141 2192 4209 vetustissi-

585 4244 692 4301 mis
745 4239 967 4296 minime
1010 4235 1450 4305 suifragantibus.
1501 4233 1874 4288 Archaismum
1936 4235 2076 4304 sapit
2133 4235 2189 4290 in

585 4335 774 4393 codice
826 4341 1012 4391 nostro
1077 4330 1384 4382 thensaurus
1438 4340 1652 4396 quoque
1699 4341 1806 4381 non
1865 4341 1968 4381 una
2035 4329 2186 4393 vice;

584 4437 650 4483 ut
683 4427 738 4480 in
765 4422 1004 4492 compari
1026 4420 1136 4474 alio
1160 4434 1286 4473 mox
1311 4417 1616 4484 enarranda
1654 4427 1912 4474 tractatus
1950 4417 2004 4472 in
2032 4418 2187 4473 Psal-

583 4534 708 4577 mos
734 4515 1150 4584 complectente,
1184 4512 1450 4582 {emensa
1475 4523 1626 4575 sum;
1654 4523 1776 4564 nam
1809 4515 1862 4566 et
1892 4509 1943 4564 in
1968 4509 2189 4582 Virgilio

2296 3325 2510 3384 sumpta
2529 3355 2542 3378 ,
2569 3329 2675 3370 non
2705 3332 2734 3371 a
2757 3311 2914 3373 Patre
2928 3317 3198 3390 adoptata.
3226 3318 3471 3376 HiStoria'
3515 3333 3694 3378 tamen
3725 3326 3895 3379 inter-

2295 3409 2433 3471 erat,
2466 3415 2524 3460 ut
2553 3407 2821 3478 praecipue
2847 3408 2988 3479 quod
3018 3410 3082 3464 ad
3113 3409 3348 3467 Felicem
3377 3411 3742 3483 Orgelitanum
3775 3413 3896 3484 Epi-

2295 3516 2518 3573 scOpum
2544 3507 2771 3572 spectat,
2802 3501 2925 3556 facti
2948 3503 3147 3558 veritas
3173 3504 3545 3574 detegeretur:
3579 3505 3700 3562 huic
3725 3523 3898 3580 expo-

2295 3595 2473 3650 nendo
2503 3593 2851 3666 supersedeo,
2876 3610 2998 3650 cum
3026 3595 3157 3650 satis
3187 3596 3510 3664 innotescat,
3535 3608 3589 3653 et
3609 3614 3636 3652 a
3661 3603 3894 3656 recenti-

2295 3687 2393 3742 bus
2439 3685 2810 3758 Scriptorihus
2854 3683 2971 3742 fuse
3023 3697 3183 3758 atque
3233 3687 3506 3758 eleganter
3562 3703 3894 3761 proponatur

2294 3778 2741 3850 discutiaturque.
2768 3779 2876 3850 Ego
2901 3778 3027 3850 quid
3049 3777 3216 3836 codex
3246 3790 3429 3836 noster
3456 3779 3591 3838 ferat
3620 3785 3756 3840 bona
3791 3786 3894 3842 fide

2294 3871 2584 3928 exhibebo.

2367 3965 2604 4020 Primum
2645 3965 2807 4036 igitur
2837 3979 2933 4037 pro
2959 3977 3239 4038 comperto
3268 3966 3526 4024 habeatur
3555 3963 3607 4026 in
3629 3969 3732 4028 hoc
3758 3973 3894 4030 lihro

2294 4072 2576 4114 ADOBATUR
2616 4060 2873 4128 scriptum
2913 4074 3069 4126 esse,
3117 4060 3262 4115 nullo
3304 4055 3604 4118 abrasionis
3645 4066 3891 4135 vestigio,

2293 4149 2439 4206 nulla
2483 4151 2972 4221 snperinductionis
3004 4152 3312 4223 suspicione
3341 4170 3354 4206 :
3379 4161 3433 4208 at
3471 4166 3593 4209 cum
3625 4167 3747 4225 post
3774 4174 3892 4214 eam

2293 4244 2583 4300 dictionem
2616 4260 2644 4297 a
2686 4244 2860 4314 capite
2891 4253 3194 4300 resumatur
3222 4261 3407 4302 versus
3432 4289 3446 4313 ,
3475 4248 3527 4302 in
3556 4263 3725 4304 vacuo
3750 4251 3892 4322 quod

2292 4343 2538 4391 remanet
2579 4336 2776 4405 spatio,
2827 4336 2943 4392 sive
2987 4337 3199 4405 eadem,
3242 4338 3358 4394 sive
3405 4340 3561 4409 paulo
3608 4344 3890 4411 posteriori

2293 4439 2474 4495 manu,
2499 4441 2813 4484 aeoru-run
2841 4425 3107 4500 adjectum
3137 4429 3321 4486 fuisse.
3352 4430 3523 4486 Priori
3553 4433 3718 4488 verbo
3747 4435 3890 4490 nulla

2292 4520 2509 4592 quidem
2538 4521 2771 4592 irrogata
2795 4532 2877 4578 est
2896 4523 3242 4590 contumelia,
3267 4516 3362 4578 sed
3392 4524 3604 4580 lineolis
3631 4541 3892 4598 supcrpo-

584 4605 1177 4669 IdediceoFormonsum
1190 4601 1378 4656 Pastor
1391 4601 1818 4657 animadvertere
1839 4602 2077 4658 tnemlni.
2095 4603 2191 4658 Mi-
2212 4600 2270 4662 D
2295 4611 2435 4680 sitis,
2459 4622 2619 4684 atque
2641 4611 2687 4667 Il
2717 4613 2769 4667 in
2801 4614 3063 4683 superiori
3095 4615 3334 4685 margine
3363 4615 3654 4687 adscripto,
3682 4615 3890 4674 Indica-

583 4713 708 4759 rum
734 4709 817 4756 est
841 4712 1002 4768 quam
1025 4695 1092 4750 ad
1109 4691 1486 4749 deformandas
1511 4691 1749 4763 cujusvis
1779 4692 1973 4763 linguae
1999 4693 2192 4749 dictio-

582 4806 683 4852 nes
695 4803 956 4864 perpetuo
967 4802 1314 4859 propensum,
1329 4787 1383 4841 in
1405 4794 1703 4858 pugnantes
1716 4783 1941 4842 invicem
1959 4801 2189 4858 corrup«

585 4889 765 4944 tiones
791 4887 994 4941 feratur
1014 4883 1242 4954 vulgus;
1271 4894 1393 4934 nam
1418 4881 1508 4951 qui
1533 4896 1568 4933 rt
1595 4893 1878 4950 perperam
1901 4879 2183 4936 intrudenb

583 4996 668 5042 tes
697 4984 1030 5038 thensaurum
1060 4987 1115 5034 et
1141 4981 1459 5050 formonsum
1487 4974 1858 5040 enuntiabant,
1890 4973 2049 5030 iidem
2081 4976 2185 5031 alia

582 5053 870 5133 efferentes
898 5073 1092 5138 verba,
1134 5081 1255 5125 eam
1285 5068 1518 5123 litteram
1556 5067 1748 5137 injuria
1795 5067 2180 5132 extrudebant;

583 5166 885 5238 cuiusmodi
938 5163 1257 5220 elocutionis
1307 5155 1529 5230 vestigia
1597 5161 1650 5214 in
1713 5159 2026 5230 Vespasiani
2083 5173 2184 5215 nu-

581 5257 833 5317 mismate
895 5253 1388 5312 animadvertebam
1448 5259 1649 5322 nuper,
1695 5251 1865 5306 Roma
1925 5251 2182 5325 Βρεμι-ρει

581 5356 904 5428 praeferente
930 5366 1028 5424 pro
1058 5352 1348 5421 Resurgens
1374 5361 1396 5403 :
1418 5347 1545 5418 quin
1588 5349 1788 5418 [νέφεα
1816 5360 1913 5416 pro
1943 5349 2180 5418 frequens

579 5457 636 5504 et
657 5448 760 5502 alia
788 5446 840 5500 id
868 5457 1038 5516 genus
1058 5454 1166 5498 non
1187 5443 1239 5498 in
1262 5441 1389 5497 Mss.
1417 5448 1643 5506 tantum,
1674 5438 1771 5495 sed
1795 5447 1851 5494 et
1877 5439 1928 5493 in
1959 5441 2178 5510 quihus-

580 5540 664 5595 vis
710 5532 1071 5593 monumentis
1107 5545 1349 5606 persaepe
1400 5540 1708 5588 occurrunt.
1759 5527 1827 5585 At
1884 5531 2176 5586 dolendum

582 5643 925 5700 summopere
993 5627 1219 5698 primam
1283 5637 1436 5695 teque
1497 5635 1560 5678 ac
1627 5631 1952 5692 postremam
2019 5623 2181 5678 char-

588 5733 695 5777 tam
743 5721 884 5776 man
935 5717 1166 5789 quodam
1213 5714 1322 5770 fato
1364 5727 1393 5766 ιι
1436 5713 1623 5768 codice
1675 5721 1864 5768 nostro
1911 5712 2179 5769 abscissae

584 5811 781 5879 fuisse;
824 5811 894 5869 ita
939 5818 1000 5867 ut
1039 5820 1138 5863 nec
1181 5805 1427 5867 Auctoris
1457 5819 1686 5871 nomen,
1713 5805 1856 5880 quod
1885 5805 1975 5880 qui
2000 5809 2054 5862 ίη
2080 5804 2180 5865 du.

2295 4717 2381 4761 tur
2402 4707 2468 4762 de
2489 4721 2660 4773 more,
2686 4706 2949 4778 adjectam
2971 4707 3260 4762 dictionem
3284 4719 3540 4765 anteriori
3562 4712 3893 4768 subs-ntuetr-

2292 4799 2415 4856 tiam
2446 4813 2568 4856 esse
2587 4843 2603 4868 ,
2629 4800 2681 4854 in
2712 4800 2832 4855 aliis
2863 4809 3039 4856 tamen
3064 4800 3337 4856 codicibus
3364 4801 3562 4857 certius
3586 4804 3760 4859 adhuc
3783 4815 3892 4860 tes-

2290 4893 2571 4947 timonium
2621 4891 3026 4962 requirendum.
3071 4891 3128 4947 ld
3172 4895 3223 4948 ln
3275 4894 3376 4948 hoc
3427 4894 3601 4960 lihro,
3638 4907 3694 4950 ut
3733 4909 3780 4951 et
3835 4897 3889 4953 in

2287 4981 2428 5051 aliis,
2457 4983 2524 5039 ad
2546 4983 2704 5040 dubia
2745 4983 2861 5040 loca
2887 4997 3058 5056 graece
3085 4985 3246 5042 etiam
3277 4985 3598 5057 quandoque
3625 4988 3887 5056 innuitnr,

2287 5089 2386 5148 pro
2413 5073 2458 5131 [ι
2489 5076 2720 5147 require,
2752 5075 2791 5130 Ζ
2826 5076 3102 5147 adposito,
3148 5078 3250 5133 hoc
3296 5088 3397 5144 est,
3427 5081 3586 5143 ζήτει.
3619 5075 3676 5134 ln
3721 5081 3890 5138 verbo

2284 5167 2562 5240 adaptatur
2585 5167 2774 5223 eadem
2798 5167 3099 5223 litterarum
3124 5168 3312 5239 figura,
3336 5167 3475 5224 idem
3504 5185 3724 5240 prorsus
3744 5181 3889 5227 atra-

2284 5261 2450 5316 menti
2479 5259 2658 5325 color;
2691 5270 2745 5312 at
2771 5259 2876 5314 levi
2899 5259 3116 5315 cultello
3151 5259 3318 5316 fuisse
3355 5260 3482 5315 olim
3509 5271 3765 5333 apparet,
3797 5265 3888 5334 qui

2283 5352 2510 5417 litteras,
2531 5361 2586 5408 et
2615 5347 2984 5425 superpositas
3012 5351 3237 5408 lineolas
3263 5352 3532 5410 abducere
3564 5360 3800 5422 tentarit,
3824 5372 3888 5413 ac

2284 5442 2490 5500 delere.
2514 5443 2645 5512 Qua:
2676 5443 2891 5515 quidem
2936 5443 3118 5500 omnia
3160 5445 3213 5500 in
3266 5443 3363 5502 has
3409 5449 3751 5517 conjecturas
3799 5466 3888 5507 me

2284 5533 2621 5605 pertrahunt.
2649 5533 2884 5605 Liquido
2931 5537 3166 5606 primttm
3191 5577 3206 5602 ,
3247 5537 3503 5609 nullaque
3548 5539 3888 5597 hazsitatione

2286 5626 2526 5683 exnravit
2555 5626 2803 5682 librarius
2830 5627 3113 5695 adoretur;
3143 5637 3198 5682 at
3227 5629 3340 5684 sive
3368 5630 3436 5683 ab
3467 5631 3582 5700 ipso
3605 5631 3706 5685 alia
3735 5639 3886 5702 post-

2287 5720 2504 5776 modum
2535 5721 2860 5792 exemplaria
2890 5722 3224 5792 inspiciente,
3261 5721 3374 5778 sive
3402 5721 3471 5778 ab
3499 5721 3606 5778 alio
3631 5727 3885 5795 quopiam

2284 5825 2562 5897 adoptatur
2589 5826 2827 5886 additum
2847 5835 2931 5885 est
2951 5867 2966 5896 ,
2990 5834 3045 5884 et
3069 5825 3230 5889 simul
3259 5833 3314 5884 ut
3333 5825 3579 5890 adoralur
3607 5834 3884 5892 CXPUI'BG'
