4232 6256
379 324 426 379 ν
1796 315 2188 374 Ριωινλτίο.
3609 327 3680 386 γι

377 449 528 496 retur
570 438 860 532 monitum.
892 435 1042 532 ᾼιιθτ
1082 435 1279 492 nitide
1315 434 1582 532 θεαθεϐῖξν
1611 434 1698 490 ei“
1737 433 1975 532 ξθδυηθλ
2004 433 2054 496 Α
2080 457 2310 522 certent,
2335 453 2573 528 facieque
2601 457 2712 529 ipsa
2745 473 2807 513 ac
2851 468 3145 531 conspectu
3178 459 3397 532 majoris
3444 447 3680 520 vetusta?

379 533 539 588 lectio
581 546 688 587 non
723 529 1076 603 probabatur;
1108 531 1396 600 propterea
1440 526 1662 583 verbum
1700 527 1976 598 adoptatur

313 653 319 660 ~
376 631 602 681 conatus
631 631 718 679 est
739 623 968 688 auferre,
1001 620 1300 677 abrasionis
1330 618 1607 676 nubeculls
1630 619 1683 674 id
1711 621 1842 674 satis
1869 629 1976 674 tes-

377 717 632 772 tantibus.
666 715 852 786 Coiiigi
878 714 1004 770 hinc
1028 719 1241 786 potest,
1271 712 1502 768 libenter
1534 711 1749 782 quidem
1784 711 1975 765 adora-

379 818 461 864 tur
489 810 686 864 lectum
717 808 844 862 olim
873 805 1062 872 fuisse,
1093 806 1160 861 de
1189 820 1250 861 ea
1284 814 1461 860 tamen
1489 802 1719 858 lectione
1745 801 1978 873 antiqui-

378 913 464 959 tus
486 918 718 975 quoque,
751 911 806 956 et
827 901 996 956 multo
1023 908 1148 955 ante
1175 898 1410 955 Felicem
1431 895 1799 968 Orgelitanum
1823 895 1977 951 dubi-

379 1005 548 1053 tatum
596 1011 736 1051 esse.
766 993 949 1065 Neque
991 994 1132 1047 hunc
1163 991 1404 1048 codicem
1430 1007 1596 1046 unum
1622 1007 1688 1046 ex
1727 991 1791 1045 iis
1817 1003 1938 1045 esse
1957 1029 1973 1055 ,

1994 1068 2019 1088 4

378 1089 572 1158 quibus
603 1086 773 1152 Felix,
795 1087 878 1142 vel
907 1087 1023 1157 ejus
1054 1085 1290 1142 fautores
1311 1097 1502 1139 manus
1531 1084 1836 1155 injecerint,
1860 1096 1978 1138 sus-

378 1181 542 1250 picari
580 1193 866 1249 possumus
886 1219 901 1244 ,
931 1191 1051 1234 cum
1077 1179 1326 1231 adoratur
1353 1177 1574 1232 minime
1603 1175 1853 1231 abrasum
1884 1173 1975 1230 sit.

379 1274 514 1329 llinc
535 1279 590 1327 et
617 1272 668 1326 in
694 1271 953 1326 Vaticano
974 1271 1182 1335 codice,
1208 1278 1264 1324 ut
1293 1267 1473 1335 audio,
1493 1279 1840 1324 controversa
1869 1265 1976 1322 dic-

379 1366 452 1421 tio
481 1381 511 1418 a
533 1363 774 1419 secundo
800 1362 1007 1417 calamo
1035 1363 1461 1417 immutationem
1490 1370 1571 1416 est
1602 1375 1780 1433 passa.
1808 1361 1884 1415 Ex
1912 1373 1978 1415 eo

377 1456 571 1512 accidit
598 1465 654 1508 ut
674 1453 942 1526 gadoratur
977 1453 1202 1526 legerint
1229 1451 1550 1509 Hincmarus
1599 1461 1758 1523 atque
1799 1451 1980 1507 Aleui-

381 1561 502 1613 nus,
534 1547 814 1619 adoptatur
833 1559 964 1601 vero
987 1544 1298 1616 Agobardus
1326 1543 1730 1615 Lugdunensis;
1757 1543 1844 1614 qui
1877 1541 1980 1598 Fe-

378 1641 534 1697 licem
589 1639 906 1704 confutans,
956 1648 1117 1709 atque
1181 1638 1356 1693 omnia
1411 1653 1531 1707 qua:
1593 1644 1982 1708 praecesserant

384 1735 549 1806 probe
569 1733 792 1800 callens,
823 1732 892 1787 ab
924 1731 1070 1787 omni
1113 1729 1298 1785 fraude
1325 1729 1424 1785 sibi
1451 1729 1580 1785 satis
1613 1727 1820 1784 cavisse
1863 1743 1980 1784 cre-

2083 543 2150 599 tis
2179 554 2514 616 aucupentur
2542 546 2723 603 fidem.
2747 549 2804 604 S.
2831 549 3017 605 ililarii
3050 549 3331 607 Tractatus
3359 549 3411 607 in
3434 549 3681 612 Psalmos

2080 639 2508 708 complectitur,
2567 657 2795 712 quorum
2864 659 2981 699 rara
3045 645 3334 701 admodum
3391 660 3685 708 occurrunt;

2079 732 2278 804 scripta
2307 735 2656 806 exemplaria.
2694 735 2818 791 illos
2841 736 2890 792 in
2914 754 2986 803 ιι,
3017 754 3111 793 xm
3133 749 3185 794 et
3205 753 3291 796 XCI
3319 739 3370 795 in
3398 755 3500 797 ms.
3533 741 3685 799 Vati-

2081 839 2218 880 cano
2239 827 2396 881 unice
2421 825 2486 880 ad
2513 828 2648 881 banc
2680 827 2822 882 diem
2851 837 3095 899 repertos
3117 832 3433 902 comprobat
3461 845 3644 889 noster
3661 878 3678 902 ,

2080 915 2171 986 qui
2201 917 2404 986 pariter
2433 927 2696 972 recenset.
2731 916 2874 973 Libri
2912 918 3084 974 forma
3116 920 3289 976 media
3321 931 3375 977 et
3428 923 3681 993 oblonga,

2083 1024 2153 1064 ne
2181 1008 2438 1079 quadrata
2465 1008 2622 1065 unice
2653 1011 2704 1064 in
2733 1011 2906 1080 pretio
2936 1012 3006 1065 sit
3040 1030 3053 1066 :
3081 1012 3392 1067 membrana
3425 1015 3513 1069 ubi
3546 1015 3686 1070 inof-

2084 1099 2256 1166 fensa,
2302 1099 2526 1155 candida
2577 1111 2681 1167 est,
2715 1101 2959 1172 adeoque
3004 1102 3212 1158 subtilis
3263 1117 3327 1159 ac
3380 1106 3579 1171 tenuis,
3629 1120 3686 1163 ut

2083 1193 2327 1264 qumdam
2359 1193 2486 1248 folia
2517 1203 2716 1248 tactum
2743 1194 2978 1265 effugere
3022 1195 3301 1251 videantur
3349 1217 3361 1252 :
3413 1207 3686 1256 atramen-

2086 1298 2195 1342 tum
2237 1288 2662 1356 xerampelinum
2693 1299 2796 1356 est,
2829 1297 2883 1343 et
2908 1289 3248 1346 subalbicans
3281 1308 3291 1345 :
3324 1293 3589 1364 scriptura
3633 1297 3683 1350 in

2083 1378 2216 1432 duas
2245 1379 2522 1433 columnas
2549 1379 2805 1447 discreta,
2830 1389 2887 1434 ut
2919 1382 2970 1435 in
2995 1381 3288 1449 specimine
3309 1385 3579 1455 COllSplClS
3602 1386 3688 1441 di-

2086 1472 2316 1540 ligenter
2344 1471 2557 1543 quidem
2584 1472 2788 1539 efficto,
2819 1490 2918 1528 nec
2944 1484 3119 1529 tamen
3151 1476 3354 1531 codicis
3385 1476 3600 1548 faciem,
3625 1495 3689 1536 ac

2086 1563 2385 1618 litterarum
2410 1563 2727 1633 elegantiam
2757 1564 2889 1619 satis
2919 1561 3272 1635 exprimente.

2158 1653 2259 1710 Ubi
2290 1654 2476 1710 Graeca
2495 1654 2739 1710 incidunt
2764 1657 2948 1723 verba,
2978 1658 3284 1717 accentibus
3324 1674 3387 1714 ac
3416 1661 3690 1731 Spiritihus

2088 1746 2249 1801 nullis
2281 1747 2626 1818 effinguntur.
2658 1749 3021 1818 Quamttmque
3050 1750 3162 1804 sive
3201 1765 3266 1805 ex
3289 1750 3407 1805 aliis
3437 1751 3686 1818 Psalmis,

379 1827 588 1882 dendus
613 1838 714 1882 est.
740 1826 882 1882 Satis
909 1840 1037 1896 ergo
1077 1823 1368 1880 verisimile
1407 1832 1664 1894 apparet,
1693 1822 1982 1877 lectionem

2090 1837 2204 1892 sive
2253 1838 2469 1892 aliunde
2501 1849 2711 1908 sumpta
2759 1839 3090 1908 atl'crantur,
3148 1853 3484 1912 seponuntur
3533 1853 3590 1900 ut
3635 1846 3689 1902 in

381 1921 659 1990 adaptatur
677 1934 707 1973 a
728 1917 910 1972 Felice
938 1931 1042 1970 non
1072 1916 1246 1987 primo
1274 1915 1650 1985 excogitatam,
1674 1912 1769 1970 sed
1804 1914 1854 1968 in
1883 1911 1984 1967 ali-

379 2027 487 2084 quo
535 2011 720 2067 codice
774 2011 1043 2064 inventam
1087 2023 1238 2073 esse;
1268 2022 1498 2077 cumque
1527 2005 1628 2060 sibi
1659 2005 1976 2076 propitiam,

382 2121 446 2160 ac
477 2114 535 2159 ut
559 2101 804 2158 accidere
830 2101 966 2158 solet
989 2099 1298 2171 prmjudieio
1319 2098 1547 2169 quodam
1573 2097 1871 2168 occupatis,
1899 2111 1986 2152 er-

385 2197 494 2252 rori
526 2210 628 2252 suo
657 2194 921 2249 faventem
953 2193 1091 2247 male
1116 2199 1408 2261 reputaret,
1435 2192 1487 2245 in
1515 2188 1982 2261 Aquisgranenses

382 2289 600 2344 codices
629 2288 812 2344 dolose
833 2285 1110 2342 induxisse
1134 2303 1145 2338 :
1168 2283 1332 2340 Forte
1351 2284 1512 2340 etiam
1535 2283 1818 2346 lectionem
1839 2282 1985 2338 illam

381 2383 511 2439 odio
547 2381 746 2438 deinde
789 2379 1093 2436 habuerunt
1115 2375 1380 2433 Catholici
1413 2392 1475 2433 ex
1506 2375 1610 2432 huc
1640 2377 1792 2447 ipso,
1825 2389 1984 2446 quem

386 2475 536 2531 Felix
568 2474 643 2528 illi
671 2480 1043 2544 superstruere
1075 2485 1315 2527 errorem
1347 2479 1568 2526 c0natns
1599 2477 1713 2532 est;
1745 2467 1984 2538 adoptio-

385 2569 470 2623 nis
495 2568 825 2638 czeteroquin
846 2579 983 2621 voce
1008 2565 1139 2620 satis
1167 2564 1299 2634 ipsis
1325 2574 1574 2633 suspecta
1599 2560 1986 2632 postArianam

385 2655 662 2718 haeresim.
695 2657 818 2715 Non
849 2676 940 2730 per
965 2657 1292 2727 adeptionem
1321 2657 1429 2710 haec
1455 2660 1591 2726 facta
1620 2661 1740 2708 sunt
1763 2697 1777 2721 ,
1805 2654 1936 2708 absit
1966 2669 1988 2708 :

383 2754 457 2807 ita
489 2752 543 2808 in
573 2749 861 2823 Capitulari
885 2750 990 2806 alio
1004 2749 1301 2806 Concilium
1322 2745 1655 2818 Ephesinum
1677 2747 1988 2802 continente

383 2844 572 2900 codice
597 2857 658 2900 ea
685 2844 847 2899 verba
872 2843 930 2900 S.
950 2840 1228 2900 Athanasii
1254 2839 1305 2894 in
1328 2838 1565 2910 Epistula
1591 2838 1655 2893 ad
1680 2837 1985 2910 Epictetum

384 2935 550 2990 latine
598 2933 896 2990 redduntur
951 2953 965 2989 :
1015 2936 1074 2989 οὐ
1125 2935 1262 2989 θέσει
1310 2929 1364 2988 δι
1410 2937 1580 2986 ταῦτα
1627 2931 1860 3004 ἐγένετο,
1916 2933 1987 3000 μή

383 3031 580 3103 γένοιτο
614 3044 628 3082 :
659 3044 782 3100 qua:
811 3027 863 3082 in
904 3025 1156 3082 Conciliis
1183 3023 1325 3080 edita
1367 3023 1548 3078 versio
1584 3037 1747 3092 prave
1775 3028 1990 3076 contor-

383 3131 531 3192 quet.
564 3121 940 3177 Cassiodorius
979 3120 1031 3174 in
1063 3117 1265 3173 Psalm.
1310 3132 1359 3185 ι,
1401 3127 1610 3188 propter
1649 3115 1987 3170 humilitatem

2086 1931 2357 1998 exemplo,
2407 1931 2566 1999 priori
2622 1932 2782 1986 etiam
2841 1947 3001 1987 versu
3049 1931 3341 1988 rubricato.
3399 1933 3686 1994 Rubricata

2083 2028 2262 2076 autem
2289 2021 2449 2077 verba
2481 2021 2598 2076 auri
2647 2022 2774 2077 olim
2820 2024 3188 2093 superindncti
3239 2025 3432 2081 alicubi
3467 2029 3691 2099 vestigia

2084 2112 2338 2169 retinent.
2394 2111 2715 2183 Scriptionis
2781 2116 2988 2185 species
3038 2115 3321 2187 Virgilium
3389 2116 3690 2175 Mediceum

2087 2204 2300 2278 (parum
2352 2205 2582 2261 feliciter
2610 2205 2678 2260 ab
2701 2205 2860 2262 editis
2904 2207 3287 2277 speciminibus
3327 2220 3690 2280 repraesenta-

2087 2295 2222 2368 tum)
2271 2297 2322 2350 in
2353 2311 2416 2351 eo
2472 2296 2740 2368 praecipue
2765 2296 2950 2363 refert,
2981 2298 3126 2368 quod
3171 2299 3362 2355 littera:
3402 2301 3690 2358 mediocris

2088 2387 2290 2460 pariter
2316 2387 2424 2442 sint
2455 2387 2856 2460 magnitudinis,
2887 2398 2940 2445 et
2967 2391 3174 2445 calamo
3209 2389 3474 2448 subtiliori
3502 2409 3692 2449 exara-

2089 2489 2189 2537 tae:
2224 2481 2367 2552 quod
2399 2480 2440 2536 P
2464 2491 2518 2537 et
2543 2481 2589 2549 Q
2631 2481 2962 2538 descendant
2991 2497 3304 2553 numquam,
3352 2500 3525 2556 neque
3551 2486 3688 2541 infra

2090 2574 2506 2645 protenduntur;
2549 2584 2605 2629 et
2628 2575 2772 2646 quod
2800 2576 2852 2630 in
2883 2576 2927 2630 T
2958 2586 3263 2634 transversa
3304 2578 3441 2635 linea
3477 2581 3564 2635 vix
3597 2595 3691 2651 ap-

2087 2675 2294 2740 pareat,
2322 2675 2382 2722 ut
2409 2667 2570 2723 etiam
2592 2666 2646 2722 in
2677 2668 2723 2724 ϐ
2753 2677 2807 2724 ct
2845 2669 2899 2724 in
2931 2669 2972 2724 L
3003 2668 3286 2726 inferiores
3328 2672 3540 2727 duetus.
3571 2672 3689 2730 Cac-

2090 2771 2263 2815 terum
2293 2770 2476 2815 uoster
2511 2759 2680 2830 magis
2718 2758 2940 2825 alibbre,
2977 2761 3338 2832 distincteque
3388 2777 3450 2818 ac
3475 2766 3691 2834 aequati-

2091 2861 2171 2906 ter
2191 2851 2492 2920 descriptus
2532 2861 2614 2904 est
2645 2867 2656 2903 :
2684 2866 2752 2905 ne
2779 2850 2906 2920 quid
2944 2865 2972 2904 a
3006 2861 3152 2906 recta
3187 2853 3323 2905 linea
3349 2851 3404 2908 in
3442 2856 3690 2911 versibus

2088 2942 2375 2998 exarandis
2407 2956 2598 2998 manus
2646 2941 2989 3011 deflecteret,
3018 2943 3206 2999 calami
3252 2944 3336 2999 via
3374 2947 3512 3018 stylo
3549 2948 3692 3004 desi-

2088 3048 2251 3109 gnata
2298 3037 2508 3092 visitur.
2563 3036 2648 3093 Ab
2697 3037 3076 3092 emendatione
3129 3053 3342 3109 quoque
3390 3043 3688 3111 generatim

2089 3129 2388 3184 laudandus
2418 3129 2556 3185 liber
2588 3146 2601 3182 :
2635 3129 2986 3199 quamobrem
3032 3128 3233 3184 librarii
3262 3128 3380 3200 iure
3411 3133 3603 3187 merito
3635 3134 3686 3188 in

383 3213 555 3269 carnis
584 3215 889 3284 adsumptae.
907 3211 1038 3267 llinc
1060 3209 1320 3266 Alcuinus
1341 3207 1505 3264 Felici
1531 3225 1543 3260 :
1568 3216 1623 3261 tu
1643 3207 1849 3261 omnino
1869 3221 1982 3276 per-
2013 3203 2060 3268 C
2092 3220 2368 3277 hominum
2401 3223 2715 3277 memoriam
2741 3236 2937 3276 nomen
2961 3221 3356 3289 revocabimus,
3379 3221 3519 3292 quod
3549 3240 3688 3294 pra:-

383 3307 669 3362 versissime
699 3306 828 3360 dicis
855 3303 1133 3375 adoptatur
1164 3319 1179 3357 :
1208 3299 1455 3373 quamvis
1499 3315 1604 3354 non
1639 3314 1702 3354 ea
1733 3311 1984 3368 perversa

384 3408 569 3456 essent
609 3396 918 3465 verba,‘sed
968 3393 1362 3465 interpretatio.
1394 3391 1519 3447 llaec
1562 3399 1741 3447 autem
1781 3390 1984 3458 omnia,

387 3508 446 3552 ut
467 3503 694 3560 constet,
713 3509 873 3566 quam
897 3493 963 3548 ab
983 3493 1225 3563 antiquo,
1255 3501 1309 3546 et
1329 3505 1426 3545 cur
1450 3490 1496 3545 is
1524 3490 1675 3545 locus
1701 3487 1989 3559 dupliciter

385 3594 440 3648 in
478 3589 626 3648 libris
667 3591 1084 3647 describeretur.
1112 3586 1380 3643 Cmterum
1432 3584 1704 3658 quomodo
1755 3582 1989 3638 Hilarius

383 3687 506 3759 ipse
551 3684 861 3758 scripserit,
919 3683 1049 3739 mihi
1102 3681 1315 3754 quidem
1371 3677 1528 3736 facile
1580 3679 1795 3750 cognitu
1841 3676 1990 3732 vide-

385 3790 475 3837 tur
501 3781 753 3846 omnino;
792 3787 1102 3835 contextum
1143 3777 1284 3832 enim
1333 3772 1773 3845 percurrentibus
1809 3771 1986 3828 statim

382 3873 589 3946 patebit
631 3887 817 3928 vocem
873 3869 1121 3926 adoratur
1172 3867 1422 3924 oratoria:
1466 3864 1781 3938 elegantiae,
1827 3879 1988 3935 quam

383 3966 588 4022 Auctor
626 3963 698 4020 ibi
727 3974 983 4031 sectatur,
1030 3962 1248 4016 minimc
1268 3958 1578 4016 convenire.
1612 3955 1756 4011 Parit
1791 3955 1985 4026 Virgo,

382 4068 564 4128 partus
615 4075 648 4112 a
703 4055 810 4111 Deo
861 4065 976 4121 est;
1029 4056 1202 4124 infans
1257 4051 1432 4122 vagit,
1488 4049 1754 4104 laudantes
1807 4049 1992 4122 Augei;

381 4153 700 4216 audiuntur;
747 4149 906 4220 panni
950 4150 1182 4213 sordent,
1225 4142 1365 4200 Deus
1404 4144 1647 4198 adoratur
1674 4161 1692 4197 :
1717 4143 1787 4196 ita
1826 4153 1994 4214 potes-

385 4244 505 4297 tatis
535 4243 755 4315 dignitas
783 4257 879 4296 non
911 4241 1191 4305 amittitur,
1214 4238 1339 4292 dum
1368 4237 1535 4292 carnis
1565 4237 1826 4290 humilitas
1867 4236 1992 4290 ado-

384 4345 550 4389 ratur.
598 4333 780 4406 Neque
808 4340 932 4405 apte
979 4331 1285 4387 immediata
1327 4329 1588 4385 orationis
1631 4329 1870 4383 membra
1911 4328 1994 4383 bis

387 4428 580 4487 eodem
633 4428 798 4484 verbo
845 4425 1200 4493 clauduntur,
1257 4439 1432 4494 neque
1485 4421 1767 4477 mirificum
1825 4419 1990 4487 illud,

386 4521 529 4591 quod
555 4537 622 4576 ex
648 4519 907 4592 oppositis
927 4527 1224 4590 aucupatur
1250 4515 1518 4582 Hilarius,
1541 4515 1711 4569 oritur
1738 4513 1849 4568 ullo
1877 4529 1994 4568 mo-

2091 3323 2172 3369 ter
2200 3330 2428 3381 morem,
2479 3314 2568 3369 ubi
2625 3315 2800 3368 minus
2837 3315 3256 3384 exspectandum
3293 3324 3432 3381 erat,
3463 3317 3691 3372 incurri-

2090 3419 2212 3460 mus
2242 3424 2252 3459 :
2287 3405 2338 3460 in
2371 3404 2712 3476 alphabetico
2738 3405 2946 3460 scilicet
2973 3405 3186 3460 Psalmo
3216 3421 3402 3474 cxvnt,
3429 3406 3684 3477 postilla,

2089 3495 2288 3554 Littera
2313 3496 2445 3552 IIII
2462 3498 2692 3569 explicit,
2712 3497 2891 3568 incipit
2909 3495 3104 3552 Littera
3145 3497 3185 3550 V
3210 3498 3686 3570 feliciter,exiguis,

2089 3595 2185 3652 sed
2216 3595 2526 3666 majusculze
2555 3595 2779 3666 pariter,
2810 3600 2868 3650 ut
2889 3609 3163 3658 vocamus,
3198 3594 3382 3665 figurae
3410 3595 3692 3652 characte-

2089 3687 2238 3743 ribus
2297 3687 2491 3758 legitur
2536 3685 2759 3742 inferius
2797 3705 2809 3741 :
2870 3685 3059 3742 Scribit
3096 3687 3414 3756 antiquarius
3446 3685 3690 3744 Eutalius

2090 3779 2181 3837 NT
2212 3779 2285 3836 ita
2316 3781 2637 3853 colligantur
2661 3780 2729 3848 N,
2753 3781 2896 3852 quod
2927 3781 3231 3851 compendii
3253 3796 3420 3852 genus
3445 3793 3689 3838 veterum

2091 3873 2328 3946 lapidum
2352 3891 2507 3930 usum
2554 3876 2714 3945 sapit.
2746 3873 2803 3928 ln
2846 3872 3034 3928 eodem
3068 3873 3278 3929 Psalmo
3312 3881 3429 3944 post
3453 3874 3691 3930 litteram

2091 3971 2377 4038 decimam,
2427 3969 2566 4023 intra
2622 3967 2882 4022 circulum
2921 3966 3119 4021 Christi
3175 3982 3578 4036 monogramma
3637 3968 3692 4024 in

2093 4063 2245 4134 apice
2269 4077 2377 4132 prm
2396 4073 2456 4115 se
2473 4058 2734 4114 ferentem
2760 4075 2773 4110 :
2795 4056 3042 4113 Scribtori
3071 4057 3191 4123 vita,
3216 4058 3400 4126 legenti
3429 4057 3686 4113 doctrina.

2165 4151 2603 4224 Antiquariorum
2663 4163 2884 4212 munus,
2955 4162 3180 4216 quorum
3239 4147 3492 4216 frequens
3547 4149 3690 4217 apud

2093 4255 2304 4300 veteres
2354 4242 2555 4298 mentio
2589 4283 2603 4308 ,
2658 4239 2901 4296 Valentis
2948 4239 3032 4294 lex
3096 4254 3238 4293 anno
3290 4254 3543 4294 cccnxxn
3585 4240 3688 4297 lata

2097 4339 2264 4410 probe
2315 4335 2598 4392 describit.
2656 4334 2982 4405 Antiquarios
3025 4331 3094 4387 ad
3123 4331 3438 4388 bibliotheca:
3491 4335 3692 4390 codices

2097 4429 2505 4501 componendas,
2537 4427 2616 4480 uel
2657 4443 2751 4496 pro
2803 4435 3049 4480 uetustate
3092 4425 3428 4496 reparandas,
3471 4437 3689 4498 quatuor

2102 4523 2307 4578 ercos
2352 4531 2399 4576 et
2455 4530 2555 4576 tres
2585 4520 2802 4575 Latinos
2850 4519 3100 4574 scribendi
3157 4521 3345 4588 peritos
3396 4519 3495 4590 legi
3536 4523 3688 4595 jube-

386 4613 488 4679 do,
523 4612 568 4668 si
599 4591 914 4684 dignitatem
953 4625 1059 4664 non
1101 4609 1339 4674 amittat,
1369 4607 1457 4678 qui
1502 4606 1789 4671 aduratur;
1820 4606 1986 4660 oritur

2095 4632 2206 4670 mus
2257 4614 2339 4686 (C.
2371 4613 2474 4668 Th.
2521 4614 2584 4668 de
2631 4613 2842 4681 Antiqu.
2890 4612 2927 4666 ι.
2974 4611 3057 4678 ιι).
3107 4611 3344 4666 Isidorus
3406 4611 3477 4665 ita
3521 4591 3693 4668 dictos

385 4715 566 4760 autem
599 4703 824 4776 Optime,
856 4702 900 4758 si
947 4703 1257 4776 dignitatem
1290 4716 1398 4757 non
1433 4701 1662 4768 amittat,
1699 4700 1788 4770 qui
1814 4701 1993 4755 carnis

388 4797 748 4852 humilitatem
779 4796 1018 4867 adoptat.
1053 4795 1158 4851 Cur
1192 4809 1320 4850 vero
1361 4793 1509 4848 Felix
1559 4792 1990 4848 criminationem

387 4890 510 4946 falsi
532 4890 699 4946 veteri
740 4889 918 4959 ali/luo
949 4888 1161 4960 prolato
1190 4889 1376 4942 codice
1401 4885 1676 4955 adoptatur
1706 4883 1994 4940 exhibente

389 4998 499 5038 non
525 4983 808 5053 repulerit,
831 4983 913 5037 vel
937 4980 1191 5037 invidiam
1225 4981 1413 5035 saltem
1445 4993 1549 5033 non
1570 4978 1844 5046 minuerit,
1868 4992 1993 5048 pro-

389 5077 534 5132 fecto
555 5094 662 5132 non
689 5075 950 5149 intelligo.
973 5073 1175 5131 Eodem
1198 5083 1347 5131 certe
1371 5089 1530 5130 sensu
1558 5073 1791 5127 Hilarius
1821 5072 1873 5127 in
1898 5087 1993 5127 ex-

391 5167 660 5238 positione
688 5167 883 5222 Psalmi
914 5182 1096 5222 cxxvn
1139 5163 1364 5237 protulit
1390 5182 1478 5236 per
1505 5164 1833 5236 adoptionem
1872 5178 1995 5218 cor-

393 5261 542 5330 poris
572 5277 586 5314 :
622 5259 824 5314 frustra
847 5273 978 5314 vero
1022 5257 1307 5329 legendum
1353 5270 1473 5310 esse
1517 5273 1605 5327 per
1648 5256 1991 5327 adeptionem,

390 5357 640 5426 quamvis
663 5354 976 5409 Erasmiana
1006 5353 1242 5408 editione
1261 5350 1586 5421 suffragante
1607 5392 1621 5418 ,
1648 5351 1725 5405 vlr
1755 5351 1996 5421 ingeniu-

392 5460 486 5500 sus
525 5446 848 5517 coniiciebat
875 5441 990 5516 (De
1021 5454 1140 5498 vett.
1174 5439 1372 5512 illam,
1403 5453 1542 5511 etc.,
1574 5457 1628 5513 p.
1659 5441 1838 5516 460);
1867 5455 1993 5496 nam

390 5537 727 5610 adoptionem
748 5537 968 5611 praefert
991 5537 1462 5609 prazstantissimus
1493 5535 1734 5591 omnium
1764 5533 1996 5604 Capituli

395 5633 568 5686 nostri
601 5632 737 5687 liber
770 5632 906 5686 alter
927 5671 943 5696 ,
975 5630 1128 5700 cujus
1151 5629 1261 5700 jam
1293 5630 1610 5686 relationem
1643 5628 1989 5698 ingredimur.

467 5726 679 5787 Paucos
700 5725 916 5800 quidem
954 5739 1021 5781 ex
1060 5724 1452 5782 Ecclesiasticis
1480 5725 1780 5796 praesertim
1809 5737 1998 5778 manu-

396 5819 634 5892 scriptos
680 5817 902 5876 codices
948 5818 1212 5891 reperias,
1249 5819 1338 5890 qui
1379 5832 1500 5874 cum
1551 5816 1655 5873 hoc
1683 5817 2000 5889 antiquitate

2099 4717 2286 4778 putat,
2348 4707 2469 4778 quia
2525 4705 2878 4760 tantummodo
2942 4713 3109 4758 vetera
3161 4703 3460 4759 scriberent
3515 4703 3689 4776 (Orig.

2093 4803 2183 4857 lib.
2213 4803 2312 4873 vr).
2343 4801 2436 4856 sed
2478 4810 2742 4872 repugnat
2785 4799 3019 4855 Euthalii
3049 4799 3572 4865 nostriauctoritas,
3604 4797 3696 4869 qui

2095 4909 2155 4949 se
2191 4892 2555 4964 antiquarium
2599 4901 2772 4957 vocat,
2821 4890 3003 4945 Hilarii
3047 4904 3384 4961 nequaquam
3441 4901 3567 4944 tunc
3599 4905 3695 4942 ve-

2095 4993 2289 5052 tustos,
2328 4984 2421 5040 sed
2451 4983 2589 5039 forte
2628 4984 2866 5039 calentes
2886 4981 3062 5037 adhuc
3091 4983 3506 5036 commentarios
3550 4989 3697 5032 trau-

2096 5078 2362 5134 scribens.
2396 5077 2509 5148 Ego
2560 5077 2697 5132 inter
2755 5075 3004 5130 librarios
3033 5089 3098 5129 co
3139 5074 3437 5144 praesertim
3477 5071 3699 5128 nomine

2100 5172 2330 5227 donatos
2369 5172 2585 5241 Opinor,
2617 5172 2708 5243 qui
2761 5185 2870 5225 non
2923 5169 3198 5232 cursoriis,
3253 5183 3348 5222 seu
3401 5165 3695 5234 celeribus,

2099 5279 2218 5334 quae
2246 5263 2485 5319 barbaris
2513 5263 2820 5318 nominibus
2855 5276 2959 5316 non
3007 5261 3122 5315 sine
3157 5260 3297 5315 miro
3325 5268 3379 5315 et
3407 5258 3700 5316 universali

2100 5371 2285 5411 errore
2316 5355 2582 5426 designari
2629 5354 2824 5420 solent,
2859 5351 2953 5408 sed
2995 5351 3308 5420 majoribus,
3341 5361 3700 5422 accurateque

2098 5445 2291 5504 effictis
2333 5447 2544 5513 litteris,
2587 5461 2651 5501 ac
2690 5444 2963 5514 diligentia
2991 5442 3245 5514 singulari
3291 5444 3506 5501 codices
3559 5459 3699 5499 con-

2097 5548 2311 5594 struere
2339 5537 2736 5610 profiterentur.
2769 5536 3018 5592 Graccum
3041 5535 3361 5591 vocabulum
3390 5537 3549 5591 docet
3573 5536 3704 5592 Καλ-

2103 5631 2361 5709 λιγράφος,
2401 5629 2666 5699 siquidem
2698 5628 3027 5699 Antiquarius
3069 5625 3311 5682 redditur
3347 5628 3397 5680 in
3426 5626 3702 5681 veteribus

2107 5723 2332 5780 Glossis.
2365 5723 2628 5794 Praecepit
2669 5722 2968 5793 Imperator
2992 5719 3377 5776 Constantinus
3418 5719 3643 5791 epistola
3669 5733 3704 5774 a

2112 5817 2450 5877 Thcodorito
2478 5819 2531 5875 in
2556 5818 2931 5878 Ecclesiastica
2958 5817 3192 5874 Historia
3220 5813 3331 5890 (lib.
3360 5831 3398 5885 ι,
3423 5831 3467 5867 c.
3497 5811 3587 5884 16)
3623 5827 3708 5870 re-
