  <div class='ocr_page' id='page_1' title='image "/cluster/home/n/w/nwhite01/storage/ocr_20150623/9/hvd.32044069618759/013.png"; bbox 0 0 4232 6256; ppageno 0'>
   <div class='ocr_carea' id='block_1_1' title="bbox 570 293 2568 360">
    <p class='ocr_par' dir='ltr' id='par_1_1' title="bbox 570 293 2568 360">
     <span class='ocr_line' id='line_1_1' title="bbox 570 293 2568 360; baseline -0.004 -1"><span class='ocrx_word' id='word_1_1' title='bbox 570 302 659 360; x_wconf 80' lang='lat' dir='ltr'><strong>VII</strong></span> <span class='ocrx_word' id='word_1_2' title='bbox 1927 295 2183 353; x_wconf 81' lang='lat' dir='ltr'><strong>MAFFEI</strong></span> <span class='ocrx_word' id='word_1_3' title='bbox 2225 293 2568 352; x_wconf 84' lang='lat' dir='ltr'><strong>EDITIONIS</strong></span> 
     </span>
    </p>
   </div>
   <div class='ocr_carea' id='block_1_2' title="bbox 3749 280 3867 357">
    <p class='ocr_par' dir='ltr' id='par_1_2' title="bbox 3749 280 3867 357">
     <span class='ocr_line' id='line_1_2' title="bbox 3749 280 3867 357; baseline 0.034 -4"><span class='ocrx_word' id='word_1_4' title='bbox 3749 280 3867 357; x_wconf 74' lang='lat' dir='ltr'><strong>Vm</strong></span> 
     </span>
    </p>
   </div>
   <div class='ocr_carea' id='block_1_3' title="bbox 562 409 3867 483">
    <p class='ocr_par' dir='ltr' id='par_1_3' title="bbox 562 409 3867 483">
     <span class='ocr_line' id='line_1_3' title="bbox 562 409 3867 483; baseline -0 -12"><span class='ocrx_word' id='word_1_5' title='bbox 562 417 696 482; x_wconf 85' lang='lat' dir='ltr'><strong>lata,</strong></span> <span class='ocrx_word' id='word_1_6' title='bbox 724 421 784 470; x_wconf 88' lang='lat' dir='ltr'><strong>ut</strong></span> <span class='ocrx_word' id='word_1_7' title='bbox 817 412 901 470; x_wconf 81' lang='lat' dir='ltr'><strong>ad</strong></span> <span class='ocrx_word' id='word_1_8' title='bbox 950 412 1239 468; x_wconf 88' lang='lat' dir='ltr'><strong>multarum</strong></span> <span class='ocrx_word' id='word_1_9' title='bbox 1271 409 1427 468; x_wconf 88' lang='lat' dir='ltr'><strong>Urbis</strong></span> <span class='ocrx_word' id='word_1_10' title='bbox 1472 421 1584 466; x_wconf 80' lang='lat' dir='ltr'><strong>suae</strong></span> <span class='ocrx_word' id='word_1_11' title='bbox 1613 409 1976 466; x_wconf 80' lang='lat' dir='ltr'><strong>Ecclesiarum</strong></span> <span class='ocrx_word' id='word_1_12' title='bbox 2006 425 2162 465; x_wconf 90' lang='lat' dir='ltr'><strong>usum</strong></span> <span class='ocrx_word' id='word_1_13' title='bbox 2191 414 2244 474; x_wconf 85' lang='grc' dir='ltr'><strong>Α</strong></span> <span class='ocrx_word' id='word_1_14' title='bbox 2337 409 2455 466; x_wconf 86' lang='lat' dir='ltr'><strong>Jam</strong></span> <span class='ocrx_word' id='word_1_15' title='bbox 2478 423 2607 466; x_wconf 88' lang='lat' dir='ltr'><strong>vero</strong></span> <span class='ocrx_word' id='word_1_16' title='bbox 2637 419 2694 466; x_wconf 91' lang='lat' dir='ltr'><strong>ut</strong></span> <span class='ocrx_word' id='word_1_17' title='bbox 2737 410 2990 482; x_wconf 84' lang='lat' dir='ltr'><strong>quidquid</strong></span> <span class='ocrx_word' id='word_1_18' title='bbox 3027 410 3094 466; x_wconf 91' lang='lat' dir='ltr'><strong>ad</strong></span> <span class='ocrx_word' id='word_1_19' title='bbox 3124 409 3510 482; x_wconf 80' lang='lat' dir='ltr'><strong>detergendum</strong></span> <span class='ocrx_word' id='word_1_20' title='bbox 3547 419 3710 483; x_wconf 90' lang='lat' dir='ltr'><strong>atque</strong></span> <span class='ocrx_word' id='word_1_21' title='bbox 3751 427 3867 470; x_wconf 83' lang='lat' dir='ltr'><strong>am-</strong></span> 
     </span>
    </p>
   </div>
   <div class='ocr_carea' id='block_1_4' title="bbox 563 504 2164 576">
    <p class='ocr_par' dir='ltr' id='par_1_4' title="bbox 563 504 2164 576">
     <span class='ocr_line' id='line_1_4' title="bbox 563 504 2164 576; baseline -0.002 -12"><span class='ocrx_word' id='word_1_22' title='bbox 563 523 838 564; x_wconf 86' lang='lat' dir='ltr'><strong>sacrarutn</strong></span> <span class='ocrx_word' id='word_1_23' title='bbox 865 507 1265 576; x_wconf 91' lang='lat' dir='ltr'><strong>Scripturarum</strong></span> <span class='ocrx_word' id='word_1_24' title='bbox 1292 504 1676 576; x_wconf 82' lang='lat' dir='ltr'><strong>quinquaginta</strong></span> <span class='ocrx_word' id='word_1_25' title='bbox 1708 505 2040 560; x_wconf 84' lang='lat' dir='ltr'><strong>membranei</strong></span> <span class='ocrx_word' id='word_1_26' title='bbox 2067 520 2164 560; x_wconf 87' lang='lat' dir='ltr'><strong>co-</strong></span> 
     </span>
    </p>
   </div>
   <div class='ocr_carea' id='block_1_5' title="bbox 563 597 2164 671">
    <p class='ocr_par' dir='ltr' id='par_1_5' title="bbox 563 597 2164 671">
     <span class='ocr_line' id='line_1_5' title="bbox 563 597 2164 671; baseline -0.001 -17"><span class='ocrx_word' id='word_1_27' title='bbox 563 599 719 655; x_wconf 83' lang='lat' dir='ltr'><strong>dices</strong></span> <span class='ocrx_word' id='word_1_28' title='bbox 765 599 1164 654; x_wconf 75' lang='lat' dir='ltr'><strong>conficerentur</strong></span> <span class='ocrx_word' id='word_1_29' title='bbox 1209 598 1313 652; x_wconf 76' lang='grc' dir='ltr'><strong>ὑπὸ</strong></span> <span class='ocrx_word' id='word_1_30' title='bbox 1359 604 1613 668; x_wconf 82' lang='grc' dir='ltr'><strong>τεχνιτῶν</strong></span> <span class='ocrx_word' id='word_1_31' title='bbox 1664 597 2037 671; x_wconf 75' lang='grc' dir='ltr'><strong>Καλλιγρὰφων,</strong></span> <span class='ocrx_word' id='word_1_32' title='bbox 2080 600 2164 652; x_wconf 82' lang='grc' dir='ltr'><strong>καὶ</strong></span> 
     </span>
    </p>
   </div>
   <div class='ocr_carea' id='block_1_6' title="bbox 561 688 2165 770">
    <p class='ocr_par' dir='ltr' id='par_1_6' title="bbox 561 688 2165 770">
     <span class='ocr_line' id='line_1_6' title="bbox 561 688 2165 770; baseline -0.003 -22"><span class='ocrx_word' id='word_1_33' title='bbox 561 693 792 770; x_wconf 78' lang='grc' dir='ltr'><strong>ἀκριϐῶς</strong></span> <span class='ocrx_word' id='word_1_34' title='bbox 816 697 906 750; x_wconf 74' lang='grc' dir='ltr'><strong>τήν</strong></span> <span class='ocrx_word' id='word_1_35' title='bbox 931 692 1118 762; x_wconf 82' lang='grc' dir='ltr'><strong>τέχνην</strong></span> <span class='ocrx_word' id='word_1_36' title='bbox 1139 691 1512 763; x_wconf 82' lang='grc' dir='ltr'><strong>ἐπισταμένων,</strong></span> <span class='ocrx_word' id='word_1_37' title='bbox 1543 688 1606 742; x_wconf 86' lang='lat' dir='ltr'><strong>ab</strong></span> <span class='ocrx_word' id='word_1_38' title='bbox 1643 688 1924 756; x_wconf 79' lang='lat' dir='ltr'><strong>artiﬁcibus</strong></span> <span class='ocrx_word' id='word_1_39' title='bbox 1955 689 2165 758; x_wconf 78' lang='lat' dir='ltr'><strong>pulchre</strong></span> 
     </span>
    </p>
   </div>
   <div class='ocr_carea' id='block_1_7' title="bbox 561 780 2165 850">
    <p class='ocr_par' dir='ltr' id='par_1_7' title="bbox 561 780 2165 850">
     <span class='ocr_line' id='line_1_7' title="bbox 561 780 2165 850; baseline -0.001 -13"><span class='ocrx_word' id='word_1_40' title='bbox 561 782 926 845; x_wconf 74' lang='lat' dir='ltr'><strong>scribentibus,</strong></span> <span class='ocrx_word' id='word_1_41' title='bbox 979 792 1128 848; x_wconf 83' lang='lat' dir='ltr'><strong>alque</strong></span> <span class='ocrx_word' id='word_1_42' title='bbox 1168 791 1329 834; x_wconf 91' lang='lat' dir='ltr'><strong>artem</strong></span> <span class='ocrx_word' id='word_1_43' title='bbox 1362 784 1578 850; x_wconf 79' lang='lat' dir='ltr'><strong>perfecte</strong></span> <span class='ocrx_word' id='word_1_44' title='bbox 1625 780 1925 835; x_wconf 76' lang='lat' dir='ltr'><strong>callentibus</strong></span> <span class='ocrx_word' id='word_1_45' title='bbox 1958 797 1976 835; x_wconf 91' lang='lat'><strong><em>:</em></strong></span> <span class='ocrx_word' id='word_1_46' title='bbox 2005 781 2165 837; x_wconf 91' lang='lat' dir='ltr'><strong>vertit</strong></span> 
     </span>
    </p>
   </div>
   <div class='ocr_carea' id='block_1_8' title="bbox 558 873 2164 945">
    <p class='ocr_par' dir='ltr' id='par_1_8' title="bbox 558 873 2164 945">
     <span class='ocr_line' id='line_1_8' title="bbox 558 873 2164 945; baseline 0 -15"><span class='ocrx_word' id='word_1_47' title='bbox 558 875 894 945; x_wconf 87' lang='lat' dir='ltr'><strong>Epiphanius</strong></span> <span class='ocrx_word' id='word_1_48' title='bbox 925 873 1291 930; x_wconf 86' lang='lat' dir='ltr'><strong>Scholasticus</strong></span> <span class='ocrx_word' id='word_1_49' title='bbox 1331 873 1382 927; x_wconf 91' lang='lat' dir='ltr'><strong>in</strong></span> <span class='ocrx_word' id='word_1_50' title='bbox 1431 873 1742 943; x_wconf 88' lang='lat' dir='ltr'><strong>Tripartita,</strong></span> <span class='ocrx_word' id='word_1_51' title='bbox 1779 874 1842 927; x_wconf 91' lang='lat' dir='ltr'><strong>ab</strong></span> <span class='ocrx_word' id='word_1_52' title='bbox 1883 873 2164 942; x_wconf 80' lang='lat' dir='ltr'><strong>artiﬁcibus</strong></span> 
     </span>
    </p>
   </div>
   <div class='ocr_carea' id='block_1_9' title="bbox 562 965 2157 1036">
    <p class='ocr_par' dir='ltr' id='par_1_9' title="bbox 562 965 2157 1036">
     <span class='ocr_line' id='line_1_9' title="bbox 562 965 2157 1036; baseline 0.001 -18"><span class='ocrx_word' id='word_1_53' title='bbox 562 967 868 1036; x_wconf 75' lang='lat' dir='ltr'><strong>antiquariis</strong></span> <span class='ocrx_word' id='word_1_54' title='bbox 889 1007 903 1031; x_wconf 91' lang='lat'><strong>,</strong></span> <span class='ocrx_word' id='word_1_55' title='bbox 932 975 982 1020; x_wconf 92' lang='lat' dir='ltr'><strong>et</strong></span> <span class='ocrx_word' id='word_1_56' title='bbox 1013 969 1232 1036; x_wconf 81' lang='lat' dir='ltr'><strong>perfecte</strong></span> <span class='ocrx_word' id='word_1_57' title='bbox 1273 973 1431 1019; x_wconf 89' lang='lat' dir='ltr'><strong>artem</strong></span> <span class='ocrx_word' id='word_1_58' title='bbox 1474 965 1746 1019; x_wconf 77' lang='lat' dir='ltr'><strong>scientibus</strong></span> <span class='ocrx_word' id='word_1_59' title='bbox 1768 965 1884 1034; x_wconf 92' lang='lat' dir='ltr'><strong>(lib.</strong></span> <span class='ocrx_word' id='word_1_60' title='bbox 1911 982 1968 1033; x_wconf 86' lang='lat' dir='ltr'><strong>tl,</strong></span> <span class='ocrx_word' id='word_1_61' title='bbox 1999 984 2044 1019; x_wconf 90' lang='lat' dir='ltr'><strong>c.</strong></span> <span class='ocrx_word' id='word_1_62' title='bbox 2079 966 2157 1036; x_wconf 89' lang='lat'><strong>6).</strong></span> 
     </span>
    </p>
   </div>
   <div class='ocr_carea' id='block_1_10' title="bbox 559 1057 2158 1129">
    <p class='ocr_par' dir='ltr' id='par_1_10' title="bbox 559 1057 2158 1129">
     <span class='ocr_line' id='line_1_10' title="bbox 559 1057 2158 1129; baseline 0.001 -17"><span class='ocrx_word' id='word_1_63' title='bbox 559 1057 857 1129; x_wconf 84' lang='lat' dir='ltr'><strong>Propterea</strong></span> <span class='ocrx_word' id='word_1_64' title='bbox 885 1057 1219 1129; x_wconf 83' lang='lat' dir='ltr'><strong>Augustinus</strong></span> <span class='ocrx_word' id='word_1_65' title='bbox 1247 1057 1302 1112; x_wconf 90' lang='lat' dir='ltr'><strong>in</strong></span> <span class='ocrx_word' id='word_1_66' title='bbox 1329 1057 1589 1113; x_wconf 88' lang='lat' dir='ltr'><strong>Sermone</strong></span> <span class='ocrx_word' id='word_1_67' title='bbox 1608 1058 1675 1113; x_wconf 88' lang='lat' dir='ltr'><strong>de</strong></span> <span class='ocrx_word' id='word_1_68' title='bbox 1692 1059 1884 1115; x_wconf 86' lang='lat' dir='ltr'><strong>Verbis</strong></span> <span class='ocrx_word' id='word_1_69' title='bbox 1915 1060 2158 1114; x_wconf 89' lang='lat' dir='ltr'><strong>Domini:</strong></span> 
     </span>
    </p>
   </div>
   <div class='ocr_carea' id='block_1_11' title="bbox 565 1149 2163 1221">
    <p class='ocr_par' dir='ltr' id='par_1_11' title="bbox 565 1149 2163 1221">
     <span class='ocr_line' id='line_1_11' title="bbox 565 1149 2163 1221; baseline 0.001 -17"><span class='ocrx_word' id='word_1_70' title='bbox 565 1149 666 1215; x_wconf 83' lang='lat' dir='ltr'><strong>Qui</strong></span> <span class='ocrx_word' id='word_1_71' title='bbox 693 1151 828 1206; x_wconf 77' lang='lat' dir='ltr'><strong>ridet</strong></span> <span class='ocrx_word' id='word_1_72' title='bbox 852 1150 1044 1205; x_wconf 81' lang='lat' dir='ltr'><strong>litteras</strong></span> <span class='ocrx_word' id='word_1_73' title='bbox 1073 1151 1126 1204; x_wconf 86' lang='lat' dir='ltr'><strong>in</strong></span> <span class='ocrx_word' id='word_1_74' title='bbox 1152 1150 1325 1206; x_wconf 86' lang='lat' dir='ltr'><strong>codice</strong></span> <span class='ocrx_word' id='word_1_75' title='bbox 1352 1151 1540 1219; x_wconf 88' lang='lat' dir='ltr'><strong>optime</strong></span> <span class='ocrx_word' id='word_1_76' title='bbox 1567 1152 1780 1221; x_wconf 85' lang='lat' dir='ltr'><strong>scripto,</strong></span> <span class='ocrx_word' id='word_1_77' title='bbox 1810 1161 1858 1204; x_wconf 90' lang='lat' dir='ltr'><strong>et</strong></span> <span class='ocrx_word' id='word_1_78' title='bbox 1897 1168 1999 1205; x_wconf 89' lang='lat' dir='ltr'><strong>non</strong></span> <span class='ocrx_word' id='word_1_79' title='bbox 2023 1153 2163 1206; x_wconf 86' lang='lat' dir='ltr'><strong>novit</strong></span> 
     </span>
    </p>
   </div>
   <div class='ocr_carea' id='block_1_12' title="bbox 563 1242 2162 1314">
    <p class='ocr_par' dir='ltr' id='par_1_12' title="bbox 563 1242 2162 1314">
     <span class='ocr_line' id='line_1_12' title="bbox 563 1242 2162 1314; baseline -0.001 -17"><span class='ocrx_word' id='word_1_80' title='bbox 563 1244 750 1314; x_wconf 85' lang='lat' dir='ltr'><strong>legere,</strong></span> <span class='ocrx_word' id='word_1_81' title='bbox 788 1244 967 1297; x_wconf 85' lang='lat' dir='ltr'><strong>laudat</strong></span> <span class='ocrx_word' id='word_1_82' title='bbox 989 1243 1266 1313; x_wconf 84' lang='lat' dir='ltr'><strong>antiquarii</strong></span> <span class='ocrx_word' id='word_1_83' title='bbox 1284 1258 1510 1304; x_wconf 90' lang='lat' dir='ltr'><strong>manum,</strong></span> <span class='ocrx_word' id='word_1_84' title='bbox 1531 1242 1794 1296; x_wconf 84' lang='lat' dir='ltr'><strong>admirans</strong></span> <span class='ocrx_word' id='word_1_85' title='bbox 1818 1243 2025 1311; x_wconf 85' lang='lat' dir='ltr'><strong>apicum</strong></span> <span class='ocrx_word' id='word_1_86' title='bbox 2048 1243 2162 1311; x_wconf 82' lang='lat' dir='ltr'><strong>pul-</strong></span> 
     </span>
    </p>
   </div>
   <div class='ocr_carea' id='block_1_13' title="bbox 559 1332 2160 1402">
    <p class='ocr_par' dir='ltr' id='par_1_13' title="bbox 559 1332 2160 1402">
     <span class='ocr_line' id='line_1_13' title="bbox 559 1332 2160 1402; baseline 0 -14"><span class='ocrx_word' id='word_1_87' title='bbox 559 1335 920 1388; x_wconf 86' lang='lat' dir='ltr'><strong>chritudinem.</strong></span> <span class='ocrx_word' id='word_1_88' title='bbox 969 1333 1023 1387; x_wconf 92' lang='lat' dir='ltr'><strong>Id</strong></span> <span class='ocrx_word' id='word_1_89' title='bbox 1048 1341 1224 1388; x_wconf 88' lang='lat' dir='ltr'><strong>autem</strong></span> <span class='ocrx_word' id='word_1_90' title='bbox 1256 1332 1490 1387; x_wconf 89' lang='lat' dir='ltr'><strong>nominis</strong></span> <span class='ocrx_word' id='word_1_91' title='bbox 1519 1333 1756 1402; x_wconf 87' lang='lat' dir='ltr'><strong>sequiori</strong></span> <span class='ocrx_word' id='word_1_92' title='bbox 1789 1348 1904 1388; x_wconf 78' lang='lat' dir='ltr'><strong>:evo</strong></span> <span class='ocrx_word' id='word_1_93' title='bbox 1931 1334 2160 1388; x_wconf 89' lang='lat' dir='ltr'><strong>librariis</strong></span> 
     </span>
    </p>
   </div>
   <div class='ocr_carea' id='block_1_14' title="bbox 559 1425 2160 1497">
    <p class='ocr_par' dir='ltr' id='par_1_14' title="bbox 559 1425 2160 1497">
     <span class='ocr_line' id='line_1_14' title="bbox 559 1425 2160 1497; baseline -0.001 -15"><span class='ocrx_word' id='word_1_94' title='bbox 559 1428 781 1497; x_wconf 87' lang='lat' dir='ltr'><strong>majoris</strong></span> <span class='ocrx_word' id='word_1_95' title='bbox 798 1427 985 1482; x_wconf 84' lang='lat' dir='ltr'><strong>formae</strong></span> <span class='ocrx_word' id='word_1_96' title='bbox 1011 1426 1204 1481; x_wconf 85' lang='lat' dir='ltr'><strong>litteris</strong></span> <span class='ocrx_word' id='word_1_97' title='bbox 1221 1426 1437 1481; x_wconf 86' lang='lat' dir='ltr'><strong>codices</strong></span> <span class='ocrx_word' id='word_1_98' title='bbox 1457 1425 1837 1496; x_wconf 81' lang='lat' dir='ltr'><strong>eflingentibus</strong></span> <span class='ocrx_word' id='word_1_99' title='bbox 1867 1427 2160 1482; x_wconf 79' lang='lat' dir='ltr'><strong>adhaesisse</strong></span> 
     </span>
    </p>
   </div>
   <div class='ocr_carea' id='block_1_15' title="bbox 554 1520 2158 1592">
    <p class='ocr_par' dir='ltr' id='par_1_15' title="bbox 554 1520 2158 1592">
     <span class='ocr_line' id='line_1_15' title="bbox 554 1520 2158 1592; baseline -0.003 -15"><span class='ocrx_word' id='word_1_100' title='bbox 554 1532 686 1592; x_wconf 90' lang='lat' dir='ltr'><strong>puto</strong></span> <span class='ocrx_word' id='word_1_101' title='bbox 705 1563 718 1588; x_wconf 96' lang='lat'><strong>,</strong></span> <span class='ocrx_word' id='word_1_102' title='bbox 748 1521 890 1590; x_wconf 92' lang='lat' dir='ltr'><strong>quod</strong></span> <span class='ocrx_word' id='word_1_103' title='bbox 917 1521 1166 1590; x_wconf 88' lang='lat' dir='ltr'><strong>antiquos</strong></span> <span class='ocrx_word' id='word_1_104' title='bbox 1196 1520 1468 1574; x_wconf 84' lang='lat' dir='ltr'><strong>imitantes</strong></span> <span class='ocrx_word' id='word_1_105' title='bbox 1513 1520 1825 1588; x_wconf 76' lang='lat' dir='ltr'><strong>primmvam</strong></span> <span class='ocrx_word' id='word_1_106' title='bbox 1859 1521 2158 1574; x_wconf 89' lang='lat' dir='ltr'><strong>litterarum</strong></span> 
     </span>
    </p>
   </div>
   <div class='ocr_carea' id='block_1_16' title="bbox 553 1604 2160 1684">
    <p class='ocr_par' dir='ltr' id='par_1_16' title="bbox 553 1604 2160 1684">
     <span class='ocr_line' id='line_1_16' title="bbox 553 1604 2160 1684; baseline -0.002 -16"><span class='ocrx_word' id='word_1_107' title='bbox 553 1604 782 1684; x_wconf 85' lang='lat' dir='ltr'><strong>ﬁguram</strong></span> <span class='ocrx_word' id='word_1_108' title='bbox 805 1621 1084 1666; x_wconf 88' lang='lat' dir='ltr'><strong>servarent</strong></span> <span class='ocrx_word' id='word_1_109' title='bbox 1105 1628 1118 1665; x_wconf 91' lang='lat'><strong>:</strong></span> <span class='ocrx_word' id='word_1_110' title='bbox 1137 1625 1310 1680; x_wconf 92' lang='lat' dir='ltr'><strong>neque</strong></span> <span class='ocrx_word' id='word_1_111' title='bbox 1330 1611 1475 1665; x_wconf 89' lang='lat' dir='ltr'><strong>enim</strong></span> <span class='ocrx_word' id='word_1_112' title='bbox 1496 1611 1666 1680; x_wconf 88' lang='lat' dir='ltr'><strong>prima</strong></span> <span class='ocrx_word' id='word_1_113' title='bbox 1693 1619 1785 1664; x_wconf 91' lang='lat' dir='ltr'><strong>aut</strong></span> <span class='ocrx_word' id='word_1_114' title='bbox 1813 1610 2044 1665; x_wconf 88' lang='lat' dir='ltr'><strong>secunda</strong></span> <span class='ocrx_word' id='word_1_115' title='bbox 2068 1610 2160 1664; x_wconf 83' lang='lat' dir='ltr'><strong>lin-</strong></span> 
     </span>
    </p>
   </div>
   <div class='ocr_carea' id='block_1_17' title="bbox 555 1707 2159 1778">
    <p class='ocr_par' dir='ltr' id='par_1_17' title="bbox 555 1707 2159 1778">
     <span class='ocr_line' id='line_1_17' title="bbox 555 1707 2159 1778; baseline 0.003 -20"><span class='ocrx_word' id='word_1_116' title='bbox 555 1719 678 1775; x_wconf 73' lang='lat' dir='ltr'><strong>gua:</strong></span> <span class='ocrx_word' id='word_1_117' title='bbox 699 1707 902 1763; x_wconf 81' lang='lat' dir='ltr'><strong>Latinae</strong></span> <span class='ocrx_word' id='word_1_118' title='bbox 915 1716 1072 1762; x_wconf 87' lang='lat' dir='ltr'><strong>aetate</strong></span> <span class='ocrx_word' id='word_1_119' title='bbox 1087 1722 1148 1762; x_wconf 88' lang='lat' dir='ltr'><strong>ea</strong></span> <span class='ocrx_word' id='word_1_120' title='bbox 1167 1707 1577 1777; x_wconf 74' lang='lat' dir='ltr'><strong>significatione,</strong></span> <span class='ocrx_word' id='word_1_121' title='bbox 1599 1707 1692 1762; x_wconf 91' lang='lat' dir='ltr'><strong>sed</strong></span> <span class='ocrx_word' id='word_1_122' title='bbox 1713 1721 1809 1776; x_wconf 93' lang='lat' dir='ltr'><strong>pro</strong></span> <span class='ocrx_word' id='word_1_123' title='bbox 1826 1708 2159 1778; x_wconf 85' lang='lat' dir='ltr'><strong>antiquitatis</strong></span> 
     </span>
    </p>
   </div>
   <div class='ocr_carea' id='block_1_18' title="bbox 2267 502 3864 576">
    <p class='ocr_par' dir='ltr' id='par_1_18' title="bbox 2267 502 3864 576">
     <span class='ocr_line' id='line_1_18' title="bbox 2267 502 3864 576; baseline 0.004 -20"><span class='ocrx_word' id='word_1_124' title='bbox 2267 503 2612 572; x_wconf 89' lang='lat' dir='ltr'><strong>plilicandum</strong></span> <span class='ocrx_word' id='word_1_125' title='bbox 2653 502 2911 558; x_wconf 86' lang='lat' dir='ltr'><strong>Hilarium</strong></span> <span class='ocrx_word' id='word_1_126' title='bbox 2951 504 3199 559; x_wconf 76' lang='lat' dir='ltr'><strong>conferre</strong></span> <span class='ocrx_word' id='word_1_127' title='bbox 3236 503 3448 572; x_wconf 89' lang='lat' dir='ltr'><strong>utrique</strong></span> <span class='ocrx_word' id='word_1_128' title='bbox 3484 502 3699 560; x_wconf 89' lang='lat' dir='ltr'><strong>codices</strong></span> <span class='ocrx_word' id='word_1_129' title='bbox 3735 519 3864 576; x_wconf 82' lang='lat' dir='ltr'><strong>pos-</strong></span> 
     </span>
    </p>
   </div>
   <div class='ocr_carea' id='block_1_19' title="bbox 2266 595 3862 667">
    <p class='ocr_par' dir='ltr' id='par_1_19' title="bbox 2266 595 3862 667">
     <span class='ocr_line' id='line_1_19' title="bbox 2266 595 3862 667; baseline 0.001 -18"><span class='ocrx_word' id='word_1_130' title='bbox 2266 605 2423 661; x_wconf 87' lang='lat' dir='ltr'><strong>sent,</strong></span> <span class='ocrx_word' id='word_1_131' title='bbox 2495 595 2565 650; x_wconf 90' lang='lat' dir='ltr'><strong>ob</strong></span> <span class='ocrx_word' id='word_1_132' title='bbox 2608 597 2795 652; x_wconf 91' lang='lat' dir='ltr'><strong>oculos</strong></span> <span class='ocrx_word' id='word_1_133' title='bbox 2853 595 3173 662; x_wconf 84' lang='lat' dir='ltr'><strong>haberetur,</strong></span> <span class='ocrx_word' id='word_1_134' title='bbox 3210 595 3408 666; x_wconf 87' lang='lat' dir='ltr'><strong>Joseph</strong></span> <span class='ocrx_word' id='word_1_135' title='bbox 3474 595 3862 667; x_wconf 87' lang='lat' dir='ltr'><strong>Blanchinius,</strong></span> 
     </span>
    </p>
   </div>
   <div class='ocr_carea' id='block_1_20' title="bbox 2266 688 3864 754">
    <p class='ocr_par' dir='ltr' id='par_1_20' title="bbox 2266 688 3864 754">
     <span class='ocr_line' id='line_1_20' title="bbox 2266 688 3864 754; baseline -0.001 -8"><span class='ocrx_word' id='word_1_136' title='bbox 2266 688 2595 746; x_wconf 77' lang='lat' dir='ltr'><strong>Veronensis</strong></span> <span class='ocrx_word' id='word_1_137' title='bbox 2662 688 2916 744; x_wconf 66' lang='lat' dir='ltr'><strong>Ecclesiae</strong></span> <span class='ocrx_word' id='word_1_138' title='bbox 2979 689 3308 754; x_wconf 90' lang='lat' dir='ltr'><strong>Canonicus,</strong></span> <span class='ocrx_word' id='word_1_139' title='bbox 3369 704 3434 744; x_wconf 90' lang='lat' dir='ltr'><strong>ac</strong></span> <span class='ocrx_word' id='word_1_140' title='bbox 3502 688 3864 745; x_wconf 85' lang='lat' dir='ltr'><strong>Bibliotheca-</strong></span> 
     </span>
    </p>
   </div>
   <div class='ocr_carea' id='block_1_21' title="bbox 2267 780 3864 852">
    <p class='ocr_par' dir='ltr' id='par_1_21' title="bbox 2267 780 3864 852">
     <span class='ocr_line' id='line_1_21' title="bbox 2267 780 3864 852; baseline 0.002 -18"><span class='ocrx_word' id='word_1_141' title='bbox 2267 780 2377 834; x_wconf 91' lang='lat' dir='ltr'><strong>rius</strong></span> <span class='ocrx_word' id='word_1_142' title='bbox 2401 822 2415 846; x_wconf 93' lang='lat'><strong>,</strong></span> <span class='ocrx_word' id='word_1_143' title='bbox 2467 782 2714 834; x_wconf 65' lang='lat' dir='ltr'><strong>maximre</strong></span> <span class='ocrx_word' id='word_1_144' title='bbox 2749 782 2861 850; x_wconf 90' lang='lat' dir='ltr'><strong>spei</strong></span> <span class='ocrx_word' id='word_1_145' title='bbox 2899 780 3162 850; x_wconf 75' lang='lat' dir='ltr'><strong>juvenis,</strong></span> <span class='ocrx_word' id='word_1_146' title='bbox 3199 781 3638 850; x_wconf 88' lang='lat' dir='ltr'><strong>percelebrisque</strong></span> <span class='ocrx_word' id='word_1_147' title='bbox 3685 783 3864 852; x_wconf 85' lang='lat' dir='ltr'><strong>patrui</strong></span> 
     </span>
    </p>
   </div>
   <div class='ocr_carea' id='block_1_22' title="bbox 2265 871 3865 941">
    <p class='ocr_par' dir='ltr' id='par_1_22' title="bbox 2265 871 3865 941">
     <span class='ocr_line' id='line_1_22' title="bbox 2265 871 3865 941; baseline 0.003 -15"><span class='ocrx_word' id='word_1_148' title='bbox 2265 872 2567 941; x_wconf 84' lang='lat' dir='ltr'><strong>condignus</strong></span> <span class='ocrx_word' id='word_1_149' title='bbox 2596 873 2791 935; x_wconf 84' lang='lat' dir='ltr'><strong>haeres,</strong></span> <span class='ocrx_word' id='word_1_150' title='bbox 2847 887 2968 926; x_wconf 92' lang='lat' dir='ltr'><strong>cum</strong></span> <span class='ocrx_word' id='word_1_151' title='bbox 3004 871 3351 927; x_wconf 87' lang='lat' dir='ltr'><strong>Benedictina</strong></span> <span class='ocrx_word' id='word_1_152' title='bbox 3383 873 3619 928; x_wconf 86' lang='lat' dir='ltr'><strong>editione</strong></span> <span class='ocrx_word' id='word_1_153' title='bbox 3658 873 3865 930; x_wconf 86' lang='lat' dir='ltr'><strong>solidos</strong></span> 
     </span>
    </p>
   </div>
   <div class='ocr_carea' id='block_1_23' title="bbox 2265 964 3862 1030">
    <p class='ocr_par' dir='ltr' id='par_1_23' title="bbox 2265 964 3862 1030">
     <span class='ocr_line' id='line_1_23' title="bbox 2265 964 3862 1030; baseline 0.002 -13"><span class='ocrx_word' id='word_1_154' title='bbox 2265 964 2512 1030; x_wconf 88' lang='lat' dir='ltr'><strong>contulit,</strong></span> <span class='ocrx_word' id='word_1_155' title='bbox 2569 973 2622 1018; x_wconf 89' lang='lat' dir='ltr'><strong>et</strong></span> <span class='ocrx_word' id='word_1_156' title='bbox 2671 964 2941 1018; x_wconf 85' lang='lat' dir='ltr'><strong>variantes</strong></span> <span class='ocrx_word' id='word_1_157' title='bbox 2979 964 3236 1019; x_wconf 89' lang='lat' dir='ltr'><strong>lectiones</strong></span> <span class='ocrx_word' id='word_1_158' title='bbox 3272 979 3460 1019; x_wconf 92' lang='lat' dir='ltr'><strong>omnes</strong></span> <span class='ocrx_word' id='word_1_159' title='bbox 3494 979 3703 1019; x_wconf 90' lang='lat' dir='ltr'><strong>summa</strong></span> <span class='ocrx_word' id='word_1_160' title='bbox 3734 965 3862 1021; x_wconf 89' lang='lat' dir='ltr'><strong>dili-</strong></span> 
     </span>
    </p>
   </div>
   <div class='ocr_carea' id='block_1_24' title="bbox 2263 1053 3861 1126">
    <p class='ocr_par' dir='ltr' id='par_1_24' title="bbox 2263 1053 3861 1126">
     <span class='ocr_line' id='line_1_24' title="bbox 2263 1053 3861 1126; baseline 0.002 -16"><span class='ocrx_word' id='word_1_161' title='bbox 2263 1055 2440 1125; x_wconf 82' lang='lat' dir='ltr'><strong>gentia</strong></span> <span class='ocrx_word' id='word_1_162' title='bbox 2492 1069 2554 1110; x_wconf 91' lang='lat' dir='ltr'><strong>ac</strong></span> <span class='ocrx_word' id='word_1_163' title='bbox 2582 1053 2689 1109; x_wconf 81' lang='lat' dir='ltr'><strong>fide</strong></span> <span class='ocrx_word' id='word_1_164' title='bbox 2723 1054 3000 1110; x_wconf 87' lang='lat' dir='ltr'><strong>adnotavit</strong></span> <span class='ocrx_word' id='word_1_165' title='bbox 3051 1055 3320 1122; x_wconf 82' lang='lat' dir='ltr'><strong>distincte,</strong></span> <span class='ocrx_word' id='word_1_166' title='bbox 3363 1065 3522 1126; x_wconf 89' lang='lat' dir='ltr'><strong>atque</strong></span> <span class='ocrx_word' id='word_1_167' title='bbox 3573 1057 3861 1113; x_wconf 88' lang='lat' dir='ltr'><strong>ordinatim</strong></span> 
     </span>
    </p>
   </div>
   <div class='ocr_carea' id='block_1_25' title="bbox 2264 1147 3860 1221">
    <p class='ocr_par' dir='ltr' id='par_1_25' title="bbox 2264 1147 3860 1221">
     <span class='ocr_line' id='line_1_25' title="bbox 2264 1147 3860 1221; baseline 0.003 -18"><span class='ocrx_word' id='word_1_168' title='bbox 2264 1149 2553 1217; x_wconf 83' lang='lat' dir='ltr'><strong>congessit.</strong></span> <span class='ocrx_word' id='word_1_169' title='bbox 2581 1147 2800 1202; x_wconf 86' lang='lat' dir='ltr'><strong>Multum</strong></span> <span class='ocrx_word' id='word_1_170' title='bbox 2833 1149 2993 1203; x_wconf 85' lang='lat' dir='ltr'><strong>etiam</strong></span> <span class='ocrx_word' id='word_1_171' title='bbox 3026 1162 3204 1219; x_wconf 72' lang='lat' dir='ltr'><strong>operte</strong></span> <span class='ocrx_word' id='word_1_172' title='bbox 3234 1149 3286 1203; x_wconf 92' lang='lat' dir='ltr'><strong>in</strong></span> <span class='ocrx_word' id='word_1_173' title='bbox 3317 1149 3381 1204; x_wconf 92' lang='lat' dir='ltr'><strong>iis</strong></span> <span class='ocrx_word' id='word_1_174' title='bbox 3416 1149 3626 1205; x_wconf 88' lang='lat' dir='ltr'><strong>erudite</strong></span> <span class='ocrx_word' id='word_1_175' title='bbox 3661 1167 3860 1221; x_wconf 88' lang='lat' dir='ltr'><strong>posue-</strong></span> 
     </span>
    </p>
   </div>
   <div class='ocr_carea' id='block_1_26' title="bbox 2263 1237 3862 1308">
    <p class='ocr_par' dir='ltr' id='par_1_26' title="bbox 2263 1237 3862 1308">
     <span class='ocr_line' id='line_1_26' title="bbox 2263 1237 3862 1308; baseline 0.004 -16"><span class='ocrx_word' id='word_1_176' title='bbox 2263 1247 2388 1294; x_wconf 91' lang='lat' dir='ltr'><strong>runt</strong></span> <span class='ocrx_word' id='word_1_177' title='bbox 2411 1237 2675 1294; x_wconf 87' lang='lat' dir='ltr'><strong>Sacerdos</strong></span> <span class='ocrx_word' id='word_1_178' title='bbox 2699 1239 2928 1294; x_wconf 78' lang='lat' dir='ltr'><strong>eximius</strong></span> <span class='ocrx_word' id='word_1_179' title='bbox 2955 1239 3263 1295; x_wconf 90' lang='lat' dir='ltr'><strong>Dominicus</strong></span> <span class='ocrx_word' id='word_1_180' title='bbox 3286 1241 3598 1308; x_wconf 80' lang='lat' dir='ltr'><strong>Vallarsius,</strong></span> <span class='ocrx_word' id='word_1_181' title='bbox 3627 1258 3727 1298; x_wconf 90' lang='lat' dir='ltr'><strong>nec</strong></span> <span class='ocrx_word' id='word_1_182' title='bbox 3754 1259 3862 1299; x_wconf 91' lang='lat' dir='ltr'><strong>non</strong></span> 
     </span>
    </p>
   </div>
   <div class='ocr_carea' id='block_1_27' title="bbox 2265 1332 3862 1406">
    <p class='ocr_par' dir='ltr' id='par_1_27' title="bbox 2265 1332 3862 1406">
     <span class='ocr_line' id='line_1_27' title="bbox 2265 1332 3862 1406; baseline 0.003 -19"><span class='ocrx_word' id='word_1_183' title='bbox 2265 1332 2325 1387; x_wconf 89' lang='lat' dir='ltr'><strong>P.</strong></span> <span class='ocrx_word' id='word_1_184' title='bbox 2356 1333 2663 1388; x_wconf 80' lang='lat' dir='ltr'><strong>Alexander</strong></span> <span class='ocrx_word' id='word_1_185' title='bbox 2692 1332 2998 1388; x_wconf 78' lang='lat' dir='ltr'><strong>Bonifacius</strong></span> <span class='ocrx_word' id='word_1_186' title='bbox 3042 1349 3106 1388; x_wconf 87' lang='lat' dir='ltr'><strong>ex</strong></span> <span class='ocrx_word' id='word_1_187' title='bbox 3138 1333 3372 1388; x_wconf 87' lang='lat' dir='ltr'><strong>Oratorii</strong></span> <span class='ocrx_word' id='word_1_188' title='bbox 3411 1333 3862 1406; x_wconf 81' lang='lat' dir='ltr'><strong>Congregatione,</strong></span> 
     </span>
    </p>
   </div>
   <div class='ocr_carea' id='block_1_28' title="bbox 2263 1427 3906 1506">
    <p class='ocr_par' dir='ltr' id='par_1_28' title="bbox 2263 1427 3906 1506">
     <span class='ocr_line' id='line_1_28' title="bbox 2263 1427 3906 1506; baseline 0.004 -27"><span class='ocrx_word' id='word_1_189' title='bbox 2263 1441 2384 1496; x_wconf 64' lang='lat' dir='ltr'><strong>quae</strong></span> <span class='ocrx_word' id='word_1_190' title='bbox 2415 1440 2607 1495; x_wconf 87' lang='lat' dir='ltr'><strong>magno</strong></span> <span class='ocrx_word' id='word_1_191' title='bbox 2630 1437 2684 1481; x_wconf 93' lang='lat' dir='ltr'><strong>et</strong></span> <span class='ocrx_word' id='word_1_192' title='bbox 2726 1428 2941 1495; x_wconf 90' lang='lat' dir='ltr'><strong>pietatis</strong></span> <span class='ocrx_word' id='word_1_193' title='bbox 2970 1436 3023 1482; x_wconf 86' lang='lat' dir='ltr'><strong>et</strong></span> <span class='ocrx_word' id='word_1_194' title='bbox 3054 1427 3351 1483; x_wconf 87' lang='lat' dir='ltr'><strong>litterarum</strong></span> <span class='ocrx_word' id='word_1_195' title='bbox 3385 1429 3525 1483; x_wconf 91' lang='lat' dir='ltr'><strong>bono</strong></span> <span class='ocrx_word' id='word_1_196' title='bbox 3558 1432 3737 1498; x_wconf 88' lang='lat' dir='ltr'><strong>paucis</strong></span> <span class='ocrx_word' id='word_1_197' title='bbox 3765 1433 3861 1485; x_wconf 86' lang='lat' dir='ltr'><strong>ab-</strong></span> <span class='ocrx_word' id='word_1_198' title='bbox 3901 1503 3906 1506; x_wconf 13' lang='lat' dir='ltr'>i</span> 
     </span>
    </p>
   </div>
   <div class='ocr_carea' id='block_1_29' title="bbox 2265 1517 3862 1579">
    <p class='ocr_par' dir='ltr' id='par_1_29' title="bbox 2265 1517 3862 1579">
     <span class='ocr_line' id='line_1_29' title="bbox 2265 1517 3862 1579; baseline 0.004 -8"><span class='ocrx_word' id='word_1_199' title='bbox 2265 1517 2391 1572; x_wconf 91' lang='lat' dir='ltr'><strong>hinc</strong></span> <span class='ocrx_word' id='word_1_200' title='bbox 2415 1519 2570 1573; x_wconf 92' lang='lat' dir='ltr'><strong>annis</strong></span> <span class='ocrx_word' id='word_1_201' title='bbox 2609 1519 2661 1573; x_wconf 90' lang='lat' dir='ltr'><strong>in</strong></span> <span class='ocrx_word' id='word_1_202' title='bbox 2703 1517 2802 1573; x_wconf 89' lang='lat' dir='ltr'><strong>hac</strong></span> <span class='ocrx_word' id='word_1_203' title='bbox 2838 1520 3055 1575; x_wconf 88' lang='lat' dir='ltr'><strong>civitate</strong></span> <span class='ocrx_word' id='word_1_204' title='bbox 3097 1519 3315 1574; x_wconf 87' lang='lat' dir='ltr'><strong>coaluit.</strong></span> <span class='ocrx_word' id='word_1_205' title='bbox 3349 1520 3648 1577; x_wconf 83' lang='lat' dir='ltr'><strong>Varietates</strong></span> <span class='ocrx_word' id='word_1_206' title='bbox 3681 1532 3862 1579; x_wconf 90' lang='lat' dir='ltr'><strong>autem</strong></span> 
     </span>
    </p>
   </div>
   <div class='ocr_carea' id='block_1_30' title="bbox 2265 1612 3864 1683">
    <p class='ocr_par' dir='ltr' id='par_1_30' title="bbox 2265 1612 3864 1683">
     <span class='ocr_line' id='line_1_30' title="bbox 2265 1612 3864 1683; baseline 0.001 -17"><span class='ocrx_word' id='word_1_207' title='bbox 2265 1622 2501 1676; x_wconf 90' lang='lat' dir='ltr'><strong>nostras,</strong></span> <span class='ocrx_word' id='word_1_208' title='bbox 2536 1620 2593 1666; x_wconf 91' lang='lat' dir='ltr'><strong>ut</strong></span> <span class='ocrx_word' id='word_1_209' title='bbox 2621 1627 2651 1666; x_wconf 92' lang='lat' dir='ltr'><strong>a</strong></span> <span class='ocrx_word' id='word_1_210' title='bbox 2687 1612 2919 1678; x_wconf 82' lang='lat' dir='ltr'><strong>caeteris,</strong></span> <span class='ocrx_word' id='word_1_211' title='bbox 2957 1629 3076 1682; x_wconf 67' lang='lat' dir='ltr'><strong>qua:</strong></span> <span class='ocrx_word' id='word_1_212' title='bbox 3105 1622 3481 1683; x_wconf 88' lang='lat' dir='ltr'><strong>supponuntur</strong></span> <span class='ocrx_word' id='word_1_213' title='bbox 3511 1615 3700 1682; x_wconf 81' lang='lat' dir='ltr'><strong>textui,</strong></span> <span class='ocrx_word' id='word_1_214' title='bbox 3733 1615 3864 1671; x_wconf 80' lang='lat' dir='ltr'><strong>faci-</strong></span> 
     </span>
    </p>
   </div>
   <div class='ocr_carea' id='block_1_31' title="bbox 2265 1703 3863 1777">
    <p class='ocr_par' dir='ltr' id='par_1_31' title="bbox 2265 1703 3863 1777">
     <span class='ocr_line' id='line_1_31' title="bbox 2265 1703 3863 1777; baseline 0.002 -20"><span class='ocrx_word' id='word_1_215' title='bbox 2265 1703 2369 1758; x_wconf 91' lang='lat' dir='ltr'><strong>lius</strong></span> <span class='ocrx_word' id='word_1_216' title='bbox 2397 1713 2772 1769; x_wconf 89' lang='lat' dir='ltr'><strong>secernanlur,</strong></span> <span class='ocrx_word' id='word_1_217' title='bbox 2796 1704 3090 1758; x_wconf 88' lang='lat' dir='ltr'><strong>numericis</strong></span> <span class='ocrx_word' id='word_1_218' title='bbox 3109 1704 3451 1773; x_wconf 89' lang='lat' dir='ltr'><strong>designamus</strong></span> <span class='ocrx_word' id='word_1_219' title='bbox 3479 1705 3618 1760; x_wconf 71' lang='lat' dir='ltr'><strong>noxis</strong></span> <span class='ocrx_word' id='word_1_220' title='bbox 3642 1723 3656 1759; x_wconf 89' lang='lat'><strong>:</strong></span> <span class='ocrx_word' id='word_1_221' title='bbox 3687 1721 3863 1777; x_wconf 83' lang='lat' dir='ltr'><strong>neque</strong></span> 
     </span>
    </p>
   </div>
   <div class='ocr_carea' id='block_1_32' title="bbox 555 1794 3863 1870">
    <p class='ocr_par' dir='ltr' id='par_1_32' title="bbox 555 1794 3863 1870">
     <span class='ocr_line' id='line_1_32' title="bbox 555 1794 3863 1870; baseline -0 -18"><span class='ocrx_word' id='word_1_222' title='bbox 555 1799 764 1854; x_wconf 89' lang='lat' dir='ltr'><strong>cultore</strong></span> <span class='ocrx_word' id='word_1_223' title='bbox 781 1800 1112 1870; x_wconf 88' lang='lat' dir='ltr'><strong>antiquarios</strong></span> <span class='ocrx_word' id='word_1_224' title='bbox 1126 1800 1514 1870; x_wconf 84' lang='lat' dir='ltr'><strong>usurpabatur:</strong></span> <span class='ocrx_word' id='word_1_225' title='bbox 1535 1810 1815 1870; x_wconf 85' lang='lat' dir='ltr'><strong>propterea</strong></span> <span class='ocrx_word' id='word_1_226' title='bbox 1836 1809 2025 1855; x_wconf 87' lang='lat' dir='ltr'><strong>auctor</strong></span> <span class='ocrx_word' id='word_1_227' title='bbox 2043 1801 2155 1853; x_wconf 88' lang='lat' dir='ltr'><strong>Dia-</strong></span> <span class='ocrx_word' id='word_1_228' title='bbox 2191 1800 2238 1858; x_wconf 85' lang='lat' dir='ltr'><strong>B</strong></span> <span class='ocrx_word' id='word_1_229' title='bbox 2267 1803 2446 1849; x_wconf 89' lang='lat' dir='ltr'><strong>tamen</strong></span> <span class='ocrx_word' id='word_1_230' title='bbox 2469 1795 2748 1849; x_wconf 87' lang='lat' dir='ltr'><strong>universas</strong></span> <span class='ocrx_word' id='word_1_231' title='bbox 2769 1794 2991 1849; x_wconf 92' lang='lat' dir='ltr'><strong>omnino</strong></span> <span class='ocrx_word' id='word_1_232' title='bbox 3020 1795 3390 1859; x_wconf 83' lang='lat' dir='ltr'><strong>exhibuimus;</strong></span> <span class='ocrx_word' id='word_1_233' title='bbox 3424 1796 3548 1866; x_wconf 92' lang='lat' dir='ltr'><strong>quid</strong></span> <span class='ocrx_word' id='word_1_234' title='bbox 3576 1797 3719 1850; x_wconf 88' lang='lat' dir='ltr'><strong>enim</strong></span> <span class='ocrx_word' id='word_1_235' title='bbox 3759 1797 3863 1852; x_wconf 81' lang='lat' dir='ltr'><strong>uti-</strong></span> 
     </span>
    </p>
   </div>
   <div class='ocr_carea' id='block_1_33' title="bbox 555 1893 2156 1964">
    <p class='ocr_par' dir='ltr' id='par_1_33' title="bbox 555 1893 2156 1964">
     <span class='ocr_line' id='line_1_33' title="bbox 555 1893 2156 1964; baseline 0.001 -17"><span class='ocrx_word' id='word_1_236' title='bbox 555 1893 663 1963; x_wconf 84' lang='lat' dir='ltr'><strong>logi</strong></span> <span class='ocrx_word' id='word_1_237' title='bbox 687 1893 756 1948; x_wconf 86' lang='lat' dir='ltr'><strong>de</strong></span> <span class='ocrx_word' id='word_1_238' title='bbox 782 1893 1098 1949; x_wconf 85' lang='lat' dir='ltr'><strong>Oratoribus</strong></span> <span class='ocrx_word' id='word_1_239' title='bbox 1126 1914 1138 1950; x_wconf 88' lang='lat'><strong>:</strong></span> <span class='ocrx_word' id='word_1_240' title='bbox 1161 1894 1544 1948; x_wconf 85' lang='lat' dir='ltr'><strong>criminabimur</strong></span> <span class='ocrx_word' id='word_1_241' title='bbox 1574 1904 1620 1948; x_wconf 90' lang='lat' dir='ltr'><strong>te</strong></span> <span class='ocrx_word' id='word_1_242' title='bbox 1643 1894 1986 1964; x_wconf 79' lang='lat' dir='ltr'><strong>antiquariis;</strong></span> <span class='ocrx_word' id='word_1_243' title='bbox 2017 1903 2072 1949; x_wconf 89' lang='lat' dir='ltr'><strong>et</strong></span> <span class='ocrx_word' id='word_1_244' title='bbox 2101 1893 2156 1948; x_wconf 86' lang='lat' dir='ltr'><strong>in</strong></span> 
     </span>
    </p>
   </div>
   <div class='ocr_carea' id='block_1_34' title="bbox 551 1985 2150 2055">
    <p class='ocr_par' dir='ltr' id='par_1_34' title="bbox 551 1985 2150 2055">
     <span class='ocr_line' id='line_1_34' title="bbox 551 1985 2150 2055; baseline -0.001 -15"><span class='ocrx_word' id='word_1_245' title='bbox 551 1985 746 2040; x_wconf 88' lang='lat' dir='ltr'><strong>eodem</strong></span> <span class='ocrx_word' id='word_1_246' title='bbox 799 1986 939 2041; x_wconf 88' lang='lat' dir='ltr'><strong>libro</strong></span> <span class='ocrx_word' id='word_1_247' title='bbox 968 2003 980 2039; x_wconf 89' lang='lat'><strong>:</strong></span> <span class='ocrx_word' id='word_1_248' title='bbox 1013 2003 1104 2040; x_wconf 89' lang='lat' dir='ltr'><strong>nec</strong></span> <span class='ocrx_word' id='word_1_249' title='bbox 1129 2001 1433 2055; x_wconf 86' lang='lat' dir='ltr'><strong>quemquam</strong></span> <span class='ocrx_word' id='word_1_250' title='bbox 1461 1985 1590 2039; x_wconf 88' lang='lat' dir='ltr'><strong>adeo</strong></span> <span class='ocrx_word' id='word_1_251' title='bbox 1632 1986 1976 2054; x_wconf 87' lang='lat' dir='ltr'><strong>antiquarium</strong></span> <span class='ocrx_word' id='word_1_252' title='bbox 2003 1994 2150 2054; x_wconf 88' lang='lat' dir='ltr'><strong>puto,</strong></span> 
     </span>
    </p>
   </div>
   <div class='ocr_carea' id='block_1_35' title="bbox 560 2076 2156 2150">
    <p class='ocr_par' dir='ltr' id='par_1_35' title="bbox 560 2076 2156 2150">
     <span class='ocr_line' id='line_1_35' title="bbox 560 2076 2156 2150; baseline -0.001 -19"><span class='ocrx_word' id='word_1_253' title='bbox 560 2085 665 2132; x_wconf 90' lang='lat' dir='ltr'><strong>etc.</strong></span> <span class='ocrx_word' id='word_1_254' title='bbox 703 2077 900 2133; x_wconf 86' lang='lat' dir='ltr'><strong>Vocem</strong></span> <span class='ocrx_word' id='word_1_255' title='bbox 925 2079 1114 2133; x_wconf 89' lang='lat' dir='ltr'><strong>eodem</strong></span> <span class='ocrx_word' id='word_1_256' title='bbox 1144 2092 1306 2150; x_wconf 90' lang='lat' dir='ltr'><strong>sensu</strong></span> <span class='ocrx_word' id='word_1_257' title='bbox 1338 2077 1598 2134; x_wconf 90' lang='lat' dir='ltr'><strong>adhibent</strong></span> <span class='ocrx_word' id='word_1_258' title='bbox 1625 2076 1900 2133; x_wconf 71' lang='lat' dir='ltr'><strong>iuvenalis</strong></span> <span class='ocrx_word' id='word_1_259' title='bbox 1925 2091 1988 2132; x_wconf 89' lang='lat' dir='ltr'><strong>ac</strong></span> <span class='ocrx_word' id='word_1_260' title='bbox 2023 2076 2156 2132; x_wconf 90' lang='lat' dir='ltr'><strong>Sue-</strong></span> 
     </span>
    </p>
   </div>
   <div class='ocr_carea' id='block_1_36' title="bbox 564 2166 2157 2239">
    <p class='ocr_par' dir='ltr' id='par_1_36' title="bbox 564 2166 2157 2239">
     <span class='ocr_line' id='line_1_36' title="bbox 564 2166 2157 2239; baseline -0.001 -17"><span class='ocrx_word' id='word_1_261' title='bbox 564 2169 764 2224; x_wconf 90' lang='lat' dir='ltr'><strong>tonius.</strong></span> <span class='ocrx_word' id='word_1_262' title='bbox 827 2166 1097 2224; x_wconf 75' lang='lat' dir='ltr'><strong>Caeterum</strong></span> <span class='ocrx_word' id='word_1_263' title='bbox 1151 2167 1512 2239; x_wconf 88' lang='lat' dir='ltr'><strong>antiquarium</strong></span> <span class='ocrx_word' id='word_1_264' title='bbox 1570 2177 1856 2235; x_wconf 91' lang='lat' dir='ltr'><strong>nostrum,</strong></span> <span class='ocrx_word' id='word_1_265' title='bbox 1911 2169 2157 2238; x_wconf 88' lang='lat' dir='ltr'><strong>quamvis</strong></span> 
     </span>
    </p>
   </div>
   <div class='ocr_carea' id='block_1_37' title="bbox 559 2257 2157 2332">
    <p class='ocr_par' dir='ltr' id='par_1_37' title="bbox 559 2257 2157 2332">
     <span class='ocr_line' id='line_1_37' title="bbox 559 2257 2157 2332; baseline 0 -18"><span class='ocrx_word' id='word_1_266' title='bbox 559 2257 809 2315; x_wconf 83' lang='lat' dir='ltr'><strong>Graecum</strong></span> <span class='ocrx_word' id='word_1_267' title='bbox 840 2276 1036 2316; x_wconf 92' lang='lat' dir='ltr'><strong>nomen</strong></span> <span class='ocrx_word' id='word_1_268' title='bbox 1061 2277 1170 2332; x_wconf 69' lang='lat' dir='ltr'><strong>prie</strong></span> <span class='ocrx_word' id='word_1_269' title='bbox 1195 2276 1254 2316; x_wconf 90' lang='lat' dir='ltr'><strong>se</strong></span> <span class='ocrx_word' id='word_1_270' title='bbox 1275 2260 1560 2324; x_wconf 79' lang='lat' dir='ltr'><strong>ferentem,</strong></span> <span class='ocrx_word' id='word_1_271' title='bbox 1593 2258 1839 2314; x_wconf 65' lang='lat' dir='ltr'><strong>Griecum</strong></span> <span class='ocrx_word' id='word_1_272' title='bbox 1873 2258 2036 2313; x_wconf 82' lang='lat' dir='ltr'><strong>fuisse</strong></span> <span class='ocrx_word' id='word_1_273' title='bbox 2065 2274 2157 2314; x_wconf 89' lang='lat' dir='ltr'><strong>ne-</strong></span> 
     </span>
    </p>
   </div>
   <div class='ocr_carea' id='block_1_38' title="bbox 561 2350 2158 2424">
    <p class='ocr_par' dir='ltr' id='par_1_38' title="bbox 561 2350 2158 2424">
     <span class='ocr_line' id='line_1_38' title="bbox 561 2350 2158 2424; baseline -0.001 -18"><span class='ocrx_word' id='word_1_274' title='bbox 561 2367 828 2423; x_wconf 89' lang='lat' dir='ltr'><strong>quaquam</strong></span> <span class='ocrx_word' id='word_1_275' title='bbox 855 2355 1215 2424; x_wconf 87' lang='lat' dir='ltr'><strong>suspicemur,</strong></span> <span class='ocrx_word' id='word_1_276' title='bbox 1243 2367 1365 2407; x_wconf 92' lang='lat' dir='ltr'><strong>cum</strong></span> <span class='ocrx_word' id='word_1_277' title='bbox 1396 2351 1602 2406; x_wconf 84' lang='lat' dir='ltr'><strong>Latinis</strong></span> <span class='ocrx_word' id='word_1_278' title='bbox 1643 2350 1795 2405; x_wconf 91' lang='lat' dir='ltr'><strong>libris</strong></span> <span class='ocrx_word' id='word_1_279' title='bbox 1824 2365 2045 2420; x_wconf 83' lang='lat' dir='ltr'><strong>Operam</strong></span> <span class='ocrx_word' id='word_1_280' title='bbox 2068 2350 2158 2405; x_wconf 89' lang='lat' dir='ltr'><strong>da-</strong></span> 
     </span>
    </p>
   </div>
   <div class='ocr_carea' id='block_1_39' title="bbox 556 2442 2157 2517">
    <p class='ocr_par' dir='ltr' id='par_1_39' title="bbox 556 2442 2157 2517">
     <span class='ocr_line' id='line_1_39' title="bbox 556 2442 2157 2517; baseline -0.001 -19"><span class='ocrx_word' id='word_1_281' title='bbox 556 2453 660 2510; x_wconf 91' lang='lat' dir='ltr'><strong>ret,</strong></span> <span class='ocrx_word' id='word_1_282' title='bbox 693 2455 743 2499; x_wconf 92' lang='lat' dir='ltr'><strong>et</strong></span> <span class='ocrx_word' id='word_1_283' title='bbox 770 2459 867 2516; x_wconf 90' lang='lat' dir='ltr'><strong>pro</strong></span> <span class='ocrx_word' id='word_1_284' title='bbox 897 2444 1143 2500; x_wconf 88' lang='lat' dir='ltr'><strong>Euthalio</strong></span> <span class='ocrx_word' id='word_1_285' title='bbox 1171 2445 1263 2517; x_wconf 88' lang='lat' dir='ltr'><strong>(ab</strong></span> <span class='ocrx_word' id='word_1_286' title='bbox 1283 2445 1507 2500; x_wconf 82' lang='grc' dir='ltr'><strong>ἐυθαλεῖν</strong></span> <span class='ocrx_word' id='word_1_287' title='bbox 1538 2443 1799 2515; x_wconf 86' lang='lat' dir='ltr'><strong>siquidem</strong></span> <span class='ocrx_word' id='word_1_288' title='bbox 1846 2442 2157 2514; x_wconf 87' lang='lat' dir='ltr'><strong>deducitur)</strong></span> 
     </span>
    </p>
   </div>
   <div class='ocr_carea' id='block_1_40' title="bbox 557 2537 1142 2596">
    <p class='ocr_par' dir='ltr' id='par_1_40' title="bbox 557 2537 1142 2596">
     <span class='ocr_line' id='line_1_40' title="bbox 557 2537 1142 2596; baseline 0.007 -6"><span class='ocrx_word' id='word_1_289' title='bbox 557 2537 831 2592; x_wconf 81' lang='lat' dir='ltr'><strong>Eutalium</strong></span> <span class='ocrx_word' id='word_1_290' title='bbox 857 2540 1142 2596; x_wconf 89' lang='lat' dir='ltr'><strong>scriberet.</strong></span> 
     </span>
    </p>
   </div>
   <div class='ocr_carea' id='block_1_41' title="bbox 624 2628 2157 2702">
    <p class='ocr_par' dir='ltr' id='par_1_41' title="bbox 624 2628 2157 2702">
     <span class='ocr_line' id='line_1_41' title="bbox 624 2628 2157 2702; baseline -0.001 -19"><span class='ocrx_word' id='word_1_291' title='bbox 624 2629 685 2685; x_wconf 90' lang='lat' dir='ltr'><strong>In</strong></span> <span class='ocrx_word' id='word_1_292' title='bbox 715 2645 904 2697; x_wconf 91' lang='lat' dir='ltr'><strong>vacuo,</strong></span> <span class='ocrx_word' id='word_1_293' title='bbox 931 2633 1075 2702; x_wconf 93' lang='lat' dir='ltr'><strong>quod</strong></span> <span class='ocrx_word' id='word_1_294' title='bbox 1103 2639 1457 2697; x_wconf 88' lang='lat' dir='ltr'><strong>remanserat,</strong></span> <span class='ocrx_word' id='word_1_295' title='bbox 1482 2631 1655 2702; x_wconf 88' lang='lat' dir='ltr'><strong>spatio</strong></span> <span class='ocrx_word' id='word_1_296' title='bbox 1677 2631 1744 2686; x_wconf 93' lang='lat' dir='ltr'><strong>ad</strong></span> <span class='ocrx_word' id='word_1_297' title='bbox 1774 2631 1933 2685; x_wconf 90' lang='lat' dir='ltr'><strong>linem</strong></span> <span class='ocrx_word' id='word_1_298' title='bbox 1957 2628 2157 2682; x_wconf 82' lang='lat' dir='ltr'><strong>Psaltni</strong></span> 
     </span>
    </p>
   </div>
   <div class='ocr_carea' id='block_1_42' title="bbox 553 2711 2156 2798">
    <p class='ocr_par' dir='ltr' id='par_1_42' title="bbox 553 2711 2156 2798">
     <span class='ocr_line' id='line_1_42' title="bbox 553 2711 2156 2798; baseline -0.002 -18"><span class='ocrx_word' id='word_1_299' title='bbox 553 2740 681 2780; x_wconf 77' lang='lat' dir='ltr'><strong>om</strong></span> <span class='ocrx_word' id='word_1_300' title='bbox 713 2725 928 2782; x_wconf 85' lang='lat' dir='ltr'><strong>diverso</strong></span> <span class='ocrx_word' id='word_1_301' title='bbox 957 2742 1181 2798; x_wconf 90' lang='lat' dir='ltr'><strong>prorsus</strong></span> <span class='ocrx_word' id='word_1_302' title='bbox 1229 2711 1498 2783; x_wconf 84' lang='lat' dir='ltr'><strong>scribendi</strong></span> <span class='ocrx_word' id='word_1_303' title='bbox 1523 2740 1746 2797; x_wconf 88' lang='lat' dir='ltr'><strong>genere,</strong></span> <span class='ocrx_word' id='word_1_304' title='bbox 1776 2734 1830 2780; x_wconf 90' lang='lat' dir='ltr'><strong>et</strong></span> <span class='ocrx_word' id='word_1_305' title='bbox 1867 2723 2156 2779; x_wconf 89' lang='lat' dir='ltr'><strong>recentiori</strong></span> 
     </span>
    </p>
   </div>
   <div class='ocr_carea' id='block_1_43' title="bbox 550 2816 2155 2889">
    <p class='ocr_par' dir='ltr' id='par_1_43' title="bbox 550 2816 2155 2889">
     <span class='ocr_line' id='line_1_43' title="bbox 550 2816 2155 2889; baseline -0.001 -18"><span class='ocrx_word' id='word_1_306' title='bbox 550 2827 856 2873; x_wconf 87' lang='lat' dir='ltr'><strong>atramento</strong></span> <span class='ocrx_word' id='word_1_307' title='bbox 879 2819 1042 2874; x_wconf 88' lang='lat' dir='ltr'><strong>verba</strong></span> <span class='ocrx_word' id='word_1_308' title='bbox 1079 2819 1193 2874; x_wconf 74' lang='lat' dir='ltr'><strong>lucc</strong></span> <span class='ocrx_word' id='word_1_309' title='bbox 1222 2819 1490 2889; x_wconf 89' lang='lat' dir='ltr'><strong>posterior</strong></span> <span class='ocrx_word' id='word_1_310' title='bbox 1511 2834 1703 2873; x_wconf 92' lang='lat' dir='ltr'><strong>manus</strong></span> <span class='ocrx_word' id='word_1_311' title='bbox 1732 2817 1979 2886; x_wconf 88' lang='lat' dir='ltr'><strong>adposuit</strong></span> <span class='ocrx_word' id='word_1_312' title='bbox 2005 2816 2155 2886; x_wconf 90' lang='lat' dir='ltr'><strong>quasi</strong></span> 
     </span>
    </p>
   </div>
   <div class='ocr_carea' id='block_1_44' title="bbox 557 2907 2158 2979">
    <p class='ocr_par' dir='ltr' id='par_1_44' title="bbox 557 2907 2158 2979">
     <span class='ocr_line' id='line_1_44' title="bbox 557 2907 2158 2979; baseline -0.004 -13"><span class='ocrx_word' id='word_1_313' title='bbox 557 2911 876 2967; x_wconf 86' lang='lat' dir='ltr'><strong>ludibunda:</strong></span> <span class='ocrx_word' id='word_1_314' title='bbox 905 2912 973 2966; x_wconf 85' lang='lat' dir='ltr'><strong>In</strong></span> <span class='ocrx_word' id='word_1_315' title='bbox 1000 2913 1205 2966; x_wconf 89' lang='lat' dir='ltr'><strong>nomine</strong></span> <span class='ocrx_word' id='word_1_316' title='bbox 1224 2911 1433 2966; x_wconf 81' lang='lat' dir='ltr'><strong>Domini</strong></span> <span class='ocrx_word' id='word_1_317' title='bbox 1456 2910 1610 2964; x_wconf 81' lang='lat' dir='ltr'><strong>Ilium</strong></span> <span class='ocrx_word' id='word_1_318' title='bbox 1632 2909 1683 2964; x_wconf 77' lang='grc' dir='ltr'><em>Χ</em></span> <span class='ocrx_word' id='word_1_319' title='bbox 1689 2911 1738 2979; x_wconf 86' lang='lat' dir='ltr'><strong>pi</strong></span> <span class='ocrx_word' id='word_1_320' title='bbox 1763 2911 1998 2978; x_wconf 80' lang='lat' dir='ltr'><strong>Ariperto</strong></span> <span class='ocrx_word' id='word_1_321' title='bbox 2020 2907 2158 2978; x_wconf 80' lang='lat' dir='ltr'><strong>Rege</strong></span> 
     </span>
    </p>
   </div>
   <div class='ocr_carea' id='block_1_45' title="bbox 552 2999 2158 3075">
    <p class='ocr_par' dir='ltr' id='par_1_45' title="bbox 552 2999 2158 3075">
     <span class='ocr_line' id='line_1_45' title="bbox 552 2999 2158 3075; baseline -0.002 -19"><span class='ocrx_word' id='word_1_322' title='bbox 552 3004 650 3075; x_wconf 83' lang='lat' dir='ltr'><strong>fuit</strong></span> <span class='ocrx_word' id='word_1_323' title='bbox 671 3019 788 3056; x_wconf 88' lang='lat' dir='ltr'><strong>vera</strong></span> <span class='ocrx_word' id='word_1_324' title='bbox 819 3004 1016 3068; x_wconf 81' lang='lat' dir='ltr'><strong>iustitia</strong></span> <span class='ocrx_word' id='word_1_325' title='bbox 1057 3013 1104 3058; x_wconf 91' lang='lat' dir='ltr'><strong>et</strong></span> <span class='ocrx_word' id='word_1_326' title='bbox 1135 3004 1453 3058; x_wconf 79' lang='lat' dir='ltr'><strong>sincera.....</strong></span> <span class='ocrx_word' id='word_1_327' title='bbox 1486 3003 1688 3057; x_wconf 87' lang='lat' dir='ltr'><strong>Deinde</strong></span> <span class='ocrx_word' id='word_1_328' title='bbox 1713 3043 1728 3069; x_wconf 92' lang='lat'><strong>,</strong></span> <span class='ocrx_word' id='word_1_329' title='bbox 1759 3000 1964 3054; x_wconf 83' lang='lat' dir='ltr'><strong>Builius</strong></span> <span class='ocrx_word' id='word_1_330' title='bbox 1989 2999 2158 3052; x_wconf 82' lang='lat' dir='ltr'><strong>Abbas</strong></span> 
     </span>
    </p>
   </div>
   <div class='ocr_carea' id='block_1_46' title="bbox 552 3092 2157 3166">
    <p class='ocr_par' dir='ltr' id='par_1_46' title="bbox 552 3092 2157 3166">
     <span class='ocr_line' id='line_1_46' title="bbox 552 3092 2157 3166; baseline -0.003 -18"><span class='ocrx_word' id='word_1_331' title='bbox 552 3095 616 3149; x_wconf 91' lang='lat' dir='ltr'><strong>de</strong></span> <span class='ocrx_word' id='word_1_332' title='bbox 646 3093 1008 3148; x_wconf 80' lang='lat' dir='ltr'><strong>Monustirium</strong></span> <span class='ocrx_word' id='word_1_333' title='bbox 1036 3097 1109 3149; x_wconf 88' lang='lat' dir='ltr'><strong>sci</strong></span> <span class='ocrx_word' id='word_1_334' title='bbox 1162 3094 1356 3149; x_wconf 79' lang='lat' dir='ltr'><strong>Tliome</strong></span> <span class='ocrx_word' id='word_1_335' title='bbox 1395 3095 1630 3166; x_wconf 83' lang='lat' dir='ltr'><strong>Apostoli</strong></span> <span class='ocrx_word' id='word_1_336' title='bbox 1660 3094 1764 3147; x_wconf 87' lang='lat' dir='ltr'><strong>cuit</strong></span> <span class='ocrx_word' id='word_1_337' title='bbox 1804 3092 2048 3162; x_wconf 85' lang='lat' dir='ltr'><strong>vocapolo</strong></span> <span class='ocrx_word' id='word_1_338' title='bbox 2083 3099 2157 3144; x_wconf 86' lang='lat' dir='ltr'><strong>est</strong></span> 
     </span>
    </p>
   </div>
   <div class='ocr_carea' id='block_1_47' title="bbox 2263 1887 3861 1959">
    <p class='ocr_par' dir='ltr' id='par_1_47' title="bbox 2263 1887 3861 1959">
     <span class='ocr_line' id='line_1_47' title="bbox 2263 1887 3861 1959; baseline 0.003 -17"><span class='ocrx_word' id='word_1_339' title='bbox 2263 1888 2426 1943; x_wconf 89' lang='lat' dir='ltr'><strong>litatis</strong></span> <span class='ocrx_word' id='word_1_340' title='bbox 2473 1887 2562 1942; x_wconf 90' lang='lat' dir='ltr'><strong>ubi</strong></span> <span class='ocrx_word' id='word_1_341' title='bbox 2603 1896 2790 1957; x_wconf 89' lang='lat' dir='ltr'><strong>patens</strong></span> <span class='ocrx_word' id='word_1_342' title='bbox 2847 1903 3000 1943; x_wconf 89' lang='lat' dir='ltr'><strong>error</strong></span> <span class='ocrx_word' id='word_1_343' title='bbox 3051 1888 3102 1943; x_wconf 92' lang='lat' dir='ltr'><strong>in</strong></span> <span class='ocrx_word' id='word_1_344' title='bbox 3145 1887 3386 1943; x_wconf 89' lang='lat' dir='ltr'><strong>codicem</strong></span> <span class='ocrx_word' id='word_1_345' title='bbox 3431 1888 3727 1959; x_wconf 89' lang='lat' dir='ltr'><strong>irrepserit,</strong></span> <span class='ocrx_word' id='word_1_346' title='bbox 3775 1892 3861 1947; x_wconf 87' lang='lat' dir='ltr'><strong>vel</strong></span> 
     </span>
    </p>
   </div>
   <div class='ocr_carea' id='block_1_48' title="bbox 2260 1979 3859 2054">
    <p class='ocr_par' dir='ltr' id='par_1_48' title="bbox 2260 1979 3859 2054">
     <span class='ocr_line' id='line_1_48' title="bbox 2260 1979 3859 2054; baseline 0.003 -20"><span class='ocrx_word' id='word_1_347' title='bbox 2260 1979 2348 2035; x_wconf 90' lang='lat' dir='ltr'><strong>ubi</strong></span> <span class='ocrx_word' id='word_1_348' title='bbox 2407 1983 2494 2034; x_wconf 83' lang='lat' dir='ltr'><strong>res</strong></span> <span class='ocrx_word' id='word_1_349' title='bbox 2540 1980 2715 2051; x_wconf 89' lang='lat' dir='ltr'><strong>_nibili</strong></span> <span class='ocrx_word' id='word_1_350' title='bbox 2774 1981 3126 2036; x_wconf 86' lang='lat' dir='ltr'><strong>moneantur?</strong></span> <span class='ocrx_word' id='word_1_351' title='bbox 3189 1980 3578 2036; x_wconf 85' lang='lat' dir='ltr'><strong>Adscribentur</strong></span> <span class='ocrx_word' id='word_1_352' title='bbox 3643 1981 3859 2054; x_wconf 91' lang='lat' dir='ltr'><strong>quidem</strong></span> 
     </span>
    </p>
   </div>
   <div class='ocr_carea' id='block_1_49' title="bbox 2259 2073 3860 2144">
    <p class='ocr_par' dir='ltr' id='par_1_49' title="bbox 2259 2073 3860 2144">
     <span class='ocr_line' id='line_1_49' title="bbox 2259 2073 3860 2144; baseline 0.003 -17"><span class='ocrx_word' id='word_1_353' title='bbox 2259 2073 2590 2143; x_wconf 86' lang='lat' dir='ltr'><strong>aliquando,</strong></span> <span class='ocrx_word' id='word_1_354' title='bbox 2646 2075 2856 2130; x_wconf 91' lang='lat' dir='ltr'><strong>etiamsi</strong></span> <span class='ocrx_word' id='word_1_355' title='bbox 2911 2091 2940 2129; x_wconf 87' lang='lat' dir='ltr'><strong>a</strong></span> <span class='ocrx_word' id='word_1_356' title='bbox 3003 2075 3344 2144; x_wconf 81' lang='lat' dir='ltr'><strong>praecedente</strong></span> <span class='ocrx_word' id='word_1_357' title='bbox 3400 2075 3608 2130; x_wconf 91' lang='lat' dir='ltr'><strong>editore</strong></span> <span class='ocrx_word' id='word_1_358' title='bbox 3669 2091 3860 2132; x_wconf 83' lang='lat' dir='ltr'><strong>recen-</strong></span> 
     </span>
    </p>
   </div>
   <div class='ocr_carea' id='block_1_50' title="bbox 2261 2165 3862 2236">
    <p class='ocr_par' dir='ltr' id='par_1_50' title="bbox 2261 2165 3862 2236">
     <span class='ocr_line' id='line_1_50' title="bbox 2261 2165 3862 2236; baseline 0.002 -16"><span class='ocrx_word' id='word_1_359' title='bbox 2261 2166 2376 2220; x_wconf 79' lang='lat' dir='ltr'><strong>sita:</strong></span> <span class='ocrx_word' id='word_1_360' title='bbox 2405 2166 2534 2221; x_wconf 79' lang='lat' dir='ltr'><strong>item</strong></span> <span class='ocrx_word' id='word_1_361' title='bbox 2587 2165 2806 2232; x_wconf 83' lang='lat' dir='ltr'><strong>fuerint,</strong></span> <span class='ocrx_word' id='word_1_362' title='bbox 2857 2176 2916 2222; x_wconf 92' lang='lat' dir='ltr'><strong>ut</strong></span> <span class='ocrx_word' id='word_1_363' title='bbox 2950 2175 3182 2234; x_wconf 90' lang='lat' dir='ltr'><strong>constet,</strong></span> <span class='ocrx_word' id='word_1_364' title='bbox 3230 2166 3550 2236; x_wconf 87' lang='lat' dir='ltr'><strong>quibusnam</strong></span> <span class='ocrx_word' id='word_1_365' title='bbox 3580 2183 3610 2223; x_wconf 90' lang='lat' dir='ltr'><strong>e</strong></span> <span class='ocrx_word' id='word_1_366' title='bbox 3635 2167 3862 2226; x_wconf 83' lang='lat' dir='ltr'><strong>diversis</strong></span> 
     </span>
    </p>
   </div>
   <div class='ocr_carea' id='block_1_51' title="bbox 2262 2260 3862 2332">
    <p class='ocr_par' dir='ltr' id='par_1_51' title="bbox 2262 2260 3862 2332">
     <span class='ocr_line' id='line_1_51' title="bbox 2262 2260 3862 2332; baseline 0.003 -17"><span class='ocrx_word' id='word_1_367' title='bbox 2262 2260 2582 2315; x_wconf 87' lang='lat' dir='ltr'><strong>lectionibus</strong></span> <span class='ocrx_word' id='word_1_368' title='bbox 2638 2271 2747 2315; x_wconf 87' lang='lat' dir='ltr'><strong>tam</strong></span> <span class='ocrx_word' id='word_1_369' title='bbox 2798 2261 3087 2332; x_wconf 85' lang='lat' dir='ltr'><strong>insignium</strong></span> <span class='ocrx_word' id='word_1_370' title='bbox 3140 2261 3575 2317; x_wconf 86' lang='lat' dir='ltr'><strong>membranarum</strong></span> <span class='ocrx_word' id='word_1_371' title='bbox 3623 2262 3862 2320; x_wconf 87' lang='lat' dir='ltr'><strong>ealculus</strong></span> 
     </span>
    </p>
   </div>
   <div class='ocr_carea' id='block_1_52' title="bbox 2259 2353 3859 2426">
    <p class='ocr_par' dir='ltr' id='par_1_52' title="bbox 2259 2353 3859 2426">
     <span class='ocr_line' id='line_1_52' title="bbox 2259 2353 3859 2426; baseline 0.001 -18"><span class='ocrx_word' id='word_1_372' title='bbox 2259 2353 2500 2409; x_wconf 88' lang='lat' dir='ltr'><strong>accedat.</strong></span> <span class='ocrx_word' id='word_1_373' title='bbox 2534 2354 2591 2409; x_wconf 93' lang='lat' dir='ltr'><strong>In</strong></span> <span class='ocrx_word' id='word_1_374' title='bbox 2619 2362 2822 2410; x_wconf 76' lang='lat' dir='ltr'><strong>textum</strong></span> <span class='ocrx_word' id='word_1_375' title='bbox 2868 2369 2930 2410; x_wconf 89' lang='lat' dir='ltr'><strong>ea</strong></span> <span class='ocrx_word' id='word_1_376' title='bbox 2980 2363 3181 2410; x_wconf 86' lang='lat' dir='ltr'><strong>tantum</strong></span> <span class='ocrx_word' id='word_1_377' title='bbox 3214 2355 3539 2424; x_wconf 88' lang='lat' dir='ltr'><strong>recepimus,</strong></span> <span class='ocrx_word' id='word_1_378' title='bbox 3569 2371 3690 2426; x_wconf 79' lang='lat' dir='ltr'><strong>qua:</strong></span> <span class='ocrx_word' id='word_1_379' title='bbox 3713 2355 3859 2410; x_wconf 89' lang='lat' dir='ltr'><strong>illum</strong></span> 
     </span>
    </p>
   </div>
   <div class='ocr_carea' id='block_1_53' title="bbox 2260 2446 3860 2520">
    <p class='ocr_par' dir='ltr' id='par_1_53' title="bbox 2260 2446 3860 2520">
     <span class='ocr_line' id='line_1_53' title="bbox 2260 2446 3860 2520; baseline 0.002 -20"><span class='ocrx_word' id='word_1_380' title='bbox 2260 2446 2481 2500; x_wconf 91' lang='lat' dir='ltr'><strong>omnino</strong></span> <span class='ocrx_word' id='word_1_381' title='bbox 2529 2447 2817 2513; x_wconf 88' lang='lat' dir='ltr'><strong>resarcire,</strong></span> <span class='ocrx_word' id='word_1_382' title='bbox 2871 2446 2958 2501; x_wconf 88' lang='lat' dir='ltr'><strong>vel</strong></span> <span class='ocrx_word' id='word_1_383' title='bbox 3001 2457 3112 2502; x_wconf 93' lang='lat' dir='ltr'><strong>tuto</strong></span> <span class='ocrx_word' id='word_1_384' title='bbox 3142 2448 3427 2503; x_wconf 87' lang='lat' dir='ltr'><strong>restituere</strong></span> <span class='ocrx_word' id='word_1_385' title='bbox 3467 2457 3674 2519; x_wconf 89' lang='lat' dir='ltr'><strong>pateat;</strong></span> <span class='ocrx_word' id='word_1_386' title='bbox 3717 2447 3860 2520; x_wconf 90' lang='lat' dir='ltr'><strong>quod</strong></span> 
     </span>
    </p>
   </div>
   <div class='ocr_carea' id='block_1_54' title="bbox 2195 2537 3857 2616">
    <p class='ocr_par' dir='ltr' id='par_1_54' title="bbox 2195 2537 3857 2616">
     <span class='ocr_line' id='line_1_54' title="bbox 2195 2537 3857 2616; baseline 0.001 -24"><span class='ocrx_word' id='word_1_387' title='bbox 2195 2611 2199 2616; x_wconf 13' lang='grc' dir='ltr'><strong><em>ἡ</em></strong></span> <span class='ocrx_word' id='word_1_388' title='bbox 2259 2537 2395 2593; x_wconf 91' lang='lat' dir='ltr'><strong>locis</strong></span> <span class='ocrx_word' id='word_1_389' title='bbox 2450 2539 2715 2608; x_wconf 90' lang='lat' dir='ltr'><strong>pluribus,</strong></span> <span class='ocrx_word' id='word_1_390' title='bbox 2776 2539 3047 2609; x_wconf 65' lang='lat' dir='ltr'><strong>praecipue</strong></span> <span class='ocrx_word' id='word_1_391' title='bbox 3098 2548 3417 2594; x_wconf 85' lang='lat' dir='ltr'><strong>tractatuum</strong></span> <span class='ocrx_word' id='word_1_392' title='bbox 3471 2541 3524 2594; x_wconf 93' lang='lat' dir='ltr'><strong>in</strong></span> <span class='ocrx_word' id='word_1_393' title='bbox 3573 2539 3857 2608; x_wconf 90' lang='lat' dir='ltr'><strong>Psalmos,</strong></span> 
     </span>
    </p>
   </div>
   <div class='ocr_carea' id='block_1_55' title="bbox 2261 2631 3860 2703">
    <p class='ocr_par' dir='ltr' id='par_1_55' title="bbox 2261 2631 3860 2703">
     <span class='ocr_line' id='line_1_55' title="bbox 2261 2631 3860 2703; baseline 0.001 -18"><span class='ocrx_word' id='word_1_394' title='bbox 2261 2642 2518 2702; x_wconf 68' lang='lat' dir='ltr'><strong>prazstare</strong></span> <span class='ocrx_word' id='word_1_395' title='bbox 2563 2632 2822 2701; x_wconf 83' lang='lat' dir='ltr'><strong>contigit:</strong></span> <span class='ocrx_word' id='word_1_396' title='bbox 2859 2631 3128 2701; x_wconf 88' lang='lat' dir='ltr'><strong>prioribus</strong></span> <span class='ocrx_word' id='word_1_397' title='bbox 3160 2641 3338 2687; x_wconf 89' lang='lat' dir='ltr'><strong>tamen</strong></span> <span class='ocrx_word' id='word_1_398' title='bbox 3371 2632 3689 2688; x_wconf 90' lang='lat' dir='ltr'><strong>lectionibus</strong></span> <span class='ocrx_word' id='word_1_399' title='bbox 3739 2648 3860 2703; x_wconf 88' lang='lat' dir='ltr'><strong>per-</strong></span> 
     </span>
    </p>
   </div>
   <div class='ocr_carea' id='block_1_56' title="bbox 2261 2721 3862 2794">
    <p class='ocr_par' dir='ltr' id='par_1_56' title="bbox 2261 2721 3862 2794">
     <span class='ocr_line' id='line_1_56' title="bbox 2261 2721 3862 2794; baseline 0.001 -16"><span class='ocrx_word' id='word_1_400' title='bbox 2261 2732 2422 2794; x_wconf 89' lang='lat' dir='ltr'><strong>petuo</strong></span> <span class='ocrx_word' id='word_1_401' title='bbox 2454 2721 2746 2792; x_wconf 87' lang='lat' dir='ltr'><strong>adpositis,</strong></span> <span class='ocrx_word' id='word_1_402' title='bbox 2782 2733 2838 2777; x_wconf 90' lang='lat' dir='ltr'><strong>ut</strong></span> <span class='ocrx_word' id='word_1_403' title='bbox 2892 2724 3156 2792; x_wconf 88' lang='lat' dir='ltr'><strong>integrum</strong></span> <span class='ocrx_word' id='word_1_404' title='bbox 3198 2723 3486 2793; x_wconf 91' lang='lat' dir='ltr'><strong>unicuique</strong></span> <span class='ocrx_word' id='word_1_405' title='bbox 3525 2725 3862 2793; x_wconf 88' lang='lat' dir='ltr'><strong>liberumque</strong></span> 
     </span>
    </p>
   </div>
   <div class='ocr_carea' id='block_1_57' title="bbox 2255 2813 3861 2884">
    <p class='ocr_par' dir='ltr' id='par_1_57' title="bbox 2255 2813 3861 2884">
     <span class='ocr_line' id='line_1_57' title="bbox 2255 2813 3861 2884; baseline 0.002 -16"><span class='ocrx_word' id='word_1_406' title='bbox 2255 2814 2515 2884; x_wconf 89' lang='lat' dir='ltr'><strong>judicium</strong></span> <span class='ocrx_word' id='word_1_407' title='bbox 2547 2814 2636 2869; x_wconf 91' lang='lat' dir='ltr'><strong>sit.</strong></span> <span class='ocrx_word' id='word_1_408' title='bbox 2672 2813 2818 2868; x_wconf 88' lang='lat' dir='ltr'><strong>Idem</strong></span> <span class='ocrx_word' id='word_1_409' title='bbox 2863 2829 3117 2884; x_wconf 87' lang='lat' dir='ltr'><strong>prorsus,</strong></span> <span class='ocrx_word' id='word_1_410' title='bbox 3162 2829 3284 2870; x_wconf 92' lang='lat' dir='ltr'><strong>cum</strong></span> <span class='ocrx_word' id='word_1_411' title='bbox 3326 2815 3653 2871; x_wconf 83' lang='lat' dir='ltr'><strong>Cassiodorii</strong></span> <span class='ocrx_word' id='word_1_412' title='bbox 3699 2815 3861 2872; x_wconf 88' lang='lat' dir='ltr'><strong>Com-</strong></span> 
     </span>
    </p>
   </div>
   <div class='ocr_carea' id='block_1_58' title="bbox 2262 2905 3863 2976">
    <p class='ocr_par' dir='ltr' id='par_1_58' title="bbox 2262 2905 3863 2976">
     <span class='ocr_line' id='line_1_58' title="bbox 2262 2905 3863 2976; baseline 0.002 -16"><span class='ocrx_word' id='word_1_413' title='bbox 2262 2905 2540 2974; x_wconf 81' lang='lat' dir='ltr'><strong>plexiones</strong></span> <span class='ocrx_word' id='word_1_414' title='bbox 2566 2905 2738 2975; x_wconf 91' lang='lat' dir='ltr'><strong>primo</strong></span> <span class='ocrx_word' id='word_1_415' title='bbox 2759 2908 3083 2969; x_wconf 81' lang='lat' dir='ltr'><strong>emitterent,</strong></span> <span class='ocrx_word' id='word_1_416' title='bbox 3109 2905 3353 2975; x_wconf 83' lang='lat' dir='ltr'><strong>praestiti,</strong></span> <span class='ocrx_word' id='word_1_417' title='bbox 3377 2921 3442 2960; x_wconf 82' lang='lat' dir='ltr'><strong>ex</strong></span> <span class='ocrx_word' id='word_1_418' title='bbox 3468 2922 3693 2976; x_wconf 89' lang='lat' dir='ltr'><strong>quarum</strong></span> <span class='ocrx_word' id='word_1_419' title='bbox 3725 2907 3863 2964; x_wconf 71' lang='lat' dir='ltr'><strong>Prte-</strong></span> 
     </span>
    </p>
   </div>
   <div class='ocr_carea' id='block_1_59' title="bbox 2260 2997 3862 3064">
    <p class='ocr_par' dir='ltr' id='par_1_59' title="bbox 2260 2997 3862 3064">
     <span class='ocr_line' id='line_1_59' title="bbox 2260 2997 3862 3064; baseline 0.002 -11"><span class='ocrx_word' id='word_1_420' title='bbox 2260 2997 2484 3064; x_wconf 83' lang='lat' dir='ltr'><strong>fatione,</strong></span> <span class='ocrx_word' id='word_1_421' title='bbox 2517 3008 2576 3053; x_wconf 92' lang='lat' dir='ltr'><strong>ut</strong></span> <span class='ocrx_word' id='word_1_422' title='bbox 2601 2998 2668 3054; x_wconf 94' lang='lat' dir='ltr'><strong>de</strong></span> <span class='ocrx_word' id='word_1_423' title='bbox 2688 2999 2916 3054; x_wconf 92' lang='lat' dir='ltr'><strong>consilio</strong></span> <span class='ocrx_word' id='word_1_424' title='bbox 2946 2999 2999 3053; x_wconf 91' lang='lat' dir='ltr'><strong>in</strong></span> <span class='ocrx_word' id='word_1_425' title='bbox 3043 2998 3142 3053; x_wconf 90' lang='lat' dir='ltr'><strong>hac</strong></span> <span class='ocrx_word' id='word_1_426' title='bbox 3173 2999 3333 3054; x_wconf 89' lang='lat' dir='ltr'><strong>etiam</strong></span> <span class='ocrx_word' id='word_1_427' title='bbox 3359 3001 3677 3056; x_wconf 89' lang='lat' dir='ltr'><strong>recensione</strong></span> <span class='ocrx_word' id='word_1_428' title='bbox 3710 3001 3862 3056; x_wconf 78' lang='lat' dir='ltr'><strong>adhi-</strong></span> 
     </span>
    </p>
   </div>
   <div class='ocr_carea' id='block_1_60' title="bbox 2263 3079 3856 3155">
    <p class='ocr_par' dir='ltr' id='par_1_60' title="bbox 2263 3079 3856 3155">
     <span class='ocr_line' id='line_1_60' title="bbox 2263 3079 3856 3155; baseline 0.001 -10"><span class='ocrx_word' id='word_1_429' title='bbox 2263 3091 2374 3146; x_wconf 92' lang='lat' dir='ltr'><strong>bito</strong></span> <span class='ocrx_word' id='word_1_430' title='bbox 2403 3091 2532 3144; x_wconf 90' lang='lat' dir='ltr'><strong>satis</strong></span> <span class='ocrx_word' id='word_1_431' title='bbox 2579 3079 2826 3155; x_wconf 82' lang='lat' dir='ltr'><strong>constet,</strong></span> <span class='ocrx_word' id='word_1_432' title='bbox 2872 3092 2978 3146; x_wconf 90' lang='lat' dir='ltr'><strong>duo</strong></span> <span class='ocrx_word' id='word_1_433' title='bbox 3029 3091 3186 3146; x_wconf 88' lang='lat' dir='ltr'><strong>liceat</strong></span> <span class='ocrx_word' id='word_1_434' title='bbox 3235 3091 3399 3146; x_wconf 86' lang='lat' dir='ltr'><strong>verba</strong></span> <span class='ocrx_word' id='word_1_435' title='bbox 3452 3092 3856 3150; x_wconf 83' lang='lat' dir='ltr'><strong>transcribere:</strong></span> 
     </span>
    </p>
   </div>
   <div class='ocr_carea' id='block_1_61' title="bbox 551 3183 3861 3257">
    <p class='ocr_par' dir='ltr' id='par_1_61' title="bbox 551 3183 3861 3257">
     <span class='ocr_line' id='line_1_61' title="bbox 551 3183 3861 3257; baseline 0 -16"><span class='ocrx_word' id='word_1_436' title='bbox 551 3185 793 3241; x_wconf 85' lang='lat' dir='ltr'><strong>Pineolo.</strong></span> <span class='ocrx_word' id='word_1_437' title='bbox 842 3185 900 3240; x_wconf 92' lang='lat' dir='ltr'><strong>S.</strong></span> <span class='ocrx_word' id='word_1_438' title='bbox 934 3186 1157 3240; x_wconf 71' lang='lat' dir='ltr'><strong>Thomie</strong></span> <span class='ocrx_word' id='word_1_439' title='bbox 1187 3186 1495 3256; x_wconf 86' lang='lat' dir='ltr'><strong>Templum,</strong></span> <span class='ocrx_word' id='word_1_440' title='bbox 1541 3193 1596 3239; x_wconf 92' lang='lat' dir='ltr'><strong>et</strong></span> <span class='ocrx_word' id='word_1_441' title='bbox 1637 3183 1968 3246; x_wconf 88' lang='lat' dir='ltr'><strong>Conveulus,</strong></span> <span class='ocrx_word' id='word_1_442' title='bbox 1993 3197 2151 3251; x_wconf 88' lang='lat' dir='ltr'><strong>quem</strong></span> <span class='ocrx_word' id='word_1_443' title='bbox 2182 3191 2227 3253; x_wconf 70' lang='grc' dir='ltr'><strong>ί]</strong></span> <span class='ocrx_word' id='word_1_444' title='bbox 2261 3183 2712 3248; x_wconf 84' lang='lat' dir='ltr'><strong>Emendationum,</strong></span> <span class='ocrx_word' id='word_1_445' title='bbox 2753 3201 2882 3255; x_wconf 85' lang='lat' dir='ltr'><strong>quas</strong></span> <span class='ocrx_word' id='word_1_446' title='bbox 2919 3200 3040 3238; x_wconf 87' lang='lat' dir='ltr'><strong>raro</strong></span> <span class='ocrx_word' id='word_1_447' title='bbox 3067 3185 3299 3250; x_wconf 82' lang='lat' dir='ltr'><strong>adhibui,</strong></span> <span class='ocrx_word' id='word_1_448' title='bbox 3328 3185 3413 3239; x_wconf 87' lang='lat' dir='ltr'><strong>ubi</strong></span> <span class='ocrx_word' id='word_1_449' title='bbox 3451 3202 3619 3255; x_wconf 71' lang='lat' dir='ltr'><strong>opera:</strong></span> <span class='ocrx_word' id='word_1_450' title='bbox 3645 3188 3861 3257; x_wconf 86' lang='lat' dir='ltr'><strong>pretium</strong></span> 
     </span>
    </p>
   </div>
   <div class='ocr_carea' id='block_1_62' title="bbox 553 3274 2158 3346">
    <p class='ocr_par' dir='ltr' id='par_1_62' title="bbox 553 3274 2158 3346">
     <span class='ocr_line' id='line_1_62' title="bbox 553 3274 2158 3346; baseline -0.002 -15"><span class='ocrx_word' id='word_1_451' title='bbox 553 3277 718 3332; x_wconf 90' lang='lat' dir='ltr'><strong>modo</strong></span> <span class='ocrx_word' id='word_1_452' title='bbox 748 3277 1194 3332; x_wconf 83' lang='lat' dir='ltr'><strong>PP.&#39;Carmclitae</strong></span> <span class='ocrx_word' id='word_1_453' title='bbox 1236 3276 1534 3345; x_wconf 88' lang='lat' dir='ltr'><strong>possident,</strong></span> <span class='ocrx_word' id='word_1_454' title='bbox 1583 3276 1650 3329; x_wconf 90' lang='lat' dir='ltr'><strong>ad</strong></span> <span class='ocrx_word' id='word_1_455' title='bbox 1674 3285 1890 3346; x_wconf 89' lang='lat' dir='ltr'><strong>pontem</strong></span> <span class='ocrx_word' id='word_1_456' title='bbox 1915 3282 1999 3330; x_wconf 91' lang='lat' dir='ltr'><strong>est</strong></span> <span class='ocrx_word' id='word_1_457' title='bbox 2023 3274 2158 3328; x_wconf 89' lang='lat' dir='ltr'><strong>situs</strong></span> 
     </span>
    </p>
   </div>
   <div class='ocr_carea' id='block_1_63' title="bbox 553 3367 2158 3441">
    <p class='ocr_par' dir='ltr' id='par_1_63' title="bbox 553 3367 2158 3441">
     <span class='ocr_line' id='line_1_63' title="bbox 553 3367 2158 3441; baseline -0.002 -16"><span class='ocrx_word' id='word_1_458' title='bbox 553 3369 779 3441; x_wconf 88' lang='lat' dir='ltr'><strong>Pignolo</strong></span> <span class='ocrx_word' id='word_1_459' title='bbox 810 3385 981 3440; x_wconf 91' lang='lat' dir='ltr'><strong>usque</strong></span> <span class='ocrx_word' id='word_1_460' title='bbox 1021 3371 1074 3425; x_wconf 92' lang='lat' dir='ltr'><strong>in</strong></span> <span class='ocrx_word' id='word_1_461' title='bbox 1118 3370 1258 3424; x_wconf 91' lang='lat' dir='ltr'><strong>hanc</strong></span> <span class='ocrx_word' id='word_1_462' title='bbox 1299 3369 1441 3424; x_wconf 92' lang='lat' dir='ltr'><strong>diem</strong></span> <span class='ocrx_word' id='word_1_463' title='bbox 1473 3379 1858 3438; x_wconf 89' lang='lat' dir='ltr'><strong>nuncupatum.</strong></span> <span class='ocrx_word' id='word_1_464' title='bbox 1892 3367 2158 3422; x_wconf 85' lang='lat' dir='ltr'><strong>Monaste-</strong></span> 
     </span>
    </p>
   </div>
   <div class='ocr_carea' id='block_1_64' title="bbox 550 3459 2158 3528">
    <p class='ocr_par' dir='ltr' id='par_1_64' title="bbox 550 3459 2158 3528">
     <span class='ocr_line' id='line_1_64' title="bbox 550 3459 2158 3528; baseline -0.003 -11"><span class='ocrx_word' id='word_1_465' title='bbox 550 3464 690 3518; x_wconf 91' lang='lat' dir='ltr'><strong>rium</strong></span> <span class='ocrx_word' id='word_1_466' title='bbox 720 3463 792 3518; x_wconf 91' lang='lat' dir='ltr'><strong>ibi</strong></span> <span class='ocrx_word' id='word_1_467' title='bbox 821 3463 1006 3528; x_wconf 73' lang='lat' dir='ltr'><strong>fuisse,</strong></span> <span class='ocrx_word' id='word_1_468' title='bbox 1033 3473 1087 3518; x_wconf 89' lang='lat' dir='ltr'><strong>et</strong></span> <span class='ocrx_word' id='word_1_469' title='bbox 1113 3462 1403 3517; x_wconf 85' lang='lat' dir='ltr'><strong>Monachos</strong></span> <span class='ocrx_word' id='word_1_470' title='bbox 1423 3476 1546 3516; x_wconf 91' lang='lat' dir='ltr'><strong>cum</strong></span> <span class='ocrx_word' id='word_1_471' title='bbox 1569 3459 1777 3515; x_wconf 87' lang='lat' dir='ltr'><strong>Abbate</strong></span> <span class='ocrx_word' id='word_1_472' title='bbox 1797 3474 1895 3514; x_wconf 92' lang='lat' dir='ltr'><strong>suo</strong></span> <span class='ocrx_word' id='word_1_473' title='bbox 1918 3472 2158 3514; x_wconf 84' lang='lat' dir='ltr'><strong>commo-</strong></span> 
     </span>
    </p>
   </div>
   <div class='ocr_carea' id='block_1_65' title="bbox 548 3551 2156 3630">
    <p class='ocr_par' dir='ltr' id='par_1_65' title="bbox 548 3551 2156 3630">
     <span class='ocr_line' id='line_1_65' title="bbox 548 3551 2156 3630; baseline -0.004 -20"><span class='ocrx_word' id='word_1_474' title='bbox 548 3562 698 3610; x_wconf 88' lang='lat' dir='ltr'><strong>ratos</strong></span> <span class='ocrx_word' id='word_1_475' title='bbox 727 3553 855 3610; x_wconf 90' lang='lat' dir='ltr'><strong>olim</strong></span> <span class='ocrx_word' id='word_1_476' title='bbox 887 3569 1008 3610; x_wconf 91' lang='lat' dir='ltr'><strong>esse</strong></span> <span class='ocrx_word' id='word_1_477' title='bbox 1035 3563 1261 3608; x_wconf 88' lang='lat' dir='ltr'><strong>noverat</strong></span> <span class='ocrx_word' id='word_1_478' title='bbox 1289 3568 1469 3608; x_wconf 89' lang='lat' dir='ltr'><strong>nemo.</strong></span> <span class='ocrx_word' id='word_1_479' title='bbox 1499 3552 1722 3630; x_wconf 70' lang='lat' dir='ltr'><strong>Lingua:</strong></span> <span class='ocrx_word' id='word_1_480' title='bbox 1761 3551 1965 3605; x_wconf 61' lang='lat' dir='ltr'><strong>Italicae</strong></span> <span class='ocrx_word' id='word_1_481' title='bbox 1994 3563 2156 3619; x_wconf 90' lang='lat' dir='ltr'><strong>quam</strong></span> 
     </span>
    </p>
   </div>
   <div class='ocr_carea' id='block_1_66' title="bbox 553 3641 2154 3716">
    <p class='ocr_par' dir='ltr' id='par_1_66' title="bbox 553 3641 2154 3716">
     <span class='ocr_line' id='line_1_66' title="bbox 553 3641 2154 3716; baseline -0.002 -17"><span class='ocrx_word' id='word_1_482' title='bbox 553 3646 803 3716; x_wconf 82' lang='lat' dir='ltr'><strong>proxime</strong></span> <span class='ocrx_word' id='word_1_483' title='bbox 851 3646 918 3700; x_wconf 91' lang='lat' dir='ltr'><strong>ab</strong></span> <span class='ocrx_word' id='word_1_484' title='bbox 972 3660 1034 3700; x_wconf 91' lang='lat' dir='ltr'><strong>ea</strong></span> <span class='ocrx_word' id='word_1_485' title='bbox 1085 3660 1253 3715; x_wconf 90' lang='lat' dir='ltr'><strong>usque</strong></span> <span class='ocrx_word' id='word_1_486' title='bbox 1295 3652 1453 3699; x_wconf 66' lang='lat' dir='ltr'><strong>aetate</strong></span> <span class='ocrx_word' id='word_1_487' title='bbox 1509 3643 1900 3713; x_wconf 68' lang='lat' dir='ltr'><strong>praeluderetur</strong></span> <span class='ocrx_word' id='word_1_488' title='bbox 1968 3641 2154 3707; x_wconf 87' lang='lat' dir='ltr'><strong>vides;</strong></span> 
     </span>
    </p>
   </div>
   <div class='ocr_carea' id='block_1_67' title="bbox 549 3734 2158 3808">
    <p class='ocr_par' dir='ltr' id='par_1_67' title="bbox 549 3734 2158 3808">
     <span class='ocr_line' id='line_1_67' title="bbox 549 3734 2158 3808; baseline -0.002 -18"><span class='ocrx_word' id='word_1_489' title='bbox 549 3737 695 3808; x_wconf 90' lang='lat' dir='ltr'><strong>quod</strong></span> <span class='ocrx_word' id='word_1_490' title='bbox 719 3736 864 3792; x_wconf 91' lang='lat' dir='ltr'><strong>enim</strong></span> <span class='ocrx_word' id='word_1_491' title='bbox 889 3752 1031 3792; x_wconf 92' lang='lat' dir='ltr'><strong>nunc</strong></span> <span class='ocrx_word' id='word_1_492' title='bbox 1061 3736 1220 3791; x_wconf 78' lang='lat' dir='ltr'><strong>Abate</strong></span> <span class='ocrx_word' id='word_1_493' title='bbox 1248 3737 1332 3790; x_wconf 90' lang='lat' dir='ltr'><strong>del</strong></span> <span class='ocrx_word' id='word_1_494' title='bbox 1372 3737 1687 3790; x_wconf 82' lang='lat' dir='ltr'><strong>Monasterio</strong></span> <span class='ocrx_word' id='word_1_495' title='bbox 1713 3734 1963 3797; x_wconf 89' lang='lat' dir='ltr'><strong>dicimus,</strong></span> <span class='ocrx_word' id='word_1_496' title='bbox 1989 3734 2158 3787; x_wconf 81' lang='lat' dir='ltr'><strong>Abbas</strong></span> 
     </span>
    </p>
   </div>
   <div class='ocr_carea' id='block_1_68' title="bbox 550 3826 2156 3900">
    <p class='ocr_par' dir='ltr' id='par_1_68' title="bbox 550 3826 2156 3900">
     <span class='ocr_line' id='line_1_68' title="bbox 550 3826 2156 3900; baseline -0.002 -16"><span class='ocrx_word' id='word_1_497' title='bbox 550 3831 615 3885; x_wconf 88' lang='lat' dir='ltr'><strong>de</strong></span> <span class='ocrx_word' id='word_1_498' title='bbox 640 3830 1004 3885; x_wconf 83' lang='lat' dir='ltr'><strong>Monastirium</strong></span> <span class='ocrx_word' id='word_1_499' title='bbox 1025 3831 1318 3900; x_wconf 87' lang='lat' dir='ltr'><strong>vulgariter</strong></span> <span class='ocrx_word' id='word_1_500' title='bbox 1352 3828 1718 3893; x_wconf 87' lang='lat' dir='ltr'><strong>scribebatur;</strong></span> <span class='ocrx_word' id='word_1_501' title='bbox 1743 3841 1970 3898; x_wconf 88' lang='lat' dir='ltr'><strong>cumque</strong></span> <span class='ocrx_word' id='word_1_502' title='bbox 1993 3843 2080 3880; x_wconf 92' lang='lat' dir='ltr'><strong>um</strong></span> <span class='ocrx_word' id='word_1_503' title='bbox 2103 3826 2156 3880; x_wconf 91' lang='lat' dir='ltr'><strong>in</strong></span> 
     </span>
    </p>
   </div>
   <div class='ocr_carea' id='block_1_69' title="bbox 549 3919 2157 3994">
    <p class='ocr_par' dir='ltr' id='par_1_69' title="bbox 549 3919 2157 3994">
     <span class='ocr_line' id='line_1_69' title="bbox 549 3919 2157 3994; baseline -0.004 -16"><span class='ocrx_word' id='word_1_504' title='bbox 549 3940 581 3978; x_wconf 88' lang='grc' dir='ltr'><strong>ο</strong></span> <span class='ocrx_word' id='word_1_505' title='bbox 614 3923 888 3994; x_wconf 90' lang='lat' dir='ltr'><strong>popularis</strong></span> <span class='ocrx_word' id='word_1_506' title='bbox 928 3923 1296 3994; x_wconf 87' lang='lat' dir='ltr'><strong>pronuntiatio</strong></span> <span class='ocrx_word' id='word_1_507' title='bbox 1317 3936 1462 3991; x_wconf 63' lang='lat' dir='ltr'><strong>Saepe</strong></span> <span class='ocrx_word' id='word_1_508' title='bbox 1491 3929 1860 3983; x_wconf 88' lang='lat' dir='ltr'><strong>converteret,</strong></span> <span class='ocrx_word' id='word_1_509' title='bbox 1891 3929 1948 3972; x_wconf 92' lang='lat' dir='ltr'><strong>ut</strong></span> <span class='ocrx_word' id='word_1_510' title='bbox 1972 3919 2098 3973; x_wconf 90' lang='lat' dir='ltr'><strong>item</strong></span> <span class='ocrx_word' id='word_1_511' title='bbox 2126 3933 2157 3972; x_wconf 91' lang='lat' dir='ltr'><strong>c</strong></span> 
     </span>
    </p>
   </div>
   <div class='ocr_carea' id='block_1_70' title="bbox 551 4009 2154 4084">
    <p class='ocr_par' dir='ltr' id='par_1_70' title="bbox 551 4009 2154 4084">
     <span class='ocr_line' id='line_1_70' title="bbox 551 4009 2154 4084; baseline -0.003 -15"><span class='ocrx_word' id='word_1_512' title='bbox 551 4029 684 4069; x_wconf 90' lang='lat' dir='ltr'><strong>mss.</strong></span> <span class='ocrx_word' id='word_1_513' title='bbox 732 4014 930 4082; x_wconf 91' lang='lat' dir='ltr'><strong>didici,</strong></span> <span class='ocrx_word' id='word_1_514' title='bbox 973 4023 1029 4070; x_wconf 90' lang='lat' dir='ltr'><strong>et</strong></span> <span class='ocrx_word' id='word_1_515' title='bbox 1085 4015 1169 4068; x_wconf 87' lang='lat' dir='ltr'><strong>hic</strong></span> <span class='ocrx_word' id='word_1_516' title='bbox 1212 4015 1374 4068; x_wconf 91' lang='lat' dir='ltr'><strong>etiam</strong></span> <span class='ocrx_word' id='word_1_517' title='bbox 1427 4022 1650 4084; x_wconf 88' lang='lat' dir='ltr'><strong>apparet</strong></span> <span class='ocrx_word' id='word_1_518' title='bbox 1695 4009 1964 4083; x_wconf 85' lang='lat' dir='ltr'><strong>(vocapolo</strong></span> <span class='ocrx_word' id='word_1_519' title='bbox 2011 4009 2154 4064; x_wconf 91' lang='lat' dir='ltr'><strong>enim</strong></span> 
     </span>
    </p>
   </div>
   <div class='ocr_carea' id='block_1_71' title="bbox 547 4101 2158 4178">
    <p class='ocr_par' dir='ltr' id='par_1_71' title="bbox 547 4101 2158 4178">
     <span class='ocr_line' id='line_1_71' title="bbox 547 4101 2158 4178; baseline -0.004 -17"><span class='ocrx_word' id='word_1_520' title='bbox 547 4121 649 4178; x_wconf 87' lang='lat' dir='ltr'><strong>pro</strong></span> <span class='ocrx_word' id='word_1_521' title='bbox 675 4107 974 4162; x_wconf 82' lang='lat' dir='ltr'><strong>vocabulum</strong></span> <span class='ocrx_word' id='word_1_522' title='bbox 994 4105 1122 4178; x_wconf 89' lang='lat' dir='ltr'><strong>est),</strong></span> <span class='ocrx_word' id='word_1_523' title='bbox 1150 4121 1180 4161; x_wconf 89' lang='lat' dir='ltr'><strong>a</strong></span> <span class='ocrx_word' id='word_1_524' title='bbox 1207 4107 1415 4177; x_wconf 87' lang='lat' dir='ltr'><strong>vulgari</strong></span> <span class='ocrx_word' id='word_1_525' title='bbox 1447 4106 1624 4175; x_wconf 85' lang='lat' dir='ltr'><strong>lingua</strong></span> <span class='ocrx_word' id='word_1_526' title='bbox 1655 4105 1819 4159; x_wconf 89' lang='lat' dir='ltr'><strong>verba</strong></span> <span class='ocrx_word' id='word_1_527' title='bbox 1847 4118 2033 4174; x_wconf 88' lang='lat' dir='ltr'><strong>parum</strong></span> <span class='ocrx_word' id='word_1_528' title='bbox 2063 4101 2158 4156; x_wconf 87' lang='lat' dir='ltr'><strong>de-</strong></span> 
     </span>
    </p>
   </div>
   <div class='ocr_carea' id='block_1_72' title="bbox 550 4195 2156 4272">
    <p class='ocr_par' dir='ltr' id='par_1_72' title="bbox 550 4195 2156 4272">
     <span class='ocr_line' id='line_1_72' title="bbox 550 4195 2156 4272; baseline -0.004 -16"><span class='ocrx_word' id='word_1_529' title='bbox 550 4200 797 4256; x_wconf 87' lang='lat' dir='ltr'><strong>ﬂectunt.</strong></span> <span class='ocrx_word' id='word_1_530' title='bbox 825 4201 940 4256; x_wconf 88' lang='lat' dir='ltr'><strong>Sub</strong></span> <span class='ocrx_word' id='word_1_531' title='bbox 967 4202 1112 4272; x_wconf 85' lang='lat' dir='ltr'><strong>Rege</strong></span> <span class='ocrx_word' id='word_1_532' title='bbox 1133 4202 1386 4270; x_wconf 84' lang='lat' dir='ltr'><strong>Ariperto</strong></span> <span class='ocrx_word' id='word_1_533' title='bbox 1407 4202 1668 4269; x_wconf 90' lang='lat' dir='ltr'><strong>scriptum</strong></span> <span class='ocrx_word' id='word_1_534' title='bbox 1691 4198 1932 4253; x_wconf 90' lang='lat' dir='ltr'><strong>codicem</strong></span> <span class='ocrx_word' id='word_1_535' title='bbox 1964 4212 2029 4252; x_wconf 78' lang='lat' dir='ltr'><strong>ex</strong></span> <span class='ocrx_word' id='word_1_536' title='bbox 2058 4195 2156 4250; x_wconf 86' lang='lat' dir='ltr'><strong>hac</strong></span> 
     </span>
    </p>
   </div>
   <div class='ocr_carea' id='block_1_73' title="bbox 549 4292 2153 4364">
    <p class='ocr_par' dir='ltr' id='par_1_73' title="bbox 549 4292 2153 4364">
     <span class='ocr_line' id='line_1_73' title="bbox 549 4292 2153 4364; baseline -0.001 -16"><span class='ocrx_word' id='word_1_537' title='bbox 549 4304 678 4348; x_wconf 87' lang='lat' dir='ltr'><strong>nota</strong></span> <span class='ocrx_word' id='word_1_538' title='bbox 711 4310 821 4348; x_wconf 87' lang='lat' dir='ltr'><strong>non</strong></span> <span class='ocrx_word' id='word_1_539' title='bbox 848 4294 1069 4349; x_wconf 81' lang='lat' dir='ltr'><strong>defuere</strong></span> <span class='ocrx_word' id='word_1_540' title='bbox 1085 4295 1176 4364; x_wconf 91' lang='lat' dir='ltr'><strong>qui</strong></span> <span class='ocrx_word' id='word_1_541' title='bbox 1202 4303 1522 4364; x_wconf 83' lang='lat' dir='ltr'><strong>arguerent;</strong></span> <span class='ocrx_word' id='word_1_542' title='bbox 1555 4303 1610 4346; x_wconf 88' lang='lat' dir='ltr'><strong>at</strong></span> <span class='ocrx_word' id='word_1_543' title='bbox 1637 4295 1933 4347; x_wconf 90' lang='lat' dir='ltr'><strong>litterarum</strong></span> <span class='ocrx_word' id='word_1_544' title='bbox 1960 4292 2153 4358; x_wconf 82' lang='lat' dir='ltr'><strong>forma,</strong></span> 
     </span>
    </p>
   </div>
   <div class='ocr_carea' id='block_1_74' title="bbox 548 4381 2156 4456">
    <p class='ocr_par' dir='ltr' id='par_1_74' title="bbox 548 4381 2156 4456">
     <span class='ocr_line' id='line_1_74' title="bbox 548 4381 2156 4456; baseline -0.002 -14"><span class='ocrx_word' id='word_1_545' title='bbox 548 4388 774 4456; x_wconf 86' lang='lat' dir='ltr'><strong>ipsaque</strong></span> <span class='ocrx_word' id='word_1_546' title='bbox 801 4386 961 4456; x_wconf 84' lang='lat' dir='ltr'><strong>hujus</strong></span> <span class='ocrx_word' id='word_1_547' title='bbox 987 4381 1306 4456; x_wconf 81' lang='lat' dir='ltr'><strong>adjectionis</strong></span> <span class='ocrx_word' id='word_1_548' title='bbox 1335 4386 1518 4453; x_wconf 82' lang='lat' dir='ltr'><strong>facies,</strong></span> <span class='ocrx_word' id='word_1_549' title='bbox 1550 4387 1682 4441; x_wconf 90' lang='lat' dir='ltr'><strong>satis</strong></span> <span class='ocrx_word' id='word_1_550' title='bbox 1703 4385 1992 4439; x_wconf 90' lang='lat' dir='ltr'><strong>ostendunt</strong></span> <span class='ocrx_word' id='word_1_551' title='bbox 2018 4385 2156 4438; x_wconf 88' lang='lat' dir='ltr'><strong>mul-</strong></span> 
     </span>
    </p>
   </div>
   <div class='ocr_carea' id='block_1_75' title="bbox 551 4477 2155 4548">
    <p class='ocr_par' dir='ltr' id='par_1_75' title="bbox 551 4477 2155 4548">
     <span class='ocr_line' id='line_1_75' title="bbox 551 4477 2155 4548; baseline -0.001 -16"><span class='ocrx_word' id='word_1_552' title='bbox 551 4488 610 4532; x_wconf 91' lang='lat' dir='ltr'><strong>to</strong></span> <span class='ocrx_word' id='word_1_553' title='bbox 655 4480 1018 4533; x_wconf 86' lang='lat' dir='ltr'><strong>recentiorem</strong></span> <span class='ocrx_word' id='word_1_554' title='bbox 1078 4479 1278 4544; x_wconf 82' lang='lat' dir='ltr'><strong>fuisse;</strong></span> <span class='ocrx_word' id='word_1_555' title='bbox 1331 4487 1384 4533; x_wconf 88' lang='lat' dir='ltr'><strong>et</strong></span> <span class='ocrx_word' id='word_1_556' title='bbox 1436 4479 1674 4548; x_wconf 82' lang='lat' dir='ltr'><strong>proiecto</strong></span> <span class='ocrx_word' id='word_1_557' title='bbox 1732 4477 1835 4533; x_wconf 91' lang='lat' dir='ltr'><strong>nisi</strong></span> <span class='ocrx_word' id='word_1_558' title='bbox 1881 4477 2019 4532; x_wconf 89' lang='lat' dir='ltr'><strong>liber</strong></span> <span class='ocrx_word' id='word_1_559' title='bbox 2067 4477 2155 4531; x_wconf 90' lang='lat' dir='ltr'><strong>hic</strong></span> 
     </span>
    </p>
   </div>
   <div class='ocr_carea' id='block_1_76' title="bbox 2259 3275 3861 3350">
    <p class='ocr_par' dir='ltr' id='par_1_76' title="bbox 2259 3275 3861 3350">
     <span class='ocr_line' id='line_1_76' title="bbox 2259 3275 3861 3350; baseline 0.002 -20"><span class='ocrx_word' id='word_1_560' title='bbox 2259 3277 2346 3341; x_wconf 90' lang='lat' dir='ltr'><strong>sit,</strong></span> <span class='ocrx_word' id='word_1_561' title='bbox 2369 3275 2672 3340; x_wconf 87' lang='lat' dir='ltr'><strong>admonebo,</strong></span> <span class='ocrx_word' id='word_1_562' title='bbox 2705 3285 2760 3327; x_wconf 91' lang='lat' dir='ltr'><strong>ut</strong></span> <span class='ocrx_word' id='word_1_563' title='bbox 2799 3285 2844 3329; x_wconf 89' lang='lat' dir='ltr'><strong>et</strong></span> <span class='ocrx_word' id='word_1_564' title='bbox 2894 3276 3022 3341; x_wconf 74' lang='lat' dir='ltr'><strong>ipsa:</strong></span> <span class='ocrx_word' id='word_1_565' title='bbox 3070 3278 3132 3328; x_wconf 89' lang='lat' dir='ltr'><strong>ab</strong></span> <span class='ocrx_word' id='word_1_566' title='bbox 3172 3276 3287 3329; x_wconf 82' lang='lat' dir='ltr'><strong>aliis</strong></span> <span class='ocrx_word' id='word_1_567' title='bbox 3317 3277 3578 3330; x_wconf 87' lang='lat' dir='ltr'><strong>emendari</strong></span> <span class='ocrx_word' id='word_1_568' title='bbox 3619 3279 3861 3350; x_wconf 86' lang='lat' dir='ltr'><strong>possint:</strong></span> 
     </span>
    </p>
   </div>
   <div class='ocr_carea' id='block_1_77' title="bbox 2261 3368 3862 3440">
    <p class='ocr_par' dir='ltr' id='par_1_77' title="bbox 2261 3368 3862 3440">
     <span class='ocr_line' id='line_1_77' title="bbox 2261 3368 3862 3440; baseline 0.004 -18"><span class='ocrx_word' id='word_1_569' title='bbox 2261 3371 2357 3422; x_wconf 83' lang='lat' dir='ltr'><strong>hoc</strong></span> <span class='ocrx_word' id='word_1_570' title='bbox 2385 3370 2429 3422; x_wconf 87' lang='lat' dir='ltr'><strong>si</strong></span> <span class='ocrx_word' id='word_1_571' title='bbox 2475 3369 2826 3439; x_wconf 70' lang='lat' dir='ltr'><strong>priestitissent</strong></span> <span class='ocrx_word' id='word_1_572' title='bbox 2857 3370 3126 3423; x_wconf 83' lang='lat' dir='ltr'><strong>transactis</strong></span> <span class='ocrx_word' id='word_1_573' title='bbox 3156 3371 3466 3440; x_wconf 87' lang='lat' dir='ltr'><strong>temporibus</strong></span> <span class='ocrx_word' id='word_1_574' title='bbox 3501 3368 3697 3440; x_wconf 88' lang='lat' dir='ltr'><strong>Critici,</strong></span> <span class='ocrx_word' id='word_1_575' title='bbox 3730 3383 3862 3428; x_wconf 75' lang='lat' dir='ltr'><strong>vete-</strong></span> 
     </span>
    </p>
   </div>
   <div class='ocr_carea' id='block_1_78' title="bbox 2259 3460 3862 3530">
    <p class='ocr_par' dir='ltr' id='par_1_78' title="bbox 2259 3460 3862 3530">
     <span class='ocr_line' id='line_1_78' title="bbox 2259 3460 3862 3530; baseline 0.004 -18"><span class='ocrx_word' id='word_1_576' title='bbox 2259 3475 2377 3512; x_wconf 88' lang='lat' dir='ltr'><strong>rum</strong></span> <span class='ocrx_word' id='word_1_577' title='bbox 2421 3460 2614 3528; x_wconf 82' lang='lat' dir='ltr'><strong>scripta</strong></span> <span class='ocrx_word' id='word_1_578' title='bbox 2642 3460 2905 3530; x_wconf 86' lang='lat' dir='ltr'><strong>aliquanto</strong></span> <span class='ocrx_word' id='word_1_579' title='bbox 2947 3460 3125 3514; x_wconf 86' lang='lat' dir='ltr'><strong>melius</strong></span> <span class='ocrx_word' id='word_1_580' title='bbox 3156 3477 3601 3529; x_wconf 80' lang='lat' dir='ltr'><strong>pernosceremus;</strong></span> <span class='ocrx_word' id='word_1_581' title='bbox 3631 3464 3862 3519; x_wconf 87' lang='lat' dir='ltr'><strong>innume-</strong></span> 
     </span>
    </p>
   </div>
   <div class='ocr_carea' id='block_1_79' title="bbox 2260 3548 3862 3626">
    <p class='ocr_par' dir='ltr' id='par_1_79' title="bbox 2260 3548 3862 3626">
     <span class='ocr_line' id='line_1_79' title="bbox 2260 3548 3862 3626; baseline 0.001 -18"><span class='ocrx_word' id='word_1_582' title='bbox 2260 3571 2344 3608; x_wconf 88' lang='lat' dir='ltr'><strong>ros</strong></span> <span class='ocrx_word' id='word_1_583' title='bbox 2370 3554 2505 3608; x_wconf 89' lang='lat' dir='ltr'><strong>enim</strong></span> <span class='ocrx_word' id='word_1_584' title='bbox 2533 3555 2670 3608; x_wconf 85' lang='lat' dir='ltr'><strong>locos</strong></span> <span class='ocrx_word' id='word_1_585' title='bbox 2698 3570 2759 3607; x_wconf 83' lang='lat' dir='ltr'><strong>ea:</strong></span> <span class='ocrx_word' id='word_1_586' title='bbox 2794 3554 3006 3607; x_wconf 86' lang='lat' dir='ltr'><strong>arbitrio</strong></span> <span class='ocrx_word' id='word_1_587' title='bbox 3035 3555 3337 3622; x_wconf 81' lang='lat' dir='ltr'><strong>reﬁcientes,</strong></span> <span class='ocrx_word' id='word_1_588' title='bbox 3363 3557 3690 3626; x_wconf 88' lang='lat' dir='ltr'><strong>antiquorum</strong></span> <span class='ocrx_word' id='word_1_589' title='bbox 3719 3548 3862 3610; x_wconf 85' lang='lat' dir='ltr'><strong>codi-</strong></span> 
     </span>
    </p>
   </div>
   <div class='ocr_carea' id='block_1_80' title="bbox 2261 3644 3860 3702">
    <p class='ocr_par' dir='ltr' id='par_1_80' title="bbox 2261 3644 3860 3702">
     <span class='ocr_line' id='line_1_80' title="bbox 2261 3644 3860 3702; baseline 0.001 -1"><span class='ocrx_word' id='word_1_590' title='bbox 2261 3663 2377 3702; x_wconf 88' lang='lat' dir='ltr'><strong>cum</strong></span> <span class='ocrx_word' id='word_1_591' title='bbox 2407 3646 2644 3700; x_wconf 91' lang='lat' dir='ltr'><strong>lectiones</strong></span> <span class='ocrx_word' id='word_1_592' title='bbox 2675 3644 2818 3699; x_wconf 88' lang='lat' dir='ltr'><strong>nobis</strong></span> <span class='ocrx_word' id='word_1_593' title='bbox 2839 3645 3214 3700; x_wconf 75' lang='lat' dir='ltr'><strong>subduxerunt.</strong></span> <span class='ocrx_word' id='word_1_594' title='bbox 3240 3644 3424 3700; x_wconf 86' lang='lat' dir='ltr'><strong>Exiles</strong></span> <span class='ocrx_word' id='word_1_595' title='bbox 3454 3655 3632 3701; x_wconf 88' lang='lat' dir='ltr'><strong>autem</strong></span> <span class='ocrx_word' id='word_1_596' title='bbox 3661 3661 3725 3701; x_wconf 89' lang='lat' dir='ltr'><strong>ac</strong></span> <span class='ocrx_word' id='word_1_597' title='bbox 3754 3647 3860 3701; x_wconf 88' lang='lat' dir='ltr'><strong>mi-</strong></span> 
     </span>
    </p>
   </div>
   <div class='ocr_carea' id='block_1_81' title="bbox 2262 3736 3861 3808">
    <p class='ocr_par' dir='ltr' id='par_1_81' title="bbox 2262 3736 3861 3808">
     <span class='ocr_line' id='line_1_81' title="bbox 2262 3736 3861 3808; baseline 0.001 -15"><span class='ocrx_word' id='word_1_598' title='bbox 2262 3746 2420 3793; x_wconf 91' lang='lat' dir='ltr'><strong>nutas</strong></span> <span class='ocrx_word' id='word_1_599' title='bbox 2443 3736 2766 3808; x_wconf 84' lang='lat' dir='ltr'><strong>quandoque</strong></span> <span class='ocrx_word' id='word_1_600' title='bbox 2809 3736 3307 3791; x_wconf 85' lang='lat' dir='ltr'><strong>animadversiones</strong></span> <span class='ocrx_word' id='word_1_601' title='bbox 3351 3737 3644 3808; x_wconf 84' lang='lat' dir='ltr'><strong>culpandas</strong></span> <span class='ocrx_word' id='word_1_602' title='bbox 3699 3738 3753 3792; x_wconf 92' lang='lat' dir='ltr'><strong>in</strong></span> <span class='ocrx_word' id='word_1_603' title='bbox 3779 3738 3861 3794; x_wconf 90' lang='lat' dir='ltr'><strong>his</strong></span> 
     </span>
    </p>
   </div>
   <div class='ocr_carea' id='block_1_82' title="bbox 2261 3827 3861 3900">
    <p class='ocr_par' dir='ltr' id='par_1_82' title="bbox 2261 3827 3861 3900">
     <span class='ocr_line' id='line_1_82' title="bbox 2261 3827 3861 3900; baseline 0.001 -16"><span class='ocrx_word' id='word_1_604' title='bbox 2261 3831 2423 3885; x_wconf 88' lang='lat' dir='ltr'><strong>rebus</strong></span> <span class='ocrx_word' id='word_1_605' title='bbox 2444 3845 2550 3884; x_wconf 92' lang='lat' dir='ltr'><strong>non</strong></span> <span class='ocrx_word' id='word_1_606' title='bbox 2570 3844 2712 3896; x_wconf 89' lang='lat' dir='ltr'><strong>esse,</strong></span> <span class='ocrx_word' id='word_1_607' title='bbox 2728 3828 2812 3883; x_wconf 88' lang='lat' dir='ltr'><strong>vel</strong></span> <span class='ocrx_word' id='word_1_608' title='bbox 2829 3828 3268 3892; x_wconf 83' lang='lat' dir='ltr'><strong>contemnendas,</strong></span> <span class='ocrx_word' id='word_1_609' title='bbox 3291 3827 3524 3884; x_wconf 79' lang='lat' dir='ltr'><strong>Hilarius</strong></span> <span class='ocrx_word' id='word_1_610' title='bbox 3547 3831 3676 3900; x_wconf 88' lang='lat' dir='ltr'><strong>ipse,</strong></span> <span class='ocrx_word' id='word_1_611' title='bbox 3700 3845 3861 3900; x_wconf 88' lang='lat' dir='ltr'><strong>quem</strong></span> 
     </span>
    </p>
   </div>
   <div class='ocr_carea' id='block_1_83' title="bbox 2263 3919 3857 3992">
    <p class='ocr_par' dir='ltr' id='par_1_83' title="bbox 2263 3919 3857 3992">
     <span class='ocr_line' id='line_1_83' title="bbox 2263 3919 3857 3992; baseline 0.002 -17"><span class='ocrx_word' id='word_1_612' title='bbox 2263 3923 2614 3976; x_wconf 84' lang='lat' dir='ltr'><strong>doctissimum</strong></span> <span class='ocrx_word' id='word_1_613' title='bbox 2641 3919 2852 3975; x_wconf 87' lang='lat' dir='ltr'><strong>Patrem</strong></span> <span class='ocrx_word' id='word_1_614' title='bbox 2906 3920 3280 3975; x_wconf 88' lang='lat' dir='ltr'><strong>Cassiodorius</strong></span> <span class='ocrx_word' id='word_1_615' title='bbox 3327 3931 3617 3992; x_wconf 88' lang='lat' dir='ltr'><strong>nuncupat,</strong></span> <span class='ocrx_word' id='word_1_616' title='bbox 3667 3923 3857 3989; x_wconf 87' lang='lat' dir='ltr'><strong>docet;</strong></span> 
     </span>
    </p>
   </div>
   <div class='ocr_carea' id='block_1_84' title="bbox 2260 4011 3860 4083">
    <p class='ocr_par' dir='ltr' id='par_1_84' title="bbox 2260 4011 3860 4083">
     <span class='ocr_line' id='line_1_84' title="bbox 2260 4011 3860 4083; baseline -0.001 -14"><span class='ocrx_word' id='word_1_617' title='bbox 2260 4013 2516 4069; x_wconf 83' lang='lat' dir='ltr'><strong>Arianam</strong></span> <span class='ocrx_word' id='word_1_618' title='bbox 2534 4011 2677 4066; x_wconf 91' lang='lat' dir='ltr'><strong>enim</strong></span> <span class='ocrx_word' id='word_1_619' title='bbox 2695 4011 3025 4080; x_wconf 88' lang='lat' dir='ltr'><strong>impietatem</strong></span> <span class='ocrx_word' id='word_1_620' title='bbox 3044 4012 3301 4083; x_wconf 86' lang='lat' dir='ltr'><strong>increpat,</strong></span> <span class='ocrx_word' id='word_1_621' title='bbox 3325 4027 3444 4083; x_wconf 73' lang='lat' dir='ltr'><strong>qua:</strong></span> <span class='ocrx_word' id='word_1_622' title='bbox 3465 4029 3517 4067; x_wconf 89' lang='lat' dir='ltr'><strong>se</strong></span> <span class='ocrx_word' id='word_1_623' title='bbox 3537 4015 3605 4066; x_wconf 89' lang='lat' dir='ltr'><strong>ad</strong></span> <span class='ocrx_word' id='word_1_624' title='bbox 3625 4014 3860 4083; x_wconf 82' lang='lat' dir='ltr'><strong>fraudem</strong></span> 
     </span>
    </p>
   </div>
   <div class='ocr_carea' id='block_1_85' title="bbox 2259 4103 3808 4176">
    <p class='ocr_par' dir='ltr' id='par_1_85' title="bbox 2259 4103 3808 4176">
     <span class='ocr_line' id='line_1_85' title="bbox 2259 4103 3808 4176; baseline 0.001 -18"><span class='ocrx_word' id='word_1_625' title='bbox 2259 4103 2472 4174; x_wconf 81' lang='lat' dir='ltr'><strong>syllaba:</strong></span> <span class='ocrx_word' id='word_1_626' title='bbox 2491 4104 2795 4176; x_wconf 88' lang='lat' dir='ltr'><strong>adjectione,</strong></span> <span class='ocrx_word' id='word_1_627' title='bbox 2825 4119 2939 4173; x_wconf 71' lang='lat' dir='ltr'><strong>qua:</strong></span> <span class='ocrx_word' id='word_1_628' title='bbox 2965 4104 3018 4157; x_wconf 88' lang='lat' dir='ltr'><strong>in</strong></span> <span class='ocrx_word' id='word_1_629' title='bbox 3041 4104 3182 4158; x_wconf 88' lang='lat' dir='ltr'><strong>libris</strong></span> <span class='ocrx_word' id='word_1_630' title='bbox 3208 4121 3308 4158; x_wconf 91' lang='lat' dir='ltr'><strong>non</strong></span> <span class='ocrx_word' id='word_1_631' title='bbox 3335 4113 3518 4172; x_wconf 75' lang='lat' dir='ltr'><strong>exstat,</strong></span> <span class='ocrx_word' id='word_1_632' title='bbox 3545 4106 3808 4160; x_wconf 77' lang='lat' dir='ltr'><strong>instruxit.</strong></span> 
     </span>
    </p>
   </div>
   <div class='ocr_carea' id='block_1_86' title="bbox 2336 4195 3855 4271">
    <p class='ocr_par' dir='ltr' id='par_1_86' title="bbox 2336 4195 3855 4271">
     <span class='ocr_line' id='line_1_86' title="bbox 2336 4195 3855 4271; baseline 0.003 -21"><span class='ocrx_word' id='word_1_633' title='bbox 2336 4197 2448 4264; x_wconf 84' lang='lat' dir='ltr'><strong>Ego</strong></span> <span class='ocrx_word' id='word_1_634' title='bbox 2477 4195 2693 4265; x_wconf 91' lang='lat' dir='ltr'><strong>quidem</strong></span> <span class='ocrx_word' id='word_1_635' title='bbox 2731 4205 2841 4249; x_wconf 89' lang='lat' dir='ltr'><strong>tum</strong></span> <span class='ocrx_word' id='word_1_636' title='bbox 2867 4211 2932 4251; x_wconf 82' lang='lat' dir='ltr'><strong>ex</strong></span> <span class='ocrx_word' id='word_1_637' title='bbox 2961 4196 3200 4251; x_wconf 92' lang='lat' dir='ltr'><strong>omnium</strong></span> <span class='ocrx_word' id='word_1_638' title='bbox 3251 4197 3502 4267; x_wconf 88' lang='lat' dir='ltr'><strong>congerie</strong></span> <span class='ocrx_word' id='word_1_639' title='bbox 3529 4239 3544 4263; x_wconf 90' lang='lat'><strong>,</strong></span> <span class='ocrx_word' id='word_1_640' title='bbox 3573 4213 3693 4268; x_wconf 66' lang='lat' dir='ltr'><strong>qua:</strong></span> <span class='ocrx_word' id='word_1_641' title='bbox 3726 4199 3855 4271; x_wconf 77' lang='lat' dir='ltr'><strong>mihi</strong></span> 
     </span>
    </p>
   </div>
   <div class='ocr_carea' id='block_1_87' title="bbox 2261 4289 3856 4360">
    <p class='ocr_par' dir='ltr' id='par_1_87' title="bbox 2261 4289 3856 4360">
     <span class='ocr_line' id='line_1_87' title="bbox 2261 4289 3856 4360; baseline 0.002 -16"><span class='ocrx_word' id='word_1_642' title='bbox 2261 4289 2587 4344; x_wconf 64' lang='lat' dir='ltr'><strong>exhibenda:</strong></span> <span class='ocrx_word' id='word_1_643' title='bbox 2620 4289 2954 4355; x_wconf 87' lang='lat' dir='ltr'><strong>viderentur,</strong></span> <span class='ocrx_word' id='word_1_644' title='bbox 2985 4291 3278 4344; x_wconf 76' lang='lat' dir='ltr'><strong>varietates</strong></span> <span class='ocrx_word' id='word_1_645' title='bbox 3303 4305 3704 4360; x_wconf 76' lang='lat' dir='ltr'><strong>excerpseram,</strong></span> <span class='ocrx_word' id='word_1_646' title='bbox 3744 4299 3856 4348; x_wconf 89' lang='lat' dir='ltr'><strong>tum</strong></span> 
     </span>
    </p>
   </div>
   <div class='ocr_carea' id='block_1_88' title="bbox 2261 4381 3857 4455">
    <p class='ocr_par' dir='ltr' id='par_1_88' title="bbox 2261 4381 3857 4455">
     <span class='ocr_line' id='line_1_88' title="bbox 2261 4381 3857 4455; baseline 0.006 -23"><span class='ocrx_word' id='word_1_647' title='bbox 2261 4381 2722 4436; x_wconf 70' lang='lat' dir='ltr'><strong>adnomtiunculas</strong></span> <span class='ocrx_word' id='word_1_648' title='bbox 2749 4383 3029 4453; x_wconf 91' lang='lat' dir='ltr'><strong>quasdam,</strong></span> <span class='ocrx_word' id='word_1_649' title='bbox 3059 4384 3240 4454; x_wconf 89' lang='lat' dir='ltr'><strong>paucis</strong></span> <span class='ocrx_word' id='word_1_650' title='bbox 3263 4392 3441 4438; x_wconf 91' lang='lat' dir='ltr'><strong>tamen</strong></span> <span class='ocrx_word' id='word_1_651' title='bbox 3471 4384 3626 4450; x_wconf 87' lang='lat' dir='ltr'><strong>locis,</strong></span> <span class='ocrx_word' id='word_1_652' title='bbox 3645 4385 3857 4455; x_wconf 81' lang='lat' dir='ltr'><strong>adjece-</strong></span> 
     </span>
    </p>
   </div>
   <div class='ocr_carea' id='block_1_89' title="bbox 2262 4475 3856 4547">
    <p class='ocr_par' dir='ltr' id='par_1_89' title="bbox 2262 4475 3856 4547">
     <span class='ocr_line' id='line_1_89' title="bbox 2262 4475 3856 4547; baseline 0.003 -19"><span class='ocrx_word' id='word_1_653' title='bbox 2262 4490 2374 4528; x_wconf 90' lang='lat' dir='ltr'><strong>ram</strong></span> <span class='ocrx_word' id='word_1_654' title='bbox 2397 4484 2797 4530; x_wconf 88' lang='lat' dir='ltr'><strong>:verumtamen</strong></span> <span class='ocrx_word' id='word_1_655' title='bbox 2819 4491 2940 4530; x_wconf 92' lang='lat' dir='ltr'><strong>cum</strong></span> <span class='ocrx_word' id='word_1_656' title='bbox 2963 4475 3214 4532; x_wconf 87' lang='lat' dir='ltr'><strong>acciderit</strong></span> <span class='ocrx_word' id='word_1_657' title='bbox 3252 4492 3358 4543; x_wconf 87' lang='lat' dir='ltr'><strong>me,</strong></span> <span class='ocrx_word' id='word_1_658' title='bbox 3383 4486 3668 4547; x_wconf 86' lang='lat' dir='ltr'><strong>antequam</strong></span> <span class='ocrx_word' id='word_1_659' title='bbox 3693 4478 3856 4547; x_wconf 83' lang='lat' dir='ltr'><strong>praelo</strong></span> 
     </span>
    </p>
   </div>
   <div class='ocr_carea' id='block_1_90' title="bbox 547 4567 3856 4640">
    <p class='ocr_par' dir='ltr' id='par_1_90' title="bbox 547 4567 3856 4640">
     <span class='ocr_line' id='line_1_90' title="bbox 547 4567 3856 4640; baseline 0 -16"><span class='ocrx_word' id='word_1_660' title='bbox 547 4569 829 4640; x_wconf 89' lang='lat' dir='ltr'><strong>utriusque</strong></span> <span class='ocrx_word' id='word_1_661' title='bbox 844 4570 1078 4639; x_wconf 86' lang='lat' dir='ltr'><strong>Ariperti</strong></span> <span class='ocrx_word' id='word_1_662' title='bbox 1104 4586 1276 4625; x_wconf 83' lang='lat' dir='ltr'><strong>aevum</strong></span> <span class='ocrx_word' id='word_1_663' title='bbox 1300 4569 1460 4639; x_wconf 88' lang='lat' dir='ltr'><strong>longe</strong></span> <span class='ocrx_word' id='word_1_664' title='bbox 1487 4568 2154 4638; x_wconf 83' lang='lat' dir='ltr'><strong>antevertat,conjecturis</strong></span> <span class='ocrx_word' id='word_1_665' title='bbox 2181 4580 2235 4640; x_wconf 82' lang='lat'><strong>1)</strong></span> <span class='ocrx_word' id='word_1_666' title='bbox 2261 4567 2471 4638; x_wconf 86' lang='lat' dir='ltr'><strong>singula</strong></span> <span class='ocrx_word' id='word_1_667' title='bbox 2511 4568 2884 4634; x_wconf 87' lang='lat' dir='ltr'><strong>traderentur,</strong></span> <span class='ocrx_word' id='word_1_668' title='bbox 2926 4583 3149 4639; x_wconf 83' lang='lat' dir='ltr'><strong>peregre</strong></span> <span class='ocrx_word' id='word_1_669' title='bbox 3205 4568 3353 4624; x_wconf 83' lang='lat' dir='ltr'><strong>exire</strong></span> <span class='ocrx_word' id='word_1_670' title='bbox 3392 4577 3447 4623; x_wconf 87' lang='lat' dir='ltr'><strong>et</strong></span> <span class='ocrx_word' id='word_1_671' title='bbox 3485 4568 3856 4639; x_wconf 89' lang='lat' dir='ltr'><strong>impressionis</strong></span> 
     </span>
    </p>
   </div>
   <div class='ocr_carea' id='block_1_91' title="bbox 548 4662 2155 4735">
    <p class='ocr_par' dir='ltr' id='par_1_91' title="bbox 548 4662 2155 4735">
     <span class='ocr_line' id='line_1_91' title="bbox 548 4662 2155 4735; baseline -0.001 -18"><span class='ocrx_word' id='word_1_672' title='bbox 548 4662 823 4718; x_wconf 82' lang='lat' dir='ltr'><strong>ﬁdendum</strong></span> <span class='ocrx_word' id='word_1_673' title='bbox 857 4663 1035 4730; x_wconf 91' lang='lat' dir='ltr'><strong>nullis,</strong></span> <span class='ocrx_word' id='word_1_674' title='bbox 1059 4673 1220 4735; x_wconf 89' lang='lat' dir='ltr'><strong>atque</strong></span> <span class='ocrx_word' id='word_1_675' title='bbox 1248 4664 1459 4719; x_wconf 92' lang='lat' dir='ltr'><strong>indiciis</strong></span> <span class='ocrx_word' id='word_1_676' title='bbox 1491 4663 1921 4734; x_wconf 87' lang='lat' dir='ltr'><strong>quibuscumque</strong></span> <span class='ocrx_word' id='word_1_677' title='bbox 1946 4663 2155 4717; x_wconf 86' lang='lat' dir='ltr'><strong>tutiori-</strong></span> 
     </span>
    </p>
   </div>
   <div class='ocr_carea' id='block_1_92' title="bbox 548 4753 2155 4824">
    <p class='ocr_par' dir='ltr' id='par_1_92' title="bbox 548 4753 2155 4824">
     <span class='ocr_line' id='line_1_92' title="bbox 548 4753 2155 4824; baseline -0.002 -15"><span class='ocrx_word' id='word_1_678' title='bbox 548 4755 654 4809; x_wconf 89' lang='lat' dir='ltr'><strong>bus</strong></span> <span class='ocrx_word' id='word_1_679' title='bbox 685 4756 739 4809; x_wconf 94' lang='lat' dir='ltr'><strong>in</strong></span> <span class='ocrx_word' id='word_1_680' title='bbox 768 4764 1043 4824; x_wconf 90' lang='lat' dir='ltr'><strong>posterum</strong></span> <span class='ocrx_word' id='word_1_681' title='bbox 1086 4755 1495 4811; x_wconf 89' lang='lat' dir='ltr'><strong>valedicendum</strong></span> <span class='ocrx_word' id='word_1_682' title='bbox 1537 4769 1551 4808; x_wconf 93' lang='lat'>:</span> <span class='ocrx_word' id='word_1_683' title='bbox 1587 4769 1760 4824; x_wconf 90' lang='lat' dir='ltr'><strong>neque</strong></span> <span class='ocrx_word' id='word_1_684' title='bbox 1797 4755 1939 4808; x_wconf 87' lang='lat' dir='ltr'><strong>enim</strong></span> <span class='ocrx_word' id='word_1_685' title='bbox 1982 4753 2047 4807; x_wconf 91' lang='lat' dir='ltr'><strong>ad</strong></span> <span class='ocrx_word' id='word_1_686' title='bbox 2075 4755 2155 4822; x_wconf 91' lang='lat' dir='ltr'><strong>ip-</strong></span> 
     </span>
    </p>
   </div>
   <div class='ocr_carea' id='block_1_93' title="bbox 545 4848 2153 4918">
    <p class='ocr_par' dir='ltr' id='par_1_93' title="bbox 545 4848 2153 4918">
     <span class='ocr_line' id='line_1_93' title="bbox 545 4848 2153 4918; baseline -0.001 -15"><span class='ocrx_word' id='word_1_687' title='bbox 545 4861 670 4903; x_wconf 82' lang='lat' dir='ltr'><strong>sum</strong></span> <span class='ocrx_word' id='word_1_688' title='bbox 691 4849 956 4916; x_wconf 90' lang='lat' dir='ltr'><strong>codicem,</strong></span> <span class='ocrx_word' id='word_1_689' title='bbox 989 4851 1072 4904; x_wconf 90' lang='lat' dir='ltr'><strong>vel</strong></span> <span class='ocrx_word' id='word_1_690' title='bbox 1099 4849 1167 4904; x_wconf 88' lang='lat' dir='ltr'><strong>ad</strong></span> <span class='ocrx_word' id='word_1_691' title='bbox 1204 4850 1322 4918; x_wconf 91' lang='lat' dir='ltr'><strong>ejus</strong></span> <span class='ocrx_word' id='word_1_692' title='bbox 1351 4863 1737 4904; x_wconf 90' lang='lat' dir='ltr'><strong>amanuensem</strong></span> <span class='ocrx_word' id='word_1_693' title='bbox 1761 4864 1820 4904; x_wconf 90' lang='lat' dir='ltr'><strong>ea</strong></span> <span class='ocrx_word' id='word_1_694' title='bbox 1844 4848 2153 4902; x_wconf 81' lang='lat' dir='ltr'><strong>referuntur</strong></span> 
     </span>
    </p>
   </div>
   <div class='ocr_carea' id='block_1_94' title="bbox 545 4941 2152 5012">
    <p class='ocr_par' dir='ltr' id='par_1_94' title="bbox 545 4941 2152 5012">
     <span class='ocr_line' id='line_1_94' title="bbox 545 4941 2152 5012; baseline 0.002 -18"><span class='ocrx_word' id='word_1_695' title='bbox 545 4941 734 5007; x_wconf 87' lang='lat' dir='ltr'><strong>verba,</strong></span> <span class='ocrx_word' id='word_1_696' title='bbox 773 4941 868 4996; x_wconf 91' lang='lat' dir='ltr'><strong>sed</strong></span> <span class='ocrx_word' id='word_1_697' title='bbox 909 4951 966 4996; x_wconf 94' lang='lat' dir='ltr'><strong>ut</strong></span> <span class='ocrx_word' id='word_1_698' title='bbox 1003 4958 1035 4997; x_wconf 90' lang='lat' dir='ltr'><strong>e</strong></span> <span class='ocrx_word' id='word_1_699' title='bbox 1077 4942 1197 4997; x_wconf 91' lang='lat' dir='ltr'><strong>loco</strong></span> <span class='ocrx_word' id='word_1_700' title='bbox 1243 4951 1300 4997; x_wconf 88' lang='lat' dir='ltr'><strong>et</strong></span> <span class='ocrx_word' id='word_1_701' title='bbox 1329 4941 1489 4995; x_wconf 90' lang='lat' dir='ltr'><strong>modo</strong></span> <span class='ocrx_word' id='word_1_702' title='bbox 1518 4956 1738 5012; x_wconf 89' lang='lat' dir='ltr'><strong>prorsus</strong></span> <span class='ocrx_word' id='word_1_703' title='bbox 1767 4949 1999 5006; x_wconf 86' lang='lat' dir='ltr'><strong>constat,</strong></span> <span class='ocrx_word' id='word_1_704' title='bbox 2040 4941 2152 4997; x_wconf 82' lang='lat' dir='ltr'><strong>sive</strong></span> 
     </span>
    </p>
   </div>
   <div class='ocr_carea' id='block_1_95' title="bbox 542 5034 2150 5105">
    <p class='ocr_par' dir='ltr' id='par_1_95' title="bbox 542 5034 2150 5105">
     <span class='ocr_line' id='line_1_95' title="bbox 542 5034 2150 5105; baseline -0.001 -15"><span class='ocrx_word' id='word_1_705' title='bbox 542 5035 708 5091; x_wconf 89' lang='lat' dir='ltr'><strong>Builii</strong></span> <span class='ocrx_word' id='word_1_706' title='bbox 729 5034 978 5102; x_wconf 82' lang='lat' dir='ltr'><strong>Abbatis,</strong></span> <span class='ocrx_word' id='word_1_707' title='bbox 1010 5036 1130 5092; x_wconf 87' lang='lat' dir='ltr'><strong>sive</strong></span> <span class='ocrx_word' id='word_1_708' title='bbox 1159 5035 1320 5090; x_wconf 91' lang='lat' dir='ltr'><strong>otiosi</strong></span> <span class='ocrx_word' id='word_1_709' title='bbox 1359 5035 1656 5105; x_wconf 73' lang='lat' dir='ltr'><strong>cuiuspiam</strong></span> <span class='ocrx_word' id='word_1_710' title='bbox 1687 5035 1836 5088; x_wconf 92' lang='lat' dir='ltr'><strong>lusus</strong></span> <span class='ocrx_word' id='word_1_711' title='bbox 1866 5034 1959 5088; x_wconf 86' lang='lat' dir='ltr'><strong>luit</strong></span> <span class='ocrx_word' id='word_1_712' title='bbox 1983 5049 2150 5088; x_wconf 83' lang='lat' dir='ltr'><strong>vacuo</strong></span> 
     </span>
    </p>
   </div>
   <div class='ocr_carea' id='block_1_96' title="bbox 544 5126 2150 5198">
    <p class='ocr_par' dir='ltr' id='par_1_96' title="bbox 544 5126 2150 5198">
     <span class='ocr_line' id='line_1_96' title="bbox 544 5126 2150 5198; baseline 0.001 -17"><span class='ocrx_word' id='word_1_713' title='bbox 544 5127 642 5182; x_wconf 90' lang='lat' dir='ltr'><strong>illo</strong></span> <span class='ocrx_word' id='word_1_714' title='bbox 666 5127 840 5196; x_wconf 89' lang='lat' dir='ltr'><strong>spatio</strong></span> <span class='ocrx_word' id='word_1_715' title='bbox 861 5127 1154 5195; x_wconf 87' lang='lat' dir='ltr'><strong>abutentis,</strong></span> <span class='ocrx_word' id='word_1_716' title='bbox 1178 5126 1321 5198; x_wconf 90' lang='lat' dir='ltr'><strong>quod</strong></span> <span class='ocrx_word' id='word_1_717' title='bbox 1345 5127 1397 5181; x_wconf 93' lang='lat' dir='ltr'><strong>in</strong></span> <span class='ocrx_word' id='word_1_718' title='bbox 1432 5126 1703 5197; x_wconf 88' lang='lat' dir='ltr'><strong>plerisque</strong></span> <span class='ocrx_word' id='word_1_719' title='bbox 1729 5129 1890 5181; x_wconf 91' lang='lat' dir='ltr'><strong>etiam</strong></span> <span class='ocrx_word' id='word_1_720' title='bbox 1924 5128 2150 5196; x_wconf 88' lang='lat' dir='ltr'><strong>impres-</strong></span> 
     </span>
    </p>
   </div>
   <div class='ocr_carea' id='block_1_97' title="bbox 539 5216 2150 5289">
    <p class='ocr_par' dir='ltr' id='par_1_97' title="bbox 539 5216 2150 5289">
     <span class='ocr_line' id='line_1_97' title="bbox 539 5216 2150 5289; baseline 0 -16"><span class='ocrx_word' id='word_1_721' title='bbox 539 5217 619 5273; x_wconf 84' lang='lat' dir='ltr'><strong>sis</strong></span> <span class='ocrx_word' id='word_1_722' title='bbox 642 5216 792 5272; x_wconf 87' lang='lat' dir='ltr'><strong>libris</strong></span> <span class='ocrx_word' id='word_1_723' title='bbox 820 5231 1108 5274; x_wconf 86' lang='lat' dir='ltr'><strong>occurrere</strong></span> <span class='ocrx_word' id='word_1_724' title='bbox 1149 5217 1440 5289; x_wconf 90' lang='lat' dir='ltr'><strong>aliquando</strong></span> <span class='ocrx_word' id='word_1_725' title='bbox 1468 5217 1629 5272; x_wconf 88' lang='lat' dir='ltr'><strong>solet.</strong></span> <span class='ocrx_word' id='word_1_726' title='bbox 1661 5218 1810 5272; x_wconf 87' lang='lat' dir='ltr'><strong>Alios</strong></span> <span class='ocrx_word' id='word_1_727' title='bbox 1837 5228 2025 5273; x_wconf 91' lang='lat' dir='ltr'><strong>contra</strong></span> <span class='ocrx_word' id='word_1_728' title='bbox 2050 5235 2150 5273; x_wconf 82' lang='lat' dir='ltr'><strong>au-</strong></span> 
     </span>
    </p>
   </div>
   <div class='ocr_carea' id='block_1_98' title="bbox 541 5308 2148 5380">
    <p class='ocr_par' dir='ltr' id='par_1_98' title="bbox 541 5308 2148 5380">
     <span class='ocr_line' id='line_1_98' title="bbox 541 5308 2148 5380; baseline 0.001 -17"><span class='ocrx_word' id='word_1_729' title='bbox 541 5308 675 5374; x_wconf 90' lang='lat' dir='ltr'><strong>divi,</strong></span> <span class='ocrx_word' id='word_1_730' title='bbox 703 5324 770 5364; x_wconf 92' lang='lat' dir='ltr'><strong>eo</strong></span> <span class='ocrx_word' id='word_1_731' title='bbox 795 5310 938 5380; x_wconf 91' lang='lat' dir='ltr'><strong>quod</strong></span> <span class='ocrx_word' id='word_1_732' title='bbox 975 5310 1241 5380; x_wconf 82' lang='lat' dir='ltr'><strong>nigrescat</strong></span> <span class='ocrx_word' id='word_1_733' title='bbox 1281 5309 1472 5366; x_wconf 91' lang='lat' dir='ltr'><strong>horum</strong></span> <span class='ocrx_word' id='word_1_734' title='bbox 1517 5309 1823 5374; x_wconf 85' lang='lat' dir='ltr'><strong>verborum,</strong></span> <span class='ocrx_word' id='word_1_735' title='bbox 1863 5308 1979 5365; x_wconf 79' lang='lat' dir='ltr'><strong>fere</strong></span> <span class='ocrx_word' id='word_1_736' title='bbox 2010 5319 2066 5364; x_wconf 91' lang='lat' dir='ltr'><strong>ut</strong></span> <span class='ocrx_word' id='word_1_737' title='bbox 2097 5311 2148 5364; x_wconf 93' lang='lat' dir='ltr'><strong>in</strong></span> 
     </span>
    </p>
   </div>
   <div class='ocr_carea' id='block_1_99' title="bbox 543 5398 2146 5470">
    <p class='ocr_par' dir='ltr' id='par_1_99' title="bbox 543 5398 2146 5470">
     <span class='ocr_line' id='line_1_99' title="bbox 543 5398 2146 5470; baseline 0.002 -18"><span class='ocrx_word' id='word_1_738' title='bbox 543 5398 823 5454; x_wconf 84' lang='lat' dir='ltr'><strong>bodiernis</strong></span> <span class='ocrx_word' id='word_1_739' title='bbox 883 5401 1185 5470; x_wconf 89' lang='lat' dir='ltr'><strong>scripturis,</strong></span> <span class='ocrx_word' id='word_1_740' title='bbox 1222 5411 1624 5468; x_wconf 89' lang='lat' dir='ltr'><strong>atramentum,</strong></span> <span class='ocrx_word' id='word_1_741' title='bbox 1678 5409 1924 5457; x_wconf 90' lang='lat' dir='ltr'><strong>recenter</strong></span> <span class='ocrx_word' id='word_1_742' title='bbox 1965 5399 2146 5456; x_wconf 90' lang='lat' dir='ltr'><strong>addita</strong></span> 
     </span>
    </p>
   </div>
   <div class='ocr_carea' id='block_1_100' title="bbox 543 5490 2150 5561">
    <p class='ocr_par' dir='ltr' id='par_1_100' title="bbox 543 5490 2150 5561">
     <span class='ocr_line' id='line_1_100' title="bbox 543 5490 2150 5561; baseline 0.005 -19"><span class='ocrx_word' id='word_1_743' title='bbox 543 5490 710 5546; x_wconf 78' lang='lat' dir='ltr'><strong>fuisse</strong></span> <span class='ocrx_word' id='word_1_744' title='bbox 731 5506 1014 5561; x_wconf 88' lang='lat' dir='ltr'><strong>perperam</strong></span> <span class='ocrx_word' id='word_1_745' title='bbox 1044 5493 1416 5550; x_wconf 79' lang='lat' dir='ltr'><strong>existimantes</strong></span> <span class='ocrx_word' id='word_1_746' title='bbox 1461 5512 1475 5548; x_wconf 89' lang='lat'><strong>:</strong></span> <span class='ocrx_word' id='word_1_747' title='bbox 1508 5494 1583 5549; x_wconf 91' lang='lat' dir='ltr'><strong>ita</strong></span> <span class='ocrx_word' id='word_1_748' title='bbox 1632 5495 1886 5550; x_wconf 86' lang='lat' dir='ltr'><strong>nimirum</strong></span> <span class='ocrx_word' id='word_1_749' title='bbox 1915 5497 1966 5548; x_wconf 92' lang='lat' dir='ltr'><strong>in</strong></span> <span class='ocrx_word' id='word_1_750' title='bbox 1996 5509 2150 5550; x_wconf 89' lang='lat' dir='ltr'><strong>erro-</strong></span> 
     </span>
    </p>
   </div>
   <div class='ocr_carea' id='block_1_101' title="bbox 541 5584 2146 5659">
    <p class='ocr_par' dir='ltr' id='par_1_101' title="bbox 541 5584 2146 5659">
     <span class='ocr_line' id='line_1_101' title="bbox 541 5584 2146 5659; baseline 0.003 -21"><span class='ocrx_word' id='word_1_751' title='bbox 541 5597 661 5638; x_wconf 85' lang='lat' dir='ltr'><strong>rem</strong></span> <span class='ocrx_word' id='word_1_752' title='bbox 687 5584 837 5650; x_wconf 87' lang='lat' dir='ltr'><strong>proni</strong></span> <span class='ocrx_word' id='word_1_753' title='bbox 861 5593 1121 5652; x_wconf 89' lang='lat' dir='ltr'><strong>perpetuo</strong></span> <span class='ocrx_word' id='word_1_754' title='bbox 1143 5594 1290 5653; x_wconf 88' lang='lat' dir='ltr'><strong>sunt,</strong></span> <span class='ocrx_word' id='word_1_755' title='bbox 1318 5587 1645 5658; x_wconf 91' lang='lat' dir='ltr'><strong>quicumque</strong></span> <span class='ocrx_word' id='word_1_756' title='bbox 1667 5603 1774 5642; x_wconf 90' lang='lat' dir='ltr'><strong>non</strong></span> <span class='ocrx_word' id='word_1_757' title='bbox 1804 5587 1982 5642; x_wconf 88' lang='lat' dir='ltr'><strong>omnia</strong></span> <span class='ocrx_word' id='word_1_758' title='bbox 2014 5604 2146 5659; x_wconf 88' lang='lat' dir='ltr'><strong>pen-</strong></span> 
     </span>
    </p>
   </div>
   <div class='ocr_carea' id='block_1_102' title="bbox 541 5675 2144 5747">
    <p class='ocr_par' dir='ltr' id='par_1_102' title="bbox 541 5675 2144 5747">
     <span class='ocr_line' id='line_1_102' title="bbox 541 5675 2144 5747; baseline 0.005 -17"><span class='ocrx_word' id='word_1_759' title='bbox 541 5675 728 5739; x_wconf 88' lang='lat' dir='ltr'><strong>sitant,</strong></span> <span class='ocrx_word' id='word_1_760' title='bbox 763 5683 818 5729; x_wconf 93' lang='lat' dir='ltr'><strong>et</strong></span> <span class='ocrx_word' id='word_1_761' title='bbox 854 5690 961 5729; x_wconf 91' lang='lat' dir='ltr'><strong>uno</strong></span> <span class='ocrx_word' id='word_1_762' title='bbox 991 5683 1199 5732; x_wconf 90' lang='lat' dir='ltr'><strong>tantum</strong></span> <span class='ocrx_word' id='word_1_763' title='bbox 1249 5687 1569 5747; x_wconf 84' lang='lat' dir='ltr'><strong>argumento</strong></span> <span class='ocrx_word' id='word_1_764' title='bbox 1596 5680 1740 5737; x_wconf 91' lang='lat' dir='ltr'><strong>ducti</strong></span> <span class='ocrx_word' id='word_1_765' title='bbox 1777 5681 1832 5737; x_wconf 91' lang='lat' dir='ltr'><strong>in</strong></span> <span class='ocrx_word' id='word_1_766' title='bbox 1857 5680 1943 5738; x_wconf 89' lang='lat' dir='ltr'><strong>his</strong></span> <span class='ocrx_word' id='word_1_767' title='bbox 1982 5681 2144 5738; x_wconf 89' lang='lat' dir='ltr'><strong>rebus</strong></span> 
     </span>
    </p>
   </div>
   <div class='ocr_carea' id='block_1_103' title="bbox 539 5764 1057 5837">
    <p class='ocr_par' dir='ltr' id='par_1_103' title="bbox 539 5764 1057 5837">
     <span class='ocr_line' id='line_1_103' title="bbox 539 5764 1057 5837; baseline 0.002 -18"><span class='ocrx_word' id='word_1_768' title='bbox 539 5764 808 5822; x_wconf 85' lang='lat' dir='ltr'><strong>calculum</strong></span> <span class='ocrx_word' id='word_1_769' title='bbox 831 5775 1057 5837; x_wconf 89' lang='lat' dir='ltr'><strong>ponunt.</strong></span> 
     </span>
    </p>
   </div>
   <div class='ocr_carea' id='block_1_104' title="bbox 2259 4661 3852 4734">
    <p class='ocr_par' dir='ltr' id='par_1_104' title="bbox 2259 4661 3852 4734">
     <span class='ocr_line' id='line_1_104' title="bbox 2259 4661 3852 4734; baseline 0.001 -20"><span class='ocrx_word' id='word_1_770' title='bbox 2259 4671 2499 4731; x_wconf 88' lang='lat' dir='ltr'><strong>tempore</strong></span> <span class='ocrx_word' id='word_1_771' title='bbox 2526 4661 2736 4728; x_wconf 86' lang='lat' dir='ltr'><strong>abesse,</strong></span> <span class='ocrx_word' id='word_1_772' title='bbox 2765 4663 3144 4734; x_wconf 87' lang='lat' dir='ltr'><strong>autographas,</strong></span> <span class='ocrx_word' id='word_1_773' title='bbox 3167 4678 3300 4733; x_wconf 90' lang='lat' dir='ltr'><strong>quas</strong></span> <span class='ocrx_word' id='word_1_774' title='bbox 3319 4663 3573 4719; x_wconf 90' lang='lat' dir='ltr'><strong>dederam</strong></span> <span class='ocrx_word' id='word_1_775' title='bbox 3601 4662 3852 4731; x_wconf 86' lang='lat' dir='ltr'><strong>schedas,</strong></span> 
     </span>
    </p>
   </div>
   <div class='ocr_carea' id='block_1_105' title="bbox 2257 4753 3850 4826">
    <p class='ocr_par' dir='ltr' id='par_1_105' title="bbox 2257 4753 3850 4826">
     <span class='ocr_line' id='line_1_105' title="bbox 2257 4753 3850 4826; baseline 0.003 -20"><span class='ocrx_word' id='word_1_776' title='bbox 2257 4753 2347 4822; x_wconf 90' lang='lat' dir='ltr'><strong>qui</strong></span> <span class='ocrx_word' id='word_1_777' title='bbox 2394 4754 2576 4823; x_wconf 91' lang='lat' dir='ltr'><strong>operis</strong></span> <span class='ocrx_word' id='word_1_778' title='bbox 2633 4762 2690 4808; x_wconf 89' lang='lat' dir='ltr'><strong>et</strong></span> <span class='ocrx_word' id='word_1_779' title='bbox 2732 4754 3093 4810; x_wconf 88' lang='lat' dir='ltr'><strong>emendationi</strong></span> <span class='ocrx_word' id='word_1_780' title='bbox 3143 4766 3406 4825; x_wconf 73' lang='lat' dir='ltr'><strong>praeerant</strong></span> <span class='ocrx_word' id='word_1_781' title='bbox 3449 4755 3518 4810; x_wconf 88' lang='lat' dir='ltr'><strong>ob</strong></span> <span class='ocrx_word' id='word_1_782' title='bbox 3563 4755 3850 4826; x_wconf 84' lang='lat' dir='ltr'><strong>implexam</strong></span> 
     </span>
    </p>
   </div>
   <div class='ocr_carea' id='block_1_106' title="bbox 2257 4846 3846 4920">
    <p class='ocr_par' dir='ltr' id='par_1_106' title="bbox 2257 4846 3846 4920">
     <span class='ocr_line' id='line_1_106' title="bbox 2257 4846 3846 4920; baseline 0.001 -20"><span class='ocrx_word' id='word_1_783' title='bbox 2257 4846 2577 4915; x_wconf 88' lang='lat' dir='ltr'><strong>scripturam</strong></span> <span class='ocrx_word' id='word_1_784' title='bbox 2619 4860 2953 4915; x_wconf 87' lang='lat' dir='ltr'><strong>nequaquam</strong></span> <span class='ocrx_word' id='word_1_785' title='bbox 2985 4857 3336 4917; x_wconf 87' lang='lat' dir='ltr'><strong>assequentes</strong></span> <span class='ocrx_word' id='word_1_786' title='bbox 3357 4888 3371 4913; x_wconf 95' lang='lat'><strong>,</strong></span> <span class='ocrx_word' id='word_1_787' title='bbox 3409 4847 3653 4920; x_wconf 63' lang='lat' dir='ltr'><strong>quaedam</strong></span> <span class='ocrx_word' id='word_1_788' title='bbox 3683 4847 3846 4903; x_wconf 88' lang='lat' dir='ltr'><strong>omit-</strong></span> 
     </span>
    </p>
   </div>
   <div class='ocr_carea' id='block_1_107' title="bbox 2256 4937 3848 5008">
    <p class='ocr_par' dir='ltr' id='par_1_107' title="bbox 2256 4937 3848 5008">
     <span class='ocr_line' id='line_1_107' title="bbox 2256 4937 3848 5008; baseline 0.003 -17"><span class='ocrx_word' id='word_1_789' title='bbox 2256 4944 2372 4992; x_wconf 89' lang='lat' dir='ltr'><strong>tere</strong></span> <span class='ocrx_word' id='word_1_790' title='bbox 2404 4937 2578 4992; x_wconf 90' lang='lat' dir='ltr'><strong>eoacti</strong></span> <span class='ocrx_word' id='word_1_791' title='bbox 2615 4949 2773 5003; x_wconf 87' lang='lat' dir='ltr'><strong>sunt,</strong></span> <span class='ocrx_word' id='word_1_792' title='bbox 2823 4937 3068 5007; x_wconf 64' lang='lat' dir='ltr'><strong>quaedam</strong></span> <span class='ocrx_word' id='word_1_793' title='bbox 3111 4938 3384 5008; x_wconf 91' lang='lat' dir='ltr'><strong>aliquanto</strong></span> <span class='ocrx_word' id='word_1_794' title='bbox 3435 4941 3744 4995; x_wconf 87' lang='lat' dir='ltr'><strong>imnmtare.</strong></span> <span class='ocrx_word' id='word_1_795' title='bbox 3790 4940 3848 4996; x_wconf 90' lang='lat' dir='ltr'><strong>Id</strong></span> 
     </span>
    </p>
   </div>
   <div class='ocr_carea' id='block_1_108' title="bbox 2254 5028 3844 5105">
    <p class='ocr_par' dir='ltr' id='par_1_108' title="bbox 2254 5028 3844 5105">
     <span class='ocr_line' id='line_1_108' title="bbox 2254 5028 3844 5105; baseline 0.002 -21"><span class='ocrx_word' id='word_1_796' title='bbox 2254 5044 2388 5085; x_wconf 89' lang='lat' dir='ltr'><strong>vero</strong></span> <span class='ocrx_word' id='word_1_797' title='bbox 2427 5028 2639 5084; x_wconf 85' lang='lat' dir='ltr'><strong>etiamsi</strong></span> <span class='ocrx_word' id='word_1_798' title='bbox 2677 5044 2864 5098; x_wconf 88' lang='lat' dir='ltr'><strong>parum</strong></span> <span class='ocrx_word' id='word_1_799' title='bbox 2905 5029 3141 5096; x_wconf 82' lang='lat' dir='ltr'><strong>referat,</strong></span> <span class='ocrx_word' id='word_1_800' title='bbox 3175 5040 3302 5105; x_wconf 78' lang='lat' dir='ltr'><strong>sunt</strong></span> <span class='ocrx_word' id='word_1_801' title='bbox 3341 5032 3433 5102; x_wconf 91' lang='lat' dir='ltr'><strong>qui</strong></span> <span class='ocrx_word' id='word_1_802' title='bbox 3475 5046 3564 5087; x_wconf 90' lang='lat' dir='ltr'><strong>me</strong></span> <span class='ocrx_word' id='word_1_803' title='bbox 3598 5031 3844 5102; x_wconf 82' lang='lat' dir='ltr'><strong>adigant,</strong></span> 
     </span>
    </p>
   </div>
   <div class='ocr_carea' id='block_1_109' title="bbox 2255 5119 3847 5195">
    <p class='ocr_par' dir='ltr' id='par_1_109' title="bbox 2255 5119 3847 5195">
     <span class='ocr_line' id='line_1_109' title="bbox 2255 5119 3847 5195; baseline 0.003 -19"><span class='ocrx_word' id='word_1_804' title='bbox 2255 5130 2314 5176; x_wconf 91' lang='lat' dir='ltr'><strong>ut</strong></span> <span class='ocrx_word' id='word_1_805' title='bbox 2368 5135 2438 5177; x_wconf 84' lang='lat' dir='ltr'><strong>ex</strong></span> <span class='ocrx_word' id='word_1_806' title='bbox 2490 5119 2872 5191; x_wconf 74' lang='lat' dir='ltr'><strong>praetermissis</strong></span> <span class='ocrx_word' id='word_1_807' title='bbox 2913 5130 3004 5174; x_wconf 89' lang='lat' dir='ltr'><strong>aut</strong></span> <span class='ocrx_word' id='word_1_808' title='bbox 3052 5122 3387 5193; x_wconf 87' lang='lat' dir='ltr'><strong>interpolatis</strong></span> <span class='ocrx_word' id='word_1_809' title='bbox 3437 5124 3523 5180; x_wconf 89' lang='lat' dir='ltr'><strong>hic</strong></span> <span class='ocrx_word' id='word_1_810' title='bbox 3561 5131 3847 5195; x_wconf 88' lang='lat' dir='ltr'><strong>sequentes</strong></span> 
     </span>
    </p>
   </div>
   <div class='ocr_carea' id='block_1_110' title="bbox 2255 5211 3175 5283">
    <p class='ocr_par' dir='ltr' id='par_1_110' title="bbox 2255 5211 3175 5283">
     <span class='ocr_line' id='line_1_110' title="bbox 2255 5211 3175 5283; baseline 0 -15"><span class='ocrx_word' id='word_1_811' title='bbox 2255 5211 2558 5268; x_wconf 80' lang='lat' dir='ltr'><strong>exhibeam.</strong></span> <span class='ocrx_word' id='word_1_812' title='bbox 2591 5211 2998 5282; x_wconf 85' lang='lat' dir='ltr'><strong>Adscripseram</strong></span> <span class='ocrx_word' id='word_1_813' title='bbox 3027 5227 3175 5283; x_wconf 90' lang='lat' dir='ltr'><strong>ergo.</strong></span> 
     </span>
    </p>
   </div>
   <div class='ocr_carea' id='block_1_111' title="bbox 2325 5348 3848 5424">
    <p class='ocr_par' dir='ltr' id='par_1_111' title="bbox 2325 5348 3848 5424">
     <span class='ocr_line' id='line_1_111' title="bbox 2325 5348 3848 5424; baseline 0.004 -20"><span class='ocrx_word' id='word_1_814' title='bbox 2325 5348 2443 5424; x_wconf 80' lang='lat' dir='ltr'><strong>col.</strong></span> <span class='ocrx_word' id='word_1_815' title='bbox 2492 5349 2590 5417; x_wconf 82' lang='grc'><strong>15,</strong></span> <span class='ocrx_word' id='word_1_816' title='bbox 2631 5350 2684 5424; x_wconf 70' lang='lat' dir='ltr'><strong>t.</strong></span> <span class='ocrx_word' id='word_1_817' title='bbox 2715 5349 2900 5424; x_wconf 74' lang='lat' dir='ltr'><strong>l’riore</strong></span> <span class='ocrx_word' id='word_1_818' title='bbox 2925 5348 3270 5424; x_wconf 81' lang='lat' dir='ltr'><strong>_Veronensis</strong></span> <span class='ocrx_word' id='word_1_819' title='bbox 3328 5351 3451 5408; x_wconf 89' lang='lat' dir='ltr'><strong>libri</strong></span> <span class='ocrx_word' id='word_1_820' title='bbox 3493 5355 3848 5424; x_wconf 89' lang='lat' dir='ltr'><strong>quaternione</strong></span> 
     </span>
    </p>
   </div>
   <div class='ocr_carea' id='block_1_112' title="bbox 2253 5419 3848 5493">
    <p class='ocr_par' dir='ltr' id='par_1_112' title="bbox 2253 5419 3848 5493">
     <span class='ocr_line' id='line_1_112' title="bbox 2253 5419 3848 5493; baseline 0.005 -20"><span class='ocrx_word' id='word_1_821' title='bbox 2253 5419 2498 5476; x_wconf 91' lang='lat' dir='ltr'><strong>abscisso</strong></span> <span class='ocrx_word' id='word_1_822' title='bbox 2519 5461 2534 5484; x_wconf 94' lang='lat'><strong>,</strong></span> <span class='ocrx_word' id='word_1_823' title='bbox 2574 5420 2893 5493; x_wconf 84' lang='lat' dir='ltr'><strong>variantium</strong></span> <span class='ocrx_word' id='word_1_824' title='bbox 2925 5420 3216 5476; x_wconf 88' lang='lat' dir='ltr'><strong>lectionum</strong></span> <span class='ocrx_word' id='word_1_825' title='bbox 3261 5425 3430 5493; x_wconf 88' lang='lat' dir='ltr'><strong>prima</strong></span> <span class='ocrx_word' id='word_1_826' title='bbox 3464 5419 3700 5482; x_wconf 83' lang='lat' dir='ltr'><strong>occurrit</strong></span> <span class='ocrx_word' id='word_1_827' title='bbox 3719 5437 3848 5481; x_wconf 88' lang='lat' dir='ltr'><strong>tenet</strong></span> 
     </span>
    </p>
   </div>
   <div class='ocr_carea' id='block_1_113' title="bbox 2254 5491 3846 5561">
    <p class='ocr_par' dir='ltr' id='par_1_113' title="bbox 2254 5491 3846 5561">
     <span class='ocr_line' id='line_1_113' title="bbox 2254 5491 3846 5561; baseline 0.004 -17"><span class='ocrx_word' id='word_1_828' title='bbox 2254 5507 2351 5561; x_wconf 90' lang='lat' dir='ltr'><strong>pro</strong></span> <span class='ocrx_word' id='word_1_829' title='bbox 2377 5493 2570 5556; x_wconf 86' lang='lat' dir='ltr'><strong>tenuit;</strong></span> <span class='ocrx_word' id='word_1_830' title='bbox 2601 5501 2654 5544; x_wconf 92' lang='lat' dir='ltr'><strong>ut</strong></span> <span class='ocrx_word' id='word_1_831' title='bbox 2678 5491 2902 5545; x_wconf 88' lang='lat' dir='ltr'><strong>habetur</strong></span> <span class='ocrx_word' id='word_1_832' title='bbox 2928 5494 3085 5559; x_wconf 88' lang='lat' dir='ltr'><strong>paulo</strong></span> <span class='ocrx_word' id='word_1_833' title='bbox 3107 5505 3232 5549; x_wconf 89' lang='lat' dir='ltr'><strong>ante</strong></span> <span class='ocrx_word' id='word_1_834' title='bbox 3254 5491 3277 5549; x_wconf 67' lang='grc' dir='ltr'><strong>ε’</strong></span> <span class='ocrx_word' id='word_1_835' title='bbox 3301 5494 3530 5560; x_wconf 86' lang='lat' dir='ltr'><strong>Quartus</strong></span> <span class='ocrx_word' id='word_1_836' title='bbox 3589 5497 3714 5551; x_wconf 88' lang='lat' dir='ltr'><strong>liber</strong></span> <span class='ocrx_word' id='word_1_837' title='bbox 3744 5514 3846 5550; x_wconf 80' lang='lat' dir='ltr'><strong>au-</strong></span> 
     </span>
    </p>
   </div>
   <div class='ocr_carea' id='block_1_114' title="bbox 2251 5561 3844 5638">
    <p class='ocr_par' dir='ltr' id='par_1_114' title="bbox 2251 5561 3844 5638">
     <span class='ocr_line' id='line_1_114' title="bbox 2251 5561 3844 5638; baseline 0.004 -22"><span class='ocrx_word' id='word_1_838' title='bbox 2251 5564 2497 5638; x_wconf 77' lang='lat' dir='ltr'><strong>spicatur.</strong></span> <span class='ocrx_word' id='word_1_839' title='bbox 2537 5561 2620 5616; x_wconf 88' lang='lat' dir='ltr'><strong>Ab</strong></span> <span class='ocrx_word' id='word_1_840' title='bbox 2653 5562 2717 5616; x_wconf 88' lang='lat' dir='ltr'><strong>iis</strong></span> <span class='ocrx_word' id='word_1_841' title='bbox 2755 5562 2932 5616; x_wconf 91' lang='lat' dir='ltr'><strong>verbis</strong></span> <span class='ocrx_word' id='word_1_842' title='bbox 2977 5563 3078 5618; x_wconf 89' lang='lat' dir='ltr'><strong>sub</strong></span> <span class='ocrx_word' id='word_1_843' title='bbox 3112 5565 3271 5638; x_wconf 84' lang='lat' dir='ltr'><strong>linem</strong></span> <span class='ocrx_word' id='word_1_844' title='bbox 3301 5566 3619 5638; x_wconf 85' lang='lat' dir='ltr'><strong>paragraphi</strong></span> <span class='ocrx_word' id='word_1_845' title='bbox 3648 5569 3844 5624; x_wconf 87' lang='lat' dir='ltr'><strong>decimi</strong></span> 
     </span>
    </p>
   </div>
   <div class='ocr_carea' id='block_1_115' title="bbox 2251 5635 3796 5704">
    <p class='ocr_par' dir='ltr' id='par_1_115' title="bbox 2251 5635 3796 5704">
     <span class='ocr_line' id='line_1_115' title="bbox 2251 5635 3796 5704; baseline 0.003 -18"><span class='ocrx_word' id='word_1_846' title='bbox 2251 5649 2283 5686; x_wconf 91' lang='lat' dir='ltr'><strong>a</strong></span> <span class='ocrx_word' id='word_1_847' title='bbox 2310 5636 2417 5704; x_wconf 82' lang='lat' dir='ltr'><strong>suis</strong></span> <span class='ocrx_word' id='word_1_848' title='bbox 2443 5651 2544 5687; x_wconf 87' lang='lat' dir='ltr'><strong>non</strong></span> <span class='ocrx_word' id='word_1_849' title='bbox 2571 5641 2829 5704; x_wconf 84' lang='lat' dir='ltr'><strong>receptum</strong></span> <span class='ocrx_word' id='word_1_850' title='bbox 2859 5649 3000 5688; x_wconf 91' lang='lat' dir='ltr'><strong>nunc</strong></span> <span class='ocrx_word' id='word_1_851' title='bbox 3026 5650 3126 5690; x_wconf 91' lang='lat' dir='ltr'><strong>tns.</strong></span> <span class='ocrx_word' id='word_1_852' title='bbox 3153 5635 3358 5704; x_wconf 90' lang='lat' dir='ltr'><strong>incipit.</strong></span> <span class='ocrx_word' id='word_1_853' title='bbox 3442 5635 3454 5637; x_wconf 16' lang='grc' dir='ltr'>ἡ</span> <span class='ocrx_word' id='word_1_854' title='bbox 3534 5635 3545 5638; x_wconf 63' lang='grc'>⁷</span> <span class='ocrx_word' id='word_1_855' title='bbox 3793 5695 3796 5698; x_wconf 49' lang='grc'>,</span> 
     </span>
    </p>
   </div>
   <div class='ocr_carea' id='block_1_116' title="bbox 2322 5702 3844 5780">
    <p class='ocr_par' dir='ltr' id='par_1_116' title="bbox 2322 5702 3844 5780">
     <span class='ocr_line' id='line_1_116' title="bbox 2322 5702 3844 5780; baseline 0.005 -22"><span class='ocrx_word' id='word_1_856' title='bbox 2322 5702 2382 5759; x_wconf 87' lang='lat' dir='ltr'><strong>C.</strong></span> <span class='ocrx_word' id='word_1_857' title='bbox 2423 5704 2502 5770; x_wconf 87' lang='lat' dir='ltr'><strong>l7,</strong></span> <span class='ocrx_word' id='word_1_858' title='bbox 2530 5704 2586 5759; x_wconf 73' lang='lat'><strong>2.</strong></span> <span class='ocrx_word' id='word_1_859' title='bbox 2620 5703 2734 5780; x_wconf 73' lang='lat' dir='ltr'><strong>Pio:</strong></span> <span class='ocrx_word' id='word_1_860' title='bbox 2764 5706 3011 5760; x_wconf 82' lang='lat' dir='ltr'><strong>doctrina:</strong></span> <span class='ocrx_word' id='word_1_861' title='bbox 3031 5706 3086 5762; x_wconf 92' lang='lat' dir='ltr'><strong>in</strong></span> <span class='ocrx_word' id='word_1_862' title='bbox 3115 5702 3319 5780; x_wconf 65' lang='lat' dir='ltr'><strong>teritum</strong></span> <span class='ocrx_word' id='word_1_863' title='bbox 3343 5723 3653 5780; x_wconf 88' lang='lat' dir='ltr'><strong>receperam</strong></span> <span class='ocrx_word' id='word_1_864' title='bbox 3671 5751 3686 5773; x_wconf 92' lang='lat'><strong>,</strong></span> <span class='ocrx_word' id='word_1_865' title='bbox 3713 5711 3844 5766; x_wconf 87' lang='lat' dir='ltr'><strong>sub-</strong></span> 
     </span>
    </p>
   </div>
   <div class='ocr_carea' id='block_1_117' title="bbox 2249 5777 3843 5846">
    <p class='ocr_par' dir='ltr' id='par_1_117' title="bbox 2249 5777 3843 5846">
     <span class='ocr_line' id='line_1_117' title="bbox 2249 5777 3843 5846; baseline 0.005 -18"><span class='ocrx_word' id='word_1_866' title='bbox 2249 5784 2334 5830; x_wconf 92' lang='lat' dir='ltr'><strong>tns</strong></span> <span class='ocrx_word' id='word_1_867' title='bbox 2366 5791 2588 5834; x_wconf 86' lang='lat' dir='ltr'><strong>monens</strong></span> <span class='ocrx_word' id='word_1_868' title='bbox 2621 5794 2634 5830; x_wconf 86' lang='lat'><strong>:</strong></span> <span class='ocrx_word' id='word_1_869' title='bbox 2665 5778 2738 5831; x_wconf 89' lang='lat' dir='ltr'><strong>ita</strong></span> <span class='ocrx_word' id='word_1_870' title='bbox 2777 5793 2874 5832; x_wconf 79' lang='lat' dir='ltr'><strong>ms.</strong></span> <span class='ocrx_word' id='word_1_871' title='bbox 2918 5787 3116 5846; x_wconf 82' lang='lat' dir='ltr'><strong>noster,</strong></span> <span class='ocrx_word' id='word_1_872' title='bbox 3146 5777 3234 5832; x_wconf 90' lang='lat' dir='ltr'><strong>ubi</strong></span> <span class='ocrx_word' id='word_1_873' title='bbox 3271 5777 3325 5832; x_wconf 89' lang='lat' dir='ltr'><strong>in</strong></span> <span class='ocrx_word' id='word_1_874' title='bbox 3353 5777 3595 5839; x_wconf 76' lang='lat' dir='ltr'><strong>anteriori</strong></span> <span class='ocrx_word' id='word_1_875' title='bbox 3621 5783 3843 5839; x_wconf 85' lang='lat' dir='ltr'><strong>editione</strong></span> 
     </span>
    </p>
   </div>
  </div>
