4232 6256
339 306 421 367 lx

345 425 529 494 pietati
555 425 826 493 doctrinae,
849 443 905 484 n.
930 425 986 495 6,
1013 425 1348 491 divinitatem,
1381 425 1512 481 nihil
1541 425 1741 480 addens
1771 441 1784 491 ;
1815 441 1868 480 n.
1893 426 1947 491 7,
1980 429 2029 486 Α

344 498 401 550 in
427 499 679 552 anteriori
702 509 874 553 natum
901 509 948 554 et
973 515 1036 552 ea:
1067 497 1193 554 Deo.

418 566 497 641 C._
521 569 610 635 19,
655 571 708 624 1.
755 571 913 625 Liber
941 581 1126 625 noster
1158 589 1170 624 :
1213 587 1412 625 necesse
1449 579 1522 624 est
1554 570 1607 641 in
1637 570 1952 641 professione

345 637 586 710 absoluta
617 641 924 695 adversandi
952 641 1212 696 calumnia
1239 643 1485 695 videatur.
1513 637 1802 710 Aliquanto
1830 656 1945 697 me-

346 708 453 780 lius
485 726 648 780 quam
683 713 733 766 in
791 712 1101 767 Erasmiana
1155 715 1432 767 cmterisve
1473 729 1485 765 :
1525 721 1572 765 et
1607 708 1763 766 cesset
1793 755 1807 778 ,
1840 721 1942 767 etc.

345 779 539 844 Plane,
572 792 629 836 ut
658 786 872 853 opinor,
904 787 1250 838 restituemus
1281 784 1474 847 locum,
1507 784 1552 837 si
1585 783 1822 853 legamus
1853 801 1865 836 :
1895 793 1948 838 at

347 867 551 906 necesse
570 863 662 913 est.
685 863 817 920 etc.,
843 855 1098 908 calumnia
1125 865 1378 908 caveatur.

425 921 493 977 C.
507 923 600 996 2i,
618 926 640 978 l
655 965 667 977 .
685 925 740 979 lo
756 926 1011 980 anteriori
1037 940 1134 994 pro
1149 928 1213 979 ab
1226 942 1305 988 eo,
1324 935 1380 979 ut
1393 925 1516 996 legit
1537 925 1793 980 Erasmus
1813 942 1946 995 quo-

351 1007 486 1065 que,
506 995 796 1050 habebatur
821 1006 909 1049 ant
929 996 1082 1060 illud,
1103 997 1242 1065 quod
1267 997 1548 1050 sententia:
1573 1013 1676 1050 non
1696 998 1940 1065 quadrat.

427 1064 488 1118 Ο.
520 1066 620 1132 52,
652 1067 703 1120 7.
741 1067 1081 1138 Quoscumque
1104 1064 1250 1138 habet
1282 1066 1440 1120 Pater
1471 1066 1607 1121 dedit
1636 1064 1773 1121 Filio
1806 1084 1937 1122 :ex-

346 1133 608 1190 bibentur
633 1139 792 1193 verba
825 1138 940 1192 hiec
971 1133 1024 1192 in
1051 1137 1237 1200 editis,
1271 1138 1366 1192 sed
1393 1139 1444 1192 in
1487 1153 1591 1192 ms.
1622 1148 1808 1193 nostro
1836 1155 1940 1194 non

343 1217 644 1277 apparent,
677 1224 776 1264 nec
804 1209 943 1264 unde
972 1219 1120 1263 eruta
1153 1209 1349 1263 iuerint
1376 1209 1613 1277 reperire
1641 1218 1744 1263 est.

419 1275 484 1332 C.
512 1277 600 1345 34,
623 1279 674 1334 9.
712 1279 954 1334 Manibus
971 1280 1076 1334 lino
1097 1281 1372 1351 occupatis,
1401 1275 1609 1347 pedibus
1631 1281 1750 1334 limo
1772 1281 1941 1336 oblitis

338 1346 396 1401 in
432 1357 632 1423 textum
662 1351 985 1406 adtniseram
1021 1369 1034 1405 ε
1066 1360 1119 1405 at
1147 1346 1366 1423 ignarus
1387 1346 1525 1406 inter
1548 1352 1821 1407 variantes
1853 1369 1940 1408 re-

335 1421 656 1474 censebam.

410 1488 474 1545 C.
501 1492 572 1546 55
592 1534 607 1555 ,
640 1494 696 1549 3.
737 1493 1065 1549 Veronensis
1093 1494 1226 1549 liber
1259 1513 1271 1547 :
1315 1504 1359 1548 et
1386 1503 1546 1548 sumet
1577 1493 1775 1548 sibimet
1801 1497 1938 1564 quod

336 1561 559 1634 liberum
594 1574 668 1616 est
711 1581 724 1617 :
769 1581 891 1618 nam
936 1565 981 1619 si
1021 1567 1239 1620 verbum
1288 1581 1317 1619 a
1365 1575 1607 1634 tempore
1655 1561 1933 1633 liberatur,

333 1632 555 1705 videtur
578 1636 838 1704 consequi
873 1647 1208 1705 sumpturum
1245 1637 1344 1691 sibi
1385 1632 1525 1705 quod
1552 1636 1778 1691 lihermn
1807 1650 1888 1692 est
1917 1632 1930 1705 ,

301 1701 447 1779 .boe
493 1716 573 1779 est
620 1701 823 1760 nemini
869 1701 1578 1779 obteinperaturnmeuod
1627 1709 1805 1762 Statim
1853 1701 1934 1762 di;

337 1772 508 1849 luitur
533 1777 776 1844 Apostoli
810 1779 989 1832 verbis
1018 1772 1315 1848 subjunclis
1341 1821 1355 1842 ,
1388 1772 1642 1849 itemque,
1674 1780 1925 1845 quoniam

331 1847 429 1913 qui
454 1846 589 1900 abest
614 1863 646 1899 a
675 1859 900 1915 tempore
928 1865 1027 1903 non
1055 1846 1193 1903 abest
1223 1856 1284 1903 ab
1309 1846 1550 1904 auctoref
1569 1849 1640 1904 lta
1674 1849 1769 1903 Ms.
1804 1867 1928 1904 nos-

331 1923 441 1980 ter,
481 1917 565 1990 ubi
593 1921 834 1990 anterior
873 1920 1037 1974 editio
1058 1963 1079 1983 ,
1106 1921 1192 1988 qui
1222 1924 1356 1976 abest
1387 1940 1418 1974 n
1456 1921 1756 1990 cognitionis
1797 1934 1921 1974 tent-

330 2001 478 2059 por_e.
501 1987 744 2059 Hahelur
765 1991 924 2044 etiam
951 1993 1000 2044 in
1027 1987 1213 2047 codice
1240 2009 1408 2058 erans,
1427 1987 1544 2046 loco
1569 1999 1656 2047 τοῦ
1680 1993 1768 2059 qui
1795 2003 1922 2046 erat.

403 2057 468 2112 C.
495 2058 564 2114 59
587 2101 600 2124 ,
629 2063 678 2132 1.
715 2061 908 2117 Odiosa
933 2063 1263 2117 inserueram
1289 2057 1476 2126 textui,
1503 2063 1572 2117 ita
1608 2057 1927 2132 prielerente

327 2141 465 2210 ms...
493 2141 547 2184 et
573 2131 693 2200 quia
715 2134 878 2210 otiosa
901 2132 1143 2210 profecto
1170 2150 1274 2189 non
1299 2145 1414 2210 erat
1436 2131 1787 2189 lraudulentia
1817 2136 1926 2189 hie—

332 2205 632 2275 retjcot'ttm
647 2205 887 2275 undique
913 2205 1456 2275 circumstrepentium.

404 2269 466 2324 ϐ.
497 2272 566 2328 59
588 2314 604 2338 ,
637 2273 686 2326 1.
722 2269 1028 2344 Adjecitnns
1065 2292 1095 2330 e
1124 2269 1258 2332 libro
1295 2285 1479 2332 nostro
1517 2295 1529 2328 :
1575 2275 1734 2332 habet
1764 2275 1926 2332 Eras-

326 2355 454 2415 mus
483 2359 712 2415 quoque,
744 2362 760 2400 ι
786 2350 911 2401 Cor.
939 2362 1028 2414 xv,
1056 2347 1123 2402 8:
1152 2348 1286 2403 visus
1312 2349 1451 2403 estet
1482 2349 1624 2402 ntihi.

403 2413 464 2466 C.
497 2413 684 2478 65,2.
719 2417 978 2471 Salutaris
1005 2421 1098 2472 tui.

403 2482 467 2536 C.
496 2485 617 2550 165,
647 2487 698 2539 2.
733 2485 874 2541 Deus
903 2489 1226 2554 addidimus,
1259 2505 1358 2544 nec
1379 2504 1442 2544 ex
1468 2491 1778 2557 conjectura
1806 2500 1923 2544 tan-

326 2561 466 2625 ttnn,
485 2557 578 2611 sed
595 2559 795 2612 codicis
817 2559 987 2614 nostri
1003 2560 1322 2616 auctoritate
1343 2563 1554 2616 caneris
1581 2563 1919 2625 vetustioris;

323 2624 383 2678 in
409 2625 598 2700 Grieco
631 2639 778 2683 textu
801 2646 1016 2700 quoque
1043 2631 1068 2687 ὁ
1093 2633 1312 2693 ἀλεθινός
1339 2634 1468 2692 Θεὸς.
1733 2647 1737 2650 ·

503 2698 622 2763 169,
658 2701 707 2753 1.
743 2696 1010 2774 ξεέανὲνε
1033 2720 1349 2773 synagogam
1383 2721 1400 2758 .'
1435 2705 1484 2757 in
1523 2703 1625 2758 hoc
1655 2703 1920 2774 siquidem

320 2767 512 2823 codice
560 2780 695 2824 caret
752 2771 1005 2844 Patrem,
1060 2767 1251 2828 'carEat'
1311 2775 1592 2839 virtutem;
1649 2767 1734 2829 ad.
1783 2777 1923 2844 psal-

324 2853 474 2892 mum
522 2858 640 2895 LXVI
689 2842 1026 2897 substantiam
1069 2862 1169 2898 non
1219 2845 1498 2910 carebunt;
1528 2861 1558 2900 e
1609 2842 1918 2900 Griecortnn

318 2923 450 2992 l‘l‘su,
488 2912 625 2992 apud
654 2928 790 2992 quos
816 2920 867 2970 τί
884 2917 1130 2992 derepta;
1162 2915 1348 2970 Latine
1383 2932 1595 2987 quoque
1621 2917 1841 2972 Plautus
1869 2919 1920 2973 in

323 2981 485 3035 Cute.
518 2985 572 3036 id
600 2981 739 3050 quod
771 3003 906 3049 amo,
931 2981 1095 3041 careo.

349 3101 352 3104 .
661 3055 718 3130 ἓ.
747 3058 913 3130 Abest
950 3069 1190 3112 aeternam
1217 3075 1244 3113 a
1279 3066 1462 3114 nostro
1483 3072 1715 3130 quoque.

394 3123 457 3177 C.
485 3124 614 3190 246,
656 3125 846 3181 Christi
877 3130 1127 3184 secundis
1151 3130 1315 3184 curis.

1844 308 2237 368 PREFATIO.
3605 313 3651 370 Χ

2129 424 2190 480 C.
2216 425 2307 493 27,
2339 427 2391 481 3.
2428 425 2482 480 ln
2501 425 2725 494 judicio.
3420 448 3426 454 ·

2126 494 2187 551 C.
2219 499 2323 564 39,
2352 498 2406 552 2.
2447 497 2502 552 ln
2532 497 2741 564 Ms.jns
2762 495 3042 564 libertatis;
3066 495 3263 552 exinde
3287 505 3513 552 artatum
3553 506 3653 554 est.

2053 565 2233 642 C_um_i
2262 570 2437 642 littera
2461 579 2658 638 puncto
2701 571 3040 642 superposito
3068 584 3401 642 nequaquam
3433 585 3463 642 a_
3492 569 3655 642 libra-
3688 629 3701 642 κ

2054 639 2150 693 riis
2173 640 2627 711 distingueretur,
2669 641 2914 709 ambigua
2938 655 3180 711 persmpe
3206 650 3323 694 erat
3345 639 3524 695 lectio.
3559 639 3651 693 Vis

2051 726 2111 763 ac
2139 719 2359 778 potestas
2404 727 2509 765 non
2533 710 2763 783 defuere
2789 715 2876 782 qui
2905 710 3106 782 pariter
3143 711 3403 783 legerent,
3437 711 3525 766 ubi
3557 713 3651 783 jus

2051 796 2113 832 ac
2157 793 2378 849 potestas
2439 781 2772 849 scripserunt
2810 781 3224 838 Iurisconsulti.
3278 781 3414 836 Hinc
3468 781 3647 836 utrum

2050 849 2427 924 Litttprandum
2458 854 2756 924 scribamus
2782 894 2798 919 ,
2839 871 2904 907 an
2936 853 3314 924 Luitprandum
3355 854 3644 924 nescimus.

2121 921 2182 976 CL
2223 924 2312 988 40,
2346 924 2400 978 6.
2446 923 2830 978 Convertimini.
2874 925 3056 980 Codex
3103 923 3437 978 Psalmorutn
3483 922 3651 978 Vero-

2049 994 2231 1048 nensis
2255 994 2482 1062 Capituli
2515 997 3014 1065 prmstantissimus,
3042 996 3425 1049 convertamini.

2119 1067 2178 1119 (ἆ.
2213 1066 2304 1130 61,
2341 1067 2390 1120 1.
2424 1067 2479 1120 1η
2511 1068 2764 1120 anteriori
2797 1068 3066 1133 editione,
3097 1067 3328 1134 quotiens
3350 1066 3438 1131 qui
3469 1065 3644 1118 titulos

2047 1135 2251 1207 habent.
2285 1137 2548 1192 Czeterum
2581 1137 2703 1192 huic
2737 1140 2907 1193 codici
2935 1137 3179 1192 solemne
3205 1145 3290 1192 est
3317 1138 3644 1207 quotiensque

2048 1206 2311 1278 exhibere
2337 1224 2434 1278 pro
2457 1211 2883 1276 quotiescumque.

2120 1278 2181 1332 C.
2233 1277 2410 1344 68,74.
2447 1280 2500 1332 In
2550 1297 2650 1334 ms.
2682 1281 2882 1334 civitate
2921 1295 3092 1332 eversa
3135 1295 3153 1333 :
3192 1279 3416 1347 primam
3454 1279 3646 1334 dictio-

2044 1364 2166 1404 nem
2217 1351 2555 1418 respuimus,
2597 1351 2886 1404 secundam
2919 1351 3336 1418 amplectimur;
3382 1351 3452 1404 ita
3482 1353 3638 1419 paulo

2042 1430 2167 1474 ante
2197 1436 2418 1474 eversam
2459 1422 2674 1491 pra-fert
2719 1422 2875 1476 liber.
2918 1423 3135 1476 [tectam
3169 1421 3254 1475 hic
3303 1420 3636 1477 Benedictini

2043 1491 2265 1562 editoris
2315 1493 2601 1547 lectionem
2649 1494 2916 1560 captivitas
2958 1493 3201 1562 apellitur
3231 1494 3515 1546 conlirmat
3543 1508 3633 1546 co-

2039 1561 2173 1624 dex;
2217 1579 2245 1615 a
2304 1562 2494 1618 Graeco
2549 1564 2694 1617 enim
2745 1565 2910 1617 verbo
2953 1573 3056 1627 est,
3113 1563 3335 1625 ἁπέλλω.
3365 1564 3584 1617 excludo
3611 1605 3626 1628 ,

2038 1634 2253 1703 rejicio;
2291 1633 2535 1702 quamvis
2558 1648 2832 1688 aucmrem
2863 1634 3093 1688 alterum
3123 1675 3136 1697 ,
3167 1633 3256 1702 qui
3287 1633 3478 1687 Latine
3507 1648 3635 1688 usus

2037 1705 2108 1758 sit
2128 1746 2141 1768 ,
2181 1721 2284 1759 non
2323 1707 2658 1760 meminerim
2687 1724 2698 1758 :
2733 1705 2870 1759 haud
2896 1705 3121 1760 feliciter
3149 1703 3512 1774 conjecerant,
3539 1706 3636 1776 qui

2037 1777 2332 1845 appellatur
2356 1777 2767 1830 snbstituebanl.

2102 1847 2166 1901 υ.
2195 1847 2284 1910 68,
2319 1849 2370 1902 5.
2417 1846 2658 1901 Psalmus
2690 1847 2857 1900 David
2884 1861 3022 1911 xtttt,
3062 1855 3121 1901 ut
3161 1845 3469 1901 scribebant
3496 1855 3634 1903 vete

2031 1931 2140 1990 res,
2172 1935 2274 1990 non
2294 1917 2535 1973 Psalmus
2566 1919 2783 1989 x1v.|Sic
2804 1919 2938 1973 intra
2965 1936 2976 1972 :
3006 1918 3210 1990 explicit
3228 1916 3468 1972 Psalmus
3489 1933 3622 1986 xutt,

2030 1988 2209 2056 incipit
2235 1988 2474 2044 Psalmus
2501 2007 2571 2044 ιι.

2101 2058 2161 2113 C.
2198 2062 2286 2126 75,
2320 2062 2373 2116 5.
2407 2063 2524 2115 Atia
2557 2077 2652 2132 pro
2691 2063 2798 2116 alta
2825 2060 3165 2132 reposuimus
3195 2076 3266 2118 ex
3307 2060 3494 2117 codice
3517 2101 3533 2127 ,
3573 2069 3631 2116 et

2030 2144 2093 2185 ex
2124 2133 2412 2186 verborum
2435 2143 2713 2189 contextu.

2102 2205 2160 2278 li.
2193 2204 2302 2278 71,
2314 2205 2370 2278 5.
2417 2204 2566 2270 Quod
2593 2222 2684 2278 per
2711 2204 2977 2274 superiora
3007 2205 3272 2274 conﬁrmat
3296 2246 3310 2272 ,
3361 2203 3625 2276 PrOpheta

2029 2272 2241 2335 subiecit
2269 2275 2460 2329 dicens.

2099 2343 2160 2399 C.
2196 2345 2284 2416 78.
2323 2347 2372 2400 1.
2408 2345 2474 2400 In
2503 2347 2655 2416 ﬁnem
2680 2347 2965 2401 intellectus
2995 2348 3074 2402 illi
3108 2347 3274 2402 David
3297 2388 3312 2413 ,
3346 2364 3461 2401 cum
3492 2347 3623 2401 venit

2029 2412 2169 2471 Doec
2197 2412 2566 2483 ldunta’uspet
2595 2420 2912 2473 adnuntiavit
2940 2419 3090 2483 Saul,
3113 2431 3158 2473 et
3188 2412 3318 2473 dixit
3347 2420 3393 2472 ei
3421 2436 3440 2472 :
3477 2417 3626 2472 Vertit

2031 2485 2198 2540 David
2225 2489 2276 2541 in
2303 2492 2508 2543 dontum
2532 2489 2841 2544 Abimelech.
2875 2490 3190 2546 Abitnelech
3217 2499 3530 2545 constanter
3569 2493 3622 2544 in

2028 2557 2170 2634 libro
2195 2564 2708 2634 ttostro‘veterrimo,
2741 2563 3085 2631 Septuaginta
3131 2563 3328 2634 pariter
3346 2559 3618 2634 V'Aécaﬂsz

2027 2630 2315 2698 scripsere.
2359 2631 2650 2686 llebraicus
2680 2630 2854 2688 textus
2878 2633 3198 2686 Achimelech
3227 2649 3245 2687 :
3271 2633 3426 2700 cujus
3447 2630 3622 2685 divei-l

2025 2700 2204 2754 sitatis
2225 2702 2361 2773 ratio
2402 2713 2484 2757 cst
2507 2745 2520 2767 ,
2551 2706 2689 2773 quod
2734 2706 2784 2758 in
2825 2705 3059 2767 antiquis
3091 2704 3437 2758 Hebraeorum
3468 2703 3620 2756 libris

2027 2772 2353 2844 nomen,hoc
2392 2790 2496 2828 non
2523 2772 2847 2830 scriberetur
2877 2791 2971 2844 per
2998 2776 3114 2828 heth
3133 2817 3147 2839 ,
3170 2790 3265 2828 seu
3295 2775 3440 2826 cheth
3471 2773 3618 2827 dica-

2027 2856 2179 2926 mus,
2208 2821 2419 2926 τὸωνηκ
2451 2855 2504 2898 ut
2534 2847 2585 2926 in
2621 2821 3028 2926 recentioribus,
3063 2821 3154 2926 sed
3185 2860 3281 2926 per
3302 2846 3471 2914 caph;
3498 2859 3616 2926 qn_:c

2025 2910 2266 2966 littera':
2283 2931 2402 2968 cum
2437 2916 2721 2970 maximam
2755 2917 2948 2970 habeat
2975 2910 3376 2969 similitudinem
3400 2910 3525 2968 cum
3557 2920 3617 2979 ει,

2027 2981 2278 3040 facillima
2310 2984 2406 3040 fuit
2453 3001 2637 3040 earum
2684 2988 3054 3040 commutatio.
3111 2985 3226 3040 Hoc
3260 2996 3436 3040 autem
3471 2996 3620 3040 certo

2024 3058 2264 3124 comperi
2288 3072 2318 3112 e
2340 3059 2509 3112 veteri
2534 3059 2766 3113 Auctore
2790 3059 3043 3112 Breviarii
3069 3057 3120 3111 in
3145 3057 3389 3112 Psalmos
3416 3057 3478 3110 ι).
3505 3055 3620 3111 llic-

2025 3140 2253 3195 ronynto
2283 3128 2410 3182 olim
2461 3127 2754 3195 adscripti,
2801 3129 2879 3182 sic
2923 3129 3066 3183 enim
3109 3129 3173 3182 ad
3209 3130 3349 3180 hunc
3395 3128 3568 3182 locum
3603 3146 3616 3182 :

395 3193 458 3271 C.
488 3195 716 3271 251:1.
760 3198 947 3271 Onutis
1003 3201 1275 3269 plenitudo
1325 3199 1640 3267 divinitatis,
1695 3208 1797 3257 πᾶν
1858 3203 1917 3258 τὸ
1945 3209 1989 3271 C
2026 3193 2093 3250 In
2123 3193 2418 3271 Regnorum
2448 3200 2597 3265 libro,
2634 3193 2679 3254 et
2707 3193 2758 3252 in
2785 3199 2897 3270 ipso
2930 3198 3183 3253 Ilebraico
3220 3197 3614 3271 PsalteriogAbi-

316 3265 591 3343 τῖᾉήρῳμᾳ.
609 3267 697 3324 Sic
713 3281 762 3324 et
786 3268 919 3324 infra
940 3290 951 3324 :
972 3265 1134 3325 omnis
1162 3289 1278 3326 vero
1298 3265 1634 3342 corporaliter
1657 3275 1917 3341 plenitudo

321 3339 622 3393 divinitatis.

394 3408 572 3482 tl_.27l
601 3452 616 3476 ,
662 3412 714 3465 5.
762 3410 828 3466 In
859 3430 936 3467 eo.
968 3413 1175 3469 Exinde
1220 3413 1501 3482 inreligiosi
1548 3413 1783 3477 unionis;
1825 3415 1913 3470 ubi

319 3480 632 3547 conjectura
655 3484 1209 3539 lirmatnrdoetiSsimi
1233 3480 1456 3540 editoris
1483 3484 1815 3540 Benedictini
1845 3487 1914 3540 ad

322 3566 380 3623 si.
405 3551 489 3623 56
531 3553 652 3606 libri
675 3557 846 3608 octavi
872 3555 1214 3623 suspieantis,
1243 3555 1455 3610 unionis
1485 3571 1679 3611 nomen
1704 3572 1912 3611 mascu-

319 3621 645 3696 linigeneris
676 3626 874 3679 llilario
898 3621 1078 3682 fuisse.
1113 3621 1362 3696 Ejusdem
1385 3627 1598 3695 generis
1627 3626 1724 3680 fuit
1747 3627 1796 3680 id
1818 3643 1914 3682 no-

319 3692 651 3766 ntinis_apnd
682 3711 870 3766 omnes
901 3713 1022 3751 cum
1048 3692 1458 3766 pro'margart'ta
1486 3697 1782 3751 adhibitum
1807 3709 1910 3752 est.

348 3763 453 3900 HC.
480 3763 606 3832 284,
639 3766 691 3821 5.
719 3765 972 3838 cherret.
1003 3763 1137 3823 Aliis
1163 3763 1326 3824 etiam
1359 3769 1410 3824 in
1435 3769 1567 3824 locis
1597 3773 1789 3840 ecferre
1817 3785 1913 3839 pro

392 3852 520 3888 erre.

318 3849 520 3888 ellerre.

389 3903 451 3959 C.
484 3908 610 3975 296,
643 3910 698 3964 5.
734 3907 1035 3962 Mandando
1074 3925 1170 3978 pro
1201 3910 1472 3966 manendo.

390 3980 452 4052 (λ.
483 3980 609 4052 585.
645 3981 697 4034 1.
735 3979 854 4033 Pra:
883 3979 1153 4052 participes
1187 3993 1320 4036 tuos.
1354 3980 1410 4036 In
1453 3983 1624 4037 altero
1655 3991 1911 4038 tractatus

319 4047 374 4120 in
407 4047 652 4104 Psalmos
670 4047 1270 4120 complectente'Codice
1311 4071 1322 4105 :
1356 4069 1463 4120 pra:
1487 4065 1745 4108 consortes
1775 4065 1906 4109 tuos.

317 4119 768 4192 Animadversum
799 4119 883 4178 est
906 4139 936 4176 a
960 4125 1132 4187 nobis,
1166 4125 1266 4178 sub
1295 4119 1452 4178 linem
1483 4125 1812 4192 pnel'ationis
1842 4126 1908 4181 ad

314 4187 645 4266 Cassiodorii
671 4193 1088 4266 Complexiones
1110 4195 1396 4250 Florentiae
1426 4187 1688 4266 volgatas,
1725 4197 1777 4250 in
1804 4195 1908 4250 hu-

309 4262 548 4330 jusmodi
589 4262 950 4320 barbariSmos
991 4265 1237 4321 indoctos
1281 4262 1638 4321 amanuenses
1664 4281 1728 4322 ex
1758 4282 1908 4322 com-

315 4334 495 4386 tnunis
535 4334 802 4390 sermonis
831 4337 1218 4391 consuetudine
1256 4337 1541 4406 aliquando
1577 4337 1906 4403 incurrisse;

312 4419 647 4478 quaprOpzer
663 4406 1112 4478 Trimalchionem
1133 4407 1390 4472 etsoeios,
1415 4419 1467 4461 ut
1483 4408 1641 4462 etiam
1657 4426 1684 4462 a
1702 4410 1908 4478 plebeia

314 4474 591 4547 locutione
609 4477 888 4532 ridiculmn
909 4488 1221 4547 aucupetur,
1238 4479 1306 4532 ita
1323 4474 1743 4533 sermocinantes
1758 4480 1909 4532 indu-

313 4545 688 4621 citl’etronius
705 4549 918 4602 Arbiter
937 4566 949 4602 :
968 4545 1156 4603 scimus
1169 4560 1214 4602 te
1233 4565 1341 4621 pra:
1357 4550 1551 4604 litteras
1567 4549 1767 4619 fatuum
1780 4567 1905 4604 esse.

386 4618 450 4671 (3.
483 4617 612 4684 420,
645 4620 696 4672 6.
729 4621 826 4672 nisi
847 4635 912 4673 ea:
930 4631 1143 4687 utroque
1161 4617 1411 4675 consistit.

387 4690 446 4740 (Σ.
476 4688 584 4744 MO
609 4731 622 4755 ,
655 4692 706 4744 1.
737 4691 896 4744 Solus
931 4691 1012 4744 hic
1039 4692 1208 4760 itaque
1240 4710 1251 4744 :
1283 4706 1455 4760 neque
1496 4691 1634 4745 ultra
1666 4691 1912 4761 procedit

311 4759 640 4826 Capitularis
679 4762 851 4816 codex
893 4759 1164 4827 postrema
1202 4759 1386 4818 charta
1425 4759 1739 4816 diminutas.
1769 4762 1910 4817 Nihil

309 4831 506 4884 attinet
526 4846 769 4899 monere,
791 4833 950 4886 verba
974 4833 1218 4902 quaedam
1233 4835 1354 4887 addi
1381 4833 1758 4903 aliquando,et
1783 4833 1909 4888 sub-

303 4903 432 4970 jici,
465 4918 694 4970 quorum
734 4903 866 4957 tnihi
913 4918 1016 4957 non
1055 4914 1137 4958 est
1164 4905 1278 4959 laus
1308 4903 1599 4973 inroganda
1629 4945 1643 4968 ,
1695 4907 1906 4959 varian-

312 4981 504 5037 teSque
529 4973 736 5043 aliquas
764 4975 815 5027 in
847 4974 1136 5045 diligentia:
1167 4975 1324 5028 tidem
1356 4975 1619 5034 exhiberi.
1652 4991 1782 5044 quas
1809 4991 1909 5045 ego

309 5045 721 5098 transmiseram
760 5063 771 5097 :
801 5047 960 5099 veluti
1005 5060 1189 5116 genum
1222 5061 1318 5114 pro
1345 5063 1475 5116 genu
1494 5089 1508 5112 ,
1538 5063 1732 5114 precem
1772 5049 1910 5116 eguit

310 5129 412 5187 pro
437 5131 585 5184 prece
607 5117 766 5184 eguit,
793 5115 968 5170 saltim
1000 5115 1096 5185 pro
1119 5119 1298 5170 saltem
1331 5115 1359 5171 :7
1377 5119 1624 5171 sit-uiliter
1653 5115 1870 5187 profane
1889 5161 1903 5184 ,

316 5186 406 5238 ubi
439 5194 584 5240 recte
609 5188 669 5258 in
689 5187 846 5241 editis
877 5188 1128 5256 profante,
1161 5192 1266 5258 far,
1298 5189 1384 5240 ubi
1420 5186 1658 5242 triticum
1691 5186 1756 5243 in
1775 5189 1906 5258 fari-

312 5272 436 5309 nam
477 5257 862 5330 comminutum
885 5299 901 5324 ,
937 5259 1096 5329 ﬁgens
1121 5299 1135 5320 .
1162 5257 1273 5312 ubi
1313 5259 1513 5328 ﬁngens
1537 5301 1551 5326 ,
1596 5276 1752 5330 neque
1777 5301 1790 5325 ,
1819 5260 1908 5314 ubi

311 5344 496 5397 nempe
519 5369 533 5392 ,
566 5329 882 5397 exteriorqne
902 5371 916 5394 ,
952 5331 1041 5382 ubi
1085 5330 1274 5399 eritque
1301 5371 1314 5394 ,
1355 5346 1509 5384 crura
1539 5329 1748 5383 vulnera
1773 5372 1785 5394 ,
1819 5331 1907 5384 ubi

308 5408 430 5451 erat
453 5399 634 5452 crudo.
665 5399 832 5454 Multo
860 5401 1034 5454 minus
1065 5401 1323 5454 variatum
1350 5412 1431 5454 est
1454 5402 1597 5454 circa
1624 5401 1905 5456 'l‘ractatus

301 5469 365 5522 in
411 5469 693 5537 Psaltnos,
743 5471 1008 5541 praecipue
1046 5471 1136 5526 ubi
1167 5471 1364 5540 aliquid
1411 5471 1761 5536 addideram,
1813 5481 1906 5526 aut

303 5541 628 5614 adnotaram
648 5557 814 5614 ,‘cum
847 5542 1063 5596 nitidior
1090 5557 1208 5597 esse
1237 5544 1552 5614 autographi
1581 5543 1904 5613 exemplaris

301 5612 600 5681 scriptura.
635 5612 764 5667 Hice
790 5621 966 5668 tamen
998 5622 1122 5666 sunt
1147 5612 1364 5670 omissa.

382 5681 446 5737 C.
478 5681 568 5755 ᾗ,
593 5683 1077 5755 6.A_bestCaelestis,
1100 5691 1157 5739 ut
1181 5687 1341 5739 etiam
1367 5700 1394 5739 a
1415 5684 1616 5740 Grtecis
1641 5685 1901 5755 pluribus.

380 5755 446 5828 (_J.
477 5752 568 5828 26,
595 5754 649 5807 4.
681 5753 806 5828 Non
832 5755 1126 5811 mutilentur
1147 5756 1458 5828 :aliquanto
1482 5752 1674 5812 melior
1706 5758 1863 5814 lectio
1894 5802 1908 5826 ,

296 5824 405 5877 sed
432 5825 610 5880 adhuc
638 5825 902 5880 mutilata.

2022 3267 2214 3341 ntelech
2234 3273 2330 3324 seri
2339 3281 2480 3337 ptum
2501 3282 2610 3336 est;
2632 3271 2721 3325 sed
2732 3267 2970 3341 quoniam
2994 3271 3116 3324 beth
3137 3280 3182 3324 et
3200 3270 3336 3337 caph
3354 3269 3492 3338 apud
3512 3267 3559 3321 11
3567 3284 3620 3322 e-

2017 3337 2182 3413 brteos
2201 3342 2382 3395 littera:
2411 3342 2608 3396 modico
2637 3337 2778 3413 apice
2799 3342 3204 3412 distinguuntur,
3229 3341 3342 3394 ideo
3369 3337 3511 3394 error
3538 3342 3617 3411 [a-

2020 3410 2174 3464 cilius
2204 3413 2447 3482 obrepsit.

2089 3481 2148 3554 C.
2195 3480 2407 3548 107,“ι1.
2464 3484 2664 3540 Prteter
2689 3500 2748 3540 ea
2780 3499 2900 3554 qua-
2925 3483 3242 3546 all‘ernntur,
3267 3480 3615 3554 addideram:

2026 3549 2250 3607 Verbum
2281 3556 2469 3611 habent
2496 3555 2742 3610 Sedulius
2780 3549 2840 3608 dc
2877 3554 3245 3609 Tertullianns.
3294 3553 3362 3608 Ut
3401 3553 3485 3606 hic
3511 3553 3621 3606 sal-

2015 3623 2166 3697 giﬁca
2223 3642 2317 3695 pro
2368 3627 2562 3680 salvum
2610 3644 2688 3680 me
2743 3631 2859 3697 fac,
2909 3627 2978 3681 ita
3015 3627 3141 3680 alibi
3185 3627 3426 3697 luci/iml,
3462 3632 3517 3677 et
3561 3624 3614 3678 in

2017 3692 2344 3767 Psal.cxt.v,
2369 3698 2498 3767 legit
2524 3692 2756 3753 Hilarius
2781 3697 3028 3751 Dominus
3059 3696 3408 3767 sapienti/ient
3430 3709 3614 3767 cteros,

2017 3764 2104 3818 ubi
2132 3766 2353 3838 Vulgata
2374 3764 2651 3823 illuminat.
2687 3769 2982 3824 llodiernas
3014 3764 3272 3822 lectiones
3302 3776 3358 3838 et
3390 3766 3451 3838 D_.
3488 3765 3615 3838 llic-

2015 3835 2738 3905 ronymi'emendationibus
2777 3842 3075 3895 accessisse
3101 3880 3113 3902 ,
3154 3838 3271 3893 illas
3312 3836 3381 3891 ab
3431 3835 3616 3890 Italica

2014 3909 2266 3981 versione
2294 3910 2553 3966 Hilarium
2583 3913 2895 3981 arripuisse,
2924 3913 3010 3964 vix
3037 3910 3328 3978 ambigam.

2090 3977 2210 4046 l27,
2248 3983 2298 4036 1.
2334 3983 2616 4038 'l‘ractatus
2655 3977 2710 4037 in
2742 3983 2885 4036 hunc
2917 3991 3076 4050 atque
3109 3981 3160 4034 in
3192 3977 3614 4050 subsequentem

2015 4046 2151 4103 liber
2179 4063 2362 4106 noster
2389 4069 2493 4107 non
2523 4053 2718 4117 habet,
2755 4054 2846 4107 sed
2879 4053 2950 4119 ad.
2977 4046 3330 4118 praecedentis
3361 4046 3564 4102 calcem
3597 4063 3611 4100 :

2013 4121 2486 4194 explicitPsalmus
2515 4139 2646 4190 um,
2675 4121 3100 4194 incipitPsalmus
3126 4136 3250 4176 LVII.

2085 4191 2147 4246 C.
2175 4192 2299 4260 152,
2336 4197 2385 4248 in
2415 4195 2468 4260 2,
2501 4191 2838 4248 inmutantur.

2089 4264 2211 4329 155,
2253 4267 2302 4320 1.
2328 4276 2374 4320 et
2392 4267 2590 4333 paravit
2621 4283 2763 4327 eum.
2798 4276 2844 4320 et
2882 4267 2936 4318 in
2966 4281 3025 4320 eo
3049 4263 3266 4326 paravit,
3302 4261 3461 4331 plane
3489 4275 3610 4317 cum

2012 4347 2191 4408 grieco
2216 4341 2301 4408 noti
2326 4340 2602 4408 ἡτοίμασεν
2631 4339 2788 4401 αὐτὸ,
2821 4340 2908 4394 καὶ
2937 4339 2988 4391 ἐν
3015 4338 3170 4408 αὐτῷ’
3183 4336 3477 4405 ἡτοίμασεν.

2085 4406 2146 4461 C.
2187 4407 2393 4471 247,2.
2438 4405 2537 4478 quo
2581 4408 2835 4462 aZubulo
2875 4405 3226 4462 tentaturJlta
3265 4407 3519 4478 se_ribilur
3547 4405 3612 4478 in

2013 4481 2224 4542 codice,
2257 4489 2422 4549 atque
2450 4474 2519 4533 ita
2543 4481 2742 4550 passim
2775 4480 3013 4534 occurrit
3042 4481 3092 4550 in
3124 4491 3277 4550 mss:
3296 4474 3494 4550 Zaboli
3521 4476 3612 4550 de-

2015 4551 2310 4605 bellatorem
2335 4547 2559 4618 prtelert'
2580 4550 2721 4604 idem
2753 4551 2890 4605 liber
2917 4550 3020 4606 sub
3061 4548 3219 4604 linem
3250 4547 3528 4602 Sermonis
3560 4547 3612 4600 in

1936 4598 1990 4658 D
2015 4598 2161 4677 rei:
2176 4598 3530 4691 'an:assariiagaiigs.festinavisse;
3558 4598 3614 4691 at

2012 4703 2294 4747 tentaretur
2315 4710 2345 4745 a
2363 4691 2580 4758 Zabulo,
2600 4689 2826 4762 legimus
2856 4695 2905 4745 in
2924 4691 3107 4762 lljlarii
3126 4690 3535 4762 tionnnentarjo
3557 4689 3609 4762 in

2009 4763 2198 4818 Matth.
2243 4767 2383 4832 apud
2431 4759 2737 4825 Erasmuin,
2769 4762 2912 4818 Gttil.
2943 4759 3086 4817 Cave
3107 4760 3416 4832 deiscript.
3459 4759 3608 4814 Eccl.

2011 4834 2070 4890 in
2097 4831 2488 4888 Comtnodiano
2517 4833 2771 4899 Zabulus,
2804 4833 3034 4888 Zacones
3062 4848 3158 4902 pro
3184 4831 3469 4897 Diacones,
3511 4847 3610 4884 vo-

2013 4905 2206 4960 cabula
2230 4913 2377 4973 putat
2398 4905 2648 4959 Afrorum
2675 4907 2885 4975 propria
2913 4922 2927 4959 :
2970 4905 3064 4958 sed
3096 4919 3284 4958 revera
3319 4917 3417 4956 nec
3443 4916 3609 4975 voca-

2014 4977 2134 5030 bula
2169 4975 2283 5029 haec
2309 4988 2436 5030 sunt
2470 4973 2716 5042 diversa,
2752 4973 2852 5030 nec
2881 4977 3090 5044 longius
3118 4975 3396 5038 derivata;
3435 4973 3529 5027 sed
3555 4987 3612 5026 ut

2011 5047 2086 5103 ita
2113 5047 2397 5117 aliquando
2440 5049 2837 5112 scriberentur,
2869 5048 3121 5101 mollities
3155 5045 3400 5115 qua-dam
3431 5045 3610 5117 prela:

2015 5119 2176 5172 tionis
2201 5113 2396 5182 ellecit,
2429 5134 2588 5189 quam
2615 5123 2665 5173 in
2705 5118 2980 5174 hodiernis
3011 5113 3218 5172 Grtccis
3249 5113 3604 5189 animadverti

2012 5191 2213 5258 ssepius
2244 5194 2279 5265 ζ
2301 5205 2398 5260 pro
2422 5184 2460 5265 δ’
2490 5191 2894 5265 enuntiantibus
2918 5233 2954 5265 ,_
2975 5200 3028 5242 et
3051 5189 3133 5252 ζιὰ
3164 5200 3262 5255 pro
3294 5184 3396 5240 διά.
3435 5184 3606 5265 Quam

2012 5255 2192 5314 autem
2234 5255 2318 5314 ab'
2339 5264 2559 5330 antiquo
2590 5262 2657 5316 iis
2687 5260 2986 5315 obtinuerit
3029 5273 3212 5319 simus,
3248 5269 3458 5310 veteres
3487 5255 3609 5309 libri

2013 5339 2280 5385 teSIantur
2309 5331 2559 5385 Zabulum
2584 5347 2749 5399 ειημθ,
2784 5342 2839 5384 ut
2861 5330 3110 5390 vidimus,
3141 5330 3486 5399 przeterentcs
3513 5342 3527 5390 ;
3556 5334 3611 5380 et

2012 5401 2148 5457 mire
2173 5400 2455 5456 conﬁrmat
2485 5396 2742 5465 Photius,
2765 5401 2853 5454 ubi
2881 5399 3262 5454 animadvertit
3313 5396 3609 5466 Philostor-

2013 5475 2156 5542 giunt
2191 5474 2244 5526 in
2274 5472 2657 5528 Ecclesiaslica
2704 5471 2939 5542 Historia
2980 5468 3314 5524 Nudiandttm
3356 5484 3461 5542 pro
3489 5467 3607 5522 Ναο

2009 5541 2190 5598 sittan
2234 5545 2556 5614 scripsisse:
2600 5541 2872 5600 Ναδιανδὸν
2911 5541 2964 5598 δὲ
2994 5545 3081 5597 καὶ
3109 5543 3382 5607 Ναζιανζὸν
3427 5541 3607 5606 ἐξωνο-

2013 5617 2181 5690 μὰζει.

2086 5690 2147 5741 (ὲ.
2188 5685 2327 5752 256,
2367 5686 2422 5740 4.
2464 5684 2642 5740 Locus
2684 5685 2832 5740 Isaia:
2885 5685 3170 5756 respicitur
3223 5699 3350 5749 LIII,
3398 5683 3462 5749 5,
3515 5699 3609 5754 pro

2014 5759 2160 5814 nobis
2190 5759 2347 5824 dolet,
2371 5768 2416 5812 et
2447 5774 2538 5812 nos
2563 5759 2928 5812 wstimavimus
2953 5775 3068 5812 eum
3089 5761 3142 5813 in
3161 5757 3422 5814 doloribus
3442 5771 3571 5811 esse.

2087 5829 2128 5881 (ἶ
2175 5827 2303 5896 256,
2331 5831 2386 5887 5.
2416 5831 2468 5883 in
2497 5827 2671 5898 Cwlis,
2695 5838 2755 5884 ut
2786 5830 2837 5884 in
2865 5827 3074 5886 Grieco.
