4232 6256
605 370 672 426 XI

668 487 733 539 C.
762 485 891 549 385,
921 483 969 538 l.
1000 482 1151 536 Nihil
1172 481 1253 536 hic
1275 480 1658 533 adnotaverunt.

670 557 735 613 C.
764 556 889 616 329.
925 556 977 611 1.
1011 554 1195 608 Oleum
1214 550 1560 606 exultationis.

673 626 737 684 C.
768 628 894 692 567,
926 625 982 681 5.
1017 624 1227 678 lnlicita
1253 631 1345 678 est.

673 700 734 753 (ἶ.
767 699 893 762 583,
922 698 976 751 3.
1013 695 1304 763 Expetitur.

1930 352 2186 410 MAFFEI
2226 347 2563 406 EDITIONIS

2215 464 2345 528 Ain
2374 478 2475 518 ms.
2511 462 2707 532 legitur
2732 477 2746 513 :
2769 436 2975 514 Annum
2995 455 3171 513 (ειενηὶ
3192 464 3238 510 et
3265 451 3395 508 beati
3416 449 3556 506 illius
3590 447 3757 505 seculi
3783 445 3891 501 sine

2291 558 2447 612 dubio
2486 556 2754 621 declarat,
2794 553 2917 623 quia
2949 549 3187 605 bonitatis
3221 544 3429 602 Domini
3464 544 3544 598 hic
3580 557 3746 596 annus
3786 546 3883 595 est.

3793 323 3890 387 XII

2299 646 2475 723 Hujus
2504 647 2629 701 anni
2664 643 2975 699 benedicitur
3001 656 3218 707 corona,
3247 639 3451 693 visitata
3479 635 3611 690 enim
3638 642 3777 688 terra
3795 631 3890 702 ⁸ἱιι-
3948 682 3953 695 ,

1013 724 1620 822 ᾮἫίιῗξξίξίξπαιηιίηαηι,
1654 756 1813 828 paulo
1845 752 1985 811 intra
2007 751 2194 807 cal“-
2295 739 2639 794 cundissimus
2688 753 2851 793 annus
2907 743 2954 789 et
3007 732 3343 787 suavissimus
3391 729 3521 794 erit;
3572 726 3680 782 hazc
3751 724 3890 779 enim

602 852 703 896 tem
742 824 1019 893 manuum:
1050 843 1119 893 ita
1166 836 1401 891 Hilarius
1442 824 1729 897 l’aschant,
1764 838 1894 892 etc.,
1940 836 1997 880 ut
2035 824 2196 880 Eras-

607 927 726 967 mus
750 909 1131 964 animadvertit
1160 912 1210 962 in
1242 904 1575 973 praefatione.

680 983 739 1037 C.
769 982 897 1046 400,
930 982 982 1035 ϐ.
1024 981 1080 1035 In
1112 994 1214 1033 ms.
1244 965 1432 1040 iniqui,
1461 974 1593 1028 utin
1620 973 1862 1027 Romano
1883 965 2147 1046 Psalterio
2179 979 2193 1019 t

609 1070 712 1110 nec
737 1055 844 1108 alio
884 1037 1056 1107 sensu
1112 1037 1473 1118 Hieronyinus
1515 1052 1903 1118 persequutores
1951 1037 2156 1092 sceleris
2183 1076 2197 1099 ,

613 1127 663 1179 id
694 1134 795 1186 est,
841 1123 1079 1186 scelesti;
1126 1136 1248 1175 nam
1273 1115 1332 1173 et
1354 1115 1572 1172 Plautus
1609 1115 1795 1185 ﬂagitii
1826 1116 2200 1181 persequentem

612 1198 746 1253 dixit
777 1212 869 1264 pro
890 1193 1072 1264 ﬂagitii
1101 1199 1482 1264 :itnatt)_re,_se_t_t
1505 1186 1789 1264 llagitioso.

683 1266 744 1321 Ο.
774 1252 902 1331 λείοδ
935 1252 989 1319 ὄῗ
1030 1263 1088 1317 1η
1116 1252 1371 1316 anteriori
1394 1252 1628 1313 editione
1649 1252 2011 1331 erathntentis,
2041 1264 2202 1318 quam

617 1327 909 1395 dictionem
941 1335 1253 1390 Erasmiana
1286 1345 1395 1386 non
1428 1331 1608 1394 habet,
1633 1342 1733 1382 nec
1763 1327 1897 1381 liber
1927 1331 2130 1395 noster.

684 1411 743 1464 Ο.
778 1410 900 1475 517,
932 1408 982 1460 l.
1026 1406 1122 1460 Hic
1151 1402 1476 1475 locideSerit
1522 1393 1621 1453 nos
1652 1399 1751 1475 sub
1777 1406 1872 1475 _tot
1899 1393 2204 1475 seculorum

615 1481 853 1551 pondere
888 1466 1149 1551 ialisceus
1174 1474 1378 1551 codex,
1404 1470 1713 1551 postremis
1746 1466 1950 1524 chartis
1986 1476 2208 1535 prorsus

616 1546 795 1608 exesis
818 1560 906 1604 aut
934 1549 1132 1604 misere
1160 1546 1468 1615 discerptis.

695 1665 854 1736 Exegi
878 1662 1244 1718 monimentum
1268 1660 1405 1733 febre
1431 1656 1715 1724 molestius,
1736 1655 1788 1709 in
1809 1654 1926 1724 ipso
1940 1648 2210 1707 scribendi

621 1768 754 1813 :rstu
800 1757 989 1811 subtus
1029 1754 1375 1817 addiderant,
1410 1750 1761 1806 Horatianum
1791 1760 2007 1802 versum
2050 1742 2213 1815 paulo

2300 830 2489 886 Christi
2535 839 2610 883 est
2661 835 2907 899 potestate
2955 823 3186 881 uictoria.
3245 821 3412 891 Magis
3465 826 3891 875 consentaneum

2300 933 2443 989 est,
2514 921 2771 975 Hilarium
2829 919 3004 988 ipsum
3060 916 3132 970 ita
3188 913 3436 986 primitus
3510 908 3895 973 elucubrasse,

2302 1015 2497 1073 deinde
2527 1016 2741 1069 auxisse
2768 1011 2921 1067 novis
2949 1009 3117 1077 curis,
3150 1017 3203 1062 et
3232 1008 3282 1062 in
3320 1004 3635 1076 ampliorem
3667 1001 3894 1056 formam

2303 1109 2594 1180 redegisse.
2627 1106 2788 1161 Forte
2813 1104 3101 1161 ὃθτιιιοιιθε
3130 1100 3197 1157 ad
3230 1099 3481 1170 populum
3510 1093 3783 1151 habendos
3818 1093 3892 1149 ita

2308 1207 2455 1276 prius
2481 1201 2742 1266 exaravit,
2775 1213 2912 1269 quos
2941 1195 3136 1252 exinde
3164 1196 3216 1248 in
3256 1190 3685 1247 Commentarios
3719 1198 3895 1243 trans-

2307 1296 2464 1351 fudit.
2518 1294 2809 1364 Propterea
2843 1292 2896 1346 in
2924 1290 3065 1345 Psal.
3096 1302 3203 1344 va
3232 1286 3319 1341 illa
3347 1284 3526 1340 omnia
3566 1296 3668 1337 ms.
3703 1280 3901 1335 transi-

2308 1391 2402 1455 lit,
2430 1404 2551 1459 qua:
2578 1387 2643 1440 ad
2675 1385 3014 1441 Grmcitatem
3049 1382 3351 1451 pertinent,
3380 1388 3433 1432 et
3462 1393 3492 1431 e
3521 1375 3693 1431 σιτερὶ
3722 1382 3901 1431 textus

2309 1482 2541 1539 lectione
2585 1478 2941 1534 deducuntur.
2983 1475 3094 1530 Nec
3140 1483 3317 1528 tamen
3362 1470 3416 1524 in
3455 1469 3553 1523 bac
3592 1466 3903 1535 conjectura

2310 1573 2445 1629 satis
2464 1571 2878 1643 acquiescimus:
2902 1567 3062 1622 nimis
3087 1565 3231 1621 enim
3257 1577 3443 1617 manca
3473 1561 3791 1631 plerumque
3811 1570 3909 1611 ex-

2317 1666 2512 1737 positio
2543 1674 2659 1730 est,
2705 1648 2989 1734 pluresque
3021 1658 3353 1715 Psalmorum
3385 1653 3680 1711 versiculos
3709 1658 3905 1723 prtclev

2322 1759 2414 1825 rit,
2443 1772 2579 1825 quos
2610 1760 2960 1824 interpretem
2986 1751 3042 1805 in
3062 1749 3126 1803 iis
3152 1762 3272 1818 qure
3299 1747 3492 1802 desunt
3519 1743 3783 1813 attigisse,
3813 1738 3913 1795 ali-

622 1851 986 1921 detorqucns;
1020 1861 1083 1902 ac
1114 1850 1157 1902 si
1198 1845 1501 1918 gratularer
1537 1842 1697 1905 mihi,
1726 1838 1870 1911 quod
1892 1854 1956 1892 eo
1979 1836 2210 1891 tamdem

2328 1849 2534 1923 quando
2562 1844 2828 1902 sententia
2855 1843 3211 1898 demonstrat.
3238 1838 3492 1906 Quzedam
3521 1836 3680 1890 etiam
3707 1831 3915 1887 addun-

623 1941 807 1997 labore
848 1940 1051 1994 levatus
1080 1953 1255 1994 essem
1286 1954 1299 1990 :
1327 1936 1502 1990 varias
1543 1932 1806 2004 siquidem
1844 1929 2107 1987 lectiones
2136 1928 2217 1981 in-

626 2035 798 2090 vicem
826 2032 1095 2099 conferre,
1130 2030 1398 2102 fugientes
1425 2030 1632 2085 litteras
1660 2027 1933 2099 persequi,
1970 2024 2215 2079 codicum

627 2127 808 2198 apices
836 2135 1087 2196 captare;
1118 2133 1175 2179 et
1202 2138 1324 2178 cum
1350 2122 1499 2176 miris
1528 2120 1873 2175 librariorum
1900 2115 2220 2187 sphalmatis

628 2221 950 2292 Conﬂigere,
1001 2236 1086 2275 res
1116 2227 1199 2275 est
1252 2215 1585 2273 incredibilis
1637 2211 1901 2269 molestiae
1949 2212 2138 2283 plena,
2167 2216 2222 2264 et

630 2314 985 2384 undequaque
1011 2312 1258 2382 periculis
1282 2310 1668 2377 circumsepta.
1698 2306 1846 2379 lpsas
1866 2303 2219 2376 praecedentis

629 2408 856 2462 editoris
883 2406 1129 2461 eruditas
1153 2405 1533 2461 adnotatioues
1555 2418 1678 2458 cum
1702 2413 2099 2473 perciti-rorem,
2128 2398 2226 2455 ali-

631 2516 733 2570 qua
778 2497 1005 2553 Parisini
1035 2497 1279 2567 quamvis
1308 2494 1701 2566 diligentissimi
1735 2491 2051 2565 typographi
2076 2506 2225 2548 men-

630 2594 697 2647 da
731 2601 918 2648 nostro
946 2589 1328 2656 ostendebant;
1362 2600 1415 2647 ut
1456 2589 1523 2644 ab
1553 2588 1620 2644 iis
1666 2588 1765 2644 sibi
1806 2595 2051 2652 caveret;
2083 2569 2235 2644 velut

639 2701 760 2756 pag.
786 2684 917 2751 l75,
946 2684 1041 2739 ubi
1068 2683 1225 2738 Tullii
1262 2682 1414 2738 locus
1449 2681 1673 2737 all‘ertur
1702 2689 1935 2752 negante
1969 2679 2226 2734 adverbio

636 2775 1045 2847 praetermisso:
1080 2773 1240 2829 modo
1274 2784 1453 2827 autem
1502 2771 1553 2826 id
1573 2771 1791 2843 quidem
1836 2769 2227 2843 typographum

546 2862 551 2869 ’
636 2882 902 2938 nostrum,
939 2884 1059 2942 pag.
1104 2868 1229 2935 197,
1259 2867 1568 2940 reposuisse
1592 2864 1749 2922 video
1772 2906 1788 2933 ,
1816 2861 1909 2919 sed
1938 2863 2227 2919 dictionem

635 2966 794 3020 aliam
822 2964 1162 3035 praeterisse:
1197 2963 1298 3033 legi
1329 2962 1473 3017 enim
1504 2960 1664 3018 debet
1689 2976 1704 3025 ;
1728 2959 1864 3029 quod
1884 2959 1971 3029 qui
2008 2958 2227 3024 dubitur,

638 3057 778 3111 haud
793 3073 917 3111 sane
950 3055 1181 3126 intelligo
1201 3096 1216 3122 ,
1249 3071 1342 3109 cur
1364 3071 1466 3108 non
1501 3055 1672 3120 idem,
1704 3051 1798 3107 Sol
1818 3052 1906 3118 sit,
1950 3066 2017 3103 an
2055 3049 2230 3104 nullus

637 3154 725 3218 sit,
752 3152 985 3207 dubitare
1008 3151 1187 3222 possit.

2321 1953 2424 2007 tur,
2446 1957 2565 2013 qucc
2589 1939 2771 1994 liilarii
2796 1953 2900 1991 non
2933 1933 3202 2000 videntur,
3232 1940 3289 1985 ut
3316 1930 3379 1985 ad
3410 1930 3549 1985 Psal.
3576 1943 3723 1992 LXIV,
3753 1940 3805 1979 η.
3834 1925 3868 1980 4
3895 1962 3912 1983 ι

2321 2033 2553 2089 Ecclesia
2582 2030 2807 2086 nondum
2836 2027 3025 2084 Christi
3052 2026 3268 2078 adventu
3296 2023 3605 2078 inluminata
3623 2063 3636 2085 ,
3670 2019 3767 2091 fuit
3794 2017 3895 2071 ali-

2321 2126 2525 2197 quando
2552 2130 2695 2178 vanis
2722 2118 3166 2192 superstitionibus
3194 2116 3415 2170 obnoxia
3440 2155 3454 2181 ,
3487 2129 3605 2167 cum
3650 2119 3909 2177 praecepta

2323 2220 2555 2293 gentilia,
2580 2225 2685 2274 etc.
2720 2217 2833 2269 lloc
2862 2214 2913 2267 in
2942 2210 3100 2267 editis
3124 2208 3192 2264 de
3214 2207 3434 2263 immani
3460 2205 3672 2278 generis
3694 2203 3916 2275 univer-

2324 2314 2482 2369 sitate
2532 2310 2843 2382 profertur,
2875 2320 3035 2378 quam
3084 2302 3342 2359 Ecclesia:
3387 2300 3603 2358 nomine
3642 2311 3916 2367 nunquam

2326 2405 2628 2475 indigitavit
2650 2405 2858 2459 Auctor
2887 2411 3090 2456 noster.
3109 2399 3296 2469 Neque
3317 2397 3448 2452 illud
3470 2392 3539 2448 ab
3561 2408 3627 2448 eo
3654 2402 3773 2447 esse
3801 2404 3923 2444 cre-

2326 2498 2552 2554 diderim
2603 2497 2654 2552 in
2706 2497 2849 2552 Psal.
2876 2512 3054 2552 cxxtv.
3099 2493 3212 2548 Hoc
3243 2493 3356 2547 loco
3385 2490 3436 2543 in
3477 2487 3706 2543 circuitu
3738 2482 3922 2555 populi

2331 2591 2670 2661 Evangelium
2698 2591 2976 2662 signiﬁcat.
3001 2588 3113 2645 Nec
3158 2587 3273 2641 loca
3295 2582 3491 2640 desunt
3516 2581 3693 2635 minus
3724 2590 3926 2647 oppor-

2330 2694 2456 2739 tune
2478 2684 2746 2750 mutilata,
2776 2693 2830 2738 et
2848 2684 3025 2737 tuitius
3051 2682 3327 2751 eleganter
3351 2687 3615 2731 connexa.
3644 2668 3922 2739 Suspicari

2330 2790 2459 2845 ergo
2497 2776 2778 2845 quisquam
2824 2774 2994 2844 possit
3048 2772 3114 2826 ab
3166 2771 3269 2823 alia
3319 2782 3477 2821 manu
3516 2764 3614 2819 has
3660 2763 3927 2831 epitomas

2332 2866 2665 2936 processisse
2686 2909 2699 2930 ,
2734 2876 2787 2921 et
2836 2865 2887 2920 in
2917 2862 3192 2938 pr0prium
3228 2876 3381 2916 usum
3419 2859 3489 2912 ita
3521 2857 3588 2912 ab
3618 2854 3800 2925 aliquo
3831 2850 3929 2911 hos

2333 2959 2751 3014 commentarios
2787 2971 3100 3014 conversos.
3137 2954 3275 3023 Quin
3307 2964 3361 3007 et
3385 2951 3475 3007 illa
3503 2946 3788 3016 aliquando
3839 2959 3932 3000 su-

2333 3053 2504 3123 spicio
2550 3051 2800 3118 incessit;
2845 3066 2970 3105 num
3018 3050 3069 3103 in
3104 3043 3541 3109 commentarios,
3591 3056 3724 3109 quos
3765 3037 3935 3091 habe-

2335 3159 2476 3206 mus,
2505 3142 2748 3198 extranei
2780 3142 3066 3213 quicquam
3098 3149 3152 3193 et
3179 3137 3340 3192 alieni
3370 3133 3694 3189 insinuatum
3728 3127 3885 3182 fuerit
3913 3143 3930 3193 ;

710 3245 1092 3302 Verumtamen
1143 3251 1337 3312 praeter
1358 3242 1599 3296 diversas
1626 3236 1712 3294 hic
1730 3247 1786 3295 et
1804 3235 1908 3294 sub
1936 3242 2080 3311 textu
2111 3250 2237 3306 pru-
2264 3243 2309 3308 C
2344 3235 2489 3291 velut
2514 3249 2638 3305 quae
2668 3235 2722 3289 in
2749 3232 3089 3304 espositione
3120 3230 3259 3287 Psal.
3293 3242 3450 3283 va~a
3481 3225 3790 3281 Graecarum
3818 3220 3935 3274 dic-

641 3340 775 3394 latas
804 3336 1085 3401 lectiones,
1118 3335 1327 3406 aliquos
1352 3350 1415 3389 es
1443 3333 1627 3388 llilarii
1657 3332 1972 3387 tractatibus
2003 3333 2056 3386 in
2081 3326 2237 3386 Psal-

646 3445 762 3486 mos
792 3430 987 3485 retinet
1012 3427 1179 3483 codex
1211 3437 1396 3483 noster
1439 3426 1712 3480 multoties
1737 3465 1753 3492 ,
1786 3438 1885 3479 nec
1914 3426 2093 3494 paucis
2119 3426 2237 3479 dic-

647 3527 880 3583 tionibus
905 3567 920 3591 ,
954 3525 1034 3580 vel
1064 3538 1172 3578 uno
1210 3532 1413 3577 tantum
1455 3531 1547 3577 aut
1589 3520 1761 3576 altero
1793 3534 1950 3576 versu
1982 3518 2049 3575 ab
2075 3517 2239 3576 editis

646 3620 986 3675 recedentes.
1015 3617 1137 3685 Eos,
1176 3623 1233 3670 ut
1255 3616 1456 3685 jaceat,
1479 3613 1766 3682 diligenter
1784 3611 2085 3681 exscriptos
2110 3626 2241 3665 con-

638 3711 869 3791 junctim
917 3707 1235 3778 adponimus
1289 3714 1341 3760 et
1398 3704 1713 3760 exhibemus
1746 3720 1758 3756 :
1787 3714 2004 3759 errores
2034 3708 2239 3758 tantum

649 3803 909 3875 quosdam
951 3801 1263 3858 sustulimus
1283 3841 1298 3868 ,
1338 3809 1392 3854 et
1417 3797 1681 3855 dictiones
1713 3795 1912 3868 profeta
1934 3838 1950 3866 ,
1979 3794 2237 3867 ﬁlosofus,

647 3896 990 3951 centensimus
1009 3932 1024 3962 ,
1057 3904 1161 3949 etc.
1187 3934 1202 3961 ,
1230 3892 1297 3947 ad
1323 3904 1668 3947 communem
1707 3904 1862 3946 usum
1886 3889 2238 3946 traduximus.

649 3988 937 4045 Varietatis
984 3987 1122 4041 ratio
1172 3986 1222 4039 in
1249 4000 1315 4040 eo
1365 3984 1636 4055 prwcipue
1679 3983 1938 4048 vertitur,
1980 3991 2037 4036 ut
2072 3982 2244 4038 multo

650 4081 924 4135 breviores
954 4077 1008 4133 hi
1043 4080 1209 4134 nostri
1248 4078 1377 4141 sint,
1413 4076 1659 4147 pluresve
1686 4090 1788 4147 qua
1813 4074 2063 4145 periodos
2088 4116 2104 4143 ,
2140 4088 2243 4143 qua

648 4175 881 4241 integras
914 4173 1131 4242 paginas
1161 4171 1274 4225 sive
1300 4169 1531 4239 scriptus
1558 4169 1695 4225 liber
1723 4175 1953 4233 resecet,
1982 4167 2099 4221 sive
2130 4166 2246 4221 vul-

648 4268 757 4335 gati
787 4264 1131 4318 interserant.
1165 4261 1446 4330 Quodnam
1490 4259 1559 4315 de
1594 4258 1904 4329 bujusmudi
1942 4257 2246 4314 dill‘erentia

646 4358 908 4426 judicium
944 4356 1220 4412 ferendum
1260 4355 1329 4409 sit
1368 4352 1558 4409 doctus
1600 4350 1793 4408 Lector
1830 4360 2049 4407 statuet.
2085 4352 2246 4424 Cogi-

652 4458 887 4504 taveram
935 4449 1115 4517 prius,
1164 4462 1290 4501 num
1324 4459 1392 4501 ex
1420 4460 1515 4501 ore
1560 4445 1956 4516 pronuntiantis
1994 4454 2247 4514 exceptos

652 4542 892 4598 notarius
922 4541 1069 4596 vocis
1098 4538 1429 4595 celeritatem
1459 4539 1596 4593 haud
1621 4552 1917 4608 assequens
1939 4537 2248 4594 decurtatos

2341 3331 2544 3385 tionum
2587 3329 2914 3399 proprietate
2952 3341 3015 3380 ac
3043 3325 3093 3380 vi
3123 3324 3435 3379 derivantur
3463 3339 3476 3375 :
3504 3318 3737 3374 Hilarius
3764 3314 3932 3385 siqui-

2340 3418 2461 3476 dem
2513 3418 2812 3477 Gra’carum
2835 3420 3124 3474 litterarum
3153 3414 3429 3484 quamdam
3459 3424 3664 3467 tantum
3694 3408 3932 3463 aurulant

2339 3523 2598 3585 caperet,
2627 3513 2672 3571 si
2702 3513 3032 3585 Hieronymo
3075 3511 3209 3567 lides
3243 3509 3299 3565 in
3333 3507 3577 3580 Epistula
3610 3504 3675 3559 ad
3707 3503 3935 3559 Marcel-

2342 3611 2485 3676 lam;
2517 3623 2679 3679 quam
2707 3607 3069 3676 suspicionem
3100 3615 3275 3660 tamen
3300 3618 3413 3657 rem
3438 3598 3830 3672 perpendentes
3852 3611 3937 3651 reo

2339 3703 2590 3781 iecimus.
2630 3701 2830 3757 Verum
2874 3700 2940 3756 de
2978 3698 3060 3757 bis
3105 3698 3439 3754 eruditorum
3483 3692 3757 3749 hominum
3792 3687 3939 3758 judi-

2341 3796 2485 3851 cium
2512 3803 2653 3851 esto.

2414 3887 2536 3957 lpso
2577 3887 2731 3942 initio
2769 3884 2969 3956 aliquid
2998 3882 3191 3939 deesse
3212 3924 3227 3949 ,
3253 3882 3427 3951 spatio
3470 3878 3659 3934 relicto
3689 3872 3941 3930 librat-ins

2345 3982 2553 4037 innuit:
2588 3978 2715 4035 hinc
2741 3988 2845 4045 est,
2874 3976 3018 4048 quod
3055 3991 3086 4029 a
3117 3975 3388 4030 versiculo
3416 3972 3647 4043 septimo
3674 3964 3942 4037 cXpositio

2345 4074 2584 4144 incipiat.
2632 4071 2745 4128 Sub
2782 4070 2943 4126 linem
2975 4082 3191 4140 quoque
3233 4065 3372 4121 Psal.
3419 4079 3598 4120 cxxxn
3637 4059 3943 4116 mutilatum

2346 4166 2649 4237 dignosces.
2688 4163 2785 4221 Ubi
2832 4163 2889 4218 in
2930 4161 3089 4217 editis
3130 4159 3237 4215 col.
3282 4156 3535 4212 editionis
3564 4162 3766 4210 nostra:
3798 4148 3940 4207 l88:

2348 4246 2605 4314 Accinctio
2635 4256 2872 4328 potentia!
2897 4256 2940 4309 ei
2966 4253 3101 4320 quod
3129 4251 3386 4322 indigebat
3412 4249 3615 4319 corpori
3646 4253 3941 4314 coaptatur.

2351 4349 2472 4405 Non
2502 4350 2636 4404 enim
2665 4349 2822 4402 virtus
2845 4346 3147 4418 accingitur,
3185 4343 3273 4398 sed
3303 4342 3355 4397 in
3375 4343 3558 4396 virtute
3593 4338 3686 4394 Dei
3708 4337 3933 4408 potentia

2350 4443 2500 4497 homo
2533 4457 2680 4512 quem
2712 4439 2960 4493 Dominus
2986 4436 3256 4507 assumpsit
3294 4433 3613 4503 accingitur:
3639 4430 3805 4484 multo
3826 4444 3942 4484 mc-

2349 4540 2454 4594 lius
2484 4535 2788 4606 explicatur
2809 4532 2862 4587 iu
2896 4544 2999 4585 ms.
3030 4528 3154 4582 Non
3179 4528 3315 4581 enim
3335 4526 3492 4579 virtus
3519 4524 3824 4593 accingitur,
3855 4519 3947 4574 sed

652 4636 920 4701 dedisset;
958 4643 1015 4689 ut
1041 4633 1328 4706 quamdam
1358 4631 1590 4688 Caesaris
1630 4632 1929 4689 orationem
1948 4673 1963 4699 ,
1987 4647 2108 4703 quae
2137 4632 2240 4687 cir-
2273 4630 2327 4697 D
2352 4633 2405 4686 in
2433 4631 2614 4685 virtute
2642 4627 2738 4682 Dei
2764 4625 2988 4696 patentia
3019 4620 3237 4676 hominis
3254 4620 3344 4688 ;id
3361 4627 3455 4687 est,
3479 4616 3527 4672 ei
3554 4615 3783 4686 corporis
3807 4614 3945 4684 quod

653 4728 1052 4786 cumierebatur
1072 4770 1087 4793 ,
1112 4726 1451 4785 existimabat
1483 4724 1754 4797 Augustus
1784 4724 1848 4779 ab
1880 4727 2125 4785 actuariis
2155 4742 2247 4781 ex.

654 4831 852 4893 ceptum
878 4822 1011 4875 male
1036 4818 1450 4891 subsequentibus
1471 4819 1625 4874 verba
1662 4817 1874 4872 dicentis
1904 4816 2087 4889 (Suet.
2115 4818 2246 4872 Caes.

658 4928 707 4969 c.
742 4912 869 4986 55).
901 4914 969 4968 At
997 4914 1174 4968 obstat
1216 4911 1601 4983 consequentia
1648 4910 1947 4975 sermonis,
1977 4918 2035 4965 et
2070 4908 2249 4965 addita

656 5008 817 5062 etiam
861 5006 1126 5063 interdum
1154 5004 1350 5072 verba,
1385 5019 1448 5058 ac
1483 5010 1717 5058 mutatus
1747 5019 1852 5058 non
1884 5000 2252 5072 infrequenter

656 5100 916 5155 orationis
933 5106 1251 5153 contextus:
1272 5097 1359 5153 ubi
1378 5096 1521 5151 enim
1544 5094 1775 5165 exempli
1796 5108 1955 5150 causa
1980 5096 2033 5149 in
2058 5094 2248 5150 editis:

659 5194 865 5251 Annum
897 5193 1222 5266 benignitatis
1248 5191 1340 5246 Dei
1361 5206 1425 5245 ea:
1448 5189 1756 5262 propheticis
1778 5199 1929 5254 atque
1947 5187 2255 5258 Apostolicis

660 5290 910 5346 doctrinis
938 5289 1265 5361 cognovimus
1296 5288 1416 5359 (Ad
1440 5287 1571 5358 psal.
1606 5286 1731 5357 va)
1758 5302 1773 5354 ;
1801 5295 1854 5341 et
1884 5297 2005 5359 post
2030 5287 2205 5360 aliqua
2239 5305 2253 5343 :

664 5386 905 5459 Namque
932 5388 1174 5443 bonitatis
1202 5385 1415 5441 Domini
1453 5387 1536 5440 hic
1556 5402 1724 5441 annus
1748 5395 1858 5449 est,
1881 5399 1983 5455 quo
2003 5394 2150 5439 erunt
2177 5385 2260 5440 in-

664 5481 862 5550 defessa
889 5481 983 5535 illa
1010 5481 1239 5550 benigna:
1273 5480 1622 5537 retributionis
1652 5491 1882 5552 ternpora
1911 5479 2254 5548 auspicantia.

670 5573 843 5644 Hujus
864 5575 1022 5646 igitur
1051 5576 1173 5628 anni
1191 5573 1283 5628 Dei
1311 5573 1569 5629 benedicrt
1598 5591 1839 5629 coronam
1851 5571 2261 5645 jucundissiinus

689 5679 736 5722 et
785 5668 1119 5724 suavissimus
1165 5666 1380 5722 visitata
1426 5677 1574 5721 terra:
1638 5666 1996 5734 inebriatteque
2043 5662 2260 5733 fructus.

684 5759 815 5816 Htec
858 5762 993 5816 enim
1037 5762 1226 5819 Christi
1270 5770 1373 5830 est,
1416 5762 1631 5835 depulsa
1672 5775 1945 5833 corporum
1976 5758 2271 5813 nostrorum

707 5869 875 5926 (ωιτη
896 5858 1050 5923 tione,
1080 5866 1124 5907 rt
1152 5871 1304 5923 pmn
1324 5865 1407 5926 plu
1439 5855 1617 5907 inertis
1645 5863 1907 5923 petistatr,
1936 5851 2147 5903 victoria
2171 5863 2189 5902 :
2218 5848 2258 5904 il

2353 4725 2524 4779 deerat
2569 4727 2856 4791 coaptatur.
2906 4715 3035 4787 Ejus
3086 4730 3202 4783 ergo
3246 4710 3466 4766 hominis
3508 4707 3773 4779 potentia,
3799 4723 3949 4778 quem

2355 4815 2496 4870 Deus
2522 4812 2807 4881 adsumpsit
2830 4851 2844 4876 ,
2872 4808 3158 4877 accingitur
3180 4807 3233 4858 in
3259 4805 3461 4859 uirtute.
3507 4801 3627 4856 lam
3655 4814 3784 4855 vero
3812 4799 3951 4855 nihil

2355 4907 2491 4961 ultra
2518 4914 2573 4960 te
2595 4900 3078 4966 moramur,amice
3106 4898 3318 4962 Lector,
3354 4903 3409 4950 et
3435 4893 3604 4964 ipsos,
3628 4900 3687 4947 ut
3714 4893 3767 4946 in
3800 4890 3953 4946 cudi-

2356 5015 2421 5057 ce
2450 5004 2745 5070 apparent,
2779 4994 3065 5051 Tractatus
3086 5033 3100 5059 ,
3129 4992 3243 5046 sive
3273 5003 3551 5045 sermones
3573 5029 3587 5054 ,
3629 4996 3719 5041 aut
3746 4999 3955 5041 sermo-

2358 5108 2485 5149 num
2514 5088 2950 5146 adumbrationes
2978 5086 3170 5149 mavis,
3202 5082 3294 5139 tibi
3326 5082 3397 5139 ob
3420 5080 3608 5137 oculos
3630 5079 3888 5135 sistimus.

2736 5244 2987 5304 INCIPIT
3028 5238 3348 5299 PSALMUS
3388 5238 3572 5295 LXlll.

2790 5361 2845 5415 lu
2876 5373 3038 5414 rincu
3066 5356 3309 5413 Psstuus
3329 5353 3528 5409 Davm.

2440 5482 2665 5548 Exaudi,
2694 5479 2852 5543 Deus,
2872 5475 3148 5548 orationem
3163 5486 3347 5536 meam,
3377 5470 3500 5548 dum
3524 5467 3769 5548 deprecor
3794 5462 3964 5546 aliter

2368 5578 2399 5615 a
2427 5535 2606 5612 timore
2630 5535 2825 5607 inimici
2841 5535 2963 5602 erue
2982 5546 3206 5599 animam
3226 5535 3411 5615 meam.
3460 5541 3693 5615 Scrutati
3716 5545 3831 5590 sunt
3861 5535 3965 5615 ini-

2403 5605 2605 5687 uita'tes‘.
2630 5605 2920 5698 defecerunt
2949 5625 3233 5698 scrutantes
3258 5613 3522 5698 scrutinio.
3555 5609 3787 5698 Spiritus
3817 5605 3964 5661 enim

2418 5681 2734 5770 replieialis,
2759 5693 2847 5765 qui
2874 5706 2965 5770 per
2994 5687 3160 5770 David
3195 5685 3531 5770 loquebatur,
3583 5681 3808 5770 audiens
3847 5692 3967 5770 ept-

2373 5747 3080 5826 iiiaEt'scien'sV'uuiversa,
3115 5758 3218 5811 hoc
3247 5747 3298 5811 iii
3331 5756 3448 5811 loco
3493 5768 3598 5809 non
3651 5752 3822 5807 solum
3861 5747 3973 5826 _Ju~

2377 5822 2623 5900 ditiorum
2668 5822 2965 5906 malignam
3040 5822 3513 5900 conspirationem,
3570 5837 3755 5882 verum
3802 5822 3969 5879 etiam
