4232 6256
356 320 402 378 Χ
414 321 479 379 111

1826 317 2215 381 PREFA’I‘IO.

3530 310 3651 375 XIV

361 434 821 513 Philosophorum
851 440 1061 513 inanem
1088 436 1403 513 scientiam,
1459 438 1950 513 et__llmrc‘ticornm
1980 442 2031 501 Α
2060 436 2456 513 ιυνηᾶνςεινεῃηι
2491 436 2590 491 ista
2613 444 2947 513 scrutantes.
2984 435 3109 490 [δοκι
3138 433 3342 513 haesit
3382 452 3393 487 :

361 508 673 584 perversam
706 512 1097 569 contumaciam
1130 512 1439 584 pronuntiat
1480 508 1766 584 aliquando
1814 511 1947 569 deli-

360 583 483 639 Ccre
516 600 528 637 :
562 585 614 639 in
634 586 737 639 hoc
763 584 994 646 capitulo
1016 583 1342 651 ostenditur,
1368 597 1488 637 cum
1505 583 1634 636 dicit
1658 599 1670 636 :

432 654 755 710 Perserutati
780 664 899 708 sunt
924 656 1244 723 iniquitates,

432 726 742 798 Defecerunt
766 736 1051 798 scrutantes
1076 725 1339 798 scrutinio.

429 792 679 853 omnium
699 811 828 865 ergo
845 797 1103 851 malorum
1134 796 1406 853 hominum
1439 796 1646 867 ingenia
1674 792 1945 864 deficiunt,

357 879 420 924 ut
446 869 680 924 ostendit
708 867 995 937 Propheta.
1029 867 1387 938 Philosomius
1403 870 1545 924 enim
1569 868 1748 922 tnundi
1773 868 1915 920 domi
1932 897 1944 906 -

361 950 547 996 natum
575 945 884 1010 impugnat,
913 953 1055 992 nunc
1076 938 1258 1010 aquis,
1293 955 1435 995 nunc
1466 949 1646 1004 terrae,
1675 953 1815 1009 nunc
1840 953 1951 1010 coe-

361 1013 418 1067 lo
474 1012 564 1065 Dei
613 1008 809 1066 netu—eu
865 1008 1178 1080 indulgens;
1244 1009 1537 1066 llmreticus
1596 1008 1790 1064 autem
1823 1008 1952 1063 doc-

359 1083 556 1138 trinam
586 1081 705 1136 fidei
735 1081 993 1137 mentitur
1025 1079 1039 1133 ξ
1073 1089 1257 1135 eontra
1305 1095 1441 1151 quos
1471 1097 1660 1136 omnes
1709 1079 1949 1150 pervigili

357 1168 486 1209 cura
510 1195 524 1217 ,
559 1164 616 1209 et
650 1154 864 1209 assidua
895 1150 961 1206 ad
996 1150 1273 1222 Dominum
1304 1150 1548 1207 Oratione
1572 1153 1840 1222 pugnavit.
1872 1152 1952 1207 01)

360 1226 466 1280 hoc
494 1224 657 1295 igitur
680 1225 942 1293 Propheta
986 1221 1122 1295 dixit
1155 1241 1167 1277 :
1202 1221 1431 1292 Exaudi,
1466 1222 1628 1290 Deus,
1649 1221 1951 1277 orationem

360 1294 550 1360 meam,
572 1297 691 1350 dum
719 1296 967 1366 deprecor,
986 1294 1055 1346 ad
1086 1302 1153 1349 te.

432 1363 932 1438 Vigilandum‘ergo
960 1365 1274 1438 inet-aliene
1295 1365 1396 1438 Dei
1428 1372 1543 1433 est,
1573 1373 1631 1421 ut
1657 1379 1777 1421 cum
1832 1363 1955 1419 fati-

357 1443 470 1508 gari
503 1435 680 1492 anima
713 1436 769 1491 in
796 1435 1064 1507 pressuris
1093 1437 1331 1508 emperit
1353 1479 1366 1500 ,
1396 1438 1538 1492 Deus
1566 1452 1777 1505 semper
1834 1452 1953 1490 ora-

358 1507 446 1564 ttts
475 1510 750 1573 exaudiat,
801 1521 1011 1580 nosque
1056 1507 1123 1562 ab
1164 1508 1251 1563 his
1292 1524 1413 1580 qua:
1441 1508 1691 1564 timemus
1721 1508 1950 1579 eripiat;

362 1581 414 1637 in
445 1582 691 1652 sequenti
725 1578 1015 1652 enimait;
1171 1649 1179 1652 _
1257 1596 1269 1607 -

431 1654 476 1706 A
499 1648 679 1706 timore
701 1650 898 1705 iniiitiei
928 1648 1067 1721 eripe
1094 1649 1319 1705 animam
1349 1668 1533 1707 meam.

430 1725 571 1779 Deus
591 1722 738 1777 enim
770 1737 875 1775 non
900 1730 1025 1793 tunc
1054 1730 1257 1776 tantum
1282 1722 1517 1778 orandus
1542 1729 1627 1777 est
1654 1762 1667 1786 ,
1699 1735 1820 1777 cum
1836 1737 1955 1793 qurc

362 1795 617 1884 timentur
641 1793 942 1884 evenerint.
971 1791 1196 1864 Semper
1226 1795 1404 1875 itaque
1435 1793 1718 1849 indefessis
1775 1791 1952 1862 préci-
1983 1824 2031 1884 Β

358 1868 457 1923 bus
487 1866 724 1921 orandus
751 1873 869 1927 est,
905 1874 1083 1917 utnos
1128 1881 1154 1915 a
1221 1864 1413 1920 timore
1459 1881 1683 1928 eorum,
1725 1880 1951 1933 quorum

355 1939 689 1994 dominatum
744 1935 1031 2000 timemus,
1060 1935 1295 2007 eripiat.
1342 1936 1607 2007 Propln-ta
1662 1951 1810 2005 ergo,
1845 1952 1953 1991 non

357 2011 575 2079 ignarus
603 2022 725 2079 qua:
747 2015 1002 2079 eventura
1028 2006 1154 2079 sint,
1185 2005 1592 2062 imminentibus
1619 2022 1835 2079 semper
1858 2007 1952 2079 tri:

353 2072 724 2136 biilationibus
751 2078 971 2140 anxius,
1002 2084 1057 2130 et
1085 2077 1152 2131 ad
1204 2093 1417 2131 munem
1475 2080 1717 2132 timorem
1744 2072 1952 2134 inim‘ei

353 2151 621 2207 sollicitus
645 2192 657 2214 ,
685 2149 850 2203 Deum
875 2157 994 2202 orat.
1033 2148 1100 2201 ob
1122 2164 1190 2219 ea
1238 2164 1357 2219 quae
1394 2152 1573 2215 timet,
1626 2158 1682 2203 ut
1725 2166 1847 2204 eum
1901 2152 1949 2205 in

356 2222 707 2278 tribulatione
758 2219 918 2274 fuerit
961 2218 1317 2292 exaudiatur;
1345 2236 1525 2292 neque
1552 2219 1693 2275 enim
1726 2221 1815 2276 Dei
1849 2222 1951 2276 mi-

353 2292 708 2420 sEricordiam
736 2299 910 2346 metus
941 2300 1146 2357 noster,
1170 2291 1263 2346 sed
1287 2290 1419 2347 (ides
1440 2290 1450 2292 ’
1470 2304 1841 2364 promeretur;
1899 2300 1953 2351 et

353 2381 380 2418 a
427 2373 552 2420 iecit
580 2381 594 2417 :

353 2365 552 2420 adiecit
580 2381 594 2417 :

418 2400 419 2411 η
446 2382 552 2420 ecit
580 2382 594 2417 :

418 2382 712 2491 JProtexisti
740 2448 820 2487 me
848 2443 1145 2488 aconventu
1192 2433 1605 2505 malignantium,
1649 2453 1681 2489 a
1716 2436 1953 2490 multitu-

352 2508 475 2563 dine
503 2506 825 2579 operantium
880 2505 1238 2579 iniquitatem;
1292 2508 1377 2575 qui
1416 2519 1723 2561 et’acucrunt
1749 2517 1801 2561 ut
1838 2513 1952 2579 gla-

352 2581 500 2633 dium
529 2576 741 2650 linguas,
759 2592 902 2641 suas,
921 2576 1465 2645 intenderuntareum,
1489 2595 1593 2631 rem
1618 2576 1869 2647 anim-ani,
1898 2589 1952 2639 ut

350 2648 665 2722 sagittentin
694 2648 908 2705 obscuro
934 2650 1343 2722 immaculatum.

421 2721 532 2779 Sed
560 2738 719 2778 arcus
749 2722 1031 2777 homicida:
1063 2721 1240 2792 lingua
1296 2736 1511 2790 semper
1556 2721 1793 2777 intentus
1832 2730 1948 2788 est,

349 2804 697 2875 et_acumen_
739 2793 901 2875 gladii
952 2794 1145 2875 lingua:
1199 2793 1319 2875 ejus
1360 2799 1556 2875 praesto
1604 2801 1718 2858 est;
1748 2793 1951 2875 volarit.

348 2868 495 2922 enim
536 2862 763 2922 lctltales
791 2866 909 2935 ejus
934 2862 1173 2934 sagittae,
1208 2873 1396 2919 etnon
1432 2863 1652 2918 dubium
1678 2872 1785 2929 est,
1820 2862 1948 2934 quid

349 2938 595 2994 efficiant
616 2981 631 3005 ,
659 2937 763 2994 hoc
791 2938 934 2995 enim
964 2943 1239 3007 quatrunt,
1274 2935 1606 3007 utsagittent
1635 2935 1686 2989 in
1718 2935 1950 3007 obscuro

348 3010 755 3068 immaculatum
780 3027 793 3062 :
823 3004 1154 3063 hunc'enim
1187 3006 1378 3077 quierit
1423 3004 1687 3077 malignus
1736 3005 1947 3061 interli-

347 3096 474 3138 cere
505 3081 907 3137 immaculatum
928 3121 942 3147 ,
992 3080 1077 3134 cui
1112 3076 1213 3147 per
1231 3077 1560 3147 Baptismum
1591 3076 1729 3132 facta
1760 3081 1950 3133 remis-

347 3150 433 3208 sio
463 3161 546 3208 cst
578 3161 825 3208 veterum
847 3151 1161 3217 criminum,
1187 3148 1423 3205 nondum
1474 3158 1651 3203 tamen
1683 3148 1949 3209 doctrinis

346 3220 689 3294 Spiritalibus
715 3220 1017 3294 eruditum,
1046 3216 1467 3294 sedisimplicem
1492 3261 1509 3287 ,
1568 3228 1620 3273 et
1668 3230 1731 3273 ex
1793 3237 1947 3278 nova:
1974 3216 2018 3279 C

346 3290 647 3349 nativitatis
669 3293 893 3349 infantia
923 3303 1166 3348 tenerum
1189 3330 1208 3355 ρ
1230 3292 1423 3364 quaerit
1453 3290 1658 3346 intento
1686 3307 1811 3347 arcu
1856 3309 1951 3364 per

344 3381 529 3421 rerum
560 3365 918 3435 ignorantiam
951 3365 1239 3419 vulnerare
1270 3383 1283 3416 :
1315 3362 1391 3417 ait
1416 3364 1560 3435 enim
1595 3380 1608 3415 :

419 3434 607 3493 Subito
638 3436 952 3506 sagittabunt
980 3451 1094 3490 eum
1111 3476 1139 3506 ,ί
1157 3444 1203 3488 et
1229 3451 1329 3488 non
1354 3434 1616 3506 timebunt.

416 3506 675 3563 Naturam
702 3503 1003 3577 simplicem
1036 3516 1088 3560 et
1131 3505 1561 3568 inunaculatam,
1612 3503 1749 3559 hanc
1796 3505 1944 3577 enim

342 3578 531 3633 fallere
554 3566 833 3650 quaerunt,
874 3578 996 3650 huic
1025 3566 1941 3650 occultoslaqueos-prudentium,

342 3659 400 3707 ttt
443 3664 539 3720 per
568 3648 796 3706 latentes
824 3648 1044 3704 insidlas
1070 3648 1395 3704 interficiant
1424 3650 1796 3715 innocentem;
1852 3663 1942 3705 se-

341 3726 527 3790 quitur
548 3721 691 3776 enim
727 3738 741 3775 :

416 3792 783 3847 Firmnverunt
810 3790 907 3846 sibi
928 3790 1133 3846 verbum
1166 3790 1378 3854 nullum,
1431 3789 1840 3857 disputaverunt,
1885 3801 1942 3847 ut

286 3872 295 3879 ‘
340 3863 713 3917 absconderem
738 3863 967 3931 laqueos,
995 3861 1235 3916 dixerunt
1265 3878 1277 3915 :
1312 3860 1438 3925 Quis
1468 3860 1651 3913 videbit
1671 3859 1798 3914 eos?

413 3936 647 4003 Semper
675 3935 817 3989 enim
847 3950 911 3988 ex
940 3948 999 3990 se
1029 3932 1288 3987 adversus
1316 3931 1474 3986 ﬁdem
1533 3941 1729 3999 praesto
1773 3942 1934 4000 sunt;

336 4014 393 4060 et
414 4005 538 4060 ideo
554 4002 760 4060 dictum
790 4017 872 4060 est
899 4021 911 4057 :
940 4002 1319 4059 Absconderunt
1342 4003 1570 4073 laqueos,
1596 4011 1641 4055 et
1660 4003 1897 4073 dixerunt
1921 4022 1935 4061 :

341 4076 475 4144 Quis
499 4077 686 4136 videbit
720 4074 841 4131 eos?
867 4074 924 4131 Si
946 4074 1242 4130 [hereticus
1282 4072 1588 4143 pervertere
1626 4072 1782 4128 fidem
1820 4084 1941 4130 tet:-

336 4157 447 4208 tet,
480 4146 795 4203 incredibile
837 4156 920 4202 est
961 4146 1173 4216 quantis
1197 4162 1314 4200 eam
1346 4144 1578 4215 ingeniis
1622 4145 1937 4216 subvertere

335 4219 655 4272 Contendat.
688 4219 746 4274 Si
790 4233 940 4287 spem
978 4214 1308 4272 “aeternitatis
1354 4214 1552 4271 ucstra:
1595 4214 1935 4287 philosophia

337 4290 639 4361 impugnet,
670 4286 862 4347 mirum
890 4289 940 4343 in
967 4286 1183 4361 modum
1215 4304 1376 4361 omne
1404 4287 1605 4361 bonum
1642 4286 1933 4361 praesentis

335 4356 462 4431 vilic
492 4356 640 4429 ponit
673 4362 724 4415 in
754 4374 980 4431 corpore
1000 4401 1016 4427 ,
1073 4359 1144 4413 ita
1170 4367 1231 4414 ut
1261 4358 1457 4431 ingenii
1488 4357 1566 4412 sui
1603 4356 1801 4414 virtute
1820 4375 1933 4418 ete-

337 4430 489 4491 lestis
533 4432 803 4488 institutio
843 4430 1027 4485 Subrui
1078 4431 1267 4499 possit.
1316 4430 1554 4498 Uterque
1602 4442 1732 4499 ergo
1780 4446 1932 4489 scru-

337 4509 514 4558 tantes
569 4501 824 4560 deficiunt
872 4518 967 4571 pro
1011 4497 1199 4556 eodem
1242 4497 1508 4570 Propheta
1550 4516 1571 4571 7:
1623 4497 1929 4569 Defecerunt

335 4583 621 4628 scrutantes
650 4573 917 4628 scrutinio.
948 4571 1053 4627 Sed
1085 4572 1210 4641 quid
1248 4572 1315 4627 ad
1349 4570 1774 4642 Deumhumana
1805 4588 1926 4642 per.

336 4644 751 4715 versitas?quid
795 4644 1057 4715 adversus
1100 4643 1347 4715 opificem
1383 4641 1564 4715 aperis
1616 4641 1927 4711 ingenium?

335 4713 465 4770 licet
490 4710 741 4772 omnibus
760 4714 1092 4785 argumentis
1137 4710 1209 4785 ad
1267 4710 1612 4783 evertendam
1643 4710 1925 4785 veritatem

332 4784 608 4854 ingenium
640 4804 795 4843 suum
829 4783 1122 4850 ostendat,
1178 4783 1393 4839 deficiet
1443 4793 1620 4838 tamen
1667 4783 1927 4842 adversus

329 4858 615 4913 Veritatem
648 4858 887 4917 adsertio
937 4854 1185 4912 falsitatis
1233 4874 1248 4914 :
1300 4864 1464 4927 atque
1491 4855 1611 4911 ideo
1640 4855 1927 4929 Subsequi-

287 4976 290 4979 λ
331 4934 422 4982 tur
454 4946 467 4980 :

403 4997 729 5053 Perserututi
772 5008 891 5053 sunt
934 4997 1249 5070 iniquitates,
1302 4997 1595 5069 defecerunt
1646 5008 1930 5056 scrutantes

332 5073 598 5126 scrutinio.

405 5140 703 5213 Exquirant
720 5141 842 5197 licet
857 5143 1037 5197 omnia
1053 5138 1378 5198 naturalium
1396 5155 1678 5197 causarum
1694 5152 1926 5211 secreta,

327 5210 526 5286 inipsa
554 5223 733 5286 tamen
773 5215 954 5286 operis
993 5214 1072 5286 sui
1132 5214 1436 5286 intentione
1475 5212 1763 5286 deliciunt,
1800 5213 1930 5286 doc-

329 5285 487 5339 trinis
506 5282 824 5356 spritalibus
849 5284 1086 5341 refutati.
1124 5284 1224 5351 Qui
1273 5284 1583 5356 enim.......
1616 5285 1794 5356 omnia
1823 5285 1927 5341 do-

327 5364 457 5408 cent
483 5354 701 5412 audient
739 5371 770 5411 a
808 5357 966 5412 nobis
993 5365 1213 5412 :eterna:
1241 5354 1452 5411 virtutis
1483 5356 1670 5410 Deum.
1717 5355 1835 5411 Jam
1880 5358 1925 5414 si

326 5424 494 5481 tidem
543 5426 840 5484 Ila-relictis
887 5427 1168 5483 destruere
1198 5435 1404 5491 tentet,
1442 5424 1532 5481 Dei
1561 5423 1754 5480 Filium
1784 5441 1927 5483 sem-

325 5510 425 5570 per
450 5498 613 5553 fuisse
642 5508 964 5570 cognoscet,
997 5497 1142 5570 nullo
1173 5513 1202 5553 a
1227 5496 1382 5552 Patre
1404 5497 1688 5552 intervallo
1713 5507 1951 5569 temper

322 5568 403 5641 ris
426 5567 758 5641 separatum.
792 5567 1093 5641 Cognoscet
1117 5569 1289 5641 ipsum
1340 5582 1463 5623 esse
1511 5569 1785 5631 virtutem,
1817 5567 1916 5641 isa-

322 5639 579 5706 pientiam
630 5639 762 5705 Dei,
815 5639 1049 5695 hominis
1122 5640 1489 5704 conditorem;
1528 5641 1681 5710 hunc
1747 5639 1920 5710 prima

320 5704 512 5791 mundi
541 5704 1296 5791 eriminadihivioabluisse,
1330 5711 1470 5791 hunc
1496 5704 1711 5782 Moysen
1745 5704 1918 5782 legero

322 5778 564 5857 dedisse,
596 5782 737 5839 hunc
766 5784 818 5838 in
850 5782 1134 5857 PrOpbetis
1182 5784 1380 5855 fuisse,
1412 5785 1555 5845 hunc
1583 5778 1691 5857 per
1742 5778 1920 5846 carnis

322 5851 694 5916 infirmitatem
718 5857 898 5911 carnis
917 5851 1141 5927 gloriam
1176 5851 1487 5916 renovasse.
1534 5851 1794 5920 Deficit-nt
1821 5861 1918 5935 igi-

1954 4612 2008 4672 D

2130 509 2342 564 Accedet
2370 511 2522 563 homo
2553 509 2622 562 ad
2650 526 2738 562 cor
2765 509 2955 566 altum.
2984 517 3030 561 et
3048 508 3355 561 exaltabitnr
3389 506 3543 561 Deus.

2082 580 2443 636 Pervirtntem
2459 579 2852 635 enimiloctrina
2872 580 2961 635 Dei
2976 580 3234 638 eruditur,
3251 578 3397 632 etcni
3414 579 3463 631 in
3489 578 3654 634 altum

2048 667 2144 707 cor
2174 653 2243 706 sit
2266 694 2278 717 ,
2303 651 2366 705 ad
2399 651 2561 705 Deum
2583 693 2595 714 ,
2624 652 2737 705 haec
2783 650 2976 703 divinm
3008 651 3337 719 operationis
3388 650 3655 720 prmi-enin

2053 723 2427 793 proferentur;
2460 724 2537 793 ita
2558 732 2613 774 nt
2639 736 2823 776 eorum
2847 722 3110 789 ipsonim,
3135 722 3223 793 qui
3274 721 3385 793 inre
3417 721 3657 793 audiant,

2050 792 2393 855 confessione
2424 792 2700 859 laudetur;
2729 793 2829 845 hoc
2852 803 2935 845 est
2965 807 3121 860 ergo:
3153 792 3367 844 Accedet
3410 792 3560 844 homo
3590 792 3658 846 nd

2051 883 2138 921 cor
2185 867 2373 930 altum,
2404 876 2450 919 et
2488 865 2792 918 exaltabitur
2814 863 2973 917 Deus.
2993 862 3215 932 Cognita
3237 864 3377 916 enim
3408 876 3657 916 scrutan-

2053 936 2182 990 tium
2240 935 2574 999 defectione,
2606 942 2661 989 et
2709 935 2999 989 accedente
3045 933 3261 988 homine
3311 933 3491 988 cordis
3540 934 3655 1002 alti,

2053 1007 2447 1077 magniﬁcentia
2484 1006 2574 1061 Dei
2598 1006 2911 1077 agnoscitur
2941 1025 2953 1059 τ
2984 1021 3110 1059 nam
3143 1005 3259 1067 quis
3304 1018 3408 1077 non
3444 1006 3656 1073 magni-

2054 1076 2236 1132 fica’bit
2265 1078 2430 1131 Deum
2454 1120 2468 1142 ,
2490 1076 2648 1148 quem
2674 1076 2857 1132 mttndi
2886 1076 3387 1148 linjusgcoguoverit
3410 1076 3660 1129 condito-

2053 1149 2209 1204 rem?
2240 1150 2359 1219 quis
2383 1164 2486 1202 non
2510 1146 2747 1216 inetuet,
2772 1163 2930 1216 quem
2952 1146 3188 1216 judicent
3208 1146 3380 1219 sciet?
3408 1148 3527 1215 quis
3550 1162 3655 1201 non

2054 1218 2267 1275 renasci
2298 1221 2351 1275 in
2376 1221 2736 1275 innocentiam
2768 1220 2977 1288 cupiat,
3010 1233 3132 1271 cum
3158 1218 3362 1286 peccati
3383 1219 3662 1272 remissio-

2055 1306 2175 1345 nem
2202 1305 2296 1361 per
2323 1306 2513 1345 novam
2544 1291 2877 1343 nativitatem
2909 1289 3179 1361 accipiat?
3212 1289 3333 1356 quis
3355 1290 3465 1356 jam
3500 1305 3661 1342 rena-

2056 1371 2141 1416 tus
2169 1377 2388 1433 peccare
2441 1376 2545 1415 non
2589 1362 2824 1426 desinat,
2875 1369 2929 1414 et
2976 1362 3029 1413 in
3095 1360 3401 1413 innocentia
3439 1362 3657 1433 parvuli

2056 1431 2393 1499 permanere,
2415 1448 2536 1487 eum
2568 1433 2751 1486 talium
2774 1434 2910 1485 sciat
2948 1446 3171 1499 regnum
3199 1445 3321 1485 esse
3351 1431 3659 1485 caelorum?

2057 1504 2184 1559 Ilarc
2217 1504 2484 1572 professio
2508 1512 2688 1556 nostra
2714 1502 3314 1572 scrutantiumingenia
3366 1501 3605 1555 debilitat
3638 1518 3652 1567 ;

2058 1576 2175 1647 haec
2200 1571 2459 1647 doctrina:
2484 1575 2722 1647 specula,
2752 1588 2872 1643 qurc
2900 1571 3248 1643 parvulorum
3270 1574 3478 1647 sagitta:
3507 1586 3654 1641 sunt,

2057 1646 2249 1701 stultas
2308 1644 2698 1714 disputationes
2761 1647 3077 1714 vulnerant;
3124 1644 3458 1697 annuntiatis
3511 1647 3654 1698 enim

2058 1714 2314 1788 Operibus
2350 1713 2493 1788 Dei,
2538 1724 2667 1771 tunc
2726 1715 2985 1788 incipient
3043 1713 3182 1769 facta
3231 1716 3348 1781 ejus
3401 1715 3653 1788 intelligi,

2066 1784 2192 1843 tunc
2223 1792 2273 1842 in
2308 1784 2391 1842 his
2423 1789 2691 1843 laetabitur
2715 1785 2932 1853 Justus,
2968 1798 3091 1840 tunc
3123 1801 3244 1838 eum
3275 1800 3464 1839 omnes
3521 1787 3657 1842 recti

2057 1861 2219 1915 corde
2254 1860 2567 1913 laudabunt.
2614 1859 2666 1912 In
2696 1860 2775 1911 his
2806 1869 2888 1913 est
2918 1857 3096 1911 hetitia
3122 1858 3469 1921 Sanctorum,
3502 1858 3551 1909 in
3575 1857 3658 1911 his

2055 1946 2179 2003 spes
2213 1931 2561 2003 firmissima;
2593 1930 2661 1983 ob
2704 1930 2825 1984 hare
2862 1930 3145 2003 Demnqui
3178 1937 3328 1982 recto
3358 1937 3480 1980 sunt
3529 1942 3654 1981 cor-

2054 2001 2121 2057 de
2153 2001 2466 2068 laudabunt,
2495 2003 2726 2056 scientes
2761 2015 2882 2053 esse
2911 2001 3252 2052 remissorem
3287 2009 3652 2067 peccatorum,

2055 2073 2246 2128 mortis
2304 2081 2723 2143 peremptorem,
2771 2070 3430 2143 Zaboli‘debellatorem,
3483 2070 3652 2143 Deimt

2054 2154 2109 2199 ct
2133 2139 2416 2198 lloiuiiium
2441 2139 2683 2198 nostrum
2728 2142 2908 2198 Jesnm
2947 2139 3259 2207 Christum,
3300 2140 3389 2213 qui
3434 2147 3516 2195 est
3560 2141 3657 2195 lie-

2056 2217 2303 2271 nedictus
2328 2216 2381 2271 in
2406 2216 2584 2271 seetila
2617 2215 2943 2271 secnlormu.

2432 2330 2680 2387 INCIPIT
2721 2328 3034 2385 I’SALMUS
3072 2328 3259 2387 LXIV.

2495 2440 2546 2479 IN
2572 2439 2731 2479 FINEI!
2762 2438 2996 2478 PSALMUS
3026 2437 3207 2477 DAYID.

2130 2515 2199 2571 Te
2214 2516 2351 2577 decet
2374 2517 2611 2588 hymnus,
2628 2513 2790 2585 Deus,
2809 2515 2861 2570 in
2877 2515 3026 2583 Sion,
3042 2525 3087 2570 et
3113 2513 3203 2568 tibi
3228 2514 3464 2570 neddetur
3483 2525 3655 2572 votum

2054 2589 2107 2643 in
2131 2589 2440 2643 Jerusalem.

2129 2659 2223 2715 llic
2252 2660 2487 2729 psalmus
2512 2657 2729 2729 pmprie
2777 2660 2827 2714 in
2884 2658 3041 2713 linem
3088 2664 3143 2711 et
3181 2658 3652 2727 congregationem

2052 2733 2287 2803 gentium
2311 2773 2328 2797 ,
2353 2747 2470 2803 qua:
2503 2731 2668 2803 Deum
2700 2731 2989 2785 laudatnrw
3033 2739 3158 2783 sunt
3184 2770 3197 2794 ,
3231 2729 3409 2803 dictus
3448 2741 3525 2783 est
3553 2747 3563 2781 :
3600 2732 3652 2785 itt

2053 2800 2276 2858 exordio
2304 2800 2480 2856 autem
2512 2801 2629 2870 ejus
2672 2802 2965 2856 secundum
3015 2800 3458 2854 consuetudinem
3498 2815 3650 2856 suam

2054 2873 2312 2943 prOpheta
2345 2874 2640 2943 orationem
2680 2888 2893 2926 onmem
2926 2871 2989 2943 a_d
3028 2870 3306 2943 Domitium
3337 2870 3537 2943 dirigit.

2129 2943 2197 2999 Te
2220 2945 2381 3007 decet,
2412 2941 2651 3005 Domine,
2668 2943 2907 3013 hymnus,
2928 2939 3089 3009 Deus,
3109 2943 3159 2994 in
3184 2940 3335 3006 Sion,
3356 2952 3400 2995 et
3423 2940 3512 2997 tibi
3535 2942 3653 2996 red-

2052 3013 2197 3068 detur
2229 3024 2394 3068 votum
2423 3017 2474 3068 in
2494 3013 2800 3068 Jerusalem.

2123 3088 2252 3140 Sion
2285 3086 2502 3154 quidem
2550 3100 2704 3139 mons
2747 3094 2828 3139 est
2872 3081 3124 3154 adjacens
3166 3078 3465 3137 Jerusalem
3501 3102 3512 3136 :
3555 3084 3651 3141 sed

2056 3154 2158 3212 hoc
2184 3152 2316 3211 loco
2338 3157 2535 3211 montis
2563 3166 2843 3227 nomenet
2868 3155 3015 3227 urbis
3044 3152 3336 3227 Ecclesium
3363 3154 3647 3227 signiﬁcat,

2092 3244 2170 3284 tta:
2199 3243 2399 3296 corpus
2429 3239 2509 3283 est
2537 3226 2736 3282 Christi
2768 3225 2969 3280 Domini
3014 3225 3213 3286 nostri,
3247 3224 3366 3294 ipso
3396 3226 3607 3281 dicente
3633 3224 3647 3283 ἐ

2092 3245 2170 3284 tta:
2199 3245 2399 3296 corpus
2429 3245 2509 3283 εει
2537 3245 2736 3282 ωιτιδιι
2770 3245 2969 3280 uoumn
3014 3245 3213 3286 nostri,
3247 3245 3366 3294 ipso
3396 3245 3607 3281 dicente
3633 3245 3647 3283 :

2053 3245 2170 3370 1'90
2199 3311 2367 3353 autem
2396 3299 2697 3370 constitutus
2726 3315 2838 3351 sum
2863 3313 2953 3350 rea:
2974 3296 3036 3353 ab
3067 3313 3123 3370 eo
3153 3312 3309 3370 super
3340 3295 3469 3351 Sion
3504 3315 3650 3353 mon-

2050 3366 2148 3424 tein
2176 3381 2408 3424 sanctum
2436 3372 2565 3442 ejus.
2616 3368 3026 3442 IIymnnsuergo
3052 3366 3167 3442 hic
3201 3368 3309 3422 Deo
3354 3370 3613 3426 condet-et
3635 3410 3649 3436 ,

2050 3442 2138 3512 qni
2162 3443 2233 3512 sit
2261 3442 2311 3495 iti
2352 3438 2592 3497 Ecclesia
2620 3480 2635 3503 ,
2667 3438 2890 3512 spiritali
2924 3438 3132 3492 cantico
3160 3439 3433 3503 innocens,
3467 3452 3519 3495 et
3557 3441 3649 3499 itci

2050 3511 2300 3567 laudibus
2319 3512 2490 3567 dulcis
2517 3530 2526 3563 :
2555 3512 2675 3581 quia
2708 3511 3050 3579 subsequitur
3076 3525 3088 3562 :

2122 3581 2327 3647 Exaudi
2364 3584 2639 3638 orationem
2663 3598 2861 3645 meam;
2893 3581 2960 3633 ad
2992 3592 3037 3634 te
3065 3581 3230 3635 omnis
3252 3597 3370 3634 caro
3394 3581 3572 3636 veniet.

2122 3653 2234 3708 Non
2267 3655 2408 3709 enim
2441 3654 2571 3710 dicit
2605 3670 2768 3707 meam
2794 3693 2809 3719 ,
2844 3660 2899 3705 ut
2941 3651 3168 3706 dicentis
3211 3667 3434 3722 persona
3470 3660 3650 3722 posset

2046 3724 2267 3794 intelligi
2295 3745 2307 3780 :
2334 3726 2458 3782 licet
2486 3724 2629 3780 enim
2660 3723 2813 3779 mulli
2840 3722 2970 3794 huc,
3003 3719 3253 3792 tanquam
3285 3719 3515 3787 deesset,
3543 3725 3647 3794 lad-

2043 3792 2315 3864 dide-runt,
2352 3814 2458 3852 non
2493 3805 2670 3852 tamen
2695 3796 2745 3850 in
2768 3793 3094 3851 authenticls
3124 3802 3337 3847 exstat:
3371 3792 3642 3863 Propheta

2042 3867 2188 3922 enim
2222 3884 2327 3922 non
2351 3884 2448 3922 suo
2475 3882 2636 3922 sensu
2658 3909 2672 3930 ,
2696 3865 2790 3921 sed
2822 3866 3110 3936 inspiratus
3145 3864 3269 3936 hate,
3287 3864 3522 3935 loquitur
3546 3909 3561 3932 ,
3591 3876 3647 3924 et

2042 3937 2273 4009 subjecit
2297 3955 2310 3993 :
2338 3938 2517 4009 Unmis
2545 3955 2663 3993 caro
2689 3939 2757 4009 ad
2787 3948 2830 3990 te
2860 3934 3040 3990 veniet.
3068 3934 3305 4009 Ecclesia
3334 3934 3474 4009 enim
3505 3953 3642 3992 non-

2041 4006 2166 4064 dum
2194 4008 2390 4065 Christi
2414 4009 2651 4069 adventu
2696 4008 3031 4073 inluminata,
3066 4006 3468 4074 fuitaliquaudo
3494 4008 3642 4064 vanis

2038 4082 2508 4151 superstitionibus
2577 4079 2851 4151 obnoxia,
2895 4093 3014 4151 cum
3069 4088 3382 4151 price-epla
3424 4078 3644 4145 gentilia

2037 4145 2227 4207 omnes
2268 4152 2514 4207 homines
2571 4152 2635 4204 ad
2680 4147 2912 4202 studium
2955 4147 3243 4214 impietatis
3296 4145 3597 4202 imbuerent
3625 4191 3641 4216 ,

2037 4222 2204 4277 Deum
2253 4224 2301 4276 in
2334 4222 2500 4294 lignis,
2528 4230 2583 4294 et
2623 4219 2887 4294 lapidibus
2935 4216 3296 4294 praadieaudo.
3325 4216 3512 4294 Sciens
3543 4236 3642 4273 av.

2037 4302 2144 4349 tem
2172 4288 2397 4363 antiqua
2430 4293 2652 4349 crimina
2676 4288 2913 4364 snaADeo
2937 4288 3295 4361 propitianda,
3328 4288 3487 4343 veniet
3517 4307 3640 4364 ergo

2033 4365 2198 4419 omnis
2223 4361 2343 4420 carro
2370 4364 2439 4419 ad
2463 4382 2577 4419 eum
2613 4380 2632 4418 :
2662 4363 2734 4417 ait
2762 4361 2946 4416 dicens
2975 4381 2987 4413 :

2114 4434 2277 4508 Verba
2322 4437 2611 4508 iniquorum
2640 4432 3018 4508 prreoaluerunt
3049 4449 3204 4504 super
3231 4449 3322 4487 nos
3342 4475 3355 4498 ,
3385 4441 3431 4487 et
3457 4434 3639 4505 impie-

2030 4507 2214 4562 talibus
2240 4504 2425 4563 nostris
2451 4517 2504 4562 tu
2536 4504 2911 4578 propitiaberis.

2102 4578 2235 4633 Nam
2258 4588 2516 4650 quantum
2537 4575 2715 4648 prosit
2759 4590 2996 4650 errorem
3026 4576 3276 4650 gentilem
3320 4575 3631 4650 reliquisse,

2031 4646 2329 4705 doctrinain
2374 4646 2592 4723 impiam
2624 4648 2891 4719 sprevisse
2916 4688 2932 4711 ,
2981 4648 3215 4703 ostendit
3256 4646 3479 4703 inferius
3505 4693 3518 4717 ,
3551 4650 3603 4704 di

2033 4734 2167 4777 CCIIS
2194 4738 2207 4773 ἒ
3360 4746 3365 4751 ί

2102 4790 2291 4846 Beatus
2316 4790 2677 4864 guemelegisti
2716 4798 2761 4846 et
2804 4789 3137 4862 adsumpsisti
3161 4831 3175 4856 ,
3208 4800 3262 4845 ut
3306 4789 3551 4845 inhabitet
3583 4792 3636 4847 in

2032 4860 2372 4918 tabernaculis
2403 4864 2522 4918 tuis.

2104 4933 2289 4999 Omnis
2340 4933 2602 5005 siquidem
2639 4948 2763 4988 caro
2793 4932 2971 4988 veniet
3017 4933 3080 4987 ad
3128 4930 3327 5005 Deum,
3366 4932 3416 5005 id
3441 4945 3539 4998 eSt,
3566 4949 3631 4991 ex

2033 5007 2177 5060 Omni
2230 5002 2506 5060 hominum
2532 5019 2734 5073 genere
2772 5005 3258 5073 congregabantur.
3305 5002 3411 5060 Sed
3442 5005 3628 5057 beatus

2033 5022 2177 5060 0111111
2230 5022 2506 5060 nominum
2568 5022 2734 5061 eriere
2772 5022 3258 5073 COIlgl'egRDIllllllI'.
3305 5022 3411 5060 δρα
3442 5022 3625 5057 υεςιιυε

2033 5085 2116 5148 est
2137 5078 2246 5143 ille,
2272 5078 2496 5148 quisque
2529 5022 2689 5132 gierit
2711 5075 2950 5148 electus;
2983 5076 3301 5148 nmltieniin
3320 5075 3625 5148 secundum

2031 5144 2377 5217 Evangelium
2412 5144 2580 5204 iocati
2603 5155 2758 5213 sunt,
2801 5146 3076 5217 sedpauci
3107 5144 3282 5200 electi.
3318 5144 3487 5217 Electi
3528 5160 3628 5199 au-

2034 5228 2138 5274 tem
2168 5213 2293 5275 sunt
2326 5219 2549 5287 nuptiali
2595 5230 2741 5273 veste
2766 5256 2782 5284 ,
2827 5213 3005 5287 sedet
3046 5231 3176 5287 puro
3211 5223 3371 5287 atque
3414 5213 3625 5284 integro

2032 5304 2184 5344 nova:
2216 5284 2508 5345 nativitatis
2551 5286 3108 5359 corporesplendidi.
3140 5284 3241 5349 Qui
3271 5295 3448 5359 a_utein
3482 5288 3628 5342 clve-

2034 5369 2118 5414 tus
2143 5369 2246 5426 est,
2293 5362 2434 5415 scire
2461 5374 2558 5413 nos
2586 5356 2833 5414 convenit
2858 5356 2925 5409 ob
2957 5372 3113 5427 quam
3146 5372 3258 5410 rem
3291 5357 3451 5412 fuerit
3483 5359 3626 5413 elec-

2032 5439 2155 5497 tus,
2203 5428 2269 5485 ad
2318 5430 2369 5486 id
2398 5429 2602 5486 scilicet
2642 5428 2781 5497 quod
2832 5427 3165 5496 insequitur:
3200 5437 3254 5480 ut
3282 5427 3526 5482 inhabitet
3571 5431 3625 5484 in

2028 5500 2365 5557 tabernaculis
2408 5497 2523 5554 Dei.
2575 5500 2761 5556 Omnis
2802 5512 2929 5567 ergo
2976 5498 3231 5565 perfectio
3270 5498 3534 5553 bonorum
3569 5501 3623 5558 itt

2022 5574 2208 5644 requie
2264 5570 2464 5645 (suppl.
2520 5569 2868 5645 habitationis)
2927 5569 3166 5645 caelestis
3224 5582 3306 5624 est
3354 5589 3365 5623 :
3425 5572 3619 5645 multas

2023 5641 2163 5698 enim
2194 5641 2500 5697 mansiones
2536 5642 2790 5696 Dominus
2822 5641 2872 5694 in
2904 5643 3055 5695 roelis
3084 5656 3202 5696 esse
3231 5651 3487 5707 testatur;
3521 5643 3615 5698 sed

2023 5715 2232 5770 Patrem
2258 5721 2377 5771 orat
2400 5717 2451 5768 in
2487 5714 2772 5784 Evangelio
2794 5753 2809 5778 ,
2834 5723 2890 5764 ut.
2919 5712 3159 5783 Apostoli
3189 5713 3279 5767 ubi
3306 5723 3359 5767 et
3409 5713 3523 5780 ipse
3549 5720 3619 5770 sit

2022 5792 2292 5850 maneant,
2322 5785 2507 5841 dicens
2533 5802 2548 5841 :
2575 5783 2750 5850 Pater,
2778 5799 2904 5855 quos
2934 5785 3058 5838 mihi
3087 5784 3268 5839 dedisti
3297 5784 3430 5849 volo,
3451 5794 3503 5838 ut
3532 5786 3619 5840 ubi

2022 5876 2114 5933 ego
2138 5872 2271 5925 sum,
2295 5857 2362 5918 ibi
2389 5857 2489 5914 sint
2514 5875 2712 5914 mecum
2733 5854 2842 5936 (Io.
2865 5870 2993 5924 xvn,
3016 5858 3094 5929 4).
3119 5854 3197 5912 Ex
3229 5856 3471 5927 plurimis
3491 5870 3622 5928 ergo
