4232 6256
304 354 469 417 XVII

1770 345 2160 405 PRIEFATIO.

3460 347 3627 404 XVIII

312 468 537 522 cultura
567 463 665 518 Dei
711 461 911 518 fuerint
948 476 1110 532 opera
1131 505 1146 528 ,
1179 464 1474 518 ubertatem
1506 473 1927 531 consequentur.
1958 464 2014 523 Α
2113 461 2294 516 Omnis
2322 471 2457 514 terra
2486 461 2695 515 adorent
2734 460 2842 526 tibi,
2876 471 2921 514 et
2947 463 3166 531 psallent
3192 463 3320 517 tibi:
3361 462 3631 518 Psalmum
3686 508 3688 515 ,

318 539 430 594 Ubi
476 548 656 590 autem
689 536 822 589 lines
846 533 1044 589 deserti
1075 534 1423 604 pinguescent
1447 574 1462 596 ,
1492 534 1778 598 Ecclesim,
1808 550 1928 604 qure

312 609 544 664 deserta
593 605 731 670 fuit,
782 606 1014 673 populus
1042 606 1474 674 repromissionis
1515 604 1690 660 fructu
1738 607 1928 662 iterum

313 680 550 735 ditatur.
571 677 627 731 In
643 676 871 732 collibus
892 692 1021 730 vero
1038 677 1394 731 exsultatione
1418 677 1674 731 accinctis
1695 677 1929 746 gloriosa

315 759 622 820 martyrum
653 747 845 820 gaudia
878 747 1224 820 nuntiantur;
1259 748 1312 802 hi
1356 748 1495 802 enim
1535 756 1660 804 sunt
1701 747 1931 802 homini-

315 821 430 876 bus
455 817 668 876 cieteris
717 818 960 872 altiores.
993 817 1127 873 Cum
1157 830 1336 872 autem
1386 823 1580 874 arietes
1616 819 1795 873 ovium
1844 820 1928 873 in-

315 893 586 955 duentur,
615 889 1060 958 patriarcharum,
1092 898 1146 944 et
1181 891 1585 960 prophetarum,
1619 899 1674 944 et
1700 891 1930 958 Aposto-

318 963 505 1019 lorum
545 970 746 1016 aeterna
793 960 879 1014 illa
912 969 965 1015 et
1008 960 1163 1016 beata
1189 961 1352 1014 vestis
1377 1001 1392 1026 ,
1421 961 1508 1030 qui
1555 962 1720 1015 duces
1759 961 1928 1015 sancti

320 1035 510 1106 gregis
533 1041 692 1106 sunt,
725 1031 1045 1106 ostenditur.
1078 1031 1192 1106 Hoc
1228 1046 1358 1106 ergo
1387 1031 1702 1106 indumento
1731 1032 1930 1106 arietes

320 1101 508 1160 avium
537 1103 826 1158 induentur
845 1143 858 1166 ,
887 1102 1066 1158 ethoc
1103 1103 1355 1172 gloriosa:
1385 1101 1802 1158 immortalitatis
1832 1103 1927 1156 ha-

321 1176 444 1233 bitu
475 1175 799 1230 vestiuntur.

401 1247 471 1301 Et
502 1245 756 1301 convalles
781 1286 796 1311 ,
822 1244 1018 1312 inquit,
1057 1243 1387 1299 abundabunt
1425 1247 1678 1313 frumento
1706 1260 1723 1297 :
1754 1243 1931 1298 humi-

323 1319 496 1374 liores
531 1317 772 1382 scilicet,
819 1324 978 1385 atque
1025 1317 1204 1385 aperis
1251 1316 1374 1368 boni
1406 1315 1651 1370 homines
1699 1315 1929 1370 fructum

323 1389 456 1445 vitm
481 1389 796 1452 sortientur,
827 1403 933 1440 non
960 1388 1103 1442 enim
1134 1386 1432 1441 ubertatem
1464 1387 1842 1455 rcplebuntur,
1875 1394 1932 1439 ut

325 1461 506 1532 campi
535 1501 548 1526 ,
581 1474 758 1528 neque
785 1457 1155 1532 exsultatione
1169 1457 1517 1532 accingeuiur
1542 1497 1556 1521 ,
1587 1466 1644 1532 ut
1674 1466 1882 1532 montes
1911 1497 1927 1522 ,

327 1534 426 1588 sed
456 1526 722 1586 frumento
747 1537 949 1583 tantum
979 1527 1360 1591 abundabunt;
1395 1527 1443 1581 id
1461 1538 1542 1582 est
1561 1526 1771 1582 vivendi
1798 1527 1928 1582 sub-

327 1604 528 1659 stantia
557 1600 946 1656 non‘carehunt
976 1617 988 1652 ε
1019 1599 1071 1654 hi
1102 1599 1246 1653 enim
1275 1599 1449 1666 campi
1479 1640 1495 1663 ,
1530 1597 1645 1652 hrec
1673 1598 1883 1652 deserta
1912 1639 1927 1662 ,

328 1675 388 1730 Iti
419 1675 582 1729 colles
607 1714 620 1736 ,
650 1671 734 1726 isti
775 1671 970 1726 arietes
994 1711 1010 1734 ,
1054 1671 1168 1725 lucc
1206 1670 1476 1723 convallia
1520 1670 1809 1722 clamabunt
1836 1710 1850 1733 ,
1877 1679 1932 1723 et

333 1747 582 1815 hymnum
630 1744 834 1815 dicent,
882 1751 936 1796 et
983 1742 1215 1815 ob_h;cc
1257 1740 1464 1815 diversa
1493 1740 1928 1815 _re_lribntionum

328 1810 880 1901 praemiajndefessis
940 1812 1187 1868 maximis
1228 1810 1448 1866 vocibus
1493 1811 1588 1867 Dei
1637 1811 2008 1901 potenti:th

327 1886 717 1959 praedicabunt.

726 1998 978 2056 INCIPIT
1017 1997 1337 2055 PSALMUS
1374 1997 1533 2054 LXV.

402 2095 635 2152 Jubilate
677 2091 810 2162 Deo,
856 2092 1018 2147 omnis
1057 2101 1214 2159 terra,
1255 2089 1520 2144 Psalmum
1549 2092 1702 2145 dicite
1739 2092 1932 2145 nomini

330 2186 468 2224 eius.

355 2190 645 2295 1αιξιῖἰιηωη
665 2252 792 2308 ergo
807 2234 1146 2308 jubilandum
1164 2233 1275 2308 Deo
1300 2242 1618 2308 praemonet,
1637 2234 1928 2308 secundum

330 2311 668 2384 psallendum
711 2304 1296 2384 nominicjuskdehinc
1315 2304 1543 2384 diuidam
1562 2304 1934 2384 gloi-iam_ia_ti-

331 2375 538 2439 dationi
564 2382 716 2450 ejus;
749 2389 876 2434 tunc
901 2377 1050 2432 dices
1081 2376 1309 2450 Domino
1339 2376 1466 2450 Deo,
1499 2375 1652 2450 quam
1683 2375 1936 2450 terribilia

333 2463 450 2509 sunt
481 2446 638 2525 opera
667 2460 780 2506 tua:
809 2447 1489 2525 postremo_c_oulite_ndum_,
1520 2446 1588 2525 l_n
1609 2446 1937 2525 multitudine

331 2517 536 2580 virtutis
574 2534 677 2578 tua:
705 2517 1010 2576 mentiemur
1046 2517 1136 2571 tibi
1167 2517 1362 2572 inimici
1400 2517 1494 2570 tui.
1531 2517 1638 2573 Sed
1664 2517 1732 2571 ad
1764 2519 1934 2572 ratio-

335 2612 484 2662 nem,
511 2592 944 2664 atqueordinem
976 2590 1131 2664 hujus
1161 2587 1429 2664 sermonis
1461 2589 1825 2664 necessarium
1853 2596 1938 2664 est

336 2668 413 2732 id,
442 2658 1000 2738 quod'idil‘licultatem
1021 2658 1195 2728 affert,
1227 2660 1410 2730 paucis
1439 2659 1740 2716 absolvere.
1771 2658 1829 2714 In
1859 2659 1938 2714 la-

335 2732 476 2795 tinis'
495 2736 774 2792 codicibus
799 2733 871 2788 ita
900 2732 1126 2802 legimus
1154 2748 1166 2784 :

404 2808 635 2864 Jubilate
660 2807 768 2860 Deo
788 2847 804 2872 ,
835 2805 1000 2859 omnis
1030 2812 1184 2857 terra.

406 2879 514 2936 Sed
536 2888 796 2948 quantum
824 2875 890 2930 ad
920 2876 1117 2948 eloquii
1150 2875 1316 2948 nostri
1347 2875 1792 2948 consuetudinem
1817 2889 1938 2944 per-

339 2953 490 3012 tinet.
510 2945 742 3020 jubilum
763 2946 1045 3020 pastoralis
1072 2945 1403 3020 a‘greStisque
1421 2946 1568 3000 vocis
1589 2961 1777 3020 sonum
1800 2962 1939 3000 nun-

337 3016 624 3094 cupamus,
655 3016 780 3094 cum
824 3017 882 3094 in
917 3016 1291 3094 sulitudinibus
1322 3027 1413 3070 aut
1453 3017 1808 3094 respondens,
1847 3025 1941 3094 aut

337 3087 622 3165 requirens
657 3090 837 3165 ducite
869 3089 921 3142 in
953 3088 1176 3165 longum
1207 3103 1372 3165 sonus
1416 3089 1583 3165 vocis_
1606 3088 1838 3165 auditur.
1879 3087 1936 3165 In

339 3158 544 3222 Graecis
563 3178 692 3218 vero
720 3160 890 3222 libris,
923 3159 1014 3230 qui
1041 3175 1104 3212 ex
1137 3158 1405 3212 llebraico
1434 3158 1660 3227 proximi
1690 3159 1938 3230 sunttsi-

2036 532 2217 587 dicant
2233 532 2442 656 gouiini
2485 540 2598 602 tuo,
2630 532 2923 588 Altissime.
2958 533 3154 601 Venite,
3187 535 3379 606 inquit,
3405 545 3452 588 et
3475 535 3636 589 ridete

2036 620 2192 656 onera
2282 620 2350 656 ει.

2034 620 2192 675 Opera
2233 620 2350 657 uer.

2105 675 2623 730 Invitantisverbum
2648 683 2751 740 est,
2775 674 3074 730 doctrinam
3103 676 3245 732 enim
3271 677 3360 732 Dei
3382 685 3634 746 tanquam

2033 745 2086 800 in
2117 747 2314 800 vicinio
2358 748 2674 802 collocatam
2705 747 2900 816 posuit.
2935 746 3003 800 Et
3030 765 3144 803 cum
3173 749 3410 812 venisset,
3441 745 3635 818 inquit,

2032 818 2400 890 euangelizauit
2428 835 2608 890 pacem
2637 819 2717 890 his
2743 819 2830 890 qui
2859 819 2921 890 de
2949 819 3118 890 longe,
3147 828 3195 873 et
3237 835 3413 888 pacem
3440 819 3519 872 liis
3547 818 3634 888 qui

2033 888 2096 960 de
2119 905 2280 959 prope
2305 887 2522 960 (Ep/tes.
2556 903 2614 952 tt,
2641 887 2764 953 l7).
2784 889 2857 960 Ex
2889 889 3005 958 lege
3034 887 3178 946 enim
3203 887 3351 945 multi
3378 887 3632 958 tanquam

2032 959 2100 1032 de
2125 974 2290 1028 prope
2316 959 2610 1032 manentes
2642 959 3027 1032 crediderunt;
3063 977 3134 1016 ex
3166 961 3418 1032 gentibus
3452 969 3635 1015 autem

2032 1029 2190 1100 longe
2216 1031 2404 1099 positis
2422 1031 2706 1099 Pmphetae
2730 1030 3042 1098 praedicatio
3061 1029 3252 1088 omnes
3269 1033 3336 1086 ad
3354 1032 3447 1086 Dei
3471 1045 3634 1101 opera

2032 1101 2586 1174 contuendaadvocat
2606 1119 2624 1157 ι,
2643 1102 2737 1156 sed
2767 1118 2872 1156 non
2895 1117 3162 1174 eaopera,
3183 1119 3301 1174 qua:
3318 1111 3634 1174 cunctorum

2034 1172 2206 1227 oculis
2231 1172 2470 1242 subjecta
2498 1183 2642 1237 sunt,
2673 1173 2819 1238 cteli,
2862 1173 3021 1234 aeris.
3046 1172 3289 1229 terraeac
3306 1174 3468 1227 maris
3489 1193 3501 1225 ;
3520 1172 3637 1230 hinc

2032 1243 2178 1298 enim
2206 1257 2394 1297 omnes
2417 1253 2778 1300 contuentur:
2809 1242 2905 1297 sed
2931 1259 2991 1297 ea
3017 1260 3135 1313 qua:
3160 1245 3392 1299 ﬁdelium
3425 1252 3631 1299 tantum

2033 1314 2212 1368 studio
2235 1323 2510 1382 comperta
2533 1324 2798 1368 suntcum
2823 1317 3022 1383 ingenti
3041 1325 3094 1369 et
3115 1315 3417 1370 admirabili
3439 1317 3636 1370 virtute

2032 1383 2370 1456 Pharaonem
2405 1401 2500 1452 pro
2532 1385 2822 1455 impietatis
2852 1400 2964 1438 sua:
3006 1387 3211 1442 meritis
3241 1389 3290 1440 in
3323 1388 3633 1456 exemplum

2034 1455 2251 1508 lmmani
2283 1456 2491 1510 timoris
2532 1457 2831 1523 oppressit;
2871 1471 2990 1512 eum
3031 1473 3180 1513 mare
3220 1455 3631 1522 siccatum’est;

2033 1541 2154 1598 cum
2178 1524 2413 1598 Jordane
2446 1527 2675 1595 populus
2706 1526 2933 1598 pedibus
2958 1541 3204 1598 egressus
3227 1537 3348 1583 est:
3381 1529 3445 1582 ad
3477 1528 3634 1598 hujus

2033 1597 2194 1722 igitur
2220 1596 2312 1651 Dei
2334 1611 2497 1666 opera
2527 1598 2830 1653 contuenda
2861 1595 3127 1667 Propheta
3173 1609 3362 1669 gentes
3386 1595 3632 1664 advocat,

2072 1683 2220 1722 iccns
2249 1685 2260 1720 :

2072 1683 2220 1723 ιορηε
2249 1685 2260 1720 ε

2117 1738 2309 1803 Venite,
2339 1749 2386 1794 et
2438 1739 2602 1792 videte
2627 1754 2782 1808 Opera
2805 1736 3036 1804 Domini,
3064 1741 3306 1795 terribilis
3334 1743 3386 1795 in
3411 1743 3637 1798 consiliis

2033 1827 2186 1880 super
2204 1810 2340 1877 ﬁlios
2371 1811 2657 1864 hominum.
2686 1809 2787 1876 Qui
2815 1813 3058 1864 convertit
3088 1828 3228 1865 mare
3254 1813 3306 1866 in
3333 1813 3552 1879 aridam,
3582 1815 3638 1868 in

2035 1882 2248 1952 ﬂumine
2277 1882 2665 1952 pertransibunt
2676 1881 2820 1952 pede.
2853 1881 2960 1936 Sed
2987 1882 3114 1951 quid
3138 1882 3204 1936 ad
3237 1885 3502 1939 universa:
3528 1895 3636 1938 ter-

2036 1950 2111 2007 rae
2140 1952 2371 2024 salutem
2390 1952 2599 2020 prolicit
2614 1950 2936 2024 ?Videa_mus
2953 1950 3078 2022 quid
3104 1953 3260 2008 nobis
3285 1965 3433 2010 tanto
3451 1965 3635 2024 postea

2035 2023 2216 2096 gentis
2245 2021 2510 2096 Jordanes
2540 2034 2666 2077 tunc
2704 2021 2979 2096 arefactus
3000 2023 3258 2096 impertit.
3304 2021 3465 2096 hujus
3488 2027 3634 2082 enim

2035 2095 2190 2167 aquis
2239 2094 2468 2167 primum
2512 2102 2865 2167 peccatorum
2891 2093 3095 2148 ablutio
3121 2095 3327 2150 Joanne
3368 2093 3636 2167 ptenitcn-

2037 2165 2167 2220 tiam
2197 2164 2525 2234 pra‘dieante
2549 2165 2744 2220 donata
2775 2174 2856 2219 est
2887 2183 2899 2219 :
2932 2180 3026 2234 per
3057 2167 3200 2221 hunc
3233 2164 3380 2222 enim
3413 2169 3632 2222 fluvium

2037 2239 2091 2292 in
2141 2235 2577 2304 repromissionis
2621 2247 2816 2290 terram
2860 2237 3060 2304 populo
3091 2239 3192 2292 iter
3235 2238 3440 2304 fuerat;
3493 2255 3636 2295 nunc

2037 2323 2253 2378 quoque
2287 2321 2380 2373 per
2407 2323 2528 2362 eum
2558 2306 2646 2378 via
2676 2305 2832 2360 nobis
2860 2309 3096 2363 ccclesiis
3120 2310 3268 2378 regni
3297 2309 3636 2365 demonstra-

2039 2377 2146 2444 tur,
2191 2379 2344 2447 aquis
2387 2378 2518 2446 ipsis
2555 2377 2830 2445 Baptismo
2871 2378 3080 2433 Domini
3126 2377 3480 2437 consecratis.
3530 2381 3633 2438 Ubi

2038 2450 2326 2504 lostabimur
2360 2450 2414 2501 in
2440 2451 2572 2518 ipso,
2607 2447 2870 2516 Pr0pheta
2897 2449 3164 2518 subjecit,
3193 2451 3380 2509 dicens
3405 2471 3420 2508 :

2117 2520 2219 2586 Qui
2239 2519 2584 2574 dominabitur
2608 2519 2658 2572 in
2682 2521 2912 2588 potentia
2936 2537 3031 2575 sua
3055 2521 3110 2575 in
3131 2533 3399 2579 internum.

2111 2589 2432 2661 Unigenitus
2461 2591 2604 2645 enim
2638 2590 2731 2645 Dei
2761 2591 2920 2668 Illius,
2962 2601 3018 2647 et
3053 2592 3098 2646 si
3123 2596 3369 2665 regnavit
3395 2612 3636 2668 semper,

2041 2677 2147 2717 non
2169 2671 2346 2733 tamen
2369 2676 2585 2733 semper
2607 2664 2850 2732 regnavit
2877 2664 2928 2717 in
2956 2677 3184 2732 corpore
3197 2664 3222 2717 ξ
3249 2681 3370 2721 nam
3393 2666 3497 2722 hoc
3519 2664 3638 2722 loco

2043 2742 2257 2808 tempus
2302 2730 2433 2808 illud
2475 2730 2807 2808 ostenditur,
2832 2747 2939 2808 quo
2983 2730 3285 2804 glorificato
3321 2737 3375 2791 in
3406 2739 3632 2808 gloriam

2043 2804 2376 2876 Deigcorpori
2403 2815 2456 2858 et
2484 2819 2683 2876 nomen
2717 2803 2809 2856 Dei
2837 2803 3091 2876 donatur,
3120 2815 3174 2858 et
3195 2803 3440 2876 regnum.

2116 2872 2372 2949 Quoniam
2410 2874 2638 2949 probasti
2678 2889 2793 2938 nos,
2821 2872 2983 2940 Deus,
3024 2874 3142 2945 igne
3179 2872 3280 2931 nos
3309 2880 3636 2949 examinasti,

2040 2946 2168 3001 sicut
2196 2946 2310 3014 igne
2339 2945 2662 2999 examinatur
2695 2954 2982 3014 argentum.

2113 3015 2542 3092 Comparationis
2568 3014 2869 3092 similitudo
2894 3028 2976 3072 est
3007 3034 3019 3069 :
3053 3018 3394 3074 examinandi
3427 3022 3638 3092 argenti

2043 3087 2130 3143 illa
2173 3089 2286 3161 sola
2334 3086 2470 3161 ratio
2510 3095 2612 3161 est,
2646 3096 2714 3161 ut_
2744 3086 2955 3152 sordes,
2994 3105 3112 3157 qua:
3153 3106 3219 3145 ex
3273 3092 3440 3161 prima
3479 3086 3638 3150 lcrrae

2047 3159 2272 3213 materie
2313 3157 2659 3222 adhzeserint,
2685 3157 3084 3228 decoquuntur;
3128 3171 3182 3215 et
3223 3157 3287 3215 si'
3308 3179 3374 3218 ex
3417 3164 3642 3221 alterius

339 3235 739 3308 gnitipationem
790 3228 1053 3308 ejusmodi
1088 3230 1246 3308 habet
1285 3245 1616 3295 ALALacuus,
1651 3243 1808 3308 quem
1837 3229 1939 3282 La-
1971 3228 2016 3291 C
2050 3229 2248 3308 mc_talli
2278 3237 2463 3308 uatura
2494 3228 2730 3308 admixta
2763 3229 2977 3308 fuerint,
3009 3241 3325 3302 purgentur.

340 3301 441 3362 {ini
463 3305 692 3376 jubilum
722 3312 922 3372 ponunt
949 3319 968 3376 :_
987 3301 1252 3376 significat
1282 3317 1465 3355 vocem
1493 3301 1762 3354 exercitus
1801 3316 1940 3369 prae-

340 3370 519 3434 liantis
547 3375 644 3449 (al.
675 3370 1046 3445 protercntis),
1075 3382 1164 3449 uut
1204 3371 1256 3449 i_n
1301 3387 1563 3449 concursu
1593 3381 1798 3449 prapter
1833 3387 1941 3424 rem

343 3442 577 3514 hostem,
597 3442 691 3501 aut
710 3442 1019 3500 successum
1046 3442 1284 3497 victoriae
1303 3443 1676 3514 exsultationis
1700 3456 1836 3514 voce
1850 3452 1944 3514 itc-

343 3513 697 3576 stantis.Vox
727 3525 906 3571 autem
927 3514 1304 3570 exsultationis
1322 3513 1570 3568 dissentit
1588 3529 1614 3564 a
1631 3513 1820 3581 jubilo.
1844 3513 1945 3567 Po-

341 3592 433 3649 siti
462 3591 622 3660 igitur
643 3599 696 3644 et
717 3601 1031 3660 nossumus
1056 3585 1249 3660 invitae
1273 3586 1425 3660 istius
1460 3584 1673 3660 pra:_liis,
1699 3593 1754 3638 et
1774 3582 1945 3660 in_hoc

343 3653 524 3716 carnis
550 3671 605 3717 et
656 3658 930 3727 sanguinis
959 3657 1124 3710 nostri
1163 3655 1482 3727 certamine,
1511 3653 1941 3727 adversumDiao

345 3735 550 3796 bolum,
598 3724 972 3798 exercitusque
1021 3729 1138 3796 ejus
1189 3729 1354 3781 armis
1401 3725 1731 3798 stiitjitalibus
1781 3724 1943 3798 dimi-

347 3815 570 3862 cantes:
600 3811 821 3872 propter
849 3796 992 3872 quud
1027 3814 1308 3872 mouemur
1358 3797 1467 3852 Deo
1501 3797 1554 3851 in
1589 3811 1721 3872 voce
1758 3796 1943 3872 exsul-

348 3875 566 3932 tationis
600 3867 882 3943 ’jub‘ilaref
920 3869 1218 3943 Ferendus!
1251 3879 1332 3924 est
1394 3883 1522 3943 ergo
1588 3867 1945 3943 confessionis

349 3959 551 4006 nostrze
587 3939 840 3998 sermone
895 3941 1070 3996 omnis
1096 3941 1350 4011 profanus
1378 3939 1622 4004 auditor,
1672 3949 1725 3992 et
1755 3939 1945 3992 adver-

349 4034 470 4076 sum
493 4015 799 4078 Diabolum,
833 4027 1088 4083 armaque
1128 4011 1266 4082 ejus,
1298 4012 1603 4083 orationum
1637 4019 1941 4083 nostrarum

350 4090 527 4146 sonitu
553 4085 869 4142 certandum
900 4080 1015 4146 est;
1039 4094 1092 4138 et
1118 4080 1246 4138 belli
1268 4082 1440 4138 nostri
1465 4081 1740 4136 victoriam
1767 4080 1947 4136 exsul-

354 4161 577 4216 tationis
606 4172 738 4213 voce
761 4154 1102 4211 monstranda
1123 4164 1226 4210 est.

424 4231 622 4288 Audiat
648 4227 852 4284 orantis
873 4227 1052 4298 populi
1084 4240 1269 4281 vocem
1297 4224 1436 4298 quis,
1471 4221 1945 4298 cxtra_Ecelcsiam

357 4315 606 4375 spectans
632 4294 1223 4375 celebres'hytunoru‘m
1240 4295 1446 4350 sonitus
1472 4311 1592 4349 cum
1619 4294 1810 4375 devota
1857 4309 1946 4374 re:

356 4368 661 4446 sponsione!
677 4369 1032 4427 confessionis
1056 4368 1324 4446 accipiat:
1374 4380 1594 4446 necesse
1636 4375 1719 4420 est
1750 4368 1949 4418 terreni

359 4436 573 4502 omnem
597 4444 994 4505 adversantem,
1016 4455 1137 4495 cum
1165 4438 1349 4494 audiat
1370 4436 1617 4492 victrices
1651 4449 1812 4492 voces
1853 4451 1950 4489 no-

362 4528 504 4575 stras
519 4515 884 4571 exsultationis
903 4512 1072 4583 gloria
1091 4524 1382 4583 personare
1407 4525 1419 4561 :
1443 4507 1572 4562 Date
1589 4508 1807 4578 gloriam
1833 4505 1948 4559 lau-

362 4588 561 4643 dationi
590 4588 698 4656 ejus
724 4601 743 4640 :
780 4585 869 4639 tali
903 4581 1046 4656 euim
1088 4581 1390 4636 laudatione
1419 4589 1948 4656 cuni_gentes__opera

361 4670 546 4716 nostra
576 4649 915 4720 contuentur,
941 4653 1152 4708 Patrem
1183 4663 1444 4715 nostrum,
1470 4650 1560 4720 qui
1591 4651 1642 4703 in
1665 4649 1817 4706 C(BIIS
1847 4659 1950 4714 cst,

361 4729 804 4798 tnagnilicabuut,
829 4735 883 4780 et
909 4723 1342 4798 dabuntnotnini
1365 4722 1484 4792 ejus
1513 4721 1757 4798 gloriam.

434 4792 606 4857 Dicite
635 4798 746 4854 Deo
767 4792 792 4854 :7
811 4798 974 4864 Quam
1003 4794 1248 4849 terribilia
1268 4804 1384 4848 sunt
1406 4807 1560 4864 opera
1584 4792 1702 4846 tua!

432 4873 567 4940 Quis
605 4875 750 4927 enim
797 4863 904 4925 non
947 4865 1176 4940 trepidet
1213 4865 1279 4919 ad
1322 4863 1654 4940 majesiatem
1713 4863 1830 4933 ejus
1867 4863 1956 4934 qui

363 4935 542 5002 secula
593 4940 905 5005 instituerit,
947 4938 1202 4994 mundum
1231 4935 1555 5003 condiderit,
1592 4944 1832 5006 tempora
1865 4950 1960 5003 per

365 5017 510 5073 vices
551 5015 830 5071 dimensus
854 5011 922 5066 sit
946 5052 961 5076 ,
985 5010 1180 5065 calum
1215 5007 1374 5062 astris
1419 5007 1711 5072 ornaverit,
1761 5015 1959 5060 terram

367 5088 632 5143 fructibus
673 5082 982 5154 repleverit,
1015 5094 1166 5135 mare
1203 5077 1445 5154 obicibus
1479 5076 1827 5154 concluserit,
1863 5076 1958 5130 ho~

369 5159 593 5224 minem,
623 5166 682 5212 ut
718 5148 802 5210 liis
826 5163 919 5208 aut
946 5159 1327 5224 uteretur,_aut
1360 5148 1759 5224 dominaretur,
1782 5150 1954 5224 elege-

371 5229 483 5286 rit?
521 5219 625 5284 Per
668 5228 786 5282 hazc
830 5225 1006 5280 omnia
1053 5222 1264 5294 virtutis
1311 5224 1480 5294 signa
1512 5221 1793 5290 potestatis
1843 5219 1962 5294 ejus

371 5302 646 5357 aeternitas
683 5298 943 5368 noscitur,
975 5295 1076 5350 ista
1097 5293 1245 5368 enim
1278 5289 1523 5350 teri-ibile
1548 5305 1745 5368 nomen
1773 5289 1962 5368 condi-

370 5373 507 5428 toris
546 5370 825 5443 efliciuut:
867 5361 1055 5443 herum
1095 5365 1255 5443 igitur
1281 5378 1504 5437 operum
1550 5361 1964 5443 conditor'ess‘e

374 5443 539 5508 Deus,
591 5455 622 5496 a
667 5439 819 5497 nobis
855 5431 1226 5510 prmdicauilus
1258 5431 1361 5506 est,
1393 5443 1448 5493 et
1492 5448 1524 5488 a
1563 5431 1773 5488 ueteris
1798 5431 1966 5488 conli-

377 5514 594 5570 tendus.

449 5583 516 5640 In
552 5584 880 5640 multitudine
913 5581 1112 5638 virtutis
1159 5589 1259 5636 tute
1301 5576 1610 5632 mentiemur
1651 5574 1742 5631 tibi
1774 5573 1970 5630 inimici

380 5657 478 5712 tui.

456 5728 536 5782 Ex
584 5727 925 5785 multitudine
972 5726 1178 5800 scilicet
1225 5723 1435 5779 virtutis
1481 5722 1576 5800 Dei
1622 5718 1969 5800 falsorumrin

381 5798 490 5872 diis
522 5800 797 5872 nominum
838 5814 972 5853 vana
1007 5797 1340 5872 efficiuntur,
1385 5803 1440 5848 et
1477 5792 1601 5872 quia
1648 5792 1974 5872 mentiuntur

379 5870 606 5939 inimici,
629 5871 755 5942 quid
779 5887 811 5928 a
841 5870 1049 5929 cunetis
1075 5868 1191 5926 ﬁeri
1221 5874 1488 5939 oporteat,
1517 5864 1740 5923 docetur
1765 5864 1874 5919 ita:

2115 3301 2258 3378 Deus
2281 3300 2481 3378 itaque
2495 3300 2778 3378 credentes
2809 3299 2858 3354 in
2891 3316 2970 3378 se.
2998 3299 3386 3378 non'tanquam
3422 3305 3640 3378 ignarus

2043 3372 2335 3434 examinat,
2387 3370 2482 3426 sed
2536 3371 2832 3442 secundum
2879 3373 3196 3442 Apostolum
3245 3370 3642 3436 'tentaticnibus

2045 3442 2419 3511 probationem
2477 3442 2654 3496 affert.
2715 3441 2803 3497 Sic
2859 3441 3041 3512 itaque
3099 3446 3479 3503 examinantur
3516 3465 3640 3506 cre-

2044 3513 2254 3575 dentes,
2285 3513 2492 3584 utigne
2520 3515 2757 3584 purgati,
2794 3520 2849 3567 et
2877 3514 3208 3571 admixtione
3235 3517 3486 3574 vitiorum
3517 3535 3637 3576 car-

2044 3583 2246 3638 nalimn
2279 3583 2543 3646 defzccati,
2575 3583 2913 3653 splendeant,
2943 3587 3287 3643 examinante
3316 3589 3642 3648 innocentia:

2045 3655 2307 3727 ciaritatc.
2356 3654 2736 3727 'I‘entationum
2784 3668 2965 3711 autem
3015 3673 3251 3727 genera,
3300 3669 3355 3716 et
3401 3661 3645 3719 diversas

2045 3725 2340 3796 Martyrum
2371 3726 2626 3780 victorias
2654 3737 2974 3782 contuentes
3011 3725 3210 3784 scimus
3236 3731 3428 3797 quibus
3470 3735 3644 3790 modis

2045 3797 2239 3850 anima:
2282 3806 2548 3862 ponantur
2586 3799 2636 3852 in
2684 3798 2870 3852 vitam.
2901 3799 3004 3853 Alii
3047 3800 3101 3854 in
3149 3801 3376 3857 vinculis
3404 3807 3642 3861 carceris

2046 3867 2370 3941 gloriantur,
2403 3867 2492 3921 alii
2537 3870 2662 3923 caesi
2696 3869 2760 3941 in
2808 3871 3120 3925 verberibus
3159 3874 3511 3941 gratulantur,
3551 3876 3644 3930 alii

2047 3940 2298 4007 potestati
2341 3939 2638 3993 desecanda
2689 3940 2918 3994 felicium
2960 3939 3192 4009 capitum
3231 3944 3370 3998 colla
3412 3946 3644 3999 submit-

2047 4016 2200 4083 tunt;
2231 4010 2408 4078 plures
2436 4010 2488 4083 in
2517 4019 2818 4083 exstructos
2837 4025 2997 4083 rogos
3023 4021 3268 4083 currunt,
3297 4023 3351 4068 et
3375 4016 3647 4083 trepidan-

2048 4080 2191 4134 tibus
2222 4095 2392 4147 puanze
2422 4080 2681 4134 ministris
2710 4081 2885 4149 ignem
2917 4081 3055 4134 saltu
3092 4082 3301 4137 devota:
3341 4080 3646 4140 festinatio-

2047 4153 2134 4205 nis
2158 4152 2426 4212 insiliunt;
2458 4151 2549 4204 alii
2581 4152 2631 4203 in
2658 4150 2978 4224 profundum
3010 4152 3408 4224 demergentes,
3441 4172 3545 4210 non
3588 4157 3642 4212 in

2049 4236 2217 4291 aquas
2251 4231 2553 4284 necaturas,
2582 4221 2679 4275 sed
2710 4226 2762 4276 in
2801 4220 3137 4291 refrigerium
3163 4220 3426 4280 aeternum
3458 4227 3640 4283 Beati-

2051 4292 2252 4346 tudinis
2279 4291 2553 4364 decidunt,
2583 4293 2834 4364 totoipso
2857 4307 3086 4364 corpore
3117 4294 3229 4351 Deo
3266 4296 3494 4354 hostiam
3521 4310 3642 4355 tan-

2050 4379 2208 4434 quam
2242 4363 2550 4417 holocausta
2587 4363 2911 4432 praebentes.

2123 4435 2393 4514 Percurrit
2428 4449 2557 4514 ergo
2585 4450 2684 4504 per
2714 4435 2830 4514 Inice
2857 4436 3165 4504 passionum
3189 4453 3385 4514 genera
3417 4457 3482 4498 ex
3517 4459 3641 4514 per-

2051 4521 2185 4632 Zona
2229 4504 2611 4575 Apostolorum
2655 4515 2711 4560 et
2750 4505 3039 4577 Martyrum
3071 4504 3417 4581 propheticus
3465 4504 3644 4572 sermo

2096 4590 2276 4632 icens:

2096 4590 2240 4633 iceus
2266 4594 2276 4628 ε

1980 4622 2032 4682 Ῑ)
2127 4647 2260 4727 Igne
2287 4664 2380 4727 nos
2411 4650 2747 4727 _ea:_amint_tsti.
2794 4651 2925 4705 sicut
2962 4652 3080 4727 igne
3105 4655 3426 4727 ementiuntur
3461 4671 3651 4727 argen-

2060 4729 2166 4773 tum
2195 4734 2212 4773 :
2240 4719 2491 4774 induxisti
2515 4737 2607 4774 nos
2633 4721 2687 4775 in
2708 4721 2966 4791 laqueum,
2984 4719 3051 4778 id
3083 4733 3168 4778 est
3195 4725 3246 4779 in
3271 4719 3648 4786 custodiafca-

2060 4801 2210 4869 lenas
2235 4807 2247 4843 :
2279 4792 2492 4869 posuisti
2507 4792 2859 4869 tribulationes
2881 4794 2934 4847 in
2958 4796 3172 4869 dorsum
3185 4808 3434 4866 nostrum,
3459 4814 3648 4869 poenas

2059 4861 2267 4937 scilicet
2289 4863 2593 4937 verberum,
2617 4865 2808 4937 quibus
2829 4865 2872 4937 Α
2883 4865 3124 4933 postolus
3149 4867 3335 4923 Petrus
3362 4861 3576 4937 gaudet,
3594 4880 3650 4926 et

2063 4932 2506 5012 Paulusexsultat
2517 4934 2836 5012 :_imposuisti
2849 4932 3244 5012 ltominessuper
3257 4932 3424 5012 capita
3446 4932 3619 5012 nostra
3634 4956 3654 4996 :

2060 5004 2384 5075 transivimtts
2411 5020 2500 5075 per
2525 5005 2692 5075 ignem
2721 5015 2767 5060 et
2801 5023 3010 5074 aquam.
3046 5004 3163 5062 Noti
3199 5011 3251 5063 in
3291 5004 3372 5064 liis
3398 5011 3651 5066 dissolvi-

2064 5022 2384 5057 transivimus
2447 5022 2500 5057 er
2525 5022 2692 5075 ignem
2721 5022 2766 5060 et
2801 5023 3010 5074 aquam.
3046 5022 3162 5062 Non
3199 5026 3251 5063 ιιι
3291 5022 3372 5064 ttts
3398 5022 3651 5066 (IISSOIVI-

2064 5084 2168 5140 tur,
2193 5074 2348 5130 scdin
2373 5022 2514 5129 aiiud
2539 5091 2632 5144 per
2653 5076 2738 5130 illa
2755 5079 3134 5143 transducitur,
3160 5094 3281 5133 cum
3303 5081 3456 5136 dicit:
3485 5080 3652 5135 Tran-

2060 5147 2268 5218 siuimus
2288 5162 2378 5216 per
2398 5147 2570 5216 ignem
2589 5157 2634 5200 et
2655 5163 2880 5218 aquam;
2905 5158 2962 5204 et
2985 5149 3072 5204 ubi
3103 5150 3494 5214 transducatur,
3529 5151 3656 5208 Pro-

2063 5217 2226 5294 pheta
2257 5231 2362 5294 uon
2405 5219 2615 5294 ignorat
2642 5217 2841 5294 dicens
2880 5237 2892 5273 :
2927 5218 3186 5294 Iuduxisti
3224 5237 3316 5294 nos
3348 5222 3403 5275 in
3437 5225 3654 5294 refrige-

2064 5287 2220 5342 rium.
2255 5287 2685 5365 Resuriectionis
2711 5291 2917 5345 scilicet
2943 5291 3085 5365 diem
3134 5291 3419 5359 signiticat,
3466 5287 3518 5349 in
3548 5287 3653 5365 qua

2065 5370 2192 5441 post
2217 5361 2406 5415 mortis
2427 5359 2580 5415 istius
2602 5369 2813 5431 tempus
2837 5375 2946 5416 non
2972 5359 3148 5428 ﬂetur,
3179 5376 3284 5417 non
3308 5359 3583 5434 peccatur;
3600 5375 3656 5422 et

2067 5431 2285 5486 vivitur.

2140 5500 2372 5557 Introibo
2397 5503 2452 5557 in
2476 5504 2689 5575 domum
2715 5511 2856 5557 tuam
2878 5503 2932 5559 in
2958 5504 3302 5575 holocaustis;
3328 5507 3540 5564 reddam
3568 5507 3661 5565 tibi

2071 5573 2188 5645 vcta
2208 5589 2340 5639 mea,
2369 5590 2484 5645 quia
2503 5574 2847 5629 distinxerunt
2868 5575 3008 5629 labia
3036 5593 3167 5631 mea.

2143 5644 2588 5725 Hascergo_sunt_
2619 5647 2671 5701 in
2711 5646 3069 5725 tribulatione
3095 5649 3329 5725 primum
3366 5649 3662 5725 Martyrum

2071 5724 2232 5781 vota;
2275 5723 2402 5770 tunc
2429 5715 2645 5782 deinde,
2677 5727 2739 5773 ut
2759 5732 2826 5773 ex
2852 5719 3008 5776 nobis
3048 5715 3347 5775 holocausta
3386 5715 3667 5780 medullam

2073 5794 2472 5844 consumment.
2522 5787 2696 5843 Induti
2737 5799 2863 5845 sunt
2908 5791 3104 5852 arietes
3131 5793 3310 5847 ovium
3347 5808 3362 5844 :
3396 5792 3484 5847 hic
3521 5796 3669 5850 enim

2077 5860 2275 5917 arietes
2309 5872 2432 5916 cum
2479 5858 2702 5917 incenso
2749 5861 2930 5920 ovium
2982 5860 3246 5935 Martyres
3297 5863 3670 5941 intelliguntur
