4232 6256
595 327 768 386 XXIII

1683 327 1943 384 MAFFEI
1981 323 2320 384 EDITIONIS
2359 322 2755 382 PRIEEA'I‘IO.

3725 318 3896 376 XXIV

595 441 682 495 nis
713 436 917 521 audivit
945 454 980 521 εΔ
1015 439 1066 520 in
1099 451 1201 508 qua
1230 439 1414 521 regina
1441 437 1704 520 Ecclesiae
1738 439 2040 521 figura-cst,
2069 455 2188 508 qua:
2219 456 2269 514 Α
2304 510 2316 521 ⁸
2373 437 2439 492 Ει
2465 437 2717 521 Domian
2737 438 2791 489 in
2818 433 3035 521 circuitu
3068 432 3244 518 pepuli
3281 434 3362 521 sui
3404 446 3468 486 ex
3495 432 3602 521 hoc.
3637 441 3686 521 et
3736 449 3899 502 usque
3969 435 3974 440 ’

596 511 879 580 peregrina
916 517 1003 580 et
1032 509 1315 580 incognita
1361 509 1692 578 paenitentia:
1739 509 1990 578 credidit,
2021 522 2074 566 et
2103 526 2192 566 sa-

597 579 863 652 pientiam,
881 579 1224 652 desideravit
1249 581 1456 637 audire.

539 667 548 675 ‘
602 651 611 652 ί
668 652 803 718 Quia
849 651 969 724 illic
999 651 1243 724 sederunt
1292 653 1434 707 sedes
1463 652 1516 706 in
1533 652 1813 724 judicium,
1842 652 1987 707 sedes
2041 669 2196 724 super

596 723 806 776 domum
839 719 1029 776 David.
1061 721 1214 777 Sicut
1259 724 1404 778 enim
1451 724 1504 778 in
1533 719 1766 777 'caateris
1811 723 1943 777 locis
1991 719 2192 778 nomen

593 793 692 865 Dei
715 807 780 847 ex
813 806 1060 865 corpore
1089 803 1208 858 est;
1257 809 1402 850 nunc
1449 809 1662 865 quoque
1691 793 1976 863 Scriptura
2015 794 2192 864 ipsum

593 864 760 920 Deum
810 863 974 920 David
1018 875 1311 936 nuncupat,
1360 863 1644 922 nonien’ei
1674 880 1740 921 ex
1763 875 1988 936 parente
2015 863 2194 920 carnis

597 949 906 990 assumens.

669 1005 866 1131 quqate
894 1021 1007 1073 qua:
1022 1007 1091 1061 ad
1119 1024 1294 1078 pacem
1317 1017 1436 1062 sunt
1461 1007 1807 1062 Hierusalem.
1849 1007 2057 1079 Rogate
2084 1021 2192 1061 non

669 1092 726 1131 an
771 1078 808 1131 i.
853 1076 949 1131 sed
974 1079 1339 1131 interrogandi
1383 1094 1564 1131 sermo
1592 1089 1712 1131 est:
1749 1093 1935 1131 pacem
1985 1077 2192 1131 discere

595 1076 808 1143 orandi,
853 1076 949 1132 sed
974 1076 1339 1148 interrogandi
1383 1094 1564 1136 sermo
1592 1089 1712 1134 est:
1749 1076 1957 1148 pacem'
1985 1077 2194 1132 discere

597 1148 652 1203 in
676 1149 954 1204 voluntate
983 1159 1068 1204 est
1088 1150 1442 1206 audientium.
1471 1151 1607 1206 Cum
1635 1151 1779 1218 enim
1806 1150 1875 1205 de
1902 1164 2036 1220 pace
2079 1148 2194 1216 ejus

596 1221 1068 1290 interrogaverint,
1125 1231 1253 1276 tunc
1291 1222 1632 1288 laetabuntur,
1687 1229 1811 1276 tunc
1857 1219 2195 1274 confidenter

595 1290 778 1346 dicere
811 1299 1100 1361 poterunt:
1129 1293 1182 1345 in
1211 1293 1419 1347 domum
1468 1291 1564 1346 Dei
1609 1293 1817 1345 ibimus.
1853 1291 2060 1345 Dehinc
2104 1304 2196 1361 se-

596 1362 781 1432 quitur
811 1360 823 1414 i
857 1379 960 1432 pax
987 1363 1041 1417 in
1079 1365 1263 1418 virtute
1302 1374 1413 1429 tua,
1442 1373 1489 1418 et
1521 1361 1840 1416 abundantia
1869 1363 1922 1415 in
1969 1360 2195 1414 turribus

597 1433 715 1486 tuis.
752 1432 861 1487 Pax
892 1444 1051 1503 atque
1073 1435 1244 1489 virtus
1273 1435 1466 1489 domus
1495 1434 1656 1503 hujus
1685 1434 1920 1488 invicem
1950 1447 2195 1487 connexa

597 1514 732 1575 sunt
768 1503 889 1559 sibi.
921 1505 1026 1560 Sed
1072 1505 1123 1558 in
1150 1507 1297 1558 omni
1338 1520 1536 1575 genere
1583 1503 1815 1575 civitatis
1841 1503 1973 1575 nihil
2021 1518 2198 1572 neque

568 1573 828 1645 ﬁrmius,
859 1590 1033 1644 neque
1057 1575 1265 1641 utilius,
1301 1573 1478 1645 neque
1522 1574 1790 1629 excelsius
1823 1573 2060 1645 turribus
2081 1582 2192 1645 est.

593 1643 729 1700 Nam
760 1660 880 1700 Ctllll
908 1643 976 1700 de
1005 1661 1136 1714 pace
1178 1643 1402 1700 virtutis
1421 1645 1677 1701 memoria
1709 1654 1876 1712 esset,
1915 1643 2198 1698 abundan-

595 1717 723 1770 tiam
743 1715 1090 1771 beatitudinis
1123 1719 1375 1785 perfeetae
1407 1716 1638 1773 civitatis
1670 1715 1831 1786 hujus
1861 1716 2196 1786 principibus

597 1787 941 1858 populorum,
1013 1797 1285 1858 tamquam
1357 1787 1680 1844 ﬁrmissimis
1750 1796 1806 1843 et
1862 1786 2195 1857 gravissimis

597 1857 903 1927 deputavit,
925 1859 1112 1914 dicens
1140 1857 1154 1912 ἑ

673 1927 740 1982 Et
766 1928 1084 1983 abundantia
1129 1931 1182 1983 in
1215 1929 1441 1984 turribus
1472 1931 1572 1984 tuis
1601 1945 1619 1984 :
1667 1928 1772 1985 Per
1806 1928 1950 1999 quod
1989 1927 2190 1984 intelli-

595 1998 758 2070 gitur,
783 2000 1166 2071 abundantiam
1195 2000 1336 2055 hanc
1373 2015 1479 2056 non
1528 1998 1890 2071 promiscuam
1943 2001 2194 2056 omnibus

597 2085 752 2137 esse;
779 2070 872 2125 sed
901 2070 1166 2126 Fidelium
1197 2081 1423 2138 tantum,
1461 2070 1540 2127 et’
1564 2072 1894 2126 Sanctorum
1927 2071 2190 2134 virorum,

599 2141 693 2214 qui
741 2144 955 2214 czeteris
1007 2142 1159 2214 velut
1206 2143 1442 2214 turribus
1505 2141 1853 2214 aedificiorum
1891 2143 2190 2206 emineant;

596 2212 649 2284 id
678 2221 761 2268 est
789 2213 1146 2279 Patriarchae,
1207 2213 1514 2281 Prophetze,
1572 2213 1839 2284 Apostoli,
1891 2214 2191 2284 Martyres;

597 2283 666 2338 de
699 2283 893 2352 quibus
919 2285 1178 2339 Dominus
1206 2285 1258 2338 in
1299 2283 1598 2356 Evangelio
1632 2287 1705 2339 ait
1737 2283 1951 2356 :Pater,
1979 2283 2073 2356 pro
2115 2285 2194 2337 his

598 2364 644 2436 te
673 2369 817 2436 rago,
859 2365 914 2409 ut
953 2353 1516 2436 omnesunummsiinus
1543 2353 1650 2428 (Jo.
1675 2372 1807 2436 stvu,
1838 2355 1935 2436 εξ)
1966 2353 2089 2436 {hic
2113 2363 2196 2410 est

597 2424 857 2553 Dominuls
883 2437 1066 2484 noster
1094 2425 1272 2483 .Jesus
1300 2424 1586 2496 Christus,
1617 2429 1710 2499 qui
1751 2436 1834 2484 est
1877 2424 2196 2484 benedictus

598 2511 655 2552 in
683 2511 810 2553 secu
834 2513 884 2553 a.

598 2511 655 2552 ιη
683 2511 862 2554 secuta
871 2537 884 2550 .

962 2611 1208 2670 INCIPIT
1247 2613 1563 2671 PSALMUS
1600 2613 1836 2670 CXXIV.

939 2721 1226 2764 FELICITER
1262 2721 1535 2764 CAN'I'ICUM
1575 2721 1850 2765 οῐιΑυυωι.

598 2796 701 2866 Qui
731 2797 996 2867 conﬁdunt
1017 2799 1072 2853 in
1091 2798 1337 2865 Domino,
1373 2801 1506 2855 sicut
1545 2816 1690 2854 mons
1733 2798 1865 2854 Sion
1909 2814 2011 2852 non
2055 2814 2191 2851 cont—

667 2879 904 2943 movetur
934 2870 1015 2943 in_
1050 2879 1293 2943 (eternum
1321 2887 1336 2936 ;
1368 2870 1686 2943 qui_habitat
1741 2869 1794 2943 in
1844 2867 2196 2943 Hierusalem,

666 2951 859 3014 montes
882 2941 941 3014 in
969 2941 1188 2995 circuitu
1212 2945 1347 3014 ejus,
1370 2940 1417 2998 et
1447 2940 1698 2998 Dominus
1743 2941 1796 2994 in
1837 2941 2060 2994 circuitu
2103 2955 2198 3010 po-

710 3013 781 3066 uli
808 3013 912 3065 sui.

713 3091 764 3139 st
811 3081 955 3139 enim
1006 3097 1163 3139 mons
1215 3082 1345 3140 Sion
1395 3085 1597 3140 civitati
1627 3081 1962 3139 Hierusalem
2019 3080 2196 3140 immi-

597 3169 734 3211 nens
765 3171 778 3208 :
813 3165 895 3210 est
920 3164 1100 3209 autem
1131 3153 1320 3210 eadem
1351 3156 1542 3211 civitas
1570 3155 1643 3210 ita
1691 3153 1862 3224 posita
1885 3194 1899 3218 ,
1949 3161 2006 3206 ut
2050 3153 2194 3224 circa

596 3227 768 3296 ipsam
799 3227 981 3294 plures
1007 3226 1116 3296 sint
1142 3237 1373 3282 montes.
1405 3226 1506 3294 Qui
1548 3241 1677 3296 ergo
1719 3224 1945 3280 conﬁdit
1990 3224 2042 3278 in
2089 3223 2192 3278 Do-

597 3295 764 3362 mino,
799 3295 948 3350 illum
997 3295 1294 3364 profectum
1341 3296 1580 3360 habebit,
1630 3308 1686 3351 ut
1733 3296 1804 3350 sit
1848 3296 1988 3350 sicut
2038 3309 2194 3349 mons

593 3367 746 3423 Sion.
795 3367 910 3421 Non
965 3366 1110 3421 enim
1157 3366 1492 3424 Hierusalem
1551 3369 1665 3437 ipsa
1715 3365 2194 3437 sanctificationem

596 3437 962 3493 habitantibus
982 3437 1263 3502 afferebat,
1293 3446 1354 3493 ut
1377 3436 1632 3494 habitatio
1660 3441 1778 3507 ejus
1809 3436 2018 3492 ﬁrmata
2051 3444 2198 3492 esset

596 3517 802 3564 aeterna
833 3525 846 3562 :
880 3524 1002 3563 cum
1031 3509 1226 3565 exinde
1257 3510 1562 3579 sacrilegia,
1586 3509 1763 3565 caedes
1784 3510 2192 3579 pr0phetarum,

592 3580 856 3652 judicium
884 3581 1074 3652 mortis
1097 3579 1153 3652 in
1178 3581 1368 3646 Deum,
1401 3578 1522 3652 fuga
1552 3581 1958 3650 Apostolorum,
2008 3578 2197 3652 Crucis

595 3650 908 3707 Scandalum
963 3651 1052 3722 sit.
1112 3651 1426 3708 Ilabitantes
1467 3650 1654 3708 autem
1711 3653 1762 3706 in
1818 3666 1938 3706 eam
1983 3651 2197 3722 quoties

595 3722 829 3794 captivi?
864 3721 1088 3794 quoties
1140 3723 1434 3794 perempti?
1484 3723 1550 3778 ad
1596 3723 1838 3778 ultimum
1867 3721 2060 3777 civitds
2100 3738 2195 3778 ea-

594 3793 719 3849 dem
751 3792 991 3865 funditus
1032 3795 1208 3849 diruta
1249 3792 1352 3850 est.
1400 3794 1736 3850 Hierusalem
1784 3795 1962 3865 itaque
2005 3808 2195 3849 eversa

599 3865 779 3936 populi
809 3863 926 3935 ejus
948 3865 1198 3920 exstincti
1225 3876 1350 3920 sunt
1381 3884 1394 3920 :
1426 3865 1588 3922 hodie
1616 3866 1668 3920 in
1689 3882 1750 3921 ea
1782 3863 1889 3920 non
1904 3864 2192 3932 Sacerdos,

596 3935 703 4008 non
747 3935 1039 4004 Propheta,
1089 3952 1194 3991 non
1227 3938 1497 4008 princeps.
1541 3938 1606 3992 Et
1633 3937 1904 4007 quomodo
1935 3936 2195 4008 habitatio

594 4007 710 4077 ejus
732 4023 838 4064 non
869 4008 1298 4063 commovebitur
1329 4008 1381 4064 in
1403 4007 1707 4064 aeternum?
1747 4019 1800 4065 et
1848 4007 2108 4063 Dominus
2139 4007 2190 4060 in

599 4079 828 4151 circuitu
861 4079 1043 4151 populi
1076 4078 1234 4149 ejus?
1263 4080 1357 4135 sed
1385 4080 1510 4151 quia
1542 4081 1595 4136 in
1628 4081 1729 4135 hoc
1758 4089 1942 4136 monte
1990 4078 2194 4134 fructus

596 4149 904 4223 Prophetia:
931 4150 1111 4223 nullus
1139 4161 1242 4216 est,
1273 4149 1415 4222 quid
1449 4153 1504 4207 in
1533 4161 1713 4208 monte
1761 4151 1983 4223 intelligi
2031 4165 2195 4223 opor-

595 4231 706 4276 teat
731 4219 919 4292 Esaias
947 4221 1130 4288 docet,
1181 4219 1418 4279 montem
1453 4223 1667 4279 Domini
1705 4219 1972 4280 excelsuii.
2024 4221 2192 4292 signi-

595 4292 766 4346 ficans
812 4290 878 4344 ad
927 4307 1087 4362 quem
1131 4302 1318 4362 gentes
1356 4303 1596 4349 ventura:
1626 4303 1828 4349 essent.
1866 4293 2001 4348 Ecce
2046 4290 2193 4346 mitto

597 4364 649 4417 in
677 4362 1014 4435 fundamenta
1037 4361 1166 4416 Sion
1194 4364 1421 4433 lapidem
1447 4366 1776 4435 praeclarum,
1811 4365 2049 4428 electam,
2098 4381 2193 4416 an-

594 4433 848 4504 gularem,
879 4433 1194 4504 pretiosum;
1240 4443 1288 4488 et
1320 4437 1407 4504 qui
1449 4433 1614 4491 credit
1670 4437 1724 4490 in
1771 4451 1887 4490 eum
1931 4451 2035 4489 nor.
2071 4450 2190 4488 con-

595 4501 836 4576 fundetur
868 4501 985 4576 (Es.
1019 4518 1211 4576 xxivm,
1239 4501 1354 4576 I6).
1410 4505 1522 4562 Hoc
1548 4508 1600 4563 in
1632 4507 1752 4562 loco
1783 4505 2192 4564 fundamentum

593 4572 1206 4647 Cliristtt_tn'_s_ignilicat;
1257 4572 1354 4647 per
1401 4593 1559 4647 quem
1604 4578 1760 4633 beata
1810 4579 1899 4632 iila
1947 4577 2190 4633 Ecclesia

595 4645 819 4719 intelligi
850 4643 1088 4710 videtur,
1122 4643 1280 4719 quam
1305 4643 1596 4719 Apostolus
1615 4650 1724 4704 alie
1746 4650 1963 4704 nomine
1993 4649 2185 4704 Hieru-

595 4717 763 4772 salem
794 4725 1066 4784 nuneupat
1110 4716 1296 4774 dicens
1335 4716 1514 4784 {Quae
1560 4737 1692 4774 nunc
1739 4729 1812 4774 est
1867 4719 2191 4774 Hierusalem

595 4787 812 4842 serviens
841 4804 954 4842 cum
976 4787 1100 4862 [iliis
1124 4789 1230 4862 suis
1257 4787 1416 4862 (Gal.
1452 4806 1524 4858 tv,
1555 4789 1668 4860 25)
1698 4805 1712 4846 :
1740 4806 1805 4846 ea
1847 4799 2027 4845 autem
2067 4805 2190 4860 qua:

596 4873 810 4914 sursum
853 4865 941 4930 est
981 4857 1338 4926 Hierusalem,
1388 4857 1556 4918 libera
1583 4857 1681 4930 est,
1733 4877 1853 4930 qua:
1891 4876 1963 4916 est
2015 4857 2186 4916 mater

595 4940 800 5013 nostra.
850 4929 1120 5013 Habemus
1126 4942 1547 5013 ergo-montem
1596 4929 1726 4988 SiOn
1752 4929 1986 5000 Domini,
2020 4931 2183 5012 habe-

594 5015 716 5056 mus
735 5008 789 5055 et
825 5000 1094 5056 civitatem
1125 5000 1223 5057 Dei
1245 5001 1615 5059 Hierusalem:
1655 5017 1704 5058 et
1749 5018 1943 5058 uomet.
1988 5003 2186 5057 montis

595 5072 968 5144 interpretatio
1005 5080 1089 5128 est
1109 5073 1424 5144 speculatio.
1454 5075 1753 5144 Sequamur
1790 5089 1920 5144 ergo
1951 5073 2186 5144 Aposto-

594 5143 735 5216 Iun),
767 5159 1065 5216 sequamur
1107 5142 1474 5216 Evangeliutn,
1523 5142 1813 5216 sequemur
1859 5142 2182 5215 PrOphetas.

592 5212 936 5270 Confidamus
958 5213 1013 5270 in
1042 5212 1292 5280 Domino,
1328 5218 1417 5280 qui
1447 5212 1804 5272 mons'dictus
1850 5225 1932 5272 est
1964 5212 1979 5271 ἑ
2013 5216 2187 5274 .habi-

594 5293 770 5360 tentus
799 5301 940 5342 nunc
967 5290 1021 5342 in
1043 5285 1288 5346 Ecclesia
1317 5285 1674 5355 Hierusalem,
1701 5303 1823 5360 qua:
1858 5302 1958 5345 non
1993 5301 2156 5346 move

599 5364 682 5419 tur
707 5358 762 5416 in
784 5366 1068 5417 aternutn.

2297 510 2352 563 in
2392 510 2643 564 seculum.
2674 507 2788 562 Hoc
2826 507 2877 560 in
2912 505 3030 560 loco
3067 502 3396 574 iri—circuitu,
3424 502 3602 574 papuli
3644 502 3899 574 Evange-

2296 581 2426 634 liutn
2472 580 2756 650 signiﬁcat.
2799 577 3040 650 Namque
3083 591 3203 631 cum
3235 574 3301 628 ad
3352 573 3601 650 Moyseut
3636 573 3899 629 Dominus

2296 644 2546 705 dixisset?
2570 649 2706 704 Ecce
2730 644 3113 719 angelus—meus
3152 645 3408 701 antecedet
3439 655 3524 719 te;
3547 644 3639 719 ille
3659 660 3899 719 respuu-

2295 721 2373 776 dit
2397 739 2412 776 :
2436 721 2554 775 Nisi
2577 734 2632 775 tu
2653 715 2848 774 mecum
2869 717 3119 788 ambules,
3150 735 3214 772 ne
3233 717 3568 788 mereazpellas
3596 716 3736 788 ltinc
3765 715 3896 788 (Ex.

2295 807 2476 867 xsatt;
2501 791 2590 867 54.
2620 807 2810 867 xsxnt,
2835 787 2948 867 15).
2966 785 3192 867 bonum
3206 786 3422 867 quidem
3450 785 3756 867 praesidium
3776 785 3900 867 Au-

2295 863 2423 931 geli,
2443 863 2535 918 sed
2561 864 2755 918 melius
2773 858 2981 916 Domini
3005 878 3017 912 :
3043 858 3236 931 multis
3249 859 3394 914 enim
3415 858 3590 931 anima
3605 867 3796 931 nostra
3822 858 3902 913 la-

2336 935 2449 988 ueis
2466 934 2760 1003 appetitur,
2792 932 2976 987 multis
3004 929 3262 1003 adversus
3283 944 3382 984 nos
3402 929 3567 983 armis
3587 928 3896 984 dimicatur.

2336 949 2449 988 uets
2466 949 2760 1003 appetitur,
2792 949 2976 987 muuts
3004 949 3262 985 adversus
3283 949 3382 984 nos
3402 949 3567 983 armis
3587 949 3896 984 (llmlcallll'.

2294 949 2482 1060 gciens
2511 1020 2641 1074 ergo
2683 1005 2942 1059 Dominus
2973 1017 3078 1056 non
3107 1002 3365 1074 adversus
3402 1013 3622 1074 carnem
3669 1008 3725 1055 et
3769 1014 3899 1074 san_-_

2294 1077 2510 1144 guinem
2567 1071 2721 1130 nobis
2774 1089 3006 1145 pugnam
3058 1087 3219 1145 esse,
3249 1071 3345 1127 sed
3394 1071 3657 1126 adversus
3713 1071 3902 1145 mundi

2297 1142 2460 1216 hujus
2490 1142 2946 1216 potestatem,'ait
2967 1143 3258 1214 Evangelia
3298 1156 3684 1216 consummans
3714 1160 3726 1197 :
3764 1142 3903 1198 Ecce

2296 1213 2390 1288 ego
2421 1213 2682 1271 vobiscum
2707 1234 2817 1288 sum
2841 1216 3073 1269 omnibus
3095 1213 3275 1288 diebus
3301 1229 3460 1283 usque
3488 1213 3544 1267 in
3573 1229 3904 1268 consumma-

2297 1284 2484 1371 tionem
2515 1288 2692 1343 διεσαιί
2714 1287 2938 1371 ,(Μαψι.
2957 1302 3151 1368 μεχνιη,
3176 1284 3293 1356 20).

2371 1359 2474 1424 Qui
2502 1377 2604 1413 non
2648 1357 2889 1430 relinquit
2920 1357 3113 1430 virgam
3158 1366 3481 1430 peccatorum
3526 1373 3680 1430 super
3710 1369 3902 1412 sortem

2286 1433 2587 1503 justorum;
2613 1439 2665 1484 ut
2705 1427 2808 1485 non
2838 1428 3111 1484 extendant
3144 1428 3280 1502 justi
3326 1428 3378 1481 in
3409 1427 3677 1498 iniquitate
3717 1445 3903 1485 manus

2297 1518 2440 1556 suas.

2370 1573 2425 1626 In
2455 1573 2600 1641 virga
2633 1579 2951 1642 poteStatem
2998 1571 3230 1642 intelligi
3254 1571 3536 1626 convenit.
3564 1569 3778 1641 Virgam
3810 1585 3904 1627 ac-

2297 1645 2441 1724 cepit
2502 1645 2906 1724 bioyseshqua
2956 1651 3136 1724 posset
3187 1645 3363 1724 facere
3419 1642 3576 1724 signa
3617 1656 3630 1694 :
3682 1642 3803 1724 fuit.
3846 1648 3905 1698 et

2299 1712 2446 1785 virga
2482 1712 2680 1784 Aaron
2710 1756 2726 1779 ,
2761 1712 2940 1785 fuitet
2998 1713 3428 1785 virgaPharao,
3477 1712 3582 1785 fuit
3649 1723 3704 1767 et
3754 1712 3904 1784 virga

2297 1783 2818 1841 Nabuchodonosor.
2862 1784 3007 1854 Ergo
3033 1783 3101 1838 in’
3127 1783 3354 1838 circuitu
3395 1798 3496 1839 nos
3528 1784 3669 1839 Deus
3713 1783 3901 1840 custo-

2223 1832 2272 1894 Β
2299 1856 2408 1921 dit;
2446 1872 2514 1913 ne
2529 1832 2700 1924 super
2725 1832 3207 1911 sortemunostram
3240 1865 3582 1926 peccatorum
3629 1855 3776 1926 virga
3803 1855 3902 1912 de-

2293 1929 2647 2000 relinquatur.
2679 1927 2911 2000 Veniunt
2951 1926 3168 1994 quidem
3215 1925 3610 2000 tribulationes,
3657 1925 3751 1980 sed
3789 1942 3900 1982 non

2295 1997 2657 2068 permanent:
2691 1998 2913 2052 veniunt
2969 1998 3393 2067 persecutiones,
3437 1997 3532 2051 sed
3581 2011 3684 2050 non
3727 2001 3902 2066 persi-

2296 2080 2462 2126 stunt.
2505 2070 2622 2124 Non
2676 2069 2820 2124 enim
2875 2084 3040 2138 super
3088 2076 3288 2124 sortem
3319 2078 3555 2122 nostram
3603 2069 3902 2137 peccatoris

2295 2141 2443 2211 virga
2491 2140 2920 2210 derelinquitur;
2975 2139 3237 2194 Dominus
3289 2154 3517 2209 namque
3563 2139 3615 2192 in
3666 2140 3901 2211 circuitu

2296 2209 2478 2283 populi
2510 2212 2591 2267 sui
2624 2209 2788 2267 estin
2838 2222 3122 2283 internum.
3171 2211 3341 2283 Quam
3375 2220 3552 2283 autem
3585 2209 3904 2283 retributio-

2297 2281 2422 2339 nem
2449 2299 2480 2338 a
2500 2285 2612 2339 Deo
2642 2291 2914 2338 mereatur
2942 2282 3008 2347 is,
3053 2283 3144 2351 qui
3192 2281 3260 2336 ab
3286 2282 3433 2336 omni
3477 2281 3756 2352 iniquitate
3787 2296 3904 2335 ma-

2297 2370 2400 2410 nus
2427 2369 2553 2410 suas
2571 2354 2860 2419 abstineat,
2886 2354 3186 2420 insequitur
3205 2353 3390 2407 dicens
3418 2368 3433 2407 :

2368 2425 2614 2496 Benefac,
2648 2426 2884 2491 Domine,
2915 2425 3060 2480 bonis
3085 2436 3132 2479 et
3159 2424 3311 2478 rectis
3340 2423 3514 2496 corde.

2367 2493 2814 2554 Nam'retributio
2844 2505 2903 2550 ut
2948 2496 3125 2563 bonis,
3159 2496 3231 2551 ita
3259 2504 3314 2550 et
3355 2495 3512 2550 malis
3558 2509 3665 2552 non
3709 2493 3895 2565 dccst;

2297 2569 2438 2625 sicut
2463 2569 2815 2638 subsequitur
2839 2585 2852 2620 2

2368 2637 2698 2695 Declinantes
2723 2650 2893 2694 autem
2915 2639 2982 2692 ad
3011 2639 3346 2710 obligationes
3378 2639 3600 2694 adducet
3645 2637 3899 2694 Dominus

2297 2710 2759 2774 cumOperantibus
2802 2710 3138 2780 iniquitatem.
3163 2711 3263 2778 Qui
3309 2712 3454 2766 enim
3505 2722 3760 2780 operatur
3791 2711 3901 2765 ini-

2298 2783 2582 2852 quitatem,
2613 2781 2743 2850 lcgis
2785 2780 2991 2834 alienus
3021 2791 3102 2836 est
3143 2799 3156 2836 :
3203 2782 3519 2852 quiautem
3569 2781 3803 2836 declinat
3832 2797 3902 2837 ex

2298 2851 2439 2924 lege,
2474 2863 2838 2922 transgressor
2867 2861 2960 2924 est
2983 2853 3133 2921 legis.
3160 2851 3242 2924 Ab
3270 2851 3352 2905 his
3381 2867 3510 2920 ergo
3540 2866 3693 2906 mens
3715 2862 3902 2907 nostra

2300 2922 2581 2980 alienanda
2619 2935 2723 2988 est,
2751 2938 2820 2979 ne
2860 2922 3157 2978 adducatur
3195 2923 3357 2977 homo
3397 2937 3519 2977 cum
3549 2924 3902 2991 Operantibus

2301 2996 2658 3066 iniquitatem.
2710 2995 2811 3062 Qui
2865 2994 3032 3066 enim,
3075 2995 3175 3048 ista
3231 2994 3481 3049 universa
3528 2994 3904 3066 observaverit

2303 3064 2464 3121 homo
2512 3066 2787 3136 paciﬁcus,
2850 3080 2954 3118 non
3004 3065 3329 3135 derelinquit
3380 3079 3543 3136 super
3584 3079 3643 3118 se
3693 3065 3898 3133 virgam

2304 3135 2632 3207 peccatoris;
2665 3137 2758 3192 sed
2787 3135 2893 3207 ﬁde
2923 3137 3158 3207 perfecta
3188 3144 3466 3207 permauet
3489 3135 3540 3188 in
3587 3143 3848 3207 aeternum
3871 3153 3898 3207 A:

2219 3207 2266 3274 C
2301 3203 2356 3264 et
2384 3209 2568 3263 audiet
2619 3222 2715 3276 pro
2761 3203 2972 3260 meritis
3013 3206 3116 3260 sibi
3164 3207 3331 3277 dici_:
3359 3205 3478 3277 _Paa:
3515 3221 3668 3277 super
3705 3203 3899 3260 Israel.

2299 3281 2395 3335 Ille
2433 3287 2517 3335 est
2558 3274 2702 3334 enim
2752 3292 2854 3347 pas
2899 3285 3123 3347 nostra,
3156 3277 3245 3344 qui
3280 3274 3404 3330 fecit
3449 3274 3676 3347 utraQue
3706 3292 3898 3344 unum,

2298 3352 2555 3475 Dominqs
2585 3345 2768 3406 noster
2795 3348 2952 3404 Jesus
2997 3345 3267 3415 Christus,
3314 3347 3404 3416 qui
3449 3353 3532 3401 est
3580 3345 3898 3402 benedictus

2299 3439 2354 3475 In
2381 3438 2511 3475 εθριι
2532 3436 2583 3475 ει.

2299 3439 2354 3479 ιιι
2381 3436 2583 3479 secula.

2636 3538 2886 3597 INCIPIT
2921 3537 3236 3597 PSALMUS
3275 3535 3533 3594 CXXXII.

2301 3630 2432 3688 Ecce
2458 3647 2610 3702 quam
2641 3633 2825 3688 bonum
2876 3641 2949 3688 est
2988 3643 3035 3687 et
3048 3631 3336 3704 jucundum
3369 3630 3601 3687 habitare
3631 3635 3817 3703 fratres
3843 3635 3899 3690 in

3014 3720 3044 3756 ll
3051 3722 3080 3757 η
3087 3721 3116 3758 ιι
3123 3720 3172 3756 ιιι
3179 3744 3192 3756 .

2369 3797 2577 3854 Bonum
2605 3807 2661 3853 et
2692 3794 2986 3867 jucundum
3018 3803 3101 3851 est
3129 3797 3178 3850 in
3207 3811 3372 3851 unum
3400 3795 3644 3852 habitare
3678 3797 3894 3855 fratres.

2297 3867 2430 3926 Cum
2460 3872 2515 3926 in
2559 3886 2722 3925 unum
2765 3869 3028 3931 habitant,
3060 3877 3326 3923 conventu
3359 3867 3620 3940 Ecclesia:
3663 3883 3897 3940 congre-

2298 3952 2531 4010 gantur:
2580 3957 2702 3996 cum
2751 3941 2944 3994 fratres
2974 3949 3349 4010 nuneupantur
3395 3939 3566 3994 unicoe
3605 3939 3898 3996 voluntatis

2297 4013 2561 4069 cbaritate
2589 4011 2890 4067 concordes
2917 4017 3060 4064 sunt.
3094 4011 3173 4064 Ad
3209 4011 3434 4079 primam
3465 4011 3609 4065 enim
3659 4012 3897 4080 Aposto-

2300 4083 2473 4139 lorum
2505 4081 2939 4154 praidieatiouem
2969 4080 3072 4154 hoc
3094 4095 3344 4151 magnum
3377 4090 3702 4154 praeceptum
3727 4081 3903 4138 fuisse

2299 4151 2528 4226 legimus
2571 4153 2713 4226 quod
2737 4152 2932 4226 dicitur
2953 4168 2965 4203 :
3021 4151 3153 4226 Erat
3167 4153 3304 4226 enim
3328 4153 3557 4226 omnium
3580 4152 3898 4226 credentium

2298 4221 2407 4294 cor,
2432 4237 2478 4280 et
2507 4221 2682 4280 anima
2709 4240 2814 4278 una
2829 4221 2965 4294 (ᾼει.
2988 4237 3063 4294 tv,
3093 4221 3207 4292 52).
3234 4223 3348 4278 Hoc
3372 4223 3552 4294 itaque
3573 4223 3768 4294 populo
3802 4223 3898 4279 Dei

2296 4292 2563 4368 congruit,
2595 4296 2694 4351 sub
2724 4292 3016 4368 uno'Patre
3036 4292 3232 4348 fratres
3257 4308 3398 4368 esse,
3433 4293 3536 4368 sub
3554 4292 3662 4368 uno
3688 4293 3898 4368 Spiritu

2298 4363 2462 4423 unum
2494 4381 2639 4430 esse,
2684 4365 2785 4422 sub
2812 4379 2915 4419 una
2945 4363 3110 4419 domo
3159 4366 3439 4420 unanimes
3488 4363 3760 4426 incedere,
3795 4364 3901 4420 sub

2298 4454 2405 4494 uno
2429 4452 2658 4509 corpore
2686 4438 2844 4509 unius
2886 4435 3130 4509 corporis
3160 4435 3398 4492 membra
3418 4448 3558 4509 esse.
3588 4433 3896 4509 Jucundum

2297 4521 2353 4566 et
2379 4503 2583 4567 bonuin
2611 4515 2696 4563 est
2725 4505 2967 4561 habitare
2997 4506 3192 4560 fratres
3223 4511 3274 4560 in
3305 4519 3491 4560 unum.
3516 4503 3898 4574 Comparatio-

2217 4601 2272 4662 Ι)
2299 4597 2420 4662 nem
2447 4595 2575 4637 vero
2606 4578 2766 4649 hujus
2793 4577 2919 4634 boni
2940 4576 3272 4648 jucundique
3293 4575 3564 4647 Propheta
3594 4576 3894 4644 constituit,

2296 4653 2522 4781 maid
2546 4730 2857 4794 unguentum
2877 4721 2948 4794 de
2996 4720 3185 4794 capite,
3215 4720 3352 4789 quod
3382 4717 3636 4794 descendit
3678 4719 3734 4794 in
3773 4719 3897 4794 bar-

2294 4796 2433 4864 bam,
2461 4789 2655 4861 Aaron,
2680 4792 2820 4862 quod
2851 4791 3114 4864 descendit
3144 4791 3396 4864 _in_oram
3450 4789 3735 4864 vestimenti
3758 4792 3896 4864 ejus.

2292 4860 2470 4922 Aaron
2494 4860 2848 4937 unguentum,
2873 4861 3194 4937 cornpusitio
3219 4860 3322 4916 fuit
3346 4876 3410 4916 ex
3441 4860 3903 4937 odoribustnnde

2292 4931 2613 5008 unguituri'n
2631 4933 2988 5008 sacerdotem.
3011 4933 3157 4987 Hanc
3178 4933 3640 5008 consecrationem
3667 4931 3898 4999 primum

2290 5003 2567 5064 Sacerdoti
2593 5022 2693 5062 suo
2724 5007 2834 5060 Deo
2862 5019 2984 5059 esse
3021 5005 3368 5071 complacuit.
3423 5003 3708 5056 Dominum
3758 5017 3896 5067 quo-

2288 5094 2393 5150 que
2419 5091 2658 5150 nostrum
2687 5075 3032 5132 invisibiliter
3067 5084 3288 5130 unctum
3315 5087 3436 5128 esse
3479 5087 3510 5126 a
3551 5071 3900 5127 consortibus

2290 5148 2423 5205 suis.
2452 5148 2646 5205 Unctio
2676 5151 2776 5204 ista
2825 5155 3040 5203 terrena
3093 5159 3200 5198 non
3245 5151 3330 5199 est
3371 5160 3385 5196 :
3437 5157 3546 5197 non
3593 5157 3787 5211 cornu,
3840 5151 3900 5197 ut

2291 5236 2446 5292 reges
2473 5219 2869 5291 unguebantur,
2916 5215 3010 5292 sed
3051 5215 3170 5292 oleo
3203 5214 3407 5269 laetitiae
3438 5222 3634 5272 unctus
3655 5222 3760 5272 est.
3791 5213 3895 5269 De-

2292 5285 2455 5364 nique
2484 5285 2606 5362 post
2637 5293 2774 5348 banc
2794 5289 3103 5346 unctionem
3134 5285 3438 5344 Aaron.....
