4232 6256
307 240 3609 318 W

791 427 1418 558 EPISTO
1443 429 1673 554 LA
1761 433 3157 570 NUNCUPATORIA

1281 684 1832 759 EDITIONIS
1888 647 2652 765 BENEDICTfNAE
2735 645 2740 647 ’

551 864 1270 930 EMINENTISSIMI
1330 867 1406 928 D.
1465 868 1542 928 D.
1603 869 1961 933 CAESARI
2024 872 2409 938 ESTRIEO
2469 877 2532 937 S.
2591 877 2666 939 R.
2725 877 2798 939 Ε.
2859 880 3386 945 CARDINALI.

391 1107 537 1164 lnter
580 1107 886 1181 praecipuos
928 1107 1228 1164 studiorum
1277 1117 1606 1175 nostrorum,
1657 1108 1826 1163 immo
1864 1117 1918 1165 et
1948 1111 2076 1170 Ain
2118 1118 2516 1188 prolusionibus
2561 1121 2679 1177 istis
2723 1122 2986 1193 publicis,
3037 1126 3230 1194 quibus
3278 1129 3342 1182 ad
3383 1129 3622 1188 lauream

317 1204 487 1258 totius
533 1201 980 1272 Congregationis
1025 1212 1222 1258 nostra:
1268 1212 1526 1272 patronos
1565 1218 1628 1258 ac
1658 1201 1920 1270 fautores,

316 1313 443 1354 cum
474 1307 525 1353 te
553 1296 658 1365 iam
683 1295 886 1350 dudum
917 1295 971 1350 in
994 1295 1177 1365 primis
1202 1297 1578 1366 suspiciamus,
1605 1297 1927 1352 EIINENTIS-

318 1407 446 1449 sum
478 1392 720 1456 Donum;
756 1388 959 1444 nemini
1008 1390 1201 1444 mirum
1249 1389 1419 1444 videri
1461 1389 1644 1455 debet,
1679 1390 1822 1461 quod
1864 1391 1923 1446 S.

320 1487 514 1544 Hilarii
539 1487 736 1556 Opera,
766 1501 887 1555 qure
915 1484 1066 1538 novis
1097 1485 1371 1555 recognita
1400 1484 1565 1548 curis,
1602 1493 1656 1539 et
1679 1501 1776 1555 pro
1807 1499 1927 1540 mo-

325 1582 461 1638 dulo
508 1596 538 1636 a
586 1580 735 1636 nobis
782 1579 1044 1634 illustrata
1091 1580 1144 1633 in
1187 1578 1360 1634 lucem
1410 1579 1590 1634 denuo
1637 1580 1927 1647 prodeunt,

328 1675 650 1732 Eminentius
676 1682 779 1728 tua:
805 1685 1178 1741 nuncupemus
1210 1680 1263 1725 et
1288 1671 1599 1727 offeramus.
1633 1670 1764 1726 Nam
1810 1682 1930 1741 post

327 1778 411 1826 tot
432 1767 724 1824 honoriﬁca
744 1765 1070 1828 testimonia,
1093 1764 1288 1834 quibus
1309 1779 1414 1819 non
1438 1764 1599 1819 modo
1618 1765 1926 1820 universum

325 1874 527 1919 costum
572 1871 841 1924 nostrum,
892 1872 1078 1912 verum
1119 1857 1280 1911 etiam
1324 1857 1681 1926 quorumdam
1709 1873 1738 1912 e
1769 1856 1930 1912 soda-

327 1958 470 2013 libus
504 1955 729 2021 uostris,
771 1963 882 2008 tttm
915 1953 966 2007 in
998 1961 1307 2006 sanctorum
1337 1951 1558 2005 Patrum
1603 1953 1820 2021 scriptis
1845 1967 1932 2007 re-

328 2049 636 2110 censendis.
689 2049 884 2103 tumin
933 2045 1185 2102 eruendis
1231 2046 1552 2101 venerandm
1597 2047 1931 2116 antiquitatis

331 2141 698 2198 monumentis
716 2142 930 2196 labores
960 2142 1186 2196 summis
1215 2139 1586 2205 Peutiﬁcibus,
1619 2153 1774 2192 sacro
1810 2138 1930 2192 Col-

332 2235 496 2307 legio,
529 2235 733 2306 totique
758 2234 1014 2289 Romana:
1041 2234 1206 2290 curia:
1226 2234 1524 2304 approbare
1554 2233 1802 2303 dignatus
1832 2246 1926 2296 es;

333 2344 466 2386 sane
510 2329 957 2385 committendum
1005 2344 1113 2384 non
1144 2337 1284 2392 erat,
1313 2335 1373 2381 ut
1423 2334 1532 2380 tam
1578 2340 1843 2395 propensa
1876 2325 1930 2379 in

333 2437 434 2478 nos
455 2422 833 2479 benevolentia
855 2431 909 2478 et
933 2421 1236 2477 humanitas
1265 2421 1443 2476 debita
1469 2421 1602 2491 grati
1625 2421 1790 2474 animi
1822 2429 1930 2474 tes-

332 2513 626 2568 tiﬁcatione
654 2512 1016 2568 fraudaretur.
1048 2511 1200 2581 Quod
1225 2523 1560 2582 repugnante
1588 2511 1840 2582 aequitate
1864 2525 1931 2566 ne
1963 2497 2009 2557 Β

333 2608 596 2673 eveniret,
646 2606 778 2662 nihil
819 2607 1176 2677 opportunius
1215 2605 1497 2676 aptiusqne
1525 2605 1679 2660 nobis
1713 2617 1933 2659 succur-

332 2722 456 2762 rere
478 2714 708 2776 poterat,
740 2720 899 2776 quam
946 2719 1081 2760 nova
1112 2703 1227 2758 haec
1256 2703 1434 2771 magni
1479 2701 1662 2756 Hilarii
1699 2702 1936 2770 Operum

333 2800 518 2862 editio.
549 2815 693 2871 quas,
727 2800 769 2854 si
797 2798 1012 2869 quidem
1040 2797 1386 2868 przesentium
1415 2809 1477 2850 ac
1506 2796 1804 2850 futurorum
1837 2796 1936 2848 ho-

336 2893 540 2948 minum
569 2892 743 2947 oculis
769 2889 984 2961 indigna
1027 2905 1136 2944 non
1165 2888 1290 2955 erit,
1323 2886 1735 2944 beneﬁcentiam
1780 2885 1936 2940 istam

335 2987 525 3045 reddet
556 2986 938 3042 immortalem.

410 3079 593 3150 Neque
615 3094 746 3135 vero
767 3087 874 3133 tam
901 3080 1102 3136 bonum
1132 3086 1187 3134 et
1224 3077 1478 3132 idoneum
1507 3089 1605 3145 pro
1643 3073 1800 3129 nobis
1843 3087 1938 3128 va-

338 3173 488 3236 dem.
515 3171 592 3226 uti
624 3185 920 3240 speramus,
953 3184 1207 3225 recusare
1231 3167 1486 3232 volueris,
1518 3167 1938 3221 Eumenrnssme

339 3265 575 3331 Domus,
608 3272 793 3334 utpote
819 3264 908 3332 qui
945 3274 998 3318 et
1026 3260 1287 3317 solvendo
1320 3275 1423 3314 non
1450 3260 1626 3334 impar
1655 3259 1746 3323 sit,
1778 3267 1832 3311 et
1856 3258 1938 3310 fu-

340 3365 493 3414 turus
520 3357 736 3413 debitor
770 3355 990 3410 minime
1033 3369 1283 3409 morosus
1317 3361 1372 3406 et
1420 3351 1683 3423 ingratus,
1725 3349 1941 3417 qualem

338 3460 487 3509 certe
517 3450 601 3506 vel
629 3459 816 3520 optare
848 3447 1139 3518 potuisses.
1161 3445 1216 3501 Si
1243 3444 1385 3500 enim
1407 3443 1622 3514 generis
1640 3441 1940 3496 claritatem

340 3545 555 3614 qttmris,
581 3542 811 3599 eximius
836 3541 951 3610 ipse
977 3541 1192 3611 inclyta:
1213 3538 1385 3606 gentis
1405 3535 1622 3590 Estraezc
1643 3532 1900 3600 splendor
1925 3548 1939 3584 :

342 3638 441 3694 fuit
464 3637 578 3703 ille,
609 3635 750 3707 quod
782 3651 847 3691 ex
870 3633 1164 3689 Fortunato
1185 3629 1462 3693 discimus,
1489 3629 1622 3682 inter
1648 3625 1944 3681 Gallicanos

345 3733 570 3806 familias
600 3729 836 3799 lampade
877 3725 1155 3804 nobilitatis
1203 3741 1304 3779 non
1343 3722 1584 3776 obscurus
1618 3717 1939 3792 (Fortunat.

347 3829 442 3883 lib.
494 3844 512 3883 ι
557 3825 662 3881 Vit.
705 3823 764 3881 S.
797 3820 1020 3885 Hilarii;
1053 3819 1198 3875 Hier.
1248 3817 1402 3886 praef.
1444 3815 1495 3869 in
1524 3814 1615 3870 lib.
1663 3827 1700 3866 ιι
1728 3810 1940 3867 Comm.

345 3922 410 3978 ad
437 3920 602 3994 Gal.).
626 3921 681 3978 Si
704 3919 1014 3986 candorem,
1038 3918 1081 3970 si
1103 3929 1424 3987 generosum
1450 3921 1656 3981 pectus,
1681 3924 1799 3979 qua:
1819 3916 1946 3962 sunt

345 4013 509 4070 animi
537 4012 610 4067 tui
640 4011 815 4078 dotes,
865 4023 1051 4064 amas:
1085 4007 1224 4064 idem
1256 4014 1372 4063 erat
1399 4006 1566 4078 gratia
1599 4005 1946 4076 generositatis

347 4117 392 4164 et
417 4109 583 4163 nitore
608 4106 825 4177 pectoris
845 4113 1080 4158 ornatus.
1113 4105 1180 4157 At
1205 4102 1431 4158 fortasse
1457 4099 1841 4167 eloquentiam,
1866 4097 1946 4151 vir

344 4200 461 4271 ipse
489 4197 984 4268 eloquentissimus,
1015 4195 1239 4250 ulterius
1269 4193 1420 4263 cupis
1447 4211 1460 4247 :
1491 4190 1805 4246 Rhodanum
1833 4189 1944 4243 elo-

347 4295 564 4365 quentia:
603 4307 728 4348 cum
776 4300 932 4346 vocat
978 4289 1361 4360 Hieronymus.
1409 4285 1591 4341 Placet
1616 4283 1838 4343 libertas
1865 4281 1946 4336 di-

348 4385 524 4446 cendi,
557 4385 769 4456 qualem
808 4385 861 4440 in
893 4384 1149 4439 Romanis
1184 4385 1290 4439 illis
1319 4384 1549 4441 comitiis
1575 4383 1771 4454 saepius
1797 4382 1949 4439 exhi-

351 4474 554 4529 buisti?
599 4473 767 4530 Nemo
795 4474 998 4530 Hilario
1049 4475 1100 4529 in
1149 4475 1378 4530 dicendo
1424 4475 1644 4530 liberior
1682 4484 1775 4529 aut.
1820 4488 1948 4529 con-

351 4567 602 4632 stantior,
621 4567 699 4621 vel
727 4565 1042 4623 Constantio
1065 4569 1303 4636 Augusto
1323 4575 1478 4622 teste.
1498 4567 1732 4637 Denique
1753 4565 1796 4620 si
1826 4564 1948 4621 ﬁdei

350 4658 627 4716 catholica:
665 4675 904 4716 amorem
952 4660 1382 4715 ardentissimum
1425 4659 1657 4730 probas,
1701 4669 1758 4713 ut
1801 4667 1948 4715 certe

348 4753 580 4824 probare
608 4764 659 4808 te
683 4753 1072 4816 demonstrant.
1104 4769 1223 4824 (tua:
1249 4753 1313 4808 ad
1336 4752 1687 4824 detegendam
1715 4760 1768 4806 et
1795 4753 1847 4804 in
1871 4752 1948 4820 ip-

349 4854 523 4900 somet
551 4855 672 4900 ortu
713 4861 813 4900 suo
849 4845 1219 4914 conﬁgendam
1258 4845 1515 4900 nefariam
1552 4844 1800 4900 haeresim
1826 4859 1946 4898 cum

349 4937 804 4992 Eminentissimis
847 4937 1063 5007 collegis
1109 4938 1213 4991 tuis
1259 4952 1428 5004 nuper
1477 4936 1766 5006 prmstitisti
1807 4954 1820 4989 :
1855 4935 1952 4990 fuit

353 5027 588 5083 Hilarius
632 5029 911 5099 religionis
938 5029 1187 5084 columna
1216 5044 1334 5098 qua:
1366 5038 1639 5083 nutantem
1670 5027 1813 5082 fulsit
1840 5026 1947 5081 Ec-

351 5117 592 5186 clesiam,
623 5121 973 5189 ejusdemque
993 5120 1256 5175 beneﬁcio
1271 5119 1444 5174 Gallia
1472 5128 1699 5173 monstra
1724 5137 1824 5173 non
1851 5119 1949 5172 Ita-

353 5211 480 5276 buit,
510 5211 716 5267 ltwresis
758 5214 984 5282 periculo
1007 5213 1070 5266 ab
1109 5215 1222 5282 ipso
1255 5213 1469 5268 liberata
1495 5229 1513 5267 :
1536 5213 1625 5284 qui
1657 5228 1950 5285 permensus

353 5312 429 5358 est
451 5304 620 5359 orbem
647 5314 900 5360 terrarum
923 5306 1060 5359 malo
1085 5306 1317 5378 perﬁdia:
1345 5306 1589 5377 infectum
1609 5348 1624 5371 ,
1665 5315 1722 5359 ut
1744 5315 1952 5360 cunctos

352 5397 422 5449 ad
443 5397 843 5451 emendationem
865 5407 912 5451 et
935 5399 1279 5467 penitentiam
1308 5408 1583 5453 revocaret.
1616 5396 1768 5453 Unde
1795 5397 1863 5449 ab
1889 5413 1954 5452 co

356 5489 639 5559 quaesitum
671 5490 726 5544 in
753 5491 982 5546 concilio
1008 5491 1359 5556 Seleuciensi,
1390 5507 1502 5562 qua
1528 5500 1655 5544 esset
1684 5489 1954 5545 Gallorum

359 5580 508 5650 ﬁdes,
538 5582 716 5654 ibique
740 5585 794 5638 in
827 5585 1181 5653 spectaculum
1207 5585 1386 5638 mundi
1422 5584 1700 5654 productus
1723 5593 1798 5638 est
1826 5599 1844 5638 :
1873 5583 1954 5638 Tu

357 5687 491 5728 vero
516 5674 566 5729 in
589 5675 815 5748 Europa:
837 5679 1103 5732 theatrum
1131 5677 1418 5733 identidem
1445 5676 1756 5748 productus,
1784 5674 1950 5733 Galli-

355 5782 509 5825 cana:
534 5767 791 5828 Ecclesim
816 5771 977 5827 ﬁdem
1008 5786 1071 5827 ac
1101 5770 1268 5843 Regni
1293 5771 1435 5842 jura,
1474 5771 1703 5843 primum
1735 5769 1952 5842 quidem

885 5866 1164 5927 ΡΑΤιιοι.
1211 5864 1326 5926 ΙΧ.

2027 1211 2356 1268 doctoralem
2387 1224 2439 1270 te
2464 1216 2810 1283 disponebas,
2839 1236 2997 1290 quam
3030 1221 3174 1276 edito
3216 1224 3469 1295 singulari
3501 1243 3626 1284 eru-

2027 1306 2247 1362 ditionis
2271 1310 2580 1377 specimine,
2617 1328 2759 1366 anno
2785 1314 2958 1370 aetatis
2997 1316 3257 1386 vigesimo
3285 1320 3458 1388 primo
3486 1336 3628 1377 non-

2028 1407 2154 1462 dum
2186 1409 2450 1470 abSoluto.
2481 1426 2690 1465 summo
2720 1411 2956 1466 omnium
3001 1413 3189 1481 plausu
3229 1425 3507 1470 aSsecutus
3528 1432 3620 1481 es;

2029 1499 2222 1558 deinde
2248 1505 2299 1556 in
2327 1504 2492 1557 variis
2517 1505 2816 1559 actionibus
2845 1515 2992 1560 tanto
3029 1508 3224 1572 studio,
3270 1517 3413 1563 tanta
3457 1511 3632 1566 felici-

2030 1605 2138 1651 tate
2180 1612 2242 1651 ac
2270 1596 2586 1652 dexteritate
2631 1596 2929 1661 asseruisti,
2962 1608 3017 1652 ut
3045 1599 3192 1653 nulla
3224 1599 3306 1654 vel
3347 1602 3630 1669 repentina

2031 1693 2243 1748 occasio
2290 1701 2341 1748 te
2387 1708 2635 1761 umquam
2698 1693 3017 1759 imparatum
3081 1694 3377 1763 invenerit,
3448 1695 3630 1762 nulla,

2031 1785 2370 1852 quantumvis
2393 1783 2628 1840 difﬁcilis
2653 1792 2708 1840 et
2735 1784 2924 1850 ardua,
2949 1786 3224 1841 turbatum
3255 1795 3306 1841 te
3337 1797 3389 1842 et
3415 1792 3631 1843 anxium

2031 1879 2289 1936 effecerit.

2103 1971 2219 2026 Jam
2243 1988 2375 2028 vero
2396 1980 2596 2043 quanta
2622 1973 2922 2028 reverentia
2953 1972 3198 2042 Magnum
3230 1973 3519 2030 Gallicanm
3545 1990 3636 2031 ec-

2033 2066 2212 2121 clesiae
2240 2066 2550 2130 Przesulem,
2577 2067 2884 2137 pervigilem
2908 2076 3068 2134 atque
3091 2067 3418 2123 indi-fessum
3442 2069 3637 2124 domus

2035 2160 2129 2216 Dei
2154 2159 2541 2226 speculatorem
2566 2161 2844 2227 suspicies.
2871 2175 2990 2214 cum
3022 2170 3076 2214 tu
3101 2161 3215 2227 ipse
3235 2161 3478 2216 ecclesia!
3501 2161 3640 2216 Lau-

2036 2252 2285 2316 dunensi,
2311 2251 2622 2306 meritorum
2647 2252 2815 2322 magis
2835 2267 2994 2320 quam
3014 2252 3185 2305 aetatis
3203 2251 3381 2305 habita
3408 2255 3640 2318 ratione,

2033 2345 2346 2400 uominaute
2373 2359 2498 2413 rege
2528 2343 2808 2412 prrefectus
2833 2385 2848 2408 ,
2878 2343 3130 2398 assiduus
3152 2345 3203 2398 in
3230 2344 3640 2399 lustrationibus

2038 2437 2436 2508 parochiarum,
2470 2435 2690 2490 sedulus
2734 2436 2787 2490 in
2818 2435 3158 2491 celebrandis
3187 2436 3640 2504 ordinationibus,

2039 2531 2292 2604 frequens
2313 2536 2366 2590 in
2389 2535 2814 2592 administrando
2844 2535 3054 2604 populis
3089 2535 3196 2589 tuis
3217 2534 3643 2591 conﬁrmationis

2039 2639 2408 2693 sacramento,
2468 2645 2696 2696 quorum
2756 2643 3038 2683 numerum
3088 2643 3226 2697 pene
3274 2628 3641 2682 incredibilem

2040 2733 2193 2774 sacra
2225 2722 2476 2776 unctione
2501 2722 2724 2778 tinxisti.
2758 2720 2949 2789 quibus
2979 2729 3228 2775 senectus
3255 2729 3306 2772 et
3337 2718 3644 2774 invaletudo

2040 2811 2340 2869 decessoris
2374 2815 2446 2869 tui
2479 2814 2579 2869 hoc
2610 2814 2927 2869 beneﬁcium
2960 2822 3321 2878 necaverant;
3368 2814 3645 2884 imperatis

2041 2919 2137 2975 per
2164 2907 2466 2961 universam
2507 2907 2782 2962 dioecesim
2823 2907 2890 2960 de
2927 2922 3114 2961 rerum
3153 2907 3643 2962 ecclesiasticarum

2041 3011 2140 3051 usu
2173 3008 2329 3067 atque
2357 2998 2601 3054 doctrina
2643 3007 2793 3054 certo
2825 3007 3067 3068 tempore
3095 3000 3494 3053 recurrentibus
3527 2999 3643 3052 col.

2044 3089 2260 3161 loqoiis,
2307 3091 2453 3145 clero
2497 3091 2561 3145 ad
2593 3092 2920 3146 exactiorem
2953 3090 3290 3158 disciplinam
3316 3090 3641 3160 revocando,

2044 3193 2225 3237 erecto
2253 3199 2282 3236 a
2315 3181 2676 3238 fundamentis
2718 3183 3030 3246 seminario,
3066 3180 3287 3235 fundato
3319 3183 3370 3236 in
3399 3199 3645 3237 commo-

2044 3273 2170 3329 dum
2203 3292 2493 3346 egenorum
2541 3275 2823 3344 utriusque
2853 3291 3036 3337 sexus.
3075 3290 3385 3344 puerorum,
3430 3291 3644 3343 senum,

2047 3366 2423 3425 invalidorum.
2459 3377 2563 3423 tam
2597 3369 2768 3435 urbis,
2797 3385 2954 3440 quam
2984 3370 3248 3426 universae
3273 3369 3522 3425 ditecesis
3555 3384 3648 3425 xe-

2046 3461 2335 3528 nodochio,
2371 3463 2611 3528 monitis,
2659 3462 3143 3529 adhortationibus,
3193 3463 3382 3519 edictis
3433 3463 3646 3520 abunde

2047 3555 2368 3618 ostenderis,
2402 3555 2527 3625 quid
2556 3555 2746 3612 deceat
2777 3555 3052 3610 ministros
3083 3555 3306 3621 Christi,
3345 3567 3397 3610 et
3428 3557 3648 3627 dispen-

2048 3658 2257 3704 satores
2278 3649 2654 3721 mysteriorum
2675 3650 2790 3713 Dei,
2811 3665 2945 3714 quos
2971 3649 3200 3717 Spiritus
3231 3660 3447 3704 sanctus
3471 3650 3649 3719 posuit

2049 3741 2332 3810 episcopos
2353 3757 2540 3810 regere
2569 3741 2864 3796 Ecclesiam
2893 3743 2983 3795 Dei
3002 3743 3024 3795 ?
3046 3740 3178 3796 Cum
3206 3752 3383 3797 autem
3417 3741 3643 3797 Romam

2049 3840 2336 3894 eVocatus.
2381 3847 2443 3886 ac
2491 3847 2644 3887 sacro
2689 3831 3050 3887 Cardinalium
3095 3834 3256 3888 coetui
3307 3832 3641 3900 adscriptus,

2051 3923 2304 3978 Ecclesim
2332 3931 2388 3978 et
2412 3923 2562 3994 regni
2587 3924 2795 3991 negotia
2819 3939 2914 3992 per
2935 3924 3113 3992 plures
3135 3939 3306 3976 annOs
3326 3925 3645 3987 sustineres;

2050 4029 2118 4070 ne
2149 4022 2226 4069 tot
2252 4023 2398 4070 recte
2427 4014 2665 4069 instituta
2700 4014 2750 4068 in
2788 4013 3007 4069 dioecesi
3036 4014 3378 4068 Lauduneusi
3413 4014 3645 4084 longiori

2049 4105 2286 4161 absentia
2308 4105 2702 4168 detererentur,
2749 4113 3022 4160 annuente
3066 4120 3211 4175 rege,
3244 4121 3309 4159 ex
3354 4115 3440 4159 tua
3479 4114 3643 4175 gente

2051 4197 2144 4252 tibi
2171 4212 2538 4252 successorem
2566 4196 2830 4266 delegisti,
2860 4196 2952 4266 qui
2973 4214 3092 4267 qure
3121 4215 3150 4253 a
3188 4205 3240 4254 te
3267 4199 3468 4268 Optime
3508 4215 3646 4268 prte-

2050 4289 2177 4344 stita
2220 4304 2284 4345 ac
2309 4289 2542 4344 stabilita
2575 4288 2812 4354 fuerant,
2849 4303 2952 4342 non
2986 4289 3145 4343 modo
3175 4305 3416 4356 servare,
3450 4290 3545 4345 sed
3591 4301 3647 4347 et

2049 4395 2426 4436 consummare
2455 4387 2653 4449 posset,
2688 4380 3038 4436 consiliorum
3071 4389 3281 4435 tuorum
3323 4397 3429 4436 non
3468 4382 3645 4438 solum

2051 4473 2347 4543 particeps,
2389 4470 2482 4526 sed
2513 4471 2761 4536 aemulus,
2794 4488 2896 4543 qua
2929 4471 2981 4526 in
3011 4488 3070 4527 re
3099 4488 3435 4544 nequaquam
3473 4484 3523 4528 te
3560 4475 3646 4529 di-

2050 4565 2170 4620 vina
2199 4565 2412 4621 bonitas
2441 4563 2704 4631 destituit,
2737 4574 2828 4619 aut
2872 4565 3064 4621 fefellit
3105 4577 3350 4623 eventus.
3399 4566 3482 4623 Ad
3522 4568 3637 4624 haec

2051 4675 2170 4714 cum
2195 4659 2304 4729 jam
2335 4658 2592 4728 plurimas
2613 4658 2902 4714 Galliarum
2933 4659 3196 4715 dimceses
3216 4671 3416 4716 exortte
3436 4660 3646 4716 dissen-

2052 4752 2231 4806 siones
2276 4751 2615 4815 invasissent,
2663 4760 2718 4806 et
2763 4751 2974 4820 ipsimet
3022 4753 3255 4821 episcopi
3308 4757 3357 4806 in
3389 4751 3645 4809 adversas

2053 4855 2231 4914 partes
2256 4843 2586 4899 distraltcndi
2613 4843 2954 4908 viderentur;
2987 4858 3016 4898 a
3046 4845 3224 4898 studio
3249 4845 3477 4914 partium
3511 4845 3645 4899 alie-

2052 4952 2171 5001 nus,
2204 4936 2444 4992 veritatis
2469 4948 2521 4991 et
2550 4936 2899 5004 subjectionis
2929 4951 3137 5000 amans,
3173 4952 3231 4990 ea
3263 4937 3530 5006 aequitate,
3579 4951 3644 4990 ea

2052 5029 2332 5100 prudentia
2354 5029 2594 5084 ecclesia:
2625 5027 2966 5082 Lauduneusi
3003 5029 3340 5097 prospexisti,
3379 5037 3433 5082 ut
3460 5037 3644 5096 pacata

2052 5137 2266 5193 semper
2291 5133 2344 5176 et
2381 5121 2561 5177 abhis
2590 5123 2842 5191 procellis
2885 5121 3050 5176 libera
3094 5131 3310 5190 tutaque
3353 5121 3640 5176 exstiterit.

2054 5215 2160 5271 Nec
2186 5218 2406 5286 privatas
2453 5226 2655 5271 tantum
2687 5215 2932 5270 ecclesia:
2977 5223 3081 5268 tua:
3117 5213 3484 5283 tranquillitati
3535 5223 3649 5269 stu-

1982 5285 2029 5344 Ι)
2057 5285 2236 5373 duisli,
2294 5324 2480 5363 verum
2530 5308 2655 5362 dum
2696 5307 2765 5363 de
2793 5307 3166 5376 componendo
3213 5315 3359 5362 tanto
3408 5310 3640 5379 negotio,

2060 5399 2416 5470 sedandisque
2440 5399 2894 5464 contentionibus,
2927 5415 3044 5468 qua:
3090 5401 3141 5454 in
3170 5410 3411 5467 apertam
3443 5402 3651 5458 discor-

2059 5492 2202 5548 diam
2248 5508 2532 5562 erumpere
2579 5494 2908 5562 potuissent,
2945 5505 3222 5563 ageretur;
3278 5498 3571 5552 accersitus
3619 5513 3651 5552 a

2059 5601 2205 5655 rege,
2253 5583 2495 5639 Potitiﬁci
2526 5593 2731 5656 gratus,
2765 5585 2965 5640 nemini
2993 5600 3296 5658 suspectus,
3330 5593 3450 5659 quis
3481 5591 3652 5647 nescit

2060 5691 2220 5747 quam
2252 5678 2482 5749 egregie,
2508 5692 2667 5747 quam
2700 5675 2930 5733 feliciter
2956 5677 3208 5736 laborasti
3235 5681 3288 5736 in
3321 5683 3656 5740 restituenda

2061 5770 2316 5828 Ecclesia:
2336 5771 2622 5829 Gallicanae
2645 5787 2796 5844 pace,
2815 5789 2934 5843 quae
2959 5772 3098 5845 viget
3114 5774 3305 5841 adhuc,
3323 5787 3499 5848 ettam
3523 5777 3658 5837 altas

3225 5870 3247 5928 1
