4232 6256
542 329 602 384 tt
1781 316 2160 375 Pii/EFATIO
2190 316 2592 374 emensus.
3130 325 3132 328 ν
3778 298 3846 368 i2

537 443 902 516 radiccs'egit,
927 452 984 500 ut
1010 444 1265 499 victuram
1294 453 1527 510 semper,
1558 437 1977 508 duraturamqne
2006 451 2131 502 spe-
2162 439 2208 497 Α
2240 436 2416 506 ignota
2440 434 2730 506 loquimur.
2754 431 2954 488 Vivunt
2975 430 3150 487 adhuc
3170 435 3276 486 tam
3300 426 3565 501 splendidi
3589 425 3846 483 facinoris

539 539 758 597 remus?

612 634 678 687 Et
704 631 830 703 quid
865 633 1076 694 miruﬁi,
1101 629 1144 682 'si
1169 631 1310 682 tanta
1342 613 1594 681 facilitate
1619 639 1706 678 res
1728 621 1990 677 maximas
2015 606 2136 675 ﬁdei

543 737 646 783 tuae
675 725 992 781 commissas
1020 723 1184 793 geris,
1215 721 1302 786 qui
1329 721 1394 775 ab
1419 718 1780 776 illustrissimo
1815 723 2056 785 parente,
2081 711 2134 768 in

538 820 779 873 Romana
809 817 1071 887 legatione
1098 829 1185 869 res
1212 813 1444 869 Gallicas
1471 811 1685 865 fortiter
1722 813 1933 878 agente,
1966 805 2138 860 fueris

534 912 601 967 ad
627 909 931 964 diliicilinra
975 909 1184 978 negotia
1213 906 1556 963 sermonibus
1596 913 1657 958 ct.
1688 899 1954 971 exemplis
1995 913 2137 968 pene

531 1002 709 1057 adhuc
737 1005 872 1072 ptlet'
897 995 1245 1054 interm-atus!
1280 993 1517 1059 Scilicet,
1552 989 1694 1063 quod
1720 995 1782 1047 ex
1806 993 2018 1045 summo
2044 993 2137 1059 ge-

533 1111 684 1158 nere,
720 1094 865 1165 pacis
897 1092 1131 1162 bellique
1160 1089 1475 1144 muneribus
1514 1087 1841 1152 clarissimo,
1872 1091 2025 1162 ortus
2052 1096 2133 1148 es,

528 1197 585 1245 et
611 1187 752 1258 quod
781 1188 836 1241 in
879 1186 1018 1241 urbe
1042 1184 1212 1238 Roma
1242 1181 1525 1246 educatus,
1575 1180 1692 1234 haec
1719 1186 1775 1233 te
1810 1186 1872 1234 et
1904 1176 1973 1231 ad
2008 1191 2136 1245 pur-

532 1297 751 1351 puram,
777 1289 836 1336 et
851 1278 920 1334 ad
948 1292 1140 1349 magna
1170 1291 1399 1346 quaeque
1427 1273 1660 1344 gerenda
1707 1282 1891 1327 natum
1920 1279 2138 1341 partem

531 1374 752 1430 debant.

599 1467 769 1535 Quam
813 1480 921 1520 non
967 1479 1167 1519 vanum
1214 1477 1372 1516 omen
1424 1459 1608 1524 fuerit,
1653 1466 1918 1513 testantur
1946 1455 2136 1522 variat,

525 1573 658 1629 quas.
691 1557 746 1612 in
773 1555 1091 1617 Germania.
1122 1553 1396 1610 Lusitania
1431 1560 1592 1621 atque
1627 1549 1805 1614 Italia,
1835 1547 2138 1617 prmsertim

523 1665 657 1704 vero
702 1652 753 1702 in
799 1649 913 1716 ipsa
944 1647 1077 1702 urbe
1121 1645 1292 1699 Roma
1323 1641 1538 1714 gessisti
1579 1641 1908 1711 legationes,
1940 1639 2138 1709 quibus

527 1749 672 1796 tanta
701 1739 977 1810 diligentia
1001 1737 1315 1808 perfunctus
1346 1751 1406 1791 es
1432 1735 1606 1800 solus,
1636 1745 1694 1790 ut
1723 1734 1852 1790 nulli
1883 1748 2136 1803 umquam

2240 527 2486 598 przeclari
2537 529 2744 592 testes,
2794 521 3018 596 eiusque
3069 524 3326 579 memoria
3378 519 3577 594 vigebit
3623 536 3845 591 semper

2236 608 2376 690 apud
2407 629 2674 690 posteros.
2724 617 2838 672 Non
2871 617 3129 672 miramur
3177 617 3358 686 itaque
3385 614 3431 668 si
3481 624 3531 669 te
3574 611 3840 668 factorum

2236 714 2410 783 gloria
2451 713 2646 784 ubique
2681 706 2946 782 sequitur,
2976 725 3096 780 qua:
3138 709 3337 763 utinam
3368 707 3447 763 sic
3487 707 3556 762 ad
3596 717 3844 776 posteros

2239 807 2526 876 pertingat,
2561 805 2618 860 u’t
2657 801 2976 859 inscribatur
3021 811 3237 856 aeterna:
3269 800 3342 854 illi
3393 800 3705 865 memorias,
3755 797 3841 853 cui

2240 899 2368 957 nihil
2390 900 2559 968 perit:
2585 895 3038 968 quemadmodum
3060 893 3247 949 Hilarii
3269 893 3429 955 fama,
3450 908 3561 947 non
3581 901 3835 947 contenta

2239 977 2427 1047 Calliae
2450 981 2715 1055 terminis,
2747 999 2961 1044 exteras
2981 973 3142 1042 etiam
3169 985 3433 1052 nationes,
3467 984 3632 1038 immo
3658 992 3712 1039 et
3739 997 3846 1038 ca:-

2239 1085 2320 1140 lns
2351 1087 2494 1155 ipsos
2522 1083 2782 1153 implevit,
2815 1084 3127 1139 meritorum
3159 1082 3328 1153 gratia
3359 1091 3730 1151 percurrente,
3760 1080 3844 1136 id-

2240 1193 2344 1250 que
2381 1178 2668 1242 efficiente,
2703 1178 2838 1231 utin
2866 1187 3096 1247 utroque
3127 1175 3258 1230 orbe
3298 1174 3626 1230 sanctissimi
3658 1173 3846 1229 Ponti-

2240 1272 2356 1340 ficis
2382 1270 2548 1342 gloria
2571 1269 2836 1324 militaret.

2314 1363 2448 1417 Dum
2473 1363 2528 1418 in
2553 1362 2668 1418 haec
2694 1369 2816 1416 vota
2843 1361 3158 1428 desinimus,
3191 1359 3472 1416 modestia:
3507 1359 3844 1417 consulimus

2243 1463 2367 1522 tute,
2400 1453 2816 1510 EIINEN‘I‘ISSII
2853 1453 3128 1510 Secessus
3169 1463 3457 1518 νείκους,
3501 1462 3626 1522 qua
3653 1463 3754 1508 nec
3784 1467 3848 1509 se

2241 1547 2546 1604 immodicis
2575 1549 2773 1618 patitur
2793 1548 3007 1603 onerari
3030 1547 3335 1616 praeconiis,-
3368 1560 3470 1602 nec
3494 1553 3619 1602 cum
3647 1544 3840 1617 Magno

2241 1641 2446 1698 Hilario
2474 1641 2729 1697 conferri.
2764 1640 2822 1695 in
2853 1655 2920 1696 eo
2961 1639 3228 1710 Siquidem
3262 1637 3427 1694 inuita
3462 1639 3694 1709 suspicis
3725 1639 3847 1695 iinla-

2241 1735 2467 1802 tatione,
2497 1733 2664 1789 immo
2700 1741 2756 1789 et
2777 1731 3136 1788 admiratione
3170 1731 3362 1802 digna,
3405 1730 3579 1786 selum
3613 1745 3710 1801 pro
3755 1744 3847 1786 ca-

517 1833 737 1903 negotio
753 1831 1012 1896 defueris;
1035 1841 1181 1886 tanta
1205 1830 1468 1898 religione
1493 1844 1554 1884 ac
1580 1827 1844 1882 citarimte
1865 1841 1988 1886 cum
2013 1825 2132 1880 aliis
2162 1819 2209 1880 B
2239 1826 2438 1882 tiroiice
2467 1827 2693 1881 veritate
2722 1835 2776 1881 et
2804 1840 2900 1894 pro
2922 1825 3133 1896 iustitia
3165 1823 3516 1894 intrepidum,
3545 1821 3716 1879 fortes
3738 1837 3840 1894 pro

523 1935 582 1979 ut
612 1909 784 1978 laudis
806 1923 1147 1978 aemulatione
1171 1938 1238 1977 ne
1259 1923 1426 1976 latum
1456 1919 1672 1990 quidem
1698 1934 1932 1988 unguem
1961 1918 2030 1974 ab
2051 1919 2132 1971 of-

524 2015 630 2072 ficii
665 2015 951 2071 sedulitate
991 2013 1300 2072 deﬂexeris.
1339 2012 1466 2078 Sed,
1500 2011 1642 2082 quod
1675 2013 1729 2068 in
1760 2010 2131 2070 ecclesiastico

522 2105 639 2164 viro
663 2122 1008 2176 summopere
1036 2095 1362 2164 laudandum
1389 2113 1493 2172 est,
1517 2089 1850 2176 gravissimis
1873 2103 1998 2158 licet
2028 2102 2131 2157 im-

523 2216 734 2258 mersus
774 2201 1022 2272 negotiis,
1055 2215 1297 2257 amorem
1329 2215 1488 2270 quem
1521 2199 1575 2255 in
1601 2197 1808 2254 litteras
1848 2209 1904 2253 et
1939 2197 1994 2253 in
2037 2197 2128 2255 Ιὶιο

520 2304 726 2352 tcratos
760 2294 974 2365 juvenis
1012 2308 1367 2364 conceperas,
1406 2300 1566 2349 aetate
1607 2290 1980 2362 progrediente
2021 2305 2128 2348 non

524 2389 734 2446 minore
787 2371 966 2444 studio
1011 2387 1316 2452 retinuisti;
1383 2395 1439 2442 et
1481 2387 1620 2440 sicut
1675 2385 1794 2440 illas
1843 2385 2126 2456 neglexisti

519 2495 833 2549 numquam.
865 2480 934 2536 ita
961 2478 1062 2534 hos
1092 2466 1348 2550 singulari
1391 2493 1606 2549 semper
1648 2479 2023 2534 benevolentia
2065 2493 2126 2535 es

519 2573 859 2644 complexus.

593 2663 730 2734 Quid
752 2665 926 2721 dicam
949 2664 1123 2736 regias
1149 2653 1460 2731 affinitates,
1485 2679 1616 2734 quas
1639 2651 1765 2719 dum
1807 2662 1957 2734 regni
1984 2678 2122 2720 com-

521 2747 700 2814 modis
721 2757 970 2822 inservis,
996 2757 1213 2812 ESll‘il‘m
1233 2756 1378 2828 genti
1410 2765 1488 2812 tot
1513 2756 1644 2812 olim
1663 2755 1830 2813 titulis
1855 2757 2124 2814 decoratas

523 2835 851 2920 adiunxisti?
889 2845 1088 2905 Verum
1127 2849 1193 2905 ad
1221 2849 1434 2906 laudum
1468 2858 1687 2906 tuarum
1710 2851 1979 2906 cumulum
2009 2849 2123 2907 suf-

515 2935 630 3000 ficit
665 2947 804 3016 regis
827 2949 1065 3000 omnium
1091 2946 1306 3000 maximi
1335 2955 1440 3000 tam
1467 2945 1715 3017 benigne.
1746 2953 1853 3001 tam
1875 2955 2122 3011 strenue,

516 3046 624 3093 tam
650 3047 961 3095 constanter
991 3039 1294 3112 impensum
1318 3054 1414 3108 pro
1442 3025 1733 3096 obtinenda
1762 3037 1855 3093 tibi
1885 3052 2118 3107 purpura

513 3123 872 3200 patrocinium
902 3149 914 3186 :
946 3130 1100 3200 cujus
1141 3129 1278 3184 adeo
1325 3129 1599 3185 excelsum
1657 3139 1712 3184 et
1757 3128 2123 3184 honorificum

2235 1918 2500 1989 religione
2528 1918 2823 1988 apologias,
2855 1917 3170 1973 diuturnum
3191 1917 3434 1982 exilium,
3458 1916 3670 1988 aliaque
3693 1932 3840 1988 prte-

2233 2011 2376 2066 clara
2400 2011 2556 2075 facta,
2579 2026 2699 2082 quae
2719 2011 3012 2082 gloriosum
3037 2009 3236 2066 Christi
3257 2007 3600 2065 GonfessOris
3621 2010 3833 2064 titulum

2232 2102 2336 2170 ipsi
2365 2113 2747 2174 compararunt
2769 2121 2781 2156 :
2807 2103 2949 2173 quod
2977 2113 3140 2158 unum
3173 2118 3305 2159 sane
3329 2103 3616 2174 quibusvis
3641 2103 3835 2175 elogiis

2232 2194 2494 2250 illustrius
2522 2196 2718 2252 merito
2737 2194 3040 2252 existimas.

2301 2286 2464 2342 Tanti
2502 2288 2749 2342 Doetoris
2775 2303 2840 2344 se
2877 2287 3158 2345 Pontificis
3193 2288 3378 2360 Opera
3409 2289 3518 2345 tuis
3559 2289 3833 2360 auspiciis,

2229 2379 2336 2436 Vin
2361 2381 2782 2438 Eusenrtssiln
2806 2423 2822 2449 ,
2861 2382 2990 2439 dum
3031 2386 3450 2449 oomnittitnus,
3487 2399 3600 2438 non
3633 2383 3835 2438 Hilario

2227 2477 2353 2550 ipsi,
2385 2483 2482 2536 sed
2509 2483 2689 2548 nobis,
2725 2481 3027 2553 studiisque
3057 2483 3257 2540 nostris
3286 2483 3646 2553 patrocinium
3685 2487 3753 2536 ex
3782 2489 3835 2536 te

2226 2573 2594 2642 conquirimus
2619 2591 2632 2626 :
2660 2573 2807 2644 quod
2833 2588 2954 2628 cum
2983 2573 3215 2630 antehac
3243 2571 3529 2629 immeritis
3560 2571 3827 2644 praestite-

2225 2663 2324 2720 ris.
2355 2664 2408 2717 in
2432 2675 2733 2734 posterum,
2762 2667 2838 2718 uti
2856 2678 2920 2720 ex
2949 2675 3039 2719 tua
3067 2665 3403 2734 benignitate
3428 2674 3650 2734 sperare
3676 2664 3828 2729 licet,

2226 2755 2426 2810 Hilario
2455 2755 2782 2825 suﬁragante
2818 2771 2924 2823 min
2953 2756 3264 2826 denegabis.
3310 2756 3422 2809 Nos
3460 2769 3594 2809 vero
3629 2755 3836 2825 gratias

2225 2846 2317 2901 tibi
2351 2847 2666 2903 habebimus
2705 2848 3070 2912 immortales,
3103 2848 3245 2918 quod
3280 2855 3386 2903 tam
3420 2847 3574 2904 facile
3609 2856 3665 2902 te
3693 2859 3830 2902 eno—

2223 2939 2329 2994 rari
2373 2939 2632 3009 patiaris;
2659 2941 2888 3010 gratiam
2922 2940 3250 3010 singularem
3295 2939 3518 3005 Hilario,
3553 2939 3707 3009 cujus
3735 2939 3836 2995 be-

2221 3033 2416 3088 nelieio
2456 3032 2705 3090 effectum
2734 3041 2837 3100 est,
2869 3050 2935 3090 ne
2975 3036 3142 3090 simus
3189 3035 3422 3106 ingrati:
3453 3035 3666 3104 eritque
3711 3033 3830 3089 hac

2219 3125 2336 3196 ejus
2359 3127 2600 3196 Operam
2619 3127 2788 3183 editio
2809 3139 3052 3198 perenne
3075 3126 3435 3184 obsonautie
3452 3127 3508 3180 in
3527 3133 3580 3181 te
3604 3133 3825 3195 nostra),

513 3217 588 3276 de
615 3233 666 3276 te
692 3222 976 3291 judicium,
1004 3237 1253 3291 purpurae
1280 3221 1381 3290 ipsi
1411 3235 1517 3276 non
1542 3221 1740 3291 impar,
1771 3220 1962 3291 insigni
1996 3220 2120 3277 fidei
2146 3205 2191 3268 C
2225 3217 2472 3290 adeoque
2486 3220 2625 3290 grati
2649 3221 2816 3276 animi
2836 3227 3261 3276 Momm.
3292 3220 3598 3276 iteraverit

514 3321 569 3368 et
593 3313 942 3381 subiectionis
965 3314 1214 3380 exemplo
1236 3312 1591 3378 confirmasti,
1624 3327 1746 3367 cum
1781 3312 2016 3368 oblatam
2039 3312 2122 3368 di-

515 3399 834 3475 dignitatem
867 3419 927 3459 ea
953 3403 1262 3460 conditione
1301 3421 1421 3473 qua:
1447 3391 1714 3460 mandatis
1747 3405 1908 3475 regiis
1937 3406 2126 3462 minus

515 3511 755 3554 consona
799 3489 1110 3564 videbatur,
1165 3498 1279 3568 pari
1319 3498 1622 3554 constantia
1662 3498 1949 3556 recusasti.
1997 3498 2114 3555 Non

559 3661 750 3691 "1...."
823 3665 834 3687 ,
899 3661 984 3688 ,η

984 3814 2051 3967 PR/EFATIO
2149 3809 3335 3970 GENERALIS.

2515 3312 2836 3369 Eminentia
2889 3320 2994 3367 iure

2732 3406 3103 3462 Addiceissimi
3129 3416 3180 3462 et
3207 3403 3683 3476 obsequentissimi

2521 3499 2768 3558 “deuehi
2795 3499 3132 3556 deictini
3158 3497 3484 3570 Gongregat'.
3510 3499 3567 3555 8.
3599 3497 3788 3554 Mauri.

3335 3677 3800 3698 ————-—__

1955 4068 2427 4125 Μ

589 4221 883 4285 Ecclesium
903 4226 1110 4279 sin‘crrc
1138 4211 1388 4295 diligere,
1411 4234 1461 4278 et
1491 4215 1749 4296 inclytum
1774 4211 1912 4277 illius
1938 4215 2120 4277 defen-

518 4337 695 4376 sorem
727 4311 986 4372 Hilarium
1020 4331 1228 4370 summa
1255 4311 1599 4369 observantia
1634 4330 1737 4371 n0n
1773 4315 1952 4371 colere
1974 4305 2119 4369 diffi-

516 4411 775 4467 cillimum
807 4409 909 4462 est".
944 4406 1075 4460 Dum
1109 4405 1333 4471 viveret,
1359 4407 1541 4460 nescio
1573 4421 1705 4476 quas
1733 4404 2012 4477 gravitatis
2049 4406 2124 4461 si-

520 4503 632 4560 mul
682 4511 736 4557 et
776 4499 1122 4571 benignitatis
1171 4512 1325 4555 notas
1369 4518 1476 4569 prae
1507 4517 1566 4556 se
1611 4490 1853 4568 ferebat,
1902 4511 1958 4555 nt
1998 4516 2118 4555 cum

518 4595 905 4651 catholicorum
929 4587 1056 4658 dux,
1082 4592 1567 4662 iimreticorinuquc
1595 4603 1765 4648 terror
1791 4601 1955 4660 esset,
1975 4603 2120 4650 utro-

518 4696 745 4758 rumque
777 4690 955 4739 tamen
981 4689 1084 4739 non
1108 4683 1514 4739 admirationem
1540 4673 1735 4749 solum,
1764 4684 1856 4739 sed
1884 4696 1937 4740 et
1963 4700 2115 4740 reve-

518 4779 747 4835 re‘nliatn
795 4770 898 4832 sibi
942 4775 1260 4831 Conciliarii.
1294 4771 1426 4830 Eunt
1473 4774 1690 4844 quidem
1737 4777 1973 4844 nonnulli
2018 4793 2115 4847 per

529 4869 772 4927 fraudem
802 4873 1200 4940 Oppugnare,at
1221 4884 1401 4923 coram
1426 4863 1502 4924 illi
1527 4868 1780 4923 resistere
1814 4884 1970 4924 nemo
1990 4885 2111 4924 um-

519 4965 680 5035 quam
714 4979 874 5017 ausus
902 4973 1001 5017 est.
1032 4955 1250 5016 illorum
1272 4960 1410 5017 dolis
1433 4960 1500 5016 ab
1531 4960 1822 5018 Occidente
1849 4961 2109 5028 divulsus,

515 5059 623 5112 nun
655 5061 759 5110 tam
791 5053 914 5111 huic
941 5057 1073 5124 parti
1109 5049 1328 5124 ereptus
1370 5055 1515 5108 visus
1545 5066 1624 5109 est
1646 5097 1661 5122 ,
1706 5071 1864 5124 quam
1908 5055 2111 5113 Orienti

517 5143 695 5214 datus,
723 5143 780 5202 ut
813 5141 954 5200 nulla
985 5161 1108 5216 pars
1129 5145 1273 5199 orbis
1299 5139 1442 5200 illius
1463 5143 1666 5202 lumine
1689 5162 1793 5201 non
1824 5147 2108 5203 frueretur.

518 5242 655 5297 Tum
689 5242 829 5294 enim
860 5237 1167 5295 Occidentis
1204 5237 1448 5294 eccicsim
1476 5227 1698 5293 conSilia
1736 5240 1900 5309 ipsius
1929 5243 2114 5312 exqui-

515 5339 640 5388 re‘re
669 5341 775 5387 n0n
805 5323 1114 5397 desierunt,
1161 5329 1215 5384 iit
1246 5335 1431 5385 eorum
1473 5331 1731 5402 sapientia
1773 5341 2116 5402 regerentur,

513 5434 569 5479 et
596 5419 700 5494 ipsi
724 5428 926 5477 morem
958 5425 1150 5493 gerere
1182 5419 1418 5478 Orientis
1450 5423 1687 5494 episcopi
1736 5424 1988 5492 paulatim
2026 5440 2113 5480 as-

513 5521 826 5572 sumerd’nt.
865 5517 1126 5582 Q‘u’dcirca
1161 5516 1496 5572 tenebricoso
1539 5517 1790 5584 lmresis,
1816 5534 1934 5588 qua:
1967 5521 2018 5573 in
2045 5521 2111 5575 iis

516 5605 827 5679 regiot‘ii'bt't‘s
862 5609 1217 5678 principatum
1258 5611 1502 5676 tenebat,
1550 5611 1680 5665 lanii
1711 5611 1904 5668 sideris
1932 5627 2109 5668 acces-

518 5713 637 5758 sum
668 5703 935 5756 sustinere
963 5701 1165 5754 diutius
1195 5717 1297 5754 non
1324 5703 1528 5770 Valens,
1558 5701 1769 5776 sibique
1790 5717 1882 5762 aut
1909 5705 2108 5764 ceden-

512 5797 662 5860 dum,
704 5795 796 5848 a't'ti'
834 5787 1091 5848 Hilarium
1126 5805 1154 5844 e
1193 5791 1386 5850 finibus
1425 5795 1526 5850 illis
1558 5797 1954 5854 exturbandum
1977 5781 2108 5857 esse

2229 4217 2598 4289 prospiciens,
2637 4233 2758 4278 cum
2805 4233 2945 4275 nova
2995 4218 3285 4289 splendore
3333 4201 3521 4274 Galliis
3569 4200 3826 4285 reddidit,

2223 4313 2380 4382 cujus
2402 4313 2576 4368 lucem
2602 4313 2918 4383 extinguere
2955 4328 3014 4369 sc
3047 4328 3206 4383 posse
3237 4295 3615 4369 arbitrabatur.
3648 4311 3826 4366 incui~

2225 4415 2404 4476 patum
2432 4407 2641 4470 virum,
2675 4407 2725 4460 in
2759 4422 2915 4476 quem
2949 4406 3278 4475 adversarii,
3318 4405 3674 4463 calumniandi
3707 4416 3828 4462 arte

2226 4493 2528 4569 pollentes,
2565 4515 2673 4556 non
2705 4509 2990 4570 potuerunt
3025 4511 3152 4557 tunc
3191 4501 3480 4572 quidquam
3513 4500 3832 4571 escogitare

2224 4595 2488 4660 criminis,
2523 4613 2630 4666 quo
2663 4597 2838 4666 ipsum
2871 4597 3187 4666 perderent!
3221 4597 3368 4653 Felix
3399 4597 3555 4667 culpa
3588 4598 3744 4652 unica
3775 4595 3828 4652 ei

2223 4687 2456 4755 objecta,
2508 4687 2658 4758 quod-
2696 4689 2918 4744 limresis
2960 4705 3025 4745 co
3068 4700 3334 4759 praesente
3371 4689 3518 4744 nulla
3545 4705 3678 4760 pace
3719 4687 3827 4744 frui

2224 4778 2464 4850 nihilque
2496 4781 2674 4836 moliri
2710 4781 3010 4837 sineretur!
3061 4783 3125 4837 Et
3172 4797 3300 4836 vero
3341 4781 3519 4837 reditu
3567 4782 3737 4850 ipsius
3767 4781 3822 4836 in

2222 4873 2446 4928 nihilum
2477 4875 2660 4939 cessit,
2695 4875 2951 4944 quidquid
2977 4884 3099 4931 ante
3125 4875 3178 4930 in
3205 4875 3350 4930 italia
3371 4918 3388 4943 ,
3419 4873 3655 4946 Illyrico,
3683 4873 3816 4930 Gal—

2221 4965 2288 5020 lia
2338 4975 2637 5021 tentaverat
2686 4985 2697 5020 :
2754 4977 2809 5023 et
2851 4970 2992 5038 apud
3030 4987 3202 5025 omnes
3244 4970 3490 5034 constitit,
3540 4967 3692 5022 unius
3719 4966 3820 5020 Hi-

2224 5059 2347 5113 larii
2386 5060 2630 5119 beneﬁcio
2657 5069 2856 5116 nostras
2895 5061 3288 5134 (nominatim)
3320 5059 3518 5117 Gallias
3544 5079 3576 5115 α
3604 5059 3816 5132 piaculo

2220 5155 2426 5210 Iamsi:
2462 5156 2721 5211 liberatas.
2757 5157 2936 5230 (Sulp.
2968 5159 3088 5214 Ser.
3115 5159 3204 5220 lib.
3233 5175 3267 5212 il
3288 5157 3427 5214 Hist.
3455 5157 3590 5226 uc.)

2289 5248 2348 5303 ‘2.
2381 5249 2503 5303 Haec
2528 5258 2582 5304 et
2604 5249 2706 5303 alia
2739 5251 3016 5305 fortissimi
3047 5252 3380 5306 confessoris
3397 5261 3548 5322 gesta
3579 5249 3673 5321 qui
3694 5264 3819 5318 pro-

2219 5339 2287 5394 be
2327 5340 2752 5396 consideravcrit
2776 5383 2790 5407 ,
2836 5339 2992 5397 facile
3033 5343 3363 5397 assentietur
3391 5356 3520 5398 eum
3565 5338 3826 5395 Ecclesia

2217 5433 2420 5497 datum,
2442 5449 2510 5489 ne
2531 5445 2699 5502 portae
2729 5434 2928 5490 inferni
2945 5435 3208 5492 adversus
3239 5437 3386 5490 illam
3426 5434 3820 5505 prrevaleront:

2216 5541 2396 5596 neqch
2415 5527 2623 5582 inﬁcias
2650 5527 2770 5596 ibit,
2805 5543 3014 5582 summa
3045 5545 3170 5584 cum
3195 5528 3546 5584 veneratione
3576 5542 3604 5580 a
3635 5525 3824 5580 eatbo.

2214 5617 2332 5673 iicis
2359 5618 2730 5687 excipiendam
2759 5634 2879 5675 esse
2905 5620 3214 5677 doctrinam
3237 5621 3356 5691 eius
3375 5665 3388 5689 ,
3419 5620 3510 5691 qui
3542 5616 3820 5673 h:crcticis

2211 5709 2348 5764 adeo
2375 5709 2808 5768 reformidandtts
2835 5712 3014 5769 fuerit.
3044 5713 3162 5768 Jam
3191 5728 3319 5766 vero
3348 5723 3404 5767 ut
3435 5711 3492 5766 in
3510 5725 3630 5766 eam
3662 5707 3818 5780 quis-

2210 5818 2316 5874 que
2335 5804 2673 5861 commodius
2701 5805 2994 5876 utiliusmte
3023 5806 3392 5875 incumberet,
3424 5803 3664 5876 apellant
3691 5816 3816 5858 nosp
