4232 6256
338 279 406 344 15
1589 291 1954 352 ΡΒᾹΞΡΑΤΙΟ

2072 291 2428 356 ENEHALIS.
3569 299 3638 358 14

339 415 494 471 tram,
527 417 688 474 quam
713 404 766 461 in
795 405 1019 465 aliorum
1053 409 1270 467 Patrum
1303 411 1538 486 editione
1575 415 1816 470 nonnulli
1853 417 1928 470 fa-
1957 410 2010 473 Α
2035 426 2303 484 recenset,
2338 433 2404 472 ex
2426 431 2655 488 quorum
2677 416 2917 473 doctrina
2941 415 3319 486 exponendum
3343 424 3488 472 esset
3510 415 3632 473 lidei

338 512 462 552 vere
494 514 833 571 assensuque
864 517 962 556 suo
991 518 1114 559 sese
1139 506 1436 575 approbare
1461 508 1638 563 testati
1676 517 1832 576 sunt,
1865 508 1931 562 ad

338 594 534 665 scripta
583 597 754 667 ipsius
802 599 1236 668 recognoscenda
1286 616 1391 654 non
1430 604 1813 660 recusavimus.
1868 605 1935 659 Et

339 698 480 745 certe
505 689 609 744 huc
640 690 687 744 ei
715 687 949 746 officium
979 691 1226 762 plurimis
1256 708 1352 748 nos
1379 695 1545 750 titulis
1577 696 1774 752 debere
1801 713 1932 752 cono

343 781 572 837 litetnur.
631 782 761 838 Cum
820 784 963 838 enim
1021 801 1141 839 eum
1199 797 1321 841 eum
1379 789 1625 843 omnibus
1678 789 1935 845 Ecclesia:

339 874 568 930 alumnis
597 891 921 931 veneremur
949 885 1004 932 ut
1049 888 1254 947 patrem
1286 895 1347 935 ac
1378 882 1691 953 tnagistrum
1714 924 1729 950 ,
1765 893 1817 937 et
1840 899 1936 938 no-

342 968 585 1023 minatim
610 981 731 1024 cum
755 968 926 1026 Gallis
951 978 1006 1025 ut
1034 971 1327 1028 Galliarum
1359 982 1663 1028 nostrarum
1690 973 1855 1030 decus
1886 985 1940 1031 et

342 1070 716 1116 ornamentum
759 1062 1166 1130 atnplexemur;
1196 1079 1261 1119 eo
1304 1071 1480 1119 tamen
1524 1066 1740 1122 nomine
1786 1067 1939 1122 nobis

341 1153 687 1224 singulariter
715 1167 873 1210 carus
905 1170 1026 1211 esse
1056 1157 1250 1222 debet,
1277 1157 1418 1225 quod
1455 1158 1619 1228 prima
1663 1160 1714 1214 in
1754 1161 1940 1217 Galliis

337 1243 532 1316 jccerit
573 1245 1027 1300 monasteriorum
1079 1246 1443 1301 fundamenta.
1491 1249 1713 1304 Demum
1755 1251 1799 1305 si
1837 1269 1939 1306 nou

344 1339 482 1408 quod
510 1347 721 1401 noStra,
751 1337 844 1393 sed
875 1339 1015 1408 quod
1043 1337 1299 1395 Ecclesia:
1320 1339 1484 1397 refert
1506 1384 1520 1402 .
1557 1343 1940 1412 respiciamus;

345 1430 463 1498 quis
489 1435 651 1499 neget
683 1439 832 1486 tanto
859 1430 1028 1500 pluris
1057 1431 1176 1500 ejus
1202 1431 1486 1497 interesse.
1519 1442 1574 1487 ut
1604 1450 1732 1504 pura
1756 1453 1818 1490 ac
1843 1437 1945 1491 sin-

345 1533 467 1577 cera
497 1522 692 1577 habeat
729 1521 916 1578 Hilarii
959 1526 1189 1594 scripta,
1232 1529 1434 1597 quanio
1466 1529 1682 1599 majoris
1723 1539 1847 1585 sunt
1877 1528 1944 1584 ad

349 1613 510 1668 ﬁdem
532 1614 673 1669 illius
703 1613 1088 1670 adstrttendam
1121 1617 1498 1675 auctoritatis?
1526 1619 1658 1677 Nam
1695 1637 1816 1678 cum
1847 1619 1947 1676 Ec-

352 1707 515 1761 clesia
543 1706 696 1762 iidem
736 1719 888 1762 Suam
921 1724 951 1763 a
982 1707 1202 1765 Christo
1229 1719 1282 1766 et
1322 1709 1600 1782 Apostolis
1638 1722 1836 1780 teneat,
1867 1715 1942 1768 illi

2038 511 2106 567 de
2137 511 2524 568 incarnationis
2553 512 2808 586 mysterio
2835 511 3108 568 decretum
3141 527 3154 564 :
3185 509 3280 565 sed
3321 518 3376 566 et
3414 511 3538 566 Aet.
3571 527 3631 579 ιι,

2039 621 2093 675 ιι.
2128 607 2254 670 557,
2283 606 2457 676 primo
2488 606 2608 660 loco
2653 606 2799 676 ponit
2838 620 2955 676 qum
3004 620 3071 659 ex
3105 602 3321 672 scriptis
3365 602 3505 657 illius
3543 619 3638 658 ex-

2039 707 2224 769 cerpta
2251 708 2394 754 sunt.
2437 699 2590 755 Nune
2619 699 2747 771 quid
2776 700 2828 754 in
2867 699 3084 754 illorum
3116 695 3280 752 variis
3309 696 3638 755 editionibus

2040 793 2336 863 prmstitum
2367 792 2436 848 sit
2457 793 2755 848 videamus.

2205 929 2245 984 Ι.
2286 928 2365 984 De
2390 929 2545 984 variis
2577 929 2802 1000 Operam
2832 930 2893 985 S.
2929 929 3121 986 Hilarii
3147 930 3474 986 cditionibns.

2117 1061 2168 1115 5.
2206 1061 2280 1116 Ex
2315 1060 2534 1118 Roherti
2567 1049 2844 1118 Fortunati
2868 1062 3242 1119 Macloviensis
3261 1061 3324 1118 ad
3351 1064 3496 1120 Badii
3530 1064 3643 1121 cdi-

2046 1154 2246 1208 tionem
2278 1156 2591 1224 prmfatione
2613 1155 2926 1224 accipimus,
2957 1155 3118 1211 libros
3150 1157 3217 1212 de
3257 1157 3539 1222 Trinitate,
3572 1157 3639 1212 ad

2045 1245 2452 1310 Constantium,
2486 1256 2672 1302 contra
2719 1246 3091 1302 ConStantiuni
3121 1291 3134 1311 ,
3180 1256 3370 1303 contra
3426 1249 3644 1304 Auxen-

2047 1338 2179 1392 tium
2203 1345 2258 1392 et
2287 1336 2352 1392 de
2379 1337 2635 1410 Synodis,
2666 1346 2895 1409 ptimum
2927 1339 3140 1409 Georgii
3171 1337 3388 1394 Cribelli
3419 1341 3644 1413 presby-

2049 1431 2147 1484 tcri
2169 1445 2332 1500 opera
2371 1431 2422 1484 in
2450 1430 2622 1485 lucem
2655 1429 2949 1500 prodiisse;
2990 1419 3112 1485 tum
3130 1431 3564 1486 Commentarios
3593 1433 3644 1486 in

2026 1523 2382 1579 'Psalmorum
2413 1523 2843 1592 explanationem
2873 1538 2902 1576 a
2941 1523 3188 1578 Johanne
3227 1523 3412 1578 Solido
3450 1523 3649 1579 Craco-

2049 1618 2159 1680 via,
2208 1617 2531 1672 adhortante
2579 1616 2782 1673 Jacobo
2816 1617 2991 1673 Fabro
3015 1617 3344 1687 Stapulensi,
3383 1634 3413 1671 e
3451 1618 3553 1672 situ
3595 1626 3652 1672 et

2051 1708 2499 1779 squailoreiui-se
2531 1709 2871 1779 redemptos;
2902 1725 2964 1764 ac
2995 1710 3206 1765 tandem
3236 1723 3377 1764 anno
3405 1708 3538 1764 l510
3554 1709 3653 1763 Ba-

355 1811 420 1852 eo
447 1798 722 1868 graviores
745 1811 867 1854 sunt
900 1805 1095 1868 testes,
1129 1817 1234 1872 quo
1275 1803 1585 1873 apostolicis
1618 1806 1948 1876 temporibus
1978 1789 2024 1856 Β
2054 1800 2204 1856 dium
2229 1800 2568 1868 Ascensium,
2599 1817 2718 1856 cum
2743 1817 2770 1854 τι
2801 1801 3088 1858 Guillelmo
3112 1801 3286 1856 Parvo
3319 1801 3478 1871 regiae
3524 1815 3655 1856 con-

357 1892 661 1946 viciniorcs.
697 1891 878 1962 Neque
907 1894 1106 1948 multos
1131 1910 1161 1949 e
1185 1895 1364 1950 latinis
1393 1897 1638 1951 Patribus
1665 1913 1951 1954 recensere

351 1992 455 2047 est,
486 1983 580 2052 qui
611 1992 770 2040 relate
817 1983 1074 2039 Hilarium
1117 1987 1446 2056 pratccdant.
1488 1987 1619 2042 Nam
1653 1998 1773 2059 post
1816 1989 1950 2045 Ter-

353 2077 658 2139 tullianttm,
694 2076 1028 2133 Lactantium
1071 2086 1231 2151 atque
1277 2079 1640 2152 Cyprianum,
1675 2083 1757 2136 vix
1789 2100 1951 2137 unum

355 2172 600 2240 reperias
640 2170 864 2243 alicujus
905 2171 1135 2228 nominis
1173 2188 1238 2230 eo
1281 2169 1662 2245 antiquiorem.
1691 2176 1785 2232 ille
1825 2195 1954 2233 vero

354 2270 429 2316 tm
463 2263 574 2318 fere
608 2279 885 2332 praecones
910 2264 1091 2332 habet,
1117 2276 1247 2338 quot
1269 2269 1424 2324 ttobis
1456 2280 1576 2341 post
1608 2271 1780 2342 ipsum
1819 2288 1956 2344 pra:-

357 2355 492 2408 stitit
521 2355 660 2410 Deus
691 2355 810 2410 ﬁdei
843 2355 1120 2413 Doctores.

429 2447 481 2500 5.
521 2446 757 2502 Primum
804 2464 832 2502 a
867 2457 981 2504 toto
1028 2449 1268 2507 Concilio
1308 2452 1598 2510 Parisiensi
1645 2455 1812 2526 ﬁdelis
1854 2454 1960 2512 Do-

357 2542 532 2597 minici
593 2543 812 2598 nominis
859 2543 1168 2615 prmdicator
1224 2549 1664 2618 cognominatus,
1733 2551 1961 2608 subinde

359 2636 427 2689 ab
489 2635 789 2706 Augustino
845 2637 1016 2692 audiit
1079 2639 1323 2697 Ecclesia:
1388 2644 1653 2699 catholicae
1721 2646 1962 2702 adversus

361 2730 628 2784 hwrcticos
677 2731 956 2786 acerrimus
1007 2732 1292 2804 defensor:
1324 2737 1606 2793 catholicus
1648 2748 1698 2794 et
1750 2739 1963 2812 insignis

364 2819 615 2876 Ecclesia:
643 2823 910 2877 catholica?
955 2823 1153 2890 doctor,
1206 2837 1254 2880 et
1293 2843 1394 2882 non
1445 2831 1713 2884 inediocris
1742 2834 1968 2886 auctori-

365 2917 483 2971 tatis
512 2917 565 2970 in
596 2919 898 2972 tractatione
927 2917 1318 2990 Scripturarnn:
1345 2930 1395 2978 et
1437 2923 1490 2978 in
1542 2925 1817 2980 assertione
1847 2925 1970 2996 ﬁdei

364 3011 462 3063 eis.
509 3009 746 3080 (August.
789 3011 878 3064 lib.
923 3025 941 3067 ι
984 3023 1118 3067 cont.
1159 3013 1364 3070 Julian.
1398 3033 1513 3087 cap.
1550 3018 1612 3083 5;
1647 3018 1736 3074 lib.
1762 3035 1821 3084 ιι,
1845 3036 1890 3074 c.
1912 3019 1966 3085 7;

367 3107 414 3156 et
443 3103 530 3158 tib.
561 3115 637 3169 vr,
660 3102 724 3156 de
749 3102 922 3170 Triu.,
947 3121 993 3160 c.
1030 3105 1140 3177 10).
1169 3105 1303 3162 Tum
1329 3123 1358 3162 a
1385 3108 1644 3164 Cassiano
1669 3109 1783 3182 (lib.
1819 3127 1888 3166 vn
1908 3111 1970 3166 de

2059 1895 2308 1951 fessionis
2356 1895 2602 1950 auditore
2651 1893 2933 1950 Tractatus
2965 1895 3015 1948 in
3061 1893 3367 1948 lilattlneuin
3398 1907 3499 1949 una
3531 1909 3654 1948 cum

2058 1989 2285 2060 epistola
2315 1987 2381 2042 ad
2411 1988 2608 2059 Apram
2649 2003 2679 2044 e
2709 1988 2880 2042 sancti
2919 1986 3142 2059 Beuigni
3186 1987 3522 2044 Divionensis
3549 2001 3659 2044 co:-

2060 2082 2224 2136 nobio
2253 2090 2436 2136 erutos
2464 2081 2785 2150 accepisset,
2815 2079 3033 2136 eosdem
3061 2093 3181 2136 cum
3215 2080 3485 2150 przedictis
3513 2079 3660 2136 Hilaa

2061 2173 2125 2228 rii
2151 2173 2417 2244 Operibus
2448 2173 2615 2245 pra-lo
2663 2189 2761 2228 suo
2801 2173 3022 2228 Parisiis
3063 2173 3356 2244 subiecisse
3392 2188 3456 2228 ac
3483 2173 3661 2228 divul-

2064 2281 2244 2338 gasse.
2278 2265 2582 2338 Optandum
2604 2265 2794 2330 fuerat,
2830 2273 2886 2321 ut
2913 2266 3364 2337 quemadmodum
3395 2282 3422 2321 a
3465 2283 3667 2338 suppo-

2063 2359 2245 2415 sititiis
2273 2375 2426 2430 pura,
2451 2369 2518 2414 tta
2553 2368 2608 2414 et
2631 2376 2661 2414 a
2692 2360 2904 2415 mendis
2935 2360 3236 2415 innumeris
3262 2360 3518 2432 castigata
3542 2377 3666 2430 pro-

2064 2452 2252 2506 diisset
2276 2452 2392 2507 haec
2419 2451 2607 2507 editio.

2139 2544 2191 2600 6.
2225 2543 2507 2600 Tredecim
2537 2553 2658 2614 post
2683 2545 2840 2600 annis
2873 2541 3131 2600 Erasmus
3157 2544 3223 2600 ad
3256 2545 3422 2602 libros
3449 2547 3668 2618 potissi-

2066 2651 2214 2691 mum
2269 2635 2338 2691 de
2392 2635 2658 2691 Trinitate
2708 2636 3050 2708 castigandos
3105 2638 3348 2693 animum
3400 2639 3609 2710 appulit
3657 2658 3671 2693 :

2069 2728 2354 2786 Tractatns
2403 2731 2536 2785 alios
2580 2740 2636 2786 ut
2693 2732 2977 2801 plurimum
3025 2742 3112 2786 aut
3156 2733 3391 2805 neglexit
3428 2751 3670 2804 prorsus,

2070 2835 2162 2878 aut
2205 2835 2428 2894 propter
2484 2834 2724 2880 veterum
2768 2823 3014 2878 codicum
3059 2831 3336 2895 penuriam
3383 2828 3677 2884 emendare

2073 2929 2179 2970 non
2205 2915 2370 2970 valuit
2396 2933 2409 2982 ;
2450 2915 2660 2970 laudem
2687 2925 2862 2969 tamen
2896 2930 2994 2970 suo
3016 2931 3082 2972 ex
3107 2917 3292 2973 labore
3318 2919 3606 2989 relaturus,
3632 2921 3681 2978 si

2073 3021 2132 3063 sc
2164 3023 2190 3060 a
2240 3008 2623 3063 declamatoria
2679 3007 2993 3077 praefatione
3038 3009 3423 3076 abstinuisset,
3467 3027 3586 3082 qua:
3625 3019 3684 3068 et

2075 3118 2242 3158 sacra:
2274 3102 2605 3171 inquisitioni
2637 3101 2890 3156 Romanae
2913 3143 2926 3168 ,
2961 3107 3014 3158 et
3059 3101 3352 3159 Parisieusi
3382 3104 3462 3178 (1)
3500 3104 3680 3162 Theo-

368 3195 488 3251 Inc.
520 3213 564 3250 c.
595 3197 662 3263 ‘2;
691 3197 781 3252 lib.
838 3213 894 3265 χ,
943 3199 1075 3265 c.5;
1118 3199 1206 3254 lib.
1241 3217 1277 3268 ι,
1326 3219 1369 3256 c.
1406 3200 1463 3273 4)
1517 3181 1762 3258 laudatus
1791 3213 1874 3259 est
1916 3213 1973 3259 ut
1999 3181 2045 3246 C
2079 3193 2233 3265 logia:
2281 3191 2549 3248 Facultati
2590 3193 2837 3248 censuris
2881 3192 3040 3264 digna
3073 3194 3270 3249 merito
3309 3195 3422 3250 visa
3468 3206 3570 3250 est.
3616 3195 3675 3251 In

371 3287 622 3359 Magister
700 3287 1090 3358 Ecclesiorunt,
1147 3301 1201 3347 et
1266 3307 1294 3346 a
1358 3293 1612 3349 Facundo
1694 3293 1970 3351 Hermian.

370 3391 517 3434 nunc
569 3389 626 3434 ut
690 3380 997 3435 Arianorum
1055 3384 1436 3452 potentissimus
1492 3395 1642 3457 atque
1697 3387 1976 3442 acerrimus

368 3482 712 3543 expugnator,
769 3489 912 3529 nunc
940 3483 997 3530 ιιι
1051 3473 1370 3533 doctissimus
1413 3482 1623 3535 antistes
1667 3489 1714 3536 et
1752 3483 1974 3553 fortissi-

369 3581 487 3620 mus
530 3571 814 3638 confessor.
857 3567 960 3624 Sed
1004 3570 1173 3642 elogia
1204 3581 1396 3627 cratera
1427 3583 1644 3644 supcrat
1673 3575 1826 3643 illud,
1869 3591 1978 3648 quo

377 3673 506 3714 cum
558 3659 842 3715 Facundos
890 3656 1045 3733 (Lib.
1097 3674 1272 3717 contra
1317 3664 1652 3737 Mocianum)
1692 3667 1832 3722 idem
1879 3683 1977 3722 vo-

373 3755 463 3806 cat
531 3754 831 3823 prudentem
880 3771 939 3808 uc
992 3755 1308 3811 moderatum
1367 3756 1614 3814 Ecclesia:
1669 3760 1976 3831 gubernato-

372 3861 483 3901 rem
516 3863 533 3901 :
565 3847 719 3917 quasi
751 3849 839 3919 qui
878 3863 982 3904 non
1013 3850 1192 3917 unius,
1236 3849 1329 3906 sed
1362 3851 1527 3906 totius
1565 3853 1816 3908 Ecclesiae
1871 3869 1982 3908 sus-

375 3939 613 4007 cepisset
636 3940 1030 4012 prudenterque
1057 3943 1365 3997 moderatus
1377 3953 1518 3998 esset
1534 3944 1975 4014 gubernaculum.

376 4031 534 4102 Apud
564 4031 950 4107 Hieronymum
984 4046 1184 4101 autem,
1218 4047 1272 4090 ιιι
1311 4044 1542 4092 czeteros
1585 4037 1796 4092 interim
1822 4035 1982 4092 silea-

376 4135 522 4191 mus,
556 4133 767 4195 quanta:
804 4127 1146 4182 auctoritatis
1179 4128 1305 4182 fuit?
1334 4127 1428 4183 Ille
1453 4141 1514 4184 se
1543 4127 1672 4182 satis
1701 4139 1978 4199 purgatum

381 4227 556 4288 putat,
606 4219 694 4273 ubi
747 4220 1041 4275 ostenderit
1083 4221 1182 4275 sibi
1226 4221 1535 4291 praeiuxissc
1576 4219 1760 4275 Hilarii
1795 4237 1980 4276 exent-

380 4311 529 4380 plum
577 4328 590 4364 ε
645 4312 734 4366 Sic
794 4311 886 4366 hoc
930 4314 1118 4366 crimen
1158 4319 1264 4381 est,
1318 4313 1490 4382 inquit
1533 4314 1691 4385 epist.
1745 4313 1849 4381 75,
1897 4330 1983 4367 ar—

381 4413 572 4474 gvatttr
625 4412 676 4458 et
720 4408 980 4476 confessor
1044 4403 1277 4459 Hilarius
1328 4420 1347 4458 :
1392 4415 1442 4460 et
1482 4406 1642 4476 epist.
1683 4407 1751 4460 62
1799 4425 1812 4460 :
1868 4403 1982 4461 Hoc

381 4509 487 4550 non
538 4498 674 4550 solus
719 4511 812 4568 ego
857 4497 986 4568 feci,
1047 4498 1137 4550 sed
1178 4503 1226 4552 et
1279 4497 1542 4567 confessor
1599 4495 1871 4565 Hilarius;
1917 4513 1978 4552 ac
2005 4549 2026 4568 _.

2079 3286 2180 3342 hac
2235 3287 2469 3357 quippe,
2517 3293 2570 3339 ut
2609 3285 2815 3341 Gillotii
2867 3285 3046 3341 verbis
3093 3293 3339 3352 utamur,
3388 3287 3675 3343 vanissimis

2079 3378 2561 3449 contumeliosisque
2607 3378 3023 3449 digressionibus,
3078 3385 3204 3448 quas
3252 3380 3490 3449 gratiosis
3519 3396 3678 3434 excu-

2079 3470 2360 3524 sationibus
2378 3471 2604 3535 involvit,
2637 3470 2864 3540 plurima
2898 3469 3087 3523 Hilarii
3115 3471 3253 3525 dicta
3281 3483 3538 3543 gestaque
3554 3473 3678 3527 sini-

2080 3573 2247 3619 SIram
2299 3562 2350 3616 iu
2379 3574 2586 3632 partem
2634 3561 2714 3616 sic
2757 3561 3164 3632 interpretatur,
3217 3569 3275 3617 ut
3313 3563 3556 3619 videatur
3609 3579 3676 3620 ex

2082 3653 2319 3709 liberiori
2367 3654 2595 3725 quadam
2637 3652 2890 3723 carpendi
2936 3661 3180 3708 sanctum
3236 3655 3411 3709 virum
3462 3655 3678 3710 licentia

2080 3750 2303 3821 gloriam
2329 3747 2429 3805 sibi
2451 3749 2896 3803 facerevoluissc.
2915 3747 3072 3804 Modo
3098 3751 3239 3804 enim
3266 3745 3489 3805 Arianos
3517 3766 3682 3807 excu-

2083 3855 2195 3909 sat,
2226 3859 2331 3916 quo
2363 3845 2504 3914 pium
2535 3842 2822 3898 Praesuletu
2848 3843 3025 3898 acrius
3058 3843 3300 3898 mordeat
3331 3863 3344 3896 ι
3375 3844 3536 3899 modo
3559 3861 3678 3914 qua:

2082 3937 2330 3990 virtutem
2363 3939 2412 3989 in
2446 3950 2511 3990 eo
2537 3937 2764 4004 spirant,
2794 3935 2920 3988 vitio
2948 3935 3153 3989 tribuit.
3201 3933 3300 3990 Ubi
3329 3935 3423 3990 ille
3450 3949 3676 3990 summa:

2085 4024 2597 4081 tnoderatiouissute
2628 4025 2785 4078 lidetn
2805 4023 2930 4078 hinc
2953 4023 3126 4079 facere
3143 4033 3388 4091 conatur,
3409 4023 3553 4095 quod
3580 4039 3675 4093 per

2084 4127 2253 4174 totum
2299 4117 2471 4173 exsilii
2505 4127 2714 4186 tempus
2747 4116 2876 4170 nihil
2906 4121 3090 4170 contra
3135 4115 3365 4170 Arianas
3392 4122 3573 4188 partes
3598 4115 3677 4171 fa-

2083 4225 2291 4266 mosum
2321 4219 2411 4263 aut.
2455 4207 2734 4279 scripserit
2763 4216 2855 4262 aut
2894 4206 3127 4272 dixerit;
3178 4223 3296 4262 eam
3325 4207 3486 4263 etiam
3531 4208 3680 4280 ﬁngit

2084 4301 2340 4357 Erasmus
2362 4311 2467 4355 tam
2496 4301 2731 4354 diutttrni
2752 4300 3208 4366 silentiicausam,
3249 4302 3385 4368 quod
3429 4301 3482 4354 in
3536 4305 3678 4357 tanto

2084 4393 2498 4448 muttdidissidio
2546 4391 2784 4446 nonnihil
2831 4391 3107 4463 ambigeret
3155 4393 3294 4447 illius
3339 4395 3538 4448 animus
3566 4411 3680 4465 quas

2083 4499 2200 4541 vero
2250 4485 2378 4554 ﬁdes
2430 4493 2561 4537 esset
2588 4485 2606 4552 (
2633 4481 2748 4536 Lib.
2792 4489 2844 4538 vt
2888 4483 2951 4537 de
2999 4482 3145 4538 Trin.
3173 4529 3187 4553 ,
3232 4502 3285 4537 η.
3343 4483 3458 4551 21).
3515 4485 3682 4554 Quasi

382 4592 603 4646 deorum
635 4559 793 4660 epist.
826 4559 948 4656 lbi,
975 4559 1098 4644 cum
1123 4589 1222 4662 ipsi
1248 4559 1558 4661 suppeteret
1591 4591 1735 4647 ttnde
1758 4605 1816 4646 se
1843 4559 1980 4646 nm]-
2005 4559 2062 4625 D
2091 4596 2218 4636 vero
2267 4579 2332 4634 de
2363 4577 2466 4634 lide
2506 4577 2586 4633 vel
2633 4577 2910 4632 minimum
2950 4576 3228 4634 dubitasse
3256 4575 3558 4634 credendus
3588 4580 3682 4646 sit,

383 4689 564 4738 torum
593 4683 844 4752 exemplo
887 4691 1160 4748 tueretur,
1210 4697 1372 4738 unum
1428 4683 1530 4738 hoc
1565 4683 1823 4754 protulit:
1856 4685 1985 4756 Suf-

384 4777 495 4847 ﬁcit
539 4779 594 4830 in
651 4778 890 4848 prwssnti
928 4777 1215 4832 nominasse
1277 4775 1540 4832 Hilarium
1619 4781 1979 4851 confessorem.

458 4870 513 4923 ι.
549 4865 653 4938 Ipsi
681 4871 842 4924 etiam
873 4867 1070 4937 Graeci,
1103 4871 1155 4924 in
1183 4869 1465 4926 laudandis
1499 4870 1702 4926 Latinis
1733 4871 1983 4942 quamvis

385 4961 690 5032 parcissimi
721 5003 734 5025 ,
771 4961 837 5016 ab
870 4959 1015 5017 illius
1056 4972 1232 5018 tamen
1267 4963 1424 5017 laude
1459 4963 1680 5019 minime
1711 4963 1985 5018 abstinue-

386 5066 537 5111 runt.
561 5055 698 5110 Eum
724 5069 844 5109 cum
869 5056 936 5109 ob
959 5057 1298 5111 sanctitatem
1324 5057 1471 5123 vitm,
1502 5065 1612 5111 tum
1639 5056 1708 5111 ob
1727 5055 1986 5111 doctrinm

387 5153 554 5216 atque
589 5147 912 5218 eloquentia!
949 5149 1311 5218 praenuntiam
1359 5151 1570 5220 egregie
1611 5149 1990 5204 commendant

385 5243 643 5297 Socrates
663 5240 756 5295 ιιιη.
785 5247 864 5306 ιιι,
887 5255 939 5296 ‘e.
965 5240 1052 5307 10;
1077 5241 1408 5298 Sozomenus
1433 5241 1527 5296 lib.
1555 5251 1630 5308 tu,
1656 5254 1704 5296 c.
1734 5241 1871 5298 lict
1900 5242 1988 5308 15,

388 5337 607 5388 nectunt
633 5333 726 5388 ιιι).
752 5347 808 5399 v,
835 5341 884 5388 c.
919 5333 1005 5388 13.
1036 5331 1373 5403 Nicephorus
1401 5333 1619 5389 Callisti
1653 5333 1746 5390 lib.
1777 5350 1830 5395 ιι,
1865 5350 1980 5401 cap.

391 5425 486 5478 17.
511 5425 686 5496 ipsius
714 5426 876 5481 etiam
905 5425 1226 5482 testimoniis
1261 5426 1401 5482 dicta
1430 5439 1523 5481 sua
1564 5426 1778 5482 firmant
1812 5425 1992 5480 Theo-

388 5516 617 5572 doreus
648 5517 785 5571 Dial.
820 5516 890 5583 2;
929 5516 1188 5586 Ephrem.
1227 5517 1532 5587 Tthpolit.
1557 5519 1695 5588 apud
1742 5515 1990 5573 PhOtium

393 5613 535 5677 me
597 5608 725 5670 807,
771 5609 858 5663 ubi
899 5608 1250 5664 Gabalitarum
1294 5611 1566 5682 episcopus
1615 5610 1748 5665 falso
1790 5623 1996 5666 nuncn—

393 5709 579 5770 pntar.
623 5702 760 5766 Quin
792 5707 849 5756 et
877 5701 1320 5758 Chalccdnttense
1355 5701 1639 5757 concilium
1687 5717 1793 5758 non
1837 5703 1999 5758 modo

392 5799 507 5847 aet.
533 5803 579 5858 ι,
605 5799 721 5863 pag.
754 5794 883 5860 διο,
917 5803 971 5850 et
991 5800 1097 5851 act.
1123 5805 1198 5859 ιι,
1229 5805 1351 5867 pag.
1378 5791 1484 5852 3110
1509 5838 1522 5862 ,
1553 5799 1694 5852 Inter
1719 5809 1812 5852 eos
1846 5794 1997 5851 illum

2088 4675 2178 4748 qui
2217 4688 2274 4730 se
2323 4687 2419 4745 pro
2457 4673 2568 4744 ipsa
2629 4672 2825 4728 tuenda
2876 4671 3142 4727 commori
3199 4687 3394 4742 posse,
3463 4689 3562 4729 nec
3613 4674 3682 4730 ab

2089 4781 2150 4826 ea
2204 4785 2362 4841 posse
2407 4769 2512 4824 ulla
2574 4769 2779 4823 ratiOne
2833 4766 3011 4823 divelli
3065 4777 3119 4822 et
3162 4766 3297 4823 dixit
3347 4778 3402 4824 et
3452 4785 3577 4824 vere
3623 4784 3684 4824 se

2091 4865 2293 4920 dixisse
2341 4871 2445 4918 tam
2480 4861 2638 4932 longo
2676 4872 2890 4931 tamque
2919 4861 3172 4915 diuturno
3221 4860 3412 4915 exsilio
3447 4876 3510 4917 ac
3537 4860 3682 4916 mul-

2092 4959 2158 5012 tis
2206 4957 2324 5012 aliis
2377 4955 2632 5027 praeclare
2684 4955 2848 5025 gestis
2900 4954 3300 5009 evidentissitne
3357 4954 3682 5025 comproba-

2091 5058 2188 5110 vit.
2220 5054 2357 5124 Quid
2409 5052 2564 5118 illud,
2616 5051 2758 5123 quod
2809 5067 2929 5106 cum
2983 5050 3095 5104 sola
3141 5047 3340 5104 Christi
3397 5066 3580 5116 causa,
3627 5056 3688 5103 ut

2093 5150 2363 5204 silentium
2395 5154 2691 5216 rumperet,
2726 5151 3028 5214 permotum
3081 5157 3139 5196 se
3182 5151 3406 5196 testatur
3453 5139 3688 5196 Hilarius

2097 5239 2187 5312 (In
2217 5239 2506 5305 Constanl.,
2539 5255 2592 5292 η.
2621 5237 2656 5292 2
2682 5248 2737 5292 et
2785 5236 2870 5307 5),
2925 5235 3180 5290 Erasmus
3212 5235 3322 5289 vult
3361 5235 3461 5290 ltoc
3490 5235 3692 5291 factum

2096 5345 2218 5388 esse
2245 5329 2416 5385 eXsilii
2450 5327 2821 5398 impatientia?
2845 5325 2937 5380 llis
2964 5326 3188 5394 aliisqde
3221 5323 3495 5393 indicavit,
3529 5342 3690 5381 num-

2098 5435 2257 5493 quam
2306 5419 2407 5475 sibi
2452 5419 2583 5474 satis
2625 5426 2810 5472 notum
2847 5415 3014 5472 fuisse
3045 5415 3321 5470 fortissimi
3366 5418 3697 5474 confessoris

2100 5515 2362 5579 animum,
2410 5524 2578 5581 seque
2627 5509 2769 5562 illius
2808 5509 3006 5577 Opera,
3039 5509 3089 5562 in
3133 5508 3328 5578 quibus
3373 5508 3696 5581 intrepidam

2105 5607 2228 5662 fidei
2279 5619 2390 5659 sum
2420 5601 2778 5658 constantiam
2812 5599 3010 5670 ubique
3049 5602 3304 5671 graphice
3343 5602 3698 5674 consignavit,

2145 5719 2257 5848 5Si)
2301 5717 2614 5804 Recenselur.
2637 5716 2767 5769 inter
2803 5715 2958 5771 libros
2997 5732 3212 5770 censura
3242 5727 3441 5773 notatos
3478 5718 3541 5773 ab
3567 5736 3704 5774 anno

2215 5790 2248 5846 4
2267 5791 2333 5845 ad
2359 5803 2446 5845 un.
2477 5785 2633 5842 1530.

2112 5785 2249 5846 ιδιι
2267 5791 2333 5845 ad
2359 5803 2446 5845 un.
2477 5785 2633 5842 1536.
