4232 6256
551 261 621 318 15
1459 267 1464 271 ‘
1800 242 2175 305 PR/EFATIO
2213 240 2629 303 GENERALIS.
3780 237 3853 294 16

547 375 826 432 festinanti
868 373 1048 430 animo
1077 371 1338 442 attigisse.
1386 368 1522 424 Hinc
1554 381 1659 421 non
1701 365 1832 420 satis
1860 372 2142 418 accuratus
2169 362 2224 422 Α
2247 378 2365 432 qua!
2391 363 2654 416 adversus
2686 358 2944 414 Hilarium
2996 357 3284 412 diaconum
3324 353 3592 425 baptisma
3622 352 3846 409 haereti-

552 472 843 527 lectionum
867 469 1132 524 delectus.
1164 481 1308 534 szrpe
1335 463 1494 519 etiam
1527 463 1820 532 neglectus.
1851 458 1983 512 Hinc
2012 473 2150 527 prat-

557 577 792 633 propera
826 561 966 614 illius
993 559 1060 612 de
1087 556 1326 611 doctoris
1373 555 1540 609 nostri
1581 553 1828 620 scriptis,
1867 551 2106 604 doctrina
2131 589 2146 611 ,

552 656 743 726 gestis,
779 653 1041 715 morilms,
1075 661 1129 707 et
1158 651 1474 720 plerumque
1502 649 1631 702 falsa
1657 646 1876 715 judicia.
1911 643 2151 698 Hominis

552 749 738 804 multis
791 747 1034 814 occupati
1088 746 1338 801 lubenter
1381 757 1707 800 excusamus
1762 741 1963 810 lapsus,
2009 739 2151 792 ultro

553 845 716 898 etiam
759 842 976 896 silentio
1008 857 1415 910 premeremus,
1450 839 1551 893 nisi
1583 848 1719 892 natm
1755 835 1880 890 inde
1905 834 2151 905 quaedam

554 936 843 1005 opiniones
871 934 1076 988 Hilario
1122 932 1528 988 contumeliosa:
1572 931 1924 998 plurimorum
1960 927 2152 982 animis

551 1030 714 1084 altius
744 1027 1094 1083 insedissent.
1139 1027 1475 1094 Quamquam
1522 1039 1682 1078 nemo
1720 1039 1842 1077 eum
1873 1021 2033 1075 facile
2060 1037 2155 1075 ex-

553 1129 798 1176 cusatum
828 1119 1046 1182 habeat,
1083 1118 1226 1186 quod
1256 1119 1308 1172 in
1344 1116 1570 1172 dicenda
1598 1115 1668 1170 de
1707 1114 1871 1170 rebus
1901 1113 2154 1183 gravissi-

555 1214 660 1268 mis
683 1211 954 1268 sententia
979 1221 1083 1265 tam
1115 1210 1288 1265 facilis
1312 1217 1527 1276 tamque
1557 1222 1796 1276 praeceps
1820 1206 1999 1261 luerit.
2023 1204 2154 1271 Quis

552 1309 697 1364 enim
729 1323 852 1362 eum
888 1321 994 1359 non
1026 1304 1282 1370 damnet,
1315 1301 1457 1372 quod
1499 1301 1754 1371 quidquid
1797 1299 2154 1369 Hierooymus

551 1409 740 1454 centra
789 1397 1046 1451 Hilarium
1076 1396 1359 1449 diaconum
1390 1393 1792 1448 Liicilerianttni
1835 1391 2054 1455 scribit,
2087 1390 2152 1443 ad

553 1491 818 1545 Hilarium
860 1489 1230 1544 Pictavensem
1261 1486 1574 1555 episcopum
1607 1485 1826 1544 referat,
1861 1483 1981 1536 licet
2010 1490 2157 1551 post-

554 1583 778 1637 modum
808 1583 1034 1636 fateatur
1056 1595 1113 1633 se
1142 1580 1400 1633 incertum
1429 1593 1572 1640 esse,
1599 1594 1666 1629 an
1699 1575 1956 1629 adversus
1979 1574 2150 1644 ipsum

548 1672 863 1743 Hieronymi
891 1671 1030 1725 diela
1055 1669 1399 1738 intelligenda
1429 1669 1577 1722 sint?
1605 1667 1673 1723 Ut
1697 1667 1839 1720 enim
1881 1665 2154 1720 mittamus

2251 469 2436 509 corum
2476 469 2581 508 non
2612 452 2962 520 recipientem
3007 450 3367 520 Hieronymus
3407 448 3622 514 dialogo
3659 458 3852 500 contra

2253 545 2488 601 Lucifer.
2519 543 2757 614 seripsit.
2792 543 3183 598 Animadvertit
3213 539 3428 610 quidem
3476 539 3723 594 Griumus
3756 538 3854 592 ob-

2249 637 2437 706 jcctart
2490 637 2588 691 sibi
2641 651 2818 704 posse,
2852 650 2976 689 emn
3013 633 3082 686 ibi
3115 633 3181 686 ah
3213 632 3541 702 Hieronymo
3586 629 3849 683 Hilarium
3899 697 3902 700 .

2254 728 2451 792 notari,
2484 728 2572 797 qui
2604 727 2652 780 in
2683 725 2892 781 diaconi
2927 741 3145 779 munere-
3169 723 3454 778 deluuctus
3475 721 3540 776 ad
3571 724 3853 791 episcopa-

2255 830 2365 875 tum
2410 837 2698 890 numquam
2742 820 3093 890 pervenerit:
3126 818 3218 873 sed
3260 817 3446 872 brevis
3493 817 3542 871 ei
3589 815 3854 872 succurrit

2255 912 2610 982 espeditaque
2637 913 2938 981 responsio,
2965 910 3219 967 mendum
3250 911 3300 963 in
3337 909 3650 981 Hieronymi
3684 909 3853 964 libros

2256 1003 2556 1074 irrepsisse.
2593 1003 2708 1057 Non
2737 1003 2954 1057 levioris
2993 1003 3248 1056 momenti
3280 1013 3382 1068 est,
3407 1001 3549 1071 quod
3583 1002 3632 1056 in
3662 1001 3852 1057 eadem

2256 1100 2360 1153 vita
2392 1099 2601 1163 asserit,
2649 1097 2894 1170 quosdam
2924 1113 2986 1152 ea:
3015 1094 3084 1149 D.
3137 1095 3327 1150 Hilarii
3372 1095 3587 1166 collegio
3628 1095 3852 1162 sodales,

2254 1193 2357 1246 sive
2411 1190 2699 1246 Canonicos
2766 1207 2893 1261 quos
2946 1201 3147 1255 vocant,
3201 1189 3425 1243 extitisse
3465 1190 3553 1258 qui
3595 1189 3850 1253 dicerent,

2256 1284 2407 1338 licere
2449 1284 2575 1352 ipsis
2617 1282 2913 1336 Itonorabile
2943 1283 3238 1352 conjugium
3268 1281 3567 1335 contrahere
3606 1297 3668 1334 ea:
3702 1281 3854 1334 insti-

2257 1386 2365 1428 tuto
2410 1374 2622 1438 Hilarii,
2660 1375 2742 1443 qui
2772 1375 2930 1445 legem
2961 1375 3024 1427 de
3051 1374 3283 1428 caelibatu
3307 1374 3414 1428 suis
3453 1375 3660 1427 minime
3689 1375 3857 1444 scrip-

2254 1470 2442 1534 sisset,
2495 1477 2600 1522 tam
2651 1469 2831 1538 gravis
2871 1469 3184 1523 assertionis
3238 1468 3360 1522 audi
3421 1468 3652 1536 lepidam
3726 1484 3855 1540 pro-

2255 1561 2550 1625 bationem,
2587 1573 2639 1615 ut
2670 1561 2795 1614 mihi
2840 1563 3064 1615 narravit
3113 1563 3187 1616 vir
3229 1563 3546 1616 clarissimus
3592 1561 3857 1633 Gasparus

2259 1652 2544 1724 Ilervagius
2570 1653 2624 1706 ¹Ι.
2664 1652 2730 1707 U.
2765 1655 3170 1708 consultissimus
3216 1664 3262 1707 et
3310 1654 3502 1708 anticus
3529 1671 3687 1708 meus.
3723 1655 3854 1722 Qni—

549 1763 694 1832 quod
729 1779 834 1816 ηυι,
868 1761 1157 1816 admndum
1189 1762 1431 1815 abstrusa
1463 1768 1580 1814 erat
1613 1758 1770 1828 huius
1800 1759 1876 1812 πεί
1921 1773 2141 1828 pel-cep,
2175 1744 2222 1804 B
2253 1745 2352 1799 bus
2380 1747 2598 1816 ineptiis
2623 1745 2986 1811 conlutandis,
3009 1747 3241 1817 aliisque
3271 1745 3575 1802 referendis
3603 1763 3857 1818 supersc-

550 1857 647 1918 tio,
674 1866 820 1910 certe
843 1855 911 1910 ab
938 1858 1142 1909 incerto
1171 1854 1223 1908 in
1246 1852 1568 1907 catholicum
1600 1851 1857 1906 Ecclesim
1874 1851 2147 1906 doctorem

545 1964 613 2004 ac
665 1948 1005 2003 delenSorem
1059 1946 1353 2015 prad'ractae
1409 1945 1634 2000 haeresis
1701 1944 1936 2015 suspicio
1991 1945 2148 1999 nullo

549 2050 711 2111 pacto
742 2039 1027 2109 injicienda
1070 2051 1206 2094 erat.
1255 2039 1403 2093 Hanc
1437 2038 1642 2093 Erasmi
1673 2038 1965 2092 editionem
2006 2053 2148 2092 anno

551 2133 695 2188 1523
749 2131 1143 2202 Bastleaztypis
1173 2131 1286 2185 suis
1316 2130 1603 2185 adornavit
1633 2129 1933 2184 Frobenius
1966 2147 1978 2181 :
2008 2129 2148 2199 apud

547 2239 742 2292 quem,
787 2224 1002 2289 adjecto
1059 2225 1120 2276 de
1181 2221 1355 2276 Patris
1393 2233 1440 2276 et
1494 2220 1617 2275 Filii
1666 2223 1863 2275 unitate
1917 2221 2147 2291 pseudo-

548 2315 825 2378 Tractatu,
854 2330 996 2369 anno
1026 2314 1168 2369 1555
1195 2329 1384 2368 recusa
1411 2323 1514 2368 est.

613 2408 666 2462 7.
713 2407 920 2462 Erasmi
965 2417 1142 2462 tamen
1189 2407 1426 2461 laborem
1461 2406 1751 2476 plurimum
1783 2406 2148 2463 laudavitLu—

540 2501 766 2558 dovicus
806 2502 1044 2564 Miratus,
1092 2501 1206 2569 ipse
1249 2500 1523 2569 diligentia
1569 2498 1714 2552 vicit.
1750 2497 1881 2553 Nam
1933 2497 2149 2567 setiptis

542 2593 947 2662 exemplaribus
967 2602 1217 2647 accurate
1241 2592 1475 2656 collatis,
1499 2589 1758 2661 quidquid
1783 2592 1833 2644 in
1857 2591 1937 2644 eis
1962 2607 1990 2642 a
2019 2590 2151 2644 Fro-

539 2685 773 2741 beniana
805 2683 1041 2739 editione
1090 2683 1362 2738 diversum
1415 2695 1604 2736 nactus
1649 2692 1754 2747 est,
1789 2697 1894 2735 non
1938 2681 2150 2738 minore

538 2794 668 2834 cura
703 2778 925 2832 notavit.
960 2777 1227 2832 Plurimos
1269 2776 1484 2831 codices
1535 2777 1679 2830 mine
1725 2777 2044 2844 antiquitatis
2089 2793 2147 2832 sc

538 2870 842 2927 contulisse
899 2879 1147 2934 testatur,
1204 2884 1341 2922 unos
1390 2869 1632 2923 nominat
1675 2867 2001 2934 Victorinus,
2057 2873 2146 2938 qui

539 2974 688 3019 certe
717 2963 1052 3032 antiquitatis
1083 2963 1236 3016 titulo
1284 2978 1314 3016 a
1368 2963 1551 3016 multis
1592 2963 1748 3033 longe
1787 2974 2142 3032 superantur.

541 3054 621 3110 Es
650 3055 838 3112 eadem
863 3055 920 3111 S.
957 3055 1187 3109 Victoris
1215 3054 1540 3108 bibliotheca
1563 3056 1703 3109 eruit
1735 3056 1926 3111 librum
1957 3057 2024 3112 de
2054 3073 2144 3112 es-

2253 1839 2465 1894 demus.

2328 1931 2412 1986 '10.
2457 1930 2526 1988 Ut
2556 1933 2786 2002 primum
2818 1932 3123 2002 hujusmudi
3152 1932 3316 1987 vitam
3343 1976 3357 1997 ,
3390 1933 3547 2005 eique
3575 1933 3856 1990 adhaeren-

2254 2033 2359 2078 tem
2397 2023 2602 2078 Erasmi
2627 2026 2995 2096 praelationem
3022 2027 3250 2097 perlegit
3274 2026 3542 2094 Gillotius,
3571 2038 3857 2098 utrumque

2252 2132 2410 2186 opus,
2429 2117 2842 2173 utsanCtissimo
2863 2120 3075 2190 prsesuli
3097 2120 3576 2186 contumeliosum,
3593 2137 3654 2175 ac
3669 2121 3856 2191 pietati

2251 2212 2527 2267 catholicm
2551 2214 2706 2268 valde
2735 2215 2976 2280 noxium,
3007 2230 3037 2267 a
3063 2213 3372 2270 chris-tinnis
3393 2215 3688 2270 lcetoribus
3715 2215 3857 2284 abji-

2251 2306 2501 2362 ciendmn
2553 2306 2832 2377 judicavit.
2866 2307 2983 2378 lpsc
3019 2308 3257 2376 melioris
3297 2309 3405 2363 voti
3455 2325 3678 2378 compos
3709 2325 3858 2364 com-

2253 2403 2637 2455 mentationem
2667 2402 2745 2456 eis
2775 2402 3072 2466 substituit,
3117 2403 3168 2456 in
3213 2419 3316 2473 qua
3349 2403 3580 2473 primum
3629 2404 3851 2457 veniunt

2251 2509 2371 2560 qua:
2401 2492 2468 2546 ad
2498 2492 2682 2547 Hilarii
2716 2493 2994 2548 historiam
3025 2502 3291 2563 spectant,
3324 2509 3388 2550 ex
3421 2493 3566 2549 illius
3591 2494 3853 2550 aliorum-

2250 2602 2356 2656 que
2387 2597 2628 2640 veterum
2658 2588 2872 2656 scriptis
2899 2587 3162 2653 collecta;
3200 2598 3308 2642 tum
3337 2589 3402 2643 de
3432 2588 3601 2659 ipsius
3623 2590 3762 2661 stylo
3798 2601 3855 2645 et

2250 2679 2468 2748 scriptis
2495 2679 2742 2744 disserit;
2776 2695 2840 2735 ac
2871 2690 3144 2749 postremo
3188 2681 3331 2736 locos
3359 2692 3641 2750 suSpectos
3677 2693 3849 2748 notat,

2250 2781 2302 2825 et
2331 2781 2588 2841 quantum
2637 2782 2812 2842 potest
2861 2773 3088 2843 benigne
3126 2774 3505 2842 interpretatur
3540 2791 3552 2826 :
3586 2789 3722 2843 Opus
3752 2790 3853 2846 pro

2250 2863 2336 2916 illa
2368 2872 2526 2918 :etate
2555 2865 2881 2934 exquisitum
2910 2877 2964 2919 et
2991 2866 3149 2920 laude
3178 2865 3415 2935 dignum,
3446 2867 3690 2936 quamvis
3725 2883 3850 2934 per-

2252 2956 2415 3008 multa
2446 2955 2497 3008 in
2526 2971 2591 3010 eo
2623 2957 2860 3025 reperire
2889 2958 2992 3023 sit,
3024 2973 3142 3028 quae
3176 2957 3414 3012 historizn
3455 2957 3566 3027 jam
3598 2958 3851 3014 limatiori

2250 3057 2411 3120 atque
2474 3050 2796 3104 accuratiori
2861 3050 3191 3105 assuefactos
3255 3051 3497 3106 nonnihil
3554 3051 3846 3108 olleudant.

539 3151 716 3206 sentia
744 3150 922 3202 Patris
959 3159 1011 3202 et
1045 3148 1188 3214 Filii,
1221 3148 1354 3201 duas
1383 3149 1448 3200 ad
1484 3148 1837 3218 Augustinum
1865 3149 2144 3216 epistolas,
2177 3126 2222 3188 C
2253 3141 2701 3198 CommentatiOni
2737 3143 2860 3198 huic
2885 3144 3072 3198 Hilarii
3119 3145 3324 3213 aliquot
3367 3145 3560 3216 elogia,
3594 3161 3656 3201 ac
3686 3148 3849 3202 vitam

539 3257 606 3296 ac
633 3241 861 3295 Metrum
905 3241 958 3293 in
1001 3237 1254 3294 Genesim
1303 3256 1316 3290 :
1366 3254 1486 3308 quae
1515 3253 1637 3293 cum
1669 3240 1915 3308 genuinis
1961 3240 2145 3296 Hilarii

540 3333 809 3404 Operilms
837 3347 980 3385 anno
1023 3330 1161 3386 1544
1208 3331 1429 3386 Parisiis
1459 3332 1599 3402 apud
1656 3331 1870 3386 viduam
1899 3331 2144 3388 Carolam

542 3425 751 3481 Guillar
777 3422 964 3478 excudi
995 3423 1222 3478 curavit.

614 3517 666 3572 8.
714 3516 839 3571 llaec
863 3515 1030 3570 Mirari
1076 3514 1243 3570 editio
1281 3515 1543 3580 omnium,
1586 3531 1705 3585 qua:
1757 3526 1882 3572 ante
1929 3527 1984 3573 et
2028 3528 2149 3588 post

541 3610 812 3678 prodiere,
847 3609 974 3664 licet
1003 3617 1190 3664 nostro
1229 3609 1432 3679 judicio
1475 3611 1809 3677 castigatior,
1853 3612 1922 3666 ita
1968 3623 2143 3668 tamen

539 3717 664 3756 rara
694 3709 798 3768 est,
845 3712 902 3756 ut
947 3701 1187 3756 lttSll‘alis
1210 3701 1456 3770 pluribus
1486 3702 1742 3756 l’arisinis
1777 3703 2142 3773 bibliothecis,

540 3811 659 3851 eam
688 3795 940 3866 detegere
985 3811 1086 3850 nos
1132 3810 1287 3863 posse
1312 3795 1424 3864 jam
1471 3796 1909 3867 desperaremus.
1938 3815 2058 3854 cum
2092 3803 2143 3855 in

540 3904 739 3960 magno
783 3887 1192 3942 Carmelitarum
1241 3888 1521 3944 Couvcntu
1575 3891 1915 3948 oll‘endimus.
1969 3893 2037 3948 Et
2083 3911 2144 3950 ea

539 3982 755 4054 quidem
793 3981 1060 4051 neglecta,
1095 3981 1262 4036 immo
1299 3996 1398 4037 nec
1425 3991 1747 4050 memorata,
1781 3983 1964 4039 llilarii
1991 3986 2144 4042 lucu-

537 4077 838 4140 bratioaes,
872 4075 1061 4144 qualos
1085 4073 1153 4128 ab
1184 4073 1410 4127 Erasmo
1442 4073 1778 4142 prodierant.
1810 4077 1969 4130 tertio
1999 4077 2147 4132 Basi-

539 4168 642 4224 lea:
682 4166 824 4236 apud
871 4166 1198 4221 Frobenium
1229 4180 1372 4218 anno
1408 4165 1566 4224 1550.
1601 4165 1834 4236 vulgata:
1866 4177 1990 4221 sunt
2020 4169 2148 4238 vigi-

540 4260 825 4313 lantissime
866 4269 913 4311 et
957 4259 1025 4310 ad
1065 4258 1216 4326 plura
1253 4257 1572 4325 exemplaria
1621 4274 1710 4328 per
1756 4257 1825 4311 Β.
1860 4256 2146 4312 Martinam

541 4351 796 4422 Lypsium
836 4350 1025 4403 collata
1065 4357 1112 4401 et
1154 4350 1434 4420 recognita.
1481 4348 1668 4419 Neque
1707 4350 1950 4417 neganda
1981 4352 2142 4406 estin

544 4440 760 4497 mendis
789 4441 984 4511 typicis
1007 4441 1372 4494 emaculandis
1399 4439 1580 4511 Lypsii
1607 4443 1881 4511 vigilantia
1916 4459 1929 4495 :
1962 4443 2057 4497 scd
2089 4443 2142 4497 in

2252 3252 2348 3306 per
2375 3237 2759 3309 Hieroiiymom
2801 3252 2867 3292 ex
2916 3236 3008 3290 lib.
3038 3237 3104 3291 de
3131 3237 3329 3308 Script.
3360 3240 3495 3293 cccl.
3529 3255 3622 3308 per
3658 3239 3850 3294 Furtu-

2250 3341 2432 3384 natum
2464 3339 2517 3384 et
2546 3329 2862 3400 Gregorium
2906 3329 3106 3384 Turon.
3156 3345 3365 3385 necnon
3417 3331 3564 3386 Petri
3611 3333 3850 3388 ltamiani

2249 3418 2316 3474 de
2349 3421 2697 3476 translatione
2727 3421 2787 3477 S.
2824 3421 3008 3475 llilarii
3046 3422 3363 3478 Sermonem
3405 3423 3602 3492 adjecit
3641 3443 3653 3478 :
3686 3425 3851 3481 libros

2249 3523 2426 3568 autem
2456 3513 2525 3569 de
2555 3515 2813 3581 essentia,
2843 3529 2905 3569 ac
2934 3513 3000 3568 de
3033 3513 3235 3569 unitate
3261 3515 3433 3570 Patris
3453 3525 3508 3571 et
3535 3517 3653 3572 Filii
3677 3559 3691 3578 .
3723 3534 3852 3573 cen-

2252 3607 2463 3661 tonibus
2503 3607 2784 3661 dumtaxat
2811 3623 2876 3662 ex
2917 3608 3112 3676 quibus
3157 3615 3408 3662 constant
3450 3610 3667 3675 notatis,
3725 3625 3852 3681 sup-

2250 3699 2466 3768 pressit.
2501 3701 2578 3754 Ac
2609 3699 2823 3754 demum
2857 3700 2909 3753 in
2942 3699 3241 3754 indicandis
3292 3700 3561 3771 plerisque
3608 3701 3854 3772 Scriptu-

2249 3806 2428 3845 rarum
2461 3792 2594 3846 locis
2616 3807 2766 3846 suam
2801 3792 3046 3862 probavit
3075 3793 3408 3863 diligentiam
3444 3811 3456 3846 :
3488 3804 3544 3848 at
3583 3794 3852 3851 illibatum

2251 3900 2472 3954 prorsos
2502 3885 2717 3954 reliquit
2739 3885 2925 3941 Hilarii
2958 3895 3159 3940 textum
3189 3886 3238 3939 in
3267 3901 3426 3956 quem
3455 3885 3616 3941 etiam
3646 3887 3851 3942 incuria

2247 3975 2481 4042 Nivellii,
2498 3978 2586 4048 qui
2610 3976 2749 4032 hanc
2769 3979 3060 4032 editionem
3085 3993 3172 4032 an.
3203 3978 3344 4033 1572
3361 3979 3500 4049 typis
3516 3980 3853 4050 elegantibus

2248 4068 2343 4123 sed
2367 4085 2526 4124 manu
2558 4071 2734 4125 minus
2770 4080 3018 4126 accurata
3063 4071 3365 4140 adornavit,
3398 4073 3590 4129 menda
3615 4074 3854 4145 irrepse-

2248 4173 2376 4219 runt
2404 4180 2508 4219 non
2542 4180 2734 4234 pauca.

2323 4257 2409 4310 ll.
2453 4256 2691 4312 Tandem
2743 4267 2802 4313 ut
2845 4259 3062 4328 puriora
3130 4269 3186 4315 et
3250 4259 3552 4331 limpidiora
3600 4261 3852 4319 Rhodani

2249 4348 2409 4420 hujus
2428 4351 2608 4406 latinae
2624 4351 2944 4422 eloquentia:
2961 4355 3162 4408 llucnta
3181 4354 3512 4421 laberentur,
3530 4371 3672 4410 anno
3686 4355 3848 4420 1605,

2249 4443 2484 4497 animum
2525 4443 2776 4513 adjecere
2807 4445 3125 4516 typographi
3174 4447 3537 4513 Parisienses;
3580 4464 3611 4503 a
3655 4449 3852 4520 quibus

541 4532 928 4603 conquirendis
983 4545 1048 4586 ac
1094 4530 1441 4586 recensendis
1483 4547 1612 4587 mss.
1663 4549 1847 4586 curam
1897 4517 2372 4606 posuissquuid
2419 4551 2486 4592 eo
2536 4537 2586 4590 in
2631 4537 2845 4606 negotio
2886 4539 3183 4608 pra'stilum
3230 4541 3319 4607 sit,
3364 4556 3506 4596 nunc
3542 4517 3848 4597 audiamus.

541 4627 759 4681 videtur
780 4626 938 4695 longe
971 4625 1256 4686 minorem,
1289 4639 1448 4692 quam
1492 4624 1544 4678 in
1588 4627 1959 4695 eXCOgilandis
2010 4644 2142 4683 con-

540 4719 786 4790 iecturis,
844 4719 895 4772 in
955 4717 1150 4789 quibus
1201 4733 1309 4770 non
1353 4732 1588 4787 semper,
1641 4718 1806 4774 immo
1855 4736 1978 4775 raro
2017 4723 2144 4778 felix

542 4812 662 4865 fuit.

613 4905 670 4958 9.
711 4903 918 4958 Nemini
948 4904 1209 4959 hactenus
1248 4910 1470 4957 venerat
1510 4903 1559 4955 in
1593 4912 1851 4970 mentem,
1888 4916 1944 4961 ut
1976 4908 2138 4964 vitam

540 4999 732 5054 Hilarii
754 4997 1023 5067 Operilms
1051 4995 1220 5066 ipsius
1243 4996 1616 5065 prmtnitteret.
1647 4995 1862 5052 Primus
1882 4998 1983 5054 hoc
2005 5015 2141 5069 opus

538 5094 778 5160 suscepit
815 5092 1091 5148 Johannes
1120 5090 1234 5145 Jac.
1268 5091 1520 5145 Grinmus
1543 5133 1556 5155 ,
1613 5091 1754 5161 quod
1805 5109 1947 5146 anno
2006 5097 2140 5153 I570

537 5183 778 5242 Eusebio
805 5185 1066 5255 Episcopo
1117 5181 1340 5236 llasileze
1392 5181 1443 5236 in
1489 5180 1666 5238 lronte
1711 5183 2137 5243 lucubrationum

537 5287 710 5340 sancti
764 5286 1005 5341 Det-toris
1053 5285 1318 5340 edendum
1363 5284 1600 5339 tradidit.
1642 5287 1709 5340 At
1749 5285 2135 5356 qnamjejuna,

538 5376 687 5429 arida
716 5419 730 5439 ,
779 5376 1090 5445 imperfecta
1121 5391 1184 5430 ac
1215 5377 1342 5430 falsa
1375 5384 1458 5428 est
1489 5376 1633 5430 illius
1665 5376 1932 5432 narratio!
1969 5376 2129 5431 Tem-

538 5482 668 5534 pora
711 5468 796 5520 vix
838 5483 1060 5533 usquam
1093 5477 1236 5521 recte
1262 5468 1521 5534 assignat,
1553 5468 1786 5536 plurima
1816 5469 2012 5523 otnittit
2043 5468 2132 5522 lli-

538 5559 657 5611 larii
685 5569 861 5629 gesta,
888 5557 1017 5610 falsa
1047 5558 1263 5612 aliunde
1288 5560 1557 5621 adsciscit,
1581 5569 1636 5612 et
1662 5558 1713 5612 in
1737 5560 2004 5613 nascentis
2029 5558 2133 5612 ha:-

533 5663 723 5704 reSeos
764 5649 988 5717 gratiam
1033 5647 1241 5716 aliquot
1281 5649 1526 5718 adjungit
1567 5649 1788 5705 fabellas
1818 5651 1973 5705 valde
2003 5665 2133 5719 pue-

525 5743 677 5799 riles.
706 5741 832 5798 llaac
860 5756 1020 5812 porro
1050 5740 1157 5794 vita
1193 5757 1261 5795 es
1308 5740 1372 5796 iis
1407 5741 1742 5811 potissimum
1761 5744 1991 5800 conﬂata
2021 5755 2126 5812 est,

2320 4629 2577 4688 Primum.
2619 4630 2888 4701 inquiunt,
2937 4631 2999 4683 ab
3047 4647 3104 4684 eo
3151 4633 3236 4703 qui
3285 4633 3562 4703 praalegere
3607 4633 3853 4701 preloque
3941 4641 3950 4646 ’

2246 4722 2503 4776 adamare
2530 4723 2686 4776 libros
2727 4723 3050 4778 excudendas
3077 4722 3236 4786 solet,
3271 4721 3462 4778 Hilarii
3497 4722 3670 4793 Opera
3699 4740 3852 4779 cura-

2244 4819 2408 4872 vimus
2436 4835 2548 4872 cum
2576 4817 2781 4886 Optimis
2810 4817 3090 4886 quibusque
3127 4833 3247 4871 mss.
3297 4817 3556 4872 codicibus
3581 4818 3808 4887 conferri
3832 4834 3850 4871 :

2245 4926 2369 4979 quos
2391 4911 2599 4981 benigne
2624 4910 2768 4963 nobis
2797 4927 2857 4962 ac
2888 4909 3163 4963 liberaliter
3193 4909 3607 4977 locupletissimis
3634 4910 3741 4963 suis
3767 4909 3854 4962 bi-

2244 5003 2504 5057 bliothecis
2556 5003 2650 5056 viri
2698 5003 2971 5057 clarissimi
3020 5015 3170 5074 atque
3219 5003 3556 5058 eruditissimi
3605 5005 3856 5072 suppedi-

2244 5105 2440 5160 tarunt,
2460 5095 2528 5148 ad
2550 5095 2704 5149 libros
2732 5096 2796 5149 de
2819 5095 3070 5150 Trinitate
3097 5094 3347 5149 Nicolaus
3378 5094 3571 5164 Faber,
3599 5096 3668 5150 ad
3688 5096 3853 5151 Trac-

2247 5196 2382 5240 tatus
2402 5186 2454 5239 in
2487 5185 2725 5241 Psalntos
2745 5187 2969 5241 Jacobus
2989 5186 3332 5258 Bongarsius,
3355 5189 3425 5242 ad
3448 5187 3856 5244 Commentarios

2243 5281 2296 5333 in
2347 5278 2648 5334 Matt/imum
2690 5280 3024 5334 recensendos
3074 5278 3272 5336 Paulus
3325 5281 3578 5336 Petaveus
3626 5281 3854 5338 Senator

2247 5372 2577 5428 Parisieusis.
2611 5373 2806 5427 Deinde
2834 5391 2949 5429 vero
2977 5392 3094 5428 cum
3128 5377 3404 5446 adscriptis
3431 5378 3501 5430 ad
3530 5394 3672 5432 oram
3709 5394 3854 5432 inar-

2241 5468 2374 5536 ginis
2401 5467 2554 5520 variis
2583 5467 2882 5520 lectionibus
2906 5485 3053 5520 suout
3097 5469 3241 5522 nobis
3281 5486 3488 5539 operam
3527 5471 3604 5524 vir
3638 5470 3852 5540 quidam

2241 5558 2567 5613 doctissimus
2607 5577 2708 5613 non
2750 5561 3067 5632 denegasset,
3111 5572 3165 5615 ut
3207 5579 3380 5616 earum
3421 5563 3618 5618 delectu
3649 5563 3847 5631 habito,

2239 5667 2355 5719 qua:
2413 5654 2527 5723 jam
2600 5655 2812 5724 receptis
2881 5655 3213 5726 prwferendaz
3261 5656 3568 5722 viderentur,
3623 5655 3848 5727 reliquas

2236 5756 2586 5817 expungeret;
2611 5749 2771 5803 visunt
2795 5759 2869 5803 est
2892 5749 3046 5802 etiam
3076 5748 3139 5801 ab
3167 5748 3332 5804 altero
3360 5749 3762 5819 impetrandum,
3791 5759 3846 5804 ut
