4232 6256
381 391 451 448 17
1636 394 2015 456 PREFATIO
2041 397 2456 459 GENEBALIS.
3612 409 3683 465 18

374 526 479 577 eas,
514 525 630 581 qua:
673 511 730 564 in
774 511 1122 576 superioribus
1148 514 1455 569 editionibus
1484 515 1712 569 toleratae
1752 515 1978 585 fuerant,
2008 517 2055 577 A
2086 516 2273 575 liores.
2306 518 2682 575 Studiosorum
2710 534 2874 590 opera
2896 523 3067 589 magis
3096 530 3370 594 comparet
3412 524 3463 577 itt
3497 537 3683 579 exem-

374 604 469 657 sub
518 601 638 655 libri
679 602 871 657 calcem
917 602 1175 675 colligeret
1212 621 1227 658 :
1257 621 1322 658 ne
1346 610 1478 675 forte
1504 622 1535 660 a
1562 614 1609 658 te
1639 606 1742 660 illic
1780 624 1981 677 quoque

375 697 808 761 desiderarentur,
835 697 940 752 sive
964 698 1100 766 quod
1130 714 1303 753 earum
1329 696 1489 753 verbis
1511 699 1636 753 alibi
1659 700 1813 754 citata
1838 702 1979 755 testi-

376 794 548 847 monia
590 792 828 861 quasdam
856 804 1058 861 possent
1085 809 1371 856 occurrere,
1403 795 1507 848 sive
1533 794 1669 863 quod
1699 802 1870 849 utrum
1899 796 1978 849 liis

373 885 518 939 nouis
545 884 903 953 posthabendaz
933 886 1143 956 fuerint,
1167 887 1369 959 judicio
1415 897 1498 941 tuo
1541 887 1696 941 velles
1738 888 1975 957 expendi.

376 976 674 1050 Adjecimus
705 986 952 1045 praeterea
981 975 1293 1049 Fragmenta
1320 994 1382 1031 ex
1402 993 1554 1047 apere
1576 978 1839 1040 historico,
1864 996 1977 1049 qua:

374 1088 461 1125 an.
499 1068 638 1126 1598
667 1069 849 1143 (apud
896 1069 1243 1125 Ambrosium
1297 1071 1505 1124 Drouar
1556 1070 1759 1125 Nicolai
1817 1071 1977 1126 Fabri

370 1161 562 1231 opera)
586 1178 635 1215 υ.
669 1179 716 1215 c.
747 1160 813 1215 P.
847 1160 1061 1216 Pitheus
1083 1162 1275 1229 publici
1301 1163 1434 1226 iuris
1459 1164 1599 1234 fecit,
1624 1172 1671 1216 et
1696 1165 1976 1229 exscriptos

372 1269 434 1307 ex
470 1253 655 1308 iisdem
699 1269 825 1310 mss.
879 1253 1025 1307 libris
1074 1252 1346 1308 Tractatus
1389 1254 1443 1308 in
1493 1252 1729 1309 Psalntos
1764 1255 1849 1322 15,
1886 1255 1972 1323 14,

374 1344 479 1401 1-19
499 1353 554 1399 et
580 1343 709 1401 150.

445 1435 531 1490 12.
575 1435 708 1491 Post
755 1444 832 1491 tot
882 1446 1100 1507 tamque
1127 1437 1403 1492 variorum
1447 1436 1723 1493 hominum
1774 1438 1824 1491 in
1873 1438 1975 1494 hac

374 1528 611 1584 editione
642 1529 918 1601 impensus
949 1530 1185 1595 labores,
1216 1545 1323 1585 non
1352 1531 1521 1585 multo
1550 1539 1728 1586 tamen
1757 1531 1973 1599 puriora

378 1620 689 1689 prodierunt
742 1620 1086 1676 disertissimi
1133 1621 1375 1677 Doctoris
1422 1622 1641 1692 scripta.
1682 1622 1785 1689 Qui
1828 1621 1971 1678 enim

378 1711 543 1768 variis
568 1712 883 1768 lectionibus
911 1712 1206 1784 selige-udis
1227 1728 1450 1782 operam
1480 1728 1631 1768 suam
1661 1713 1974 1769 commoda-

376 1804 451 1859 vit
474 1846 488 1868 ,
518 1806 633 1859 sive
654 1804 840 1875 judicii
873 1805 1033 1860 luerit
1064 1820 1170 1859 non
1200 1804 1488 1860 admodum
1519 1805 1801 1876 exquisiti,
1833 1806 1968 1871 sive,

2079 609 2212 679 piari
2238 610 2364 665 olim
2420 613 2907 683 Aquisgraneusis,
2961 623 3081 682 post
3115 611 3489 679 Corbeiensis,
3534 630 3680 671 nunc

2077 704 2463 762 Germancnsis
2509 707 2846 764 bibliothecae
2877 725 2890 762 ;
2921 723 2986 764 ex
3031 725 3137 778 quo
3174 724 3294 764 cum
3335 708 3489 778 plura
3535 720 3686 779 post-

2079 798 2297 855 modum
2321 799 2589 871 descripta
2616 799 2724 855 sint
2748 801 3015 871 exempla,
3049 802 3255 870 priores
3282 801 3540 856 lectiones
3563 802 3685 857 ubi-

2079 909 2181 965 que
2204 893 2525 963 posthabitac
2550 904 2695 954 sunt.
2722 895 2888 948 immo
2909 895 3083 951 locum
3111 906 3386 951 cesserunt
3408 896 3681 953 secundis.

2078 987 2334 1053 Quocirca
2386 1002 2491 1041 non
2536 1002 2602 1043 ex
2633 1002 2740 1041 uno
2776 988 3015 1043 alterove
3056 988 3243 1044 codice
3267 1030 3282 1054 ,
3311 989 3354 1043 si
3383 990 3682 1057 praesertim

2079 1080 2405 1136 recentiores
2436 1078 2654 1147 fuerint,
2685 1079 2894 1135 sincera
2924 1081 3151 1151 exprimi
3180 1080 3684 1153 potueruntJlilarii

2074 1175 2269 1242 scripta
3234 1226 3237 1227 ν

2152 1268 2238 1321 15.
2272 1266 2461 1323 Nullus
2480 1268 2776 1323 desiderari
2800 1283 2958 1338 posse
2977 1267 3190 1323 videtur
3211 1269 3501 1337 antiquior,
3521 1283 3682 1339 quam

2077 1360 2164 1430 qui
2197 1360 2249 1414 in
2278 1360 2498 1415 arcbivo
2526 1358 2800 1415 Vaticana:
2831 1360 3076 1415 ecclesia:
3103 1369 3432 1414 asservatur.
3458 1359 3589 1414 Nam
3622 1370 3683 1416 ut

2078 1451 2372 1507 Mabillonii
2400 1452 2568 1505 nostri
2593 1451 2687 1505 lib.
2718 1451 2787 1507 de
2824 1468 2882 1506 re
2909 1450 3256 1522 Diplomatica
3290 1451 3400 1506 tab.
3433 1451 3488 1515 6,
3518 1452 3685 1507 verba

2080 1542 2167 1597 hic
2191 1542 2561 1596 adscribamus
2591 1559 2604 1597 :
2642 1562 2660 1594 ι
2690 1543 2932 1611 Scriptus
2961 1550 3045 1597 est
3070 1542 3266 1609 codex,
3294 1544 3337 1596 si
3360 1544 3532 1612 priora
3557 1541 3685 1598 l‘olia

2076 1633 2396 1689 reccutioris
2449 1634 2729 1703 scriptum
2791 1633 3029 1703 excipias
3060 1676 3074 1699 ,
3130 1633 3230 1687 sub
3281 1634 3438 1688 linem
3495 1633 3684 1690 saeculi

2075 1727 2284 1795 quarti,
2317 1735 2406 1780 aut
2438 1727 2655 1780 ineunte
2682 1725 2889 1795 quinto,
2917 1735 2976 1779 ut
2996 1725 3311 1795 intelligitur
3337 1739 3402 1779 ex
3434 1724 3684 1793 adjuncta

2076 1817 2164 1891 (ad
2180 1820 2382 1874 calcem
2403 1816 2525 1872 libri
2546 1820 2594 1871 in
2618 1814 3019 1889 Constantium)
3044 1815 3387 1885 inscriptione
3399 1814 3680 1884 cujusdam

374 1904 431 1950 ut
462 1910 610 1965 strpe
641 1896 701 1949 lit
729 1896 779 1949 in
809 1895 873 1950 iis
901 1912 1022 1966 qua:
1052 1896 1228 1951 alieno
1261 1897 1477 1951 nomine
1509 1896 1838 1963 laborantur,
1868 1896 1971 1952 hoc

2076 1912 2307 1967 studiosi
2331 1953 2345 1975 ,
2376 1928 2535 1983 quam
2576 1913 2654 1966 sic
2684 1911 2853 1965 reddo
2884 1930 2897 1965 :
2928 1908 3135 1964 Contuli
3155 1910 3206 1963 in
3235 1909 3438 1962 nomine
3471 1906 3682 1962 Domini

370 1991 740 2061 perfunctorie
774 1992 989 2057 obierit,
1019 2008 1166 2062 saepe
1193 2008 1417 2048 numero
1446 1994 1669 2048 mutavit
1696 2009 1815 2063 qum
1844 1994 1972 2048 rcti-

367 2083 546 2139 nenda
576 2082 791 2139 fuerant
813 2127 829 2149 ,
862 2094 914 2139 et
942 2094 1131 2138 contra
1161 2100 1282 2155 quae
1312 2084 1539 2139 fuissent
1589 2085 1843 2140 mutanda
1884 2100 1971 2141 re-

366 2177 548 2232 tinuit.
580 2176 718 2232 Hinc
741 2176 832 2247 qui
881 2177 935 2230 in
966 2175 1205 2231 editione
1234 2177 1364 2231 anni
1394 2177 1525 2232 1651
1568 2176 1836 2233 variantes
1864 2177 1971 2234 Icc-

369 2270 566 2335 tiones,
612 2260 743 2339 qua:
798 2271 1029 2338 primum
1068 2270 1133 2324 ad
1177 2270 1379 2325 calcem
1426 2271 1688 2339 conjectze
1733 2270 1967 2341 fuerant,

367 2364 603 2433 propriis
630 2363 764 2418 locis
787 2364 990 2433 aptavit
1017 2373 1180 2432 atque
1219 2363 1285 2417 ad
1335 2364 1629 2435 marginem
1659 2363 1964 2431 adscripsit,

364 2471 462 2511 eas
490 2456 765 2511 revocavit
797 2471 902 2508 non
938 2456 1125 2517 semel,
1163 2470 1282 2523 qua:
1309 2455 1362 2509 in
1410 2456 1677 2525 prioribus
1714 2455 1967 2510 editioni-

361 2549 466 2605 bus
511 2549 876 2603 obtinuerant.
911 2547 1018 2604 Sed
1048 2557 1103 2601 et
1132 2548 1461 2603 Parisienses
1507 2550 1844 2620 typograpbi,
1879 2551 1968 2619 qui

360 2639 512 2710 quod
538 2639 672 2694 artis
698 2654 810 2694 suae
832 2653 941 2693 non
965 2647 1083 2693 erat
1108 2639 1327 2693 aliunde
1356 2639 1754 2705 mendicarunt,
1780 2640 1849 2693 ita
1877 2655 1969 2695 ne-

362 2734 650 2805 glexerunt
673 2731 814 2803 quod
837 2740 956 2786 erat
977 2732 1254 2787 industriae
1276 2748 1409 2798 sua},
1434 2745 1486 2788 ut
1513 2749 1698 2788 eorum
1719 2733 1965 2801 editioni,

364 2841 483 2897 pra:
514 2824 856 2880 multitudine
886 2825 1227 2890 mendorum,
1272 2824 1427 2880 facile
1470 2825 1835 2881 autel‘erendce
1884 2826 1963 2880 vi-

366 2918 602 2973 deantur
619 2917 973 2972 Basileenses.
988 2917 1083 2971 llla
1101 2916 1340 2972 Coloniae
1365 2918 1671 2988 Agrippina:
1688 2934 1777 2973 an.
1803 2918 1964 2987 1617,

368 3025 435 3065 ac
462 3025 673 3065 rursum
694 3010 916 3066 Parisiis
944 3027 1034 3067 an.
1065 3011 1196 3066 1651
1231 3020 1285 3067 et
1308 3011 1469 3076 1652,
1498 3026 1687 3066 recusa
1717 3020 1820 3067 est.

444 3104 531 3158 15.
576 3102 672 3159 Vel
700 3119 765 3158 ex
805 3102 906 3158 hac
946 3103 1173 3170 simplici
1217 3105 1558 3173 expositione
1602 3104 1801 3173 liquet,
1836 3103 1968 3159 nihil

365 3212 625 3265 umquam
657 3197 708 3251 in
737 3196 962 3253 edendis
994 3197 1177 3252 Hilarii
1209 3198 1421 3268 scriptis
1452 3199 1743 3265 prmstilum
1768 3198 1964 3265 fuisse,

2073 2008 2199 2062 Jesu
2239 2006 2430 2062 Christi
2468 2014 2593 2075 aput
2623 2004 2839 2059 Kasulis
2878 2004 3185 2057 constitutus
3214 2016 3351 2057 anno
3384 2001 3685 2062 quarto—de-

2074 2101 2205 2153 cimo
2254 2097 2596 2153 Trasantuntli
2623 2096 2777 2167 regis.
2810 2094 2910 2164 Qui
2942 2094 3245 2165 catalogum
3291 2092 3495 2148 archivi
3536 2108 3681 2163 prae-

2073 2192 2201 2247 dicti
2226 2190 2511 2255 ordinavit,
2546 2204 2642 2259 pro
2662 2199 2786 2258 aput
2822 2187 3057 2251 Kasnlis,
3088 2188 3214 2258 legit
3242 2185 3479 2242 Putzalis
3502 2203 3520 2240 :
3540 2186 3682 2256 quod

2072 2294 2142 2339 est
2172 2286 2223 2337 in
2251 2283 2450 2352 Africa,
2484 2282 2690 2352 inquit,
2734 2284 2788 2335 in
2817 2282 3023 2352 regione
3064 2278 3331 2333 Numidia:
3360 2295 3447 2333 seu
3474 2277 3679 2333 Barba-

2072 2375 2184 2430 ritc.
2227 2373 2391 2445 Vulgo
2418 2373 2715 2441 appellatur
2750 2371 3047 2436 Putrazsio,
3076 2372 3227 2425 silum
3259 2371 3393 2425 inter
3422 2369 3679 2425 Tunelum

2073 2474 2118 2517 et
2144 2480 2310 2519 arcent
2340 2462 2550 2518 Goletw.
2584 2462 2638 2519 Si
2662 2473 2810 2518 recte
2837 2462 3017 2532 apices
3039 2463 3238 2517 codicis
3260 2476 3539 2529 assequor.
3570 2476 3681 2518 non

2072 2556 2259 2612 dubito
2285 2570 2406 2611 esse
2442 2556 2726 2626 legendum
2750 2598 2765 2619 ,
2806 2554 2948 2622 apud
2982 2553 3198 2609 Kasulis
3218 2596 3233 2614 .
3261 2570 3381 2625 quae
3410 2555 3536 2609 urbs
3561 2563 3680 2609 erat

2071 2648 2363 2719 provincia:
2418 2647 2690 2702 Bisaceute
2721 2689 2737 2715 ,
2795 2646 3032 2702 Antonio
3084 2642 3273 2699 Casula
3335 2644 3473 2699 dicta
3523 2663 3537 2697 :
3586 2659 3683 2700 cu-

2067 2742 2156 2810 jus
2197 2739 2496 2809 Episcopus
2522 2738 2845 2806 Quintianus
2893 2738 3086 2807 legitur
3129 2738 3180 2791 in
3210 2736 3411 2791 Notitia
3438 2734 3635 2791 Africae
3659 2775 3677 2800 ,

2076 2832 2385 2899 Quintianus
2415 2830 2975 2885 Catulis-carimtensis.
3004 2828 3203 2883 Facilis
3232 2829 3430 2898 quippe
3455 2836 3539 2883 est
3566 2827 3602 2881 ά
3626 2828 3681 2883 in

2071 2934 2090 2976 t
2118 2923 2442 2993 permutatio
2460 2964 2475 2989 ,
2506 2923 2679 2992 qualis
2709 2930 2794 2977 est
2819 2922 2868 2974 lo
2893 2921 3114 2975 vocibus
3139 2920 3264 2974 haut
3282 2960 3297 2983 ,
3319 2928 3420 2982 set,
3452 2919 3680 2990 aliisque

2071 3016 2340 3071 similibus
2360 3057 2373 3077 ,
2414 3029 2535 3086 quae
2571 3015 2625 3069 in
2669 3029 2801 3069 mss.
2827 3012 3106 3069 codicibus
3137 3027 3241 3067 non
3269 3029 3394 3068 raro
3419 3015 3675 3068 occurrit.

2072 3107 2385 3165 Hulstenius
2422 3106 2489 3162 ad
2520 3122 2670 3162 oram
2706 3106 2929 3176 hujusce
2969 3104 3335 3160 aduotatiouis
3372 3120 3535 3160 manu
3579 3118 3678 3160 sua

2071 3201 2310 3271 scripsit,
2339 3217 2536 3255 annum
2568 3199 3110 3269 quartum-decimum
3142 3198 3496 3254 Trasamuudi
3529 3199 3672 3269 regis

368 3291 515 3362 quod
546 3290 793 3346 omnibus
834 3294 1072 3347 numeris
1116 3291 1232 3347 suis
1280 3292 1581 3346 absolutum
1626 3301 1791 3347 esset.
1824 3292 1975 3348 Badii
2003 3290 2049 3352 C
2080 3293 2834 3351 convenireannoCbristinx.
2865 3292 3171 3349 illactenus
3189 3293 3551 3349 Maltillonius.
3566 3292 3675 3349 Sed

369 3399 604 3454 namque
644 3384 812 3439 editio
857 3384 1066 3440 mendis
1118 3394 1292 3440 scatet
1340 3385 1657 3440 innumeris.
1719 3384 1972 3439 Erasmus

369 3491 571 3551 praeter
601 3481 766 3535 libros
787 3479 854 3535 de
875 3480 1139 3536 Trinitate
1171 3480 1257 3535 vix
1283 3481 1417 3536 alios
1443 3480 1509 3535 ad
1537 3496 1668 3536 mss.
1698 3480 1856 3535 ﬁdem
1880 3497 1969 3537 re-

366 3572 661 3643 cognovit,
694 3581 749 3626 et
782 3587 875 3625 eos
906 3572 1119 3642 quidem
1160 3588 1266 3627 non
1306 3586 1501 3642 magno
1529 3572 1777 3628 examine
1814 3572 1971 3627 adhi-

368 3665 486 3723 bito
506 3668 760 3721 correxit.
788 3665 867 3721 Eo
888 3666 1193 3734 diligentior
1208 3666 1418 3721 Mirzrus
1442 3681 1538 3722 nec
1563 3681 1808 3736 magnam
1836 3682 1968 3720 mss.

368 3759 579 3827 eopiam
609 3772 709 3811 nec
731 3758 785 3812 in
805 3772 995 3813 omnes
1014 3756 1197 3812 Hilarii
1225 3757 1504 3813 Tractatus
1527 3757 1728 3821 habuit,
1759 3767 1813 3813 et
1832 3758 1973 3827 plus-

369 3849 551 3903 culum
582 3849 806 3904 credidit
840 3851 1179 3920 prrccessoris
1205 3851 1285 3904 sui
1315 3851 1527 3921 ingenio
1546 3863 1596 3905 et
1621 3852 1970 3918 conjecturis.

369 3939 552 3996 Novas
604 3941 799 3997 deinde
853 3942 979 3997 dum
1027 3959 1094 3997 ex
1141 3944 1360 4012 proprio
1407 3943 1672 4012 excogitat
1717 3943 1972 3999 Martinus

369 4032 633 4104 Lyjnius,
665 4033 904 4103 singulos
934 4033 1120 4090 Hilarii
1151 4033 1318 4088 libros
1345 4034 1583 4104 pluribus
1605 4034 1658 4087 in
1693 4034 1822 4089 locis
1842 4049 1973 4089 con-

371 4126 601 4179 taminat
625 4168 637 4186 ,
673 4141 830 4195 quam
866 4127 1111 4192 castigat.
1144 4127 1296 4181 Hunc
1327 4137 1502 4181 tamen
1535 4128 1766 4182 maxime
1803 4128 1971 4183 secuti

373 4224 531 4279 sunt,
578 4214 669 4285 qui
719 4216 1106 4271 Parisieasibus
1159 4216 1504 4288 typographis
1555 4232 1773 4287 operam
1821 4234 1970 4273 suam

372 4311 718 4367 contulerunt
747 4329 762 4366 :
794 4320 914 4380 post
936 4328 1072 4383 quos
1114 4312 1329 4368 easdem
1373 4310 1774 4368 lucubrationes
1814 4327 1973 4368 nemo

375 4407 604 4477 amplius
630 4406 893 4460 limandos
922 4406 1176 4476 suscepit.

875 4541 939 4596 ll.
981 4540 1061 4598 De
1085 4541 1341 4597 codicibus
1360 4558 1481 4596 mss.

2077 3390 2130 3445 in
2158 3390 2376 3460 antiquo
2411 3389 2597 3444 codice
2623 3404 2727 3443 non
2758 3389 3059 3459 negandum
3093 3398 3176 3442 εει
3207 3386 3399 3442 menda
3427 3402 3549 3442 esse
3580 3403 3675 3440 an-

2074 3481 2218 3551 tiqua
2243 3523 2259 3549 ,
2303 3497 2423 3551 qua!
2452 3481 2596 3552 quod
2626 3481 2983 3551 Hieronymus
3007 3478 3165 3547 epist.
3197 3478 3269 3533 28
3293 3476 3359 3531 ad
3396 3477 3678 3532 Lucinium

2073 3587 2291 3643 monet,
2336 3579 2388 3632 in
2416 3588 2652 3632 mentem
2698 3586 2993 3631 revocant:
3029 3573 3293 3647 Opuscula
3320 3591 3433 3629 mea
3469 3574 3539 3627 ad
3564 3574 3679 3627 des-

2072 3669 2368 3724 cribendum
2422 3669 2709 3724 hominibus
2749 3669 2849 3722 tuis
2886 3667 3044 3734 dedi,
3092 3677 3139 3722 et
3181 3667 3437 3740 descripta
3478 3667 3585 3722 nidi
3624 3667 3678 3721 in

2074 3763 2358 3819 cbartaceis
2384 3760 2643 3818 codicibus
2661 3803 2677 3827 ,
2709 3777 2771 3814 ac
2797 3763 3083 3830 frequenter
3106 3760 3285 3813 monui
3310 3769 3364 3814 ut
3390 3761 3682 3830 conferrent

2075 3854 2373 3924 diligentius
2408 3860 2455 3907 et
2497 3852 2841 3906 emendarent.
2901 3850 3013 3923 Ego
3052 3852 3187 3905 enim
3235 3860 3378 3905 tanta
3418 3850 3680 3904 volumina

2077 3964 2185 4018 prae
2231 3946 2518 4017 frequentia
2564 3944 2955 3998 commeantium
3001 3953 3049 3997 et
3094 3944 3475 4013 peregrinorum
3515 3940 3679 3993 turbis

2073 4042 2295 4112 relegere
2322 4056 2423 4094 non
2437 4038 2597 4109 potui.
2622 4036 2770 4092 Unde
2798 4039 2843 4090 si
2867 4045 3279 4107 paragrammata
3302 4035 3549 4103 repereris
3570 4074 3585 4098 ,
3602 4032 3680 4087 vel

2076 4134 2246 4186 minus
2271 4132 2445 4201 aliqua
2470 4129 2727 4197 descripta
2751 4135 2907 4194 sunt,
2951 4141 3064 4195 ante
3090 4141 3297 4180 sensum
3335 4124 3548 4196 legentis
3575 4123 3675 4176 im-

2078 4224 2320 4292 pediant;
2349 4239 2452 4277 non
2490 4221 2616 4275 mihi
2654 4220 2800 4274 debes
2836 4221 3127 4290 imputare,
3150 4219 3240 4274 sed
3277 4220 3375 4273 tuis
3398 4259 3415 4285 ,
3445 4229 3493 4272 et
3516 4220 3678 4289 impe-

2073 4317 2209 4371 ritiae
2232 4316 2569 4381 notariorum,
2594 4314 3015 4383 librariorumqne
3037 4312 3253 4378 incuria:
3282 4328 3301 4367 :
3327 4312 3414 4383 qui
3449 4309 3677 4365 scribunt

2076 4426 2178 4464 non
2200 4406 2337 4478 quod
2372 4407 2665 4468 inveniunt,
2689 4405 2779 4460 sed
2804 4405 2943 4473 quod
2976 4405 3306 4476 intelligunt;
3335 4413 3381 4459 et
3404 4407 3526 4458 dum
3553 4404 3681 4460 alie-

2076 4521 2170 4559 nos
2196 4519 2393 4558 errores
2413 4501 2682 4556 emendare
2700 4502 2954 4566 nituntur,
2978 4498 3252 4555 ostendunt
3272 4516 3413 4555 suos.
3441 4498 3577 4555 Eam
3607 4500 3679 4555 ob

2078 4615 2196 4655 rem
2227 4598 2429 4653 codicis
2459 4597 2616 4668 hujus
2653 4596 2955 4664 antiquitati
2992 4595 3125 4651 nihil
3153 4595 3457 4651 inconsulte
3492 4592 3685 4649 tribui-

451 4679 543 4734 14.
572 4679 688 4734 Non
716 4679 784 4733 ab
807 4692 874 4733 eo
898 4677 1070 4732 solum
1088 4687 1347 4745 tempore,
1362 4691 1428 4731 ex
1450 4690 1557 4747 quo
1578 4675 1879 4747 excogitata
1892 4684 1972 4731 est

2082 4707 2232 4760 mus,
2265 4706 2327 4747 ea
2351 4700 2555 4746 tantum
2583 4690 2630 4745 ei
2658 4703 2917 4744 concessa
2942 4688 3307 4755 veneratione,
3339 4697 3400 4741 ut
3422 4686 3683 4741 lectiones

379 4788 467 4828 ars
494 4772 873 4844 typograpbica
895 4813 910 4837 ,
942 4772 1035 4826 sed
1080 4781 1132 4826 et
1154 4769 1516 4838 superioribus
1543 4770 1757 4825 suculis
1786 4769 1979 4824 identi-

381 4867 505 4924 dem
534 4867 859 4931 extitcrunt,
887 4866 976 4936 qui
1008 4866 1059 4920 in
1093 4862 1541 4933 recognoscendis
1569 4861 1750 4917 Hilarii
1782 4863 1975 4933 Operi-

380 4960 481 5016 bus
528 4960 846 5015 industriam
889 4973 1039 5013 suam
1111 4958 1420 5027 probarent.
1459 4956 1540 5012 οι)
1586 4954 1977 5012 rt-contiitiores

381 5063 558 5108 autem
583 5054 725 5107 illius
749 5066 946 5108 sensus
972 5050 1221 5106 ell'ectum
1250 5058 1352 5114 est,
1386 5059 1443 5104 ut
1473 5049 1740 5105 interdum
1774 5047 1873 5104 viri
1897 5049 1973 5104 illi

380 5145 767 5201 substituerent
795 5145 1063 5215 proprios,
1099 5142 1280 5198 verbis
1307 5142 1573 5210 obscuris,
1600 5159 1723 5214 qua:
1749 5157 1856 5199 non
1888 5157 1974 5198 sa—

379 5239 448 5293 tis
474 5239 898 5309 assequebantur
918 5279 931 5301 ,
958 5236 1063 5291 alia
1091 5234 1512 5305 superaddentes
1541 5236 1779 5303 planiora
1800 5276 1816 5300 ,
1854 5249 1977 5306 quas

378 5332 656 5388 deindein
693 5331 957 5402 exemplis
1000 5329 1391 5387 recentioribus
1425 5329 1537 5385 sola
1574 5328 1818 5386 obtinere
1845 5344 1979 5385 con-

377 5433 688 5481 sueverunt.
737 5422 909 5494 Hujus
963 5422 1042 5479 rei
1094 5421 1401 5491 exemplum
1455 5421 1758 5491 suppeditat
1801 5420 1975 5476 codex

377 5520 507 5573 olim
536 5517 934 5584 Floriacensis,
967 5531 1106 5571 nunc
1135 5513 1461 5570 Culbertinte
1490 5513 1831 5569 bibliotheca:
1857 5524 1971 5570 not.

380 5610 545 5677 119b,
581 5626 648 5665 ex
689 5607 1064 5677 antiquissimo
1100 5606 1449 5663 Carnutensis
1487 5606 1732 5662 ecclesias
1771 5621 1873 5661 ms.
1907 5607 1976 5662 ab

377 5705 536 5760 aiinis
576 5704 797 5759 circiter
827 5704 930 5761 700
957 5703 1258 5771 descriptus
1281 5743 1297 5767 ,
1331 5702 1381 5755 iu
1413 5714 1521 5771 quo
1557 5715 1635 5755 ea:
1666 5708 1869 5754 tantum
1901 5700 1979 5754 vi-

378 5807 573 5853 suntur
616 5795 911 5862 lectiones,
942 5810 1062 5866 qua:
1093 5796 1146 5850 in
1183 5794 1502 5849 Carnuteusi
1548 5793 1797 5848 secundis
1834 5792 1976 5849 curis

331 5951 341 5962 ,
377 5888 613 5946 adtextre
639 5897 794 5953 sunt,
832 5886 1077 5959 quamvis
1106 5887 1294 5957 prima:
1324 5896 1380 5941 ut
1408 5885 1699 5958 plurimum
1731 5883 1841 5942 sint
1866 5900 1979 5942 mea

2081 4800 2251 4858 prope
2280 4800 2501 4851 omnes,
2529 4785 2582 4839 in
2610 4784 2804 4856 quibus
2834 4798 2866 4838 a
2894 4782 3107 4838 caeteris
3132 4782 3403 4852 discrepet
3421 4822 3436 4845 ,
3459 4779 3687 4851 diligen-

2082 4888 2167 4933 ter
2195 4888 2594 4933 anuotaremus.
2639 4874 2750 4931 Has
2793 4890 2823 4929 a
2868 4874 3115 4931 Johanne
3158 4874 3391 4943 Baptista
3420 4872 3683 4927 Bindinio

2081 4969 2354 5026 Vaticana:
2383 4968 2618 5025 basilica:
2641 4966 2916 5024 Canonico
2935 5010 2951 5035 ,
2980 4983 3104 5022 cum
3132 4982 3324 5022 novam
3357 4965 3536 5020 Hilarii
3563 4964 3684 5019 edi-

2079 5063 2281 5118 tionem
2319 5070 2570 5133 pararet,
2595 5061 2871 5128 collectas,
2915 5059 3070 5115 nobis
3110 5059 3516 5115 descripserunt
3544 5055 3677 5111 Fra-

2082 5164 2194 5210 tres
2242 5154 2412 5210 nostri
2448 5154 2537 5223 qui
2579 5152 2767 5208 Romae
2793 5159 3111 5214 versantur,
3135 5159 3192 5205 et
3217 5147 3469 5203 nonnulla
3501 5145 3681 5218 Opera

2080 5259 2179 5315 per
2202 5260 2262 5301 se
2286 5254 2538 5300 accurate
2566 5251 3015 5313 recognoscentes
3041 5239 3239 5295 laudati
3265 5234 3528 5294 Canonici
3554 5237 3681 5295 dili-

2080 5337 2314 5407 gentiam
2346 5336 2725 5406 probaverunt.

2158 5425 2247 5481 16.
2288 5425 2416 5481 Post
2435 5424 2676 5480 codicem
2699 5422 2873 5479 sancti
2902 5423 3046 5480 Petri
3070 5423 3388 5492 antiquitate
3414 5421 3687 5479 secundus

2083 5527 2188 5583 est,
2219 5516 2312 5571 sed
2343 5527 2563 5587 propter
2586 5514 2955 5571 sinceritatem
2983 5513 3141 5570 facile
3172 5513 3407 5586 primus,
3435 5516 3563 5571 olim
3590 5515 3688 5571 ab-

2083 5608 2244 5664 batire
2264 5607 2434 5661 sancti
2467 5607 2701 5679 Dionysii
2719 5606 2868 5678 juxta
2896 5605 3164 5675 Parisios,
3191 5623 3329 5663 nunc
3360 5606 3685 5663 Colbertiua:

2083 5699 2428 5757 bibliothecae
2461 5716 2563 5754 ms.
2595 5699 2700 5755 825
2731 5716 2891 5768 quem
2919 5716 3039 5755 cum
3067 5700 3184 5756 aliis
3206 5700 3346 5757 bene
3373 5702 3554 5756 multis
3586 5701 3685 5756 hu-

2085 5794 2398 5851 manissime
2424 5794 2577 5849 nobis
2606 5795 2967 5865 suppeditavit
2992 5811 3280 5867 numquam
3308 5796 3439 5851 satis
3461 5811 3558 5866 pro
3585 5803 3684 5851 sna

2082 5887 2339 5944 comitate
2362 5886 2663 5945 laudandus
2691 5887 2998 5960 Stephanus
3018 5888 3267 5946 Baltizius
3287 5889 3461 5945 cidem
3488 5886 3681 5943 bibito:-
