4232 6256
526 339 591 392 ,9
1734 331 2102 390 PlMiFA'l‘iO
2134 365 2135 372 γ

2240 332 2323 388 ΝΕ
2331 331 2548 389 HAUS.
3755 339 3826 394 ⁸Ξο

520 455 695 509 theca:
728 452 1030 524 praefectus.
1063 452 1230 506 Porro
1257 449 1504 520 quamvis
1546 463 1652 505 non
1688 459 1870 505 careat
1909 448 1997 503 hic
2025 463 2112 504 co—
2144 457 2202 516 ,Α
2227 449 2386 504 tinnis
2411 457 2671 520 quantum
2702 450 2753 506 in
2777 464 2839 508 se
2858 460 2978 507 erat
2997 452 3364 517 deterruisse,
3392 465 3457 506 ac
3478 450 3694 506 tandem
3727 451 3833 507 hoc

525 548 629 605 dex
661 547 869 603 mendis
889 588 904 612 ,
935 561 1055 616 qua:
1095 543 1361 615 imperitis
1397 543 1821 615 exscriptoribus
1855 557 1966 600 neu
1997 558 2126 598 raro

523 638 814 705 accidunt;
843 637 1045 692 nullum
1075 644 1252 690 tamen
1277 633 1459 702 habet,
1489 635 1631 705 quod
1658 650 1688 689 a
1710 635 1891 691 sciolis
1923 634 2129 689 immis-

523 748 642 790 sum
672 732 980 803 suspiceris.
1017 730 1129 784 lloc
1172 729 1225 784 in
1267 743 1333 784 eo
1359 743 1458 784 ms.
1493 735 1678 784 notata
1705 728 1924 800 dignum
1945 769 1961 794 ,
1984 727 2127 798 quod

522 843 646 882 cum
679 824 746 880 ad
789 824 989 879 calcem
1013 822 1271 894 cujusque
1300 821 1419 876 libri
1463 821 1780 892 subjiciatur
1810 819 1996 875 Hilarii
2033 833 2130 875 no-

521 935 688 984 men,
741 933 1004 986 nusquam
1051 913 1439 984 occurrathisi
1485 914 1686 969 nudum
1724 920 1780 968 et
1830 911 2130 968 hciioriiico

521 1010 766 1082 quolibet
797 1010 949 1062 titulo
979 1007 1328 1072 destitutum,
1360 1022 1410 1061 v.
1449 1022 1502 1077 g.
1542 1004 1769 1074 Explicit
1800 1004 1975 1058 Hilari
2005 1003 2131 1060 liber

523 1101 750 1170 primus,
784 1097 1010 1169 Explicit
1040 1097 1209 1152 Hilari
1231 1097 1356 1151 liber
1380 1095 1664 1164 secundus,
1700 1112 1960 1167 nusquam
1984 1111 2131 1149 sanc-

521 1197 560 1248 ti
586 1212 604 1250 :
633 1209 740 1265 quo
769 1205 944 1247 tamen
987 1191 1140 1244 titulo
1168 1206 1288 1244 cum
1334 1189 1400 1244 ab
1435 1189 1763 1260 Hieronymo
1785 1230 1801 1256 ,
1828 1187 2131 1258 Augustino

523 1293 580 1341 et
605 1285 744 1349 aliis,
775 1293 887 1338 tum
918 1283 968 1336 in
992 1281 1208 1336 laudato
1236 1279 1506 1336 Vaticana:
1537 1279 1772 1334 basilicae
1794 1280 2125 1350 exemplari,

523 1377 828 1449 insignitur.
861 1374 1012 1445 Quod
1045 1380 1364 1446 argumento
1395 1380 1499 1438 est,
1524 1388 1646 1428 eum
1678 1371 1765 1426 vel
1791 1389 1854 1427 ex
1883 1369 2001 1444 ipso
2031 1371 2128 1427 iii-

524 1472 645 1527 larii
677 1467 1036 1541 autographo,
1066 1467 1148 1522 vel
1178 1480 1241 1521 cx
1271 1466 1377 1520 alio
1401 1465 1719 1535 exemplari,
1754 1464 1896 1534 quod
1928 1462 2133 1518 Hilario

521 1563 703 1618 adhuc
731 1562 1022 1633 superstite
1061 1557 1322 1628 scriptum
1361 1555 1523 1612 fuerit
1545 1597 1561 1624 ,
1589 1571 1798 1612 summa
1831 1555 1935 1612 [ide
1967 1554 2134 1612 fuisse

522 1653 877 1724 exscriptum.

602 1749 692 1803 17.
735 1744 977 1816 Longum
1003 1749 1181 1807 esset,
1216 1737 1437 1796 forsitan
1464 1747 1519 1796 et
1541 1753 2032 1810 supervacaneum,
2065 1737 2134 1796 de

520 1838 738 1896 caneris
768 1851 898 1891 mss.
927 1833 1238 1905 singillatim
1270 1831 1694 1900 disserere._iloc
1725 1838 1873 1886 certe
1896 1846 2143 1889 asserere
2169 1836 2220 1898 B
2247 1848 2355 1888 esse
2383 1848 2683 1901 noscuntur,
2714 1835 2845 1889 sicut
2875 1837 2928 1889 lii
2958 1853 3085 1906 quos
3114 1837 3391 1892 beatissimi
3427 1839 3657 1893 doctores
3694 1838 3848 1895 Hila—
3927 1871 3932 1874 -

526 1937 722 1998 liceat.
754 1931 886 1988 nihil
918 1945 1016 1985 nos
1049 1944 1156 1984 non
1190 1927 1397 2000 egisse,
1433 1941 1539 1996 quo
1571 1925 1752 1997 plures
1772 1936 1840 1980 ac
1864 1933 2130 1996 praestan-

526 2031 694 2086 tiores
723 2019 1193 2097 compararemus‘,
1227 2036 1401 2092 neque
1436 2021 1597 2077 etiam
1624 2011 1796 2074 labori
1827 2019 2134 2090 pepercisse

529 2123 619 2178 vel
649 2119 908 2191 tempori,
936 2125 996 2172 ut
1023 2116 1151 2187 quid
1189 2115 1240 2169 in
1269 2114 1370 2180 iis,
1393 2111 1520 2183 quid
1549 2112 1600 2166 in
1631 2109 1861 2184 vulgatis
1885 2127 2134 2181 praepon-

529 2214 778 2278 deraret,
809 2210 1249 2281 dijudicaremus.
1279 2202 1349 2262 Et
1377 2198 1445 2260 ad
1477 2205 1647 2263 libros
1676 2204 1889 2276 quidem
1918 2204 1989 2260 de
2019 2204 2136 2260 Tri-

527 2307 698 2362 nitate
726 2304 858 2360 nihil
883 2303 1036 2358 nobis
1061 2300 1292 2372 amplius
1313 2297 1736 2356 desiderandum
1771 2297 1975 2364 videri,
2005 2312 2136 2353 con-

529 2399 768 2456 firmavit
803 2397 972 2452 codex
1006 2394 1230 2466 insignis
1255 2391 1500 2449 ecclesia:
1527 2387 1585 2446 S.
1611 2389 1827 2446 Martini
1853 2388 2136 2446 Turonen-

530 2493 608 2549 sis
651 2492 718 2548 ab
756 2492 911 2546 annis
949 2488 1167 2545 circiter
1193 2486 1343 2542 mille
1389 2485 1727 2555 descriptus:
1756 2500 1824 2539 ex
1870 2500 1978 2556 quo
2012 2499 2136 2541 cum

529 2587 696 2641 varia:
726 2584 1025 2650 lectiones,
1065 2581 1214 2636 libris
1246 2580 1353 2635 illis
1383 2579 1499 2650 jam
1541 2585 1745 2650 paratis
1769 2588 1828 2635 et
1865 2580 2139 2651 castigatis

530 2677 628 2732 sed
672 2675 911 2732 nondum
960 2674 1117 2744 prelo
1146 2671 1438 2742 subjectis,
1477 2671 1655 2726 misszn
1686 2678 1891 2735 essent,
1921 2686 1992 2726 ne
2033 2686 2138 2728 una

531 2769 750 2841 quidem
787 2769 1004 2824 inventa
1035 2773 1120 2823 est
1137 2766 1290 2836 prius
1322 2765 1550 2835 vulgatis
1573 2762 1910 2833 prwl‘erenda
1931 2804 1950 2831 ,
1979 2778 2139 2835 quam

526 2879 639 2920 non
664 2865 774 2933 jam
801 2878 872 2918 ex
899 2861 1020 2917 aliis
1050 2873 1478 2916 revocassemus.

607 2954 694 3009 18.
736 2953 948 3022 Quanto
973 2961 1153 3007 autem
1186 2952 1368 3006 studio
1397 2965 1526 3005 mss.
1560 2949 1768 3020 copiam
1799 2949 1994 3020 ubique
2018 2965 2141 3005 con-

531 3045 879 3116 quisierimus
905 3085 921 3112 ,
964 3050 1131 3099 testes
1170 3050 1296 3098 sunt
1333 3041 1629 3108 Germani,
1661 3042 1939 3107 Britanni,
1977 3050 2141 3112 atque

531 3136 682 3204 ltali,
713 3151 940 3208 quorum
968 3149 1133 3205 opera
1164 3141 1472 3190 exterarum
1513 3135 1724 3188 illarum
1755 3134 2033 3205 regionum
2061 3134 2138 3188 bi-

2227 541 2277 596 ei
2306 549 2422 597 arte
2457 549 2512 596 et
2535 542 2796 598 industria
2830 544 3187 616 persuasisse,
3212 544 3356 616 quod
3387 543 3623 614 primum
3652 543 3834 600 verbis

2228 648 2339 689 non
2369 635 2646 702 valuerat;
2678 636 2835 692 facile
2861 638 3196 704 asseutieris,
3222 637 3366 694 hunc
3387 638 3584 694 librum
3611 638 3836 695 minime

2228 725 2630 783 inscribendum
2660 743 2784 784 esse
2813 729 3058 785 adversus
3086 731 3417 800 Salustinm;
3444 742 3504 787 ut
3525 735 3578 787 in
3611 732 3839 801 vulgatis

2231 816 2541 890 Hieronymi
2569 821 2819 889 obtinet,
2847 822 2943 877 sed
2969 863 2984 886 ,
3013 831 3072 877 ut
3097 823 3150 878 in
3183 825 3482 894 exemplari
3515 825 3836 880 Corbeiensi

2229 910 2426 966 litteris
2449 912 2825 984 Merovingicis
2856 917 3059 985 scripto
3077 958 3094 982 ,
3119 917 3189 970 ad
3225 917 3518 973 Salutium
3534 933 3554 982 ;
3583 918 3650 972 ad
3674 934 3838 990 quem

2231 1011 2293 1059 ut
2318 1013 2507 1060 natura
2532 1008 2716 1062 mitem
2747 1017 2803 1062 et
2829 1007 3119 1063 butt'ianum
3142 1009 3447 1080 confugerit
3476 1010 3713 1064 Hilarius
3743 1011 3841 1066 ad-

2233 1111 2421 1160 versus
2446 1097 2742 1168 nequitiam
2774 1098 3039 1166 Dioscuri,
3065 1101 3160 1171 qui
3191 1099 3415 1156 («sitan
3442 1101 3716 1156 crudelior
3743 1101 3841 1156 Ju-

2233 1187 2360 1242 liaui
2402 1189 2551 1258 jussa
2601 1191 2926 1261 propensius
2977 1201 3389 1262 exsequeretur.
3441 1192 3575 1248 Hinc
3624 1209 3842 1264 quoque

2233 1278 2516 1334 conficitur
2541 1321 2556 1348 ,
2583 1281 2830 1337 eumdem
2867 1282 3103 1338 libellum
3131 1283 3343 1340 Juliano
3375 1299 3556 1341 rerum
3595 1288 3842 1356 potiente

2231 1374 2496 1444 scriptum
2521 1390 2664 1431 esse.

2306 1463 2398 1520 20.
2439 1463 2588 1520 Illius
2625 1476 2803 1522 autem
2852 1466 3049 1539 Hymni
3094 1483 3198 1539 qua
3240 1469 3312 1525 de
3355 1484 3416 1526 re
3453 1470 3843 1539 tractaverint,

2236 1554 2470 1611 breviter
2497 1558 2804 1629 perstringit
2827 1560 3126 1616 Concilium
3151 1561 3469 1617 Toletanum
3495 1578 3574 1630 tv,
3597 1578 3719 1617 can.
3753 1564 3841 1628 15,

2238 1647 2328 1704 ubi
2355 1649 2428 1702 ait
2449 1646 2738 1704 :Nonnulli
2764 1651 2941 1721 hymni
2965 1652 3190 1707 humano
3214 1654 3386 1708 studio
3411 1661 3465 1708 in
3490 1654 3699 1710 laudent
3727 1655 3841 1724 Dei,

2237 1751 2387 1811 atque
2423 1741 2787 1811 Apostolorum
2824 1755 2871 1798 et
2914 1744 3209 1816 Martyrum
3249 1747 3535 1817 triumphos
3573 1749 3846 1818 compositi

2239 1925 2345 1979 rius
2372 1934 2525 1996 atque
2552 1926 2847 1983 Ambrosius
2887 1930 3177 1986 ediderunt.
3226 1931 3299 1986 De
3337 1931 3527 1986 iisdem
3573 1931 3844 2004 Hierony-

2239 2032 2358 2073 mus
2381 2017 2594 2087 prtelat.
2631 2019 2683 2074 in
2715 2020 2810 2076 lib.
2841 2035 2910 2089 ιι,
2941 2020 3153 2077 Comm.
3187 2022 3255 2078 ad
3283 2021 3401 2078 Gal.
3434 2024 3536 2079 hoc
3565 2040 3728 2079 utinm
3758 2025 3844 2080 in-

2238 2107 2411 2176 dicat,
2467 2110 2612 2181 quod
2668 2109 2914 2166 Hilarius
2962 2115 3138 2169 latine
3183 2115 3479 2186 eloquentia
3529 2115 3842 2183 Rhodanus,

2242 2199 2423 2258 Gallus
2463 2205 2611 2274 ipse,
2649 2214 2698 2259 et
2737 2204 2962 2262 Pictoris
3003 2208 3205 2278 genitus
3227 2247 3244 2274 ,
3282 2209 3339 2262 in
3377 2209 3687 2278 hymnorum
3727 2224 3845 2263 ear-

2239 2296 2376 2351 mine
2406 2294 2584 2352 Gallos
2607 2298 2855 2355 indociles
2883 2311 3044 2356 vocet.
3075 2300 3187 2358 Sed
3216 2317 3340 2357 cum
3371 2300 3610 2358 lsidorus
3639 2302 3844 2373 Hispal.

2241 2388 2337 2444 lib.
2395 2404 2415 2444 ι
2469 2386 2573 2444 Oli.
2623 2391 2759 2446 ccci.
2808 2409 2856 2446 c.
2909 2393 2964 2459 6,
3008 2392 3111 2448 hoc
3151 2394 3200 2448 ei
3240 2393 3412 2449 laudis
3449 2393 3666 2462 tribuit,
3697 2395 3840 2465 quod

2241 2484 2548 2555 hymnorum
2587 2487 2813 2541 contine
2853 2487 3046 2542 claruit
3083 2488 3313 2558 primus,
3353 2487 3407 2542 in
3446 2502 3584 2543 unos
3628 2487 3846 2545 Latinos

2241 2577 2544 2647 respexisse
2581 2578 2958 2650 intelligendus
2997 2589 3102 2635 est.
3143 2579 3278 2636 Nam
3316 2589 3371 2634 et
3413 2583 3466 2635 in
3505 2580 3609 2636 hoc
3645 2595 3847 2651 genere

2243 2670 2401 2740 longe
2435 2679 2564 2726 ante
2602 2671 2860 2726 Hilarium
2899 2672 3212 2728 claruerunt
3251 2675 3460 2728 Ascette
3489 2672 3600 2738 illi,
3631 2673 3701 2728 de
3725 2673 3846 2743 qui-

2245 2761 2347 2818 bus
2376 2762 2642 2818 Eusebius
2669 2763 2760 2819 lib.
2796 2777 2836 2819 ιι
2874 2765 3011 2820 Hist.
3061 2779 3180 2834 cap.
3235 2765 3326 2831 i7,
3356 2763 3472 2818 haec
3511 2778 3579 2819 ex
3619 2765 3848 2823 Philone

2244 2853 2538 2909 describit:
2566 2853 2690 2910 Non
2715 2857 2884 2911 solum
2905 2857 3320 2927 contemplationi
3341 2866 3559 2918 vacant;
3578 2857 3667 2911 sed
3692 2859 3847 2912 etiam

2242 2949 2442 3003 cantica
2481 2950 2795 3022 hymnosque
2829 2952 2899 3006 od
2928 2951 3136 3008 laudem
3185 2950 3282 3006 Dei
3326 2961 3637 3023 componunt
3705 2955 3847 3008 omni

2244 3051 2520 3096 metrorum
2542 3058 2605 3096 ac
2632 3044 3038 3098 modulationum
3063 3059 3266 3116 genere.
3298 3043 3512 3099 Arionis
3541 3059 3754 3116 quoque
3777 3046 3845 3101 ab

2246 3133 2362 3202 ipso
2396 3144 2522 3190 ortu
2560 3149 2660 3190 suo
2711 3135 3006 3192 solemnem
3053 3137 3222 3192 fuisse
3265 3136 3589 3207 hymnorum
3627 3147 3844 3192 cantum

532 3231 839 3288 bliothecas
868 3230 1238 3284 lustravimus.
1266 3229 1425 3298 Quod
1459 3228 1612 3283 nobis
1640 3227 1954 3282 censuimus
1999 3242 2138 3297 prze-
2162 3233 2208 3294 C
2243 3227 2396 3283 testis
2434 3237 2516 3284 est
2543 3229 2868 3298 percelebris
2907 3229 2997 3284 illa
3037 3229 3156 3285 Arii
3190 3230 3376 3286 Thalia
3397 3269 3413 3296 ,
3452 3229 3505 3284 in
3542 3244 3648 3300 qua
3683 3229 3846 3284 Atha-

531 3321 822 3385 standum,
854 3335 963 3375 non
994 3327 1203 3375 tantum
1232 3325 1291 3373 ut
1319 3319 1460 3375 edita
1482 3317 1879 3388 Hilariiscripta
1899 3318 2139 3388 pristinae

533 3413 828 3484 integritati
879 3427 992 3467 sua:
1032 3411 1315 3467 restituere
1339 3452 1356 3477 ,
1407 3411 1501 3466 sed
1535 3419 1592 3466 et
1620 3426 1651 3466 e
1680 3411 1901 3466 latebris
1942 3415 2140 3466 eruere

535 3509 779 3564 nondum
809 3507 953 3563 edita
998 3507 1321 3562 valeremus.
1352 3505 1548 3562 Latere
1582 3507 1727 3562 enim
1755 3505 1918 3560 multa
1949 3509 2141 3562 certis-

535 3601 734 3656 simum
770 3608 874 3656 est.
919 3600 986 3656 Et
1004 3600 1246 3672 psalmos
1275 3599 1490 3670 quidem
1526 3599 1706 3654 sinon
1743 3613 1962 3667 omnes,
1993 3607 2139 3655 certe

535 3695 708 3751 multo
736 3695 951 3767 plures,
976 3709 1137 3764 quam
1159 3707 1387 3764 quorum
1414 3691 1694 3748 'l‘ractatus
1718 3700 1956 3758 exstant,
1983 3707 2141 3748 enar-

533 3792 686 3842 ratos
711 3785 780 3840 ab
804 3799 872 3840 eo
901 3783 1065 3840 fuisse
1091 3783 1316 3854 speciali
1356 3783 1407 3838 in
1443 3781 1664 3839 eosdem
1691 3782 1974 3838 Tractatus
2003 3797 2133 3853 prin.

532 3879 742 3936 fatione
789 3879 1089 3935 evincetur.
1136 3875 1426 3932 Cassianus
1475 3885 1738 3947 prteterea
1783 3885 1840 3934 et
1879 3877 2140 3933 Alcuinus

534 3975 860 4046 prommium
885 3973 1052 4044 ipsius
1077 3971 1299 4028 laudant
1319 3971 1370 4025 in
1395 3969 1628 4026 Mattltaei
1655 3971 2136 4027 Connuentarium.

537 4067 608 4126 Et
630 4065 700 4121 ab
719 4065 1051 4137 Hieronymo
1079 4065 1130 4119 in
1154 4064 1294 4119 serie
1322 4060 1558 4134 Operum
1577 4063 1764 4118 Hilarii
1788 4073 2141 4120 recensentur

540 4159 668 4214 liber
691 4159 764 4213 ad
794 4164 1094 4230 praefectum
1120 4157 1409 4214 Salustium
1443 4159 1549 4214 sive
1590 4169 1770 4214 contra
1803 4158 2137 4228 Dioscorum,

539 4252 667 4307 liber
696 4257 1002 4322 hymnorum
1021 4292 1039 4317 ,
1070 4260 1120 4306 et
1145 4252 1501 4322 mysteriorum
1530 4253 1664 4306 alius
1685 4291 1702 4317 ,
1731 4252 1858 4308 liber
1896 4253 2142 4308 adversus

544 4341 819 4397 Ursacium
861 4353 907 4396 et
947 4342 1247 4408 Valentem,
1304 4342 1577 4398 Tractatus
1628 4345 1681 4398 in
1723 4344 1825 4399 Job
1849 4386 1864 4412 ,
1899 4361 2028 4416 quos
2079 4346 2144 4401 de

538 4449 711 4508 gm'co
741 4431 976 4504 Origenis
1005 4433 1074 4488 ad
1101 4450 1304 4488 sensum
1331 4437 1608 4502 transtulit,
1634 4436 1868 4507 epistola:
1885 4437 1953 4492 ad
1976 4438 2142 4492 diver-

538 4541 645 4590 sos,
669 4532 744 4590 et,
765 4532 825 4578 ut
849 4539 878 4579 a
908 4525 1180 4580 nonnullis
1200 4525 1466 4591 audierat,
1489 4527 1542 4580 in
1563 4525 1774 4583 Cantica
1787 4527 2136 4585 Canticorum.

2246 3323 2431 3378 nasius
2457 3323 2551 3379 0r.
2599 3338 2620 3378 t
2658 3333 2809 3378 cont.
2838 3324 3050 3390 Arian.,
3079 3339 3198 3394 pag.
3223 3323 3353 3389 510.
3379 3323 3566 3377 Arium
3595 3336 3844 3392 perversa

2244 3427 2340 3468 sua
2361 3424 2665 3470 commenta
2691 3416 2979 3471 inseruisse
3007 3425 3288 3471 metueret.
3313 3415 3622 3486 Magistrum
3651 3415 3844 3470 imitati

2243 3504 2490 3576 discipuli
2521 3507 2752 3578 hymnus
2776 3516 2904 3577 apte
2930 3507 2999 3563 ad
3039 3523 3192 3563 suam
3223 3509 3471 3563 hmresitn
3513 3508 3844 3578 compositos

2242 3597 2546 3652 alternatim
2567 3600 2899 3654 cecinerunt.
2923 3598 3076 3665 Quod
3095 3613 3220 3654 cum
3243 3598 3474 3654 Arcadio
3495 3600 3841 3667 imperatore,

2244 3687 2429 3746 Gaium
2457 3694 2694 3760 potentia
2721 3690 2877 3758 freti,
2909 3691 3121 3762 publice
3144 3705 3210 3748 oc
3237 3706 3445 3746 summa
3475 3707 3601 3746 cum
3633 3693 3845 3748 licentia

2243 3793 2594 3854 praestarent;
2622 3786 2823 3841 veritus
2841 3785 3290 3858 Chrysostotnus,
3317 3801 3384 3841 ne
3410 3786 3528 3856 quis
3548 3801 3612 3841 ex
3639 3787 3847 3856 simpli-

2243 3877 2516 3945 cioribus,
2562 3877 2867 3950 hujussnodi
2909 3880 3166 3945 canticis,
3204 3879 3273 3934 ab
3300 3878 3542 3934 Ecclesia
3571 3879 3850 3934 abstrahi»

2244 3978 2418 4036 retur,
2461 3970 2720 4040 quosdam
2748 3985 2816 4026 ex
2845 3971 3111 4026 catholica
3141 3971 3299 4042 plebe
3325 3972 3408 4027 eis
3432 3972 3714 4042 Opposuit,
3755 3971 3846 4042 qui

2243 4062 2452 4133 majore
2491 4079 2611 4118 cum
2653 4079 2848 4134 pompa
2877 4075 2932 4119 et
2958 4072 3214 4136 apparatu
3243 4063 3477 4137 hymnos
3513 4064 3849 4121 decantandi)

2245 4153 2566 4210 Arianorum
2615 4155 2848 4210 studium
2896 4165 3234 4227 superarent.
3291 4157 3528 4212 Socratis
3574 4172 3639 4212 ac
3683 4159 3848 4215 Solo-

2244 4249 2419 4316 meni,
2448 4264 2478 4303 a
2503 4249 2698 4319 quibus
2721 4249 2837 4304 haec
2859 4251 3164 4320 accepimus
3191 4249 3440 4324 (Socrat.
3467 4251 3555 4306 lib.
3587 4266 3641 4305 vr
3661 4291 3676 4318 ,
3705 4267 3755 4305 c.
3787 4255 3844 4318 8,

2245 4349 2293 4394 et
2333 4339 2541 4394 Sozam.
2591 4342 2679 4396 lib.
2726 4357 2853 4408 vtn,
2894 4357 3011 4412 cap.
3040 4341 3132 4410 8),
3161 4342 3208 4397 si
3237 4343 3613 4414 expenduntur
3643 4345 3803 4399 verba
3826 4381 3845 4412 ,

2245 4434 2577 4505 publicarum
2629 4435 3079 4505 supplicationum
3127 4450 3224 4490 seu
3274 4437 3674 4506 processionum
3716 4451 3841 4492 con-

2246 4527 2506 4595 suetudo,
2549 4528 2600 4582 in
2641 4529 2792 4584 {esus
2818 4543 2880 4583 ae
2907 4523 3200 4584 Dominicis
3227 4529 3418 4584 diebus
3451 4529 3674 4596 usitata,
3719 4531 3845 4586 hinc

536 4617 685 4673 Libri
719 4617 976 4673 adversus
1006 4615 1288 4674 Ursacium
1310 4626 1366 4673 et
1393 4618 1671 4676 Valentem
1701 4631 1991 4693 supersunt
2023 4631 2138 4678 tan-
2163 4629 2220 4691 1)
2244 4628 2368 4674 nata
2393 4629 2517 4676 esse
2541 4618 2699 4676 facile
2725 4620 3136 4676 existimabitur.
3169 4621 3503 4691 Quamquam
3538 4620 3844 4691 hujusmodi

539 4722 653 4766 tum
685 4712 1026 4782 lragrnento:
1059 4723 1378 4769 czcterorum
1427 4713 1597 4782 nihil,
1647 4725 1739 4770 aut
1776 4733 1943 4786 prope
1982 4717 2133 4772 nihil.

538 4803 652 4861 Sed
682 4804 748 4860 de
772 4805 1000 4874 singulis
1039 4805 1296 4861 nonnulla
1329 4807 1623 4862 observare
1641 4806 1842 4878 juverit
1861 4849 1876 4874 ,
1905 4824 2012 4879 quo
2044 4826 2136 4865 va-

536 4898 650 4954 leat
667 4899 894 4971 quisque
924 4900 1005 4956 vel
1033 4900 1213 4956 oblata
1241 4900 1582 4972 dignoscere,
1608 4904 1696 4959 vel
1717 4918 1976 4975 respuere
1998 4905 2138 4965 falso

537 4989 728 5047 Hilarii
752 4992 970 5048 nomine
989 5000 1298 5062 personata.

743 5121 833 5182 tu.
873 5124 956 5181 οε
984 5125 1180 5182 Hilarii
1201 5126 1457 5199 Operibus
1475 5139 1594 5200 qua:
1611 5128 1934 5186 exciderunt.

613 5263 703 5319 19.
744 5262 928 5332 Qualis
948 5265 1136 5322 Hilarii
1158 5266 1224 5322 ad
1255 5265 1549 5324 Salustium
1573 5270 1731 5338 liber,
1763 5272 2140 5342 cujusvecon-

539 5353 761 5411 ditionis
794 5356 1080 5416 Dioscorus
1117 5359 1314 5429 fuerit.
1353 5360 1714 5434 Hieronymus
1739 5364 1897 5436 epist.
1928 5364 2038 5435 84,
2067 5368 2138 5423 ad

539 5443 788 5518 Magnum
813 5491 827 5516 ,
875 5450 1108 5521 explicat
1155 5452 1242 5510 bis
1284 5454 1464 5512 verbis
1501 5473 1516 5511 ε
1554 5455 1704 5512 Brevi
1737 5457 1910 5514 libello
1933 5494 1951 5528 ,
1992 5477 2142 5532 quem

539 5539 745 5610 scripsit
783 5549 962 5594 contra
1005 5535 1312 5600 Dioscorum
1362 5549 1648 5615 medicum,
1693 5551 1820 5620 quid
1865 5553 1918 5606 in
1961 5553 2144 5608 litteris

542 5639 712 5700 posset
743 5631 982 5686 ostendit.
1012 5631 1216 5699 Quibus
1253 5636 1299 5691 si
1335 5639 1607 5695 addideris
1626 5642 1769 5711 quod
1804 5643 1872 5700 de
1903 5643 2142 5702 Salustio

543 5728 730 5776 narrat
769 5713 1144 5779 Theodoretus
1183 5724 1276 5781 lib.
1319 5742 1379 5782 ιιι
1414 5729 1551 5785 Hist.
1594 5731 1742 5788 Eccl.
1783 5748 1833 5790 c.
1868 5735 1956 5803 11,
1991 5752 2136 5806 eum,

549 5815 823 5883 ethnicum
867 5821 1022 5897 licet,
1046 5819 1315 5884 lulianum
1348 5831 1529 5897 tamen
1563 5844 1593 5894 a
1620 5831 1927 5894 cruciandis
1953 5831 2138 5902 Chris-

2246 4714 2407 4770 ritum
2446 4713 2556 4784 jam
2598 4721 2834 4769 veterem
2873 4713 3109 4784 appellat
3149 4713 3464 4768 Ambrosius
3496 4716 3659 4784 epist.
3701 4726 3846 4770 nunc

2244 4806 2336 4872 40,
2367 4806 2436 4861 ad
2461 4803 2756 4873 Theodos.,
2786 4805 2847 4860 n°
2877 4806 2966 4871 16,
2999 4805 3087 4862 ubi
3118 4805 3390 4861 Monachis
3414 4805 3846 4863 aValentinianis

2244 4899 2570 4972 prohibitum
2601 4913 2722 4954 esse
2751 4908 3015 4954 memorat
3049 4900 3166 4964 iter,
3205 4915 3306 4967 quo
3345 4899 3572 4970 psalmos
3609 4911 3846 4954 canentes

2242 5005 2306 5048 ea:
2331 4990 2695 5046 consuetudine
2722 5007 2876 5062 usque
2901 4992 3052 5047 ueteri
3093 4992 3365 5064 pergebant
3402 4992 3470 5046 ad
3507 4991 3846 5047 celebritatem

2242 5084 2663 5140 Hachabteorum
2689 5083 2998 5156 Hartyrum.
3027 5086 3121 5141 llis
3147 5084 3322 5141 obiter
3347 5084 3668 5151 observatis,
3699 5096 3756 5139 ut
3776 5084 3845 5140 ad

2241 5177 2501 5234 Hilarium
2532 5188 2884 5248 revertamur,
2919 5178 3057 5235 torte
3084 5180 3244 5235 etiam
3285 5180 3400 5249 ipse
3438 5177 3578 5234 inter
3616 5179 3847 5234 Arianos

2241 5277 2509 5347 relegatus
2530 5313 2544 5342 ,
2572 5283 2694 5330 cum
2725 5274 3044 5346 hymnorum
3076 5288 3251 5340 usum,
3275 5289 3380 5345 quo
3411 5273 3486 5328 illi
3508 5271 3572 5328 ad
3596 5272 3844 5329 haeresim

2244 5386 2397 5428 suam
2427 5369 2798 5426 insinuandam
2831 5367 3209 5435 abutebantur,
3241 5366 3313 5423 ad
3353 5381 3535 5423 veram
3577 5365 3736 5423 ﬁdem
3780 5381 3846 5422 ac

2246 5465 2501 5534 pietatem
2539 5462 2736 5517 animis
2773 5459 3010 5516 ﬁdelium
3064 5460 3406 5531 injiciendum
3454 5469 3509 5515 et
3557 5459 3842 5536 fovendam

2248 5555 2745 5614 commodissimum
2790 5553 3092 5626 iudicaret,
3142 5553 3208 5608 ad
3259 5551 3487 5624 hymnos
3529 5550 3848 5608 scribendos

2249 5649 2486 5705 animum
2516 5645 2732 5718 adjecit.

2320 5743 2410 5798 91.
2442 5741 2643 5798 Eorum
2669 5741 2857 5797 saltem
2881 5738 3169 5797 nonnullos
3202 5738 3255 5795 in
3283 5737 3645 5796 ecclesiastica
3671 5735 3843 5794 ofﬁcit

2247 5848 2526 5926 susceptos
2557 5851 2682 5900 esse
2705 5835 2859 5898 valde
2885 5833 3167 5918 probabile
3195 5843 3298 5896 est.
3328 5833 3588 5895 Erasmus
3618 5830 3850 5909 hymnos
3896 5887 3906 5895 .
