4232 6256
390 317 459 372 9|
1660 317 2035 379 l‘REFATIO
2071 321 2486 384 GENERAUS.
3635 340 3706 394 ἑὲ

385 442 455 498 de
481 439 544 497 S.
573 439 828 497 Johaune
855 439 1089 510 Baptista
1115 450 1170 496 et
1201 441 1270 497 de
1296 441 1470 497 Cruce
1501 441 1688 498 Hilarii
1717 455 1840 498 esse
1868 456 2000 498 con-
2025 443 2082 506 Δ
2107 457 2204 513 pro
2245 443 2580 513 temporibus
2621 459 2683 499 ac
2726 445 2859 502 locis
2902 461 3000 520 per
3039 463 3165 506 suos
3192 450 3406 524 singula
3430 451 3668 527 disparuit

380 534 586 605 jectat:
615 533 715 590 sed
745 533 910 603 hujus
938 532 1268 602 conjectum:
1296 548 1410 590 sua:
1441 533 1640 590 nullam
1677 531 1835 588 all‘ert
1875 549 1998 603 pro-

2105 543 2409 606 temperat,
2443 537 2653 606 perficit
2675 579 2689 605 ,
2717 496 2935 612 propri;
2963 541 3218 599 evadant.
3252 496 3421 618 li'ujus
3457 496 3554 602 rei.
3567 496 3706 606 cale:

381 627 698 694 hstium,
732 635 794 684 et
831 627 1065 699 hymnos
1103 627 1171 684 de
1207 626 1381 688 Crucc
1418 627 1739 684 nominatim
1783 636 2000 684 constat
2101 627 2200 685 bre
2251 629 2558 699 exemplum
2612 639 2833 702 pra-stat
2878 632 3125 706 Gregorii
3173 633 3661 698 Sacramentarium
3686 685 3702 712 ,

382 733 505 775 esse
551 717 858 774 Fortunati.
915 717 1185 790 Hymuum
1225 717 1404 772 Gloria
1441 720 1495 771 in
1530 717 1744 774 excelsis
1797 716 1867 774 ab
1904 717 1998 774 illo
2099 719 2243 791 quod
2273 721 2325 776 in
2357 736 2487 778 usus
2511 737 2641 778 suos
2670 722 2741 778 ita
2768 725 3248 784 accommodarunt
3271 728 3497 802 singula:
3526 735 3703 789 eccle.

379 822 600 867 auctum
643 819 700 868 et
726 819 1158 866 consummatum
1188 824 1312 868 esse
1345 809 1562 866 tradunt
1591 809 1852 868 Alcuinus
1881 810 1997 868 vul-

378 913 536 975 gatus
563 905 658 960 lib.
691 904 759 960 de
786 905 898 960 div.
931 903 1034 960 OE.
1066 920 1116 960 c.
1150 903 1244 970 ιο,
1279 905 1552 975 Remigius
1579 906 1780 962 Autiss.
1817 905 1908 962 lib.
1943 924 1992 976 t,

379 997 450 1054 de
487 997 692 1056 celebr.
724 997 938 1065 Missae,
972 997 1124 1068 Hugo
1158 998 1294 1054 Vict.
1327 998 1422 1055 lib.
1473 1014 1513 1056 ιι
1554 999 1623 1058 de
1661 998 1901 1058 Sacram.
1937 1016 1991 1071 p.

378 1090 432 1159 9,
463 1105 517 1147 e.
550 1091 604 1157 9,
634 1102 691 1148 et
717 1091 987 1148 Honorius
1024 1091 1399 1163 Augustodun.
1442 1093 1540 1152 lib.
1578 1110 1630 1162 ι,
1668 1095 1740 1152 de
1775 1109 1991 1166 gemma

373 1189 595 1254 auium,
625 1203 680 1244 ο.
713 1189 808 1252 87,
842 1189 1001 1258 idque
1026 1204 1054 1241 a
1081 1189 1323 1258 pluribus
1351 1190 1423 1246 ita
1461 1190 1754 1246 existimari
1795 1190 1991 1247 fatetur

373 1278 738 1344 [innocentium
769 1280 839 1336 ΙΙΙ
878 1280 971 1338 lib.
1005 1296 1044 1336 ιι
1084 1290 1247 1352 myst.
1279 1281 1454 1338 Missae
1502 1298 1554 1339 c.
1609 1283 1703 1349 20,
1742 1284 1985 1355 quamvis

373 1373 492 1443 ipse
521 1372 860 1443 Telesphore
887 1372 1030 1428 hanc
1056 1373 1280 1443 gloriam
1313 1374 1529 1430 tribuat.
1575 1375 1645 1431 Et
1681 1377 1898 1446 quidem
1928 1385 1988 1432 ut

370 1464 607 1537 hymnus
632 1465 908 1536 angelicus
949 1465 1004 1520 in
1044 1466 1207 1522 missa
1247 1475 1557 1534 caneretur,
1583 1482 1614 1524 a
1650 1467 1986 1538 Telesphore

375 1558 524 1628 Papa
550 1558 848 1614 histitutum
871 1571 996 1614 esse
1021 1557 1353 1628 scripserunt
1380 1559 1695 1617 Anastasius
1718 1560 1981 1618 Blbliotli.

371 1649 432 1708 in
461 1650 579 1720 ejus
611 1651 712 1706 vita
730 1690 747 1724 ,
782 1648 1086 1706 Valafridus
1115 1649 1312 1708 Strabo
1339 1649 1408 1707 de
1433 1649 1617 1708 Rebus
1641 1652 1780 1708 eccl.
1805 1668 1860 1708 e.
1888 1651 1979 1722 9.3,

372 1747 674 1804 Amalarius
702 1747 1065 1812 Fortunatus,
1098 1745 1192 1802 lib.
1237 1762 1297 1802 ιιι
1337 1747 1408 1802 de
1457 1746 1559 1804 ΟΠ.
1605 1748 1765 1811 eocl..
1812 1762 1867 1805 c.
1915 1750 1971 1816 8,

2098 813 2193 870 sia:
2213 853 2230 878 ,
2262 820 2321 867 ut
2350 814 2434 870 vix
2465 829 2628 869 unum
2661 815 2901 886 reperias
2929 817 3230 890 exemplar,
3261 821 3403 894 quod
3441 819 3705 894 Gregorio

2099 904 2409 962 adscribere
2441 921 2510 964 ex
2535 905 2712 964 solido
2742 908 2941 964 valeas.

2165 997 2256 1052 24.
2303 998 2569 1069 Epistolas
2608 999 2794 1056 Hilarii
2847 1000 2897 1058 in
2948 1017 3112 1058 unum
3152 1003 3421 1074 quoddam
3453 1006 3704 1066 volumen

2093 1089 2348 1147 collectas
2386 1090 2550 1146 fuisse
2587 1101 2781 1150 sonant
2822 1093 2982 1148 verba
3025 1093 3248 1164 Sulpicii
3293 1096 3517 1166 Severi,
3563 1100 3694 1156 dum

2093 1185 2188 1242 lib.
2239 1203 2280 1244 ιι
2317 1186 2502 1243 Osiuni
2532 1188 2844 1242 centenario
2872 1188 3133 1260 majorem
3176 1191 3384 1262 lapsum
3426 1207 3547 1250 esse
3589 1205 3700 1252 tes-

2092 1288 2232 1335 tatus
2253 1320 2266 1346 ,
2310 1279 2560 1350 subjicit,
2593 1289 2645 1334 ut
2675 1291 2879 1335 sanctus
2912 1280 3148 1337 Hilarius
3179 1283 3230 1338 in
3258 1283 3486 1354 epistolis
3513 1289 3688 1357 refert.

2087 1371 2355 1427 Nonnulla
2382 1371 2556 1426 adhuc
2586 1373 2636 1427 in
2665 1374 2932 1444 Operibus
2957 1375 3104 1431 illius
3133 1390 3416 1434 remanent
3442 1382 3692 1451 vestigia,

2085 1480 2152 1520 ex
2183 1465 2376 1534 quibus
2407 1464 2814 1534 deprehendere
2842 1474 2926 1521 est
2955 1468 3192 1536 quando,
3223 1470 3290 1524 ad
3314 1485 3470 1542 quos,
3502 1473 3699 1542 quibus

2085 1557 2152 1614 de
2184 1557 2346 1613 rebus
2372 1558 2667 1628 scripserit.
2699 1558 2799 1626 Qui
2833 1559 2980 1614 illum
3009 1561 3210 1617 decreti
3236 1579 3378 1620 anno
3433 1566 3539 1621 555
3565 1569 3678 1622 edit

2083 1662 2363 1708 auctorem
2405 1665 2530 1708 esse
2573 1652 2940 1718 concesserit,
2985 1667 3094 1722 quo
3131 1669 3192 1710 se
3234 1670 3356 1710 cum
3403 1656 3694 1716 Gallicanis

2084 1744 2359 1816 episcopis
2401 1760 2431 1799 a
2475 1747 2786 1813 Saturnini,
2833 1746 3039 1804 Ursacii
3082 1759 3137 1804 et
3179 1748 3417 1808 Valentis
3453 1766 3698 1808 cominu—

371 1849 425 1896 et
473 1840 716 1910 vulgatus
754 1839 1017 1897 Alcuinus
1051 1837 1121 1893 de
1164 1837 1274 1894 div.
1319 1837 1421 1894 Oﬂ'.
1471 1853 1522 1894 c.
1573 1838 1662 1895 39.
1703 1839 1810 1896 Sed
1851 1855 1973 1896 cum
2006 1834 2054 1898 Β
2085 1837 2245 1892 nione
2270 1839 2537 1908 acparavit
2560 1879 2574 1903 ,
2609 1840 2684 1894 uti
2715 1840 2810 1894 lib.
2845 1841 2897 1895 in
2929 1840 3306 1898 Constantium
3339 1844 3400 1898 n°
3432 1845 3466 1900 2
3521 1846 3700 1904 decla-

373 1933 804 2002 prtecedentihus
848 1933 1053 2004 absque
1093 1932 1310 2002 negmio
1339 1947 1406 1986 ea
1460 1934 1674 1990 ratione
1702 1932 1977 1988 conciliari

365 2034 593 2097 queunt,
635 2035 695 2080 ut
727 2023 1091 2095 Telesphorus
1117 2024 1336 2096 quidem
1369 2026 1529 2080 verba
1559 2025 1892 2096 Angelorum
1926 2026 1976 2080 in

365 2121 529 2175 missa
567 2119 689 2176 caui
727 2118 1051 2185 instituerit;
1091 2117 1364 2188 quomodo
1403 2133 1463 2174 re
1502 2134 1625 2173 vera
1659 2119 1713 2174 in
1739 2117 1976 2189 Liturgia

369 2211 430 2266 S.
464 2209 646 2266 Jacobi
683 2219 762 2265 ter
791 2209 1074 2275 dicuntur;
1107 2209 1201 2264 sed
1233 2209 1436 2280 reliqua
1463 2222 1738 2266 auctorem
1769 2210 1974 2267 habue-

367 2305 480 2361 rint
506 2305 787 2362 llilarium.
811 2305 1000 2376 Neque
1019 2314 1206 2361 contra
1232 2306 1464 2375 priorem
1486 2306 1795 2376 opinionem
1824 2305 1977 2375 quid-

366 2413 526 2469 quam
556 2397 860 2460 conficitur.
891 2408 1033 2454 utea
1064 2397 1206 2454 libro
1231 2397 1513 2455 Athanasii
1541 2399 1609 2453 do
1636 2397 1974 2468 Virginitate,

365 2488 418 2546 in
445 2505 556 2561 quo
580 2490 813 2562 hymnus
837 2489 926 2544 hic
947 2491 1156 2560 integer
1181 2497 1533 2552 memoratur.
1556 2499 1648 2546 aut
1669 2503 1734 2544 ex
1762 2489 1855 2544 lib.
1905 2503 1973 2546 vu

363 2579 596 2639 Constit.
625 2581 816 2652 Apost.
848 2597 899 2638 c.
925 2583 1019 2648 47.
1043 2583 1134 2637 ubi
1157 2591 1418 2638 exstatex
1441 2581 1624 2636 aolido
1647 2581 1971 2651 descriptus.

363 2675 520 2732 Hunc
549 2676 695 2731 enim
721 2684 934 2732 constat
983 2675 1224 2745 pluribus
1253 2673 1594 2746 postmodum
1643 2682 1857 2728 auctum
1887 2687 1975 2728 es-

363 2781 460 2831 se.
491 2768 646 2824 illum
675 2779 856 2824 autem
889 2767 1170 2824 Athanasii
1214 2780 1337 2822 esse
1372 2766 1599 2822 minime
1639 2767 1819 2836 liquet.
1863 2764 1972 2822 Sed

366 2876 545 2930 neque
565 2859 724 2917 adest
747 2861 1044 2915 auctoritas
1069 2859 1200 2916 satis
1226 2859 1464 2929 antiqua,
1491 2873 1594 2928 qna
1619 2857 1822 2913 Hilario
1844 2873 1970 2913 eum

365 2954 622 3025 hymnum
667 2953 1074 3018 adscribamus,
1101 2968 1263 3022 quem
1305 2951 1592 3008 concilium
1647 2950 1968 3005 Toletanum

364 3064 419 3103 tv
439 3087 456 3114 ,
497 3063 618 3105 can.
655 3049 743 3115 15,
779 3046 1058 3103 indefinite
1089 3046 1248 3102 tradit
1275 3045 1344 3101 ab
1372 3044 1754 3100 ecclesiasticis
1783 3055 1968 3100 aucto-

363 3141 520 3198 ribus
543 3156 668 3199 esse
695 3141 1074 3212 cottipositum.
1108 3139 1359 3210 Ejusdem
1390 3139 1608 3210 hymni,
1639 3155 1746 3193 non
1785 3148 1964 3194 autem

2087 1941 2211 1996 rat,
2269 1945 2377 1985 non
2429 1930 2636 1988 inficias
2677 1932 2798 1988 ierit
2843 1933 3090 1992 eumdem
3131 1936 3313 1992 statim
3351 1937 3524 1994 sancti
3567 1953 3695 1991 con—

2083 2017 2380 2082 {essoribus
2411 2025 2510 2080 hoc
2540 2041 2698 2084 suum
2727 2027 3004 2085 decretum
3034 2028 3401 2098 signiﬁcasse,
3433 2031 3576 2100 quod
3607 2048 3696 2084 eo-

2083 2131 2201 2173 rum
2225 2117 2548 2174 auctoritate
2571 2118 2999 2178 confirmandum
3025 2121 3405 2192 dereliquerat.
3437 2125 3692 2193 Apertius

2083 2210 2178 2266 lib.
2209 2211 2278 2267 de
2303 2212 2534 2282 Synodis
2587 2213 2648 2268 o°
2681 2215 2707 2270 ι
2753 2224 3055 2281 memorat,
3099 2230 3158 2270 se
3195 2230 3262 2274 es
3302 2231 3372 2272 eo
3412 2226 3692 2286 tempore,

2081 2319 2190 2374 quo
2219 2305 2274 2358 in
2303 2305 2524 2360 erilium
2552 2306 2743 2374 pulsus
2785 2314 2903 2372 est,
2942 2307 3012 2364 do
3048 2307 3283 2366 diversis
3324 2308 3691 2366 Romanorum

2081 2397 2492 2466 provinciarum
2526 2399 2750 2456 urbibus
2779 2399 2963 2469 plures
2992 2401 3206 2458 misisse
3237 2402 3466 2469 litteras,
3499 2403 3696 2474 quibus

2081 2489 2454 2551 Occidentales
2482 2490 2552 2548 de
2581 2490 2934 2554 Orientalium
2961 2494 3318 2552 ecclesiarum
3343 2503 3510 2562 statu,
3539 2506 3593 2552 et
3619 2498 3688 2554 de

2081 2599 2374 2655 progressu
2417 2585 2630 2641 Arianae
2669 2586 2944 2643 haereseos
2987 2587 3248 2643 certiores
3287 2587 3536 2646 faciebat.
3571 2590 3688 2648 Eis-

2077 2675 2238 2740 dem,
2270 2677 2343 2731 uti
2383 2677 2673 2732 concilium
2717 2676 3020 2733 Parisieuse
3044 2677 3258 2749 Fragm.
3292 2695 3360 2744 ιι,
3394 2680 3452 2734 ιι⁰
3481 2683 3548 2748 4,
3581 2689 3686 2736 tes-

2077 2774 2222 2822 tatur
2248 2808 2263 2832 ,
2308 2783 2453 2824 anno
2498 2769 2606 2824 560
2650 2769 2869 2825 ineunte
2910 2771 3208 2836 nuntiavit,
3253 2771 3342 2841 qui
3384 2771 3685 2830 Orientales

2075 2877 2197 2917 cum
2245 2861 2437 2932 legatis
2485 2863 2732 2917 Arimino
2776 2863 3300 2934 Constantinopolim
3347 2868 3580 2920 reversis
3621 2881 3681 2922 se

2076 2952 2394 3022 gessissent.
2427 2954 2505 3007 Ex
2532 2969 2634 3023 qua
2665 2953 3044 3023 qualicumque
3073 2955 3262 3009 notitia
3290 2954 3534 3010 concludi
3566 2973 3683 3013 me-

2073 3045 2176 3100 rito
2208 3052 2417 3114 potest,
2449 3061 2572 3100 eum
2605 3044 2768 3100 toties
2792 3045 3074 3102 catholicis
3106 3048 3424 3119 scripsiSse,
3465 3049 3680 3118 quoties

2071 3136 2268 3206 aliquid
2301 3137 2516 3203 accidit,
2545 3136 2689 3208 quod
2722 3145 2778 3191 ut
2809 3138 3066 3194 Ecclesia:
3097 3147 3281 3194 notum
3314 3149 3478 3210 esset,
3513 3143 3682 3197 intcr~

349 3234 636 3297 auctoris.
670 3232 872 3288 mentio
911 3231 1137 3288 habetur
1165 3233 1219 3286 in
1249 3229 1456 3301 Regula
1486 3231 1542 3289 S.
1578 3230 1797 3288 Caisarii
1827 3230 1961 3286 Are-
1987 3226 2032 3288 C
2065 3246 2184 3284 esse
2223 3231 2500 3297 judicarit.
2550 3231 2844 3286 Catholica:
2877 3239 3004 3286 sunt
3032 3233 3175 3287 enim
3209 3242 3263 3288 et
3292 3234 3576 3290 catholicis
3616 3251 3680 3294 ac

362 3326 650 3476 “2:0?
660 3363 882 3478 auclore
905 3418 1086 3490 hymni
1119 3416 1190 3474 Te
1213 3417 1378 3472 Deum
1402 3432 1509 3474 non
1539 3417 1716 3474 minus
1738 3417 1966 3474 diversa:

361 3523 490 3569 sunt
532 3513 834 3570 sententias.
875 3512 975 3579 Qui
1020 3512 1167 3568 illum
1207 3512 1278 3568 ab
1302 3513 1482 3580 aliquo
1513 3512 1569 3568 S.
1603 3511 1663 3566 Ρ.
1693 3510 1760 3566 Ν.
1797 3511 1967 3566 Bene—

361 3604 495 3660 dicti
523 3604 791 3675 discipulo
813 3605 1168 3673 cotnpositnm
1199 3604 1560 3671 existimavit,
1594 3605 1714 3674 quia
1744 3605 1794 3658 in
1828 3604 1968 3660 illius

365 3697 566 3767 Regula
593 3713 642 3752 c.
673 3699 728 3765 9,
753 3706 1078 3769 przcceptum
1093 3707 1175 3752 est
1202 3706 1260 3750 ut
1287 3697 1509 3767 singulis
1538 3697 1830 3753 Dominicis
1843 3712 1970 3753 can-

358 3797 529 3854 tatur.
561 3788 825 3845 refutatur
853 3805 919 3845 ex
949 3789 1166 3844 Cmsarii
1201 3788 1492 3844 Benedicto
1521 3789 1763 3859 :eqoalis,
1805 3790 1969 3844 immo

365 3883 532 3938 etiam
562 3883 723 3952 paulo
746 3881 1080 3952 superioris,
1115 3881 1350 3951 Regula.
1395 3881 1447 3937 in
1485 3897 1590 3952 qua
1633 3881 1774 3938 idem
1815 3881 1968 3952 hym-

363 3989 471 4030 nus
496 3989 618 4044 cap.
651 3975 743 4043 2i,
777 3982 1125 4030 memoratur.
1173 3974 1303 4043 Quae
1331 3983 1512 4029 autem
1544 3973 1886 4030 Ambrosium
1916 3987 1971 4034 et

361 4071 724 4140 Augustinum
763 4081 1012 4125 auctores
1052 4069 1196 4124 illius
1240 4068 1369 4124 facit
1410 4069 1548 4140 vulgi
1590 4069 1805 4139 opinio,
1851 4069 1970 4125 solo

363 4165 559 4219 nititur
587 4161 971 4236 pseudo-Dacii
998 4159 1267 4219 Chronico
1294 4160 1388 4217 lib.
1419 4177 1470 4228 ι,
1500 4176 1552 4216 c.
1587 4161 1671 4217 10.
1706 4161 1967 4218 Eumdem

365 4260 421 4315 in
453 4274 556 4314 ms.
588 4268 715 4316 ante
740 4271 915 4316 annos
942 4256 1072 4324 400,
1103 4265 1325 4313 exarata
1355 4256 1585 4311 vidimus
1615 4255 1704 4310 uni
1735 4254 1970 4311 Ambro-

363 4352 448 4408 sio
473 4350 840 4420 adscriptum,
873 4347 1169 4419 Smaragdo
1195 4347 1250 4402 in
1280 4347 1534 4418 Regulum
1563 4346 1764 4402 Bcned.
1821 4361 1872 4402 c.
1907 4347 1964 4401 ιι

365 4445 732 4516 suilragaute,
765 4443 855 4500 ubi
887 4442 1145 4514 hymnum
1175 4458 1299 4497 eum
1341 4449 1498 4497 vocat
1525 4441 1964 4498 Ambrosianum.

367 4537 437 4591 At
465 4537 619 4594 Abba
662 4535 1025 4591 Floriacensis
1065 4534 1296 4606 epistola
1336 4533 1392 4589 in
1435 4549 1538 4590 ms.
1572 4533 1848 4588 Pithzeano
1879 4551 1968 4590 re-

2074 3327 2200 3376 totis
2236 3323 2495 3378 Eaclcsiis
2518 3363 2533 3390 ,
2577 3340 2682 3378 non
2723 3325 2944 3394 privatis
2984 3327 3230 3395 personis
3261 3327 3531 3397 inscripta:
3565 3328 3679 3400 ple-

2069 3431 2255 3484 neque
2289 3415 2473 3470 llilarii
2501 3417 2766 3487 epistolae.
2796 3417 2989 3473 Libros
3013 3417 3230 3489 quidem
3255 3420 3525 3492 appellare
3554 3421 3669 3489 pla-

2070 3509 2182 3563 cuit
2213 3509 2355 3564 illius
2383 3525 2504 3564 cum
2535 3510 2604 3566 de
2639 3511 2871 3581 Synodis
2902 3526 2965 3566 ac
2997 3511 3100 3566 fide
3135 3511 3484 3566 Orientalium
3507 3554 3520 3574 ,
3557 3520 3670 3568 tum

2069 3611 2258 3658 contra
2288 3603 2678 3669 Constantium,
2707 3619 2806 3660 nec
2834 3621 2939 3658 non
2969 3612 3154 3661 contra
3179 3604 3505 3662 Auxentium
3536 3607 3675 3678 Ope-

2073 3705 2170 3761 ra;
2215 3692 2310 3749 sed
2361 3697 2576 3764 proprie
2616 3702 2794 3751 tamen
2838 3697 3082 3766 epistola:
3123 3705 3252 3752 sunt
3293 3697 3359 3753 ad
3403 3697 3677 3754 Ecclesias

2074 3787 2275 3844 missae.
2307 3787 2379 3842 lta
2409 3796 2465 3841 ct
2492 3802 2614 3844 cum
2646 3789 2890 3845 diversas
2918 3789 2987 3846 de
3016 3790 3244 3846 diversis
3277 3790 3672 3860 provinciarum

2072 3879 2440 3936 Romanarum
2474 3883 2719 3953 partibus
2743 3898 2804 3938 se
2832 3883 3115 3955 scripsisse
3144 3884 3322 3952 dicat;
3357 3885 3555 3940 nullius
3597 3895 3677 3940 ta»

2077 3990 2199 4030 men
2228 3976 2384 4031 audis
2415 3991 2611 4032 nomen
2643 3977 2920 4048 episcopi,
2951 3977 3017 4031 ad
3049 3993 3210 4048 quem
3245 3977 3493 4048 privatim
3525 3978 3672 4034 litte-

2073 4081 2161 4121 ras
2181 4082 2308 4122 suas
2331 4067 2558 4124 miserit.
2587 4068 2780 4124 Totum
2811 4085 3025 4139 quoque
3043 4069 3328 4124 concilium
3346 4067 3673 4136 Parisiense,

2073 4173 2178 4212 non
2208 4158 2494 4228 singularis
2521 4160 2806 4230 episcopus
2825 4200 2839 4224 ,
2871 4159 2977 4214 sibi
3005 4160 3072 4213 ab
3098 4159 3194 4214 illo
3220 4160 3520 4214 nuntiatum
3553 4175 3585 4218 e
3615 4177 3676 4218 sc

2072 4250 2362 4316 rescribit,
2393 4251 2518 4321 quid
2557 4267 2681 4308 cum
2719 4251 3079 4308 Orientalibus
3117 4261 3386 4323 ageretur.
3435 4252 3551 4309 Non
3593 4262 3676 4312 cst

2074 4350 2252 4398 tamen
2275 4344 2578 4413 negandum
2606 4345 2749 4416 quod
2769 4345 3018 4415 superius
3044 4345 3113 4400 ab
3145 4343 3472 4419 Hieronymo
3499 4345 3674 4406 audii-

2071 4449 2230 4501 mus,
2269 4452 2392 4492 cum
2436 4437 2600 4493 etiam
2649 4437 2717 4493 ad
2760 4438 3006 4494 diversos
3050 4437 3356 4508 scripsisse.
3409 4434 3477 4494 Et
3523 4449 3675 4498 certe

2074 4528 2197 4583 libri
2239 4528 2306 4584 de
2351 4528 2582 4600 Synodis
2626 4532 2977 4603 Apologiam,
3022 4550 3052 4588 e
3091 4548 3225 4588 mss.
3268 4549 3410 4590 nunc
3441 4535 3670 4606 primum

365 4629 493 4684 licta
510 4669 528 4697 ,
559 4631 613 4685 in
637 4645 740 4700 qua
771 4628 1060 4685 nonnullas
1085 4629 1321 4697 explicat
1344 4627 1706 4697 grammatica:
1733 4627 1967 4698 regulas,
1996 4615 2050 4677 D
2074 4629 2279 4677 eromm
2302 4662 2315 4684 ,
2348 4636 2454 4676 non
2480 4622 2600 4678 sine
2625 4624 2853 4694 epistola
2879 4623 2948 4679 ad
2975 4624 3280 4680 Luciferum
3309 4625 3671 4684 Calaritanum

363 4739 482 4780 rem
509 4724 672 4780 veluti
702 4732 881 4779 notam
907 4733 963 4779 et
984 4729 1321 4778 constantem
1346 4722 1499 4791 ponit
1523 4720 1664 4777 illius
1691 4729 1965 4792 parentem

361 4833 487 4876 esse
530 4817 790 4874 Hilarium
841 4823 1110 4872 nostrum.
1159 4814 1228 4870 In
1278 4814 1372 4869 Dei
1413 4813 1714 4885 palinodia,
1760 4815 1966 4886 inquit,

359 4925 521 4980 quam
555 4910 842 4978 composuit
883 4908 1119 4963 Hilarius
1170 4907 1484 4963 Pictaoensis
1505 4907 1807 4978 cpiscopus,
1863 4925 1967 4963 non

369 5007 512 5071 ima
531 5004 872 5076 quorumdam
891 5005 1245 5073 imperitorum
1270 5018 1494 5057 errorem
1521 5018 1819 5059 suscepter
1839 5045 1852 5067 ,
1875 5005 1966 5059 sed

365 5100 537 5170 potius
565 5111 934 5153 suscensentis
951 5097 1218 5164 legendum
1238 5111 1255 5152 ι
1278 5095 1355 5151 Tu
1388 5111 1459 5152 an
1485 5111 1823 5153 manassent
1849 5111 1969 5154 sus-

366 5205 644 5249 CEPTUHHS
669 5205 910 5246 IOIINBI
928 5230 945 5258 ,
977 5197 1083 5244 etc.

439 5283 531 5340 εδ.
567 5284 646 5339 Ex
683 5282 820 5338 libro
843 5280 1218 5354 Mysteriorum
1247 5279 1379 5335 nihil
1408 5279 1565 5335 nobis
1589 5290 1841 5352 superest
1867 5281 1968 5337 nisi

368 5378 558 5434 titulus
586 5377 655 5432 ab
682 5376 1014 5447 Hieronymo
1042 5373 1328 5430 indicatus.
1361 5374 1694 5443 Quamquam
1726 5374 1871 5444 quod
1901 5373 1970 5430 de

363 5471 586 5544 hymnis
613 5470 877 5535 diximus,
910 5467 963 5525 id
992 5467 1061 5524 de
1092 5468 1194 5523 hoc
1225 5467 1364 5522 libro
1393 5483 1546 5537 atque
1573 5467 1882 5537 conjectare
1906 5467 1973 5522 lic

365 5573 485 5630 cet,
513 5578 640 5618 eum
681 5560 884 5618 Ofﬁciis
923 5559 1305 5617 ecclesiasticis
1346 5560 1647 5615 immixtum
1686 5573 1828 5615 esse.
1862 5557 1973 5615 Usu

366 5657 511 5711 enim
546 5655 722 5720 venit,
759 5661 817 5709 ut
845 5668 965 5709 cum
1009 5653 1063 5707 in
1090 5651 1210 5708 dies
1248 5663 1542 5723 augeantur
1578 5651 1976 5707 ecclesiastico-

371 5765 490 5806 rum
539 5751 842 5806 ciliciorum
879 5747 1144 5805 solemnia
1165 5787 1181 5813 ,
1211 5747 1356 5803 illius
1386 5763 1579 5802 nomen
1609 5745 1699 5800 diu
1740 5747 1978 5803 retinere

378 5853 689 5921 nequeant,
715 5858 748 5902 a
775 5857 886 5919 quo
913 5839 1162 5904 ordinata
1201 5839 1349 5912 sint;
1394 5838 1490 5898 sed
1529 5837 1816 5911 Ecclesiae,
1858 5853 1979 5912 qua:

2074 4715 2293 4770 missum
2323 4730 2444 4772 esse
2477 4716 2754 4786 probabile
2787 4726 2890 4772 est.
2922 4716 3033 4772 Nisi
3064 4716 3206 4774 forte
3235 4719 3287 4773 in
3317 4733 3379 4772 ea
3412 4718 3671 4789 figuratus

2071 4810 2142 4866 sit
2186 4825 2366 4867 sermo
2411 4811 2582 4867 semel
2625 4819 2788 4883 atque
2832 4812 3024 4867 iterum
3076 4812 3144 4867 ad
3191 4811 3496 4870 Luciferum
3544 4829 3675 4870 con-

2071 4919 2280 4960 versus.
2446 4897 2448 4899 ’

2140 4994 2231 5050 25.
2269 4995 2362 5050 llis
2387 4994 2640 5050 omnibus
2678 4996 2934 5066 operibus
2960 4995 3291 5052 eelebriores
3321 5005 3446 5052 sunt
3474 5006 3672 5051 tracta-

2078 5099 2163 5146 tus
2191 5091 2243 5143 in
2272 5087 2396 5150 Job,
2427 5089 2717 5158 Augustini
2742 5099 2793 5144 et
2822 5089 3134 5162 llieronymi
3163 5090 3485 5144 testimoniis
3512 5090 3674 5144 toties

2076 5181 2464 5238 connuendati.
2514 5181 2641 5236 lllos
2681 5181 2952 5237 desiderio
2991 5181 3418 5250 conquisivimus
3459 5196 3524 5236 eo
3565 5196 3679 5238 tua-

2073 5277 2205 5346 jori,
2231 5292 2338 5347 quo
2367 5275 2578 5330 facilius
2615 5286 2696 5332 est
2727 5290 2912 5329 eorum
2943 5275 3224 5330 veritatem
3253 5273 3337 5329 vel
3372 5291 3437 5330 ex
3467 5278 3676 5348 Augus-

2079 5370 2172 5424 tini
2194 5371 2312 5425 loco
2339 5367 2430 5424 lib.
2463 5386 2496 5423 ιι
2534 5380 2720 5424 contra
2749 5369 2952 5426 Julian.
2984 5383 3033 5424 c.
3063 5367 3428 5438 8dijudicare.
3464 5371 3545 5428 Ex
3577 5371 3678 5429 hac

2080 5480 2184 5521 una
2212 5474 2336 5519 nota
2365 5464 2686 5534 t‘cpt‘obatur
2713 5478 2899 5520 eorum
2931 5464 3116 5535 opinio
3142 5503 3156 5528 ,
3183 5479 3319 5534 quos
3353 5465 3677 5523 POSsevinus

2079 5559 2134 5616 in
2160 5558 2437 5629 Apparatu
2460 5571 2618 5611 sacro
2650 5557 2715 5611 ad
2749 5555 2968 5612 verbum
3013 5555 3251 5612 Hilarius
3291 5559 3543 5615 observat
3579 5560 3680 5616 du-

2085 5654 2306 5716 bitasse,
2344 5667 2470 5706 num
2499 5649 2643 5705 illius
2673 5651 2780 5704 sint
2809 5663 2918 5705 tres
2948 5651 3069 5708 libri
3107 5654 3157 5707 in
3184 5651 3288 5709 Job
3313 5657 3451 5725 apud
3490 5654 3679 5728 Orige—

2084 5760 2207 5800 nem
2238 5743 2434 5814 vulgati
2462 5758 2583 5798 cum
2611 5742 2925 5814 praefatione
2947 5746 3106 5816 cujus
3146 5746 3356 5803 initium
3384 5747 3680 5805 Peritorum

2086 5854 2196 5894 nios
2223 5845 2295 5894 est
2325 5835 2656 5893 medicorum.
2684 5839 2942 5907 Quamvis
2969 5841 3114 5898 enim
3150 5839 3205 5898 in
3233 5857 3337 5900 ms.
3363 5841 3672 5900 uionastcrii
