4232 6256
536 348 606 403 9.3
1789 340 2156 397 PHEFATIO
2206 339 2620 396 GENEBALIS.
3766 339 3840 391 ‘24

535 463 980 522 Padolironensis
1025 461 1388 516 inscribantur
1433 457 1551 514 libri
1597 472 1724 523 quos
1767 457 1830 510 de
1879 469 2046 526 grteco
2080 455 2136 508 in
2162 456 2215 516 Λ
2241 453 2391 509 Pauli
2434 453 2601 509 verba
2646 450 2803 506 Rom.
2862 465 2911 515 v,
2959 449 3028 503 12
3073 449 3458 519 explicantur:
3506 449 3597 505 Sic
3635 459 3843 505 sanctus

537 561 756 614 latinum
788 557 1023 612 Hilarius
1071 555 1341 626 episcopus
1383 553 1565 618 vertit;
1596 551 1649 606 in
1693 550 1771 604 eis
1809 557 1986 603 tamen
2029 563 2135 601 non

539 660 830 708 occurrunt
859 649 1020 704 verba
1049 649 1118 701 ab
1147 647 1446 717 Augustino
1471 661 1539 700 ex
1570 643 1748 698 Hilarii
1781 642 1833 696 in
1857 641 1960 696 Job
1981 640 2140 696 Trac-

542 746 744 799 tatibus
770 742 952 795 allata.
987 740 1091 796 Sed
1133 756 1308 809 neque
1350 739 1384 792 ii
1424 738 1582 800 libri,
1618 748 1674 789 ut
1720 733 2055 789 Mabillonius
2084 734 2136 788 in

542 837 666 892 Itin.
697 835 811 889 ltal.
849 852 899 904 p.
927 834 1034 889 208
1058 833 1370 898 admonuit,
1405 831 1535 884 tanti
1563 828 1799 883 doctoris
1831 841 2018 880 venam
2050 833 2142 880 aut

538 930 758 1000 genium
781 928 1017 996 sapiunt.
1052 926 1237 994 Longe
1267 924 1443 978 minus
1472 921 1816 977 consentiunt
1852 934 1972 973 cum
1998 917 2144 972 illius

542 1025 672 1080 ﬁde.
712 1024 908 1077 Eorum
942 1021 1086 1076 enim
1117 1027 1394 1074 auctorem
1433 1017 1564 1072 Ario
1603 1014 1919 1074 adhaesisse,
1963 1012 2043 1066 vir
2072 1011 2142 1066 il-

546 1116 754 1170 lustris.
789 1113 974 1168 Daniel
1003 1112 1226 1166 Huetius
1256 1112 1307 1165 in
1342 1107 1590 1179 Append.
1625 1108 1716 1161 lib.
1746 1122 1802 1160 ιιι
1831 1104 2140 1174 Origenian.

545 1225 603 1264 n.
629 1208 665 1262 2
692 1208 816 1261 hinc
846 1206 1056 1277 probat,
1081 1205 1221 1272 quod
1247 1203 1298 1257 in
1321 1203 1398 1256 eis
1428 1201 1743 1255 hontousion
1768 1197 2060 1268 rejiciatur,
2083 1211 2146 1251 ac

545 1301 798 1357 laudibus
848 1294 1505 1358 celebreturLucinianus
1533 1335 1545 1353 .
1577 1291 1731 1362 cujus
1771 1306 1829 1346 se
1855 1289 2147 1357 discipulos

547 1410 674 1449 esse
699 1391 854 1462 primi
887 1392 1067 1444 Ariani
1092 1387 1483 1459 gloriabantur.
1511 1383 1664 1440 Unde
1694 1382 1984 1450 Ariusipse
2008 1379 2147 1448 apud

546 1485 946 1540 Theodoretum
982 1481 1075 1534 lib.
1111 1497 1128 1533 ι
1158 1480 1294 1533 llist.
1321 1477 1455 1532 eccl.
1487 1493 1537 1529 c.
1570 1475 1604 1530 5
1629 1474 1695 1528 ad
1730 1471 2022 1528 Eusebium
2051 1471 2144 1526 Ni-

547 1579 951 1633 romediensem
1008 1573 1278 1637 scribens,
1328 1568 1752 1624 Collucianistam
1795 1581 1917 1620 eum
1973 1573 2148 1618 vocat.

552 1671 716 1725 Forte
767 1668 929 1723 etiam
984 1665 1292 1718 Licinianus
1336 1661 1462 1731 (qui
1519 1658 1843 1729 Carthaginis
1890 1656 2152 1726 Spataria:

549 1763 837 1832 episcopus
855 1758 921 1812 ab
944 1755 1150 1810 Isidoro
1169 1755 1235 1808 de
1261 1753 1462 1822 Script.
1492 1749 1626 1805 eccl.
1647 1745 1992 1820 appellatur),
2017 1744 2150 1800 falsa

2247 545 2480 600 Hilarius
2534 543 2822 599 intellexit:
2876 541 2947 596 In
2987 559 3089 612 quo
3136 559 3309 596 ontnes
3356 553 3711 614 peccaverunt.
3758 544 3846 598 Ait

2244 641 2376 693 enim
2398 654 2416 692 :
2441 637 2506 691 In
2529 654 2650 708 quo,
2679 638 2733 690 id
2759 645 2854 702 est,
2877 635 2931 689 in
2957 635 3120 688 Adam
3151 651 3324 688 omnes
3338 645 3695 706 peccaverunt.
3713 637 3846 702 Qua:

2248 731 2408 786 verba
2437 733 2560 800 quia
2592 738 2886 782 occurrunt
2915 729 2967 780 in
3002 727 3418 781 Commentariis
3443 725 3717 782 Ambrosii
3751 742 3849 782 no-

2248 829 2393 880 mine
2413 822 2663 892 vulgatis,
2689 821 2780 891 qui
2806 820 2874 875 ab
2901 819 3085 874 Hilarii
3112 821 3282 874 nostri
3317 820 3442 874 srilo
3468 820 3625 891 longe
3651 819 3851 875 abhor-

2248 925 2406 980 rent;
2439 914 2591 969 tnulti
2638 913 2952 968 existimant
2991 911 3348 982 Augustinum
3395 912 3583 968 Hilarii
3629 915 3852 971 nomine

2250 1006 2559 1075 deceptum,
2593 1017 2794 1073 eosque
2818 1003 3252 1058 Commentarios
3285 1003 3487 1059 Hilario
3503 1005 3730 1060 diacono
3754 1004 3855 1060 Lu-

2249 1097 2473 1152 ciferani
2518 1095 2828 1151 scltismatis
2872 1095 3066 1150 fautori
3112 1111 3233 1151 esse
3281 1097 3689 1152 adscribendos.
3735 1097 3849 1154 Sed

2253 1188 2309 1244 hi
2337 1205 2442 1243 non
2469 1187 2625 1242 facile
2651 1201 2710 1242 se
2736 1187 3051 1256 expediunt,
3073 1202 3199 1242 cum
3225 1202 3412 1242 eorum
3440 1199 3716 1244 auctorem
3749 1189 3858 1245 Ro-

2253 1298 2415 1340 mano
2444 1283 2688 1337 Pontilici
2711 1282 3092 1338 eomtnunione
3127 1283 3476 1352 conjunctnm
3503 1299 3645 1352 esse,
3684 1293 3742 1340 et
3768 1299 3858 1340 er—

2254 1393 2407 1434 rores
2439 1378 2707 1432 refutassc
2734 1377 3201 1444 rebaptizantinm,
3236 1378 3496 1432 Hilarium
3526 1393 3656 1433 vero
3677 1379 3860 1434 diaco-

2256 1488 2406 1537 num,
2455 1469 2771 1540 Hieronymi
2811 1469 2940 1523 dial.
2990 1481 3180 1524 contra
3225 1469 3399 1526 Lucil.
3444 1471 3770 1539 testimonio,
3803 1472 3858 1527 in

2255 1579 2442 1620 errore
2475 1573 2530 1618 et
2567 1563 2859 1618 schismate
2901 1575 3280 1632 perseverasse
3321 1562 3594 1632 objicitur.
3626 1562 3734 1618 Sed
3763 1563 3861 1619 de-

2256 1667 2446 1727 ceptus
2471 1657 2542 1710 sit
2565 1656 2916 1726 Augustinus,
2947 1668 3152 1720 necne;
3179 1671 3354 1726 neque
3373 1671 3439 1710 ex
3466 1656 3654 1727 ipsius,
3685 1671 3862 1727 neque

2257 1764 2324 1804 cx
2351 1747 2692 1818 Hispalensis
2718 1747 2931 1803 concilii
2973 1748 3282 1803 testimonio
3310 1749 3621 1804 necessario
3646 1749 3864 1804 correla-

551 1855 905 1923 inscriptione
929 1851 1187 1918 deceptus
1216 1846 1424 1911 fuerat,
1462 1859 1584 1898 cum
1611 1843 1675 1896 ad
1705 1841 2024 1910 Gregorium
2054 1839 2145 1892 Pa-
2183 1867 2231 1927 Β
2260 1843 2426 1908 ditur,
2457 1843 2720 1897 Hilarium
2754 1843 2804 1896 in
2843 1841 2993 1896 Pauli
3023 1843 3279 1911 epistolas
3305 1841 3540 1898 edidisse
3567 1841 3862 1897 Commen-

551 1961 674 2014 pam
707 1942 895 1998 scribit
923 1939 1198 2012 (Spicileg.
1229 1954 1320 2004 vtt,
1356 1955 1404 2005 p.
1435 1934 1563 2002 369)
1599 1951 1613 1988 :
1651 1932 1910 1986 Habemus
1935 1947 2056 1984 sane
2085 1930 2152 1983 li-

550 2035 710 2089 bellos
754 2049 844 2087 sex
878 2034 1040 2086 sancti
1079 2029 1268 2083 Hilarii
1298 2026 1523 2098 episcopi
1553 2023 1892 2089 Pictavensis,
1936 2038 2064 2092 quos
2094 2023 2157 2074 de

549 2143 720 2200 graeco
749 2125 987 2196 Urigenis
1014 2124 1065 2177 in
1095 2124 1309 2176 latinunt
1330 2121 1499 2173 vertit.
1526 2117 1632 2174 Sed
1657 2133 1757 2171 non
1780 2114 1950 2169 omnia
1974 2124 2157 2166 secun-

554 2221 678 2274 dum
723 2220 952 2272 ordinem
979 2216 1094 2270 libri
1117 2215 1279 2268 sancti
1299 2211 1400 2266 Job
1423 2211 1678 2283 exposuit.
1727 2208 2002 2278 Siquidem
2029 2206 2156 2262 Hie-

552 2328 815 2383 ronymus
847 2325 1109 2381 nusquam
1143 2307 1335 2362 Hilarii
1374 2309 1428 2360 in
1468 2304 1568 2358 Job
1603 2303 1800 2358 libellos
1827 2316 2158 2356 commemo-

556 2416 662 2472 rat,
692 2406 788 2460 sed
820 2404 912 2458 lib.
944 2403 1012 2457 de
1039 2401 1236 2470 Script.
1261 2399 1396 2454 eccl.
1423 2396 1696 2451 Tractatus
1724 2397 1777 2448 in
1805 2393 1926 2460 Job,
1957 2393 2158 2463 Apolo-

554 2503 642 2573 gia
671 2510 852 2555 autem
879 2497 1141 2552 adversus
1168 2495 1444 2558 Rufinum,
1473 2491 1632 2562 epist.
1673 2489 1772 2543 101
1803 2488 1868 2542 ad
1910 2487 2154 2540 Pamma-

555 2595 734 2650 chium
759 2635 773 2658 ,
808 2602 863 2646 et
902 2589 1031 2644 alibi
1071 2587 1310 2642 homilias
1340 2587 1395 2639 in
1431 2582 1569 2650 Job;
1611 2597 1719 2651 quo
1747 2582 1908 2636 etiam
1937 2580 2156 2634 nomine

555 2691 792 2745 citantur
813 2689 881 2742 ab
906 2686 1204 2757 Augustino
1234 2691 1418 2738 contra
1447 2682 1744 2737 Julianum.
1775 2680 1892 2734 Alia
1921 2693 2042 2734 sese
2072 2677 2154 2731 of-

556 2783 659 2838 fert
686 2785 752 2838 de
781 2781 1095 2836 sinceritate
1119 2779 1424 2833 libellorum
1457 2792 1663 2840 eorum,
1693 2790 1829 2844 quos
1850 2774 2157 2828 Licinianus

556 2876 766 2935 habuit.
805 2873 1087 2929 dubitandi
1132 2873 1309 2927 ratio:
1340 2871 1433 2926 sed
1478 2885 1597 2925 eam
1642 2867 1778 2922 infra
1821 2866 2158 2923 commodius

558 2967 947 3038 expendemus.
984 2966 1095 3020 Hoc
1129 2965 1314 3020 Hilarii
1344 2979 1480 3034 optts
1510 2962 1575 3016 ad
1599 2962 1848 3016 exsilium
1880 2961 2047 3030 ipsitts
2076 2975 2160 3014 re-

558 3061 703 3116 ferre
745 3061 889 3115 licet.
925 3058 1114 3114 Exsuli
1158 3061 1300 3112 enim
1348 3056 1857 3110 convenientissima
1889 3063 2007 3108 erat
2036 3052 2158 3106 libri

556 3153 718 3222 hujus
760 3154 1031 3217 tractatio,
1064 3152 1117 3205 in
1164 3165 1270 3220 quo
1314 3148 1471 3204 nobis
1511 3147 1848 3202 rarissimum
1891 3145 2159 3216 patientia:

559 3248 870 3316 exemplum
905 3248 1044 3300 Deus
1065 3244 1336 3312 exposuit.

635 3339 728 3394 26.
768 3338 929 3393 Aliud
983 3337 1169 3391 Hilarii
1221 3351 1358 3405 opus
1407 3343 1625 3389 notatur
1654 3335 1710 3388 in
1741 3333 1948 3404 vulgata
1979 3333 2166 3388 Iliero—

561 3433 709 3505 nynti
741 3431 899 3500 epist.
933 3428 1004 3484 50
1034 3429 1100 3483 ad
1150 3426 1578 3492 Pammachium,
1613 3427 1722 3490 ubi,
1757 3425 2038 3480 recensitis
2068 3424 2167 3478 Pa-

563 3525 736 3578 tribus
758 3522 850 3594 qni
871 3521 940 3576 de
964 3536 1190 3576 numero
1220 3520 1409 3589 impari
1435 3528 1823 3583 tractaverunt,
1847 3517 2162 3586 subjicitur:

569 3615 804 3681 Quorum
837 3613 1070 3667 Hilarius
1100 3614 1161 3667 de
1189 3611 1516 3680 Septenaria,
1540 3611 1594 3665 id
1624 3621 1716 3671 est,
1745 3610 1934 3681 impari
1957 3624 2168 3663 numero

567 3710 845 3774 disserens,
869 3723 985 3777 qua:
1014 3716 1060 3760 et
1088 3717 1283 3774 quanta
1317 3705 1540 3772 dixerit,
1572 3707 1640 3759 ad
1668 3703 2015 3758 Fortunatam
2042 3705 2168 3759 liber

563 3803 706 3856 illius
735 3801 1020 3855 testimonio
1046 3811 1141 3854 est.
1172 3797 1426 3870 Cypriani
1457 3799 1522 3852 ad
1568 3799 1922 3853 Foi'tunatum
1963 3799 2032 3853 de
2075 3813 2167 3852 εις-

565 3895 874 3951 hortatione
905 3894 1147 3965 martyrii
1189 3893 1386 3947 librum
1417 3906 1537 3962 cap.
1569 3891 1628 3944 11
1659 3891 1761 3945 hoc
1795 3892 1914 3945 loco
1941 3891 2008 3946 ab
2038 3891 2166 3947 Hie-

559 4004 795 4061 ronymo
835 3986 1061 4042 indicari
1109 4003 1214 4040 non
1246 3986 1468 4041 dubium
1509 3995 1592 4040 est
1624 4004 1637 4040 :
1669 3977 1836 4056 'qnem
1881 3997 2167 4054 propterea

563 4081 834 4138 Marianas
884 4079 1086 4134 Hilario
1135 4078 1552 4147 adjndicandum
1585 4078 1807 4132 omnino
1852 4079 2164 4146 arbitratur,

569 4175 665 4230 sed
696 4173 916 4228 frustra.
949 4171 1080 4226 Nam
1113 4189 1218 4226 non
1243 4171 1406 4225 modo
1430 4170 1548 4224 libri
1577 4170 1722 4223 illius
1742 4169 1900 4226 stilus
1915 4169 2167 4240 Cypriani

566 4266 730 4336 genio
759 4266 919 4333 longe
950 4265 1118 4334 magis
1163 4272 1559 4318 consentaneus
1597 4271 1682 4316 est
1730 4278 1891 4330 quam
1945 4262 2166 4328 llilarii;

565 4356 663 4411 sed
691 4366 744 4408 rt
775 4357 1016 4425 pluribus
1044 4359 1263 4423 optima:
1286 4364 1424 4409 nota:
1453 4367 1581 4408 mss.
1607 4352 1673 4407 ad
1702 4353 2016 4421 pra-dictum
2045 4354 2168 4409 Hie-

567 4450 780 4519 ronymi
834 4450 1008 4501 locum
1050 4448 1276 4513 exactis,
1311 4462 1379 4502 ne
1428 4446 1480 4500 in
1526 4462 1633 4500 uno
1672 4445 1887 4517 quidem
1932 4447 2168 4501 occurrit

569 4555 786 4611 quorum
822 4538 1089 4604 Hilarius,
1131 4540 1226 4594 sed
1268 4541 1318 4593 in
1360 4541 1611 4594 omnibus
1657 4556 1851 4610 magno
1897 4555 2166 4596 consensu

2264 1938 2460 2001 tarios;
2508 1935 2603 1990 sed
2652 1945 2857 1989 tantum
2891 1935 2946 1989 in
2991 1933 3278 2004 Operibus,
3326 1951 3555 2003 quorum
3599 1939 3864 2006 jacturam

2260 2034 2507 2087 novimus
2534 2047 2598 2086 ac
2621 2032 2890 2096 dolemus,
2923 2030 3186 2100 quosdam
3215 2046 3278 2084 ex
3310 2031 3392 2087 eis
3415 2031 3562 2086 locos
3582 2031 3865 2102 exposuis-

2259 2144 2341 2184 se.
2372 2129 2705 2197 Quamquam
2739 2125 3069 2196 Hispalensis
3109 2125 3325 2180 concilii
3363 2125 3526 2181 verba
3565 2123 3706 2179 aliud
3737 2123 3862 2195 quid

2260 2234 2457 2276 sonare
2489 2218 2764 2273 fatendum
2794 2228 2897 2273 est.

2327 2309 2420 2365 28.
2452 2310 2581 2365 Htec
2603 2309 2672 2364 de
2703 2309 2928 2379 perditis
2960 2308 3152 2364 Hilarii
3177 2309 3434 2379 operibus
3455 2309 3708 2365 duximus
3736 2325 3867 2380 pra:-

2261 2401 2550 2472 loquenda,
2585 2412 2695 2456 tum
2725 2411 2783 2455 ut
2831 2401 2899 2456 ad
2939 2416 3000 2456 ea
3032 2401 3367 2472 quaeritanda
3403 2403 3635 2472 quisque
3662 2403 3863 2457 excite-

2263 2502 2368 2558 tur,
2404 2503 2513 2548 lum
2539 2502 2598 2546 ut
2626 2492 2801 2547 discat
2831 2507 2938 2546 non
2964 2493 3111 2547 omni
3143 2493 3300 2547 titulo
3327 2493 3570 2548 credere.
3605 2492 3862 2547 Exstatin

2261 2601 2365 2640 ms.
2413 2585 2727 2640 Colbertino
2769 2586 2912 2642 5079
2955 2601 3137 2641 sermo
3185 2586 3503 2652 inscriptus,
3555 2585 3617 2640 S.
3673 2585 3865 2640 Hilarii

2263 2678 2584 2734 Pictavensis
2612 2681 2678 2735 de
2696 2682 2880 2735 arbore
2901 2681 2954 2734 in
2981 2699 3082 2752 qua
3107 2690 3216 2735 erat
3237 2681 3416 2735 notitia
3445 2682 3637 2736 sciendi
3673 2681 3792 2736 boni
3817 2693 3866 2736 et

2261 2774 2407 2827 mali.
2457 2773 2788 2828 Hilarianttm
2835 2774 2968 2828 nihil
3005 2774 3206 2828 habens
3237 2784 3434 2843 pratter
3463 2789 3659 2828 nomen
3708 2774 3868 2830 titulo

2263 2876 2643 2936 pramotatum.
2675 2865 2863 2936 Neque
2902 2867 3070 2937 magis
3090 2881 3210 2920 cum
3254 2866 3400 2921 illius
3435 2865 3708 2920 locutione
3736 2880 3872 2920 con-

2263 2957 2427 3012 sentit
2461 2957 2678 3011 ltomilia
2719 2958 2771 3012 itt
2819 2958 3026 3012 initiutn
3072 2958 3308 3011 Mattluei
3357 2957 3456 3026 ipsi
3503 2957 3556 3012 in
3606 2957 3867 3012 Vaticano

2265 3067 2365 3107 ms.
2401 3051 2535 3106 1267
2571 3052 2839 3122 adscripta
2870 3068 2994 3108 cum
3024 3052 3126 3108 hoc
3163 3053 3315 3108 initio
3345 3071 3356 3105 :
3387 3052 3529 3108 Satis
3563 3054 3746 3119 anxie,
3781 3071 3866 3108 sa-

2266 3146 2430 3215 tisque
2451 3145 2786 3214 trepidanter,
2815 3161 2906 3199 cur
2933 3147 3292 3200 sanctissimus
3320 3145 3598 3200 Mattheus
3622 3147 3714 3201 tali
3744 3163 3866 3202 usus

2188 3249 2234 3311 ο
2266 3241 2334 3293 sit
2368 3240 2645 3309 principio,
2685 3255 2936 3310 exponere
2973 3239 3284 3309 aggredior;
3325 3254 3555 3309 quasque
3601 3238 3867 3294 clauditur

2272 3331 2356 3387 his
2384 3330 2591 3387 verbis:
2615 3331 2878 3397 Quatenus
2907 3341 3076 3386 autem
3107 3332 3327 3386 excitata
3356 3333 3420 3385 sit
3465 3332 3572 3386 [nec
3610 3331 3866 3402 generatio

2273 3442 2363 3496 per
2395 3426 2688 3495 Apostolos,
2731 3426 2855 3480 satis
2889 3435 2942 3478 ut
2983 3425 3166 3497 Opinor
3202 3427 3253 3479 in
3285 3426 3566 3496 quwstione
3589 3425 3870 3496 generatio-

2271 3537 2392 3573 num
2419 3519 2707 3574 discussam
2737 3529 2811 3573 est
2840 3529 2884 3572 et
2927 3529 3205 3573 ostensum.
3251 3517 3367 3573 Non
3408 3517 3699 3588 repetimus
3726 3517 3870 3586 quod

2271 3612 2341 3667 de
2371 3611 2520 3666 libris
2552 3614 2606 3666 in
2647 3610 2751 3667 Job
2777 3610 2950 3667 eidem
2983 3625 3266 3682 perperam
3304 3609 3580 3679 inscriptis
3614 3609 3870 3664 observa.

2273 3715 2382 3760 [IIII]
2405 3715 2509 3762 85L

2347 3799 2442 3853 29.
2473 3799 2576 3867 Qui
2610 3807 2689 3853 tot
2719 3798 2851 3853 tanti
2878 3799 2976 3852 viri
3009 3797 3184 3867 Opera
3223 3797 3503 3868 perierint,
3542 3797 3589 3852 si
3619 3797 3739 3866 quis
3768 3795 3872 3851 mi-

2273 3901 2457 3956 retur;
2493 3902 2691 3961 praeter
2723 3905 3064 3946 communem
3098 3890 3354 3961 temporis
3377 3891 3557 3946 omnia
3585 3898 3873 3946 conteren-

2273 3989 2339 4041 tis
2367 3998 2527 4054 atque
2568 3987 2938 4040 consumentis
2966 3986 3253 4047 rationem.
3296 3986 3346 4040 in
3377 3996 3611 4040 mentem
3649 3984 3873 4040 veniunt

2272 4089 2323 4132 et
2373 4079 2493 4132 alia:
2541 4078 2659 4132 dua:
2713 4081 2881 4148 prima
2929 4077 3170 4148 quidem,
3221 4078 3362 4150 quod
3403 4078 3670 4149 Origenis,
3719 4077 3873 4148 cujus

2271 4172 2518 4227 odiosum
2550 4188 2746 4228 nomen
2773 4171 2874 4226 fuit
2898 4187 2962 4226 ac
3002 4172 3248 4228 doctrina
3289 4172 3575 4234 damnata,
3609 4183 3664 4227 et
3690 4172 3870 4226 imita-

2273 4277 2358 4322 tor
2387 4267 2612 4322 andierit
2638 4276 2694 4322 et
2742 4268 3026 4336 interpres.
3070 4265 3252 4337 Neque
3279 4267 3382 4320 alia
3425 4267 3638 4322 videtur
3676 4279 3866 4330 causa,

2271 4375 2366 4415 cur
2389 4361 2566 4430 plures
2594 4361 2930 4415 Psalmornm
2962 4361 3247 4416 Tracmtus
3283 4360 3677 4427 interciderint,
3709 4369 3872 4416 επιε-

2271 4469 2455 4506 rorunt
2490 4469 2610 4507 rara
2634 4453 2979 4507 inveniantur
3000 4453 3349 4522 exemplaria,
3373 4464 3426 4508 et
3451 4452 3787 4508 liomiliarum
3813 4452 3868 4507 in

2270 4547 2372 4604 Job
2422 4549 2587 4602 nulla.
2619 4547 2782 4603 Certe
2811 4563 2933 4602 cum
2967 4547 3070 4601 hoc
3102 4545 3268 4618 ipsius
3296 4549 3443 4616 Opus
3481 4547 3622 4618 apud
3665 4562 3724 4602 se
3749 4561 3872 4603 esse

569 4651 787 4706 quorum
815 4633 1124 4704 (λυρνίαηίιδο
1155 4631 1308 4700 Ουοά
1346 4648 1476 4686 νετο
1517 4633 1782 4687 Μετῖδιιυδ
1819 4634 2045 4699 ειεεετῖῑ,
2080 4635 2171 4688 Πῑ-
2197 4640 2250 4700 Ι)
2275 4641 2610 4696 existimaret
2639 4641 2968 4704 Licinianus,
3003 4656 3161 4709 quam
3191 4655 3295 4694 non
3327 4641 3529 4709 magni,
3561 4649 3615 4694 et
3636 4654 3734 4694 cur
3762 4655 3870 4694 non

569 4729 706 4782 lario
734 4727 965 4780 antiCmn
1001 4725 1165 4779 fuisse
1196 4722 1548 4778 Fortunatnm
1569 4767 1582 4788 ,
1611 4723 1752 4778 haud
1781 4724 1938 4780 facile
1973 4741 2167 4796 appro-

569 4818 724 4873 baret
753 4836 766 4870 :
799 4816 895 4872 sed
922 4817 965 4871 si
992 4815 1351 4886 approbaret,
1384 4815 1512 4887 quid
1543 4830 1724 4886 quaeso
1771 4815 1895 4870 inde
1934 4815 2169 4871 confice-

567 4910 755 4967 retur?

643 5005 735 5059 27.
769 5003 1102 5060 Probabilior
1129 5011 1276 5058 esset
1303 5001 1609 5072 ambigendi
1643 5004 1778 5056 ratio
1797 5045 1810 5067 ,
1838 5017 1906 5056 an
1933 5002 2168 5057 Hilarius

568 5101 624 5155 in
655 5100 914 5169 epistolas
942 5098 1092 5153 Pauli
1139 5098 1434 5167 scripserit.
1477 5096 1610 5151 Nam
1652 5097 1938 5151 concilium
1980 5096 2170 5164 Hispa-

572 5193 724 5248 lense
757 5209 827 5251 tt.
857 5207 980 5247 can.
1014 5190 1100 5252 12.
1136 5192 1276 5246 illius
1315 5207 1380 5246 ex
1423 5193 1668 5262 epistolae
1711 5191 1776 5244 ad
1823 5190 2166 5246 Timotheum

571 5288 934 5357 explicatione
968 5287 1127 5342 verba
1155 5287 1236 5341 sic
1268 5286 1448 5341 laudat
1479 5304 1494 5340 :
1527 5286 1749 5342 Sanctus
1775 5302 1895 5356 ergo
1933 5284 2168 5341 Hilarius

566 5383 624 5435 in
657 5382 998 5453 explicatione
1043 5382 1269 5452 epistola:
1304 5381 1372 5435 ad
1425 5379 1746 5435 Timotheum
1786 5381 1861 5435 sic
1901 5382 2166 5453 loquitur:

570 5471 713 5526 Nam
736 5482 782 5527 et
809 5490 923 5526 cum
949 5474 1071 5528 dicit
1096 5474 1370 5546 Scriptura
1389 5515 1404 5540 ,
1435 5485 1541 5528 etc.
1585 5473 1837 5529 Nostrum
1882 5489 2043 5544 porro
2073 5474 2164 5529 Ili-

569 5565 764 5620 larium
813 5567 1036 5620 omnino
1079 5569 1220 5636 sapit
1264 5567 1623 5639 fragmentum
1676 5568 1824 5635 illud,
1862 5568 2002 5638 quod
2043 5583 2164 5623 cum

569 5657 692 5711 aliis
737 5657 804 5711 ad
853 5656 1059 5711 calcem
1103 5672 1326 5726 opermn
1361 5659 1503 5714 illius
1530 5659 1800 5714 edendum
1831 5659 2162 5714 curabimus.

571 5749 748 5804 Alium
775 5763 990 5820 quoque
1023 5751 1193 5802 sancti
1235 5749 1419 5804 Hilarii
1451 5751 1668 5806 nomine
1706 5752 1881 5806 locum
1915 5751 2167 5822 Augusti-

569 5855 674 5898 nus
701 5840 796 5899 lib.
826 5855 882 5897 ιν
913 5852 1107 5900 contra
1131 5839 1267 5898 duas
1291 5843 1452 5913 epist.
1484 5842 1663 5913 Pelag.
1697 5859 1747 5901 c.
1776 5843 1811 5900 4
1840 5843 2028 5915 atfert,
2059 5859 2165 5916 quo

2273 4735 2450 4804 magni
2485 4734 2762 4804 penderet,
2793 4734 3032 4789 declarat
3059 4733 3143 4788 Itis
3173 4731 3351 4788 verbis
3380 4751 3394 4787 :
3425 4731 3568 4787 Satis
3598 4732 3756 4786 miror
3777 4732 3870 4785 Ito-

2273 4830 2460 4881 minem
2487 4827 2836 4882 doctissimum
2865 4837 2912 4880 et
2951 4837 3217 4894 sanctum,
3252 4837 3306 4880 ut
3345 4826 3410 4880 de
3442 4826 3602 4881 stellis
3632 4826 3869 4898 Origenis

2273 4918 2469 4972 menius
2499 4921 2821 4988 transferret.
2853 4917 3116 4972 Nimirum
3147 4933 3252 4971 non
3275 4917 3622 4972 altenderuttt
3646 4917 3771 4972 boni
3796 4917 3870 4972 illi

2272 5012 2398 5072 viri,
2430 5011 2574 5083 quod
2616 5011 2684 5065 de
2711 5011 2899 5066 Hilarii
2942 5012 2995 5066 in
3025 5010 3261 5082 Origene
3304 5011 3564 5067 imitando
3608 5013 3869 5082 religione

2276 5105 2636 5176 Hieronymus
2682 5104 2913 5174 passim,
2948 5103 3044 5158 sed
3081 5105 3355 5174 conceptis
3402 5105 3580 5158 verbis
3609 5104 3768 5175 epist.
3799 5103 3870 5158 62

2272 5198 2338 5252 ad
2372 5197 2730 5268 Theophilum
2771 5199 2865 5263 ait,
2906 5197 3079 5252 Noxia
3098 5213 3309 5268 quisque
3344 5199 3688 5264 detruncans,
3720 5197 3870 5252 utilia

2275 5289 2557 5343 transtulit.
2585 5289 2846 5358 Quocirca
2879 5287 3018 5356 quod
3042 5289 3108 5342 de
3139 5289 3466 5360 Hieronymo
3493 5289 3610 5357 ipso
3640 5288 3868 5343 Ruﬁnus

2274 5383 2325 5437 in
2370 5382 2537 5437 libros
2571 5380 2901 5436 Periarchon
2933 5379 3160 5436 aSserit:
3189 5379 3318 5434 Cum
3344 5380 3608 5450 aliquanta
3637 5379 3866 5451 offendi-

2274 5478 2394 5531 cula
2414 5477 2736 5531 inveniantur
2752 5476 2804 5528 in
2830 5490 2997 5545 graec
3033 5472 3341 5546 (Origenis)
3361 5517 3375 5540 ,
3408 5477 3480 5527 ita
3508 5473 3728 5527 elimavit
3757 5487 3867 5526 om-

2273 5574 2362 5626 nia
2383 5583 2532 5643 atque
2557 5571 2810 5642 purgavit,
2840 5579 2893 5623 ut
2914 5569 3044 5623 nihil
3072 5569 3124 5622 in
3154 5567 3260 5622 illis
3279 5609 3294 5632 ,
3325 5567 3464 5638 quod
3490 5585 3523 5620 a
3551 5567 3656 5635 ﬁde
3693 5573 3868 5620 nostra

2273 5664 2546 5730 discrepet,
2577 5663 2767 5716 latinus
2802 5661 2958 5715 lector
2993 5661 3254 5725 inveniat;
3285 5658 3336 5712 id
3368 5659 3541 5729 ipsum
3583 5657 3868 5713 commode

2271 5757 2474 5810 dixeris
2513 5756 2580 5811 de
2624 5756 2863 5810 Hilario:
2908 5753 3206 5824 prmsertitn
3244 5767 3366 5807 cum
3413 5750 3770 5821 Hieronymus
3811 5751 3863 5805 itt

2271 5847 2373 5905 hac
2398 5847 2786 5918 interpretandi
2817 5846 3028 5902 ratione
3051 5844 3196 5902 illius
3221 5859 3280 5902 se
3308 5843 3636 5904 imitatorem
3667 5843 3866 5915 ubique
