4232 6256
326 337 402 394 25
1612 348 1935 406 ΡΒΑΞΡΑΤΙ

2037 351 2435 414 ΞΕΝΕΚΑΜΞ.
3582 370 3653 427 26

328 460 654 532 proﬁteatur
681 479 694 515 :
730 459 848 516 Hoc
874 478 976 517 non
997 464 1136 519 solus
1157 481 1251 538 ego
1277 467 1406 539 feci,
1448 467 1620 540 inquit
1657 470 1816 538 epist.
1843 470 1936 536 62,
1965 473 2014 535 Α
2045 470 2126 527 Εα
2148 475 2261 546 ipsa
2291 477 2447 547 igitur
2468 479 2762 550 diligentius
2787 483 3045 554 relegens,
3097 484 3302 539 tandem
3351 487 3476 541 mihi
3515 489 3652 544 visus

330 556 424 611 sed
455 566 502 609 et
531 559 798 627 confessor
845 555 1083 612 Hilarius
1114 559 1252 628 fecit.
1296 562 1371 615 lta
1417 572 1592 618 autem
1626 578 1946 633 persuasum

335 653 388 706 ei
413 662 551 711 erat.
587 651 734 705 illius
759 652 961 720 scripta
991 651 1060 706 ab
1099 652 1348 724 Origenis
1395 657 1588 711 erratis
1629 671 1750 712 esse
1793 673 1945 726 pura,

333 754 396 799 ut
416 760 538 799 cum
568 744 729 812 epist.
761 744 815 803 7,
836 745 903 798 ad
923 743 1128 798 Laetam
1149 756 1366 801 sanctos
1389 746 1577 802 Patres
1601 762 1630 800 a
1661 748 1762 801 filia
1781 748 1948 817 ipsius

337 841 420 896 sic
446 841 549 910 legi
575 840 781 909 iubeat,
807 850 861 892 ut
883 841 1046 911 magis
1067 840 1270 908 judicet
1304 858 1455 912 quam
1494 852 1765 912 sequatur;
1794 842 1945 896 exci-

335 935 452 1003 piat
474 943 652 1012 tamen
678 932 866 987 Hilarii
893 932 1082 998 libros,
1104 948 1240 1003 quos
1258 935 1515 1006 inoffenso
1534 935 1774 989 decurrat
1797 935 1942 1004 pede.

336 1025 452 1082 Eos
474 1041 606 1082 vero
645 1026 986 1096 potissimum
1013 1027 1081 1081 ab
1111 1027 1177 1082 iis
1205 1043 1325 1098 quae
1349 1027 1416 1084 de
1447 1028 1619 1083 stellis
1644 1028 1945 1083 somniave-

335 1129 420 1174 rat
450 1119 738 1185 Origenes,
772 1132 1027 1190 purgatos
1057 1134 1177 1175 esse
1222 1121 1380 1190 plane
1427 1121 1710 1176 conficitur
1729 1136 1793 1175 ex
1826 1121 1946 1190 epi-

335 1211 479 1266 stola
509 1211 826 1283 Hieronymi
852 1212 988 1266 75in
1013 1227 1114 1281 qua
1131 1211 1220 1266 ubi
1240 1211 1480 1268 defettdit
1499 1227 1581 1276 se,
1609 1211 1674 1266 ad
1701 1212 1945 1266 imitatio-

334 1319 461 1358 nem
503 1317 694 1358 eorum
736 1317 858 1373 qua:
887 1302 1121 1358 Hilarius
1165 1303 1398 1358 homiliis
1446 1305 1500 1360 iii
1543 1303 1646 1358 Job
1677 1312 1939 1373 gesserat,

334 1399 688 1452 transtulisse
714 1413 836 1464 quae
882 1399 1018 1452 bona
1057 1406 1201 1463 sunt,
1233 1405 1289 1452 et
1329 1398 1464 1452 mala
1509 1397 1594 1452 vel
1634 1407 1942 1466 amputasse

331 1491 419 1546 vel
445 1491 749 1546 correxisse
776 1491 860 1545 vel
899 1491 1166 1554 tacuisse;
1213 1489 1500 1560 Vigilantio
1536 1492 1715 1544 statim
1747 1504 1941 1558 expro-

333 1585 484 1648 brat,
521 1581 660 1652 quod
686 1580 939 1652 Origenis
980 1581 1031 1634 iu
1063 1580 1164 1636 Joh
1192 1581 1477 1636 Tractatns
1513 1581 1816 1651 descriptos
1847 1580 1941 1634 ha-

332 1675 485 1738 beat,
513 1676 566 1728 in
601 1673 779 1744 quibus
807 1685 990 1728 contra
1019 1673 1280 1728 diabolum
1323 1682 1370 1726 et
1417 1674 1483 1727 de
1523 1672 1685 1728 stellis
1713 1674 1939 1742 cretaque

335 1769 621 1838 disputans,
656 1768 892 1837 qutedam
921 1767 1121 1825 locutus
1148 1776 1220 1820 est
1259 1782 1376 1834 qute
1411 1764 1643 1820 Ecclesia
1683 1783 1782 1819 non
1809 1766 1939 1820 reci-

2049 583 2164 620 sum
2194 570 2432 635 invenire,
2458 573 2749 642 cujusmodi
2773 592 2974 630 sensum
3017 577 3274 632 videretur
3313 580 3521 634 illorum
3563 581 3655 636 ob-

2049 661 2266 714 scuritas
2286 664 2502 730 operire.
2529 665 2583 719 Si
2611 681 2676 720 eo
2703 667 2905 733 animo,
2940 684 3046 736 quo
3069 668 3314 724 laudatus
3339 671 3428 724 ille
3450 671 3652 744 Philip-

2051 766 2147 820 pus
2180 793 2194 814 ,
2257 753 2518 809 Hilarium
2562 757 2816 826 legissent
2855 760 3300 828 Centuriatores,
3356 762 3648 833 Erasmus,

2050 845 2345 911 Scultetus,
2395 863 2690 921 eorumque
2733 852 2970 918 similes;
3020 854 3208 910 eadem
3251 857 3458 910 ratione
3487 856 3652 912 dubio

2048 937 2233 1006 procul
2256 942 2602 997 evanuissent
2628 959 2844 1000 errores
2876 962 2938 1000 ac
2970 947 3105 1000 ηαξνὶ
3131 989 3146 1013 ,
3179 963 3314 1017 quos
3343 950 3395 1002 in
3431 949 3522 1003 illo
3548 948 3647 1005 de-

2049 1029 2398 1099 prehendisse
2424 1034 2523 1090 sibi
2552 1035 2890 1092 videbantur.
2917 1038 3027 1093 Nos
3065 1054 3193 1094 vero
3222 1056 3381 1111 quam
3410 1041 3637 1098 circum-

2045 1132 2230 1192 Specte
2279 1125 2489 1196 singula
2543 1130 2722 1183 omnia
2774 1130 2918 1184 illius
2978 1131 3118 1185 dicta
3181 1133 3641 1201 expendet'imus,

2044 1214 2242 1284 quidve
2269 1219 2676 1285 prmstiterimus
2702 1221 2918 1276 lectoris
2943 1222 3260 1278 sublevandi
3285 1225 3479 1293 gratia,
3504 1241 3645 1281 nunc

2043 1318 2125 1361 est
2175 1310 2550 1377 aperiendum,
2593 1322 2712 1382 post
2765 1329 2924 1384 quam
2979 1315 3046 1370 de
3097 1316 3444 1372 obscuritatis
3497 1318 3644 1374 illius

2042 1403 2221 1456 causis
2251 1402 2496 1458 nonnihil
2523 1405 2963 1462 disseruerimus.

2113 1537 2203 1592 ιν.
2250 1536 2396 1592 Unde
2417 1538 2659 1593 obscurus
2687 1541 2750 1593 sit
2783 1539 2979 1594 Hilarii
3013 1557 3198 1595 sermo.
3233 1541 3370 1610 Quid
3397 1542 3448 1597 in
3475 1543 3572 1596 Itac

2561 1630 2782 1686 editione
2825 1633 3124 1703 prtestitunt.

2109 1765 2198 1820 52.
2245 1766 2503 1821 Hilariani
2542 1768 2809 1822 sermonis
2833 1767 3135 1824 obscuritas
3167 1783 3271 1823 non
3305 1783 3410 1823 uno
3439 1783 3506 1824 ex
3545 1781 3642 1823 ca-

335 1863 429 1928 pit.
460 1860 597 1914 Hinc
619 1875 724 1914 non
749 1859 944 1914 frustra
973 1859 1281 1913 monuimus
1311 1873 1458 1912 num.
1480 1857 1552 1914 25
1574 1858 1809 1911 maxime
1830 1873 1938 1911 am-
1967 1859 2014 1920 B
2045 1859 2150 1927 pite
2182 1870 2361 1913 ortum
2394 1859 2574 1914 habet.
2609 1861 2738 1915 Eam
2773 1859 3132 1932 Hieronymus
3159 1859 3442 1916 Gallicauo
3483 1858 3643 1931 genio

328 1955 549 2026 bignum
578 1969 703 2010 esse
727 1993 743 2019 ,
783 1969 851 2007 an
895 1952 1208 2008 Licinianus
1237 1953 1288 2007 in
1327 1952 1620 2021 genuinum
1655 1951 1842 2006 Hilarii
1879 1951 1931 2006 in

327 2049 429 2106 Joh
458 2050 612 2120 Opus
645 2049 917 2104 inciderit.
971 2050 1248 2117 Quatenus
1282 2059 1460 2104 autem
1492 2048 1737 2119 Origenis
1759 2050 1934 2104 imita-

333 2153 416 2198 tor
447 2144 629 2206 fuerit,
669 2141 1005 2197 connnodins
1034 2143 1089 2198 in
1120 2141 1298 2198 fronte
1319 2141 1663 2199 Tractatutnn
1690 2143 1857 2213 ipsius
1878 2143 1932 2198 in

334 2234 577 2290 Psalmos
603 2250 960 2305 exponemus.

400 2327 488 2383 50.
532 2327 719 2382 Altera
750 2327 909 2390 ratio,
940 2343 1040 2382 cur
1061 2342 1165 2382 non
1193 2342 1260 2382 eo
1282 2343 1390 2398 quo
1416 2338 1726 2384 meruerant
1752 2328 1932 2383 studio

331 2429 552 2488 excepta
580 2431 1008 2490 conservataque
1035 2420 1143 2475 sint
1181 2419 1368 2474 Hilarii
1394 2420 1614 2490 scripta,
1646 2438 1712 2476 ex
1743 2439 1929 2477 eorum

331 2512 664 2567 obscuritate
695 2513 800 2582 peti
829 2522 1007 2583 potest
1033 2555 1047 2579 ,
1080 2529 1200 2584 qua:
1232 2516 1542 2568 nonnullam
1573 2515 1799 2568 incautis
1825 2515 1930 2569 ali-

332 2606 550 2676 quando
594 2620 704 2676 pra:
747 2619 807 2660 se
855 2605 990 2660 ferat
1027 2608 1231 2661 erroris
1273 2610 1530 2676 speciem.
1591 2607 1839 2662 Profecto
1884 2609 1931 2662 si

334 2698 534 2753 multis
563 2696 920 2754 oﬂ'eudissent
945 2697 1210 2753 Johannis
1228 2698 1506 2768 cujusdam
1539 2699 1763 2765 similes,
1799 2699 1930 2753 nihil

333 2805 520 2846 eorum
560 2791 628 2846 ad
662 2807 759 2844 nos
797 2792 1154 2861 pervenisset,
1187 2792 1288 2845 nisi
1323 2790 1447 2845 nudi
1483 2789 1640 2854 tituli,
1663 2801 1756 2846 aut
1782 2801 1931 2847 certe

332 2883 787 2954 fragmenta,qu:e
815 2885 1147 2955 Hieronymi,
1179 2884 1484 2953 Augustini,
1511 2883 1740 2949 Leones,
1756 2883 1932 2938 Theo-

333 2975 529 3040 doreti,
553 2976 779 3030 concilia
812 2975 1272 3040 Calchedonense,
1307 2974 1644 3044 Hispalense,
1678 2983 1804 3042 etc.,
1836 2988 1934 3028 no-

330 3067 413 3122 bis
448 3068 880 3123 transmiserunt.
931 3066 1196 3122 Johannis
1240 3067 1394 3136 hujus
1439 3065 1579 3136 apud
1629 3067 1931 3136 Philippum

329 3160 488 3216 bona:
553 3161 678 3228 Spei
752 3159 968 3215 Ordinis
1033 3160 1566 3215 Prannonstrateusis
1629 3159 1929 3224 Abbatem,

2036 1950 2246 2005 videtur
2277 1953 2607 2008 asdcribere.
2637 1951 2895 2020 Quamvis
2925 1954 3068 2008 enim
3100 1953 3258 2022 epist.
3285 1952 3342 2021 4,
3371 1953 3438 2008 ad
3461 1952 3642 2009 Hosti-

2037 2059 2180 2107 cum,
2199 2043 2475 2099 Gallorum
2503 2047 2738 2101 sermoni
2769 2044 3047 2100 ubertatem
3065 2047 3261 2101 tribuat
3290 2061 3354 2101 ac
3379 2047 3591 2101 nitorem
3618 2063 3638 2102 :

2035 2136 2102 2192 de
2130 2151 2316 2191 eorum
2349 2147 2548 2204 tamen,
2591 2152 2654 2192 ac
2695 2136 3013 2192 nominatim
3045 2137 3231 2192 Hilarii
3276 2139 3400 2192 stilo
3450 2137 3640 2194 scribit

2035 2231 2194 2300 epist.
2255 2231 2322 2286 l3
2360 2231 2425 2285 ad
2456 2230 2741 2286 Paulinum
2773 2248 2786 2284 :
2814 2231 3035 2286 Sanctus
3087 2229 3321 2286 Hilarius
3368 2229 3638 2285 Gallicana

2033 2324 2285 2377 attollitur
2309 2328 2557 2377 cothurno
2589 2339 2606 2377 :
2638 2333 2682 2377 et
2713 2340 2829 2377 cum
2858 2322 3070 2378 ercia:
3097 2324 3311 2394 ﬂoribus
3335 2327 3635 2390 adoriretur,

2034 2415 2202 2486 longis
2221 2419 2476 2470 interdum
2503 2433 2579 2486 per
2595 2418 2726 2471 iodis
2753 2418 3045 2484 involvitur,
3069 2427 3114 2471 et
3140 2436 3172 2471 a
3193 2419 3408 2472 lectione
3431 2419 3637 2490 simpli-

2033 2511 2228 2565 ciorum
2257 2511 2477 2579 fratrum
2504 2510 2684 2582 procul
2709 2521 2801 2564 est.
2831 2511 2895 2565 Et
2933 2511 2980 2564 si
3003 2511 3210 2582 periodi
3237 2512 3431 2583 longae,
3450 2512 3636 2568 densa:

2036 2615 2215 2658 tamen
2245 2615 2366 2658 sunt
2391 2604 2694 2668 sententiae,
2727 2604 3034 2673 frequentes
3055 2605 3306 2674 eclipses,
3334 2614 3389 2659 et
3413 2604 3500 2658 tibi
3532 2619 3634 2660 vox

2032 2698 2214 2764 aliqua
2243 2695 2449 2750 duabus
2491 2695 2778 2766 pbrasibns
2819 2695 3114 2765 repetenda
3161 2704 3336 2760 esset,
3383 2710 3446 2750 ea
3495 2696 3636 2750 inter

2035 2799 2318 2857 utramque
2346 2789 2415 2843 ita
2447 2788 2766 2853 collocatur,
2815 2796 2870 2841 ut
2912 2787 3236 2856 respondeat
3274 2789 3508 2858 utrique.
3542 2787 3634 2842 Sic

2034 2877 2306 2948 ingenium
2358 2879 2513 2934 facile
2558 2896 2620 2934 ae
2669 2879 2952 2933 fecundum
2985 2878 3203 2934 festinat
3233 2894 3440 2948 parere,
3488 2877 3633 2948 quod

2036 2972 2265 3026 ubertim
2294 2974 2475 3028 animo
2514 2974 2780 3042 concepit.
2811 2971 3022 3027 Lectori
3053 2974 3214 3027 etiam
3257 2972 3521 3026 interdum
3551 2972 3634 3027 in-

2035 3066 2333 3120 commoda:
2359 3075 2484 3120 sunt
2513 3065 2786 3120 nonnulla:
2811 3067 3097 3119 verborum
3127 3065 3475 3131 metatheses,
3505 3065 3633 3118 dum

2037 3175 2158 3230 qua:
2187 3175 2251 3216 ex
2286 3169 2474 3216 natura
2530 3163 2800 3215 sermonis
2845 3158 3122 3214 cohaerere
3168 3158 3428 3231 proximis
3457 3159 3634 3215 verbis

329 3269 453 3324 pag.
485 3254 576 3318 94,
607 3253 675 3308 de
698 3253 849 3308 libris
869 3252 1058 3307 Hilarii
1087 3252 1156 3307 de
1181 3251 1443 3307 Trinitate
1471 3251 1632 3306 verba
1663 3266 1725 3306 ea
1756 3261 1881 3304 sunt
1913 3269 1926 3304 :
1959 3250 2004 3313 C
2036 3251 2319 3317 deberent,
2348 3251 2416 3307 ad
2446 3267 2508 3306 ea
2537 3269 2656 3322 qua:
2700 3252 2910 3320 longius
2937 3252 3158 3318 distant,
3191 3267 3334 3322 saepe
3361 3252 3471 3307 sint
3498 3252 3635 3309 refe-

328 3345 445 3399 Etsi
469 3347 522 3399 in
550 3347 724 3400 multis
770 3345 892 3399 bene
928 3346 1075 3399 sentit
1106 3345 1169 3398 de
1189 3345 1714 3399 consubstantialitate
1743 3355 1788 3397 et
1820 3361 1936 3412 per-

325 3457 571 3496 sonarum
597 3441 932 3505 discretione;
960 3440 1202 3507 quoniam
1224 3438 1368 3492 nulla
1396 3439 1529 3508 falsa
1566 3448 1643 3492 est
1680 3436 1934 3502 doctrina,

324 3549 442 3604 qua:
469 3549 574 3587 non
605 3533 778 3602 aliqua
823 3548 941 3586 vera
983 3531 1326 3585 intermisceat
1367 3547 1385 3584 :
1425 3539 1594 3583 tamen
1621 3530 1675 3582 in
1705 3530 1937 3600 pluribus

324 3625 769 3695 scrupulosissime
795 3626 1043 3694 disputat,
1090 3624 1144 3677 in
1180 3621 1484 3694 quibusdam
1513 3622 1668 3676 etiam
1711 3638 1937 3676 errorem

325 3720 656 3790 pertinaciter
683 3720 961 3787 praedicat;
1003 3729 1057 3773 ut
1085 3719 1264 3772 merito
1294 3727 1502 3787 prapter
1524 3718 1620 3770 hoc
1649 3716 1713 3770 ab
1743 3718 1822 3772 his
1851 3718 1936 3787 qui

325 3810 590 3865 ruminaut
637 3826 850 3881 prorsus
893 3811 1209 3881 respuendas
1247 3811 1330 3864 sit.
1364 3809 1500 3864 Tum
1536 3825 1654 3880 pag.
1691 3809 1761 3865 95
1792 3810 1936 3865 illius

322 3904 378 3960 in
419 3904 728 3958 Matthteum
767 3905 1196 3958 Commentarios
1246 3919 1352 3959 non
1404 3905 1598 3958 minori
1621 3914 1936 3973 contemptu

322 3999 552 4066 reSpuit.
578 3997 855 4050 Abundant
881 4000 1034 4059 enim,
1067 3997 1262 4067 inquit,
1281 3998 1538 4066 simplices
1565 3996 1715 4061 libri;
1741 4007 1795 4049 ut
1811 3999 1936 4069 jure

323 4092 616 4160 scrupulosi
646 4099 852 4160 promer
881 4088 1129 4157 oﬂ'ensum
1170 4090 1384 4144 debeant
1433 4091 1632 4146 evitari.
1681 4089 1837 4158 Quod
1889 4089 1935 4144 si

269 4243 280 4248 ,
324 4186 554 4248 valeret,
587 4185 655 4238 dc
683 4199 875 4254 magna
903 4199 1178 4240 sacrarum
1208 4185 1510 4242 litterarum
1537 4195 1687 4256 parte
1711 4201 1933 4256 prorsus

322 4288 503 4332 actum
532 4288 698 4333 esset.

397 4371 484 4424 3i.
527 4369 712 4439 Neque
757 4385 882 4425 vera
925 4369 1162 4426 hominis
1209 4371 1461 4442 quamvis
1495 4373 1654 4428 amici
1694 4373 1932 4443 iniquam

322 4463 462 4518 adeo
525 4468 850 4518 sententiam
913 4465 1142 4534 probare
1218 4481 1470 4536 umquam
1525 4468 1702 4536 potuit
1749 4467 1934 4522 Abbas

322 4558 530 4626 :rquior
552 4558 710 4626 longe
730 4569 892 4627 atque
916 4561 1232 4627 sapientior.
1269 4558 1555 4628 Numquid,
1580 4560 1656 4614 ait
1684 4545 1843 4628 epist.
1873 4559 1928 4625 6,

323 4649 478 4702 etiam
517 4650 716 4714 debent,
761 4663 878 4718 qua:
918 4651 1219 4718 scrupulosa
1259 4660 1303 4703 et
1333 4649 1544 4704 subtilia
1566 4660 1683 4704 sunt
1708 4651 1924 4716 evitari;
1957 4636 2006 4696 υ

320 4738 404 4792 vel
431 4745 563 4810 [orte
595 4740 744 4804 lecta,
771 4751 822 4794 et
853 4757 953 4795 non
980 4741 1260 4807 intellecta,
1291 4743 1579 4796 inconsulto
1608 4742 1808 4811 judicio
1839 4758 1920 4795 re-

319 4835 561 4905 probari,
594 4834 767 4904 eisque
797 4851 889 4904 pro
913 4836 1034 4890 vitio
1057 4836 1172 4904 ipsa
1197 4836 1569 4902 scrupulositas
1597 4846 1642 4890 et
1672 4835 1925 4890 subtilitas

319 4927 599 4996 imputari;
631 4936 676 4979 et
707 4944 808 4981 non
834 4927 956 4982 inde
993 4928 1155 4982 multo
1201 4931 1369 4998 potius
1411 4928 1668 4998 multoque
1696 4944 1928 4983 reveren-

322 5020 426 5073 tius
451 5019 733 5074 Itouorari?
758 5020 877 5089 Ipse
903 5022 1060 5091 epist.
1086 5021 1141 5086 5,
1167 5021 1397 5091 ingenue
1421 5020 1701 5077 confessus
1730 5037 1850 5077 sese
1873 5022 1926 5076 in

322 5093 396 5164 iis
422 5111 568 5166 libris
597 5111 914 5181 quamplura
942 5112 1234 5177 invenisse,
1277 5128 1396 5181 quae
1438 5127 1544 5166 non
1586 5122 1806 5183 caperet
1853 5113 1932 5167 vel

323 5203 389 5257 ob
417 5203 777 5257 obscuritatem
797 5204 1065 5266 sermonis,
1089 5203 1167 5257 vel
1192 5203 1252 5258 ob
1285 5204 1666 5257 mendositatem
1696 5205 1886 5259 codicis
1909 5222 1930 5271 ;

319 5311 388 5351 ac
415 5312 627 5350 rursum
652 5297 704 5350 in
731 5296 832 5350 alia
856 5296 1132 5361 incidisse,
1158 5311 1273 5365 qua:
1300 5306 1508 5364 prapter
1529 5298 1609 5350 sui
1635 5297 1932 5368 aliquantu-

320 5391 428 5445 lam
455 5392 724 5444 novitatem
762 5407 864 5444 non
901 5390 1026 5444 satis
1066 5389 1369 5460 placuerunt
1399 5405 1417 5442 :
1451 5391 1682 5458 primum
1723 5405 1753 5444 a
1801 5405 1926 5445 sen-

322 5485 493 5538 tentia
521 5484 739 5538 lerenda
764 5498 885 5538 sese
911 5483 1183 5548 sustinuit,
1218 5499 1300 5549 ne,
1333 5483 1539 5552 inquit,
1567 5492 1750 5537 temere
1773 5481 1923 5536 dam-

320 5595 452 5634 nans
481 5596 542 5632 ea
581 5580 634 5633 in
673 5579 852 5649 quibus
889 5581 1092 5634 ctecitas
1131 5595 1243 5634 mea
1279 5578 1517 5646 e/Iendit,
1549 5579 1672 5649 jure
1714 5578 1925 5647 perdam

318 5683 508 5728 cetera
549 5689 666 5744 qua:
706 5689 846 5728 meus
873 5673 1158 5727 intellectus
1198 5684 1468 5743 utcumque
1493 5671 1876 5740 comprehendit
1907 5687 1926 5724 :

319 5776 437 5821 tum
467 5782 590 5835 qua:
621 5768 901 5836 percipere
929 5767 1164 5838 primum
1205 5783 1310 5821 non
1355 5768 1615 5832 valuerat,
1650 5769 1924 5824 attentiori

317 5856 561 5916 lectione
586 5871 644 5916 sc
674 5871 976 5918 assecutum
1003 5873 1122 5920 esse
1151 5859 1388 5920 declarat
1413 5861 1469 5926 in
1494 5860 1634 5919 hunc
1660 5861 1879 5923 modum
1908 5881 1920 5920 :

2037 3344 2226 3398 renda.
2254 3343 2449 3398 Rarius
2479 3385 2492 3409 ,
2522 3344 2614 3399 sed
2648 3355 2824 3398 tamen
2861 3358 3260 3414 nonnumquam
3292 3344 3634 3416 negliguntur

2035 3437 2398 3506 grammatica:
2434 3438 2597 3508 leges.

2109 3531 2201 3586 53.
2240 3530 2629 3586 Obscuritatem
2670 3548 2885 3603 quoque
2915 3534 3054 3603 parit
3082 3548 3296 3600 rerum,
3329 3533 3394 3588 de
3441 3533 3635 3604 quibus

2038 3621 2274 3678 Hilarius
2302 3624 2542 3690 disserit,
2575 3625 2896 3680 sublimitas.
2927 3625 3063 3682 Fere
3091 3628 3234 3681 enim
3265 3635 3410 3680 totus
3436 3637 3519 3682 est
3543 3633 3638 3680 aut

2040 3715 2091 3770 in
2131 3715 2586 3772 reconditioribus
2628 3717 3028 3788 Scripturaruttt
3071 3720 3322 3776 sensibus
3355 3719 3630 3786 eruendis,

2038 3816 2133 3862 aut
2155 3810 2207 3862 in
2236 3810 2528 3865 asserenda
2556 3810 2734 3865 Patris
2770 3819 2827 3866 et
2864 3810 2986 3865 Filii
3017 3819 3126 3866 tum
3156 3812 3633 3867 consubstantiali-

2040 3909 2149 3958 tate
2173 3943 2188 3966 ,
2219 3911 2331 3958 tum
2363 3903 2726 3960 discretione:
2759 3921 2866 3976 quo
2915 3905 3048 3959 nihil
3097 3905 3418 3974 abstrusius,
3461 3907 3632 3964 subli-

2039 4001 2180 4056 tnius
2211 4001 2344 4056 nihil
2369 4002 2597 4072 cogitari
2629 4009 2824 4072 potest.

2109 4095 2200 4149 δι.
2245 4095 2338 4151 His
2368 4097 2577 4152 accedit
2604 4097 2746 4166 quod
2795 4099 2847 4150 in
2898 4097 2983 4162 iis,
3017 4111 3136 4165 qua:
3167 4103 3384 4160 tractat,
3415 4095 3634 4151 Latino-

2039 4203 2156 4242 rum
2187 4203 2344 4243 nemo
2365 4205 2524 4258 quem
2548 4189 2870 4253 imitaretur,
2895 4192 2943 4244 ei
2975 4190 3262 4260 prmiverit.
3291 4189 3366 4244 Ex
3392 4190 3632 4244 omnium

2037 4285 2239 4354 quippe
2267 4299 2536 4340 consensu
2583 4285 2818 4354 gladitnn
2860 4287 3122 4338 adversus
3154 4289 3381 4338 Arianos
3417 4283 3635 4339 strinxit

2037 4378 2350 4433 Latinorum
2381 4381 2605 4450 primus,
2638 4379 2804 4434 immo
2834 4379 3032 4434 bellum
3061 4380 3142 4434 eis
3162 4379 3370 4449 primus
3397 4378 3630 4434 indixit:

2039 4483 2097 4527 ut
2128 4475 2320 4528 merito
2367 4475 2722 4546 Hieronymus
2752 4475 3013 4529 adversus
3046 4475 3223 4528 Ruﬁn.
3261 4474 3355 4528 lih.
3387 4491 3424 4530 tt
3446 4515 3460 4538 ,
3507 4490 3633 4531 eum

2037 4565 2322 4634 appellarit
2347 4577 2521 4620 contra
2564 4566 2785 4621 Arianos
2826 4568 2973 4621 latini
3009 4568 3256 4621 sermonis
3285 4567 3478 4621 tubam.
3513 4566 3632 4622 Pri-

2032 4673 2176 4711 nnun
2205 4658 2365 4712 etiam
2407 4675 2475 4713 ex
2527 4658 2735 4714 Latinis
2780 4663 3101 4731 hymnorum
3146 4659 3463 4728 scriptorem
3510 4673 3633 4712 eum

2033 4747 2220 4816 fuisse,
2253 4764 2415 4819 supra
2461 4765 2528 4805 ex
2572 4750 2775 4805 Isidoro
2824 4752 3106 4821 probatum
3135 4759 3238 4806 est.
3291 4750 3397 4804 Eos
3419 4744 3645 4818 quoque

2033 4839 2324 4912 Scriptura:
2351 4843 2537 4907 libros,
2571 4859 2708 4914 quos
2743 4843 3091 4912 exponendos
3118 4843 3392 4912 suscepit,
3425 4857 3453 4894 a
3483 4840 3632 4895 nullo

2035 4948 2161 4992 ante
2203 4939 2375 5008 ipsum
2428 4939 2639 5003 Latino,
2671 4939 2860 4992 saltent
2901 4938 3041 5007 quod
3091 4937 3276 5002 sciret,
3316 4935 3632 5005 explanatos

2035 5045 2158 5085 esse
2187 5031 2289 5084 hoc
2318 5031 2515 5086 indicio
2532 5039 2631 5095 est,
2664 5030 2804 5099 quod
2838 5029 3147 5084 Mattha-um
3181 5027 3476 5096 explicans,
3499 5025 3632 5078 Ora-

2035 5121 2235 5176 tionem
2271 5121 2600 5175 Dominicam
2631 5121 2753 5190 quia
2800 5135 2829 5173 a
2881 5119 3218 5174 Tertulliano
3257 5125 3312 5171 et
3363 5116 3630 5184 Cypriane

2033 5213 2334 5283 expositam
2387 5215 2659 5274 rescisset,
2709 5213 2956 5267 consulto
3006 5209 3347 5280 prmterierit.
3404 5207 3628 5262 Detnum

2033 5307 2134 5361 sub
2165 5307 2323 5362 finem
2347 5306 2470 5361 libri
2502 5307 2567 5360 de
2600 5304 2832 5377 Synodis
2851 5320 2956 5358 non
2976 5304 3094 5358 sine
3125 5301 3366 5355 modesta
3396 5300 3627 5370 quadam

2033 5399 2351 5470 praefatione
2408 5401 2624 5463 fatetur,
2684 5413 2743 5453 se
2779 5399 2920 5452 ineo
2946 5411 3112 5465 opere
3143 5396 3377 5450 locutum
3419 5409 3541 5451 esse
3567 5398 3631 5450 de

2032 5493 2180 5548 rebus
2200 5493 2506 5547 absconditis
2535 5501 2582 5544 et
2613 5506 2769 5560 usque
2796 5489 2864 5544 ad
2896 5490 3030 5542 hanc
3067 5497 3266 5543 attatetn
3291 5502 3440 5542 suam
3464 5489 3630 5542 inten-

2033 5587 2152 5639 tatis
2171 5593 2216 5638 et
2234 5585 2418 5638 tacitis.
2448 5582 2565 5639 Jam
2589 5597 2718 5637 vero
2743 5597 2863 5636 cum
2887 5581 2952 5635 ad
2979 5595 3067 5636 res
3092 5580 3325 5644 divinas,
3346 5579 3414 5634 de
3435 5579 3630 5650 quibus

2033 5676 2356 5746 loquendum
2383 5678 2431 5731 ei
2450 5684 2589 5741 erat,
2611 5675 2848 5730 nondum
2868 5676 3000 5730 satis
3014 5674 3431 5730 accommodata:
3449 5681 3631 5728 essent

2031 5769 2210 5823 latina:
2243 5783 2422 5833 voces,
2451 5769 2502 5824 in
2527 5770 2735 5824 idoneis
2753 5767 3104 5838 queritandis
3127 5777 3276 5821 tanto
3289 5765 3456 5836 magis
3483 5765 3632 5820 labo-

2030 5863 2190 5933 ravit,
2219 5872 2416 5935 quanto
2439 5863 2599 5924 latina
2621 5862 2801 5935 lingua
2827 5863 3103 5936 angustior
3129 5868 3184 5920 et
3212 5860 3388 5920 minus
3411 5859 3626 5932 cepiosa
