4232 6256
536 286 606 346 27
1806 281 2158 340 PREFATM

2265 281 2627 340 ENERALIS.
3774 286 3848 342 :28

539 411 657 460 erat
687 418 846 472 quam
887 415 1082 472 graeca.
1113 400 1249 455 llinc
1275 400 1418 456 enim
1451 401 1786 473 frequentem
1834 411 1961 458 tunc
2011 414 2143 457 tem-
2171 407 2219 470 Α
2248 402 2581 470 cedendum,
2614 402 2755 474 quod
2786 404 2841 459 in
2871 403 3100 460 aliorum
3138 404 3357 460 Patrum
3403 404 3638 464 lectione
3679 413 3846 466 etiam

499 487 510 495 ’
541 493 688 566 poris
711 493 878 548 fuisse
895 492 1196 562 jurgiorum
1220 506 1436 550 causam
1459 493 1755 566 Gregorius
1776 492 1905 547 Νη.
1931 493 2024 548 0r.
2049 492 2142 561 2i,

538 607 594 660 ῃ.
625 590 719 658 46,
735 591 898 646 tradit
927 588 1012 647 διὰ
1041 592 1323 650 στενότητα
1347 598 1438 652 τῆς
1463 590 1608 664 παρὰ
1629 597 1734 652 τοῖς
1759 587 1961 649 Ἰταλοῖς
1984 587 2147 660 γλώτ-

540 706 633 746 της
662 685 748 740 καὶ
774 685 1030 756 ὀνομάτων
1056 687 1252 741 πενίαν.

608 776 698 832 55.
739 775 1034 847 Gregorius
1057 777 1202 834 idem
1230 775 1324 834 0r.
1354 775 1444 839 ‘26,
1471 793 1524 830 η.
1549 774 1606 843 2,
1632 783 1784 832 notat
1813 776 2007 846 triplex
2042 776 2144 830 im-

539 871 746 923 minere
772 868 838 923 de
873 869 983 923 Deo
1013 871 1359 942 loquentibus
1387 869 1710 938 periculum,
1738 870 1791 926 iu
1821 875 2004 924 tuente
2034 867 2145 924 Sci,

543 959 691 1025 lieet,
726 959 778 1014 in
811 974 1090 1024 sermone,
1124 962 1175 1014 in
1198 961 1382 1016 auditu
1413 978 1428 1016 :
1473 959 1617 1014 Nam
1645 971 1692 1016 et
1713 977 1792 1015 res
1822 961 2040 1025 divinas,
2065 959 2149 1016 iu-

540 1057 678 1126 quit,
709 1065 871 1110 mente
915 1056 1157 1124 consequi
1197 1055 1441 1119 arduum,
1472 1065 1520 1109 et
1546 1053 1708 1110 verbis
1741 1054 1998 1124 explicare
2025 1070 2146 1124 per-

541 1149 777 1222 difﬁcile,
816 1160 863 1203 et
899 1159 1145 1219 purgatas
1177 1165 1329 1202 aures
1367 1150 1597 1203 nancisci
1629 1149 1841 1220 mqjoris
1887 1147 2076 1202 laboris
2099 1157 2149 1204 et

541 1241 886 1311 difﬁcultatis.
925 1239 1140 1306 Triplex
1171 1238 1299 1293 illud
1331 1239 1634 1309 periculum
1678 1240 1854 1296 sensit
1880 1254 1944 1294 ac
1976 1239 2148 1294 timuit

545 1331 797 1386 Hilarius.
835 1331 990 1387 Unde
1023 1333 1116 1388 lib.
1140 1349 1196 1398 ιι,
1231 1348 1287 1388 η.
1316 1332 1380 1398 2,
1415 1333 1582 1388 vicem
1608 1347 1760 1388 suam
1787 1332 1968 1395 dolet,
2002 1330 2149 1402 quod

543 1424 898 1478 Ittcreticorum
919 1425 1382 1494 blasphemantium
1413 1425 1535 1477 vitio
1558 1425 1739 1478 illicita
1769 1441 1940 1494 agere,
1982 1424 2148 1476 ardua

544 1517 809 1584 scandere,
837 1516 1125 1584 ineﬁabilia
1158 1518 1344 1586 eloqui,
1370 1518 1660 1573 inconcessa
1674 1535 1978 1588 prtesumere
2003 1533 2150 1572 com-

547 1611 787 1681 pellatur
823 1628 835 1662 :
870 1620 925 1663 ut
949 1626 1062 1680 quw
1089 1611 1335 1664 contineri
1355 1611 1599 1680 religione
1627 1613 1870 1664 mentium
1895 1612 2150 1679 aportuis-

543 1711 677 1766 sent,
710 1702 763 1755 in
793 1703 1080 1775 periculum
1108 1704 1319 1756 [inmani
1366 1703 1556 1771 eloquii
1607 1708 1959 1774 proferantur.
2009 1703 2143 1758 Tum

2245 497 2640 554 observandum
2685 496 2943 567 Eulogius
2986 497 3386 555 Alexandrinus
3421 502 3560 570 apud
3593 502 3845 560 Pltotiutu

2248 591 2368 646 cod.
2402 591 2528 659 215,
2553 591 2796 661 praecipit
2821 608 2835 645 :
2862 590 3076 660 Oportet
3098 593 3254 662 igitur
3278 603 3593 661 caudarum,
3623 599 3712 668 qui
3731 615 3847 653 cere

2249 685 2315 740 tis
2342 685 2650 754 temporibus
2671 683 2918 740 Ecclesia:
2940 685 3176 739 doctores
3199 687 3527 753 exstiterunt,
3554 689 3846 745 doctrinam

2247 776 2439 846 integre
2469 778 2745 849 perlegere,
2771 786 2818 831 et
2835 793 2936 832 non
2961 793 3024 832 ea:
3052 788 3197 846 parte
3233 778 3443 833 illorum
3469 785 3702 852 proferre
3728 802 3850 839 seno

2251 869 2452 933 tentias,
2480 868 2696 933 indeque
2717 869 2783 924 de
2803 878 2910 924 tota
2939 884 3118 924 eorum
3143 880 3310 924 mente
3330 887 3435 926 non
3463 874 3577 928 sine
3614 877 3848 946 periculo

2247 964 2588 1033 conjecturam
2638 967 2900 1033 facere....
2949 965 3155 1029 quando
3189 966 3394 1036 quidem
3432 984 3495 1022 ex
3533 985 3637 1023 uno
3671 971 3848 1039 aliqua

2247 1056 2406 1122 dicto,
2450 1056 2554 1110 sive
2589 1057 2825 1126 epistola,
2869 1058 2976 1114 sine
3019 1058 3390 1126 lucubratione,
3435 1070 3541 1115 tota
3579 1065 3850 1132 scriptoris

2251 1149 2412 1218 pietas
2439 1151 2642 1206 ostendi
2677 1167 2780 1204 non
2803 1160 2985 1222 potest.
3036 1151 3307 1208 Praeterea
3355 1155 3518 1210 verba
3553 1156 3697 1210 illius
3740 1174 3849 1213 non

2249 1253 2466 1310 semper
2503 1245 2570 1296 ad
2601 1255 2818 1298 nostros
2852 1243 3103 1314 loquendi
3152 1243 3343 1300 modos
3387 1258 3516 1303 sunt
3552 1249 3840 1320 exigenda.

2250 1331 2451 1387 Eorum
2495 1334 2640 1389 enim
2683 1335 2919 1404 plurimi,
2963 1352 3100 1406 quos
3135 1348 3340 1406 postea,
3381 1341 3679 1414 Augustino
3711 1358 3850 1414 prm-

2250 1427 2436 1482 sertim
2468 1427 2707 1494 doctore,
2736 1430 2941 1485 invexit
2983 1445 3110 1485 usus
3137 1441 3230 1484 aut
3265 1437 3667 1504 comprobavit;
3697 1438 3846 1492 llitao

2251 1521 2318 1575 rii
2342 1536 2458 1575 :t-vo
2485 1531 2578 1576 aut
2609 1522 2833 1577 inauditi
2864 1532 3038 1588 erant,
3065 1533 3157 1577 aut
3179 1524 3416 1580 nondum
3457 1528 3586 1582 satis
3604 1531 3806 1599 recepti
3832 1545 3848 1584 :

2251 1622 2308 1666 ut
2333 1613 2526 1668 merito
2553 1613 2750 1669 dixerit
2779 1629 2902 1670 cum
2925 1616 3212 1672 Ambrosio
3239 1619 3400 1687 epist.
3427 1619 3522 1684 48,
3556 1620 3622 1675 ad
3655 1621 3848 1678 Subiu.

2251 1722 2401 1762 num.
2426 1708 2492 1762 ιε
2527 1707 2741 1762 Verbum
2759 1710 2804 1763 si
2831 1708 3120 1776 o/fendero,
3153 1711 3386 1765 virtutem
3415 1714 3747 1782 professionis
3767 1717 3853 1770 in-

543 1810 674 1850 vero
701 1811 851 1850 num.
884 1797 942 1859 5,
974 1795 1138 1852 animi
1169 1811 1328 1851 sensa
1357 1796 1570 1866 propria
1613 1797 1884 1864 explicare
1921 1811 2028 1851 non
2060 1812 2147 1850 va-
2178 1801 2226 1861 Β
2254 1809 2526 1870 terrogato.
2554 1802 2637 1866 Si,
2670 1802 2839 1871 inquit
2865 1801 3004 1857 idem
3047 1819 3193 1857 num.
3225 1803 3278 1870 6,
3307 1805 3458 1858 verba
3495 1816 3714 1872 urerent,
3746 1825 3849 1864 non

545 1890 707 1948 lentis
727 1897 915 1944 mstum
943 1898 999 1946 et
1019 1892 1346 1946 anxietatem
1377 1891 1620 1946 declarat
1648 1891 1732 1947 bis
1759 1893 1939 1947 verbis
1970 1910 1984 1945 :
2016 1891 2150 1946 Mihi

546 1991 679 2043 certe
704 1983 784 2036 his
812 1984 1137 2051 respondenti
1162 1985 1218 2039 in
1243 1985 1380 2040 curis
1402 1995 1558 2040 testas
1590 1995 1686 2051 est,
1736 1986 1789 2038 in
1833 2001 1984 2040 sensu
2013 1985 2152 2040 labes

544 2086 643 2141 est,
672 2076 724 2130 in
747 2076 1084 2147 intelligentia
1127 2085 1307 2146 stupor
1353 2087 1466 2141 est;
1516 2078 1568 2131 in
1597 2093 1827 2130 sermone
1853 2086 2023 2130 autem
2049 2093 2153 2130 non

545 2171 659 2241 jam
684 2171 1054 2239 inﬁrmitatem,
1099 2171 1190 2226 sed
1226 2172 1485 2226 silentium
1533 2172 1812 2240 conﬁtebor
1840 2188 1858 2225 :
1889 2187 2038 2236 cum,
2071 2170 2154 2226 iu-

549 2262 685 2332 quit,
715 2263 809 2317 lib.
857 2263 926 2320 do
976 2263 1183 2334 Synod.
1211 2280 1269 2318 n.
1301 2265 1336 2320 ὅ
1364 2281 1379 2318 :
1407 2264 1764 2335 diﬂicillintmn
1809 2265 1899 2332 sit,
1952 2279 2154 2318 sensum

552 2357 725 2427 ipsum
751 2357 978 2426 prepria:
1015 2373 1139 2411 mete
1167 2356 1291 2424 ﬁdei
1317 2357 1595 2411 secundum
1638 2357 1987 2428 intelligentia
2025 2357 2156 2410 inte-

549 2451 701 2505 rioris
732 2449 972 2517 allectum
1011 2451 1268 2520 loquendo
1309 2452 1559 2521 proferre.
1596 2451 1820 2505 Detuum
1857 2448 1924 2505 ab
1968 2449 2156 2504 auditu

553 2545 655 2602 sibi
687 2547 854 2612 timet,
887 2546 1011 2600 dum
1041 2546 1165 2600 libri
1195 2546 1436 2616 ejusdem
1466 2562 1612 2601 num.
1643 2545 1747 2613 65,
1775 2546 1854 2600 ait
1884 2563 1897 2598 :
1929 2544 2158 2600 Memen-

552 2643 674 2701 tote,
704 2653 806 2692 nou
828 2654 1028 2692 sensum
1052 2638 1178 2693 mihi
1223 2638 1413 2702 deesse,
1445 2638 1536 2692 sed
1573 2638 1746 2694 verba.
1775 2639 2002 2709 Arguum
2027 2641 2160 2708 forte

548 2731 605 2785 in
632 2747 690 2786 eo
719 2739 954 2786 naturam
983 2747 1181 2799 meum,
1211 2749 1315 2786 non
1350 2743 1520 2786 tamen
1545 2747 1762 2802 arguam
1807 2732 2158 2796 voluntatem;

555 2832 603 2878 et
641 2824 850 2895 ignosco
887 2833 1115 2888 natura,
1145 2824 1190 2879 si
1221 2823 1360 2894 loqui
1397 2824 1462 2878 de
1494 2823 1633 2894 quod
1672 2823 1777 2878 vult
1820 2839 1922 2877 non
1971 2830 2155 2894 potest.

554 2912 815 2971 Conscius
842 2917 986 2972 enitn
1016 2917 1143 2985 sibi,
1183 2919 1324 2988 quod
1366 2916 1420 2972 in
1465 2917 1628 2972 rebus
1651 2916 1848 2970 divinis
1887 2916 2157 2970 verborum

558 3010 728 3064 adhuc
779 3012 1090 3082 signiﬁcatio
1138 3012 1407 3081 angustior
1457 3026 1611 3079 quin
1662 3009 1997 3080 intelligentia
2045 3008 2157 3074 sit,

556 3111 708 3159 tanto
737 3105 906 3174 magis
937 3103 1258 3159 formidabat
1298 3118 1368 3158 ne
1409 3117 1569 3156 aures
1597 3101 1917 3165 oll'euderet,
1956 3111 2160 3171 quanto

2253 1893 2591 1962 prtejndicant
2629 1895 2773 1962 ﬁdei.
2821 1893 3025 1948 Etenim
3064 1911 3346 1950 sermonem
3396 1914 3538 1953 mens
3565 1915 3668 1952 non
3696 1900 3854 1955 dubia

2252 1981 2552 2049 obumbrat,
2592 1995 2642 2040 et
2672 1986 2900 2056 defendit
2931 2004 2961 2038 a
2988 1988 3161 2045 lapsu.
3208 1988 3286 2042 Ita
3327 1992 3441 2054 lict,
3481 2000 3538 2044 ut
3580 1991 3852 2047 nominent

2253 2073 2490 2131 oﬂ‘endat
2535 2092 2767 2147 persona
2820 2093 2920 2132 vox
2969 2093 3036 2132 eo
3085 2093 3245 2134 sensu
3272 2090 3516 2150 accepta,
3551 2097 3658 2152 quo
3709 2099 3854 2139 nunc

2255 2181 2458 2225 natura:
2477 2172 2830 2238 vocabulum;
2861 2183 2950 2227 aut
2980 2188 3102 2229 cum
3128 2175 3199 2227 uti
3233 2173 3339 2229 Deo
3361 2191 3461 2246 pro
3488 2178 3594 2246 frui
3628 2175 3740 2231 Deo
3759 2192 3854 2232 oc-

2254 2277 2470 2330 curret;
2497 2273 2556 2319 et
2610 2265 2716 2320 alia
2765 2266 3069 2336 ltujusmodi
3121 2282 3243 2336 qua:
3291 2281 3582 2324 recensere
3634 2269 3850 2340 Iungunt

2257 2364 2422 2412 esset.
2473 2355 2753 2413 Postremo
2791 2359 2915 2428 quia
2946 2357 3000 2414 in
3030 2357 3233 2414 Latinis
3281 2375 3388 2415 non
3426 2359 3613 2416 habuit
3637 2377 3772 2430 quos
3799 2366 3852 2418 iu

2255 2447 2421 2503 rebus
2450 2465 2478 2502 θ
2501 2464 2560 2504 se
2589 2449 2885 2504 tractandis
2908 2450 3238 2516 imitaretur;
3261 2451 3329 2506 ad
3372 2463 3605 2508 mentem
3641 2453 3856 2509 Gnaeo-

2258 2554 2400 2608 rum,
2447 2555 2676 2612 quorum
2705 2543 2752 2597 ui
2797 2543 2957 2597 lectio
2999 2542 3281 2599 familiaris
3326 2553 3463 2611 erat,
3513 2545 3681 2601 multa
3729 2561 3854 2602 eum

2260 2634 2600 2702 expressisse
2647 2635 3036 2689 advertendum
3086 2644 3190 2690 est.
3224 2637 3300 2691 Ex
3342 2653 3445 2708 qua
3471 2678 3487 2701 ,
3520 2639 3660 2693 sicut
3695 2650 3750 2693 et
3786 2655 3855 2696 ex

2260 2728 2525 2797 superiori
2577 2729 2957 2784 observatione
2998 2729 3304 2795 coniicitur,
3355 2731 3497 2786 illius
3546 2747 3856 2789 sermonem

2260 2835 2384 2876 cum
2412 2819 2636 2888 Graecis,
2658 2828 2750 2875 aut
2769 2830 2920 2877 certe
2951 2821 3155 2877 Latinis
3184 2823 3427 2878 Patribus
3455 2825 3690 2893 quicum
3719 2839 3859 2894 pne-

2259 2925 2564 2979 cesserunt,
2611 2929 2717 2969 non
2763 2931 2884 2971 cum
2939 2916 3004 2970 iis
3033 2918 3126 2987 qui
3170 2920 3510 2988 eum‘secuti
3554 2929 3702 2984 sunt,
3737 2935 3859 2976 esse

2263 3008 2706 3078 comparandum.
2726 3009 2877 3075 Quod
2905 3011 2950 3064 si
2975 3011 3370 3078 praistitissent,
3397 3014 3486 3083 qui
3519 3013 3698 3083 plures
3717 3014 3768 3068 iu
3792 3029 3857 3069 eo

2265 3101 2549 3170 opiniones
2576 3116 2640 3155 ac
2678 3101 2894 3156 dicendi
2924 3102 3115 3156 modos
3141 3103 3445 3172 singulares
3496 3115 3768 3164 nonrunt.
3803 3105 3856 3160 in

561 3197 742 3252 minus
764 3206 875 3250 tum
896 3196 966 3250 de
988 3196 1038 3250 vi
1067 3195 1326 3264 cujusque
1350 3196 1497 3248 vocis
1527 3195 1666 3250 inter
1691 3194 1942 3248 homines
1961 3209 2158 3250 conve-
2185 3186 2231 3253 C
2261 3194 2408 3249 nullo
2434 3192 2548 3250 fere
2565 3208 2690 3250 eum
2711 3193 3055 3264 singulariter
3095 3206 3190 3250 aut
3229 3198 3472 3252 sensisse
3497 3207 3587 3252 aut
3615 3198 3853 3254 locutum

563 3300 754 3356 uerat;
788 3305 909 3344 cum
940 3289 1272 3358 plerumque,
1300 3287 1841 3358 utloquituripselib.
1871 3287 2156 3360 deSynod.

562 3397 616 3435 n.
650 3382 703 3444 8,
733 3381 970 3453 ignorata
1014 3381 1275 3434 verborum
1321 3382 1560 3450 Opinione
1607 3380 1892 3449 plurimum
1931 3379 2073 3434 inter
2100 3395 2160 3438 se

563 3474 1008 3544 digladiareutur.
1031 3473 1262 3543 Quippe.
1289 3472 1770 3544 inquitGregoritts
1797 3473 1922 3528 Nae.
1945 3473 2041 3528 0r.
2063 3474 2154 3540 2i,

563 3581 620 3623 ιι.
649 3567 745 3638 97,
787 3583 900 3621 cum
925 3567 1112 3636 exigua
1137 3583 1218 3621 res
1242 3565 1468 3635 quotidie
1509 3565 1794 3632 accederet,
1838 3581 1953 3636 quin
1975 3566 2162 3619 moles-

571 3662 694 3716 tiam
714 3660 947 3729 afferret;
977 3677 1036 3715 eo
1055 3663 1260 3715 tandem
1291 3677 1371 3714 res
1401 3660 1628 3714 adducta
1657 3670 1765 3727 est,
1797 3671 1851 3714 ut
1875 3660 2161 3732 periculum

564 3763 691 3808 esset
721 3770 783 3808 ne
808 3753 948 3808 orbis
975 3764 1226 3808 terrarum
1251 3752 1376 3821 lines
1410 3768 1514 3806 uno
1551 3767 1668 3806 cum
1703 3753 1918 3823 syllabis
1950 3752 2160 3806 abrum-

564 3855 825 3918 perentur.

635 3939 724 3995 56.
766 3939 1026 4005 Quocirca
1055 3939 1213 3994 verba
1240 3937 1308 3994 de
1337 3939 1445 3994 Deo
1475 3937 1734 4004 facturus,
1778 3945 1834 3993 ut
1874 3937 1974 3993 sibi
2015 3945 2162 3994 recte

561 4034 826 4091 sentiendi
847 4050 910 4090 ac
934 4034 1186 4105 loquendi
1210 4034 1500 4090 difﬁcultas
1519 4035 1968 4104 complanaretur,
1993 4034 2162 4104 ipsius

560 4143 718 4198 opem
743 4127 968 4198 supplex
1000 4127 1340 4198 implorabat.
1373 4126 1628 4198 Exposui,
1659 4127 1957 4192 Cerissimi,
1989 4127 2165 4196 inquit

559 4220 655 4276 ltb.
679 4220 748 4276 de
769 4220 973 4292 Synod.
1001 4238 1055 4277 n.
1086 4221 1176 4287 65,
1203 4234 1450 4293 quantum
1490 4223 1704 4277 humani
1741 4224 1992 4278 sermonis
2041 4239 2166 4277 con-

560 4312 780 4368 suetudo
806 4313 1108 4384 patiebatur,
1129 4327 1180 4368 et
1214 4316 1462 4370 Dominus
1484 4316 1610 4370 mihi
1632 4331 1832 4388 semper
1854 4326 1908 4371 ιιι
1931 4317 2041 4384 ipse
2067 4313 2166 4371 scit

560 4421 594 4459 a
625 4421 702 4458 me
727 4415 900 4458 oratus
923 4406 1160 4472 indulsit,
1199 4409 1482 4463 communis
1522 4409 1646 4479 ﬁdei
1672 4407 2057 4464 conscientiam.
2088 4407 2164 4462 ita

567 4497 730 4551 etiam
758 4512 864 4566 quo
889 4497 1098 4553 lucilius
1124 4501 1354 4570 cogitata
1382 4502 1550 4570 ipsius
1577 4503 1650 4556 ab
1675 4503 1796 4559 aliis
1823 4503 2166 4573 perciperen-

563 4601 669 4659 tur,
696 4607 758 4647 ea
785 4593 945 4648 variis
972 4594 1145 4650 modis
1169 4594 1490 4664 explatmbat
1517 4613 1530 4650 :
1562 4606 1622 4651 ut
1646 4596 1692 4652 si
1713 4598 1797 4652 cui
1825 4612 1928 4652 una
1954 4597 2166 4652 ratione

554 4688 795 4744 'obscura
825 4699 1030 4754 essent,
1068 4703 1130 4743 ea
1161 4689 1331 4743 altera
1357 4689 1548 4744 tierent
1575 4689 1867 4758 apertiora.
1897 4687 2067 4755 Quam
2095 4688 2167 4744 ob

563 4795 678 4838 rem
711 4779 1034 4852 eloquentiae
1082 4796 1193 4836 suae
1243 4782 1385 4838 virus
1428 4797 1704 4848 exserens,
1737 4781 1809 4836 de
1847 4779 1960 4836 Deo
2001 4795 2166 4851 quam

563 4874 673 4930 alte
699 4875 925 4928 sentiret
947 4913 962 4939 ,
997 4874 1295 4945 insignibus
1335 4873 1718 4946 speciminibus
1755 4886 1902 4941 saepe
1939 4887 2166 4927 numero

565 4968 954 5038 comprobavit.
1001 4969 1122 5024 Non
1154 4969 1306 5033 enim,
1335 4969 1509 5039 inquit
1537 4967 1669 5024 ibid.
1704 4983 1759 5023 n.
1792 4967 1862 5023 62
1887 5009 1902 5034 ,
1931 4968 2166 5037 inﬁnitus

565 5071 615 5120 et
659 5064 936 5117 immensus
974 5062 1116 5117 Deus
1155 5061 1387 5118 brevibus
1427 5063 1640 5117 humani
1673 5063 1922 5116 sermonis
1955 5061 2167 5129 eloquiis

566 5157 783 5228 intelligi
813 5156 995 5226 potuit,
1029 5157 1108 5211 vel
1133 5155 1339 5227 defendi
1372 5173 1386 5209 :
1417 5155 1556 5229 fallit
1579 5156 1713 5208 enim
1749 5155 2049 5225 plerumque
2071 5169 2169 5207 an-

568 5252 760 5310 dientes
782 5261 831 5308 et
857 5253 1092 5308 docentes
1116 5251 1334 5307 brevitas
1364 5267 1679 5305 sermonum.
1709 5247 1845 5304 Cum
1877 5249 2038 5318 igitur
2077 5249 2171 5304 lli-

568 5346 754 5412 larius,
788 5349 992 5403 veritus
1013 5364 1081 5403 ne
1107 5348 1319 5403 falleret
1347 5347 1629 5411 brevitate,
1661 5346 1932 5402 sermonis
1957 5347 2168 5415 copiam

570 5450 812 5497 sectatus
839 5452 1016 5507 esset;
1047 5443 1303 5499 lectorem
1329 5440 1452 5514 jure
1481 5457 1546 5498 ac
1569 5443 1762 5498 merito
1791 5441 2046 5496 admonet
2073 5439 2168 5494 lib.

573 5534 643 5587 de
674 5533 880 5603 Synod.
905 5549 960 5587 n.
988 5533 1042 5598 6,
1077 5551 1143 5589 ue
1167 5535 1235 5588 de
1261 5551 1318 5591 se
1339 5545 1458 5592 ante
1492 5535 1740 5590 sermonis
1777 5533 2170 5588 consummatio-

578 5641 693 5680 nem
721 5643 810 5698 per
840 5627 1122 5680 litterarum
1149 5629 1363 5682 exordia
1392 5631 1644 5684 existimet
1667 5628 2026 5694 indicandum.

653 5719 740 5772 57.
775 5718 950 5786 Quam
982 5732 1194 5785 precem
1237 5733 1360 5774 cum
1398 5736 1546 5775 num.
1581 5723 1650 5779 66
1679 5729 1906 5790 repetat,
1934 5733 2177 5775 rursum-

591 5827 696 5886 que
709 5810 947 5884 iuculttcl
964 5810 1180 5886 Fragor.
1195 5827 1235 5885 ι,
1258 5827 1407 5878 nutu.
1425 5815 1478 5884 7,
1495 5829 1656 5882 nemo
1673 5814 1952 5896 negaverit
1976 5817 2026 5895 ei
2047 5831 2178 5890 conv

2261 3300 2382 3344 esse
2413 3285 2914 3354 depreltendissent.

2334 3379 2424 3434 38.
2465 3379 2676 3447 Quanto
2695 3380 3000 3436 difﬁciliora
3023 3380 3285 3436 hactenus
3311 3379 3544 3451 iudicata
3567 3391 3686 3437 sunt
3710 3382 3859 3438 Hila-

2262 3472 2328 3527 rii
2358 3473 2582 3541 scripta,
2631 3483 2782 3528 muto
2825 3474 3111 3542 operosius
3139 3476 3453 3530 enitendum
3492 3477 3768 3543 duximus,
3800 3487 3860 3536 ut

2261 3582 2324 3622 ea
2352 3565 2645 3622 dit‘ticultas
2670 3567 3068 3625 sublevaretur.
3106 3569 3275 3640 Hujus
3303 3570 3380 3625 rei
3417 3573 3586 3642 gratia
3625 3574 3863 3644 singulas

2261 3659 2485 3728 singulis
2502 3662 2761 3730 operibus
2806 3663 3166 3731 praemisimus
3195 3663 3587 3719 admonitiones
3609 3675 3702 3720 aut
3723 3682 3861 3735 prm-

2261 3751 2525 3819 l'ationes,
2561 3754 2613 3808 in
2662 3755 2856 3823 quibus
2885 3755 3144 3825 quidquid
3172 3757 3238 3809 ad
3267 3757 3450 3825 operis
3486 3759 3859 3825 occasionem,

2263 3855 2475 3914 tempus
2495 3886 2512 3911 ,
2543 3859 2790 3916 scopum,
2828 3847 3104 3901 veritatem
3130 3856 3185 3901 et
3213 3847 3315 3902 alia
3357 3847 3407 3902 id
3440 3863 3610 3918 genus
3635 3861 3862 3919 Spectat,

2263 3953 2362 4008 pro
2409 3949 2595 3994 nostra
2647 3939 2785 3993 virili
2826 3948 2980 4008 parte
3019 3938 3395 4009 explicuimus.
3449 3941 3541 3996 llis
3581 3941 3852 3998 interdum

2262 4031 2503 4086 subnexa
2525 4039 2608 4085 est
2632 4031 2798 4085 totius
2827 4033 3010 4100 operis
3049 4031 3298 4102 syuopsis
3331 4050 3343 4085 :
3373 4033 3519 4103 quod
3563 4035 3864 4103 praesertim

2264 4123 2330 4176 ad
2358 4123 2521 4176 libros
2551 4122 2621 4177 de
2641 4121 2902 4178 'l‘rinitate
2928 4123 3102 4177 visum
3127 4134 3212 4178 est
3241 4123 3470 4192 quodam
3495 4124 3656 4180 modo
3679 4139 3867 4182 neues-

2265 4215 2488 4270 sarium.
2517 4213 2653 4269 Tum
2689 4225 2745 4269 ut
2788 4216 2958 4271 lector
2989 4216 3040 4269 in
3071 4215 3422 4286 assequendis
3463 4216 3648 4271 Hilarii
3681 4220 3860 4273 sensis

2267 4308 2445 4363 minus
2473 4307 2780 4373 laboraret,
2812 4308 3086 4379 principua
3113 4309 3282 4378 ipsius
3305 4318 3620 4378 argumenta
3642 4350 3658 4375 ,
3686 4325 3858 4378 quau-

2267 4413 2380 4460 tum
2410 4419 2509 4472 per
2536 4417 2686 4456 oram
2711 4401 2834 4458 libri
2867 4403 3048 4466 licuit,
3083 4401 3340 4457 brevibus
3372 4404 3682 4458 summariis
3713 4418 3868 4458 com-

2270 4496 2608 4568 prehendere
2627 4497 2954 4552 curavimus.
2989 4493 3060 4551 Ut
3081 4505 3268 4550 autem
3289 4494 3533 4561 haberet,
3563 4495 3652 4549 ubi
3689 4497 3868 4565 perio-

2193 4575 2244 4636 Β
2271 4592 2463 4648 dorum
2505 4589 2844 4660 longitudine
2885 4587 3133 4658 fatigatus
3174 4588 3558 4658 requiesceret,
3608 4599 3873 4644 tractatus

2274 4685 2468 4756 singuli
2497 4687 2678 4740 varios
2716 4685 2770 4739 in
2801 4697 3059 4738 numeros
3089 4689 3217 4736 sunt
3241 4681 3504 4736 distincti.
3541 4683 3616 4737 Ea
3657 4695 3874 4752 quoque

2273 4780 2484 4836 ratione
2529 4779 2847 4835 citationqu
2889 4775 3260 4832 commoditati
3311 4777 3618 4832 consultum
3669 4787 3772 4844 est,
3803 4791 3875 4831 ne

2274 4887 2474 4944 paucos
2513 4885 2701 4927 versus
2725 4881 3118 4940 recognoscere
3143 4867 3450 4924 volentibus
3478 4870 3573 4925 toti
3626 4868 3748 4924 libri
3788 4878 3880 4925 cs-

2273 4976 2394 5024 sent
2419 4965 2788 5037 pervolveudi.

2345 5062 2434 5118 39.
2464 5059 2572 5116 Sed
2599 5061 2650 5115 in
2674 5057 3091 5129 redintegrando
3121 5065 3297 5122 textu,
3329 5069 3397 5112 ex
3427 5057 3584 5128 cujus
3603 5056 3878 5126 deprava-

2272 5157 2422 5212 tione
2446 5155 2748 5210 obscuritas
2772 5163 2832 5210 ut
2849 5153 3144 5225 plurimum
3165 5153 3473 5216 creabatur,
3497 5159 3681 5206 nostra
3706 5151 3878 5220 potis-

2274 5249 2470 5304 simum
2499 5263 2632 5304 cura
2662 5262 2725 5303 ac
2754 5249 2988 5303 studium
3017 5247 3135 5303 fuit.
3169 5247 3235 5302 Et
3259 5248 3305 5302 si
3347 5256 3527 5299 autem
3565 5258 3724 5314 quam
3754 5244 3874 5311 plu-

2277 5342 2434 5407 rima,
2478 5342 2608 5396 nihil
2653 5351 2831 5397 tamen
2873 5343 2976 5396 nisi
3021 5341 3219 5412 prmvia
3273 5339 3518 5410 diligenti
3571 5351 3632 5392 ac
3661 5349 3879 5391 morosa

2277 5437 2716 5494 consideratione
2746 5437 3111 5491 immutatum.
3143 5436 3258 5503 Qua
3289 5435 3342 5489 in
3370 5449 3429 5490 re
3455 5433 3688 5488 maxime
3725 5445 3882 5501 Spes-

2279 5535 2513 5588 tavimus
2535 5534 2858 5605 scriptorum
2879 5532 3127 5587 codicum
3159 5531 3213 5586 in
3244 5544 3406 5585 unam
3437 5528 3725 5584 lectionem
3749 5540 3883 5580 con-

2282 5628 2598 5698 spirantium
2619 5626 3014 5697 antiquitatem,
3039 5624 3428 5683 sinceritatem,
3454 5617 3880 5683 multitudinem,

2279 5723 2325 5778 si
2353 5721 2649 5792 prtesertim
2676 5721 2808 5775 alias
2837 5721 2890 5774 in
2919 5718 3192 5773 mendosis
3209 5717 3343 5772 locis
3370 5713 3717 5770 dissiderent.
3743 5711 3876 5766 Nam

2283 5812 2575 5895 coliciliare
2600 5813 2738 5876 solet
2765 5812 2967 5878 veritas
2983 5852 3000 5887 ,
3027 5825 3167 5890 quos
3195 5808 3405 5873 falsitas
3447 5804 3774 5870 dissidentes
3803 5803 3884 5860 ta,
