4232 6256
296 354 374 410 29
1547 353 1915 412 PIUEFATIO
1954 355 2365 414 GENERALIS.
3530 359 3598 413 30

296 470 394 523 cit.
431 467 583 523 Sicut
628 477 810 522 autem
862 482 991 520 mss.
1035 466 1407 538 antiquitatem
1450 483 1514 524 ex
1552 466 1817 538 scriptura
1849 476 1904 522 et
1929 469 1984 534 Α
2008 476 2240 538 recepta:
2266 467 2523 524 Ecclesia:
2545 465 2669 524 fidei
2697 466 2922 524 adversa
2943 468 3226 538 scripsisse
3256 468 3516 539 arguitur.

297 562 614 617 charactere
639 561 1035 631 perSpcximus,
1069 561 1141 613 ita
1171 575 1235 614 ex
1267 560 1567 615 consrantia
1599 559 1828 629 quadam
1850 560 1904 615 in

293 653 601 725 retinendis
637 652 706 708 iis
736 651 988 723 loquendi
1036 651 1230 718 modis,
1259 652 1349 724 qtti
1393 652 1446 706 in
1476 652 1595 707 aliis
1626 651 1904 723 exempla-

295 747 454 803 ribus
497 747 567 802 ob
609 744 1040 816 singularitatem
1087 760 1234 815 saepe
1284 744 1471 800 mutati
1519 753 1665 811 sunt,
1715 759 1902 800 eorum

297 837 652 911 probavimus
695 837 1081 891 sinceritatem.
1133 837 1212 890 Ad
1267 837 1458 890 horum
1503 837 1784 893 veritatem
1831 837 1903 893 ita

298 929 623 1000 scrupulose
663 928 1028 998 expressimus
1054 927 1232 982 omnia
1253 969 1268 994 ,
1300 939 1355 982 ut
1381 943 1450 983 ex
1482 927 1545 982 iis
1574 928 1735 984 etiam
1783 945 1905 984 ver-

296 1024 496 1078 borum
528 1023 770 1078 ordinem
800 1022 1258 1078 revocaverimus.
1285 1021 1340 1076 Si
1369 1021 1494 1092 quid
1525 1037 1653 1077 vero
1675 1023 1905 1093 castiga-

299 1127 419 1172 tum
454 1114 596 1188 quod
628 1131 733 1170 non
778 1115 1084 1186 Oportebat,
1130 1115 1257 1170 nihil
1291 1128 1469 1171 tamen
1518 1127 1764 1188 ereptum
1797 1120 1904 1174 lec-

297 1209 404 1265 tori
440 1227 454 1260 :
489 1208 580 1278 qui
629 1208 694 1262 ad
763 1222 913 1262 oram
970 1207 1129 1272 libri,
1182 1206 1437 1280 quidquid
1510 1209 1562 1262 in
1635 1208 1902 1278 prioribus

293 1304 649 1369 cditionibus,
679 1302 936 1373 quidquid
961 1302 1014 1356 in
1045 1318 1176 1359 mss.
1209 1303 1466 1368 occurrit,
1500 1299 1641 1374 quod
1674 1303 1904 1374 alicujus

292 1395 556 1452 momenti
585 1395 675 1460 sit,
704 1409 802 1465 pro
830 1394 986 1449 libito
1013 1390 1349 1464 seligendum
1381 1392 1636 1448 inveniet.

378 1486 467 1542 40.
497 1486 824 1557 Importunte
853 1483 1068 1556 quidem
1103 1497 1244 1553 sunt,
1287 1495 1340 1540 et
1370 1483 1438 1539 ab
1474 1496 1691 1541 auctore
1727 1483 1905 1541 inten-

300 1583 513 1638 tionem
543 1581 759 1636 lectoris
786 1579 1030 1634 nonnihil
1051 1579 1323 1635 abducunt
1345 1577 1543 1634 uotula:
1571 1578 1896 1651 frequentes.

306 1674 424 1733 Sed
454 1673 686 1746 plerique
713 1672 914 1728 rescire
941 1672 1185 1742 cupiunt,
1210 1687 1317 1742 quo
1343 1672 1463 1739 jure
1508 1687 1678 1742 quave
1720 1681 1906 1727 aucto-

303 1768 477 1823 ritate
503 1774 758 1820 mutatum
799 1765 900 1832 sit,
929 1764 1071 1836 quod
1103 1766 1248 1834 prius
1272 1765 1584 1820 obtinebat:
1627 1776 1681 1820 et
1726 1765 1902 1822 nullus

2009 606 2038 679 §
2069 606 2109 662 I.
2139 637 2207 648 -—
2236 622 2304 663 es
2333 621 2704 663 CONCEPTIONE
2736 621 2944 661 cumsrt
2989 621 3121 662 sum
3167 619 3355 663 ssucrt
3400 621 3599 663 lllLAml

2484 714 2637 756 πιυεε
2665 714 3102 756 DEMONSTHATL‘R.

2079 835 2171 890 4f.
2204 836 2530 906 Pratpositus
2572 835 2849 893 Johannes
2898 838 3038 906 apud
3089 837 3393 909 Philippum
3434 834 3598 896 Bona:

2006 928 2132 998 Spei
2167 929 2418 984 abbatem
2448 929 2694 999 repetitis
2733 930 3303 1000 epistoliskontendit,
3340 931 3598 988 Hilarium

2007 1017 2060 1074 in
2093 1018 2186 1074 lib.
2214 1037 2247 1074 χ
2291 1019 2359 1074 de
2385 1019 2578 1076 Trinit.
2604 1035 2851 1077 asserere
2890 1020 3169 1076 Dominum
3214 1032 3443 1078 nostrain
3479 1039 3597 1079 cor-

2006 1116 2146 1186 poris
2170 1115 2372 1170 initium
2401 1131 2502 1170 non
2531 1117 2788 1185 accepisse
2809 1132 2871 1170 ea:
2893 1115 2946 1168 Μ
2955 1117 3090 1183 aria,
3115 1116 3204 1172 sed
3223 1117 3371 1186 quasi
3392 1132 3457 1171 ea:
3479 1116 3604 1188 δρία

2007 1208 2108 1260 ritu
2145 1218 2322 1261 sancto
2354 1223 2371 1261 .°
2397 1224 2512 1260 cum
2557 1225 2584 1261 e
2612 1218 2813 1272 contra,
2848 1208 3039 1278 inquit,
3075 1207 3310 1263 Ecclesia
3355 1210 3607 1266 catholica

2007 1311 2195 1366 teneat,
2227 1301 2347 1372 quia
2371 1303 2421 1354 in
2452 1303 2543 1356 illa
2584 1303 2912 1371 conceptione
2956 1300 3167 1357 Domini
3201 1301 3327 1358 Jesu
3369 1303 3600 1374 Spiritus

2005 1405 2214 1449 sanctus
2241 1412 2339 1449 non
2366 1397 2522 1465 fuerit
2553 1413 2707 1450 causa
2729 1397 3029 1462 materialis,
3060 1397 3150 1451 sed
3188 1398 3436 1468 efﬁciens;
3480 1414 3602 1456 caro

2004 1500 2174 1541 autem
2219 1503 2379 1542 sacra:
2433 1487 2658 1558 Virginis
2695 1488 2847 1558 fuerit
2893 1505 3052 1542 causa
3106 1491 3404 1544 materialis.
3455 1492 3600 1557 Quo-

2005 1581 2170 1648 circa,
2199 1580 2242 1635 si
2272 1595 2377 1635 non
2409 1579 2613 1636 fallitur
2643 1580 2939 1648 Johannes,
2965 1581 3162 1652 duplex
3211 1583 3393 1637 ililarii
3423 1584 3476 1638 in
3506 1601 3600 1642 ex-

2007 1670 2249 1742 plicanda
2287 1671 2487 1728 Christi
2519 1674 2871 1744 conceptione
2900 1690 3054 1729 error
3099 1674 3234 1730 fuit:
3265 1691 3422 1742 unus,
3455 1678 3598 1746 quod

2007 1765 2227 1820 Mariam
2274 1767 2452 1822 carnis
2501 1767 2644 1822 illius
2697 1783 2918 1822 causam
2952 1767 3285 1822 materialem
3327 1771 3603 1837 negaverit

299 1869 410 1925 est,
441 1860 522 1912 cui
551 1859 593 1912 si
628 1858 868 1928 placeant
897 1856 1014 1910 sola
1045 1857 1281 1911 auctoris
1311 1855 1494 1922 verba,
1547 1866 1700 1912 notas
1751 1873 1900 1912 seor-
1933 1859 1977 1920 B
2006 1860 2316 1927 exstitisse;
2363 1861 2498 1916 alter
2540 1863 2681 1934 quod
2725 1862 2996 1919 Christum
3044 1880 3109 1918 cx
3155 1864 3388 1933 Spiritus
3428 1866 3600 1922 sancti

291 1952 400 2006 sint
444 1949 510 2005 ab
559 1950 624 2006 iis
669 1949 870 2020 positas
922 1965 1024 2004 non
1071 1951 1141 2003 sit
1201 1949 1426 2004 liberant
1469 1950 1769 2021 praeterire.
1821 1949 1897 2004 lta

293 2041 462 2096 etiam
485 2039 571 2094 ubi
600 2040 847 2111 quiedam
869 2050 1049 2095 notata
1077 2050 1222 2108 sunt,
1247 2056 1366 2111 quae
1392 2040 1619 2095 minoris
1641 2038 1900 2094 momenti

291 2136 656 2202 videbuntur;
687 2135 792 2191 hoc
835 2137 1017 2206 paucis
1045 2139 1341 2207 priestitutn
1369 2148 1472 2203 εει,
1520 2146 1574 2191 et
1613 2136 1666 2190 in
1711 2151 1897 2191 eorum

292 2233 550 2302 gratiam,
580 2231 670 2300 qui
704 2230 756 2284 in
780 2230 1003 2285 doctore
1032 2228 1291 2285 Ecclesiae
1321 2229 1544 2301 antiquo
1573 2246 1636 2285 ac
1671 2229 1898 2297 difﬁcili,

291 2331 355 2377 et
401 2322 467 2376 de
513 2335 572 2378 re
602 2322 655 2376 in
686 2337 790 2393 qua
831 2338 896 2377 ex
927 2324 1106 2378 verbis
1140 2320 1446 2378 inordinate
1493 2323 1714 2394 prolatis
1757 2339 1901 2393 saepe

291 2413 591 2472 incurritur
619 2413 842 2471 haeresis
884 2417 1159 2481 tractanti,
1194 2413 1328 2470 nihil
1379 2417 1756 2487 negligendutn
1799 2418 1900 2472 du-

290 2522 446 2566 cunt.
475 2505 532 2565 lu
566 2507 683 2564 aliis
713 2507 936 2580 majoris
963 2509 1220 2565 momenti
1251 2509 1384 2565 locis
1423 2511 1748 2566 mutationes
1793 2511 1903 2566 fuc-

288 2611 378 2660 tas
410 2619 517 2658 non
552 2602 665 2658 sola
697 2618 827 2659 mss.
858 2603 1197 2670 auctoritate,
1224 2602 1319 2658 sed
1350 2613 1404 2658 et
1440 2619 1598 2673 quam
1639 2603 1902 2673 pauciori-

293 2695 402 2752 bus
443 2695 624 2750 verbis
662 2694 836 2761 licuit,
876 2695 1086 2750 ratione
1131 2704 1215 2750 est
1249 2694 1696 2752 demoustratmu.
1745 2696 1901 2766 Quod

295 2788 605 2846 faciendum
653 2789 957 2860 praesertim
1011 2789 1340 2856 censuimus,
1368 2789 1581 2860 quoties
1627 2792 1716 2861 qui
1752 2791 1899 2847 Hila-

305 2884 450 2939 rium
481 2891 638 2940 antea
681 2892 1128 2954 rccoguoveruut.
1160 2898 1189 2938 a
1235 2898 1363 2938 vero
1389 2882 1530 2939 illius
1555 2898 1716 2938 sensu
1746 2884 1904 2938 aber-

297 2987 509 3044 rantes,
535 2976 698 3032 falsas
725 2975 1118 3031 substituerunt
1144 2976 1428 3039 lectiones,
1467 2992 1586 3045 qua:
1614 2976 1902 3047 quamdam

291 3070 542 3126 veritatis
571 3071 808 3140 Speciem
832 3084 945 3139 pra:
969 3083 1028 3123 se
1060 3067 1284 3123 ferrent.
1332 3066 1527 3122 Iisdem
1572 3068 1716 3124 notis
1752 3067 1903 3122 illus-

294 3174 510 3219 trantur
540 3173 593 3219 et
620 3163 958 3234 explicantur
987 3163 1288 3217 locutiones
1327 3161 1618 3230 inusitatae,
1651 3162 1899 3231 implexa:

2004 1954 2302 2008 substantia
2326 1968 2543 2010 carnem
2568 1972 2720 2010 suant
2742 1956 3034 2025 sumpsisse
3060 1956 3371 2011 crediderit.
3392 1955 3469 2011 Ex
3493 1973 3601 2025 quo

2005 2043 2272 2116 sequitur,
2306 2053 2366 2101 ut
2403 2047 2453 2100 in
2500 2046 2788 2102 absurdam
2842 2048 2986 2102 illam
3027 2047 3337 2118 opinionem
3385 2050 3598 2116 abierit,

2002 2154 2120 2209 qua:
2145 2138 2452 2210 aliquandiu
2485 2140 2624 2195 inter
2650 2137 2962 2196 Corinthios
2989 2149 3296 2212 pervagata.
3321 2141 3601 2198 Athanasii

2003 2230 2069 2284 ad
2111 2229 2412 2300 Epictetum
2439 2232 2665 2302 epistola
2695 2233 2892 2288 acriter
2922 2233 3185 2303 exagitata
3229 2241 3335 2297 est,
3377 2249 3480 2303 qua
3513 2233 3597 2288 ni-

2008 2319 2208 2376 mirum
2232 2337 2448 2378 carnetn
2477 2323 2677 2378 Christi
2707 2324 2901 2380 divina:
2944 2333 3147 2380 natura:
3170 2324 3603 2379 consubstantia-

2003 2416 2109 2471 lem
2141 2431 2261 2471 esse
2283 2417 2652 2486 disputabant.

2075 2509 2167 2566 Η..
2195 2511 2437 2567 Levioris
2466 2511 2600 2568 forte
2631 2513 2889 2568 momenti
2918 2512 3193 2569 videretur
3231 2513 3318 2569 illa
3340 2511 3603 2570 Johannis

2003 2616 2251 2669 censura,
2286 2612 2467 2673 utpote
2509 2603 2740 2660 hominis
2769 2603 2944 2660 multis
2975 2605 3229 2672 occupati,
3259 2613 3315 2660 et
3357 2606 3442 2660 cui
3473 2621 3595 2660 cum

2005 2695 2089 2749 vix
2135 2698 2358 2768 spatium
2404 2697 2684 2767 cogitandi,
2733 2697 2922 2752 nedum
2964 2696 3218 2752 scribendi
3265 2705 3598 2768 suppeteret,

2002 2787 2190 2844 deerat
2217 2790 2359 2844 unde
2385 2791 2706 2845 sententiam
2749 2791 2879 2844 satis
2907 2804 3125 2860 gravem
3158 2790 3358 2844 dixisse
3393 2789 3603 2860 judica-

2003 2889 2176 2936 retur.
2213 2881 2414 2936 Verum
2450 2884 2588 2936 hanc
2616 2882 2806 2938 falsam
2843 2891 2931 2935 aut
2964 2882 3309 2936 temerariam
3351 2882 3468 2952 quis
3498 2883 3602 2938 sibi

2005 2973 2348 3044 persuadeat,
2379 2989 2500 3028 cum
2526 2975 2578 3029 in
2611 2973 2818 3028 Erasmi
2847 2972 3164 3044 praefatione
3190 2974 3380 3045 legerit
3407 2993 3419 3029 :
3448 2972 3604 3030 Libro

2004 3069 2172 3131 tertio,
2202 3068 2291 3122 sed
2320 3069 2480 3139 magis
2521 3067 2649 3121 libro
2691 3067 2908 3134 decimo,
2933 3068 3006 3122 sic
3034 3067 3258 3138 loquitur
3300 3067 3364 3124 de
3391 3085 3606 3138 corpore

2005 3157 2216 3225 Christi,
2252 3170 2306 3213 ut
2334 3161 2518 3214 sentire
2558 3161 2787 3214 videatur
2816 3177 2834 3214 :
2863 3160 3084 3214 Mariam
3123 3161 3388 3232 virginem,
3423 3172 3607 3228 pra'ter

290 3255 523 3326 phrases
543 3297 556 3318 ,
607 3255 889 3310 sententia:
929 3253 1252 3324 singulares.
1297 3249 1480 3306 llilarii
1522 3253 1664 3307 enini
1702 3256 1902 3323 scripta
1932 3242 1978 3306 (Ζ
2008 3253 2350 3323 concipiendi,
2375 3254 2610 3324 gestandi
2640 3263 2686 3306 et
2713 3253 2948 3325 pariendi
2977 3254 3340 3318 ministerium,
3365 3255 3495 3308 nihil
3512 3254 3609 3306 ad-

296 3366 406 3405 non
456 3360 658 3405 tantum
701 3365 731 3402 a
788 3347 995 3403 mendis
1023 3362 1154 3414 pura
1187 3356 1241 3400 et
1267 3346 1495 3418 integra,
1523 3346 1617 3401 sed
1664 3357 1719 3401 et
1762 3347 1902 3402 lectu

289 3441 539 3500 faciliora
555 3440 816 3497 exhibere
846 3440 948 3494 fuit
972 3439 1184 3492 animus
1211 3453 1223 3490 :
1258 3445 1314 3492 ct
1348 3438 1589 3491 locorum
1614 3437 1904 3492 nonnullo-

290 3554 414 3594 rum
471 3526 691 3592 sensum
721 3549 826 3589 non
859 3532 976 3588 sine
1003 3531 1187 3586 labore
1218 3530 1475 3595 assecuti,
1524 3531 1692 3585 nostri
1738 3530 1905 3588 ofﬁcii

292 3630 865 3697 existitnavitnusesse
890 3670 906 3695 ,
933 3635 991 3681 ut
1011 3625 1127 3681 aliis
1149 3625 1236 3680 hic
1259 3623 1408 3680 labor
1435 3625 1726 3680 levaretur.
1745 3625 1902 3680 Eam.

295 3731 427 3783 dem
459 3727 529 3782 ob
560 3741 776 3782 causam
809 3741 872 3780 ex
909 3723 1242 3780 eruditorum
1275 3723 1528 3793 operibus
1557 3724 1762 3794 eligere
1791 3740 1897 3780 non

296 3822 506 3893 gravati
535 3835 755 3884 sumus,
785 3819 828 3872 si
877 3817 1006 3888 quid
1051 3813 1118 3870 ad
1161 3823 1460 3887 gestorum,
1505 3830 1646 3886 quae,
1675 3815 1906 3872 Hilarius

295 3916 534 3986 attingit,
565 3914 807 3968 notitiam
831 3911 1124 3967 faciliorem
1144 3910 1492 3965 conduceret.
1520 3909 1764 3980 Denique
1785 3924 1905 3981 qua:

297 4011 352 4066 in
383 4026 452 4066 eo
494 4008 806 4080 pugnantia,
836 4022 956 4076 qua:
998 4013 1249 4076 suspecta
1296 4002 1640 4070 videbantur,
1685 4019 1907 4073 compo-

299 4119 442 4160 nere
467 4111 526 4158 ct
550 4103 616 4156 ab
640 4101 784 4157 omni
812 4114 996 4154 errore
1023 4098 1296 4153 vindicare
1321 4097 1647 4163 studuimus,
1673 4111 1780 4152 non
1815 4111 1906 4152 va-

303 4199 391 4252 nis
416 4204 510 4250 aut
536 4192 752 4248 aliunde
781 4191 1057 4248 accersitis
1077 4189 1394 4256 rationibus,
1420 4189 1516 4244 sed
1535 4204 1599 4244 ex
1622 4189 1909 4258 ipsiusmet

301 4289 508 4342 verbis.
553 4287 677 4340 lllos
709 4284 850 4339 enim
894 4284 1063 4347 locos,
1095 4292 1187 4337 aut
1215 4297 1279 4336 ex
1301 4279 1571 4350 adjunctis
1600 4280 1908 4350 expenden-

303 4388 412 4448 tes,
446 4387 546 4434 aut
584 4386 962 4448 comparantes
996 4391 1118 4431 cum
1157 4374 1499 4440 clarioribus,
1540 4373 1907 4444 deprehendi-

302 4487 430 4527 mus
450 4486 608 4542 qnam
638 4469 759 4538 jure
786 4468 1040 4535 ililarius,
1083 4467 1150 4523 de
1181 4466 1452 4522 locutione
1493 4481 1598 4521 non
1634 4466 1728 4534 ita,
1760 4475 1816 4521 ιιι
1841 4466 1909 4524 de

302 4564 415 4620 ﬁde
439 4579 534 4620 sua
559 4578 808 4626 securus,
843 4562 1114 4617 monuerit
1135 4572 1293 4632 atque
1319 4560 1481 4616 enixe
1509 4559 1796 4628 rogaverit,
1836 4573 1907 4614 ne

306 4658 379 4712 de
409 4659 526 4726 ipso
553 4663 679 4710 ante
697 4655 1002 4709 absolutum
1027 4668 1332 4710 sermonem
1357 4651 1712 4721 judicaretur.
1738 4652 1912 4718 Quos-

303 4749 431 4805 dam
477 4766 540 4806 ex
591 4750 698 4805 illis
728 4748 1054 4804 celebriores
1096 4755 1261 4818 atque
1306 4744 1644 4800 difﬁciliores
1682 4743 1752 4800 ab
1793 4745 1911 4815 ipso

303 4841 532 4898 exordio
556 4850 790 4897 tractare
811 4841 1056 4912 juverit:
1091 4854 1195 4909 quo
1217 4855 1336 4894 cum
1363 4837 1700 4892 commodius
1748 4853 1910 4910 quam

299 4935 357 4991 iu
388 4950 540 4990 oram
564 4934 814 4990 conferre
844 4932 1024 4998 liceat,
1058 4931 1315 5003 quidquid
1344 4933 1394 4984 in
1435 4945 1594 4985 uuam
1635 4931 1913 4987 eamdem-

301 5043 408 5099 que
436 5043 549 5082 rem
581 5025 813 5082 diversis
841 5025 974 5080 locis
1004 5024 1204 5080 dixerit
1231 5042 1244 5090 ;
1268 5039 1332 5080 ex
1361 5032 1541 5080 mutua
1568 5023 1801 5094 plurium
1833 5024 1913 5078 lo-

301 5134 496 5175 corum
539 5119 830 5174 collatione
877 5135 1001 5174 vera
1048 5117 1196 5172 illius
1252 5118 1519 5172 sententia
1573 5117 1909 5173 manifestius

303 5212 612 5282 apparebit.
646 5211 716 5267 Et
750 5219 898 5267 certe
921 5211 1094 5266 visum
1127 5217 1211 5265 est
1243 5209 1522 5280 expedire,
1568 5217 1624 5263 ut
1653 5211 1784 5266 tanti
1809 5209 1910 5265 viri

302 5307 508 5375 scripta
539 5322 646 5360 non
681 5305 830 5376 prius
851 5303 1192 5371 offerrentur,
1223 5318 1382 5374 quam
1418 5305 1706 5372 przecipua:
1733 5302 1911 5372 suspi-

303 5399 519 5453 cionum
544 5397 758 5453 nebula:
785 5412 1004 5464 prorsus
1032 5395 1264 5452 fuissent
1292 5393 1587 5466 dissipatur.
1613 5395 1671 5448 in
1698 5395 1780 5448 his
1800 5393 1908 5448 dis-

305 5491 678 5563 putationibus
723 5492 948 5547 aliorum
979 5491 1139 5546 etiam
1187 5491 1407 5546 Patrum
1452 5489 1598 5545 dicta
1639 5487 1907 5545 interdum

301 5586 646 5654 adteximus;
700 5601 806 5657 quo
854 5585 1086 5640 Hilarius
1131 5600 1235 5639 non
1267 5583 1428 5639 modo
1471 5597 1692 5650 secum,
1734 5581 1828 5637 sed
1857 5590 1911 5638 et

303 5695 430 5734 cum
456 5679 732 5735 veteribus
766 5676 1074 5734 consentire
1097 5676 1518 5733 demonstretur.
1549 5675 1596 5732 A
1636 5675 1910 5748 mysteriis

301 5771 506 5827 Christi
558 5770 839 5826 exordium
887 5769 1001 5839 ﬁat,
1029 5786 1256 5842 quorum
1312 5770 1543 5842 primum
1593 5783 1716 5826 sese
1753 5766 1911 5826 offert

302 5864 473 5946 ipsius
523 5859 593 5926 de
624 5879 776 5930 sacra
807 5861 1044 5949 .Virgiue
1072 5864 1375 5942 conceptio,
1403 5862 1471 5922 de
1508 5877 1615 5940 qua
1655 5861 1910 5924 nonnulla

2009 3347 2204 3403 didisse
2231 3349 2292 3400 de
2317 3365 2440 3412 suo;
2473 3349 2772 3416 praesertim
2797 3347 3126 3418 suffragante
3168 3347 3411 3402 Sculteto
3436 3362 3500 3402 ac
3528 3346 3611 3402 di-

2007 3457 2186 3512 cente,
2213 3447 2418 3502 Sentire
2445 3447 2665 3513 videtur,
2691 3444 2950 3500 Christum
2991 3462 3091 3500 non
3118 3447 3379 3516 accepisse
3403 3461 3610 3500 carnem

2007 3559 2039 3596 a
2065 3544 2211 3596 beata
2252 3540 2457 3612 Virgine
2481 3557 2499 3594 :
2527 3557 2632 3596 non
2667 3541 2810 3595 enim
2859 3540 2945 3596 hic
2974 3539 3160 3596 llilarii
3187 3542 3386 3610 scripta
3421 3547 3515 3594 aut
3543 3555 3610 3596 ex

2009 3644 2162 3707 parte
2187 3644 2280 3690 aut
2303 3634 2554 3690 celeriter
2584 3635 2914 3704 percurrisse
2937 3635 3300 3692 existimatur.

2078 3728 2168 3782 45.
2212 3725 2407 3780 Audiet
2437 3726 2595 3796 igitur
2616 3723 2911 3781 catholicus
2939 3726 3140 3781 Prmsul
3171 3727 3464 3796 impietatis
3493 3725 3611 3797 ejus

2007 3829 2234 3886 auctor,
2291 3833 2454 3888 quam
2503 3819 2590 3874 ubi
2646 3818 2715 3872 ab
2766 3817 3065 3890 Eutychete
3110 3818 3394 3888 prwdicari
3436 3819 3618 3874 resciit

2009 3910 2068 3967 S.
2095 3909 2225 3977 Leo,
2260 3923 2317 3966 ut
2336 3910 2580 3967 veritatis
2604 3912 2843 3968 omnium
2887 3923 3192 3967 nostrorum
3235 3913 3614 3983 mysteriorum

2010 4004 2430 4074 peremptricem
2483 4005 2791 4060 exhorruit.
2841 4003 2897 4060 Si
2950 4005 3095 4060 enim
3150 4005 3322 4060 sensit
3353 4005 3616 4072 Hilarius,

2015 4093 2282 4150 Christum
2303 4113 2404 4150 non
2426 4097 2688 4166 accepisse
2718 4112 2919 4150 carnem
2952 4113 2982 4150 a
3023 4097 3166 4150 beata
3204 4095 3446 4166 Virgine;
3483 4095 3616 4152 nihil

2013 4190 2138 4244 novi
2190 4188 2380 4244 docuit
2430 4188 2703 4260 Eutyrhes
2753 4205 2874 4246 cum
2925 4189 3102 4244 dixit:
3137 4188 3333 4260 Corpus
3377 4187 3616 4256 Domini,

2009 4279 2145 4350 quod
2171 4297 2237 4338 ea:
2262 4279 2435 4336 Maria
2465 4284 2665 4354 [actum
2694 4291 2788 4348 est,
2822 4297 2925 4335 non
2953 4297 3059 4337 esse
3091 4291 3276 4336 nostra?
3300 4281 3616 4346 substantiae,

2010 4389 2176 4443 neque
2223 4376 2462 4430 humana:
2505 4374 2915 4444 conspersionis;
2959 4374 3050 4428 sed
3089 4374 3370 4428 humanum
3418 4375 3620 4444 quidem

2010 4467 2144 4521 illud
2183 4467 2355 4522 vocari
2377 4507 2392 4532 ,
2426 4483 2530 4522 non
2561 4468 2730 4520 tanien
2780 4466 2926 4522 nobis
2967 4466 3427 4532 consubstantiale,
3465 4483 3624 4537 neque

2013 4560 2289 4631 genetricis
2317 4561 2427 4632 ejus
2456 4559 2736 4614 secundum
2771 4575 2999 4615 carnem.
3037 4559 3183 4614 lianc
3214 4570 3391 4613 tamen
3423 4558 3624 4615 doctri-

1935 4625 1988 4691 Β
2016 4666 2138 4705 ttam
2173 4649 2457 4704 Flavianus
2487 4652 2626 4720 apud
2654 4650 2894 4706 Leonem
2936 4651 3188 4705 editionis
3215 4666 3368 4706 nova:
3403 4666 3456 4720 p.
3488 4649 3617 4717 474,

2017 4742 2180 4796 veluti
2213 4758 2406 4796 novam
2435 4752 2488 4797 et
2521 4743 2740 4812 impiam
2783 4745 3081 4798 denuntiat.
3127 4743 3238 4798 Leo
3281 4745 3394 4815 ipse
3432 4743 3498 4796 ad
3529 4743 3625 4800 Ju-

2013 4835 2216 4890 lianum
2244 4834 2510 4891 Coensetn
2538 4836 2701 4905 epist.
2731 4835 2867 4889 alias
2898 4835 2986 4902 ll,
3025 4850 3168 4888 nunc
3201 4834 3294 4902 25,
3327 4850 3429 4888 non
3460 4833 3620 4888 tnodo

2015 4929 2306 4999 significat,
2337 4929 2618 5001 Eutychen
2649 4927 2979 5000 Unigenitum
3006 4926 3103 4981 Dei
3133 4927 3299 4996 [ilium
3329 4927 3400 4980 sic
3428 4927 3490 4980 de
3511 4936 3621 4980 ute-

2012 5037 2072 5075 ro
2095 5019 2158 5074 Β.
2204 5019 2432 5092 Virginis
2476 5021 2759 5094 medicare
2805 5029 3019 5084 uatum,
3053 5028 3108 5073 ut
3157 5019 3372 5074 humani
3415 5019 3618 5087 quidem

2015 5113 2249 5184 corporis
2291 5115 2510 5183 speciem
2555 5115 2785 5185 gesserit,
2828 5112 2917 5166 sed
2955 5113 3193 5166 humana:
3229 5113 3397 5164 carnis
3435 5126 3478 5164 tu
3492 5111 3618 5162 ritas

2025 5203 2189 5260 Verba
2220 5206 2365 5260 unita
2396 5223 2497 5260 non
2526 5205 2722 5276 fuerit;
2757 5205 2851 5260 sed
2881 5215 2936 5259 et
2963 5204 3104 5258 hanc
3133 5204 3456 5258 sententiam
3491 5217 3617 5272 pro-

2013 5298 2216 5369 digium
2244 5299 2481 5368 appellat
2513 5297 2780 5363 falsitatis,
2817 5297 2960 5352 unde
2984 5298 3260 5354 innumera
3299 5295 3614 5365 opinionuut

2014 5401 2252 5448 monstra
2283 5399 2610 5457 nascantur,
2655 5405 2718 5445 ac
2762 5397 3142 5444 restaurentur
3181 5403 3394 5442 errores
3429 5388 3618 5443 Valeti-

2016 5483 2138 5551 tini,
2167 5479 2463 5547 Manichaei,
2489 5481 2837 5550 Apollinaris,
2862 5496 3089 5552 quorum
3114 5479 3296 5536 nullus
3318 5483 3368 5536 in
3401 5480 3616 5536 Christo

2015 5575 2263 5632 humanae
2293 5573 2472 5629 carnis
2515 5573 2747 5629 credidit
2777 5573 3082 5629 veritatem.
3133 5573 3244 5642 Qua
3287 5576 3468 5643 utique
3507 5589 3614 5630 non

2015 5675 2250 5736 recepta,
2283 5665 2418 5720 fides
2439 5674 2620 5719 nostra
2649 5665 2716 5720 de
2742 5665 2998 5736 unigeniti
3031 5665 3123 5721 Dei
3156 5668 3405 5735 passione
3424 5707 3441 5734 ,
3469 5683 3617 5722 utor.

2016 5772 2091 5830 te,
2121 5761 2691 5831 resurrectione,etc.,
2715 5761 2988 5817 abnuitur.
3013 5761 3129 5818 Non
3155 5762 3620 5832 immeritogitaque

2018 5857 2194 5920 cidem
2224 5870 2378 5935 papa:
2407 5855 2642 5918 absurda
2669 5856 2806 5919 adeo
2852 5857 2968 5918 visa
3011 5866 3096 5918 est
3139 5859 3259 5918 haec
3300 5858 3518 5935 opinio,
3562 5866 3621 5918 ut
