4232 6256
574 345 643 407 Si
1883 353 2258 414 PREFATIO
2284 356 2697 415 GENERALIS.
3265 406 3271 413 .
3809 365 3885 424 52

575 470 738 540 epist.
765 469 903 527 alias
930 471 1018 538 15,
1050 485 1191 528 nunc
1217 471 1312 540 27,
1334 472 1401 529 ad
1429 472 1767 531 Pulcheriam
1797 491 1846 532 c.
1878 477 1911 533 4
1942 478 2176 544 scribat,
2206 480 2259 544 Α
2283 482 2422 537 caelo
2448 496 2569 538 esse
2605 482 2909 550 advectum,
2940 491 3033 537 aut
3060 491 3208 539 certe
3239 482 3368 539 illud
3410 498 3504 554 per
3535 482 3755 540 Mariam
3784 501 3897 557 po-

579 577 701 620 eam
750 564 966 620 nonnisi
995 564 1280 634 imperitiae
1317 576 1529 633 partum
1579 582 1701 623 esse
1735 569 2012 639 potuisse,
2066 571 2185 625 lon-

578 670 754 726 geque
792 656 861 711 ab
889 671 957 712 eo
999 655 1279 730 Eutychen
1321 658 1556 715 futurum
1596 660 1761 716 fuisse
1806 661 2039 716 alienum
2076 680 2088 715 :
2122 658 2185 717 Si

584 745 823 818 Symboli
867 748 1235 818 plenitudinem
1264 768 1392 822 puro
1431 761 1476 808 et
1514 754 1736 827 simplici
1766 756 2005 810 voluisset
2031 756 2185 810 corde

580 839 867 913 concipere.
902 840 1026 897 Non
1055 845 1212 910 enim,
1261 844 1438 916 inquit
1482 847 1644 916 paulo
1674 849 1941 916 superius.
1977 848 2041 902 de
2064 865 2186 921 por—

581 933 816 989 tiuncula
846 935 965 1003 fidei
990 947 1200 1001 nostrae,
1250 956 1365 1001 mea:
1390 941 1555 996 minus
1601 941 1771 996 lucide
1807 940 2067 996 declarata
2094 944 2181 1010 sit,

578 1028 827 1098 queritur
855 1029 988 1085 :sed
1028 1031 1124 1085 hoc
1168 1032 1475 1087 stultissima
1520 1034 1785 1089 resultatio
1825 1035 1979 1089 audet
2016 1036 2182 1090 inces-

577 1137 709 1188 sere,
748 1122 887 1189 quod
916 1121 1167 1179 Dominus
1195 1136 1368 1179 noster
1396 1126 1449 1180 in
1478 1124 1712 1182 Ecclesia
1739 1128 1991 1182 neminem
2032 1144 2185 1184 sexus

580 1214 850 1284 utrimque
871 1216 1029 1271 voluit
1049 1217 1309 1287 ignorare.

652 1306 743 1362 44.
773 1308 853 1364 Ex
899 1308 983 1365 bis
1020 1310 1247 1377 aliisque
1279 1311 1477 1367 Leonis
1523 1313 1724 1381 verbis,
1774 1316 1970 1384 quibus
2011 1316 2183 1389 Euty-

579 1398 793 1454 chiana:
821 1400 1111 1470 impietatis
1141 1402 1490 1459 stoliditatem
1532 1402 1784 1473 frequens
1811 1409 2020 1477 arguit,
2053 1408 2185 1463 satis

582 1502 810 1563 apparet
840 1493 1120 1550 temeritas
1147 1509 1334 1549 eorum
1359 1536 1374 1560 ,
1407 1495 1497 1566 qui
1525 1495 1784 1551 doctrina:
1824 1506 1930 1552 tam
1966 1499 2185 1555 insulsa:

584 1587 952 1658 suSpicionem
980 1588 1033 1642 in
1072 1589 1469 1644 sanctissimum
1515 1600 1571 1646 et
1617 1606 1724 1646 non
1754 1590 2058 1661 imperitum
2090 1592 2187 1649 Ec-

589 1681 772 1737 clesiae
800 1680 1081 1737 doctorem
1114 1681 1340 1751 injicere
1366 1697 1471 1738 non
1500 1685 1815 1739 timuerunt.
1848 1684 1983 1740 Huic
2014 1685 2065 1739 in
2095 1684 2188 1740 Hi-

584 1774 778 1831 larium
811 1776 1154 1831 contumeliaa
1183 1777 1359 1832 locum
1390 1776 1594 1833 nullum
1619 1779 1938 1847 permiserat
1964 1778 2185 1835 Chalce-

2289 574 2393 627 tius
2423 575 2683 631 transisse
2702 618 2718 643 ,
2744 591 2905 645 quam
2937 591 3003 631 ex
3034 591 3095 631 ea
3125 586 3405 645 acceptum
3436 592 3556 632 esse
3578 579 3782 633 volunt.
3816 580 3897 636 At

2285 681 2416 722 vero
2446 668 2631 737 primm
2659 669 2944 723 sententia:
2990 678 3253 739 repugnat
3278 710 3294 736 ,
3342 669 3484 739 quod
3516 686 3643 725 caro
3686 669 3893 728 Christi

2287 774 2389 813 non
2422 759 2677 813 simulata:
2715 770 2913 813 natura!
2931 776 2950 825 ;
2990 760 3183 827 alteri,
3213 761 3354 830 quod
3386 778 3490 815 non
3521 763 3735 829 alienas;
3764 779 3896 834 pos—

2288 859 2499 917 tremm,
2527 852 2669 922 quod
2701 853 2752 905 in
2777 863 2920 906 utero
2954 862 2999 907 et
3040 868 3104 907 ex
3129 864 3275 908 utero
3313 864 3501 907 sancttc
3544 852 3770 925 Virginis
3797 872 3894 911 as-

2286 953 2489 1013 sumpta
2516 942 2835 998 afﬁrmatur.

2356 1036 2446 1090 47.
2478 1035 2583 1091 Sed
2609 1051 2673 1090 ex
2703 1036 2841 1091 libro
2888 1052 2917 1091 κ
2963 1035 3031 1092 de
3060 1036 3327 1092 Triuitate
3348 1079 3361 1101 ,
3408 1037 3551 1094 unde
3581 1040 3890 1109 prmsertim

2285 1138 2419 1185 orta:
2447 1129 2700 1185 dicuntur
2726 1131 3084 1201 suspiciones,
3114 1146 3206 1185 eas
3231 1145 3483 1186 amovere
3500 1132 3720 1201 juverit.
3749 1132 3896 1201 Quid

2287 1228 2466 1276 autem
2499 1221 2601 1276 sibi
2632 1222 2746 1276 vult
2772 1222 2900 1278 illud
2931 1238 3079 1278 num.
3124 1222 3228 1277 i7:
3262 1223 3390 1288 Qua:
3433 1223 3519 1294 (Β.
3554 1223 3738 1294 Virgo)
3765 1224 3896 1296 ofﬁ-

2286 1314 2366 1367 cio
2386 1330 2479 1367 usa
2510 1324 2738 1368 materno
2755 1330 2907 1369 sexus
2933 1313 3015 1369 sui
3039 1324 3279 1368 naturam
3310 1315 3365 1368 in
3391 1326 3635 1385 conceptu
3662 1325 3710 1369 et
3737 1327 3896 1383 partu

2287 1408 2509 1461 hominis
2545 1414 2783 1461 exsecuta
2810 1414 2922 1473 est,
2964 1404 3068 1461 nisi
3109 1405 3324 1460 beatam
3356 1404 3626 1476 Virginem
3665 1406 3718 1459 itt
3759 1422 3896 1461 cou-

2288 1506 2448 1569 ceptu
2503 1497 2748 1568 corporis
2789 1495 2988 1552 Christi
3037 1496 3104 1552 de
3145 1511 3308 1551 carne
3351 1510 3446 1551 sua
3491 1496 3892 1567 suppeditasse,

2286 1591 2429 1663 quod
2473 1590 2819 1661 suppeditare
2863 1589 3042 1644 solent
3089 1588 3207 1643 alia:
3264 1590 3503 1643 matres?
3554 1589 3667 1644 Hoc
3714 1593 3896 1659 ipsum

2287 1702 2436 1740 num.
2473 1685 2540 1740 15
2579 1683 2832 1738 disertius
2862 1682 3151 1753 eloquitur,
3185 1681 3273 1736 ulti
3302 1684 3353 1737 in
3396 1690 3661 1753 conceptu
3686 1680 3896 1738 Christi

2286 1777 2522 1834 Verbum
2553 1776 2768 1847 quidem
2793 1817 2806 1840 ,
2840 1775 2982 1845 quod
3021 1775 3247 1846 Spiritus
3283 1774 3546 1830 vocabulo
3588 1775 3893 1845 intelligen-
3944 1828 3953 1835 ,

586 1867 829 1925 donense
857 1866 1177 1938 Concilium,
1202 1885 1323 1926 cum
1352 1880 1459 1927 act.
1488 1873 1513 1927 1
1548 1872 1693 1927 illum
1715 1887 1836 1927 cum
1860 1873 2044 1943 paucis
2067 1872 2185 1929 aliis

2297 1868 2415 1923 dum
2446 1881 2566 1922 mox
2588 1867 2955 1931 ostendemus,
2981 1881 3073 1933 per
3098 1865 3348 1919 virtutem
3367 1880 3521 1919 suam
3548 1865 3893 1935 supplevisse

586 1960 840 2018 Patribus
870 1964 1182 2031 recensuit,
1210 1980 1278 2020 ex
1304 1980 1534 2035 quorum
1568 1965 1816 2020 doctrina
1845 1965 2184 2021 condendam

587 2064 734 2112 esset
757 2054 880 2111 ﬁdei
908 2055 1170 2111 adversus
1202 2056 1484 2129 Eutychen
1517 2055 1586 2112 de
1626 2057 2015 2112 incarnationis
2042 2072 2188 2129 mys-

588 2147 731 2203 terio
760 2147 1065 2206 decretum.
1093 2148 1202 2205 Sed
1231 2159 1289 2205 et
1335 2160 1523 2221 postea
1564 2149 1844 2220 Philippus
1870 2150 2032 2206 Bona)
2058 2150 2188 2223 Spei

586 2236 807 2295 Ordinis
828 2239 1371 2297 Praemonstratensis
1396 2242 1564 2297 abbas
1586 2251 1776 2298 sancto
1800 2243 2097 2300 confessori
2119 2246 2188 2301 ab

590 2332 769 2387 amico
799 2331 1005 2387 illatam
1048 2332 1298 2403 injuriam
1336 2333 1508 2389 tribus
1536 2334 1780 2406 epistolis
1808 2335 1879 2390 ita
1912 2339 2189 2407 protiulsa-

592 2428 691 2493 vit,
723 2438 780 2482 ut
812 2428 901 2484 ille
937 2430 1189 2486 conﬁteri
1220 2430 1435 2489 tandem
1466 2433 1537 2488 sit
1564 2445 1812 2498 coactus,
1852 2433 1967 2490 haec
2002 2435 2188 2491 Hilarii

584 2518 679 2574 lib.
713 2536 750 2575 ι
777 2520 844 2576 de
857 2520 1035 2589 Trin.,
1061 2538 1117 2577 ιι.
1150 2523 1238 2587 17,
1273 2523 1548 2580 Hominem
1573 2529 1707 2580 enim
1735 2527 1909 2582 dicens
1935 2526 2191 2598 (Aposto-

588 2610 697 2682 lus)
749 2613 1062 2668 nativitatem
1110 2631 1174 2670 ea:
1226 2614 1436 2687 Virgine
1474 2617 1669 2680 docuit,
1719 2635 1834 2690 gnte
1880 2621 2055 2691 ofﬁcio
2097 2637 2190 2675 usa

596 2717 850 2771 ntaterno,
873 2724 1025 2762 sexus
1042 2708 1125 2763 sui
1152 2719 1390 2765 naturam
1412 2711 1466 2764 in
1498 2722 1743 2781 conceptu
1776 2722 1824 2766 et
1849 2723 2000 2782 partu
2022 2712 2188 2767 homi-

594 2799 675 2853 nis
697 2798 934 2854 exsecuta
961 2811 1066 2862 est,
1097 2801 1151 2857 in
1176 2818 1322 2870 eum,
1356 2803 1447 2873 qui
1476 2800 1756 2858 Christum
1785 2819 1849 2858 ex
1874 2803 2036 2859 Maria
2071 2820 2189 2860 cor—

592 2893 741 2965 poris
770 2894 980 2951 iuitium
1022 2897 1299 2967 accepisse
1342 2906 1586 2966 negaret,
1630 2896 1853 2952 minime
1901 2897 2188 2967 quadrare.

596 2985 673 3041 Ea
704 2997 883 3044 tamen
910 2997 995 3043 est
1014 2989 1095 3044 vis
1123 2990 1486 3061 praeiudicata;
1514 2991 1803 3061 opinionis,
1828 3006 1888 3045 ea
1914 2991 2191 3047 hominum

596 3080 880 3150 philautia,
914 3089 974 3135 ut
1002 3080 1279 3138 Johannes
1306 3082 1565 3137 Hilarium
1603 3084 1913 3154 pugnantia,
1943 3098 2104 3154 quam
2132 3101 2191 3140 sc

597 3177 890 3232 temeraria
918 3176 1180 3243 locutum,
1214 3178 1545 3245 restioudere
1574 3181 1842 3235 maluerit.

2289 1958 2526 2016 ofﬁcium
2554 1960 2678 2026 viri,
2706 1958 2800 2014 sed
2837 1956 3110 2029 Virginem
3141 1956 3309 2011 nihilo
3339 1957 3517 2012 minus
3558 1960 3744 2013 matris
3771 1974 3898 2014 mu-

2290 2069 2392 2109 nus
2439 2052 2744 2124 implevisse
2773 2052 3014 2107 declarat
3054 2051 3138 2106 his
3167 2052 3346 2107 verbis
3380 2068 3395 2107 :
3436 2050 3591 2124 Virgo
3628 2055 3898 2109 enimnon

2291 2147 2393 2201 nisi
2421 2163 2485 2201 ea:
2510 2164 2605 2201 suo
2635 2157 2812 2200 sancto
2842 2145 3047 2216 Spiritu
3066 2146 3237 2216 genuit
3258 2146 3395 2216 quod
3416 2147 3625 2217 genuit:
3642 2156 3689 2201 et
3710 2163 3897 2217 quam-

2290 2242 2363 2296 vis
2385 2252 2583 2295 tantunt
2606 2242 2673 2294 ad
2699 2241 3012 2294 nativitatem
3042 2242 3213 2294 carnis
3241 2256 3306 2294 ex
3335 2255 3395 2294 se
3423 2239 3609 2304 daret,
3642 2252 3896 2311 quantum.

2290 2351 2356 2389 ex
2383 2351 2437 2389 se
2455 2334 2659 2405 femina:
2686 2334 3002 2387 edendorum
3030 2348 3305 2401 corporum
3330 2333 3579 2403 susceptis
3606 2332 3895 2403 originibus

2290 2428 2686 2497 impenderent,
2734 2443 2835 2480 non
2865 2435 3032 2480 tanten
3051 2423 3205 2480 Jesus
3243 2426 3477 2481 Christus
3524 2442 3613 2495 per
3658 2427 3898 2481 humana:

2292 2520 2641 2591 conceptionis
2670 2519 2862 2572 coaluit
2908 2527 3170 2598 naturam:
3202 2517 3341 2587 Quid
3386 2527 3472 2573 est
3515 2535 3579 2573 ex
3625 2536 3679 2573 se
3725 2520 3894 2583 daret,

2293 2611 2394 2666 nisi
2442 2627 2507 2667 ex
2552 2626 2646 2666 sua
2674 2612 2873 2665 carne‘l
2922 2611 3057 2665 lliuc
3101 2617 3157 2664 et
3186 2626 3311 2664 mox
3352 2610 3600 2680 suhjicit,
3630 2609 3812 2666 Tenuit
3841 2613 3900 2666 in

2295 2705 2516 2758 hominis
2544 2704 2806 2757 nativitate
2849 2702 2986 2773 quod
3014 2704 3193 2756 matris
3231 2713 3303 2756 est
3315 2722 3335 2770 ;
3370 2712 3426 2758 et
3469 2706 3630 2772 paulo
3655 2713 3781 2760 ante
3818 2704 3901 2759 le-

2294 2811 2421 2868 gere
2448 2808 2553 2860 est,
2590 2794 2741 2861 Quod
2757 2796 2802 2848 si
2822 2806 3085 2866 assumpta
3108 2810 3196 2864 per
3220 2811 3275 2849 se
3300 2796 3397 2849 sibi
3430 2810 3497 2850 ex
3533 2793 3754 2865 Virgine
3777 2811 3901 2849 car-

2295 2905 2379 2954 ne,
2410 2899 2771 2955 etc.,necnon
2803 2902 2922 2957 cap.
2956 2902 3045 2941 ιγι
3080 2889 3130 2940 in
3159 2886 3372 2953 Mattln,
3406 2886 3611 2941 num.8
3641 2904 3653 2939 :
3686 2885 3897 2940 lluma-

2295 2997 2376 3036 na:
2400 2982 2581 3036 salutis
2598 2997 2756 3035 causa
2786 2977 3017 3034 Christus
3043 2979 3094 3033 in
3113 2993 3326 3049 corpore
3351 2988 3424 3033 est
3451 2978 3591 3049 quod
3618 2979 3897 3049 assumpsit

2294 3091 2359 3129 ea:
2388 3075 2611 3129 homine.

2368 3167 2459 3223 48.
2504 3168 2636 3223 Eam
2665 3168 2734 3223 ob
2761 3182 2979 3228 causam
3007 3166 3203 3222 Christi
3232 3181 3431 3236 corpus
3462 3164 3625 3220 modo
3661 3180 3901 3236 assump-

671 3268 765 3324 45.
808 3269 993 3339 Itaque
1015 3285 1140 3326 cum
1167 3272 1306 3339 apud
1333 3273 1600 3342 aequiores
1651 3289 1757 3328 uno
1788 3274 2025 3329 alterove
2047 3275 2195 3330 testi-
2219 3233 2265 3297 Ο
2300 3272 2488 3316 tamex
2522 3260 2731 3333 Virgine
2751 3277 2976 3329 carnem,
3011 3259 3173 3315 modo
3202 3268 3394 3313 nostra:
3425 3260 3597 3313 carnis
3625 3266 3714 3313 aut
3736 3258 3902 3312 nostri

596 3360 803 3426 monio,
857 3376 964 3431 quo
1021 3361 1255 3418 Hilarius
1305 3364 1577 3419 Christum
1622 3380 1688 3420 ex
1739 3364 1921 3419 Maria:
1968 3365 2198 3437 Virginis

598 3466 763 3507 carne
805 3468 957 3509 suam
996 3456 1293 3525 sumpsisse
1339 3456 1574 3513 dilucide
1606 3458 1870 3528 planeque
1906 3457 2117 3524 doceat,
2144 3460 2196 3514 in

601 3553 855 3615 promptu
882 3556 1028 3602 esset
1057 3547 1217 3605 ﬁdem
1265 3549 1411 3605 illius
1449 3551 1516 3604 ab
1542 3551 1689 3607 omni
1732 3552 2038 3623 suspicione
2077 3554 2197 3609 vin-

597 3634 780 3693 dicare
810 3655 824 3693 :
858 3639 1098 3707 pluribus
1129 3652 1307 3696 tamen
1350 3642 1452 3698 hoc
1493 3645 1861 3714 praemandum
1909 3645 2196 3712 duximus,

601 3734 715 3781 tum
747 3737 806 3783 ut
831 3731 998 3801 magis
1039 3734 1382 3803 perspicuum
1420 3734 1491 3788 sit
1542 3750 1701 3806 quam
1742 3747 1998 3793 constans
2040 3738 2203 3794 fuerit

599 3818 745 3874 illius
771 3819 1052 3888 doctrina;
1083 3829 1195 3878 tum
1222 3834 1283 3879 ut
1327 3826 1394 3879 ab
1422 3828 1526 3882 hoc
1566 3827 1717 3881 initio
1746 3828 2009 3900 intelligat
2049 3831 2200 3900 quis-

600 3924 729 3980 que,
757 3911 947 3982 quanti
973 3914 1273 3970 iaciendum
1302 3916 1375 3972 sit
1400 3931 1588 3973 eorum
1609 3918 1893 3988 judicium,
1922 3921 2012 3991 qui
2034 3922 2088 3976 in
2120 3922 2205 3977 Hi-

601 4004 740 4061 lario
766 4021 948 4062 naevos
976 4019 1264 4065 numerant
1306 4012 1507 4079 potius,
1550 4028 1709 4083 quam
1741 4012 1989 4083 probant.
2017 4014 2203 4084 Neque

599 4103 732 4153 satis
761 4099 863 4155 erit
899 4100 1070 4170 ipsius
1098 4101 1167 4158 de
1204 4106 1563 4172 conceptione
1601 4101 1799 4159 ChriSti
1830 4103 1987 4162 ﬁdem
2018 4121 2203 4162 sanam

600 4201 653 4246 et
683 4189 1043 4248 orthodoxam
1070 4193 1445 4251 demonstrare
1478 4213 1492 4251 :
1524 4198 1744 4267 insuper
1762 4205 1818 4253 et
1844 4197 1983 4253 unde
2003 4197 2206 4255 Johan-

601 4282 656 4336 ni
686 4296 753 4336 ex
780 4281 984 4351 Spiritu
1014 4297 1203 4341 sancto
1226 4287 1370 4341 velut
1397 4303 1463 4342 ex
1500 4303 1661 4344 causa
1689 4289 1957 4345 materiali
1986 4305 2203 4345 carnem

599 4370 799 4426 Christi
847 4385 1163 4445 conceptam
1204 4378 1452 4448 opinari,
1482 4386 1539 4434 et
1574 4379 1717 4436 unde
1759 4394 1879 4436 eam
1909 4396 1974 4434 ex
2022 4381 2205 4437 Maria:

602 4478 779 4519 carne
808 4476 1138 4537 assumptam
1184 4485 1383 4540 negare
1423 4487 1545 4528 cum
1594 4474 1769 4528 eidem
1809 4472 2064 4539 Johanni,
2093 4484 2207 4531 tum

602 4556 833 4613 Erasmo
858 4569 912 4613 ct
933 4560 1174 4618 Sculteto
1202 4562 1349 4618 visus
1380 4564 1483 4632 sit,
1518 4568 1867 4638 aperiendum
1893 4567 1996 4624 erit
2033 4578 2088 4624 et
2113 4584 2202 4624 ex-

605 4651 959 4723 planandum.

638 4791 680 4848 Ι.
729 4790 946 4847 Carnem
975 4792 1170 4852 Christi
1190 4812 1254 4850 ea:
1279 4793 1466 4851 Maria:
1491 4813 1646 4853 carne
1666 4807 1955 4869 susceptam
1981 4800 2173 4870 passim

1179 4886 1415 4945 Hilarius
1435 4890 1628 4944 docuit.

671 5023 762 5079 ιθ.
797 5022 1091 5082 llarretieos
1112 5068 1126 5093 ,
1157 5027 1248 5097 qui
1290 5041 1510 5083 carnem
1545 5026 1749 5084 Christi
1775 5045 1839 5085 ex
1866 5029 2029 5085 Maria
2073 5047 2204 5087 con-

600 5124 813 5186 ceptam
842 5129 1129 5187 negarunt,
1159 5120 1319 5176 simul
1350 5137 1541 5179 omnes
1578 5123 1791 5193 repellit
1816 5141 1923 5179 uno
1950 5123 2209 5181 Tractatu

602 5209 744 5264 Psal.
786 5226 1069 5279 csxxvm,
1099 5228 1221 5270 cum
1272 5230 1377 5270 non
1410 5224 1615 5271 tantum
1660 5216 1736 5271 ait
1777 5234 1926 5272 num.
1955 5217 2030 5274 2:
2068 5218 2213 5286 Qua:-

604 5319 821 5377 cumque
842 5306 1037 5362 homini
1061 5307 1159 5375 illi,
1192 5325 1342 5379 quem
1364 5324 1431 5366 ex
1460 5318 1616 5367 utero
1642 5321 1832 5367 sancta:
1877 5310 2100 5384 Virginis
2129 5330 2215 5368 as-

604 5401 845 5469 sumpsit,
882 5412 931 5456 et
960 5402 1015 5455 in
1041 5419 1145 5473 quo
1172 5419 1227 5458 se
1254 5405 1399 5459 nasci
1424 5406 1681 5461 hominem
1710 5408 1801 5478 qui
1821 5405 1961 5464 Deus
1981 5419 2089 5463 erat
2117 5427 2177 5464 vo
2195 5442 2207 5450 -

604 5491 723 5557 luit,
747 5502 875 5561 apta
895 5501 940 5547 et
962 5509 1189 5563 congrua
1214 5512 1322 5552 esse
1340 5498 1665 5565 uidebuntur,
1687 5516 1804 5556 cum
1827 5500 2000 5556 debita
2019 5503 2209 5557 scelesti

605 5582 711 5637 hoc
736 5589 821 5637 est
846 5582 1042 5638 divinae
1072 5598 1272 5642 natum
1291 5605 1397 5644 sure
1423 5590 1674 5662 dignitate
1702 5602 1982 5647 tractentur
1998 5609 2017 5646 :
2038 5594 2132 5648 sed
2155 5602 2213 5649 et

608 5673 760 5729 addit
785 5691 934 5730 num.
970 5675 1046 5731 ὃς
1083 5675 1204 5731 Νοη
1232 5681 1414 5736 cliente
1457 5692 1546 5736 aut
1588 5684 1842 5738 simulatae
1870 5694 2068 5739 natura:
2113 5685 2202 5739 ho-

608 5766 796 5820 minem
816 5769 1114 5837 assumpsit.
1147 5768 1223 5823 llli
1247 5774 1443 5842 quippe
1472 5783 1567 5828 aut
1589 5774 1863 5831 Christum
1891 5777 2071 5831 carnis
2091 5792 2212 5847 spe-

604 5856 768 5923 cient,
798 5874 904 5914 nou
932 5860 1216 5916 veritatem
1257 5870 1531 5931 gestasse,
1564 5877 1650 5919 aut
1701 5881 1896 5937 corpus
1937 5869 2103 5938 ipsius
2147 5870 2215 5924 de

2300 3357 2533 3428 corporis
2564 3373 2771 3412 carnem
2804 3370 3114 3427 nuncupare
3143 3354 3285 3410 solet
3312 3372 3325 3408 :
3356 3364 3412 3408 ut
3450 3368 3570 3407 cum
3612 3353 3663 3407 iu
3692 3351 3898 3406 Psalm.

2298 3448 2391 3513 65,
2414 3467 2467 3503 ιι.
2499 3448 2587 3516 ιε,
2621 3450 2693 3504 ait
2721 3466 2734 3502 :
2760 3447 2828 3502 In
2856 3459 3101 3503 azternam
3124 3447 3343 3518 gloriant
3366 3446 3480 3515 ejus
3508 3450 3798 3513 assumpta:
3826 3457 3898 3497 ex

2303 3542 2523 3614 Virgine
2564 3544 2744 3598 carnis
2786 3551 2971 3595 natura
3007 3539 3346 3610 transfertur;
3383 3549 3436 3593 et
3461 3537 3553 3591 lib.
3579 3552 3596 3590 ι
3625 3536 3694 3591 de
3720 3534 3895 3600 Trin.,

2304 3652 2360 3691 η.
2392 3635 2453 3689 11
2489 3655 2501 3690 :
2533 3636 2606 3689 Ac
2652 3652 2714 3689 ne
2769 3633 2987 3689 Verbum
3032 3650 3151 3686 caro
3198 3636 3395 3700 factum
3450 3641 3540 3685 aut
3585 3628 3727 3683 aliud
3770 3636 3902 3683 eszet

2304 3744 2459 3798 quam
2491 3727 2629 3781 Deus
2662 3725 2900 3789 Verbum,
2945 3733 3034 3779 aut
3060 3741 3159 3778 non
3198 3725 3366 3778 nostri
3396 3723 3641 3791 corporis
3667 3737 3793 3776 caro
3820 3737 3906 3775 es-

2302 3829 2395 3882 set,
2422 3818 2667 3873 habitavit
2708 3820 2761 3872 in
2788 3817 2931 3872 nobis
2966 3816 3139 3889 (quasi
3167 3814 3222 3870 iu
3252 3815 3474 3886 nostris)
3510 3832 3523 3867 :
3552 3824 3608 3868 ut
3646 3813 3768 3867 dum
3803 3814 3903 3867 ha-

2306 3911 2451 3978 bitat,
2493 3928 2595 3965 non
2638 3910 2784 3964 aliud
2813 3926 2968 3981 quam
3001 3908 3137 3962 Deus
3168 3918 3395 3961 maneret
3413 3924 3432 3972 ;
3459 3907 3581 3960 dum
3605 3917 3773 3959 autem
3810 3907 3907 3959 ha-

2306 4005 2434 4059 bitat
2476 4005 2530 4059 in
2560 4004 2727 4069 nobis,
2766 4020 2868 4057 non
2916 4001 3062 4056 aliud
3104 4017 3261 4071 quam
3302 4008 3502 4056 nostrae
3546 4000 3726 4054 carnis
3764 3997 3907 4054 Deus

2306 4113 2426 4150 caro
2451 4097 2620 4167 factus
2646 4104 2774 4150 esset
2801 4110 2819 4148 :
2844 4094 2965 4166 quia
2993 4092 3165 4163 inquit
3186 4093 3278 4147 lib.
3307 4108 3361 4155 tt,
3385 4109 3437 4145 ιι.
3466 4091 3555 4157 16,
3586 4107 3677 4161 per
3695 4090 3749 4144 id
3767 4090 3908 4159 quod

2307 4190 2362 4244 in
2383 4190 2526 4244 nobis
2552 4188 2749 4243 habitat
2783 4186 3000 4241 Verbunt
3043 4202 3165 4253 caro
3195 4188 3411 4258 factum,
3440 4183 3582 4239 Deus
3606 4196 3678 4239 est
3707 4185 3762 4238 in
3790 4199 3909 4239 nos-

2309 4283 2621 4351 tricorporis
2645 4282 2872 4335 veritate.

2379 4374 2470 4431 19.
2509 4374 2608 4443 Qui
2638 4375 2788 4444 plura
2820 4373 2987 4440 volet,
3015 4371 3198 4428 audiat
3225 4371 3318 4427 lib.
3344 4386 3426 4436 ix,
3459 4386 3610 4427 num.
3639 4374 3694 4440 7,
3719 4370 3909 4427 dicen-

2310 4476 2418 4525 tem
2455 4468 2754 4539 :Corporis
2788 4468 2955 4522 nostri
2997 4478 3146 4521 natus
3172 4466 3346 4532 homo,
3377 4467 3658 4521 secundum
3696 4482 3910 4521 consue-

2313 4562 2541 4617 tudinem
2563 4573 2764 4616 natura:
2789 4570 2976 4616 nostra:
2994 4560 3194 4617 locutus
3216 4570 3323 4623 est;
3346 4567 3403 4614 et
3426 4561 3476 4613 in
3493 4559 3692 4614 Psalm.
3721 4574 3906 4623 CXVIII,

2232 4631 2288 4692 Ῑ)
2312 4658 2391 4714 lit.
2427 4657 2516 4723 M,
2541 4673 2594 4712 ιι.
2629 4656 2662 4711 8
2696 4673 2710 4710 :
2740 4655 3047 4727 Unigenitus
3074 4656 3229 4728 igitur
3258 4653 3354 4708 Dei
3376 4654 3516 4722 ﬁlius
3538 4664 3742 4707 natura:
3772 4667 3905 4706 nos-

2312 4760 2408 4807 tra:
2448 4752 2549 4805 sibi
2582 4765 2644 4806 ex
2694 4748 2912 4820 Virgine
2954 4765 3151 4819 corpus
3187 4763 3470 4813 assumens,
3511 4756 3617 4802 etc.
3660 4748 3907 4817 Cumque

2311 4861 2522 4903 rursum
2554 4847 2607 4900 in
2639 4845 2982 4909 PsaLuvm,
3029 4858 3088 4896 n.
3136 4842 3226 4908 15,
3275 4841 3487 4909 legerit,
3538 4839 3807 4896 Christum
3855 4842 3911 4896 in

2310 4939 2560 5010 sanguine
2589 4938 2820 5008 corporis
2849 4937 3011 4991 nostri
3038 4935 3217 4989 omnia
3245 4935 3654 4999 reconciliasso;
3681 4933 3914 4989 fateatur

2313 5044 2536 5084 necesse
2563 5038 2648 5084 est
2671 5069 2687 5094 ,
2721 5028 2979 5083 Hilarium
3017 5028 3105 5081 vix
3147 5027 3385 5096 potuisse
3416 5026 3630 5096 planius
3654 5042 3713 5081 se
3747 5024 3817 5080 ab
3846 5026 3912 5081 iis

2312 5123 2547 5178 alienum
2592 5121 2903 5190 ostendere,
2947 5120 3039 5190 qui
3066 5119 3341 5176 Christum
3370 5136 3437 5175 ex
3465 5119 3628 5176 Maria
3659 5121 3794 5176 nihil
3822 5136 3913 5176 ac-

2312 5217 2522 5287 cepisse
2549 5216 2835 5271 sentirent.

2386 5306 2476 5362 50.
2511 5307 2694 5379 Neque
2717 5322 2848 5362 vero
2871 5318 3075 5361 tantum
3098 5322 3164 5362 ex
3193 5307 3381 5373 Maria,
3408 5307 3501 5364 sed
3524 5322 3591 5363 ex
3619 5306 3798 5363 Marim
3822 5320 3914 5377 pa-

2315 5401 2563 5455 rentibus
2609 5414 2826 5455 carnem
2865 5399 3063 5453 Christi
3107 5411 3444 5470 procreatam
3476 5402 3705 5456 asseruit
3737 5418 3750 5454 :
3778 5400 3915 5455 adeo

2316 5503 2377 5550 ut
2402 5493 2651 5549 Christus
2681 5493 2736 5547 in
2767 5492 2907 5548 Psal.
2941 5508 3106 5560 uvn,
3136 5509 3189 5549 n.
3223 5495 3317 5560 ‘28,
3348 5498 3410 5549 de
3436 5494 3596 5549 Judte
3622 5495 3806 5564 frutice
3830 5499 3918 5565 fu-

2316 5596 2483 5653 turus,
2514 5594 2570 5642 et
2594 5586 2645 5639 iu
2669 5585 2813 5639 Psal.
2845 5600 3030 5650 uvnt,
3062 5602 3115 5640 ιι.
3149 5585 3237 5651 19,
3269 5602 3334 5641 ea:
3360 5598 3502 5643 utero
3530 5586 3697 5641 David
3724 5586 3919 5655 praedi-

2318 5688 2493 5735 cetur.
2527 5677 2683 5735 Unde
2706 5678 2758 5733 in
2795 5675 2941 5731 Psal.
2971 5692 3165 5746 exvm,
3199 5678 3280 5733 lit.
3311 5682 3366 5746 5,
3398 5697 3451 5734 ιι.
3481 5680 3546 5745 5,
3582 5679 3747 5734 David
3770 5692 3923 5733 com-

2321 5772 2561 5835 meudat,
2604 5771 2680 5825 uti
2722 5771 2933 5841 dignum
2966 5774 3113 5844 cujus
3156 5772 3292 5840 ﬁlius
3322 5770 3479 5827 Iesus
3504 5770 3738 5827 Christus
3763 5781 3917 5827 esset.

2320 5866 2385 5922 Et
2413 5882 2533 5920 cum
2565 5861 2617 5919 in
2646 5863 2788 5919 Psal.
2813 5877 3002 5931 cum,
3033 5881 3088 5920 ιι.
3120 5863 3175 5934 ‘2,
3207 5873 3265 5918 ut
3292 5873 3347 5920 et
3376 5868 3524 5937 alibi,
3557 5866 3832 5921 Christutn
3855 5878 3919 5920 se
