4232 6256
250 263 328 320 55

1484 253 1856 317 ΡιυΕΡΑΤΙΟ
1892 254 2313 316 GENERALIS.

3485 257 3561 318 54

253 382 477 438 nomine
517 380 688 437 David
728 395 875 453 smpe
914 379 1218 449 significare
1247 376 1478 442 doceat,
1509 377 1647 432 hanc
1687 389 1850 430 unam
1878 372 2107 435 Aharna
2138 374 2307 443 factus
2328 380 2422 437 est,
2455 386 2617 442 neque
2643 369 2811 426 Filius
2837 369 3076 427 hominis.
3110 369 3255 427 Idem
3279 384 3564 444 argumen-

253 476 433 531 reddit
463 491 703 529 causam.
740 474 883 545 quod
909 490 971 529 ex
1003 474 1170 543 ipsius
1190 487 1391 543 genere
1418 478 1577 526 natus
1606 470 1675 526 sit
1701 487 1715 524 :
1743 467 1866 536 Qui,

253 568 477 637 inquit,
507 584 693 622 nomen
721 567 949 640 parentis
977 564 1260 620 secundum
1298 564 1548 635 originem
1581 562 1752 615 carnis
1777 576 1868 614 ac-

253 660 415 729 cepit,
448 676 632 713 nomen
683 674 889 712 sumens
910 661 1025 731 ejus
1053 658 1202 728 cujus
1230 671 1295 710 ex
1332 671 1512 727 genere
1555 651 1783 709 sumebat
1823 640 1871 705 ετ

253 766 468 821 corpus.
500 749 673 805 Immo
699 748 893 805 scribit
936 765 1002 804 ex
1048 750 1161 819 ipsa
1205 758 1368 819 gente
1402 745 1559 801 Moab
1592 761 1685 816 per
1725 742 1870 798 Ruth

256 842 565 900 Salvatoris
587 843 759 897 nostri
788 856 1012 896 carnem
1042 848 1320 909 acceptam
1345 856 1360 905 ;
1388 836 1619 907 ideoque
1644 834 1875 891 crudita-

260 945 375 991 tem
403 947 561 1007 atque
591 934 958 1004 impuritatem
991 934 1160 998 illius,
1194 933 1343 1004 prius
1381 947 1541 1003 quam
1569 943 1872 986 assumere—

257 1036 375 1097 tur,
408 1044 505 1099 per
531 1028 707 1083 varias
731 1026 1131 1098 generationes,
1154 1026 1321 1080 veluti
1353 1040 1451 1095 per
1471 1023 1658 1088 ollam,
1682 1023 1872 1077 decoc—

259 1133 376 1179 tam
399 1124 563 1177 fuisse
592 1133 755 1193 atque
778 1120 1112 1176 mundatam.
1143 1120 1301 1186 Quia,
1325 1119 1569 1189 inquitin
1594 1116 1734 1172 Psal.
1757 1131 1868 1180 ιιι.

259 1235 321 1275 ιι.
362 1218 453 1284 tl,
484 1234 586 1271 non
628 1219 797 1270 solum
835 1232 897 1270 ea:
922 1215 1018 1269 hac
1056 1215 1382 1286 generatione
1420 1220 1737 1276 sanctorum,
1780 1208 1871 1263 sed

258 1312 418 1365 etiam
457 1326 522 1364 ea:
559 1316 882 1381 peccatorum
921 1306 1117 1378 origine
1158 1305 1277 1359 huic
1319 1303 1415 1358 Dei
1460 1302 1655 1359 Sancto
1699 1300 1870 1355 carnis

260 1412 455 1456 nostra
480 1400 708 1454 ineunda
750 1408 879 1453 esset
905 1398 1161 1468 susceptio
1183 1437 1199 1463 ,
1238 1397 1362 1464 quia
1403 1397 1453 1448 in
1483 1394 1870 1449 similitudine»:

262 1496 436 1551 carnis
465 1494 659 1567 peccati
688 1490 835 1545 Deus
862 1489 1060 1544 Filium
1089 1506 1239 1544 suum
1269 1489 1432 1553 misit,
1478 1487 1670 1542 idcirco
1712 1484 1869 1539 Moab

266 1588 381 1643 olla
399 1588 509 1659 spei
538 1587 645 1650 eius
687 1593 782 1639 est.
814 1583 947 1638 Tttm
981 1593 1275 1639 memorata
1307 1581 1479 1652 gentis
1519 1579 1676 1635 Moab
1704 1578 1871 1633 male-

266 1680 533 1744 dictione,
566 1678 782 1746 ejmquc
809 1692 902 1743 per
928 1677 1104 1730 varias
1123 1674 1497 1745 generationes
1525 1672 1866 1743 purgatione,

1972 471 2083 518 tum
2130 463 2389 519 adversus
2435 461 2715 535 Eutychen
2759 468 2912 529 urget
2960 461 3266 517 Ferrandus
3305 462 3564 519 diacontts

1969 561 2133 633 epist.
2161 563 2225 617 ad
2256 561 2580 617 Anatolium.
2609 562 2681 616 At
2718 575 2850 617 vero
2879 559 3114 616 Hilarius
3152 561 3283 617 nihil
3313 562 3565 635 frequen-

1972 654 2080 709 tius
2109 653 2362 722 inculcat,
2398 669 2556 725 quam
2588 662 2648 708 ut
2688 653 2957 709 Christum
2987 662 3043 710 et
3085 653 3253 709 ﬁlium
3287 654 3381 710 Dei
3412 664 3469 712 et
3502 655 3567 711 ll-

1972 746 2100 801 lium
2148 745 2381 802 hominis
2422 762 2545 804 esse
2574 745 2998 803 meminerimus.
3037 745 3213 803 Unum
3241 763 3273 803 e
3299 750 3569 807 sexcentis

1971 837 2147 892 locum
2174 837 2451 909 seligimus
2477 837 2547 895 de
2589 838 2730 894 libro
2768 838 2981 895 decimo
3019 841 3263 909 petitum,
3305 842 3396 911 qui
3427 857 3568 899 unus

1973 929 2199 987 idoneus
2224 938 2341 986 erat
2365 946 2553 989 omnes
2579 931 2944 1002 suspicionum
2972 932 3196 989 nebulas
3221 947 3289 988 eo
3329 948 3397 989 ex
3426 933 3570 991 libro

1972 1031 2260 1094 conceptas
2285 1024 2579 1080 dimovere.
2609 1024 2698 1081 Sic
2737 1040 2900 1096 porro
2923 1025 3083 1080 habet
3111 1041 3259 1082 num.
3293 1026 3362 1083 l5
3386 1043 3400 1079 :
3430 1026 3571 1092 Quo-

1972 1116 2125 1171 modo
2150 1117 2288 1187 ﬁlius
2315 1116 2416 1171 Dei
2439 1118 2657 1173 hominis
2679 1118 2821 1186 ﬁlius
2848 1104 2942 1173 erit
2968 1128 3139 1184 natus,
3169 1119 3248 1174 vel
3275 1136 3487 1174 manens
3513 1123 3568 1175 in

1975 1210 2072 1265 Dei
2097 1215 2268 1282 forma
2285 1215 2504 1283 formam
2523 1212 2654 1266 servi
2679 1214 2951 1285 acceperit,
2980 1213 3026 1266 si
3048 1228 3149 1267 non
3173 1223 3376 1283 potente
3407 1211 3569 1269 Verbo

1972 1302 2084 1359 Deo
2113 1322 2178 1359 ea:
2200 1322 2254 1360 se
2281 1316 2328 1359 et
2357 1322 2561 1362 carnem
2586 1308 2722 1360 intra
2752 1307 2999 1377 virginem
3025 1323 3306 1372 assumere,
3337 1318 3385 1361 et
3424 1308 3571 1363 carni

1972 1399 2198 1452 animam
2220 1399 2460 1463 tribuere,
2483 1400 2634 1454 homo
2654 1398 2890 1454 Christus
2909 1398 3063 1455 Iesus
3082 1401 3150 1454 ad
3176 1401 3573 1471 redemptionem

1972 1492 2157 1545 animae
2183 1502 2374 1546 nostrae
2393 1501 2441 1546 et
2468 1492 2703 1559 corporis
2728 1493 2892 1546 nostri
2920 1497 3171 1563 perfectus
3206 1503 3278 1547 est
3307 1503 3499 1558 natus;
3527 1503 3575 1549 et

1972 1600 2157 1653 corpus
2182 1585 2386 1655 quidem
2412 1586 2485 1640 ita
2506 1586 2825 1652 assumserit,
2859 1595 2915 1639 ut
2937 1585 2992 1639 id
3010 1601 3076 1639 ex
3113 1583 3323 1657 Virgine
3350 1603 3571 1658 concep-

1972 1686 2083 1731 tum
2112 1680 2329 1748 [armant
2356 1694 2474 1732 eum
2498 1678 2631 1733 servi
2655 1694 2765 1732 esse
2806 1676 3053 1744 effecerit,
3094 1684 3202 1733 etc.
3235 1678 3347 1733 Hoc
3375 1678 3577 1749 quippe

267 1772 495 1842 subjicit
516 1788 529 1821 :
554 1770 876 1835 Sanctusque
898 1769 979 1821 hic
1001 1786 1063 1823 ea:
1091 1766 1233 1822 Iuda
1255 1776 1301 1821 et
1334 1766 1488 1820 Moab
1510 1766 1758 1836 originem
1785 1781 1874 1819 su-
1910 1766 1957 1826 B
1985 1767 2102 1823 loco
2121 1769 2418 1834 contendit,
2445 1767 2716 1825 Christum
2746 1770 2883 1825 falso
2911 1770 3077 1825 lilium
3120 1770 3352 1826 hominis
3375 1786 3583 1826 nuncu-

266 1882 436 1930 ntens,
463 1863 669 1918 decocta
697 1871 963 1930 tamquam
994 1877 1085 1930 per
1113 1860 1267 1914 ollam
1290 1862 1461 1915 carnis
1516 1857 1792 1925 cruditate,
1823 1857 1880 1910 in

266 1960 488 2030 speciem
532 1958 633 2011 cibi
669 1957 997 2026 signiﬁcatur
1023 1954 1222 2021 wterni,
1257 1969 1379 2010 cum
1420 1968 1547 2007 caro
1586 1952 1703 2021 ejus
1754 1965 1881 2006 vere

266 2052 413 2107 cibus
433 2051 547 2106 vita
568 2052 656 2104 sit.
695 2048 797 2117 Qui
825 2059 1004 2103 autem
1030 2047 1262 2102 Sanctus
1292 2046 1383 2101 Dei
1417 2046 1675 2101 Dominus
1699 2053 1882 2099 uoster

267 2161 342 2201 ex
361 2142 495 2201 Juda
522 2151 579 2197 et
606 2141 762 2197 Moab
791 2141 954 2195 sumit
974 2140 1258 2210 originem,
1292 2138 1339 2193 si
1364 2153 1430 2194 ex
1460 2138 1625 2194 Maria
1648 2136 1778 2191 nihil
1800 2151 1883 2191 ac-

272 2236 523 2308 ceperit?
578 2235 758 2291 Altius
791 2234 951 2291 etiam
986 2235 1039 2289 in
1082 2232 1224 2288 Psal.
1254 2242 1448 2287 vattt.
1479 2230 1677 2286 Christi
1702 2238 1882 2285 ortum

271 2327 841 2386 ducitHilarius.Nam
862 2336 919 2383 et
936 2342 1086 2381 num.
1108 2324 1201 2388 25.
1228 2336 1468 2379 naturam
1481 2323 1712 2394 corporis
1732 2323 1884 2392 primi

272 2426 445 2482 Adam
457 2424 524 2480 ab
537 2440 603 2479 eo
623 2433 951 2492 assumptatn
973 2420 1207 2474 afﬁrmat
1232 2435 1246 2475 :
1269 2429 1323 2473 et
1344 2433 1494 2473 num.
1526 2417 1617 2484 10,
1642 2417 1887 2472 homines

277 2529 440 2575 vocat
467 2518 642 2590 ipsius
666 2514 944 2571 secundum
974 2529 1179 2566 carnem
1207 2510 1627 2581 consanguineos.

354 2612 444 2667 51.
491 2609 639 2665 Adeo
669 2607 843 2662 sensit
873 2605 1107 2659 llilarius
1134 2617 1351 2658 carnem
1391 2600 1590 2656 Christi
1629 2616 1695 2655 ex
1716 2598 1888 2655 Adam

277 2718 344 2759 ac
374 2702 607 2770 posteris
638 2697 1011 2770 peccatoribus
1041 2702 1412 2766 proltagatam,
1462 2699 1519 2746 ut
1545 2708 1663 2747 eam
1692 2699 1747 2745 et
1771 2707 1888 2745 car-

282 2811 397 2850 nem
425 2793 645 2868 peccati,
689 2798 746 2846 et
783 2797 1044 2864 peccatum
1074 2787 1311 2842 vocitare
1356 2802 1461 2840 non
1502 2783 1732 2839 dubitet.
1766 2782 1893 2838 Car—

281 2906 400 2945 nem
424 2890 559 2943 enim
581 2886 796 2957 peccati,
823 2884 998 2954 inquit
1021 2883 1115 2938 lib.
1149 2882 1253 2937 Ide
1276 2881 1426 2937 Trin.
1475 2896 1531 2934 n.
1564 2880 1652 2943 15,
1682 2879 1890 2951 recepit,

283 2991 346 3036 ut
370 2980 725 3048 assumptione
749 2977 919 3031 carnis
943 2986 1133 3030 nostris
1156 2974 1345 3028 delicta
1365 2974 1601 3037 donaret,
1629 2972 1754 3026 dum
1781 2973 1894 3039 ejus

286 3074 351 3143 ﬁt
376 3073 631 3144 particeps
658 3069 1025 3139 assumptione,
1058 3084 1159 3121 non
1194 3067 1424 3120 crimine.
1461 3066 1529 3121 Et
1557 3065 1647 3119 alii
1678 3063 1893 3135 quidem

1989 1860 2218 1931 pandum
2247 1861 2335 1927 iri,
2368 1862 2541 1933 primo
2567 1864 2668 1918 nisi
2700 1866 2852 1918 homo
2895 1866 3150 1934 perfectus
3187 1867 3277 1932 sit,
3311 1881 3376 1922 ex
3403 1867 3579 1923 anima

1986 1955 2192 2011 scilicet
2234 1964 2290 2010 et
2331 1971 2557 2027 corpore
2603 1964 2817 2020 nostro;
2865 1957 3061 2015 deinde
3090 1960 3193 2015 nisi
3234 1962 3337 2017 hoc
3380 1976 3487 2017 non
3514 1977 3581 2018 ex

1986 2047 2175 2116 quavis
2193 2050 2581 2118 assumptione,
2613 2050 2707 2105 sed
2736 2064 2802 2106 ex
2820 2050 3100 2107 nativitate
3125 2052 3367 2108 obtineat
3383 2063 3439 2108 ut
3465 2069 3588 2124 per-

1989 2138 2160 2194 lectus
2182 2140 2344 2195 homo
2388 2152 2540 2196 natus
2583 2143 2692 2207 sit;
2726 2158 2790 2199 ac
2815 2143 3030 2199 demum
3058 2146 3210 2217 quasi
3245 2146 3348 2202 hoc
3382 2147 3587 2204 dixisse

1988 2246 2097 2286 non
2124 2230 2417 2299 sufﬁceret.
2436 2234 2553 2289 vult
2582 2248 2781 2305 corpus
2807 2236 2878 2291 ita
2906 2238 3055 2294 abeo
3077 2246 3413 2309 assumptum
3442 2254 3585 2309 esse,

1990 2333 2047 2378 ut
2071 2324 2125 2377 id
2153 2342 2219 2379 ea:
2246 2324 2455 2395 Virgine
2484 2337 2786 2399 conceptum
2810 2329 2899 2384 sit.

2062 2419 2154 2474 53.
2196 2418 2464 2475 Praeterea
2502 2435 2622 2475 cum
2663 2418 2935 2477 Christum
2994 2438 3246 2483 asserens
3291 2426 3591 2497 perfectum

1992 2512 2266 2568 hominem
2297 2521 2480 2568 natum
2510 2529 2653 2580 esse,
2684 2513 2872 2585 adjicit
2897 2518 2968 2572 ad
2987 2519 3383 2592 redemptionem
3410 2523 3598 2579 animae

1993 2615 2183 2662 nostris
2224 2615 2271 2660 et
2314 2608 2544 2678 corporis
2572 2608 2752 2671 nostri,
2783 2609 3012 2667 alteram
3059 2615 3275 2684 attingit
3303 2616 3592 2682 rationem,

1996 2703 2055 2751 ttt
2081 2698 2240 2768 vulgo
2291 2705 2513 2755 utuntur
2570 2700 2756 2758 Patres
2815 2702 3075 2759 adversus
3125 2704 3453 2773 hmreticns,
3503 2707 3593 2778 qui

1994 2788 2213 2844 Christo
2235 2800 2496 2859 negarunt
2517 2790 2767 2848 humanm
2788 2800 2997 2849 natura:
3019 2794 3401 2864 integritatem.
3430 2795 3592 2865 Nam,

1995 2886 2058 2933 ut
2080 2879 2154 2934 ait
2181 2879 2474 2951 Gregorius
2498 2882 2629 2938 Naz.
2662 2884 2755 2940 Or.
2781 2885 2872 2953 5i,
2911 2902 2967 2940 n.
3002 2886 3089 2951 i5,
3121 2887 3262 2959 quod
3282 2899 3600 2961 assumptum

1998 2989 2101 3028 non
2121 2983 2217 3037 est,
2246 2976 2528 3030 curationis
2554 2988 2631 3033 est
2654 2993 2837 3048 expers
2861 2994 2880 3033 :
2902 2980 3039 3048 quod
3061 2990 3231 3036 autem
3266 2980 3375 3036 Deo
3399 2985 3602 3039 unitum

1999 3076 2094 3133 est,
2127 3068 2223 3121 hoc
2252 3084 2450 3138 quoque
2489 3072 2706 3126 salutem
2734 3072 3083 3143 consequitur.
3129 3073 3191 3129 Si
3222 3074 3439 3131 dimidia
3477 3086 3598 3131 tan-

287 3164 479 3220 Patres
507 3164 777 3219 Christum
814 3166 1086 3230 peccatum
1129 3158 1326 3213 factum
1357 3172 1477 3213 esse
1514 3160 1593 3212 sic
1628 3157 1891 3227 interpre-
1918 3152 1966 3218 C
1996 3168 2102 3215 tum
2124 3177 2189 3215 ex
2211 3171 2357 3231 parte
2377 3162 2809 3233 Adatnus-lapsus
2837 3165 2923 3230 sit,
2957 3165 3284 3222 dimidiatum
3309 3184 3506 3239 quoque
3533 3170 3603 3224 sit

288 3267 498 3325 tantur,
544 3256 684 3327 quod
735 3254 905 3309 lactus
950 3254 1021 3308 sit
1064 3252 1237 3307 hostia
1285 3266 1382 3321 pro
1426 3257 1665 3321 peccato.
1699 3247 1768 3304 At
1800 3248 1893 3304 ille

290 3350 492 3407 Chri~ti
524 3366 725 3421 corpus
753 3349 946 3421 peccati
992 3348 1155 3401 nostri
1186 3361 1373 3415 corpus
1403 3351 1458 3398 et
1498 3353 1761 3417 peccatum
1789 3357 1895 3397 non

292 3453 404 3499 tam
449 3445 579 3499 inde
618 3443 723 3498 dici
772 3441 1061 3506 intellexit,
1109 3439 1253 3509 quod
1304 3438 1640 3493 immolatum
1688 3436 1761 3491 sit
1802 3450 1899 3505 pro

294 3546 546 3611 peceato,
575 3551 734 3607 quam
772 3536 893 3606 quia
931 3549 996 3589 es
1031 3531 1402 3603 peccatoribus
1421 3537 1507 3585 est
1534 3537 1897 3600 procreatum.

295 3631 431 3688 Eam
458 3630 528 3683 ob
544 3644 761 3684 causam
786 3627 878 3681 lib.
912 3641 964 3681 ιιι
988 3625 1054 3680 de
1084 3624 1236 3679 Trin.
1267 3641 1321 3678 ιι.
1354 3623 1421 3678 15
1449 3623 1499 3676 in
1544 3620 1679 3677 illttd
1706 3619 1855 3676 Pauli
1885 3636 1898 3673 :

303 3723 458 3792 Quod
480 3723 614 3775 enim
637 3730 867 3774 mortuus
895 3728 970 3773 est
998 3728 1226 3787 peccato,
1254 3714 1493 3784 subjicit.
1524 3722 1735 3767 mortent
1779 3729 1903 3783 pec-

301 3826 441 3880 cato,
470 3816 525 3869 id
554 3827 650 3880 est,
684 3813 885 3883 corpori
921 3821 1095 3866 nostra
1123 3810 1417 3865 adscribatis
1444 3824 1461 3862 :
1490 3817 1548 3863 et
1577 3807 1734 3877 paulo
1763 3814 1905 3877 post,

305 3910 411 3977 Qui
442 3909 638 3979 peccati
664 3906 828 3961 nostri
855 3921 1041 3977 corpus
1083 3918 1368 3968 assumens,
1399 3911 1533 3955 totus
1550 3902 1666 3972 jam
1699 3898 1803 3953 Deo
1828 3899 1877 3952 vi
1888 3928 1907 3939 -

304 4006 399 4058 sit.
429 4001 635 4057 Eodem
680 4005 927 4070 respectu
973 3996 1109 4051 dixit
1135 3994 1505 4051 Tertulliauus
1533 3990 1911 4061 :Defendimus

306 4105 479 4150 autem
508 4110 613 4146 non
658 4107 865 4146 carnem
906 4089 1102 4159 peccati
1141 4096 1436 4142 evacuatatn
1459 4101 1567 4139 esse
1600 4084 1654 4137 in
1683 4082 1910 4149 Christo,

308 4189 399 4244 sed
430 4196 697 4256 peccatum
719 4184 929 4248 carnis;
958 4198 1062 4237 non
1088 4181 1375 4245 materiam,
1399 4176 1489 4232 sed
1510 4186 1786 4240 naturam;
1814 4190 1916 4228 non

308 4280 668 4344 substantiam,
698 4277 788 4331 sed
815 4275 1042 4348 culpam.
1091 4273 1179 4329 Sic
1217 4281 1275 4329 et
1317 4271 1607 4341 Gregorius
1654 4267 1783 4323 Naz.
1816 4266 1912 4321 Or.

312 4375 411 4441 5|,
428 4392 482 4429 ιι.
506 4374 594 4438 18,
623 4379 812 4426 auctor
834 4377 937 4431 est.
953 4368 1097 4441 quod
1118 4384 1145 4422 a
1171 4367 1387 4424 Christo
1406 4371 1681 4435 assumpta
1703 4364 1775 4419 sit
1798 4377 1919 4417 caro

315 4470 582 4523 damnata.
615 4465 728 4522 Nec
748 4480 930 4521 secum
953 4470 1154 4536 pugnat
1190 4462 1442 4523 Hilarius.
1481 4476 1602 4516 cum
1626 4460 1693 4515 de
1730 4458 1919 4514 eadem

1997 3259 2134 3326 quod
2153 3264 2473 3327 assumptum
2492 3268 2566 3311 est
2588 3267 2637 3313 et
2661 3258 2878 3313 salutem
2899 3261 3246 3331 consequitur.
3263 3260 3355 3317 Sic
3376 3260 3611 3330 Fulgeno

1999 3349 2107 3403 tius
2159 3349 2252 3404 lib.
2299 3365 2317 3405 ι
2360 3348 2426 3405 ad
2474 3349 2889 3407 Trasimnndum
2954 3367 3001 3408 c.
3060 3354 3127 3410 t3
3156 3372 3167 3408 :
3196 3353 3348 3420 Quod
3392 3356 3438 3410 si
3476 3364 3612 3410 totus

2003 3439 2213 3512 (homo)
2248 3442 2510 3496 tenebatur
2532 3444 2841 3512 captivitatis
2861 3445 3091 3512 vinculo,
3125 3455 3264 3499 totus
3290 3447 3429 3517 eguit
3459 3445 3613 3502 Libe-

2004 3533 2193 3586 ratoris
2214 3534 2429 3591 auxilio.
2463 3534 2524 3589 Si
2562 3544 2733 3590 autem
2760 3546 2919 3590 totum
2948 3536 3122 3593 debuit
3163 3537 3385 3593 liberare
3425 3540 3611 3611 pietas,

2008 3632 2167 3677 totum
2209 3623 2383 3679 debuit
2421 3627 2680 3697 suscipere
2724 3629 2983 3700 ntajestas.
3036 3627 3245 3700 Neque,
3293 3638 3443 3699 puto,
3492 3632 3611 3687 sine

2008 3731 2171 3773 causa
2218 3733 2430 3773 rursum
2490 3718 2727 3775 Hilarius
2776 3722 2828 3776 in
2867 3721 3055 3778 Matth.
3108 3738 3230 3795 cap.
3286 3739 3361 3793 ι,
3414 3741 3467 3779 ιι.
3522 3725 3612 3793 18,

2009 3812 2283 3868 Christum
2316 3828 2422 3869 non
2440 3814 2761 3884 simpliciter
2784 3814 3021 3873 hominis
3050 3817 3446 3889 redemptorem
3477 3834 3616 3875 nun-

2011 3914 2192 3976 cupat,
2211 3906 2306 3962 sed
2335 3908 2568 3977 corporis
2595 3918 2643 3963 et
2661 3909 2848 3964 anirme
2870 3910 3265 3980 redemptorem.

2084 3999 2175 4054 54.
2219 3997 2372 4055 Haud
2416 4000 2647 4057 absimili
2680 3999 2891 4057 ratimie
2933 4001 3190 4057 adversus
3217 4002 3483 4072 Apellem,
3527 4003 3620 4074 qui

2016 4106 2212 4161 corpus
2245 4092 2453 4148 Domini
2495 4107 2562 4149 ex
2602 4092 2812 4149 siderea
2843 4095 3089 4159 materia,
3121 4109 3228 4149 non
3259 4110 3325 4150 es
3368 4104 3614 4152 materna

2018 4185 2320 4239 substantia
2349 4193 2598 4242 constare
2633 4184 3014 4250 contendebat.
3043 4186 3411 4244 Tertullianus
3436 4190 3505 4246 de
3534 4205 3619 4246 re-

2019 4285 2250 4335 surrect.
2283 4280 2461 4335 carnis
2496 4295 2550 4335 n.
2580 4280 2615 4334 2
2656 4279 2953 4347 concludit,
2984 4296 3173 4336 vanam
3205 4297 3328 4338 esse
3356 4297 3508 4353 spem
3540 4298 3626 4340 re-

2022 4372 2396 4440 surrectionis,
2440 4373 2487 4429 si
2517 4373 2773 4428 Dominus
2804 4373 2990 4429 matris
3018 4373 3374 4431 substantiam
3400 4390 3507 4431 non
3538 4391 3627 4432 ac-

2024 4466 2199 4538 cepit:
2218 4465 2464 4536 Sequitur
2482 4467 2649 4534 enim,
2673 4465 2867 4536 inquit,
2891 4476 2944 4520 ut
2965 4466 3182 4522 salutem
3205 4471 3317 4542 ejus
3333 4468 3633 4526 substantia:

314 4562 521 4617 Christi
553 4573 718 4615 carne
748 4559 838 4613 lib.
868 4574 902 4612 ι
928 4556 997 4612 de
1022 4556 1173 4611 Trin.
1224 4572 1278 4609 ιι.
1315 4554 1386 4610 25
1412 4552 1574 4609 dicit:
1599 4549 1779 4620 Neque
1807 4566 1931 4604 caro
1955 4548 2007 4608 l)
2033 4557 2337 4623 excludant,
2401 4559 2552 4625 cuius
2610 4556 2871 4613 Christum
2919 4568 3206 4615 consortem
3255 4573 3463 4632 negant.
3515 4562 3633 4630 Quo

316 4654 418 4711 illa
439 4668 561 4707 caro
596 4651 814 4721 peccati,
840 4648 930 4704 sed
956 4646 1241 4703 similitudo
1280 4647 1454 4699 carnis
1500 4642 1695 4715 peccati
1717 4658 1735 4695 :
1759 4656 1919 4713 quam

320 4751 468 4809 enim
498 4751 585 4804 hic
607 4762 826 4803 carnem
860 4745 1063 4814 peccati
1104 4748 1283 4813 negat,
1316 4747 1376 4795 ut
1410 4736 1663 4794 ostendat
1683 4750 1714 4790 a
1744 4734 1921 4788 domi-

320 4842 579 4901 nantibus
605 4839 784 4895 carnis
814 4842 1013 4892 nostra:
1046 4833 1186 4888 vittis
1214 4834 1529 4891 immunem,
1570 4827 1678 4882 illic
1711 4840 1841 4880 sane
1871 4834 1926 4881 et

322 4940 474 4993 recte
499 4930 761 4997 afﬁrmat,
784 4936 843 4983 ut
862 4927 1039 4984 carnis
1060 4926 1126 4980 ab
1150 4920 1459 4979 hominibus
1480 4925 1715 4990 accepta:
1738 4916 1931 4988 probet

324 5029 638 5081 veritatem.

410 5118 500 5173 52.
536 5118 592 5174 Si
618 5118 684 5171 ad
711 5122 1025 5185 argumenta
1058 5112 1358 5178 veniamus,
1398 5108 1590 5180 quibus
1620 5108 1794 5163 sancti
1828 5107 1935 5163 Pa-

332 5218 452 5266 tres
473 5210 650 5264 carnis
678 5215 880 5264 nostra:
908 5207 1188 5262 veritatem
1218 5204 1271 5257 in
1302 5200 1520 5257 Christo
1546 5200 1822 5257 exstitisse
1844 5216 1937 5270 ap-

331 5300 655 5374 probarunt,
687 5299 879 5355 eadem
920 5299 989 5353 ab
1013 5297 1217 5353 Hilario
1245 5310 1349 5351 non
1378 5296 1556 5349 minus
1597 5292 1830 5349 dilucide
1870 5293 1937 5348 il-

332 5396 562 5452 lustrata
594 5394 760 5450 fuisse
800 5394 1205 5449 convincemur.
1242 5390 1317 5445 Eo
1353 5388 1651 5458 prmsertim
1684 5388 1945 5442 adversus

339 5488 630 5544 btereticos
654 5487 845 5541 nititur
864 5487 1095 5540 Irenaeus
1120 5483 1211 5537 lib.
1234 5498 1312 5547 ιιι,
1335 5497 1385 5538 c.
1417 5481 1508 5547 32,
1538 5480 1679 5550 quod
1700 5479 1947 5535 Christus

344 5597 474 5638 vere
498 5581 864 5653 wguominari
888 5565 1035 5633 illius
1060 5576 1295 5632 hominis
1322 5589 1427 5629 non
1460 5571 1715 5644 potuerit,
1749 5571 1854 5626 nisi
1881 5572 1949 5627 ab

343 5680 568 5736 homine
606 5693 733 5735 vere
758 5675 1030 5747 acceperit
1062 5673 1418 5730 substantiam
1449 5667 1694 5739 corporis
1723 5665 1843 5734 :Si,
1868 5666 1951 5722 in-

344 5770 486 5844 quit,
519 5787 623 5825 non
647 5768 841 5839 accepit
865 5766 928 5823 ab
960 5765 1165 5820 homine
1198 5762 1533 5821 substantiam
1572 5760 1764 5828 carnis,
1793 5776 1951 5831 neque

2028 4655 2238 4718 spectat
2288 4648 2416 4704 illud
2448 4649 2634 4705 [rentei
2668 4650 2762 4705 lib.
2793 4665 2848 4716 ν,
2894 4666 2945 4707 c.
2997 4650 3019 4705 l
3056 4669 3068 4704 :
3103 4649 3239 4706 Vani
3280 4653 3457 4724 igitur,
3488 4655 3575 4725 qui
3603 4671 3635 4708 a

2041 4739 2314 4797 Valentino
2355 4742 2596 4797 sunthoc
2622 4743 3028 4816 dogmatizantes
3073 4742 3369 4820 (Christum
3400 4746 3631 4803 nihilex

2033 4832 2198 4889 Maria
2215 4833 2542 4907 accepissse)
2559 4837 2635 4889 uti
2658 4836 2937 4891 excludant
2960 4837 3176 4892 salutem
3195 4838 3385 4892 carnis.
3410 4840 3480 4893 At
3506 4853 3637 4896 vero

2036 4923 2294 4990 Hilarius,
2325 4925 2396 4979 ob
2427 4925 2557 4982 illud
2594 4926 2793 4983 Christi
2836 4927 3118 4984 nobiscum
3147 4930 3504 4997 consortium,
3535 4946 3638 4985 no-

2036 5015 2122 5071 bis
2149 5018 2602 5074 resurrectionem
2641 5034 2750 5073 non
2782 5025 2991 5074 tantum
3030 5020 3374 5089 sperandam,
3402 5020 3500 5077 sed
3525 5021 3637 5091 jam

2038 5108 2214 5179 aliqua
2243 5109 2454 5166 ratione
2494 5109 2755 5166 indultam
2801 5126 2924 5167 esse
2951 5110 3269 5178 conﬁrmat;
3321 5121 3382 5167 ttt
3421 5128 3640 5169 carnem

2042 5206 2280 5255 nostram
2304 5200 2416 5270 jam
2447 5201 2499 5255 itt
2540 5216 2609 5257 eo
2637 5202 2926 5258 excitatam
2951 5204 3406 5275 contemplemur,
3438 5206 3491 5259 in
3515 5222 3636 5278 quo,

2046 5294 2221 5364 inquit
2245 5295 2299 5349 in
2343 5294 2486 5349 Psal.
2521 5309 2709 5362 cxxw,
2737 5312 2791 5350 n.
2824 5294 2879 5360 4,
2906 5297 3246 5366 nosmetipsos
3296 5313 3388 5367 per
3414 5316 3650 5372 assump-

2050 5385 2240 5440 tionem
2284 5387 2456 5440 carnis
2497 5396 2688 5443 nostra
2727 5389 3057 5459 corporisque
3097 5388 3444 5461 speculamur.
3476 5390 3546 5447 In
3593 5409 3653 5448 eo

2052 5479 2186 5534 enim
2211 5496 2385 5534 sumus
2414 5481 2833 5536 resurrectionem
2868 5492 3099 5538 nostram
3126 5486 3498 5542 resurrectione
3528 5502 3653 5542 nos-

2056 5573 2122 5627 tri
2145 5573 2201 5627 in
2228 5588 2286 5626 eo
2313 5572 2546 5643 corporis
2573 5574 2914 5643 speculantes.

2128 5665 2221 5723 55.
2264 5665 2461 5722 Redire
2490 5665 2667 5737 placet
2684 5667 2754 5725 ad
2783 5668 3072 5741 epistolam
3117 5671 3191 5731 25
3217 5671 3417 5729 Leonis
3437 5673 3547 5746 jam
3573 5689 3665 5732 su-

2002 5852 2009 5857 _
2060 5759 2245 5831 perius
2266 5758 2574 5818 laudatam?
2610 5761 2728 5820 Illic
2752 5778 2919 5836 porro
2946 5763 3220 5841 Eutychos
3245 5765 3520 5826 Christum
3551 5785 3667 5828 meo
