4232 6256
548 248 620 306 55
1761 234 2138 308 ramento
2175 233 2591 309 GENERALIS.
3785 241 3861 300 36

547 365 808 419 diutorem
840 377 1036 436 negare
1078 361 1156 420 sic
1199 362 1458 434 arguitur,
1508 364 1659 436 quasi
1707 364 1809 420 hoc
1856 366 1902 420 ci
1932 363 2142 419 auferat
2170 367 2218 426 Α
2245 365 2366 422 bet:
2402 363 2518 419 Hoc
2550 380 2670 434 ergo
2715 372 2931 430 corpus,
2964 359 3017 414 in
3040 358 3178 428 quod
3219 355 3462 412 inductus
3499 351 3576 411 est
3622 354 3860 426 Spiritus

548 472 780 524 nomen,
827 458 1065 528 quisquis
1095 459 1192 528 ipsi
1241 460 1427 514 matris
1469 459 1822 514 substantiam
1887 458 2140 528 denegat.

543 548 621 603 lta
649 559 701 604 et
733 549 1042 620 Fulgentius
1069 550 1160 604 lib.
1200 565 1219 605 1
1250 550 1316 605 ad
1344 550 1578 606 Trasim.
1611 566 1662 606 c.
1697 551 1764 606 l5
1789 550 1950 606 docet
1999 549 2147 604 Chri-

545 649 686 694 stum
709 643 796 695 Dei
828 642 1220 713 hominumque
1245 643 1598 698 mediatorem
1626 645 1678 698 in
1709 657 1924 698 cassum
1941 655 2146 712 cogno-

544 735 756 799 minari,
783 734 882 788 nisi
915 735 967 789 in
995 751 1054 790 se
1097 742 1155 789 ut
1192 741 1360 790 totum
1400 751 1695 804 verumque
1745 737 1909 792 Deum
1939 736 2005 791 de
2039 735 2147 791 Deo

543 833 748 892 natum,
777 827 848 880 ita
892 836 1060 881 totum
1091 839 1384 900 verumque
1407 829 1474 884 de
1507 829 1725 885 homine
1759 836 1944 884 natum
1973 829 2148 884 homi-

542 935 664 972 nem
693 920 985 974 contineat.
1019 920 1273 977 Eamdem
1314 937 1528 992 quoque
1565 922 1762 978 Christi
1796 923 2146 992 nuncupatio-

541 1029 662 1067 nem
691 1027 811 1068 enm
837 1014 1034 1083 sacpius
1073 1017 1308 1085 explicet
1350 1015 1602 1081 Hilarius,
1645 1029 1938 1085 numquam
1978 1013 2138 1068 aliter

539 1107 790 1172 explicat,
826 1123 986 1177 quam
1018 1109 1159 1178 quod
1202 1116 1258 1165 et
1286 1125 1356 1164 ex
1387 1111 1544 1165 nobis
1574 1119 1818 1176 carnem;
1857 1114 1912 1165 et
1937 1123 2000 1164 ex
2032 1109 2146 1163 Deo

542 1199 747 1253 habens
789 1199 1144 1264 divinitatem,
1195 1203 1360 1257 Deum
1405 1202 1788 1274 hominemque
1831 1200 1884 1256 in
1932 1217 1991 1257 se
2037 1217 2148 1258 uno

540 1291 847 1361 coniungat.
900 1290 1054 1347 Unde
1107 1293 1158 1346 iu
1209 1293 1349 1348 Psal.
1384 1310 1548 1360 Lxm,
1605 1309 1662 1351 ιιι
1712 1293 1805 1361 57,
1837 1296 2050 1349 intuens
2093 1293 2146 1348 in

539 1381 670 1436 illud
720 1382 918 1437 Christi
957 1383 1271 1439 mediatoris
1318 1383 1591 1451 ofﬁcium,
1624 1393 1724 1442 nos
1767 1387 1822 1441 in
1871 1388 2135 1441 unitatem

539 1471 785 1528 Paterna:
809 1475 1104 1545 majestatis
1134 1480 1490 1533 assumendos
1523 1478 1800 1548 praedicat,
1833 1478 1959 1533 dum
1987 1480 2146 1534 nimi-

539 1581 658 1621 rum
681 1576 729 1621 et
753 1568 805 1621 in
827 1585 883 1622 eo
910 1585 1000 1638 per
1022 1579 1262 1623 naturam
1295 1569 1452 1625 Pater
1481 1581 1576 1635 est,
1613 1580 1662 1627 et
1694 1571 1785 1627 ille
1808 1583 2016 1627 rursum
2053 1585 2146 1644 per

537 1665 830 1714 societatem
856 1663 1027 1716 carnis
1055 1663 1108 1715 in
1137 1664 1279 1718 nobis
1305 1673 1402 1720 est.

2249 459 2472 514 Sanctus
2497 474 2510 508 :
2542 455 2776 510 maxime
2801 468 2925 510 cum
2949 451 3146 507 ibidem
3170 450 3331 518 paulo
3353 457 3480 504 ante
3498 449 3857 518 prazmiserit,

2249 551 2420 606 Filius
2448 559 2620 605 autem
2653 549 2881 620 Spiritus
2910 547 3133 603 Sanctus
3159 555 3253 600 est.
3290 543 3473 615 Neque
3511 543 3672 597 aliter
3696 541 3860 597 intel-

2247 641 2518 714 ligendum
2551 641 2818 698 videbitur
2840 639 2972 696 illud
3020 633 3208 696 [renati
3239 639 3331 693 lib.
3364 650 3415 702 ν,
3441 651 3491 692 c.
3530 635 3554 690 1
3583 677 3598 700 ,
3625 635 3859 704 Spiritus

2251 737 2474 792 Sanctus
2499 735 2703 789 aduenit
2727 735 2781 788 in
2811 731 3056 799 Mariam,
3085 729 3156 788 ibi
3185 741 3488 799 expensum
3522 725 3682 782 fuerit
3711 725 3857 798 quod

2252 828 2492 896 proxime
2523 824 2763 896 subjicit,
2799 819 3022 879 Verbum
3057 820 3234 877 Patris
3259 830 3306 876 et
3335 820 3569 890 Spiritus
3593 813 3689 872 Dei
3723 819 3858 872 adu-

2250 923 2385 975 n’itus
2427 923 2650 992 antiqua:
2677 919 2973 974 substantiae
2999 915 3356 987 plasmationis
3387 912 3514 967 Λάαν
3540 914 3784 968 viventem
3809 919 3860 966 et

2249 1021 2528 1090 perfectura
2552 1011 2717 1083 effecit
2738 1013 3011 1068 hominem.
3040 1009 3290 1082 Apertior
3313 1018 3395 1064 est
3415 1007 3611 1064 JuStini
3636 1012 3858 1061 senten-

2250 1110 2323 1162 tia
2357 1107 2581 1178 Apolog.
2613 1106 2666 1171 '2,
2702 1105 2791 1160 ubi
2837 1105 3067 1175 primum
3109 1101 3305 1156 Filium
3345 1101 3451 1155 vim
3495 1114 3559 1154 ac
3597 1097 3856 1154 virtutem

2250 1199 2348 1255 Dei
2376 1212 2496 1254 esse
2525 1197 2766 1253 declarat
2795 1195 2877 1250 his
2901 1194 3111 1250 verbis:
3147 1191 3327 1247 Prima
3356 1201 3523 1246 autem
3558 1191 3631 1244 vis
3669 1207 3734 1243 ac
3752 1190 3857 1244 vir-

2252 1299 2334 1343 tus
2381 1291 2655 1344 secundum
2685 1287 2853 1342 Deum
2897 1287 3123 1340 omnium
3167 1295 3427 1356 parentem
3475 1297 3535 1337 ac
3575 1281 3858 1338 Dominum

2251 1381 2422 1436 Filius
2453 1380 2604 1434 etiam
2643 1377 2861 1432 Verbum
2889 1388 2982 1444 est,
3006 1376 3145 1449 quod
3163 1374 3384 1449 quodam
3412 1374 3563 1428 modo
3591 1387 3712 1427 caro
3741 1375 3856 1446 foco

2251 1483 2358 1526 tum
2399 1469 2548 1528 homo
2576 1477 2744 1544 factus
2774 1473 2891 1527 est:
2943 1471 3136 1542 quibus
3179 1477 3298 1541 post
3335 1484 3504 1542 pauca
3553 1469 3852 1537 subnectit,

2254 1565 2350 1620 Dei
2376 1569 2446 1621 vis
2474 1566 2544 1620 ad
2573 1565 2834 1638 Virginem
2864 1567 3153 1630 adveniens,
3181 1566 3229 1619 ei
3257 1562 3602 1631 obumbravit,
3628 1563 3859 1635 fecitque

2249 1669 2302 1713 ut
2339 1657 2494 1730 Virgo
2521 1658 2734 1731 gravida
2760 1669 2884 1713 esset
2911 1671 2929 1712 :
2960 1659 3174 1714 demum
3205 1667 3488 1728 utramque
3519 1658 3849 1728 propositio-

612 1752 701 1808 56.
743 1753 904 1808 Multa
936 1754 1042 1808 alia
1071 1762 1386 1826 arguments
1418 1757 1726 1828 suppeditat
1764 1755 1902 1814 llber
1933 1757 2000 1813 de
2024 1756 2144 1812 Tri~
2174 1743 2220 1812 Β
2250 1765 2370 1807 nem
2395 1756 2724 1823 conjungens
2755 1751 3029 1808 concludit
3057 1793 3070 1818 ,
3102 1744 3357 1822 Spiritum
3384 1764 3502 1821 ergo
3524 1750 3724 1820 vimque
3760 1747 3859 1804 Dei

541 1845 708 1901 nitate
737 1845 1004 1916 decimus,
1052 1850 1103 1902 in
1149 1866 1256 1918 quo
1301 1867 1422 1905 eum
1447 1851 1682 1907 Hilarius
1727 1865 1754 1905 a
1777 1863 1926 1908 num.
1958 1853 2049 1917 16,
2079 1859 2143 1907 ac

539 1939 794 2008 deinceps
814 1939 938 1994 data
965 1956 1125 2011 opera
1149 1941 1361 1996 refellat
1388 1943 1694 2009 haereticos,
1722 1944 1814 2014 qui
1835 1950 1927 1998 aut
1957 1943 2144 1996 liuma-

542 2047 664 2084 nam
693 2031 896 2086 Christi
935 2043 1181 2087 naturam
1228 2041 1352 2089 ante
1381 2050 1541 2104 quam
1585 2043 1956 2090 assumeretur
2007 2050 2142 2105 prte-

537 2125 831 2189 exstitissc,
882 2133 974 2178 aut
1018 2140 1216 2196 corpus
1253 2127 1370 2196 ejus
1405 2128 1474 2183 de
1516 2129 1669 2183 coalis
1709 2128 1991 2183 advectum
2021 2137 2144 2184 esse

537 2219 873 2281 asserebant,
924 2217 992 2272 ad
1043 2220 1203 2272 verba
1232 2220 1483 2290 symboli,
1520 2222 1620 2286 Qui
1671 2232 1947 2291 conceptus
1979 2223 2146 2275 estde

539 2308 743 2376 Spiritu
774 2311 966 2364 Sancto
992 2321 1038 2363 et
1069 2321 1219 2364 natus
1252 2321 1315 2366 ea:
1345 2313 1515 2366 Maria
1550 2314 1768 2384 virgine,
1800 2311 1959 2368 iidem
1988 2327 2140 2368 suam

539 2411 856 2457 eouSIanter
906 2404 1096 2472 exigit.
1147 2403 1308 2459 Juxta
1337 2420 1456 2474 qua:
1506 2414 1674 2460 totam
1719 2408 2142 2476 disputationem

535 2497 811 2551 concludit
838 2497 891 2552 in
924 2497 1068 2552 intuc
1099 2498 1316 2553 modum
1352 2515 1365 2551 :
1400 2498 1592 2554 Geuuit
1629 2500 2042 2572 etenim(Virgo)
2075 2515 2144 2554 ex

534 2607 596 2646 se
618 2607 838 2659 corpus;
883 2593 972 2645 sed
999 2592 1137 2661 quod
1165 2598 1466 2662 conceptum
1494 2602 1624 2648 esset
1649 2610 1714 2648 ea;
1736 2594 1954 2650 Srmtru
1977 2610 1991 2659 ;
2042 2592 2138 2646 lto-

537 2683 676 2746 bens.
710 2682 916 2753 quidem
957 2684 1011 2738 in
1036 2701 1089 2737 se
1118 2685 1200 2738 sui
1226 2685 1455 2756 corporis
1479 2687 1762 2751 veritatem,
1797 2685 1888 2740 sed
1913 2695 2016 2739 non
2048 2684 2144 2737 lm-

538 2778 658 2832 beus
680 2786 880 2832 natura:
897 2778 1271 2845 inﬁrmitatem.
1292 2779 1423 2846 Quae
1450 2794 1572 2835 cum
1602 2780 1672 2834 ita
1690 2780 1820 2846 sint,-
1855 2783 2014 2833 nemo
2037 2789 2144 2832 non

538 2870 840 2934 mirabitur,
888 2870 978 2939 qui
1031 2870 1303 2926 nonnullis
1333 2871 1482 2925 visus
1510 2872 1582 2926 sit
1623 2872 1849 2938 sentire,
1881 2869 2145 2925 Christum

536 2979 638 3016 non
662 2965 918 3034 accepisse
954 2980 1162 3018 carnem
1189 2982 1220 3018 a
1259 2964 1405 3019 beata
1442 2964 1678 3036 Virgine.
1716 2965 1870 3022 Unde
1902 2965 2006 3021 hoc
2035 2965 2142 3022 illis

537 3055 590 3108 in
625 3061 858 3110 mentem
891 3057 1120 3120 venerit,
1151 3070 1294 3111 nunc
1321 3057 1760 3126 expendeudum.

571 3189 636 3247 ll:
682 3193 911 3263 Spiritus
939 3193 1107 3246 sancti
1138 3191 1380 3246 vocabulo
1405 3177 1528 3262 quid
1573 3185 1763 3246 dixerit
1813 3187 2050 3246 Hilarius
2075 3210 2108 3247 a

813 3303 824 3310 ·
848 3285 1143 3340 censoribus
1171 3285 1277 3339 suis
1309 3301 1410 3339 non
1433 3285 1721 3341 intellectus
1741 3296 1838 3341 est.

614 3420 702 3473 57.
747 3418 881 3494 Hinc
913 3417 1149 3488 proiecto
1177 3418 1412 3474 Jobanni
1458 3420 1677 3476 errandi
1710 3430 1833 3475 nata
1877 3430 1959 3475 est
1989 3435 2146 3477 occa-

540 3509 644 3572 sio,
679 3509 820 3578 quini
852 3524 972 3564 cum
1005 3509 1097 3564 lib.
1145 3526 1179 3564 χ
1235 3509 1302 3564 de
1329 3509 1481 3564 Trin.
1527 3512 1752 3582 aliisque
1788 3511 1920 3570 locis
1950 3525 2146 3583 corpus

542 3603 790 3658 Chrisria
835 3602 1036 3671 Spiritu
1075 3610 1264 3658 sancto
1304 3618 1409 3658 non
1463 3603 1625 3658 modo
1676 3603 1998 3669 formatum,
2049 3605 2145 3660 sed

545 3697 708 3750 etiam
741 3706 1076 3764 assumptum
1131 3697 1370 3767 legeret;
1428 3697 1658 3766 Spiritus
1688 3699 1859 3753 sancti
1902 3699 2143 3765 nomine,

543 3797 900 3864 ιιιυνθνιιοειιό
932 3790 1142 3844 tertiam
1173 3791 1517 3847 sanctissime
1553 3790 1832 3847 Trinitatis
1853 3803 2146 3866 personam

542 3879 832 3949 signiﬁcari
873 3881 1232 3946 existimarit,
1275 3897 1396 3938 cum
1429 3882 1747 3954 intelligeret
1799 3885 2035 3940 Hilarius
2062 3901 2149 3942 se-

540 3973 794 4028 cundam.
823 3971 982 4029 Certe
1010 3974 1096 4030 his
1144 3974 1237 4030 lib.
1298 3991 1358 4043 ιι,
1417 3989 1472 4030 ιι.
1521 3976 1614 4042 27,
1667 3977 1868 4044 verbis,
1919 3977 2149 4047 Spiritus

539 4077 745 4121 sanctus
772 4069 834 4122 de
876 4084 1032 4137 super
1070 4069 1341 4124 veniens...
1380 4077 1581 4124 natura:
1609 4086 1662 4124 se
1691 4069 1929 4124 humana!
1975 4072 2149 4124 carnis

540 4160 837 4225 immiscuit,
869 4177 973 4216 non
1001 4164 1190 4228 sentit,
1221 4171 1282 4218 ut
1318 4162 1597 4218 Johannes
1628 4165 1810 4219 animo
1838 4165 1939 4219 sibi
1970 4165 2144 4230 ﬁnxit,

545 4254 804 4323 Spiritum
836 4261 1080 4310 sanctum
1123 4259 1304 4312 carnis
1351 4273 1378 4310 a
1411 4257 1590 4313 Verbo
1639 4271 1931 4328 assumptm
1979 4258 2150 4314 fuisse

543 4361 760 4399 causun
793 4347 1149 4413 materialem,
1177 4347 1273 4403 sed
1302 4346 1537 4404 Verbum
1565 4349 1742 4418 ipsum
1767 4350 1869 4406 sibi
1899 4358 2146 4404 naturam

549 4438 834 4488 quuanam
881 4437 1066 4492 intime
1094 4439 1460 4508 coniunxisse.
1505 4440 1632 4496 Haec
1676 4440 1819 4496 enim
1865 4441 2055 4512 Angeli
2081 4442 2148 4496 ad

2248 1847 2395 1917 nefas
2447 1853 2522 1899 est
2565 1843 2712 1899 aliud
2752 1843 2971 1915 intelligi
2998 1844 3016 1915 (
3045 1844 3206 1907 Luca,
3243 1859 3280 1908 ι,
3308 1841 3419 1914 36)
3450 1843 3550 1896 nisi
3600 1841 3853 1909 Verbum,

2246 1938 2384 2008 quod
2437 1939 2590 1992 etiam
2639 1939 3001 2009 primigeuium
3044 1936 3152 1998 est.
3181 1939 3329 1992 sicuti
3369 1933 3576 2010 Moyses
3607 1939 3858 2008 propheta

2246 2045 2392 2099 quem
2423 2030 2649 2085 diximus
2671 2030 2915 2084 indicavit
2941 2048 2953 2082 :
2982 2035 3132 2101 atque
3151 2030 3232 2083 hic
3253 2045 3346 2084 suo
3369 2027 3438 2082 ad
3476 2029 3732 2102 Virginem
3760 2031 3858 2084 ad-

2247 2131 2397 2178 venta
2423 2133 2471 2179 et
2509 2121 2928 2194 adumbratio‘ne,
2952 2135 3054 2180 non
3075 2119 3367 2191 concubitu,
3396 2125 3488 2180 sed
3517 2127 3564 2179 ri
3590 2137 3700 2181 eam
3737 2135 3858 2198 gra-

2247 2217 2417 2271 vidam
2444 2215 2629 2286 etfacit.

2319 2311 2410 2367 59.
2456 2312 2592 2380 Quid
2617 2312 2684 2368 de
2733 2311 3006 2384 Cypriane
3058 2309 3401 2368 sentiemus?
3447 2307 3602 2368 Modo
3641 2307 3852 2384 quidem

2245 2404 2339 2460 lib.
2365 2405 2432 2460 de
2462 2405 2594 2460 idol.
2629 2405 2796 2460 vanit.
2833 2405 3011 2476 legere
3041 2411 3155 2470 est,
3187 2397 3290 2458 llic
3313 2405 3367 2458 in
3395 2397 3661 2476 Virginem
3684 2404 3856 2459 illabi-

2248 2507 2351 2563 tur,
2405 2511 2605 2551 rarnem
2647 2497 2847 2567 Spiritu
2882 2505 3060 2552 sancto
3111 2505 3414 2570 cooperante
3452 2497 3718 2551 induitur:
3748 2495 3844 2552 Sed

2251 2591 2444 2645 horum
2479 2590 2598 2645 loco
2627 2591 2880 2661 antiquus
2908 2592 3111 2660 Optime
3143 2600 3281 2646 noue
3312 2589 3490 2645 codex
3513 2583 3850 2646 Gerniancn-

2247 2683 2322 2738 sis
2346 2687 2458 2753 ι)τὼ
2486 2697 2544 2737 se
2575 2681 2697 2748 i'ert,
2738 2683 2834 2736 llic
2867 2684 2919 2736 in
2958 2681 3164 2753 Virgine
3185 2683 3393 2749 labitur,
3428 2699 3582 2738 carne
3616 2677 3851 2754 Spiritus

2248 2783 2453 2830 sanctus
2486 2773 2738 2842 induitur,
2762 2783 2989 2845 eamque
3016 2775 3298 2830 lectionem
3324 2776 3451 2829 sein
3480 2781 3709 2844 quatuor
3737 2786 3842 2829 ms.

2249 2877 2466 2922 nactum
2497 2875 2620 2922 esse
2653 2864 2921 2922 Paiuelius
2961 2873 3212 2920 testatur.
3239 2866 3367 2934 Quae
3388 2875 3518 2920 sane
3545 2865 3853 2935 corruptio-

2250 2961 2332 3015 nis
2359 2976 2424 3016 eo
2453 2964 2630 3016 minus
2660 2967 2908 3032 suspecta
2940 2969 3045 3029 est,
3075 2973 3183 3032 quo
3217 2961 3386 3032 magis
3407 2961 3473 3016 ab
3502 2962 3701 3016 usitato
3730 2973 3857 3017 nosé

2250 3059 2336 3106 tro
2371 3051 2623 3122 loquendi
2653 3065 2807 3109 more
2849 3054 3043 3108 aliena.
3079 3051 3332 3126 Cypriani
3366 3053 3546 3108 Verbis
3575 3051 3648 3108 ita
3672 3062 3860 3110 einen-‘-

2169 3140 2216 3205 C
2247 3143 2389 3198 datis
2409 3144 2730 3215 sntit-agatur
2759 3145 3013 3217 antiquus
3039 3150 3246 3212 auctor,
3277 3159 3436 3216 quem
3453 3145 3522 3201 ab
3552 3146 3849 3217 AuguStino

2248 3235 2409 3304 epist.
2440 3233 2563 3302 148,
2601 3247 2655 3290 ιι.
2690 3236 2780 3302 10,
2810 3237 3057 3310 Gregorii
3091 3237 3261 3294 sancti
3284 3235 3527 3306 Episcopi
3565 3235 3858 3295 Orientalis

2249 3330 2468 3384 nomine
2501 3329 2705 3384 laudari
2741 3329 2899 3386 valde
2944 3331 3223 3402 probabile
3263 3333 3366 3386 est.
3402 3329 3502 3384 Hic
3531 3339 3688 3400 porro
3717 3329 3858 3401 apud

2249 3419 2592 3475 Ambrosium
2648 3421 2700 3474 in
2745 3420 2979 3492 appeud.
3034 3428 3166 3477 tom.
3194 3435 3272 3487 ιι,
3307 3427 3460 3476 nevre
3505 3419 3634 3476 edit.
3671 3435 3721 3492 p.
3750 3422 3860 3478 354

2250 3513 2410 3567 habet
2436 3529 2448 3564 :
2479 3510 2606 3566 Cum
2631 3511 2852 3584 illupsus
2873 3523 2947 3570 est
2969 3515 3021 3568 in
3055 3514 3311 3582 Mariam,
3347 3531 3462 3568 cum
3494 3513 3724 3586 Virginis
3749 3524 3860 3570 ute-

2247 3610 2366 3657 rum
2409 3606 2630 3676 oppicvit
2651 3647 2666 3672 ,
2701 3606 2847 3660 aliud
2876 3609 3049 3678 utique
3065 3625 3126 3662 ex
3148 3609 3260 3674 illa,
3292 3623 3441 3677 quam
3467 3608 3608 3678 quod
3635 3617 3857 3679 venerat,

2251 3707 2426 3751 natum
2465 3707 2556 3754 est.
2607 3699 2826 3754 Planius
2853 3709 3032 3755 autem
3056 3744 3070 3769 ,
3115 3716 3238 3772 pag.
3285 3701 3414 3765 556,
3445 3718 3458 3754 :
3487 3701 3718 3773 Spiritus
3766 3703 3883 3756 Dei'

2250 3789 2410 3842 veniet
2440 3791 2492 3843 in
2521 3799 2586 3856 te,
2616 3800 2660 3844 et
2697 3791 2860 3845 virtus
2883 3790 3132 3846 Altissimi
3159 3789 3481 3846 obumbrabit
3510 3801 3575 3847 te.
3612 3784 3863 3864 PrOpter-

2250 3898 2311 3935 ea
2349 3883 2493 3952 quod
2539 3893 2777 3938 nascetur
2805 3900 2868 3939 ea:
2897 3893 2944 3938 te
2987 3894 3253 3951 sanctum,
3279 3885 3540 3939 vacabitnr
3563 3883 3703 3953 ﬁlius
3734 3885 3856 3940 Dei.

2259 3972 2414 4027 Vides
2439 3990 2558 4045 ergo
2581 3975 2750 4046 ipsum
2777 3975 3055 4048 Spiritum,
3097 3973 3152 4030 id
3176 3987 3250 4030 est
3276 3975 3474 4031 Filium
3509 3976 3627 4044 Dei,
3659 3979 3859 4034 venisse

2251 4065 2320 4119 ad
2347 4065 2605 4137 Virginem
2623 4110 2637 4135 ,
2671 4077 2717 4122 et
2747 4068 2865 4123 inde
2892 4067 2988 4124 Dei
3012 4079 3062 4125 et
3089 4067 3309 4125 hominis
3334 4069 3499 4139 ﬁlium
3529 4071 3850 4139 processisse.

2324 4159 2412 4214 60.
2449 4159 2505 4215 Si
2538 4159 2892 4216 Athanasium
2922 4163 2978 4217 in
3009 4161 3198 4218 eadem
3232 4163 3394 4218 verba
3421 4163 3734 4234 evangelica
3756 4179 3856 4221 eo-

2253 4251 2374 4306 dem
2399 4267 2561 4307 sensu
2576 4263 2793 4324 accepta
2821 4255 3124 4325 respexisse
3149 4253 3438 4326 intelligas,
3456 4255 3596 4312 haud
3615 4256 3854 4314 dimoui-

2254 4355 2336 4400 ter
2358 4347 2663 4416 assequeris
2687 4363 2784 4402 cur
2807 4347 2897 4402 lib.
2931 4349 2999 4404 de
3024 4350 3233 4404 incarn.
3266 4361 3314 4416 [ι.
3343 4345 3413 4404 72
3439 4349 3578 4405 dicat
3598 4369 3610 4404 :
3629 4348 3858 4422 Ideoque

2253 4450 2365 4491 cum
2390 4439 2612 4507 primum
2642 4441 2710 4492 ad
2737 4455 2829 4493 nos
2856 4441 3138 4508 accederet,
3164 4455 3232 4495 ex
3268 4439 3477 4512 Virgine
3501 4441 3599 4497 sibi
3619 4444 3721 4512 ipsi
3743 4459 3858 4498 cor-

548 4531 606 4583 Β.
647 4529 916 4600 Virginem
947 4531 1106 4585 verba
1132 4571 1146 4596 ,
1192 4532 1420 4603 Spiritus
1449 4543 1653 4588 sanctus
1676 4537 1996 4602 superveniet
2018 4536 2073 4589 in
2097 4546 2148 4590 te
2174 4531 2225 4592 D
2253 4545 2350 4602 pm
2399 4534 2634 4603 {armavit
2658 4549 2677 4587 ε
2706 4543 2765 4587 ιιι
2809 4535 2954 4590 nobis
2998 4549 3099 4589 non
3141 4545 3289 4589 tenue
3329 4544 3694 4606 argumentum
3746 4545 3857 4591 sua:

547 4621 771 4692 perinde
798 4621 846 4674 ei
877 4628 1001 4676 sunt
1041 4637 1125 4685 ac.
1158 4622 1392 4678 Verbum
1423 4635 1477 4678 et
1500 4625 1775 4696 Sapientia
1807 4626 1984 4683 Patris
2024 4626 2149 4682 des-

549 4713 744 4770 cendet
772 4715 821 4768 in
852 4724 925 4780 te,
956 4721 1010 4770 et
1033 4731 1096 4770 ex
1127 4723 1182 4772 te
1210 4730 1408 4784 corpus
1435 4717 1536 4771 sibi
1565 4717 1861 4787 coaptabit.

743 4809 925 4879 Neque
971 4809 1206 4867 inaudita
1250 4818 1345 4865 aut
1382 4812 1431 4866 ei
1456 4811 1748 4883 singularis
1788 4812 1960 4868 videri
1986 4812 2152 4868 debet

556 4903 673 4958 lucc
711 4906 1098 4973 interpretatio.
1146 4905 1346 4960 Eadem
1383 4904 1579 4976 quippe
1607 4906 1798 4977 Λημιὶ
1832 4906 1999 4962 Verba
2043 4915 2150 4962 non

553 4996 659 5049 alio
690 4995 851 5050 modo
878 4998 1265 5066 interpretatur
1290 4996 1650 5052 Tertullianus
1671 5001 1859 5054 contra
1885 4999 2149 5054 Praxeam

557 5107 611 5143 n.
644 5088 735 5144 26.
767 5089 880 5146 Nec
927 5092 1033 5145 alio
1079 5097 1290 5160 spectat
1322 5090 1448 5146 illud
1487 5090 1728 5161 eiusdem
1762 5092 1859 5146 lib.
1891 5091 1958 5147 de
1977 5090 2153 5147 Carne

555 5181 778 5246 Christi,
813 5201 866 5237 ιι.
895 5184 960 5240 18
988 5200 1000 5238 τ
1030 5184 1119 5239 Sic
1145 5185 1364 5250 denique
1397 5183 1549 5237 homo
1573 5199 1692 5238 cum
1721 5182 1848 5249 Deo,
1881 5183 2004 5238 dum
2033 5197 2152 5239 caro

556 5278 775 5332 hominis
823 5295 937 5332 cum
983 5279 1188 5348 Spiritu
1220 5277 1334 5332 Dei.
1386 5277 1464 5332 Ea
1489 5279 1602 5347 ipsa
1651 5275 1903 5349 loquendi
1941 5277 2153 5334 ratione

555 5368 888 5436 Lactantius,
928 5370 1020 5426 lib.
1048 5387 1120 5435 IV,
1155 5385 1204 5426 c.
1240 5370 1332 5434 12,
1360 5369 1521 5425 Verbi
1551 5371 1604 5425 in
1658 5380 1870 5426 uterum
1921 5369 2155 5442 Virginis

555 5461 878 5518 descensum
921 5464 1168 5518 enuntiat
1187 5503 1202 5527 ,
1231 5478 1352 5518 cum
1380 5463 1457 5518 ait
1485 5481 1500 5517 ι
1531 5463 1858 5519 Descendens
1880 5465 2052 5536 itaque
2092 5464 2156 5519 de

555 5555 682 5606 cmlo
727 5565 933 5609 sanctus
980 5557 1068 5610 ille
1099 5557 1369 5627 Spiritus,
1417 5567 1649 5612 omnium
1689 5556 1981 5627 Virgineus,
2006 5561 2156 5629 cujus

558 5652 702 5710 utero
731 5662 783 5700 se
809 5647 1092 5700 insinuaret
1111 5687 1124 5707 .
1157 5649 1326 5717 elegit.
1355 5647 1450 5703 liis
1477 5648 1778 5719 adiunge":
1812 5649 1942 5704 licet
1969 5649 2155 5706 Pasto-

557 5749 671 5787 rcut
694 5736 790 5792 lib.
809 5753 863 5792 ιιι
892 5737 1112 5794 Similit.
1141 5737 1197 5803 5,
1227 5738 1316 5794 ubi
1337 5739 1454 5795 hinc
1482 5741 1554 5797 de
1577 5741 2021 5808 dorpmeﬁbrtsti
2051 5739 2150 5798 ba-

2257 4623 2533 4679 divinitatis
2557 4627 2830 4692 exhiberet,
2855 4643 2971 4682 eum
2999 4670 3012 4690 ,
3038 4630 3124 4698 qui
3154 4627 3248 4683 hoc
3277 4627 3372 4683 sibi
3396 4637 3583 4699 corpus
3605 4633 3858 4700 formave-

2256 4728 2357 4778 rat.
2406 4720 2624 4773 aliorum
2673 4727 2870 4791 quoque
2911 4721 3223 4775 canditorem
3266 4731 3313 4774 et
3341 4725 3675 4791 formatorem
3717 4737 3846 4778 esse.

2257 4808 2388 4863 Nam
2411 4823 2533 4864 cum
2578 4803 2762 4866 Patres
2791 4816 2820 4865 Ea
2849 4813 3007 4867 nobis
3031 4813 3407 4884 prmuominati
3446 4812 3624 4868 verbis
3655 4814 3852 4884 Angeli

2257 4901 2323 4956 ad
2354 4899 2626 4972 Virginem
2649 4904 2910 4959 declarari
2936 4905 3248 4961 existiment
3275 4907 3506 4976 primum
3533 4900 3626 4961 lilii
3659 4899 3752 4960 Dei
3783 4907 3855 4963 ad

2257 5011 2356 5052 nos
2377 4997 2688 5066 adventura,
2707 5009 2760 5054 ut
2793 5000 2845 5053 in
2871 4999 3087 5070 Virgine
3114 5008 3168 5055 et
3190 5015 3255 5055 ex
3282 4999 3500 5072 Virgine
3523 5005 3721 5070 corpus
3744 5000 3855 5056 Sibi

2256 5087 2538 5155 formaret;
2570 5090 2698 5145 hinc
2742 5101 2891 5146 recte
2913 5091 3211 5162 colligitur,
3235 5101 3362 5148 eum
3407 5099 3697 5161 corporum
3721 5103 3852 5146 nos-

2259 5192 2461 5238 trorum
2493 5183 2824 5242 conditorem
2881 5195 2944 5239 ac
2989 5185 3216 5255 proinde
3261 5187 3430 5242 Deum
3485 5201 3642 5252 esse,
3694 5197 3854 5256 queat

2257 5275 2551 5347 Evangelia
2584 5277 2740 5334 nobis
2785 5278 3087 5349 signiﬁcant
3115 5280 3317 5348 proprii
3349 5281 3596 5350 corporis
3631 5279 3715 5333 sui
3746 5279 3858 5334 l'or-

2259 5380 2541 5425 matorem.
2570 5369 2662 5426 Sin
2692 5371 2797 5425 alio
2841 5371 3113 5440 respexit;
3141 5371 3281 5426 unde
3303 5385 3486 5441 quaeso
3512 5372 3561 5428 ei
3585 5371 3852 5435 Constitit,

2260 5462 2426 5519 lilium
2469 5465 2586 5530 Dei,
2619 5479 2741 5519 cum
2771 5465 2838 5520 ad
2861 5477 2961 5519 nos
2991 5467 3222 5536 primum
3245 5465 3496 5532 accessit,
3525 5471 3722 5536 corpus
3746 5464 3856 5521 Sibi

2257 5558 2554 5625 formasse;
2593 5565 2655 5614 ut
2707 5559 2904 5616 exinde
2947 5573 3072 5617 eum
3123 5559 3322 5616 caetera
3367 5565 3592 5630 corpora
3650 5557 3858 5629 pariter

2257 5649 2564 5706 condidisse
2603 5657 2670 5706 ac
2709 5653 2875 5708 Deum
2903 5659 3028 5708 esse
3055 5653 3398 5709 Mﬁcereti
3425 5649 3587 5708 Certe
3617 5651 3858 5707 Athana-

2261 5743 2370 5798 sius
2393 5743 2628 5799 Verbum
2649 5741 2948 5815 aliquando
2975 5745 3030 5800 tn
3073 5745 3372 5817 Scriptor-is
3396 5742 3637 5816 Spiritus
3677 5743 3855 5800 Sancti
