4232 6256
543 230 616 290 59

1755 225 2130 286 ΡΒᾹΞῈᾹΤΙΟ
2159 225 2572 288 GENERALIS.

3775 227 3848 283 40

544 348 700 419 Quod
746 347 794 405 si
822 347 942 420 quis
971 362 1068 419 per
1092 360 1151 404 se
1182 345 1417 418 experiri
1449 346 1632 412 volet,
1665 344 1908 400 conferat
1932 345 2142 400 vicinos
2168 344 2219 405 Α
2247 342 2340 398 riis
2362 343 2466 400 illis
2489 343 2897 416 cognominibus
2919 343 3136 401 unicum
3157 343 3252 400 Dei
3276 341 3471 400 Filium
3494 342 3846 400 intellexerit.

545 443 706 498 unius
735 441 1084 511 ejusdemque
1133 440 1252 494 libri
1303 455 1336 494 χ
1370 439 1518 494 locos
1546 457 1558 492 :
1591 447 1646 494 et
1674 438 1764 494 ubi
1798 454 1943 493 num.
1979 438 2047 493 15
2077 439 2147 493 Ie-

546 535 705 605 gerit,
738 534 952 589 Christo
981 532 1146 586 omnis
1175 549 1330 586 causa
1374 531 1614 586 nascendi
1640 533 1835 585 invecta
1864 547 1955 603 per
1975 528 2148 599 Spiri—

552 636 659 681 tum
681 643 702 690 ;
726 625 854 696 quid
898 623 1001 680 hoc
1052 625 1154 680 sibi
1209 624 1340 680 velit
1366 624 1664 680 declarabit
1693 621 1821 678 illud
1850 638 1998 676 num.
2031 620 2098 676 16
2133 638 2145 674 :

551 717 684 773 Caro
714 734 816 772 non
831 717 1048 772 “aliunde
1087 719 1340 789 originem
1367 725 1658 787 sumpserat
1682 732 1835 786 quam
1862 731 1928 770 ea:
1977 713 2146 768 verba.

551 810 783 866 Rursum
833 810 877 864 si
932 819 1213 865 moveatur
1240 809 1384 879 quod
1417 809 1550 864 ibid.
1583 808 1745 865 habet
1779 826 1790 860 :
1827 806 1986 878 Virgo
2015 806 2151 862 enim

552 920 654 958 non
693 904 795 957 nisi
823 919 885 959 ea:
917 919 1010 958 suo
1041 902 1232 959 Sancto
1265 902 1473 975 Spiritu
1516 902 1688 974 genuit
1714 900 1851 972 quod
1873 901 2065 972 genuit,
2099 907 2154 954 et

553 996 696 1068 quod
737 1013 884 1051 num.
921 999 1009 1063 17,
1038 1005 1247 1054 asserat
1292 997 1385 1052 filii
1428 995 1661 1051 hominis
1689 995 1939 1066 originem
1981 1010 2044 1049 ea:
2068 1011 2156 1049 su-

557 1095 894 1166 peruenientis
934 1094 988 1146 in
1039 1093 1303 1163 Virginem
1337 1092 1518 1147 Sancti
1549 1091 1778 1164 Spiritus
1805 1091 1982 1156 aditu;
2005 1105 2156 1146 scru-

557 1186 740 1256 pulum
772 1186 969 1240 levabit
999 1202 1147 1240 num.
1183 1186 1270 1250 18,
1291 1186 1380 1240 ubi
1409 1185 1476 1240 de
1506 1183 1724 1239 Christo
1753 1183 2007 1246 aflirmat,
2039 1181 2160 1254 Ipse

558 1278 690 1331 enim
713 1279 945 1346 corporis
975 1278 1055 1331 sui
1079 1278 1225 1346 origo
1252 1286 1345 1340 est,
1381 1284 1588 1346 utpote,
1620 1276 1828 1347 inquit,
1855 1277 1909 1329 in
1936 1276 2158 1346 formam

561 1373 788 1445 corporis
810 1372 973 1426 nostri
1027 1371 1232 1424 virtutis
1274 1386 1384 1424 sua:
1436 1378 1688 1441 potestate
1732 1367 2047 1434 subsistens;
2076 1368 2161 1423 vel

559 1479 682 1519 cum
713 1472 832 1534 post
866 1477 1032 1532 pauca
1057 1461 1345 1533 praedicat,
1377 1462 1577 1515 nostris
1609 1475 1733 1515 eum
1765 1475 1954 1515 carere
1981 1461 2124 1515 vitiis
2145 1501 2160 1526 ,

561 1574 652 1630 per
672 1556 910 1610 virtutem
946 1556 1189 1626 profecta:
1218 1570 1280 1607 ea:
1304 1569 1358 1606 se
1386 1552 1620 1624 originis.

633 1649 724 1704 67.
757 1648 942 1716 Neque
985 1646 1069 1701 hic
1106 1645 1370 1702 silendum
1403 1654 1486 1700 est
1505 1644 1734 1715 Philippi
1773 1645 1838 1700 ad
1865 1645 2162 1702 Iohannem

2256 438 2512 494 Submoto
2553 439 2712 510 igitur
2739 437 2841 495 hoc
2888 441 3160 510 scrupulo,
3186 439 3276 510 qui
3314 437 3550 494 Johanni
3584 438 3841 494 seandalo

2254 531 2489 587 maximo
2515 531 2710 599 fuerat,
2734 532 2862 603 quid
2885 534 3020 588 alios
3041 533 3204 589 etiam
3224 533 3478 598 moverit,
3506 541 3567 589 ut
3590 531 3850 587 Hilarium

2254 626 2492 681 sensisse
2515 625 2776 691 dicerent,
2798 625 3074 682 Christum
3097 641 3165 684 ex
3187 625 3352 683 Maria
3381 625 3516 682 nihil
3545 625 3845 697 accepisse,

2256 717 2441 788 paucis
2462 718 2834 790 expediamus.

2292 856 2380 913 ΙΙΙ.
2410 857 2619 928 Aliquot
2652 859 2752 913 loci
2776 901 2790 924 ,
2817 859 2870 913 in
2900 860 3080 929 quibus
3109 858 3346 915 Hilarius
3388 860 3580 916 Christi
3618 873 3823 915 carnem

2351 968 2415 1007 ea:
2442 960 2606 1007 matre
2634 960 2894 1019 sumptam
2920 970 3106 1025 negare
3130 955 3269 1008 visus
3294 963 3390 1021 est,
3416 953 3784 1026 explanantur.

2334 1087 2423 1144 69.
2447 1086 2580 1143 Cum
2628 1089 2771 1144 nulla
2802 1096 2949 1144 esset
2987 1089 3054 1145 de
3079 1089 3282 1146 Christi
3307 1106 3372 1146 ex
3415 1106 3580 1146 carne
3624 1090 3860 1162 Virginis

2262 1182 2611 1252 generatione
2637 1186 3004 1238 controversia
3031 1224 3047 1249 ,
3073 1198 3178 1238 non
3220 1187 3446 1239 multum
3475 1185 3736 1241 laboravit
3767 1183 3863 1238 lli-

2265 1274 2430 1329 larius
2454 1315 2468 1339 ,
2511 1282 2571 1328 ut
2611 1290 2727 1330 eam
2775 1276 3172 1346 comprobaret.
3206 1277 3376 1331 Immo
3401 1292 3521 1332 cum
3550 1278 3687 1331 hanc
3714 1277 3862 1331 ultro

2265 1367 2623 1423 concederent
2679 1367 3011 1434 adversarii,
3071 1378 3232 1438 atque
3276 1385 3345 1425 ex
3385 1371 3505 1440 ejus
3559 1370 3865 1426 humilitate

2266 1461 2464 1517 Christi
2495 1461 2829 1516 divinitatem
2860 1472 3156 1519 extenuare
3183 1471 3238 1519 et
3265 1463 3539 1519 infirmare
3567 1463 3870 1519 contende-

2267 1566 2422 1621 rent;
2453 1555 2558 1612 hoc
2585 1557 2638 1612 ei
2678 1558 2910 1612 maxime
2935 1557 3246 1612 enitendum
3269 1566 3407 1625 erat,
3442 1568 3498 1612 ut
3524 1559 3576 1613 in
3607 1557 3824 1616 Christo
3849 1597 3868 1627 ,

2269 1658 2467 1720 praeter
2495 1650 2783 1704 humanam
2829 1659 3074 1705 naturam
3106 1693 3120 1716 ,
3152 1652 3316 1706 etiam
3364 1651 3601 1706 divinam
3633 1667 3753 1707 esse
3777 1652 3871 1707 de-

567 1757 912 1815 responsum.
943 1739 1078 1796 Cum
1101 1740 1245 1796 enim
1278 1740 1330 1809 in
1362 1739 1464 1793 illis
1491 1738 1678 1793 Hilarii
1702 1738 1794 1794 lib.
1825 1738 1948 1794 nde
1975 1737 2160 1805 Triu.,
2195 1746 2244 1806 Β
2271 1751 2632 1809 monstraret;
2681 1753 3164 1815 argumentumque
3202 1743 3469 1810 dilueret,
3499 1745 3640 1815 quod
3667 1761 3735 1799 ex
3769 1746 3871 1800 bu-

567 1837 798 1910 Spiritus
830 1835 1174 1891 Sanctus.....
1202 1843 1411 1888 natura:
1440 1849 1494 1887 se
1522 1837 1760 1887 humana:
1783 1833 1953 1886 carnis
1970 1833 2170 1886 immis-

569 1931 693 1994 cuit,
729 1929 815 1984 hic
843 1927 1232 1998 blasphemiam
1290 1929 1584 1997 cogitaret;
1620 1923 1916 1995 prudenter
1940 1926 2102 1992 epist.
2135 1923 2170 1978 5

569 2022 851 2096 respondit
897 2023 1077 2077 Abbas
1106 2022 1266 2093 longe
1298 2022 1591 2091 sapientior
1620 2037 1632 2072 :
1669 2016 1799 2074 Cum
1825 2034 1944 2090 ergo
1981 2018 2169 2072 dicitur

569 2119 648 2174 vel
701 2118 863 2190 Virgo
907 2117 969 2172 de
996 2117 1198 2188 Spiritu
1239 2116 1570 2188 concepisse,
1602 2114 1680 2168 vel
1726 2110 1962 2167 Christus
2003 2111 2171 2166 carnis

573 2211 824 2282 originem
850 2211 1120 2282 accepisse,
1156 2226 1259 2263 non
1302 2207 1610 2278 intelligitur
1649 2206 1786 2272 quod
1823 2206 1998 2259 divina
2036 2203 2170 2257 sub-

570 2304 761 2358 stantia
784 2304 840 2358 in
860 2318 1062 2356 carnem
1078 2302 1361 2366 transierit,
1380 2300 1456 2354 vel
1469 2299 1818 2367 conceptionis
1839 2299 1995 2370 hujus
2020 2314 2176 2351 causa

570 2395 854 2450 materialis
883 2394 1172 2459 exstiterit;
1199 2393 1288 2448 sed
1315 2393 1562 2446 adventus
1595 2393 1708 2462 ejus
1737 2392 1792 2445 in
1827 2390 2099 2462 Virginem
2125 2398 2175 2446 et

573 2490 708 2544 mira
723 2489 953 2562 Operatio
993 2487 1324 2560 designatur,
1356 2503 1448 2559 per
1475 2503 1627 2556 quam
1661 2485 1818 2555 Virgo
1839 2492 2045 2555 generat
2072 2525 2086 2550 ,
2129 2493 2177 2537 et

575 2580 810 2637 Christus
831 2590 1124 2655 generatur.
1149 2581 1316 2637 Recte
1338 2581 1555 2652 quidem
1583 2581 1696 2647 ille,
1725 2581 1772 2636 si
1794 2588 1972 2635 tamen
1995 2579 2046 2634 in
2070 2577 2174 2640 his,

574 2677 820 2733 aduentus
849 2677 962 2749 ejus
1002 2678 1059 2731 in
1102 2676 1391 2748 Virginem,
1451 2675 1631 2742 Verbi,
1682 2683 1738 2730 et
1792 2690 1899 2730 non
1948 2672 2180 2744 Spiritus

497 2817 503 2823 .
575 2765 759 2825 Sancti
791 2767 1082 2825 adventum
1107 2768 1391 2823 intellexit.

646 2861 736 2917 68.
763 2859 820 2915 In
873 2859 1205 2916 enucleanda
1247 2860 1478 2932 Spiritus
1504 2860 1671 2915 sancti
1715 2873 1848 2915 voce
1901 2858 2045 2914 forte
2068 2857 2180 2927 jam

575 2952 790 3025 longius
815 2954 988 3007 oratio
1011 2953 1300 3024 processit.
1331 2951 1436 3007 Sed
1449 2967 1572 3007 cum
1595 2949 1964 3008 heterodoxus
1993 2957 2182 3005 nostra

577 3053 737 3104 aetate
775 3045 1271 3111 celebratissimus,
1323 3046 1528 3116 primos
1573 3043 1831 3099 Ecclesia:
1883 3043 2071 3096 Patres
2124 3041 2177 3094 in

2271 1837 2383 1892 mili
2413 1838 2556 1892 illius
2590 1837 2657 1892 de
2701 1838 2860 1891 Maria
2885 1839 3236 1908 generatione
3275 1838 3684 1894 conficiebatur.
3717 1838 3872 1906 Quod

2273 1936 2330 1984 ut
2375 1937 2628 1998 praestet,
2673 1929 2909 1984 ostendit
2957 1929 3180 1985 Mariam
3222 1929 3486 2000 virginem
3535 1944 3872 2001 nequaquam

2271 2022 2472 2077 virtute
2523 2021 2795 2088 naturali,
2854 2021 2949 2077 sed
3007 2030 3202 2091 prmter
3264 2021 3437 2092 legem
3508 2036 3873 2086 communem,

2271 2114 2541 2170 Christum
2586 2114 2900 2186 peperisse;
2952 2121 3198 2170 sanctum
3245 2130 3381 2170 vero
3441 2113 3696 2183 Spiritum
3728 2158 3742 2178 ,
3774 2113 3877 2169 hoc

2275 2214 2360 2263 est
2395 2208 2686 2276 ipsummet
2730 2206 2821 2261 Dei
2853 2205 3078 2273 Filium,
3116 2207 3168 2260 in
3205 2222 3323 2262 eam
3369 2207 3872 2276 supervenientem,

2275 2301 2454 2356 divina
2479 2300 2674 2355 virtute
2699 2315 2791 2352 sua
2814 2315 3012 2370 corpus
3033 2316 3190 2357 suum
3210 2317 3276 2356 ex
3299 2301 3523 2373 virginis
3543 2317 3704 2356 carne
3721 2301 3881 2356 clior-

2277 2408 2455 2449 masse
2479 2401 2639 2463 atque
2661 2393 3003 2449 assumsisse.

2352 2486 2440 2543 70.
2469 2487 2568 2553 Qui
2593 2486 2709 2540 haec
2729 2485 3121 2550 observaverit,
3147 2486 3276 2541 illud
3307 2485 3426 2541 libri
3455 2503 3512 2552 x,
3545 2504 3600 2542 n.
3627 2487 3716 2554 16,
3740 2486 3884 2558 quod

2280 2579 2581 2634 Iohannem
2613 2585 2894 2648 tantopere
2923 2579 3219 2634 commovit
3247 2597 3259 2631 :
3288 2578 3411 2634 Non
3439 2581 3572 2635 enim
3604 2580 3885 2652 (Erasmus

2280 2671 2648 2726 obnitentibus
2675 2684 2805 2724 mss.
2838 2668 3118 2726 addiditex
3142 2672 3220 2740 se)
3246 2673 3451 2743 corpori
3497 2671 3674 2726 Maria
3729 2672 3889 2743 origi-

2283 2781 2398 2819 nem
2429 2764 2570 2818 dedit
2596 2806 2610 2830 ,
2643 2764 2789 2817 nullo
2820 2765 3037 2832 negotio
3060 2764 3322 2833 percipiet
3359 2764 3431 2819 ita
3459 2763 3661 2818 dictum
3688 2804 3704 2830 ,
3737 2763 3888 2834 quod

2290 2853 2545 2912 videli’cet
2583 2855 2746 2910 Maria
2778 2855 2996 2926 corpori
3027 2854 3228 2911 Christi
3255 2855 3516 2926 originem
3542 2868 3705 2926 atque
3738 2855 3887 2924 prin-

2284 2953 2483 3022 cipium
2517 2950 2747 3005 naturali
2775 2966 2868 3006 sua
2907 2951 3106 3005 virtute
3133 2966 3236 3004 non
3281 2949 3496 3006 dederit
3523 2968 3536 3003 :
3563 2961 3621 3004 ut
3645 2953 3782 3020 quia,
3809 2950 3890 3004 in-

2285 3044 2401 3114 quit
2427 3043 2538 3097 Leo
2561 3042 2774 3097 laudata
2801 3042 2866 3096 ad
2891 3041 3202 3097 Flavianum
3218 3043 3444 3113 epistola
3465 3057 3515 3098 c.
3536 3043 3594 3109 2,
3622 3051 3893 3112 conceptus

577 3142 761 3198 multis
785 3156 1020 3207 errasse,
1036 3155 1099 3195 ac
1113 3138 1427 3195 nominatim
1451 3137 1646 3193 Filium
1664 3145 1719 3193 et
1738 3136 1998 3207 Spiritum
2021 3135 2187 3192 Sanc-
2213 3139 2260 3202 C
2299 3143 2525 3215 Virginis
2547 3142 2706 3196 divini
2739 3142 2894 3213 fuerit
2920 3142 3112 3213 aperis,
3135 3158 3235 3195 non
3257 3141 3322 3195 de
3341 3150 3528 3195 natura
3563 3140 3893 3209 concipientis

580 3243 697 3292 tum
718 3235 896 3290 solere
922 3233 1253 3290 confundere
1279 3233 1603 3298 asseruerit;
1629 3232 1828 3287 nostris
1849 3231 2184 3286 observzitio-

586 3329 746 3385 nibus
775 3327 1020 3383 nonnihil
1065 3328 1372 3384 necessario
1425 3325 1787 3396 adjiciendum
1817 3334 1899 3381 est
1925 3367 1939 3392 ,
1967 3341 2034 3380 ne
2062 3325 2184 3390 quis

582 3421 652 3477 iis
677 3421 988 3477 conlirmari
1013 3429 1163 3490 putet
1189 3431 1296 3476 tam
1331 3419 1729 3491 imprudentem
1758 3419 1902 3474 illius
1930 3419 2182 3474 assertio-

586 3529 734 3570 nem.
766 3513 922 3568 Aliud
950 3523 1098 3570 certe
1129 3522 1213 3569 est
1239 3513 1442 3584 primos
1474 3513 1660 3568 Patres
1688 3513 1753 3566 ad
1799 3513 2182 3569 enuntiandam

584 3603 877 3660 secundam
900 3619 963 3659 ac
985 3607 1202 3660 tertiam
1225 3604 1504 3659 Trinitatis
1528 3618 1810 3672 personam
1835 3619 1901 3659 eo
1928 3603 2192 3659 vocabulo

585 3689 968 3753 indiderenter
996 3698 1098 3763 uti,
1129 3696 1271 3768 quod
1305 3695 1564 3764 temporis
1592 3709 1846 3763 processu
1875 3697 2049 3749 tertia:
2074 3709 2197 3764 pro-

584 3791 757 3860 prium
774 3789 972 3846 factum
986 3799 1070 3846 est
1092 3807 1105 3843 :
1126 3789 1292 3854 aliud,
1321 3805 1415 3846 eos
1439 3789 1748 3860 personales
1770 3788 2048 3858 utriusque
2074 3802 2199 3859 pro-

585 3881 843 3953 prietates
867 3881 1214 3939 confundere.
1243 3881 1492 3938 Decursis
1508 3880 1726 3952 quidem
1759 3880 1964 3951 aliquot
1989 3880 2202 3936 Str-culis

587 3976 760 4031 tertiae
777 3991 1022 4047 personae
1039 3977 1311 4048 proprium
1330 3975 1571 4030 habitum
1586 3983 1669 4029 est
1686 3974 1912 4046 Spiritus
1936 3975 2099 4028 sancti
2113 3987 2205 4030 vo-

585 4069 854 4136 cabulum,
902 4069 1043 4142 quod
1077 4071 1263 4140 primis
1288 4069 1532 4124 audierat
1559 4071 1655 4124 toti
1686 4067 1932 4123 Trinitati
1963 4083 2204 4122 commu-

587 4179 656 4219 ne
686 4181 698 4216 :
728 4171 1065 4230 atnusquam
1105 4163 1246 4234 apud
1273 4162 1464 4218 Patres
1495 4163 1735 4233 reperire
1764 4169 1848 4218 est
1872 4161 2126 4218 confusas
2151 4158 2208 4217 et

600 4271 708 4313 non
740 4255 1024 4311 distinctas
1050 4255 1171 4310 Filii
1211 4263 1268 4312 et
1293 4255 1524 4325 Spiritus
1564 4255 1747 4311 Sancti
1781 4269 2076 4324 personas;
2107 4267 2167 4311 ut
2189 4297 2204 4322 ,

603 4349 756 4404 verbi
778 4355 971 4418 gratia,
999 4349 1128 4403 illud
1158 4349 1456 4421 Evangelii,
1485 4351 1539 4404 iu
1567 4349 1768 4403 nomine
1814 4347 1993 4402 Patris
2013 4356 2060 4401 et
2083 4347 2209 4401 Filii

603 4448 652 4494 et
677 4440 909 4511 Spiritus
939 4440 1121 4494 Sancti
1152 4441 1568 4511 interpretantes
1589 4483 1603 4507 ,
1634 4441 1825 4496 Filium
1865 4449 1921 4497 et
1949 4440 2207 4511 Spiritum

2288 3236 2443 3307 fuerit
2461 3252 2582 3289 caro
2603 3236 2856 3305 goncepti.
2879 3233 2988 3289 Nec
3009 3249 3128 3288 cum
3155 3233 3402 3289 Johanne
3426 3233 3680 3288 Hilarium
3708 3247 3890 3289 secum

2287 3337 2615 3399 pugnantem
2641 3328 2909 3392 censebit,
2938 3326 3036 3382 sed
3065 3327 3116 3380 in
3157 3326 3512 3396 conceptione
3539 3323 3742 3381 ChriSIi
3764 3324 3894 3395 quid

2293 3422 2407 3487 Dei,
2438 3420 2564 3492 qmd
2590 3421 2779 3474 matris
2807 3421 2876 3474 sit
2896 3427 3147 3474 accurate
3169 3418 3590 3487 distinguentem
3613 3415 3893 3486 suspiciet,

2291 3532 2413 3572 cum
2439 3524 2559 3586 post
2581 3517 2739 3571 allata
2769 3516 2929 3572 verba
2959 3532 2971 3568 :
3008 3515 3128 3569 Non
3151 3516 3284 3571 enim
3313 3514 3482 3569 Maria
3504 3516 3709 3586 corpori
3733 3515 3897 3585 origi-

2292 3628 2405 3666 nent
2429 3611 2591 3676 dedit,
2617 3613 2876 3666 continuo
2898 3609 3107 3680 legerit,
3132 3609 3247 3663 licet
3263 3609 3330 3663 ad
3345 3610 3652 3663 incrementa
3673 3615 3900 3677 partum-

2295 3721 2392 3776 que
2415 3705 2646 3771 rorporis
2671 3719 2819 3757 autne
2843 3704 2980 3773 quod
3015 3719 3166 3757 sexus
3191 3703 3273 3756 sui
3296 3712 3368 3755 est
3392 3743 3406 3767 ,
3451 3701 3762 3773 prrcstiterit.
3792 3700 3901 3756 Aut

2299 3799 2343 3854 si
2379 3800 2492 3853 haec
2519 3804 2755 3868 pugnant
2782 3839 2794 3862 ,
2823 3803 3020 3866 pugnet
3049 3805 3102 3850 ct
3132 3795 3266 3849 illud
3298 3793 3494 3850 Leonis
3526 3809 3649 3849 mox
3680 3808 3890 3848 memo-

2301 3899 2419 3945 rato
2449 3890 2587 3956 loco,
2615 3888 2702 3943 ubi
2731 3888 2900 3958 ipsam
2926 3887 3452 3942 Hilariisententiam
3474 3885 3594 3940 aliis
3610 3885 3894 3941 dumtaxat

2305 3982 2484 4037 verbis
2510 3981 2725 4037 videtur
2749 3979 3056 4050 exprimere
3082 3997 3094 4032 :
3119 3977 3503 4032 Fecunditatem
3530 3980 3663 4032 enim
3698 3976 3901 4049 Virgini

2307 4075 2538 4145 Spiritus
2561 4085 2765 4129 sanctus
2790 4074 2949 4137 dedit,
2964 4074 3148 4128 ueritas
3165 4083 3333 4128 autent
3359 4074 3590 4138 corporis
3608 4086 3813 4141 sumpta
3837 4072 3904 4128 de

2307 4185 2522 4240 corpore
2556 4180 2664 4234 est;
2706 4178 2904 4240 pugnet
2953 4177 3007 4223 et
3045 4168 3186 4239 quod
3211 4168 3502 4237 Gregorius
3531 4166 3660 4222 Naz.
3685 4166 3777 4222 Or.
3807 4167 3898 4235 36,

2309 4279 2364 4316 n.
2397 4262 2488 4326 93,
2521 4262 2732 4328 scribit,
2757 4260 2973 4316 Mariam
3005 4276 3125 4316 esse
3169 4261 3370 4316 Christi
3401 4269 3624 4315 matrem
3649 4261 3796 4326 iuxta
3825 4259 3903 4314 le-

2310 4371 2420 4426 gem
2449 4362 2496 4406 et
2522 4371 2622 4408 non
2638 4357 2792 4426 juxta
2822 4354 2981 4424 legem
3007 4355 3380 4426 generationis,
3407 4356 3543 4427 νόμῳ
3575 4357 3658 4410 καὶ
3687 4356 3745 4409 οὐ
3767 4353 3905 4426 νόμῳ

2309 4451 2621 4523 γεννήσεως
2650 4446 2732 4502 vel
2757 4445 2900 4517 quod
2926 4447 3088 4516 epist.
3122 4447 3174 4513 1,
3196 4446 3261 4501 ad
3282 4445 3622 4512 Cledonium,
3641 4445 3904 4514 defendit,

597 4532 851 4590 Sanctum
868 4532 1346 4600 confuderint,nec
1366 4533 1693 4590 subsistendi
1713 4535 1919 4590 ratione
1940 4533 2196 4589 distinxe-
2228 4519 2282 4578 Ῑ)
2310 4519 2582 4594 Christum
2626 4539 2830 4594 scilicet
2871 4539 2924 4593 in
2973 4538 3136 4594 Maria
3165 4540 3336 4593 diuino
3365 4540 3515 4593 modo
3537 4581 3550 4605 ,
3576 4539 3699 4607 quia
3723 4538 3912 4608 absque

598 4625 730 4683 rint.
759 4625 912 4694 Quod
935 4637 1114 4681 autem
1137 4627 1256 4684 haec
1285 4626 1516 4700 Spiritus
1538 4627 1762 4684 Sanctus
1800 4630 2114 4702 superveniet
2154 4629 2208 4683 in

598 4729 664 4790 te,
694 4728 751 4776 et
778 4720 880 4776 alia
913 4720 1244 4793 hujusmodi,
1269 4738 1389 4793 qua:
1420 4737 1562 4778 nunc
1590 4722 1657 4778 ad
1681 4722 1935 4792 Spiritum
1955 4725 2208 4779 Sanctum

2308 4634 2406 4687 viri
2433 4649 2607 4706 opera,
2632 4642 2678 4687 et
2706 4633 2958 4698 humano,
2986 4633 3104 4701 quia
3134 4633 3501 4702 procreationis
3551 4632 3676 4702 lege,
3716 4631 3913 4701 forma-

2313 4737 2421 4781 tum
2447 4742 2598 4792 esse;
2645 4739 2834 4780 secum
2892 4723 3124 4795 denique
3170 4732 3369 4794 pugnet
3405 4724 3522 4779 haec
3565 4723 3632 4778 de
3678 4721 3913 4777 mirabill

597 4813 927 4882 referuntur,
973 4815 1255 4872 retulerint
1296 4814 1362 4870 ad
1417 4815 1611 4870 Filium
1637 4832 1652 4881 ;
1683 4816 1817 4870 citra
1872 4831 2108 4872 errorem
2157 4829 2215 4881 er,
2314 4818 2555 4890 ejusdem
2586 4817 2816 4889 Virginis
2843 4817 3199 4886 conceptione
3238 4816 3556 4871 Tertulliani
3601 4815 3868 4870 sententia
3895 4858 3909 4881 ,

599 4910 804 4981 absque
881 4908 991 4964 ullo
1052 4908 1174 4964 fidei
1233 4907 1470 4978 periculo
1537 4906 1736 4963 factum
1802 4915 1904 4962 est.
1955 4907 2023 4962 lis
2069 4908 2212 4962 enim

598 5003 778 5060 verbis
803 5015 893 5058 aut
926 5016 1157 5073 persona
1189 5016 1311 5072 qua:
1368 5015 1565 5068 corpus
1612 5014 1642 5054 a
1702 4998 1879 5055 Verbo
1913 5009 2209 5054 assumtum

599 5097 874 5164 condidit,
907 5107 994 5150 aut
1022 5111 1142 5166 quae
1184 5092 1310 5148 illud
1349 5093 1604 5149 assumsit
1625 5092 1993 5163 significatur:
2025 5091 2070 5144 si
2093 5105 2210 5162 qua:

601 5190 859 5258 condidit,
875 5189 1078 5258 integra
1105 5187 1208 5242 erit
1224 5186 1357 5243 fides
1379 5187 1444 5242 ad
1470 5185 2102 5258 quamlibetreferantur;
2126 5188 2206 5240 sin

602 5292 781 5337 autem
807 5294 929 5352 quae
957 5279 1270 5350 assumpsit,
1300 5278 1368 5334 ad
1397 5278 1588 5334 Hilarii
1611 5277 1948 5350 aliorumque
1989 5277 2208 5348 Patrum

602 5373 1106 5444 interpretationem
1143 5372 1249 5428 erit
1286 5370 1639 5427 redeundum.
1667 5371 1850 5443 Itaque
1876 5373 2078 5444 absque
2103 5372 2209 5426 ulla

604 5468 909 5524 divinarum
936 5481 1290 5537 personarum
1323 5466 1645 5522 confusione
1664 5467 1802 5522 dixit
1824 5466 2077 5530 Hilarius,
2107 5464 2206 5520 Dei

608 5562 867 5634 Spiritum
889 5560 986 5615 Dei
1003 5561 1238 5615 virtutem
1260 5602 1276 5629 ,
1312 5560 1410 5616 Dei
1436 5563 1742 5634 sapientiam
1768 5604 1784 5628 ,
1805 5560 1904 5616 Dei
1931 5561 2130 5616 Filium
2157 5570 2205 5615 et

607 5656 928 5728 unigenitum
953 5652 1116 5708 Deum
1142 5694 1157 5718 ,
1187 5654 1255 5707 ad
1299 5656 1651 5711 remissionem
1673 5656 1869 5727 peccati
1898 5655 2204 5710 condemna-

613 5751 896 5819 tionemque
920 5749 1112 5821 peccati
1133 5745 1279 5817 legis,
1299 5749 1555 5805 hominem
1591 5759 1766 5805 natum
1788 5767 1897 5807 esse
1917 5767 1936 5806 :
1956 5766 2078 5807 cum
2107 5764 2202 5806 va-

525 5943 594 5964 1.4

2318 4912 2548 4981 Peperit,
2571 4920 2618 4964 et
2639 4910 2947 4981 nonpeperit
2974 4925 2992 4963 :
3015 4909 3209 4980 peperit
3229 4908 3382 4974 enim,
3404 4922 3520 4978 qua:
3538 4923 3602 4961 ex
3625 4922 3720 4960 sua
3735 4921 3915 4972 carne;

2319 5013 2367 5058 et
2388 5020 2488 5058 non
2517 5004 2734 5076 peperit,
2759 5019 2872 5073 qute
2899 5019 3000 5057 non
3028 5019 3091 5056 ex
3112 5002 3208 5056 viri
3248 5001 3459 5067 semine,
3509 4989 3607 5055 sed
3654 5015 3716 5054 ex
3753 4998 3915 5053 Verbi

2318 5098 2534 5152 virtute.
2564 5096 2727 5152 Certe
2753 5111 2874 5150 cum
2925 5095 2977 5150 in
3010 5094 3231 5165 Virgine
3268 5108 3560 5164 numquam
3591 5098 3915 5161 conceptum

2319 5188 2509 5244 fuisset
2533 5187 2736 5244 Christi
2764 5203 2960 5258 corpus
2981 5229 2996 5256 ,
3024 5187 3124 5242 nisi
3153 5186 3542 5258 superveniens
3564 5186 3616 5241 in
3643 5200 3763 5241 eam
3795 5183 3918 5254 Spi-

2317 5282 2455 5338 ritus
2481 5281 2863 5338 fecunditatem
2911 5282 2959 5336 ei
3011 5282 3388 5351 praestitisset;
3421 5295 3526 5335 non
3572 5279 3683 5348 ipsa
3715 5277 3880 5348 Virgo
3901 5317 3918 5344 ,

2317 5376 2413 5432 sed
2460 5375 2691 5446 Spiritus
2740 5373 3003 5429 dicendus
3032 5383 3118 5429 est
3155 5373 3370 5442 corpori
3415 5369 3621 5426 Christi
3656 5370 3920 5440 originem

2319 5468 2631 5541 praebuisse.
2662 5468 2827 5523 [lecte
2858 5468 3017 5538 igitur
3046 5466 3179 5522 dixit
3201 5465 3437 5520 Hiarius
3479 5480 3629 5518 num.
3662 5465 3730 5517 16
3756 5479 3767 5514 :
3799 5459 3919 5515 Non

2311 5565 2445 5618 enim
2471 5563 2678 5632 corpori
2709 5559 2878 5615 Maria
2905 5561 3153 5630 originem
3177 5557 3393 5631 praebuit
3420 5573 3440 5612 :
3462 5571 3561 5612 nec
3592 5556 3770 5610 minus
3796 5567 3924 5609 vere

2311 5670 2460 5711 num.
2495 5653 2560 5710 18
2583 5653 2833 5724 subjecit,
2868 5649 2989 5722 Ipse
3014 5651 3149 5705 enim
3170 5650 3404 5722 corporis
3426 5649 3507 5703 sui
3534 5648 3679 5721 origo
3701 5656 3793 5701 est.

2385 5747 2476 5803 71.
2508 5745 2582 5802 Ut
2607 5745 2800 5819 probet
2817 5743 3112 5810 Scultetus,
3143 5742 3318 5800 videri
3349 5741 3614 5801 Hilarium
3633 5738 3836 5799 Christi
3862 5751 3932 5793 ex
