4222 6262
547 351 654 408 919

1766 343 2014 405 SANCTI
2045 343 2306 404 HILARII
2339 343 2646 404 EPISCOPI

3738 347 3856 406 920

542 463 911 537 generationis
933 461 1134 535 gradus
1155 460 1413 532 ponitur:
1441 460 1566 532 quia
1595 459 1952 518 sacerdotalis
1980 467 2036 516 et
2055 473 2143 515 re-
2171 461 2222 521 A
2247 458 2588 532 cognationis
2611 461 2914 533 acciperet,
2942 471 3338 534 susceptosque
3392 463 3536 520 ﬁlios
3579 463 3634 520 in
3681 464 3853 521 tami-

542 559 646 628 giae
669 557 839 612 tribus
866 553 1098 610 societas
1120 569 1221 626 per
1254 553 1419 609 David
1446 569 1516 610 ex
1544 554 1802 626 coniugio
1832 553 1988 618 inita,
2031 552 2140 624 jam

542 667 573 706 a
595 650 857 708 Salathiel
880 649 933 704 in
964 647 1265 704 Zorobabei
1281 649 1636 705 confirmetur
1649 664 1713 704 ex
1729 662 1947 718 genere.
1967 647 2142 716 Atque

541 745 615 800 ita
643 743 772 798 dum
806 741 1092 797 Matthaaus
1123 750 1402 809 paternam
1434 742 1703 813 originem
1726 784 1741 808 ,
1770 757 1890 813 quae
1920 755 1988 796 ex
2003 739 2140 796 Juda

539 835 1009 906 proficiscebatur,
1043 842 1326 900 recenset,
1355 833 1531 890 Lucas
1556 849 1688 890 vero
1717 842 1998 904 acceptum
2044 847 2142 902 per

539 927 772 984 Natham
805 942 872 981 ex
901 927 1042 982 tribu
1069 925 1198 981 Levi
1223 941 1395 996 genus
1416 926 1612 981 edocet
1655 924 1806 997 (Luc.
1853 939 1942 989 In,
1997 922 2094 994 24)
2122 939 2138 988 ;

539 1020 656 1075 suis
675 1016 751 1089 (a)
782 1016 1090 1088 quibusque
1111 1017 1351 1088 patribus
1367 1017 1598 1072 Domino
1625 1025 1812 1071 nostro
1826 1014 1956 1071 Jesu
1978 1011 2139 1070 Chri-

539 1122 650 1178 sto,
670 1113 838 1186 669
862 1114 953 1184 qui
975 1122 1058 1168 est
1079 1122 1316 1167 aeternus
1336 1121 1388 1167 et
1411 1126 1506 1167 rex
1520 1121 1576 1167 et
1592 1111 1870 1178 sacerdos,
1899 1108 2137 1166 etiamin

539 1207 742 1261 carnali
774 1215 896 1260 ortu
927 1206 1210 1274 utriusque
1237 1203 1454 1275 generis
1480 1204 1708 1274 gloriam
1742 1204 2134 1274 probaverunt.

535 1298 692 1367 Quod
723 1314 852 1354 vero
891 1297 1096 1368 Joseph
1139 1297 1482 1367 potiusquam
1513 1297 1693 1350 Maria:
1739 1295 1997 1350 nativitas
2048 1309 2138 1350 re-

538 1399 814 1457 censetnr,
844 1390 981 1444 nihil
1004 1389 1171 1445 refert
1201 1407 1213 1443 :
1241 1388 1434 1444 eadem
1465 1388 1608 1444 enim
1637 1397 1722 1443 est
1755 1387 1921 1442 totius
1964 1387 2136 1442 tribus

537 1493 701 1555 atque
738 1499 844 1539 una
871 1483 1144 1554 cognatio.
1178 1478 1512 1552 Exemplum'
1552 1489 1734 1536 autem
1782 1480 1946 1536 etiam
2000 1479 2136 1534 Mat-

536 1576 713 1632 thazus
740 1585 796 1631 et
815 1575 990 1630 Lucas
1014 1574 1284 1630 dederunt
1309 1581 1532 1646 ,patres
1576 1575 1806 1628 invicem
1859 1569 2140 1641 appellan-

537 1679 621 1726 tes
643 1712 659 1737 ,
683 1685 794 1724 non
826 1678 932 1724 tam
957 1684 1156 1740 genere
1183 1683 1347 1740 quam
1378 1678 1540 1738 gente
1567 1684 1581 1722 :
1615 1667 1742 1738 quia
1772 1665 1842 1720 ab
1869 1680 1978 1720 uno
2031 1663 2133 1718 tri-

538 1762 642 1818 bus
663 1770 836 1832 empta
858 1803 872 1827 ,
896 1761 996 1817 sub
1021 1761 1182 1817 unius
1209 1761 1573 1816 successionis
1601 1767 1656 1814 et
1682 1757 1909 1828 originis
1936 1757 2136 1812 familia

2244 551 2370 606 liam
2392 551 2510 622 ejus
2528 553 2618 623 qui
2646 563 2890 611 mortuus
2910 566 3054 612 esset
3078 556 3244 628 670
3257 556 3487 612 referret
3505 555 3687 629 (Deut.
3708 572 3845 627 xxv,

2244 643 2304 715 5)
2335 663 2350 699 :
2381 655 2732 716 maneretque
2771 647 2846 701 ita
2873 647 2953 718 (d)
2978 647 3033 702 in
3066 648 3443 720 primogenitis
3481 649 3849 705 successionis

2243 738 2376 794 ordo
2399 780 2412 804 ,
2439 753 2558 794 cum
2585 748 2766 809 patres
2793 754 2982 795 eorum
3003 783 3018 807 ,
3040 742 3130 812 qui
3156 750 3276 811 post
3333 742 3447 797 nati
3493 751 3717 808 essent,
3747 751 3847 798 aut

2245 834 2465 889 nomine
2497 833 2846 902 haberentur,
2882 846 3215 906 autgenere.

2312 925 2370 980 2.
2416 924 2522 981 Cur
2586 927 2936 1000 generationes
2980 927 3216 998 quaedam
3273 927 3497 981 omissa.
3559 925 3666 981 Cur
3709 943 3845 998 qua.

2243 1016 2520 1070 tuordecim
2546 1017 2632 1070 ubi
2655 1026 2851 1071 tantum
2881 1017 3123 1071 tredecim
3142 1027 3486 1072 recensentur.
3506 1047 3576 1058 -—
3594 1015 3847 1088 Sequens

2243 1106 2374 1162 illud
2401 1117 2601 1173 est,ut
2626 1108 2750 1176 quia
2777 1108 2849 1179 (e)
2875 1109 3142 1174 diximus,
3191 1107 3490 1164 secundum
3539 1124 3722 1164 rerum
3778 1111 3846 1163 ti-

2241 1197 2401 1266 dem,
2431 1200 2799 1270 generationis
2827 1199 2984 1255 istius
3014 1199 3258 1255 ordinem
3309 1213 3410 1254 nec
3463 1213 3690 1256 numero
3736 1200 3844 1255 sibi

2241 1305 2343 1346 nec
2371 1291 2716 1347 successione
2736 1300 3022 1357 constare;
3051 1291 3212 1362 hujus
3243 1306 3458 1362 quoque
3486 1291 3568 1346 rei
3594 1291 3736 1346 ratio
3758 1291 3840 1347 af-

2240 1383 2463 1440 feratur.
2493 1383 2611 1441 Non
2634 1384 2776 1440 enim
2798 1384 2934 1440 levis
2961 1399 3122 1440 causa
3149 1379 3269 1452 est,
3291 1393 3350 1438 ut
3374 1383 3519 1438 aliud
3559 1383 3613 1438 in
3644 1399 3844 1439 narra-

2240 1477 2386 1533 tione
2407 1480 2512 1546 sit,
2540 1477 2687 1532 aliud
2711 1476 2872 1532 fuerit
2901 1476 2956 1532 in
2987 1477 3190 1548 gestis;
3221 1486 3276 1532 et
3305 1477 3448 1531 aliud
3477 1476 3753 1531 referatur
3780 1477 3838 1532 in

2239 1582 2450 1625 summa
2471 1608 2486 1634 ,
2517 1568 2664 1623 aliud
2687 1583 2820 1624 vero
2850 1578 3099 1624 teneatur
3127 1569 3181 1624 in
3214 1584 3464 1624 numero.
3495 1568 3741 1639 Namque
3773 1571 3845 1625 ab

2239 1658 2512 1716 Abraham
2545 1674 2716 1729 usque
2762 1658 2830 1714 ad
2888 1658 3058 1714 David
3097 1659 3506 1733 quatuordecim
3534 1659 3848 1730 generatio.

2245 1767 2340 1807 nes
2367 1760 2696 1806 enumerata:
2719 1760 2878 1819 sunt,
2907 1749 2977 1824 (Γ)
2999 1762 3052 1808 et
3085 1751 3254 1807 David
3304 1767 3475 1822 usque
3527 1752 3595 1806 ad
3650 1763 3839 1808 trans-

542 1854 874 1910 continetur.
907 1852 1043 1907 Cum
1102 1853 1246 1908 enim
1301 1851 1444 1907 ﬁlius
1476 1851 1645 1906 David
1691 1859 1852 1921 atque
1904 1849 2140 1905 Abrahae
2168 1855 2216 1914 B
2244 1843 2625 1914 migrationem
2658 1843 2950 1916 Babylonis
2980 1845 3363 1916 generationes
3389 1847 3793 1916 quattuordecim
3817 1890 3834 1915 ,

540 1955 686 2002 esset
716 1943 791 2016 (ὁ)
823 1943 1344 2014 ostendendus,quia
1371 1943 1442 1996 ita
1464 1941 1959 2012 Matthaeuscmpit;
1986 1940 2139 1994 Liber

539 2036 882 2108 generationis
927 2034 1054 2089 Jesu
1082 2032 1312 2099 Christi,
1368 2033 1464 2103 ﬁlii
1503 2031 1711 2098 David,
1761 2032 1860 2101 filii
1914 2032 2136 2086 Abrahae

539 2130 756 2204 (Matth.
790 2147 836 2194 ι,
864 2128 960 2200 i):
1005 2129 1084 2200 (c)
1113 2144 1218 2182 non
1260 2126 1444 2183 dili'ert
1492 2127 1616 2196 quis
1666 2112 1720 2180 in
1775 2125 2003 2196 originis
2035 2141 2137 2180 nu-

537 2238 694 2279 mero
723 2232 884 2293 atque
906 2221 1098 2277 ordine
1123 2220 1444 2286 collocetur,
1497 2217 1795 2274 dummodo
1847 2220 2134 2273 universo-

538 2330 658 2370 rum
683 2314 882 2368 familia
903 2319 1083 2384 cmpta
1114 2326 1237 2368 esse
1282 2309 1614 2380 intelligatur
1637 2308 1707 2365 ab
1735 2322 1863 2364 uno.
1898 2307 1979 2363 ita
2006 2323 2130 2364 cum

537 2407 785 2479 ejusdem
807 2406 978 2462 tribus
1009 2405 1079 2460 sit
1105 2404 1306 2478 Josepb
1335 2414 1391 2460 et
1417 2402 1612 2469 Maria;
1663 2401 1792 2458 dum
1852 2401 2130 2473 profectus

535 2513 656 2556 esse
686 2515 751 2555 ex
780 2497 1014 2554 Abrahae
1033 2511 1232 2567 genere
1272 2495 1475 2566 Joseph
1510 2494 1836 2562 ostenditur,
1892 2491 2134 2564 profecta

534 2605 749 2662 quoque
774 2590 1000 2645 docetur
1025 2598 1082 2644 et
1107 2587 1293 2643 Maria.
1329 2587 1456 2643 Haec
1507 2588 1655 2643 enim
1707 2587 1761 2641 in
1821 2587 1940 2656 lege
1993 2586 2134 2641 ratio

534 2690 749 2737 servata
775 2690 880 2743 est.
900 2688 958 2735 ut
982 2680 1030 2735 si
1056 2689 1302 2735 mortuus
1331 2678 1448 2734 sine
1471 2678 1597 2734 ﬁliis
1625 2677 1848 2734 familiai
1877 2678 2132 2749 princeps

533 2770 757 2838 fuisset,
787 2769 1027 2827 defuncti
1069 2784 1297 2826 uxorem
1327 2770 1601 2840 posterior
1656 2770 1826 2826 frater
1878 2767 2132 2840 ejusdem

533 2933 740 3003 absque
761 2931 868 2986 ulla
901 2945 1030 3003 mss.
1046 2929 1398 3003 auctoritate.
1418 2927 1623 3003 Deinde
1639 2927 1834 3003 mirum
1849 2939 1932 2983 est
1949 2943 2122 3003 quan-

533 2998 809 3060 tum'inter
838 3019 898 3058 se
927 3001 1224 3056 dissideant
1253 3001 1436 3054 excusi
1459 3010 1513 3054 et
1539 3015 1669 3056 mss.
1691 2998 1933 3067 Namque
1959 2998 2125 3054 editio

533 3091 693 3145 opera
719 3073 870 3128 Badii
891 3072 1113 3128 Ascensi
1141 3086 1345 3127 excusa
1365 3114 1380 3138 ,
1410 3087 1535 3145 cum
1568 3073 1790 3145 Erasmo
1825 3071 1952 3145 qui_
1971 3085 2124 3124 eam-

533 3139 658 3201 dem
689 3145 984 3200 editionem
1006 3145 1351 3214 recognovit,
1401 3141 1480 3196 sic
1509 3143 1818 3211 auspicatur
1846 3139 1860 3196 Ξ
1910 3139 2126 3214 Gresstts

533 3233 682 3296 quem
714 3214 992 3270 Matthwus
1012 3225 1062 3296 et
1077 3212 1244 3296 Lucas
1280 3215 1330 3266 in
1372 3214 1551 3296 ordine
1594 3215 1748 3296 regia:
1783 3212 2128 3296 successionis
2154 3233 2201 3296 ρ

536 3287 802 3356 ediderant
821 3305 834 3342 :
851 3302 1001 3350 quem
1028 3286 1149 3338 dum
1176 3295 1386 3354 uterque
1413 3283 1724 3356 dinumerat,
1749 3292 1794 3356 et
1815 3284 2128 3356 agnitionem

535 3358 591 3411 in
619 3355 842 3410 Dontino
869 3358 1133 3424 utriusque
1151 3355 1308 3408 tribus
1338 3367 1548 3424 uterque
1591 3355 1879 3426 signiﬁcat,
1939 3363 1987 3407 et
2021 3370 2132 3408 rec-

538 3437 604 3482 tte
625 3426 962 3499 generationis
1004 3425 1394 3499 grudumponit
1422 3442 1440 3478 :
1465 3427 1588 3494 quia
1633 3424 1986 3489 sacerdotalis,
2015 3437 2125 3499 etc.

541 3495 756 3569 Lipsius
784 3495 1212 3569 autemunornine
1237 3497 1496 3569 Martinus
1517 3536 1537 3569 ,_
1565 3511 1628 3549 ac
1672 3506 1790 3569 post
1812 3512 1934 3569 eum
1963 3495 2128 3569 editio

538 3563 894 3631 Pa'risiensis,
949 3565 1190 3638 Gressum
1211 3583 1357 3636 quem
1381 3563 1658 3638 Matt/tants
1678 3563 1732 3619 in
1752 3568 1934 3638 ordine
1973 3568 2130 3638 regia:

537 3639 901 3700 successionis,
951 3653 1068 3691 eum
1115 3635 1285 3690 Lucas
1334 3651 1424 3706 per
1473 3637 1839 3692 sacerdotalem
1898 3635 2129 3692 ordinem

534 3711 986 3780 ediderat:un
1006 3708 1167 3772 dum,
1213 3717 1507 3780 eteaetera
1554 3717 1611 3761 ut
1652 3706 1793 3775 apud
1840 3707 2129 3780 Badunisi

537 3780 680 3852 quod
711 3778 1037 3852 agnationem
1054 3794 1187 3852 mox
1219 3778 1486 3852 habeant,
1510 3793 1609 3848 pro
1637 3780 1968 3852 agnitionem.
1993 3779 2128 3836 Tres

538 3849 670 3906 vero
698 3849 832 3906 m'ss.
861 3863 984 3918 puta
1013 3890 1027 3914 ,
1052 3849 1431 3914 Michaelinus,
1461 3849 1774 3904 monasterii
1805 3850 1964 3904 Silvae
2013 3865 2126 3903 ma-

535 3922 672 3994 joris
695 3963 711 3988 ,
746 3933 801 3994 et
828 3922 1164 3994 Beccensis,
1203 3921 1448 3994 Gressum
1475 3936 1627 3990 quem
1656 3919 2016 3994 Matthaeusin
2040 3937 2126 3975 or-

537 3992 658 4048 dine
679 3993 834 4061 regite
853 3992 1194 4047 successionis
1216 3992 1475 4057 ediderat,
1506 3993 1826 4061 prosequitur
1851 4002 1897 4046 et
1917 3992 2087 4048 Lucas
2106 4036 2120 4055 .

534 4061 866 4135 quemdam,
905 4075 1100 4119 Caetera
1161 4078 1284 4118 cum
1340 4061 1470 4131 Bad.
1527 4066 1967 4129 consentientes,
2021 4065 2124 4120 nisi

533 4136 676 4217 quod
709 4146 904 4217 postea
926 4135 1242 4217 subjiciunt,
1278 4142 1506 4188 rerteaue
1529 4136 1872 4217 generationis
1917 4135 2124 4217 gradus

534 4204 761 4277 ponitur.
793 4204 974 4277 codex
1005 4205 1222 4272 majoris
1251 4204 1562 4277 monasterii
1591 4204 1792 4260 anon.
1826 4221 1889 4261 ac
1917 4204 2121 4261 Vindo-

534 4275 802 4341 cinensis,
834 4276 1048 4330 Gressus
1076 4292 1221 4345 quem
1239 4275 1518 4330 Matthazus
1541 4278 1593 4329 iu
1624 4277 1802 4332 ordine
1830 4277 1986 4347 regite
2005 4293 2123 4331 suc-

535 4348 777 4416 cessionis
799 4347 1055 4416 ediderat,
1083 4361 1231 4416 quem
1256 4348 1400 4411 dum,
1432 4357 1572 4416 etc..
1594 4356 1651 4399 ut
1679 4349 1729 4400 in
1753 4347 2122 4416 superioribus

533 4430 666 4470 mss.
703 4415 1024 4481 Vaticanus,
1083 4414 1297 4470 Gressus
1345 4433 1492 4486 quem
1524 4414 1902 4472 Mattheus—in
1943 4420 2122 4473 ordine

531 4487 689 4560 regia:
710 4488 1073 4560 successionis.
1125 4496 1172 4540 et
1208 4485 1363 4556 quem
1398 4485 1567 4540 Lucas
1590 4559 1595 4560 γ
1617 4505 1708 4560 per
1754 4490 2120 4560 sacerdotalem

533 4559 763 4610 ordinem
790 4559 1116 4617 dinumerat.
1175 4566 1380 4628 uterque
1435 4559 1749 4628 aguitiOnem
1793 4566 1846 4614 in
1898 4559 2120 4617 Domino

533 4629 803 4701 utriusque
821 4629 982 4682 tribus
1002 4628 1289 4701 significat,
1312 4638 1420 4701 etc.

532 4713 654 4753 mus
684 4700 970 4755 lectionem
996 4741 1012 4764 ,
1034 4699 1194 4769 quam
1224 4699 1477 4754 omnibus
1505 4705 1746 4757 numeris
1767 4699 2126 4758 suis’absolu-

531 4770 882 4847 tamexhibet
910 4770 1281 4847 lectiottariurn
1309 4770 1682 4847 Germanense
1701 4789 1802 4828 ms.
1826 4789 2121 4847 aquanon

530 4839 758 4896 dissidet
787 4858 922 4896 unus
947 4839 1499 4913 codex'Colbertintts
1519 4886 1536 4910 ,
1585 4845 1686 4898 nisi
1737 4844 1880 4913 quod
1903 4839 1915 4844 ⁷
1936 4845 2120 4912 initio,

529 4914 912 4994 prorgraduml2
945 4911 1140 4968 habent
1165 4929 1393 4994 gressum
1415 4957 1430 4979 ,
1454 4923 1509 4969 et
1528 4911 1837 4994 agnitionem
1882 4931 1994 4994 pro.
2028 4911 2117 4994 eo:

528 4985 838 5055 gnatiouem.
874 4985 1212 5053 Quamquam
1243 4985 1468 5040 multum
1494 4985 1960 5055 propendebamus
1983 4985 2033 5039 in
2062 4987 2116 5042 id

527 5053 673 5120 quod
733 5070 840 5121 prae
885 5069 945 5109 se
997 5055 1175 5110 ferunt
1227 5071 1358 5109 mss.
1383 5059 1441 5110 S.
1475 5053 1618 5110 Petri
1648 5053 2033 5119 Carnutensis,
2063 5067 2118 5114 et

526 5123 664 5177 alter
693 5122 933 5180 Colbert.
957 5127 1001 5180 si
1025 5129 1107 5180 vel
1138 5141 1324 5180 vocem
1353 5125 1554 5180 addere
1584 5125 1825 5181 licuisset
1877 5144 1890 5178 :
1940 5125 2113 5184 Genus

525 5196 663 5279 quod
690 5193 963 5279 Mattheus
991 5207 1039 5251 et
1071 5195 1310 5279 .Lucasin
1336 5198 1695 5279 ordineregite
1731 5197 1849 5279 (hic
1899 5197 2113 5279 videtur

524 5265 750 5331 deesse,
807 5277 855 5320 et
904 5266 1260 5336 sacerdotalis)
1303 5265 1638 5321 successionis
1681 5267 1940 5334 ediderat,
1991 5270 2113 5324 dum

525 5345 736 5410 uterque
762 5338 1052 5410 dinumerat
1076 5381 1090 5402 ,
1113 5351 1161 5393 et
1182 5337 1494 5410 agnitionem
1525 5343 1576 5391 in
1603 5337 1824 5394 Domino
1851 5342 2113 5406 utriusque

523 5408 697 5482 tribus
757 5409 1045 5482 signiﬁcat,
1094 5408 1228 5464 recte
1266 5411 1606 5480 generationis
1652 5413 1842 5482 gradus
1883 5413 2108 5482 ponitur.

519 5473 653 5532 Cum
684 5473 1000 5553 lectuinario
1030 5492 1210 5553 autem
1235 5473 1584 5553 cognationem
1606 5523 1622 5547 ,
1652 5473 1750 5537 'vel
1798 5473 1920 5538 Cum
1987 5483 2108 5539 Par.

518 5551 844 5620 agnationem
865 5591 879 5615 ,
907 5551 1166 5624 vocabulo
1187 5551 1498 5624 agnitionem
1551 5553 1944 5620 praeferendum
1990 5569 2112 5611 esse

562 5630 671 5672 atot
701 5636 768 5674 ex
788 5636 906 5689 cap.
945 5623 1041 5688 11,
1078 5640 1134 5677 n.
1184 5623 1237 5676 li.
1273 5623 1430 5693 Satis
1460 5624 1739 5690 probabile
1768 5635 1850 5678 est
1882 5627 2108 5693 primam

543 5706 664 5742 iane
688 5699 890 5756 partem
935 5694 1000 5746 ad
1058 5692 1383 5764 prooemium
1404 5695 1714 5764 pertinere,
1771 5692 1932 5764 atque
1989 5697 2112 5751 hinc

520 5766 701 5830 natam
727 5777 847 5813 esse
875 5773 1072 5830 tantam
1104 5767 1242 5817 inter
1271 5763 1486 5817 codices
1515 5763 1906 5820 dissensionem
1929 5807 1943 5828 ,
1967 5767 2108 5830 quod

515 5828 640 5880 ctnu
673 5828 1031 5894 praecedentia
1057 5832 1269 5900 dilapso
1289 5847 1356 5890 cx
1374 5829 1682 5903 arclietypis
1707 5828 2110 5906 exemplaribus

2243 1951 2367 1991 cum
2391 1936 2444 1990 in
2471 1935 2784 2004 Regnorum
2813 1935 2964 1992 libris
2985 1937 3171 1992 decem
3199 1947 3254 1991 et
3286 1931 3495 2007 septem
3526 1937 3828 2008 deprehen-

2239 2027 2454 2082 dantur.
2485 2026 2593 2083 Sed
2624 2029 2676 2082 in
2721 2027 2822 2082 hoc
2851 2043 2958 2082 non
2979 2027 3245 2084 mendacii
3267 2037 3362 2083 aut
3386 2029 3721 2100 negligentiae
3745 2031 3835 2085 vi-

2240 2121 2373 2174 tium
2398 2127 2500 2174 est.
2534 2118 2670 2175 Tres
2695 2121 2838 2174 enim
2869 2119 2950 2192 (g)
2982 2121 3188 2176 ratione
3217 2121 3508 2191 praeterita
3528 2131 3673 2177 sunt.
3700 2120 3841 2180 Nam

2239 2210 2395 2268 Joras
2415 2212 2602 2282 genuit
2625 2209 2920 2266 Ochoziam
2942 2255 2958 2277 ,
2987 2211 3254 2268 Ochozias
3283 2228 3414 2270 vero
3441 2215 3627 2285 genuit
3653 2214 3841 2285 10am,

2239 2303 2368 2361 Joas
2387 2305 2583 2361 deinde
2605 2305 2900 2372 Amasiam,
2918 2305 3165 2363 Amasias
3181 2315 3362 2364 autem
3381 2307 3565 2365 Oziam
3585 2308 3678 2382 (iV
3704 2309 3842 2384 Reg.

2239 2417 2331 2456 vni
2353 2442 2369 2468 ,
2395 2397 2510 2473 25).
2542 2400 2608 2454 Et
2630 2399 2684 2454 in
2715 2399 2971 2456 Matthteo
2998 2400 3157 2456 Joras
3178 2400 3362 2456 Oziam
3389 2401 3646 2471 genuisse
3702 2403 3848 2458 scri-

2235 2493 2400 2562 bitur,
2426 2509 2550 2549 cum
2579 2503 2806 2564 quartus
2827 2493 2896 2548 ab
2921 2507 2988 2548 eo
3013 2493 3106 2548 sit.
3137 2492 3250 2548 iloc
3273 2495 3345 2548 ita
3376 2493 3614 2565 (supple,
3635 2493 3844 2549 factum

2237 2588 2364 2658 est),
2393 2588 2517 2658 quia
2545 2603 2610 2643 ex
2631 2587 2822 2658 gentili
2855 2585 3054 2643 femina
3098 2587 3257 2644 Joras
3287 2587 3581 2644 Ochoziam
3605 2587 3803 2660 genuit
3825 2631 3842 2655 ,

2237 2678 2317 2751 (ἡ)
2343 2694 2410 2734 ex
2432 2678 2618 2735 Achab
2646 2679 2855 2735 scilicet
2879 2679 3043 2734 domo
3069 2697 3082 2734 :
3111 2679 3421 2750 dictumque
3441 2689 3559 2735 erat
3581 2693 3679 2750 per
3703 2695 3842 2749 pro-

2236 2769 2456 2841 phetam
2473 2811 2488 2836 ,
2521 2785 2629 2826 non
2661 2771 2764 2827 nisi
2793 2780 2985 2843 quarta
3003 2773 3354 2843 generatione
3381 2771 3434 2828 in
3461 2771 3661 2828 throno
3683 2774 3844 2844 regni

2227 2927 2359 2983 folio
2397 2928 2768 2995 excidissent,
2819 2929 3067 2998 adeoque
3112 2928 3275 2998 hujus
3317 2930 3702 2986 commentarii
3731 2931 3843 2987 ini-

2229 2999 2363 3055 tium
2393 3000 2756 3072 claudicaret,
2789 3015 2818 3055 a
2845 3001 3091 3068 pluribus
3143 3017 3240 3072 pro
3289 3017 3389 3057 suo
3416 3011 3577 3072 captu
3605 3003 3847 3058 desuda-

2229 3079 2343 3146 tum
2368 3070 2459 3136 sit,
2480 3080 2536 3126 ut
2556 3071 2789 3146 demptis
2809 3081 2901 3146 aut
2923 3072 3147 3142 adjectis
3170 3071 3376 3144 aliquot
3398 3070 3581 3130 verbis
3601 3075 3763 3146 plena
3785 3083 3845 3131 et

2231 3143 2436 3213 integra
2469 3142 2742 3196 sententia
2763 3142 3072 3199 haberetur.

2307 3213 2384 3286 (a)
2415 3213 2558 3268 Editi
2577 3254 2592 3277 ,
2628 3222 2834 3284 uterque
2853 3256 2868 3280 ,
2892 3229 2966 3286 ne
2995 3229 3100 3268 uno
3127 3213 3345 3285 quidem
3371 3215 3701 3286 suffragante
3728 3232 3838 3274 ms.

2235 3285 2290 3340 in
2319 3285 2548 3356 quorum
2588 3285 2860 3356 plerisque
2889 3285 3069 3355 legere
3124 3296 3207 3341 est
3257 3288 3506 3356 quisque;
3546 3285 3610 3342 in
3663 3289 3840 3344 tribus

2233 3355 2766 3428 autem,quibusque.
2817 3355 2954 3411 Tum
3008 3355 3296 3428 cuinil’ar’.
3344 3355 3400 3412 et
3450 3373 3551 3412 ms.
3611 3357 3839 3428 Reginae

2233 3425 2566 3500 Succorum.
2600 3428 3105 3500 Wﬁlttuvocabimus
3136 3427 3293 3482 Rom.
3321 3429 3618 3485 retinemus
3663 3425 3832 3500 patri-

2233 3498 2345 3562 bus,
2377 3514 2497 3552 cum
2527 3497 2581 3552 in
2608 3497 2732 3551 aliis
2761 3496 2913 3554 libris
2941 3507 3120 3554 exstet
3146 3500 3399 3566 partibus.

2304 3568 2381 3640 (b)
2411 3567 2484 3622 ita
2511 3582 2644 3622 mss.
2695 3567 2839 3640 Editi
2888 3584 3052 3636 vero,
3095 3571 3162 3624 sit
3206 3570 3581 3639 ostendendus,
3623 3573 3829 3628 omisso

2232 3639 2428 3718 deinde
2453 3640 2608 3710 quia,
2639 3639 2792 3709 cujus
2823 3641 2943 3696 loco
2976 3642 3351 3698 lectionarium
3374 3641 3632 3698 German.
3665 3642 3837 3700 habet

2230 3727 2408 3782 quare.

2306 3783 2379 3851 (c)
2405 3781 2632 3855 Excttsi,
2668 3797 2770 3855 non
2802 3783 2990 3853 refert,
3020 3783 3416 3855 refragantibus
3442 3799 3573 3840 mss.
3608 3785 3747 3842 Tum
3775 3787 3835 3846 in

2229 3851 2478 3928 Carn_.‘_et
2501 3851 2657 3928 ςυιι).
2684 3853 2799 3922 quis
2826 3851 2928 3928 quo
2956 3851 3248 3928 inoriginis
3280 3856 3623 3928 numero._Eo
3667 3874 3834 3928 spec-

2229 3932 2342 3978 tant
2371 3923 2458 3977 illa
2483 3923 2854 3996 Chrysostomi
2889 3926 3077 3980 ltomil.
3107 3923 3143 3980 2
3172 3928 3222 3981 in
3254 3927 3439 3982 Matth.
3465 3944 3478 3980 :
3508 3925 3628 3981 Non
3656 3923 3836 3984 solum

2228 3996 2292 4049 de
2315 3996 2612 4069 aliatribu,
2640 3997 2731 4069 sed
2759 4013 2822 4069 n_e
2843 3996 2906 4050 de
2927 3999 3128 4066 familia
3145 3999 3351 4069 quidem
3371 3998 3535 4052 altera
3584 4000 3664 4069 fas
3712 4012 3828 4055 erat

2228 4066 2471 4139 coniugia
2493 4067 2750 4139 copulari.
2777 4067 2864 4121 Ita
2885 4069 3022 4139 istud
3043 4111 3051 4125 .
3081 4066 3218 4136 quod
3239 4070 3430 4123 dicitur
3451 4085 3516 4123 ex
3534 4066 3834 4132 domoesse

2227 4147 2274 4191 et
2304 4136 2507 4210 familia
2537 4136 2736 4210 Dauid,
2766 4139 2867 4191 sive
2900 4138 3098 4210 Virgini
3124 4141 3412 4207 copuletur,
3444 4143 3696 4195 constabit
3717 4144 3832 4197 dic-

2227 4217 2372 4289 tum;
2401 4208 2503 4262 sive
2532 4210 2632 4278 ipsi
2675 4208 2870 4280 Ioseph
2891 4208 3061 4280 potius
3088 4221 3312 4285 aptetur,
3343 4210 3477 4266 illud
3499 4213 3634 4267 idem
3660 4215 3832 4284 conﬁ-

2224 4288 2374 4334 citur.

2229 4420 2240 4430 ο
2297 4347 2387 4430 (d)_
2406 4349 2506 4404 Ms.
2527 4349 2688 4430 Rom.
2711 4351 2764 4404 in
2792 4353 3048 4424 prageniti
3068 4353 3571 4430 su‘ccessione.Carn.
3591 4364 3643 4409 et
3665 4354 3822 4430 Colb.

2223 4422 2276 4494 in
2300 4422 2670 4494 prinwgenito,
2708 4431 2764 4475 et
2796 4422 2917 4477 moi
2959 4439 3078 4478 cum
3113 4424 3234 4477 Par.
3287 4428 3374 4492 qui
3424 4436 3538 4490 post
3565 4443 3618 4481 se
3665 4427 3775 4480 nati
3809 4445 3830 4480 :

2223 4491 2314 4548 ubi
2361 4492 2414 4547 in
2469 4491 2568 4548 ius.
2620 4493 2771 4556 Bec.,
2801 4495 2889 4562 qui
2913 4496 3057 4564 prius
3078 4496 3207 4549 nati.
3232 4491 3376 4550 Nihil
3401 4498 3775 4552 immutaveris
3813 4516 3829 4553 :

2224 4577 2346 4617 cum
2375 4564 2719 4639 primogeniti
2748 4564 2836 4618 hic
2865 4565 3227 4634 praedicentur
3273 4566 3461 4623 haberi
3512 4578 3696 4639 patres
3732 4585 3832 4626 eo-

1500 4631 1544 4683 is
1575 4631 1828 4686 omnibus
1884 4634 2122 4700 praetuli-
2146 4625 2198 4684 D
2227 4650 2342 4688 rum
2367 4625 2460 4702 qui
2483 4625 2604 4704 post
2633 4651 2693 4690 se
2715 4625 3030 4692 nascuntur.

2302 4704 2374 4777 (c)
2403 4707 2742 4776 Expunctum
2770 4708 2930 4780 estin
2973 4723 3074 4764 ms.
3108 4707 3234 4780 Bec.
3289 4709 3514 4765 verbum
3563 4711 3827 4780 diximus,

2225 4791 2333 4843 quo
2357 4792 2489 4832 sane
2515 4787 2780 4832 memorat
2807 4778 3041 4835 Hilarius
3067 4779 3212 4850 quod
3243 4781 3468 4852 prologo
3518 4778 3828 4852 proposueé

2227 4857 2327 4901 rat.

2295 4918 2363 4990 (ι’)
2391 4918 2542 4990 Hunc
2559 4920 2734 4975 locum
2759 4936 2825 4976 ex
2847 4919 3102 4976 German.
3124 4921 3445 4978 lectinnario
3469 4923 3826 4981 resarrimus.

2223 4987 2702 5065 At'_m_ss._ilarttttt.
2730 5004 2778 5048 et
2808 4991 3114 5065 unusColb.
3134 4993 3219 5047 hic
3235 4992 3478 5063 proxime
3501 4995 3825 5065 subjiciunt.

2221 5077 2337 5114 cum
2365 5061 2417 5114 in
2449 5061 2744 5138 Regnorum
2769 5064 2933 5138 libris.
2958 5065 3124 5138 Aputl_
3143 5061 3297 5138 Bai,
3326 5066 3418 5120 Er.
3446 5077 3500 5122 et
3522 5061 3672 5138 Lips.
3698 5061 3828 5138 post

2221 5147 2380 5207 usque
2424 5133 2492 5207 ad
2533 5136 3037 5207 transmigrationem
3088 5135 3406 5206 Babylonis,
3445 5133 3715 5207 sequitur,
3766 5140 3825 5192 in

2214 5201 2684 5278 quibusdamlibris
2713 5201 2883 5259 décem
2904 5217 2950 5259 et
2981 5216 3170 5278 septem
3195 5201 3666 5278 deprehenduntur.
3699 5201 3825 5265 'His

2217 5274 2380 5326 etiam
2406 5275 2574 5344 magis
2605 5274 2884 5330 decurtata
2923 5287 3008 5349 est
3035 5274 3220 5349 'lectio
3260 5274 3483 5348 'septcm
3542 5295 3672 5334 mss.
3725 5282 3823 5349 qui

2257 5351 2342 5416 ost
2368 5356 2680 5416 enumerata:
2708 5355 2823 5401 sunt
2845 5388 2860 5408 ,
2887 5348 3086 5402 habent
3106 5348 3418 5416 dumtaxat,
3445 5361 3495 5405 et
3522 5351 3575 5405 in
3603 5351 3724 5406 aliis
3745 5348 3820 5406 li-

2249 5414 2320 5490 ris
2341 5415 2808 5490 deprehenduntur.
2842 5417 2907 5471 In
2936 5419 3032 5473 hoc
3050 5436 3172 5490 ergo
3196 5435 3317 5486 non,
3342 5414 3450 5476 etc.

2292 5487 2366 5559 (g)
2396 5486 2448 5559 l_n
2471 5488 2740 5559 plerisque
2767 5503 2897 5543 tnss.
2940 5486 3310 5558 generationes.

2319 5556 2372 5628 li)
2402 5556 2732 5627 lta’quatnor
2777 5556 3018 5616 melioris
3058 5572 3196 5616 notzc
3252 5577 3384 5617 mss.
3444 5562 3501 5617 In
3543 5563 3703 5628 aliis,
3753 5583 3822 5620 ea:

2219 5627 2394 5705 Achab
2419 5629 2632 5705 scilicet.
2687 5629 3010 5705 Rratdiaerut
3042 5650 3258 5705 namque
3291 5630 3544 5688 Dominus
3571 5652 3660 5705 per
3690 5627 3820 5705 pro-

2217 5699 2441 5776 phetam.
2483 5705 2540 5753 tit
2566 5700 2618 5754 in
2649 5702 2878 5776 vulgatis
2903 5746 2916 5764 ,
2937 5718 3001 5757 ex
3029 5699 3199 5758 Achab
3221 5707 3442 5770 scilicet,
3466 5707 3554 5776 qui
3571 5699 3580 5704 ⁷
3600 5699 3821 5762 Iezabel

2219 5767 2644 5845 habuiturorem.
2673 5767 2907 5840 Denique
2932 5790 3022 5845 per
3040 5767 3457 5845 prophetam.....
3478 5767 3589 5832 'esse
3637 5793 3820 5845 sessu-

2217 5853 2332 5894 rum
2377 5841 2567 5896 dicitur
2622 5860 2640 5898 :
2689 5841 2940 5914 perversa
2994 5841 3399 5918 interpolatoris
3447 5863 3633 5920 opera.
3688 5843 3812 5910 Non
