4222 6262
346 365 452 423 ρει
1312 363 1852 426 COMMENTARIUS
1889 366 1957 425 lN
1992 367 2429 426 nummum.
2472 367 2624 426 CAP.
2666 370 2708 425 ι.
3469 345 3475 353 ’
3541 373 3648 430 922

353 483 520 541 Israel
543 497 870 556 quemquam
893 482 962 540 de
986 481 1149 540 domo
1162 481 1480 541 Achabesse
1492 499 1791 540 scssurum.
1811 483 1948 540 Pur-
1975 487 2030 549 Α
2053 483 2266 556 (Matth.
2293 502 2354 552 ll,
2385 486 2455 542 l3
2479 496 2525 540 et
2552 485 2670 556 20);
2699 493 2754 542 et
2775 500 2993 543 rursum
3019 486 3074 541 iu
3101 485 3247 542 Luca
3279 485 3432 558 (Luc.
3461 501 3520 556 ιι,
3552 487 3645 558 35,

346 586 473 650 gata
503 575 582 648 (a)
613 576 776 648 igitur
801 575 990 631 Achab
1011 575 1214 631 familia
1238 576 1468 648 gentili,
1495 575 1774 647 tribusque
1798 591 1943 648 pras-
2037 583 2194 652 juxta
2215 581 2394 652 graec.)
2419 598 2432 635 :
2454 580 2520 636 Et
2542 591 2648 636 erat
2672 579 2866 655 Ioseph
2887 592 2934 636 et
2955 591 3117 636 mater
3133 585 3266 655 ejus.
3284 582 3350 636 Et
3370 583 3648 654 quotiens-

347 673 559 740 teritis,
583 671 693 742 jam
715 669 914 740 regalis
962 671 1016 726 in
1067 680 1261 740 quarto
1305 673 1716 741 generationum
1753 685 1946 727 conse—
2045 689 2276 746 cumque
2300 675 2368 730 de
2387 685 2614 746 utroque
2640 675 2698 729 lit
2748 690 2962 740 sermo,
3016 685 3188 730 mater
3213 676 3390 745 potius
3415 673 3640 745 Christi,

347 765 632 838 quentium
658 763 810 834 origo
839 772 1175 819 numeratur.
1197 763 1272 837 (b)
1305 763 1458 832 Quod
1490 779 1618 820 vero
1664 779 1833 834 usque
1874 764 1941 820 ad

352 857 576 913 Mariam
603 856 985 927 generationes
1010 855 1415 926 quatuordecim
1445 869 1568 911 esse
1607 857 1940 924 scribuntur,

346 964 472 1008 cum
503 951 559 1005 in
591 964 820 1005 numero
851 946 925 1020 (c)
957 949 1216 1005 tredecim
1243 948 1618 1019 reperiantur;
1652 949 1832 1004 nullus
1853 963 1942 1003 er-

343 1059 436 1100 ror
456 1058 579 1100 esse
607 1043 806 1112 poterit
831 1043 1130 1098 scientibus
1151 1055 1258 1098 non
1281 1056 1398 1097 eam
1417 1040 1592 1096 solum
1616 1055 1738 1097 esse
1756 1041 1940 1096 Domi-

344 1151 417 1193 no
443 1143 630 1192 nostro
654 1134 782 1191 Jesu
808 1131 1028 1190 Christo
1059 1134 1322 1205 originem
1341 1173 1356 1199 ,
1385 1148 1506 1202 qua:
1546 1133 1713 1203 coepit
1735 1147 1800 1188 ex
1827 1131 1938 1187 Ma-

341 1231 450 1297 ria;
500 1229 592 1286 sed
626 1230 679 1284 in
710 1230 1089 1299 procreatione
1136 1228 1217 1302 (d)
1274 1241 1584 1298 corporea,
1638 1227 1935 1284 nativitatis

338 1332 557 1377 aeterna:
586 1321 1002 1393 signiﬁcantium
1024 1320 1433 1390 comprehendi.

410 1416 466 1470 ὅ.
487 1415 557 1468 In
579 1431 664 1470 eos
678 1414 764 1481 qui
789 1413 1037 1480 nolenti!
1045 1412 1209 1467 ariam
1231 1413 1479 1485 virginem
1499 1411 1934 1482 permansisse.—

337 1506 720 1564 Generationis
749 1516 928 1562 autem
970 1504 1044 1579 (e)
1076 1505 1213 1560 ratio
1242 1507 1472 1578 simplex
1505 1515 1608 1562 est.
1639 1505 1772 1561 Nam
1802 1521 1933 1562 con-

335 1609 551 1670 ceptum
582 1615 652 1655 ex
677 1599 880 1670 Spiritu
909 1607 1118 1666 sancto,
1142 1607 1326 1654 natum
1360 1615 1425 1653 ex
1466 1599 1632 1655 Maria
1683 1599 1924 1671 virgine,

333 1694 574 1750 omnium
601 1709 740 1766 opus
755 1693 1140 1766 prophetarum
1169 1700 1272 1748 est.
1305 1691 1415 1748 Sed
1439 1693 1618 1763 plures
1635 1691 1705 1766 (ι’)
1747 1691 1928 1747 irreli-

331 1784 468 1856 giosi
489 1827 504 1850 ,
528 1794 580 1839 et
609 1801 639 1839 a
661 1785 889 1856 spiritali
914 1785 1160 1841 doctrina
1199 1785 1365 1858 671
1412 1784 1702 1840 admodum
1729 1785 1924 1853 alieni,

2043 765 2165 836 quia
2197 766 2246 820 id
2277 778 2423 832 erat;
2456 781 2563 821 non
2595 783 2728 822 uxor
2755 766 2955 837 Joseph
2982 777 3066 823 est
3117 777 3421 838 nuncupata
3444 810 3459 836 ,
3513 769 3637 838 quia

2043 871 2150 912 non
2182 865 2318 912 erat.
2349 856 2454 912 Sed
2488 859 2603 912 hanc
2626 872 2840 928 quoque
2887 859 2955 914 ab
2999 859 3190 928 angelo
3240 859 3379 914 ratio
3421 867 3632 917 servata

2041 955 2126 1004 est
2153 965 2168 1001 :
2197 957 2256 1002 ut
2276 962 2397 1003 cum
2425 947 2807 1018 desponsatam
2837 963 2959 1004 cum
3005 948 3152 1018 justo
3204 943 3402 1019 Ioseph
3425 949 3635 1020 signiti-

2039 1041 2198 1096 cabat
2219 1082 2234 1106 ,
2263 1041 2547 1112 conjugem
2581 1053 2935 1112 nuncuparet.
2970 1042 3105 1097 Nam
3137 1042 3208 1096 ita
3238 1043 3314 1097 ait
3367 1060 3380 1096 :
3438 1043 3636 1116 Joseph

2039 1134 2115 1204 [ili
2165 1133 2365 1201 David,
2445 1135 2552 1188 noli
2601 1136 2775 1189 timere
2818 1137 3050 1207 accipere
3100 1134 3327 1190 Mariam
3363 1139 3635 1210 conjugem

2038 1236 2202 1280 tuam.
2234 1227 2375 1298 Ergo
2397 1237 2452 1283 et
2472 1227 2718 1298 conjugis
2773 1244 2967 1284 nomen
3015 1243 3216 1299 sponsa
3266 1230 3538 1300 suscepit,
3579 1240 3636 1287 et

2039 1328 2161 1388 post
2182 1330 2393 1390 partum
2414 1321 2466 1374 in
2494 1321 2776 1391 conjugem
2805 1322 3079 1392 recognita
3115 1321 3194 1392 (h)
3246 1330 3452 1377 tantum
3498 1323 3628 1380 Jesu

2033 1419 2212 1466 mater
2261 1411 2565 1466 ostenditur
2595 1429 2607 1464 :
2638 1423 2696 1466 ut
2726 1413 3181 1482 quemadmodum
3225 1414 3372 1483 justo
3420 1413 3622 1486 Joseph

2034 1502 2384 1572 deputarctur
2407 1503 2649 1574 ejusdem
2675 1503 2855 1559 Mariae
2884 1505 2936 1559 in
2967 1504 3273 1576 virginitate
3294 1506 3627 1577 conjugium,

2033 1597 2107 1652 ita
2136 1599 2460 1654 venerabilis
2481 1599 2597 1669 ejus
2617 1599 2995 1655 ostenderetur
3022 1600 3076 1654 in
3099 1598 3228 1656 Jesu
3255 1609 3427 1657 matre
3455 1601 3623 1672 virgi-

2030 1692 2191 1748 nitas.

2103 1787 2156 1841 4.
2180 1786 2414 1856 Josepho
2441 1801 2503 1840 ea:
2529 1786 2700 1856 priore
2721 1786 2962 1858 conjugio
2994 1784 3111 1853 ﬁlii.
3153 1814 3226 1825 —
3268 1783 3470 1840 Verum
3525 1785 3624 1842 ho-

330 1878 669 1934 occasionem
694 1893 759 1933 ex
800 1892 866 1934 eo
892 1889 1158 1952 occupant
1181 1879 1411 1950 turpiter
1432 1879 1500 1933 de
1522 1878 1681 1933 Maria
1699 1879 1924 1949 Opinan-
1955 1877 2000 1938 Β
2030 1878 2204 1932 mines
2288 1878 2595 1946 pravissimi
2637 1877 2764 1931 hinc
2808 1885 3140 1947 przesumunt
3188 1876 3462 1946 opinionis
3509 1891 3622 1933 suae

331 1970 418 2038 di,
451 1972 597 2043 quod
647 1973 846 2027 dictum
879 1972 979 2039 sit,
1013 1972 1326 2044 Priusquam
1353 1974 1694 2037 convenirent,
1717 1973 1925 2028 inventa

329 2067 473 2122 estin
497 2075 640 2121 utero
670 2066 857 2121 habens
882 2065 1098 2137 (Matth.
1121 2083 1160 2132 ι,
1185 2068 1276 2136 18)
1299 2076 1388 2123 :et
1413 2067 1566 2132 illud,
1597 2066 1726 2122 Noli
1749 2069 1925 2122 timere

329 2160 565 2231 accipere
589 2158 809 2214 Mariam
831 2161 1102 2231 conjugem
1129 2169 1271 2214 tuam
1307 2160 1470 2231 (Ibid.
1499 2160 1595 2233 20)
1621 2175 1636 2217 :
1663 2169 1716 2216 et
1761 2159 1916 2226 illttd,

332 2251 458 2308 Non
486 2255 719 2325 cognovit
743 2271 856 2308 eam
879 2255 1044 2308 donec
1073 2256 1266 2326 peperit
1293 2253 1455 2326 (Ibid.
1486 2253 1582 2327 25)
1610 2272 1624 2320 ;
1681 2271 1788 2309 non
1835 2270 1923 2310 re-

327 2344 616 2402 cordantes
643 2346 1022 2415 desponsatam
1056 2345 1244 2414 fuisse,
1279 2355 1332 2402 et
1354 2347 1556 2403 dictum
1588 2347 1691 2403 hoc
1717 2347 1919 2418 Joseph

329 2436 527 2493 volenti
547 2452 664 2493 eam
688 2437 954 2508 abjicerc;
987 2439 1109 2510 quia
1137 2438 1317 2508 justus
1343 2437 1459 2507 ipse
1483 2439 1651 2494 nollet
1699 2439 1750 2493 in
1799 2454 1919 2494 eam

330 2529 447 2598 lege
473 2527 716 2584 decerni.
747 2528 911 2599 Igitur
936 2543 1003 2583 ne
1047 2543 1150 2599 qua
1174 2529 1243 2584 de
1271 2537 1422 2599 partu
1452 2529 1572 2599 ejus
1601 2529 1922 2600 ambiguitas

328 2624 617 2690 existeret,
639 2622 756 2693 ipse
777 2623 1023 2695 concepti
1047 2639 1112 2679 ex
1138 2624 1341 2695 Spiritu
1368 2634 1556 2679 sancto
1582 2623 1786 2681 Christi
1807 2634 1921 2681 tes-

328 2721 397 2776 tis
422 2720 716 2774 assumitur
749 2737 762 2775 :
793 2718 990 2774 dehinc
1011 2719 1134 2790 quia
1162 2721 1489 2791 desponsata
1515 2728 1660 2776 esset
1687 2761 1702 2787 ,
1760 2719 1838 2794 (g)
1866 2720 1920 2776 in

325 2811 609 2882 conjugem
638 2810 915 2882 recipitur.
944 2811 1298 2880 Cognoscitur
1323 2812 1503 2882 itaque
1532 2821 1658 2884 post
1700 2821 1915 2883 partum

323 2902 377 2958 id
405 2914 519 2970 est,
549 2903 745 2958 transit
770 2903 821 2958 in
849 2904 1096 2974 conjugis
1125 2919 1342 2959 nomen.
1373 2902 1730 2975 Cognoscitur
1745 2905 1918 2970 enim,

322 3009 432 3050 non
457 2995 810 3050 admiscetur.
863 2995 1106 3066 Denique
1150 3010 1271 3050 cum
1317 2997 1552 3052 transire
1595 2996 1795 3068 Joseph
1848 2997 1917 3053 ad

336 3085 629 3160 IEgypIum
657 3087 1000 3151 admonetur,
1030 3087 1101 3142 ita
1130 3087 1329 3143 dicitur
1361 3106 1373 3141 :
1406 3089 1590 3159 Accipe
1615 3105 1828 3159 puerum
1868 3098 1917 3144 et

320 3192 533 3236 matrem
563 3184 800 3248 eius;et,
852 3180 1122 3237 Revertere
1147 3197 1264 3235 cum
1292 3197 1450 3251 puero
1495 3191 1542 3236 et
1597 3192 1761 3237 matre
1805 3187 1918 3257 ejus

2027 1970 2405 2025 auctoritatem
2426 2011 2441 2035 ,
2467 1969 2607 2039 quod
2641 1969 2821 2038 plures
2845 1968 3126 2023 Dominum
3160 1976 3401 2023 nostrum
3430 1969 3626 2025 fratres

2028 2061 2283 2118 habuisse
2309 2063 2380 2118 sit
2409 2061 2684 2118 traditum.
2715 2062 2816 2128 Qui
2845 2063 2915 2117 sit
2946 2061 3127 2117 Maria:
3152 2060 3246 2116 ﬁlii
3277 2062 3543 2128 fuissent,
3569 2072 3624 2119 et

2027 2170 2134 2212 non
2165 2157 2344 2226 potius
2371 2155 2570 2226 Joseph
2601 2155 2662 2227 (ξ)
2711 2171 2779 2212 ex
2824 2157 3005 2226 priore
3051 2156 3304 2226 conjugio
3328 2157 3621 2226 suscepti;

2026 2264 2316 2320 numquam
2371 2249 2426 2304 in
2482 2259 2726 2318 tempore
2787 2249 3054 2319 passionis
3127 2249 3317 2304 Joanni
3369 2249 3619 2318 apostolo

2027 2343 2345 2412 transcripta
2373 2343 2600 2397 essetin
2650 2351 2908 2407 matrem,
2959 2343 3186 2399 Domino
3227 2343 3292 2398 ad
3335 2351 3622 2413 utrumque

2021 2433 2234 2489 dicente
2264 2451 2281 2489 :
2316 2433 2530 2501 Mulier,
2552 2451 2666 2490 ecce
2682 2435 2822 2504 ﬁlius
2845 2445 2961 2489 tuus
2976 2434 3157 2506 (Joan.
3192 2435 3393 2501 th,26
3417 2445 3464 2491 et
3487 2435 3617 2508 27);

2021 2535 2074 2582 et
2089 2525 2283 2582 Joanni
2305 2528 2498 2600 :672
2518 2527 2649 2581 Ecce
2665 2538 2828 2581 mater
2850 2537 2964 2581 tuas
2981 2528 3079 2583 nisi
3107 2527 3248 2598 quod
3269 2528 3337 2582 ad
3361 2529 3621 2586 desolata:

2024 2619 2313 2687 solatium,
2389 2619 2708 2676 charitatcm
2769 2618 2862 2674 ﬁlii
2913 2619 2982 2690 (j)
3033 2620 3084 2674 in
3133 2619 3402 2691 discipulo
3450 2621 3617 2677 relin-

2023 2711 2241 2783 quebat.

2092 2808 2146 2862 5.
2189 2807 2469 2880 Magorum
2497 2807 2623 2878 ﬁdes
2653 2816 2700 2860 et
2724 2823 2936 2861 munera
2960 2807 3083 2878 quid
3111 2806 3619 2864 indicent.—Stellte

2019 2909 2201 2955 autem
2248 2909 2400 2954 ortus
2447 2900 2674 2968 primum
2726 2915 2756 2953 a
2802 2899 2968 2969 Magis
3012 2899 3362 2966 intellectus,
3415 2899 3620 2955 indicat

2023 3015 2149 3055 mox
2172 3008 2361 3070 gentes
2383 3000 2436 3054 in
2459 2997 2733 3054 Christum
2765 2998 3062 3054 crediturus
3081 3040 3094 3062 ,
3131 3007 3183 3054 et
3214 2997 3460 3052 homines
3489 3011 3616 3067 pro-

1969 3123 1976 3126 -
2021 3091 2273 3148 fessionis
2297 3091 2454 3162 longe
2474 3105 2506 3144 a
2524 3091 2748 3146 scientia
2777 3090 2971 3145 divinte
2997 3089 3320 3160 cognitionis
3357 3087 3434 3160 (lt)
3458 3103 3616 3144 aver-

2021 3199 2115 3249 sae,
2139 3183 2317 3238 lumen
2343 3183 2484 3253 quod
2507 3184 2689 3240 statim
2713 3185 2765 3238 in
2787 3193 2905 3239 ortu
2925 3185 3042 3254 ejus
3059 3183 3265 3239 exstitit
3284 3184 3616 3254 cognituros.

318 3321 463 3377 enim
485 3321 698 3386 gentilis
723 3321 934 3376 femina:
979 3323 1195 3377 nomine
1217 3320 1432 3376 chahel
1462 3322 1910 3392 hicsigniﬁcatnr,
1944 3321 1990 3384 C
2023 3321 2141 3377 Vel.
2217 3319 2422 3392 Virgi'n.
2477 3337 2626 3375 num.
2688 3322 2743 3381 6.
2769 3321 3028 3376 adversus
3061 3337 3248 3377 eorum
3302 3322 3617 3389 magistrum

318 3392 413 3447 sed
445 3393 552 3446 lilia
584 3393 767 3447 Achab
789 3408 946 3462 quam
994 3392 1151 3448 Joras
1192 3407 1417 3447 uxorem
1469 3393 1654 3452 duxit,
1699 3411 1764 3448 ex
1807 3410 1910 3462 qua

321 3463 610 3519 choziam
635 3463 1086 3533 genuit.ReSpicit
1123 3464 1355 3518 Hilarius
1382 3463 1513 3518 illttd
1540 3463 1608 3520 IV
1635 3465 1767 3534 Reg.
1790 3483 1908 3529 vm,

319 3535 408 3600 18,
450 3545 502 3590 et
543 3535 586 3590 ll
617 3535 790 3589 Paral.
821 3551 938 3598 tm,
971 3537 1024 3599 6,
1061 3535 1148 3590 ubi
1188 3550 1310 3589 cum
1357 3534 1554 3589 dicitur
1601 3535 1784 3590 Joram
1837 3537 1914 3592 fe-

316 3605 458 3661 cisse
485 3607 684 3660 malum
709 3607 760 3660 in
791 3614 1081 3675 conspectu
1118 3606 1240 3668 Dei,
1277 3605 1522 3661 redditur
1567 3608 1736 3671 ratio,
1770 3607 1914 3663 Filia

317 3677 459 3750 enim,
475 3677 648 3729 Achab
669 3686 929 3750 eratuxor
956 3680 1084 3750 ejus.
1113 3676 1557 3750 Prophctialglite
1604 3680 1913 3734 enuntiatur

317 3746 388 3801 Ill
432 3747 560 3817 itcg.
595 3763 702 3814 XXI,
725 3748 822 3810 ‘21,
866 3746 1323 3818 coniirmaturque
1348 3747 1411 3801 IV
1438 3747 1568 3817 Reg.
1596 3764 1646 3801 tx
1673 3791 1686 3812 ,
1718 3749 1772 3812 8,
1805 3766 1909 3805 non

319 3827 527 3872 tantum
553 3819 813 3874 adversus
840 3829 1072 3889 quatuor
1098 3819 1514 3889 generationes,
1564 3819 1660 3875 sed
1708 3821 1905 3876 adver-

317 3904 411 3944 sus
436 3899 602 3944 totam
634 3888 1069 3945 domum'Achab
1103 3907 1115 3943 :
1148 3891 1291 3961 quod
1322 3888 1650 3958 completum
1704 3907 1912 3947 memo-

317 3961 550 4032 ratuer
579 3963 706 4032 llcg.
742 3979 795 4027 x,
821 3961 912 4018 50.
1210 3966 1216 3970 ’

389 4031 468 4104 (a)
495 4031 773 4102 lnaliquot
802 4049 931 4087 mss.
965 4041 1020 4088 et
1041 4031 1291 4102 vulgatis,
1344 4041 1564 4104 purgata
1618 4032 1774 4099 igitur
1799 4033 1912 4088 labe

317 4105 532 4177 ﬁoniliw
559 4106 763 4177 gentilis
824 4123 847 4177 :_
876 4104 1039 4177 lectio
1084 4112 1310 4177 eatenus
1340 4119 1446 4177 non
1492 4104 1814 4177 spernenda.
1843 4106 1912 4160 At

316 4174 572 4244 perverse
591 4176 812 4230 omnino
833 4175 887 4229 in
914 4174 1045 4228 solis
1073 4174 1309 4246 vulgatis
1331 4176 1616 4246 subjicitur
1646 4174 1862 4246 :Atribus
1892 4192 1911 4229 :

316 4262 432 4316 qua:
460 4247 728 4318 praeteritis
743 4250 859 4317 jam
883 4247 1094 4312 regulis.
1123 4246 1259 4299 Tum
1287 4244 1442 4308 Bad.,
1478 4247 1570 4301 Er.
1601 4253 1656 4301 et
1678 4244 1825 4315 Lips.
1857 4247 1910 4300 in

353 4327 534 4371 natuor
545 4320 926 4389 generutionum
938 4318 1352 4389 consequentium
1377 4318 1557 4372 ordine
1578 4326 1897 4372 numeratur.

314 4334 534 4441 gtatuor
545 4334 926 4389 generuttomtm
938 4334 1352 4383 consequentium
1377 4334 1557 4372 orante
1578 4334 1897 4372 nunteramr.

352 4405 424 4514 lro
452 4389 507 4442 in
535 4399 738 4459 quarto,
769 4388 984 4461 quidam
1026 4402 1156 4442 mss.
1190 4387 1391 4443 habent
1440 4391 1496 4444 in
1539 4397 1723 4461 quarta
1747 4430 1761 4454 ,
1799 4406 1909 4445 non

315 4474 344 4512 a
375 4476 424 4513 ιο
457 4475 640 4514 sensu.

315 4474 424 4514 8H0
457 4475 640 4515 εειιςιι.

387 4529 462 4604 (b)
493 4529 638 4604 Editi
662 4573 677 4597 ,
692 4541 744 4604 et
771 4546 951 4602 usque,
969 4545 1069 4602 pro
1089 4530 1226 4601 quod
1241 4545 1360 4584 vero
1385 4547 1545 4601 usque
1575 4547 1595 4585 :
1615 4530 1912 4586 emendan-

314 4603 404 4656 tur
426 4619 488 4656 ex
513 4603 754 4668 scriptis.

385 4673 461 4743 (c)
492 4673 633 4728 Editi
654 4716 669 4741 ,
698 4674 871 4727 decem
896 4681 957 4744 et
992 4682 1192 4744 septem
1219 4672 1542 4744 reperiantur
1589 4688 1603 4725 :
1663 4671 1801 4744 falso
1853 4685 1909 4728 et

311 4744 684 4800 nbnitentibus
712 4746 840 4798 mss.
865 4743 1149 4800 Tredecim
1207 4743 1413 4798 tantum
1457 4743 1839 4810 generationes
1877 4760 1906 4799 a

311 4814 574 4870 Jechonia
605 4816 670 4871 ad
695 4813 895 4883 Ioseph
930 4815 1208 4883 intercipi,
1247 4830 1348 4868 una
1377 4829 1498 4869 cum
1559 4813 1764 4868 Hilario
1811 4816 1909 4870 oh-

311 4886 979 4959 scrvantChrysostomus
1001 4886 1186 4959 homil.
1221 4901 1258 4949 ι,
1283 4886 1648 4959 Hieronymus
1681 4894 1736 4938 et
1773 4901 1908 4959 auc—

313 4965 398 5012 tor
426 4943 891 5012 homili-e‘ﬂilario
916 4943 1255 5026 adscriptae,
1279 4969 1437 5026 quam
1490 4943 1542 5010 in
1593 4957 1905 5026 Appendice

311 5029 532 5083 forsitan
561 5029 826 5083 dabimus.

383 5100 467 5170 (tl)
492 5100 582 5156 Sic
609 5101 851 5169 plerique
873 5116 1004 5156 mss.
1035 5101 1101 5155 At
1123 5099 1276 5165 editi,
1309 5114 1570 5170 corporea:
1617 5099 1902 5155 nativitatis

309 5182 551 5243 (meritam
577 5173 996 5243 signiﬁcantium.

385 5242 456 5313 (ε)
488 5242 540 5296 In
573 5241 828 5298 German.
859 5243 1203 5305 lectionario,
1237 5242 1374 5313 ratio
1391 5258 1491 5294 non
1521 5241 1763 5309 simplex.
1794 5241 1904 5298 Ge-

309 5311 607 5384 nerationis
635 5313 773 5367 ratio
801 5313 1027 5384 simplex
1056 5313 1168 5384 _hic
1211 5311 1490 5379 asseritur,
1535 5315 1658 5382 quia
1686 5327 1752 5367 ex
1793 5328 1900 5367 una

309 5383 568 5452 Virgine,
599 5400 704 5438 non
735 5400 800 5440 ex
829 5382 943 5440 viro
971 5395 1024 5440 et
1047 5382 1263 5438 femina.

379 5456 446 5526 (f)
472 5455 702 5511 Eosdem
719 5455 929 5526 videtur
941 5466 1156 5511 notasse
1171 5453 1502 5526 Epiphanius
1522 5455 1650 5506 haec.
1668 5468 1896 5526 Lxxvm,

309 5544 366 5583 ιι.
391 5524 451 5586 7.
489 5527 576 5581 ubi
605 5529 678 5581 ait
714 5545 727 5580 :
761 5524 912 5582 Certo
937 5544 1000 5583 ea;
1017 5536 1225 5581 auctore
1246 5525 1459 5594 cognovi
1479 5563 1496 5590 ,
1526 5525 1796 5577 nonnullos
1844 5525 1900 5577 id

308 5599 374 5653 de
399 5598 488 5651 illa
515 5600 776 5670 affirmare
794 5615 948 5654 ausos
975 5615 1112 5659 esse,
1143 5607 1410 5670 postquam
1455 5594 1894 5670 Salvat‘orenrpe-

305 5672 439 5736 perit
456 5710 470 5733 ,
501 5663 615 5724 ειῖηι
645 5671 751 5722 uiro
776 5663 1188 5723 consuetudinem
1210 5667 1466 5720 habuisse.
1485 5663 1601 5736 Nisi
1622 5664 1759 5736 forte
1782 5663 1898 5722 lucc

308 5734 596 5810 Epiphauii
628 5742 692 5794 ad
721 5741 1019 5796 Helvidium
1052 5749 1144 5793 aut
1172 5737 1512 5810 Jovinianum
1544 5734 1900 5810 Hilariopos-

309 5806 540 5866 tet-iores
566 5811 850 5878 referenda
882 5812 1008 5867 sint.
1041 5812 1109 5864 At
1134 5810 1306 5878 patuit
1352 5807 1583 5861 llilarius
1636 5806 1896 5862 Hohionis

307 5878 602 5956 discipulos
666 5879 958 5956 respicere;
1027 5877 1203 5956 Certe
1252 5877 1618 5938 'l‘crtUlliatlus
1677 5878 1770 5936 lib.
1823 5878 1892 5936 de

1932 4710 1987 4771 D

2020 3394 2213 3449 asserit
2244 3393 2427 3448 Maria:
2455 3392 2846 3463 virginitatem,
2881 3411 3031 3462 quam
3056 3395 3227 3460 utique
3249 3435 3263 3456 ,
3289 3392 3498 3463 inquit,
3517 3393 3620 3446 vir-

2017 3466 2188 3536 ginem
2212 3474 2407 3536 constat
2416 3464 2596 3536 luisse
2611 3507 2637 3536 ,γ
2658 3465 2774 3518 licet
2796 3463 2992 3518 Hebion
3019 3466 3250 3518 resistat.

2095 3535 2173 3608 (g)
2206 3535 2362 3600 Bad.,
2414 3534 2509 3589 Er.
2537 3545 2590 3589 et
2616 3535 2764 3603 Lips.
2790 3551 2910 3590 cum
2945 3535 3189 3608 pluribus
3215 3549 3348 3589 :nss.
3389 3536 3444 3589 in
3497 3552 3618 3589 con-

2021 3607 2144 3678 iuge
2168 3608 2250 3662 vel
2275 3608 2327 3660 in
2358 3607 2971 3678 coniugemreciperetur
2994 3623 3011 3661 :
3039 3607 3203 3662 lectio
3227 3623 3330 3660 non
3356 3621 3616 3678 spernen-

2017 3676 2481 3745 dalﬂeprebendit
2510 3677 2568 3730 10
2596 3677 2829 3731 llilarius
2850 3696 2950 3730 non
2979 3681 3307 3730 recordantes
3335 3676 3616 3748 desponsa-

2016 3757 2122 3802 tam
2146 3750 2341 3820 fuisse:
2380 3759 2491 3820 tum
2519 3748 2786 3820 duplicem
2811 3749 3027 3816 subjirit
3059 3749 3322 3820 rationem
3373 3747 3472 3801 cur
3524 3747 3616 3820 Ιο-

2016 3817 2376 3887 8θρ1ιάιοιιιιιι
2405 3819 2476 3873 sit
2501 3837 2513 3871 :
2548 3817 2676 3872 Noli
2709 3821 2887 3872 timere
2907 3820 3138 3888 accipere
3161 3817 3386 3871 Mariam
3418 3819 3616 3888 conju-

2014 3907 2126 3960 gem
2154 3932 2168 3953 ,
2193 3891 2402 3960 scilicet
2427 3900 2479 3944 et
2504 3898 2560 3943 ιιι
2593 3889 2744 3960 testis
2780 3900 2938 3960 esset
2981 3887 3224 3960 concepti
3284 3901 3348 3940 ex
3408 3887 3610 3952 Spiritu

2016 3958 2204 4015 sancto
2223 3959 2422 4015 Christi
2449 4002 2464 4025 ,
2492 3971 2542 4013 et
2574 3967 2634 4014 ut
2663 3959 2855 4024 Maria,
2913 3975 3031 4026 qua:
3083 3958 3345 4011 hactenus
3402 3965 3608 4010 tantum

2015 4031 2341 4099 desponsata
2371 4041 2489 4085 erat
2510 4072 2523 4094 ,
2551 4031 2808 4098 deinceps
2832 4029 2992 4084 etiam
3024 4030 3074 4080 in
3101 4027 3382 4096 conjugem
3407 4027 3614 4099 recipe-

2016 4097 2184 4156 retur.
2210 4102 2325 4156 Non
2355 4111 2639 4156 servantur
2659 4097 2874 4169 quidem
2923 4099 3007 4152 hic
3034 4099 3396 4163 grammatica:
3421 4097 3567 4169 leges
3594 4115 3607 4150 :

2015 4175 2108 4227 scd
2131 4187 2222 4226 eas
2253 4173 2305 4226 in
2328 4168 2687 4242 sequentibus
2714 4186 2779 4225 ne
2803 4169 2960 4224 nimis
2993 4170 3307 4237 scrupulose
3334 4168 3605 4242 exegeris.

2017 4243 2304 4298 Brevitatis
2357 4241 2499 4298 enim
2553 4242 2730 4296 studio
2806 4257 3182 4310 Sa'penumero
3248 4241 3607 4309 negliguntur.

2089 4315 2167 4387 (h)
2197 4315 2320 4369 Mss.
2347 4315 2508 4370 Carn.
2535 4324 2590 4368 et
2611 4312 2766 4387 Golh.
2795 4322 2994 4387 tantum
3023 4323 3077 4366 ut
3099 4311 3226 4367 Jesu
3261 4321 3421 4365 mater
3443 4321 3611 4366 osten-

2014 4385 2219 4441 deretur
2243 4403 2261 4441 :
2286 4402 2394 4441 non
2422 4398 2546 4441 sunt
2573 4385 2845 4440 audiendi.

2085 4457 2148 4530 (i)
2170 4457 2224 4512 lu
2253 4457 2509 4530 German.
2536 4457 2718 4530 lectio.
2747 4473 2808 4510 ea:
2828 4455 2999 4530 priore
3029 4458 3262 4528 conjuge.
3309 4453 3508 4530 Joseph
3539 4470 3603 4509 ex

2015 4525 2194 4596 priore
2244 4529 2495 4598 conjugio
2543 4528 2679 4582 lilios
2724 4543 2786 4582 ac
2829 4525 2967 4580 tilias
2998 4525 3324 4598 procreasse
3337 4525 3604 4598 tradunt.

2017 4595 2373 4667 Epiphanius,
2407 4595 2788 4660 lt:Bt‘.LXXVllI,
2862 4615 2916 4652 n.
2971 4595 3024 4658 7’,
3079 4595 3504 4667 Theophilactus
3552 4595 3605 4649 in

2016 4665 2537 4740 Mattlt.xm,aliique
2558 4686 2692 4739 quos
2715 4671 2972 4740 Origenes
3000 4669 3052 4721 in
3074 4666 3340 4740 M_:ittlt.cx
3369 4665 3609 4740 editione

2017 4741 2212 4806 lluetii,
2244 4757 2294 4810 p.
2323 4736 2469 4806 2‘25,
2515 4736 2768 4795 observat
2810 4736 2877 4794 atl
2926 4739 2976 4792 id
3032 4737 3292 4810 adductos
3326 4736 3603 4810 traditione

2013 4807 2282 4880 Evangelii
2304 4814 2440 4878 quod
2469 4812 2751 4865 secundum
2781 4811 2993 4865 Petrum
3023 4808 3338 4870 inscribitur,
3381 4808 3458 4860 vel
3487 4807 3602 4880 libri

2009 4878 2213 4940 Jacobi.
2249 4883 2342 4938 His
2363 4883 2480 4953 ipse
2507 4881 2693 4950 adjicit
2713 4899 2771 4937 se
2794 4882 2990 4936 rationi
3043 4890 3464 4953 consentaneum
3505 4878 3606 4932 du-

2010 4969 2135 5010 cere
2155 4997 2168 5018 ,
2193 4949 2457 5011 castitatis
2478 4949 2711 5007 virorum
2734 4953 2984 5019 primitias
3034 4953 3189 5021 fuisse
3215 4949 3427 5021 Iesum,
3489 4965 3603 5002 mu-
3697 5001 3719 5013 ,

2009 5026 2191 5080 tierunt
2218 5037 2391 5080 autent
2420 5025 2664 5079 Mariam.
2706 5024 2903 5078 Contra
2961 5019 3290 5092 llieronymo
3343 5019 3606 5075 adversus

2008 5095 2305 5152 Helvidium
2334 5100 2491 5166 longe
2517 5096 3127 5166 magis-coitsentaneutn
3154 5092 3385 5166 videtur,
3445 5092 3600 5166 etiam

2005 5168 2172 5238 ipsum
2197 5168 2391 5237 Joseph
2418 5163 2660 5240 uirginem
2682 5165 2859 5236 fuisse,
2889 5176 2943 5219 ut
2969 5181 3033 5218 ex
3061 5163 3298 5235 virginali
3352 5163 3596 5234 conjugio

2007 5241 2149 5307 virgo
2174 5239 2312 5307 [ilius
2336 5239 2648 5292 nasceretur.

2097 5302 2146 5380 ἆ)
2174 5302 2314 5364 ’801³
2340 5309 2524 5380 editio.
2561 5310 2678 5362 l’ar.
2714 5305 2990 5377 discipulo,
3023 5305 3142 5360 sine
3162 5305 3236 5358 in.
3273 5302 3477 5380 Eodem
3507 5302 3602 5358 ad-

2003 5371 2190 5434 versus
2233 5378 2478 5433 eamdem
2525 5380 2771 5432 lucresitn
2818 5371 3136 5445 argumento
3179 5383 3398 5428 utuntur
3423 5371 3596 5445 Chry-

2003 5459 2274 5504 sostomus
2293 5450 2600 5511 ltomil.v,in
2627 5449 2834 5509 Matth.;
2857 5447 3207 5515 Epiphanius,
3229 5447 3597 5511 Ιιειτικικινιιι,

2003 5521 2120 5578 ιι.9;
2151 5520 2488 5582 Ambrosius,
2518 5519 2611 5574 lib.
2644 5535 2700 5580 ιι,
2731 5521 2782 5572 in
2808 5518 2962 5583 Luc.,
2991 5535 3044 5571 ιι.
3069 5517 3138 5582 4;
3170 5531 3491 5586 quamquam
3517 5515 3602 5572 hic

2001 5590 2201 5659 Joseplt
2238 5591 2501 5659 passionis
2534 5600 2774 5660 tempore
2801 5589 3146 5659 superstitem
3181 5603 3384 5658 ponens
3407 5603 3474 5643 eo
3503 5586 3601 5642 ali-

2004 5673 2087 5719 ter
2116 5673 2315 5717 utatur.

2073 5733 2148 5803 (k)
2190 5733 2473 5788 Beccensis
2519 5732 2711 5799 codex,
2764 5748 2963 5788 aversos
2992 5749 3010 5786 :
3042 5730 3182 5800 quod
3225 5730 3386 5786 etiam
3440 5729 3601 5785 habet

2000 5804 2160 5858 Mich.
2185 5821 2212 5858 a
2231 5804 2462 5860 secunda
2495 5819 2677 5868 manu.
2703 5804 2926 5872 pltectius
2955 5803 3066 5868 alii,
3097 5818 3306 5867 averste,
3339 5803 3458 5857 scil.
3483 5818 3604 5872 pro-

2000 5877 2256 5946 fessionis.
2286 5876 2401 5934 Non
2424 5873 2651 5937 obseure
2680 5871 2840 5934 trudit
2863 5875 3100 5936 Hilarius
3122 5871 3487 5947 Magos,quod
3509 5892 3608 5930 no-
