4222 6262
697 333 806 390 995

699 539 805 598 tius
828 541 906 613 (a)
933 540 1203 610 qualitatis
1252 543 1520 612 expressit
1544 563 1558 599 :
1583 542 1637 597 in
1662 557 1796 598 auro
1821 559 2025 615 regem,
2056 546 2109 601 in
2137 545 2292 601 tlmre

695 633 890 696 Deum,
920 631 973 687 in
1001 632 1221 703 myrrha
1249 632 1522 690 hominem
1549 635 1878 692 conmendo.
1903 639 2078 708 Atque
2105 639 2176 692 ita
2200 654 2294 708 per

695 728 1096 781 venerationem
1124 742 1335 793 eorum,
1363 730 1691 784 sacramenti
1713 730 1890 785 onmis
1915 742 2000 786 est
2039 745 2296 787 consum-

698 825 841 875 mata
867 818 1102 887 cognitio
1132 837 1145 872 :
1175 819 1226 874 in
1258 820 1476 874 homine
1514 823 1725 886 mortis,
1777 822 1830 876 in
1867 823 1977 878 Deo
2013 838 2294 879 resurrec-

695 910 881 976 tionis,
917 912 970 966 in
998 927 1120 982 rege
1144 912 1352 981 judicii.
1387 913 1537 982 Quod
1563 928 1690 969 vero
1712 924 1962 985 repetere
1981 917 2104 982 iter,
2135 926 2298 986 atque

695 1004 761 1059 ad
797 1004 1062 1060 Herodem
1095 1007 1148 1060 itt
1177 1005 1417 1062 Judaeam
1447 1007 1624 1065 redire
1675 1010 2030 1078 prohibentur
2079 1011 2293 1080 (Matth.

699 1115 758 1163 tt,
796 1099 864 1155 l2
899 1111 955 1170 ):
988 1100 1123 1154 nihil
1167 1116 1197 1156 a
1227 1101 1412 1157 Judaea
1459 1113 1646 1171 petere
1695 1104 1935 1158 scientiae
1975 1106 2300 1174 agnitionis-

701 1207 806 1264 que
838 1194 1232 1262 permittimur,
1295 1194 1392 1250 sed
1440 1195 1494 1249 in
1539 1194 1756 1252 Christo
1800 1197 2030 1252 salutem
2081 1213 2300 1252 omnem

699 1298 756 1342 et
784 1304 935 1358 spem
968 1290 1243 1356 locantes,
1293 1289 1652 1347 admonemur
1683 1292 1879 1362 prioris
1930 1295 2056 1349 vita:
2108 1294 2302 1352 itinere

702 1381 995 1437 abstinere.

772 1471 826 1527 6.
872 1473 1008 1541 Quid
1034 1479 1157 1548 fuga
1187 1474 1446 1532 Christiin
1469 1474 1778 1550 Algyptum.
1815 1478 2136 1548 lttnocentes,
2157 1496 2302 1535 mar-

699 1575 855 1636 tyres.
887 1595 956 1608 --
986 1567 1218 1624 Parante
1258 1580 1438 1625 autem
1481 1572 1690 1628 Herode
1723 1573 1796 1644 (ὁ)
1833 1575 2043 1644 parvuli
2085 1591 2298 1644 necem,

702 1658 900 1729 Joseph
930 1676 1024 1729 per
1049 1661 1314 1731 Angelum
1364 1672 1636 1731 monetur,
1666 1675 1724 1720 ut
1755 1681 1876 1720 cum
1928 1667 1979 1721 in
2013 1667 2304 1740 :Egyptum

705 1751 1000 1808 transierat
1047 1753 1210 1827 (Ibid.
1248 1755 1354 1827 l3)
1385 1774 1398 1809 :
1427 1755 1717 1828 Egyptum
1765 1760 1925 1816 idolis
1975 1763 2221 1832 plenam,
2251 1773 2307 1818 et

1895 339 2140 396 SANCTI
2182 339 2443 398 HILARII
2476 341 2786 400 EPISCOPI
3843 359 3924 414 iiii

701 448 946 519 Denique
1004 448 1208 504 oblatio
1243 463 1526 505 munerum
1580 449 1989 521 intelligentiam
2024 455 2078 508 in
2115 467 2184 509 eo
2214 459 2296 509 to-
2318 458 2372 518 Α

2923 458 3090 536 ωε
3127 456 3354 518 CAPUT
3395 461 3456 518 ll.

2398 599 2475 656 De
2522 600 2651 657 Jesu
2696 618 2926 674 regresso
2983 620 3047 658 ea:
3101 597 3371 676 zEgpr,
3429 615 3477 661 et
3524 609 3584 661 de
3624 611 3929 677 prazdicatione

2365 711 2372 714 '
2469 694 2690 750 Joannis
2744 706 2791 753 et
2835 694 3086 768 baptismo
3130 698 3289 766 ipsius
3320 741 3337 767 ,
3390 709 3436 754 et
3470 697 3530 754 de
3574 699 3774 758 Domino
3798 706 3928 776 bapti-

2470 799 2606 844 zato.

2477 925 2529 978 1.
2568 925 2766 994 Joseph
2783 925 3137 994 apostolorum
3164 930 3330 997 typus.
3363 953 3438 968 --
3459 925 3586 982 Post
3607 943 3734 998 qute,
3766 940 3932 988 mortuo

2403 1015 2637 1083 Herode,
2665 1016 2865 1086 Joseph
2889 1032 2986 1088 per
3006 1017 3270 1088 Angelum
3293 1028 3562 1081 monetur,
3591 1021 3714 1073 utin
3737 1020 3928 1079 iudicata

2401 1126 2526 1165 cum
2559 1126 2725 1182 puero
2755 1120 2811 1166 et
2851 1121 3022 1166 matre
3067 1112 3235 1180 ipsius
3275 1111 3460 1167 redeat
3501 1111 3706 1184 (Matth.
3747 1130 3798 1180 tt,
3844 1117 3931 1188 ιω).

2407 1203 2477 1259 Et
2506 1213 2786 1260 revertens
2803 1219 2927 1259 cum
2957 1205 3281 1260 Archelaum
3317 1205 3545 1260 Herodis
3576 1205 3731 1260 tilium
3755 1222 3935 1278 regnare

2407 1299 2666 1364 audisset,
2703 1300 2875 1352 timuit
2906 1313 2972 1353 eo
3001 1299 3188 1354 venire
3213 1298 3379 1365 (Ibid.
3409 1299 3474 1353 il
3515 1300 3532 1369 )
3563 1315 3577 1356 :
3615 1311 3667 1354 et
3704 1315 3786 1369 per
3813 1317 3936 1371 ange-

2409 1393 2519 1447 lum
2550 1401 2821 1458 monetur,
2847 1400 2905 1446 ut
2930 1393 2980 1445 in
3008 1392 3288 1447 Galilaeam
3321 1399 3583 1457 transeat,
3605 1400 3658 1446 et
3680 1394 3726 1447 in
3751 1397 3935 1462 regionis

2407 1485 2530 1555 ejus
2556 1484 2775 1540 civitate
2801 1484 3066 1540 Nazareth
3096 1485 3387 1540 inhabitet.
3423 1486 3631 1540 Reverti
3655 1502 3768 1557 ergo
3784 1489 3837 1542 ad
3867 1489 3938 1544 iu-

2410 1577 2581 1632 daeam
2626 1589 2877 1632 monetur
2905 1593 2920 1630 :
2951 1587 3006 1632 et
3050 1593 3298 1634 reversus
3327 1579 3506 1633 timet.
3533 1580 3598 1633 Et
3633 1595 3816 1635 rursum
3851 1583 3937 1638 risu

2413 1670 2735 1735 admonitus,
2769 1669 3000 1724 transire
3049 1669 3115 1725 ad
3162 1671 3440 1741 regionem
3491 1672 3711 1741 gentium
3744 1673 3933 1742 iubetur.

2413 1761 2521 1817 Sed
2549 1770 2639 1816 aut
2665 1763 2855 1817 timere
2891 1777 3015 1818 eum
3039 1764 3127 1833 qui
3155 1763 3467 1820 admonitus
3493 1764 3562 1817 sit
3597 1779 3693 1818 non
3726 1767 3933 1835 oportuit,

703 1849 1049 1918 onmigenum
1099 1849 1260 1904 deum
1315 1860 1556 1905 monstra
1607 1863 1975 1909 venerantem.
2035 1856 2154 1911 iam
2183 1866 2306 1927 post
2333 1855 2381 1917 B
2409 1863 2498 1906 aut
2527 1867 2624 1923 per
2643 1854 2892 1922 angelum
2923 1853 3122 1909 deferri
3149 1854 3453 1909 admonitio
3476 1870 3600 1910 mox
3627 1859 3832 1912 mutanda
3851 1873 3935 1914 non

701 1940 1013 1997 Judaeorum
1045 1942 1476 2009 insectationem,
1509 1956 1564 2000 et
1590 1947 1641 2000 in
1666 1949 2058 2018 exstinguendo
2083 1965 2149 2005 eo
2182 1967 2308 2020 pro-

710 2034 848 2089 fanae
877 2035 1049 2104 plebis
1071 2049 1374 2101 assensum,
1399 2035 1649 2093 Christus
1670 2039 1734 2093 ad
1759 2048 1952 2109 gentes
1978 2043 2307 2099 inanissitnis

709 2129 1058 2198 religionibus
1104 2128 1317 2185 deditas
1357 2132 1674 2186 transit:et
1725 2131 1796 2204 (c)
1845 2130 2087 2189 Judaeum
2137 2136 2307 2191 relin-

707 2221 1174 2292 quens,ignoranti
1203 2237 1326 2277 eum
1350 2223 1549 2279 saeculo
1578 2224 1836 2280 colendus
1859 2225 2105 2294 infertur,
2141 2229 2301 2284 Beth-

711 2311 909 2377 lehem,
940 2312 991 2366 id
1013 2322 1114 2377 est,
1137 2313 1343 2381 Judaea,
1367 2327 1659 2388 martyrum
1677 2319 1936 2387 sanguine
1952 2319 2306 2379 redundante.

711 2403 940 2460 Herodis
967 2421 1096 2461 vero
1137 2405 1287 2463 furor
1319 2417 1376 2463 et
1415 2408 1696 2464 infantium
1749 2410 2072 2479 interfectio,
2127 2412 2310 2484 papuli

711 2498 920 2555 Judaici
968 2501 1019 2554 in
1065 2498 1404 2557 Christianos
1447 2503 1720 2560 saevientis
1766 2511 1852 2560 est
1879 2502 2048 2560 forma
2079 2521 2093 2562 :
2121 2507 2311 2562 existi-

709 2593 910 2646 mantis
952 2606 1011 2647 se
1049 2592 1329 2649 beatorum
1371 2595 1661 2668 Martyrum
1705 2597 1854 2652 caede
1900 2611 2060 2668 posse
2100 2599 2153 2654 in
2194 2613 2312 2654 om-

716 2682 863 2737 nium
911 2683 1016 2739 (ide
1067 2696 1122 2741 et
1177 2685 1512 2756 professione
1583 2687 1781 2744 Christi
1848 2705 2045 2746 nomen
2101 2691 2310 2748 exstin-

703 2789 896 2845 gnere.

789 2873 842 2931 7.
866 2875 1098 2932 Ecclesia
1119 2877 1252 2933 dolet
1272 2873 1572 2934 Judworum
1595 2881 1951 2951 perditionem.
1979 2910 2051 2923 -
2071 2881 2178 2938 Sed
2189 2883 2313 2954 glo-

719 2967 895 3024 riosus
924 2983 1019 3038 per
1047 2971 1362 3040 prophetam
1388 2974 1503 3027 neci
1533 2985 1719 3028 eorum
1750 2973 1923 3028 honor
1949 2973 2210 3040 redditur,
2232 2975 2316 3029 di-

719 3071 958 3128 centem,
1002 3060 1114 3117 Vox
1141 3064 1194 3116 in
1226 3064 1394 3119 Rama
1432 3064 1608 3118 audita
1635 3074 1730 3131 est,
1759 3066 1994 3135 ploratus
2015 3076 2063 3121 et
2086 3067 2315 3122 ululatus

718 3152 935 3218 multus,
984 3153 1181 3210 Rachel
1200 3158 1409 3229 plorans
1430 3159 1566 3228 ﬁlios
1595 3175 1712 3214 suos
1735 3175 1754 3213 :
1777 3170 1825 3214 et
1848 3161 2014 3214 noluit
2033 3162 2314 3226 consolari,

2409 1942 2616 1998 debuit.
2648 1942 2846 1998 Verum
2878 1945 3052 2014 typiea
3079 1946 3217 1999 ratio
3244 1954 3461 2000 servata
3488 1956 3594 2000 est.
3631 1946 3790 2015 Joseplt
3811 1949 3925 2002 enim

2411 2035 2779 2105 apostolorum
2811 2036 2971 2091 habet
3002 2037 3259 2106 speciem,
3289 2036 3491 2107 quibus
3517 2038 3736 2094 Christus
3753 2042 3937 2095 circum-

2411 2125 2670 2182 ferendus
2709 2136 2793 2183 est
2827 2129 3086 2184 creditus.
3115 2129 3184 2184 Hi
3214 2136 3499 2200 tamquam
3533 2130 3726 2186 Herode
3755 2143 3936 2197 mortuo,

2413 2221 2466 2276 id
2494 2231 2598 2284 est,
2635 2223 2834 2292 pepulo
2857 2222 2975 2293 ejus
2997 2223 3052 2277 in
3075 2224 3328 2294 passione
3354 2224 3568 2280 Domini
3589 2224 3847 2293 deperdita,
3870 2225 3938 2280 Ja-

2411 2314 2545 2369 diBlS
2577 2314 2870 2384 praedicare
2897 2326 3022 2370 sunt
3044 2315 3213 2384 jussi;
3245 2315 3404 2370 missi
3427 2317 3569 2371 enim
3601 2327 3745 2373 erant
3767 2316 3824 2371 ad
3839 2333 3938 2373 ovet

2413 2409 2652 2479 perditas
2678 2408 2869 2464 domus
2895 2407 3059 2465 Israel
3084 2427 3098 2463 :
3122 2408 3219 2464 sed
3245 2420 3504 2465 manente
3552 2409 3862 2466 haereditaria:
3883 2411 3943 2464 in-

2414 2502 2696 2558 ﬁdelitatis
2722 2502 2999 2557 dominatu
3051 2509 3302 2558 metuunt
3329 2510 3389 2557 et
3424 2503 3692 2558 recedunt.
3725 2501 3940 2558 Admonui

2417 2610 2513 2666 per
2541 2596 2736 2662 visunt,
2769 2597 2939 2650 sancti
2964 2595 3169 2650 scilicet
3191 2594 3430 2664 Spiritus
3456 2595 3648 2650 donum
3669 2595 3716 2648 in
3739 2594 3936 2665 gentibus

2415 2686 2869 2756 contemplantes,
2918 2686 2986 2742 ad
3032 2701 3127 2742 eas
3175 2685 3516 2743 transferunt
3558 2685 3829 2748 Christum,
3871 2685 3943 2739 la-

2415 2779 2548 2835 daeae
2572 2778 2822 2846 missum,
2853 2779 2950 2834 sed
2993 2779 3158 2835 vitam
3189 2788 3244 2834 et
3279 2778 3513 2834 salutem
3541 2778 3762 2851 gentium
3788 2792 3945 2835 nuncu-

2417 2880 2624 2941 palum.

2490 2965 2544 3020 2.
2584 2965 2806 3020 Joannis
2845 2966 2988 3020 locus
3008 3007 3024 3033 ,
3053 2965 3386 3037 praedicatio,
3419 2967 3641 3032 uestitus,
3663 2966 3805 3020 cibus.
3827 2993 3882 3005 -—
3901 2963 3950 3019 In

2418 3058 2600 3112 diebus
2625 3057 2732 3112 illis
2753 3059 2884 3112 venit
2909 3057 3136 3114 Joannes
3177 3060 3480 3130 praedicans
3510 3062 3562 3114 in
3585 3060 3763 3116 deserto
3778 3057 3949 3124 ledae,

2419 3153 2616 3218 dicens,
2650 3151 3014 3207 Paenitentiam
3055 3153 3227 3223 agite;
3275 3154 3704 3226 appropinquavit
3747 3153 3855 3205 enim
3891 3166 3952 3204 re-

719 3246 841 3313 quia
864 3263 964 3299 non
984 3258 1101 3301 sunt
1123 3247 1340 3320 (Jerem.
1373 3267 1524 3316 xxx1,
1561 3251 2315 3324 15mlMattlt.tt,18).Racltel
2342 3253 2386 3316 C
2420 3263 2575 3320 gnum
2609 3248 2869 3311 εοείθναηιο
2909 3255 3012 3300 θῑοο
3041 3246 3256 3316 (Μαιίίιο
3289 3262 3368 3313 ιιι,
3427 3245 3791 3320 1)-,l"JOiNme
3817 3247 3947 3309 Ιυειιέν

723 3333 893 3390 Jacob
923 3353 1057 3392 uxor
1100 3338 1200 3394 fuit
1242 3341 1335 3396 diu
1360 3342 1589 3409 sterilis;
1621 3342 1716 3397 sed
1743 3344 1947 3399 nullum
1977 3360 2045 3401 ex
2071 3341 2153 3401 his
2183 3363 2320 3417 quos

720 3428 904 3497 genuit
932 3430 1131 3483 amisit.
1169 3431 1366 3486 Verum
1398 3433 1513 3488 haec
1541 3436 1592 3488 in
1621 3433 1816 3491 Genesi
1848 3437 2104 3492 Ecclesiae
2133 3447 2317 3509 typum

724 3519 979 3588 praetulit.
1011 3519 1126 3575 Non
1175 3523 1336 3592 igitur
1381 3523 1521 3579 illius
1553 3540 1651 3579 vox
1704 3536 1756 3581 et
1809 3527 2047 3594 ploratus
2078 3528 2316 3597 auditur,

724 3625 844 3681 quae
873 3611 1076 3666 nullum
1107 3612 1297 3670 habuit
1322 3617 1640 3671 amisstirum
1670 3615 1904 3673 ﬁliorum
1928 3617 2194 3689 dolorem,
2225 3624 2320 3680 sed

723 3702 884 3773 hujus
905 3704 1164 3762 Ecclesiae
1192 3707 1282 3762 diu
1309 3709 1530 3775 sterilis,
1566 3720 1706 3765 nunc
1744 3727 1874 3766 vero
1901 3711 2164 3769 fecundas.
2202 3715 2317 3771 Hu-

716 3796 806 3864 jus
837 3797 1076 3867 ploratus
1101 3815 1166 3856 ex
1199 3801 1340 3871 liliis,
1375 3817 1481 3858 non
1513 3802 1715 3858 idcirco
1745 3805 1866 3876 quia
1887 3817 2198 3879 peremptos
2222 3810 2318 3865 do-

722 3886 885 3954 lebat,
917 3887 1164 3959 auditur;
1198 3893 1292 3948 sed
1331 3896 1452 3966 quia
1499 3896 1566 3952 ab
1611 3895 1696 3952 his
1727 3899 2153 3969 perimebantur,
2183 3918 2318 3974 quos

723 3982 953 4050 primunt
992 3985 1207 4055 genitos
1256 3987 1394 4042 lilios
1453 3988 1689 4044 retinere
1737 3991 2016 4048 voluisset.
2071 3993 2318 4066 Denique

719 4075 990 4131 consolari
1029 4093 1086 4133 se
1126 4078 1300 4135 noluit
1325 4096 1447 4150 qua:
1480 4081 1719 4138 dolebat.
1749 4083 1831 4155 (ά)
1857 4083 1973 4139 Non
2018 4085 2162 4141 enim
2209 4103 2316 4142 non

721 4177 875 4223 erant
899 4169 957 4237 ii,
990 4172 1078 4241 qui
1108 4173 1306 4228 mortui
1346 4176 1694 4243 putabantur;
1730 4176 1784 4230 in
1820 4178 2139 4232 aeternitatis
2169 4177 2314 4234 enim

722 4261 1019 4330 proiectum
1065 4278 1160 4333 per
1192 4267 1436 4338 martyrii
1481 4268 1713 4338 gloriam
1756 4268 2138 4326 cii‘erebantur.
2171 4269 2318 4326 Con-

723 4355 1113 4426 solatioautem
1145 4359 1222 4414 rei
1245 4360 1458 4417 amissa:
1485 4370 1601 4417 erat
1624 4363 1950 4433 prastanda,
1985 4379 2090 4421 non
2121 4372 2311 4420 auctas.

2427 3337 2761 3411 pnedicatio,
2790 3339 3030 3403 vestitus,
3060 3339 3210 3394 cihtts
3232 3347 3315 3394 est
3335 3337 3669 3394 contuendus
3692 3356 3702 3391 :
3727 3348 3856 3408 atque
3877 3336 3948 3398 ita.

2430 3442 2485 3486 ut
2507 3429 2913 3487 meminerimus
2933 3441 3205 3500 gestorum
3231 3433 3522 3487 veritatem
3551 3449 3648 3486 non
3668 3431 3832 3486 idcirto
3848 3441 3950 3482 cor-

2427 3524 2624 3592 rumpi,
2661 3521 2732 3594 (e)
2762 3524 2805 3577 si
2849 3523 3100 3592 gerendis
3143 3524 3305 3578 rebus
3341 3524 3620 3579 interioris
3652 3517 3948 3590 intelligentia:

2429 3615 2564 3670 ratio
2597 3614 2837 3686 subjecta
2874 3613 2965 3673 sit.
3000 3613 3236 3670 Fuerant
3270 3616 3423 3670 enim
3458 3614 3742 3686 prttrdicanli
3763 3620 3807 3667 et
3831 3613 3949 3664 locus

2426 3708 2797 3778 appet-Iunior,
2837 3717 2891 3762 et
2915 3709 3143 3762 vestitus
3173 3709 3378 3775 utilior,
3415 3719 3471 3764 et
3506 3709 3650 3764 cibus
3671 3701 3948 3777 aptiorzsed

2417 3798 2608 3855 subest
2627 3799 2795 3869 gestis
2817 3798 2978 3854 rebus
3017 3799 3345 3868 exemplum,
3373 3811 3437 3856 et
3461 3801 3513 3856 in
3540 3815 3604 3855 eo
3639 3799 3848 3870 operatio
3864 3797 3950 3866 ipsa

2422 3891 2699 3948 meditatio
2724 3899 2825 3946 est.
2857 3889 2992 3946 Nam
3013 3898 3068 3946 et
3092 3891 3156 3944 ad
3189 3891 3462 3947 desertam
3486 3891 3709 3948 Judteam
3731 3887 3790 3961 (ί)
3814 3887 3942 3950 venit,

2419 3986 2688 4042 desertam
2721 3984 2817 4039 Dei
2842 3983 3293 4054 frequentatione,
3325 3999 3437 4041 non
3465 3984 3673 4062 pepuli;
3699 3993 3747 4037 et
3777 3992 3950 4036 Vacuam

2419 4081 2592 4135 sancti
2619 4078 2850 4148 Spiritus
2878 4076 3230 4143 habitatione,
3264 4092 3368 4132 non
3397 4079 3666 4132 hominum
3696 4093 3708 4130 :
3733 4086 3779 4128 ιιι
3800 4071 3949 4144 pra-di-

2423 4173 2648 4229 cationis
2677 4172 2840 4236 locus,
2891 4183 3078 4225 eorum
3116 4170 3311 4242 quibus
3351 4171 3661 4240 praedicatio
3683 4177 3781 4224 crat
3804 4165 3949 4226 missa,

2424 4265 2769 4323 solitudinem
2823 4273 3230 4335 protestaretur.
3275 4262 3647 4320 Pmnitentiam
3677 4275 3856 4333 quoque
3888 4271 3954 4312 rc-

2423 4377 2531 4434 gno
2555 4361 2816 4416 ctelorum
2845 4359 3242 4430 propinquante
3261 4359 3597 4430 pronuntiat,
3622 4372 3711 4428 per
3733 4368 3866 4426 quam
3890 4359 3954 4405 est

727 4577 852 4618 men
880 4577 1066 4640 eorum
1104 4575 1281 4640 sonat,
1316 4569 1537 4639 magicae
1565 4569 1665 4625 arti
1692 4569 1857 4626 fuisse
1884 4570 2096 4627 deditos
2124 4587 2139 4623 :
2173 4569 2315 4640 quod
2342 4573 2396 4634 D
2421 4579 2553 4634 etc.,
2586 4565 2946 4622 emcndantur
2970 4581 3072 4640 ope
3093 4581 3222 4621 mss.
3263 4565 3573 4640 ingquorum
3606 4559 3824 4640 plurimis
3857 4569 3952 4610 cor-

725 4649 938 4708 rursum
984 4636 1144 4693 docet
1175 4637 1269 4694 lib.
1317 4655 1376 4705 tt,
1407 4636 1474 4695 de
1519 4641 1694 4708 Trin.,
1749 4658 1804 4699 η.
1853 4643 1945 4708 27,
1995 4651 2050 4697 et
2093 4636 2204 4698 libi
2241 4655 2313 4708 tv,

727 4705 893 4783 meo,
919 4722 1089 4783 eaque
1112 4711 1164 4783 in
1180 4714 1647 4768 reconsentientes
1671 4705 1828 4768 habet
1847 4705 2132 4783 lgnatium,
2155 4705 2316 4783 epist,

728 4776 796 4856 ad
843 4776 1083 4848 Ephes.;
1134 4780 1426 4856 Iustinum,
1460 4784 1738 4856 Dial.cum
1781 4776 1984 4856 Tryph.
2033 4776 2320 4856 Origenem

729 4849 822 4904 lib.
857 4864 897 4913 ι,
927 4861 1116 4906 contra
1161 4853 1347 4918 Cels.;
1380 4855 1748 4920 Ambrosium,
1796 4849 1909 4910 lilif
1949 4871 2006 4921 ll,
2053 4857 2104 4909 in
2131 4849 2318 4921 'Luc.,

731 4935 784 4974 η.
809 4934 956 4998 μνη
982 4931 1040 4976 et
1062 4939 1229 4998 xtvttt
1250 4942 1264 4991 ;
1283 4925 1692 4998 Hieronymum,
1718 4929 1768 4980 in
1791 4927 1915 4980 Esa.
1936 4942 2030 4980 xIx
2058 4934 2114 4981 et
2141 4942 2317 4992 xum,

729 4991 820 5060 qui
854 5001 1030 5048 tamen
1063 4996 1132 5066 ab
1163 4996 1262 5050 hac
1289 4991 1543 5066 opinione
1574 4991 1828 5053 recedere
1851 4998 2062 5051 videtur
2099 4999 2151 5051 in
2182 4999 2314 5052 Dan.

730 5076 782 5115 c.
827 5077 886 5127 tt,
917 5066 1003 5117 ubi
1048 5065 1156 5120 ait:
1191 5065 1517 5124 Consuetudo
1551 5081 1720 5124 autem
1759 5079 1807 5124 et
1833 5085 1998 5124 sermo
2034 5069 2320 5122 communis

733 5130 917 5204 Magos
940 5152 1031 5203 pro
1053 5138 1301 5209 maleﬁcis
1351 5141 1542 5212 accepit
1563 5184 1575 5206 ,
1612 5142 1700 5211 qui
1724 5140 2151 5212 aliter_habentur
2177 5139 2320 5209 apud

733 5215 926 5282 gentem
956 5223 1126 5282 suam,
1159 5227 1217 5264 eo
1247 5211 1385 5281 quod
1410 5210 1510 5266 sint
1538 5210 1830 5282 philosophi
1864 5210 2247 5276 Chaldaorum,
2271 5221 2321 5266 et

734 5275 804 5356 ad
823 5278 949 5332 artis
967 5279 1120 5356 hujus
1148 5275 1412 5356 scientiam
1433 5275 1576 5353 reges
1598 5275 1797 5356 quoque
1821 5293 1867 5339 et
1895 5283 2156 5354 principes
2183 5275 2323 5354 ejus-

735 5346 848 5428 dem
869 5346 1041 5428 gentis
1067 5354 1242 5428 omnia
1264 5355 1480 5428 faciunt.

831 5420 887 5498 tr)
925 5422 980 5498 in
1013 5423 1184 5479 tribus
1213 5420 1345 5481 mss.
1377 5429 1532 5482 totius
1557 5428 1886 5498 aqualitatis.

833 5492 884 5564 b)
931 5493 1042 5570 Duo
1073 5510 1204 5550 mss.
1254 5499 1487 5570 parvulo.
1531 5492 1775 5567 Quatuor
1799 5499 1910 5566 alii,
1947 5498 2209 5568 paruulis;
2268 5505 2324 5553 et

737 5577 884 5630 ηιυκι
923 5576 977 5619 αι
997 5564 1198 5634 Iesum,
1224 5564 1321 5637 pro
1353 5581 1405 5624 ut
1430 5564 1575 5624 eum;
1607 5570 1781 5626 Verba
1812 5564 2142 5640 evangeliea,
2177 5571 2323 5640 futu-

741 5652 856 5689 rum
887 5647 960 5689 est
982 5641 1112 5691 enim
1131 5650 1183 5693 ut
1214 5641 1446 5695 Herodes
1472 5653 1668 5712 quwrat
1689 5660 1900 5713 puerum
1922 5641 1989 5695 ad
2009 5641 2324 5713 perdendum

748 5713 1188 5784 c.utt_t,_postulant
1217 5716 1418 5782 parvuli
1445 5711 1534 5768 aut
1567 5711 1795 5783 paruulo.
1828 5711 2086 5784 Caput".
2117 5714 2168 5766 in
2192 5727 2324 5767 mss.

746 5777 990 5853 incipitit
1010 5777 1390 5853 superioribus
1414 5777 1615 5853 verbis,
1651 5786 1870 5842 Parente
1888 5777 2078 5849 autem,
2111 5796 2217 5839 etc.

829 5847 902 5918 (c)
944 5847 1107 5922 Editi,
1136 5852 1410 5914 Judaicam
1438 5847 1724 5928 relinquens
1750 5847 2093 5933 ignorantiam
2116 5853 2326 5926 seculo,

2426 4651 2580 4708 rupte
2610 4648 2788 4693 exstat
2811 4639 3159 4711 ignorantium
3179 4634 3388 4692 swculo.
3417 4636 3518 4711 Hie
3537 4634 3763 4711 siccatam
3788 4643 3947 4711 σομε·

2427 4695 2662 4766 minatur
2690 4695 2870 4778 δεξηεὶ
2903 4709 3010 4764 Deo
3049 4709 3258 4772 aliena;
3286 4709 3560 4778 quomodo
3589 4709 3639 4761 in
3669 4719 3742 4775 ps.
3781 4717 3814 4767 t,
3837 4695 3882 4754 ti.
3905 4695 3948 4760 6ο

2423 4783 2685 4858 εωειιβαιξε
2707 4783 2801 4845 vir,
2835 4781 2926 4858 qui
2957 4779 3022 4835 ad
3049 4779 3321 4858 Christum
3349 4794 3459 4858 non
3480 4779 3720 4858 pertinet.

2497 4853 2580 4924 (ά)
2623 4849 2879 4907 Erasmus
2908 4853 2960 4906 in
3001 4851 3234 4924 quodam
3263 4851 3448 4906 codice
3480 4849 3733 4924 reperisse
3756 4849 3949 4924 selttsléj

2422 4920 2716 4999 tur,Neqt_t_e
2739 4924 2873 4977 enim
2903 4933 3047 4999 erant
3073 4923 3109 4975 ii
3140 4924 3247 4990 qui,
3279 4931 3417 4999 etc.,
3445 4920 3590 4999 quod
3618 4920 3949 4999 llOllOI‘elel‘lEo

2423 4983 2607 5056 sensu,
2632 4983 2698 5048 ’Ν
2701 5011 2822 5066 eque
2842 4995 2972 5048 enim
3004 4983 3363 5066 erant'mortui
3384 4983 3412 5056 ,'
3429 4983 3516 5066 qui
3552 4989 3726 5066 mortui
3748 4983 3949 5066 palatia":

2425 5077 2507 5121 tur
2527 5081 2551 5140 A:
2580 5054 2760 5140 minus
2790 5075 2966 5120 tamen
2995 5066 3061 5119 ad
3087 5079 3223 5120 rem.
3256 5054 3594 5133 Vult—quippe
3623 5054 3941 5140 Hilariushau

2425 5138 2613 5201 verba,
2647 5139 2769 5204 quia
2786 5153 2889 5190 non
2906 5147 3044 5202 sunt,
3065 5152 3171 5190 non
3192 5146 3552 5208 consentanea
3564 5145 3678 5186 esse
3695 5134 3756 5208 iis
3766 5141 3840 5208 qul
3857 5134 3950 5208 pef-

2425 5210 2759 5264 secutionem
2798 5207 3188 5279 tg'uerintpassi,
3235 5205 3328 5273 qui
3354 5204 3564 5279 nedum
3593 5216 3692 5279 non
3712 5204 3830 5279 sint.
3856 5205 3944 5279 "fc:

2425 5281 2704 5355 lius_s_unt;
2729 5277 2832 5355 sed
2849 5279 2914 5333 iis
2935 5269 3196 5355 qui'illam
3219 5269 3500 5355 oscitando
3519 5274 3586 5329 ab
3611 5269 3841 5355 Ecclesia

2427 5350 2756 5417 exciderint,
2786 5344 3102 5421 eique—adeo
3134 5349 3245 5405 sint
3271 5346 3486 5419 perditi,
3519 5355 3575 5401 ut
3606 5344 3711 5414 jam
3740 5351 3846 5395 vere
3869 5344 3948 5388 non

2426 5424 2554 5480 sint.
3437 5489 3441 5490 ,
3482 5489 3485 5490 ν
3520 5489 3525 5490 ,
3787 5479 3812 5490 Α.

2604 5492 2898 5567 Beccensis
2924 5491 3140 5567 ms._s_ed
3155 5490 3408 5567 gerendis.
3433 5489 3714 5558 Diligenter
3726 5470 3948 5567 ῃιὶξὶςῐξιξίι

2430 5554 2764 5621 ιιειὶοἨὶιπίἰ
2794 5554 3253 5633 ρνωηιοηίιὶοξηθ
3273 5561 3522 5633 deinceps
3537 5554 3830 5633 freeouditgs
3853 5558 3948 5633 aliis:

2429 5616 3186 5707 Fi'é.is"'s'Ei-i.'ninaé“senem;,
3235 5616 3418 5690 rerum
3464 5616 3702 5686 videatur
3729 5616 3948 5678 ollendcre

2429 5709 2730 5763 veritatem.
3938 5751 3948 5764 .

2515 5780 2583 5864 (fi
2622 5779 2944 5864 Apudd‘ar.
2973 5777 3209 5845 venitur;
3251 5786 3306 5864 et
3330 5792 3469 5842 mox,
3507 5774 3571 5849 ,in
3602 5780 3797 5829 uacum
3826 5764 3946 5818 sunt“

2433 5851 2664 5926 Spiritus
2690 5851 3089 5921 habitationem;
3119 5851 3399 5911 mendose.
