4222 6262
356 358 464 412 925

1337 349 1884 409 COMMENTARIUS
1922 350 1988 409 IN
2026 350 2460 408 ΜΑΤΤιΙιΕυΜ.
2505 349 2659 406 CAP.
2700 350 2764 407 Il.

3552 353 3658 409 99.6

355 469 557 526 reditus
601 467 668 523 ab
697 481 903 533 errore,
955 474 1011 520 et
1060 480 1310 522 recursus
1338 481 1367 520 a
1398 465 1645 530 crimine,
1697 463 1864 538 674
1904 474 1960 522 ct
1983 476 2036 536 Α
2062 473 2209 529 sum,
2257 466 2310 520 in
2361 464 2559 520 diaboli
2603 466 2918 536 progeniem
2967 465 3285 522 infidelitate
3340 474 3657 525 mutentur:

352 575 476 635 post
499 561 577 634 (α)
606 561 854 616 vitiorum
898 559 1157 630 pudorem
1207 559 1472 630 professio
1512 559 1792 615 desinendi
1836 577 1848 615 :
1893 567 1952 616 ut

353 655 566 709 deserta
593 651 777 708 Judzua
806 652 1140 708 meminisset
1188 666 1310 707 eum
1349 666 1410 707 se
1449 662 1847 722 suscepturam,
1894 655 1946 706 in

353 763 461 818 quo
488 745 746 802 ccelorum
773 752 857 800 est
880 760 1102 814 regnum
1154 760 1168 809 ;
1201 760 1308 800 non
1333 760 1554 800 vacuam
1584 745 1839 815 deinceps
1868 743 1951 800 fu-

355 848 552 903 turam,
583 839 626 892 si
654 853 712 893 se
735 853 764 890 a
788 839 1060 892 veteribus
1086 838 1226 892 vitiis
1253 836 1584 906 poenitentiae
1611 836 1952 894 confessione

353 939 654 1003 purgasset.
688 927 818 983 Pilis
837 927 1000 983 etiam
1031 927 1361 983 camelorum
1403 928 1566 984 veStis
1586 928 1821 992 adtexta,
1854 944 1949 1000 pe-

351 1022 628 1095 regrinum
684 1019 1013 1090 prophetica:
1059 1021 1212 1075 istius
1257 1020 1658 1090 praedicationis
1708 1020 1950 1076 habitum

350 1116 598 1186 designat
626 1133 638 1168 :
669 1129 790 1169 cum
821 1113 1030 1168 exuviis
1072 1113 1468 1168 immundarum
1504 1113 1791 1183 pecudum,
1824 1114 1948 1184 qui-

349 1209 456 1268 bus
485 1223 643 1281 pares
675 1207 752 1279 (b)
784 1207 1179 1270 existimamur,
1208 1206 1406 1262 Christi
1432 1207 1752 1277 prscdicator
1775 1206 1948 1263 indui-

350 1314 473 1370 tur;
504 1305 667 1372 litque
694 1301 1084 1358 sanctificatum
1116 1300 1301 1356 habitu
1335 1301 1660 1371 pr0phetali,
1690 1301 1947 1372 quidquid

349 1399 404 1453 in
434 1397 586 1451 nobis
610 1397 692 1450 vel
732 1393 926 1450 inutile
953 1393 1128 1448 fuerat
1164 1405 1311 1460 ante,
1341 1394 1423 1448 vel
1455 1394 1751 1449 Sordidum.
1787 1394 1948 1458 longe

348 1501 530 1548 autem
574 1490 906 1561 prmcinciio,
941 1490 1128 1544 efﬁcax
1155 1489 1208 1542 in
1251 1504 1411 1544 omne
1441 1504 1576 1559 Opus
1627 1490 1823 1544 bonum
1865 1496 1950 1544 est

347 1593 636 1655 apparatus
665 1600 678 1636 :
712 1592 770 1637 ut
795 1581 862 1636 ad
904 1597 1065 1636 omne
1108 1581 1465 1636 ministerium
1507 1580 1705 1637 Christi
1751 1579 1823 1652 (c)
1853 1596 1950 1635 vo-

347 1677 550 1732 luntate
577 1675 746 1729 simus
775 1674 1027 1728 accincti.
1074 1672 1130 1727 In
1162 1688 1316 1728 esum
1347 1673 1508 1728 etiam
1549 1672 1820 1741 eliguntur
1865 1671 1946 1727 lo-

349 1776 537 1832 custa},
585 1767 802 1836 fugaces
841 1767 1117 1821 hominum
1145 1807 1159 1831 ,
1209 1777 1264 1821 et
1308 1765 1374 1820 ad
1423 1782 1637 1821 omnem
1681 1765 1947 1822 adventus

2055 557 2272 628 quando
2295 566 2350 612 et
2375 557 2634 614 Pharisaei
2658 558 2962 628 viperarum
3001 561 3148 614 natio
3176 571 3572 627 nuneupantur,
3601 571 3658 618 et

2053 649 2303 720 gloriatio
2329 649 2491 723 675
2524 649 2841 705 sanctificali
2882 651 3122 720 parentis
3147 651 3229 706 eis
3257 653 3550 716 inhibetur.
3597 662 3654 711 et

2053 756 2120 795 ex
2167 742 2311 795 saxis
2355 757 2417 795 ac
2449 741 2673 812 rupibus
2719 741 2951 797 Abrahae
2999 743 3091 797 lilii
3142 745 3464 812 excitantur,
3497 755 3550 800 et
3594 755 3656 802 ut

2052 843 2341 906 operantes
2362 836 2550 906 dignos
2574 835 2778 890 fructus
2803 836 3131 905 poenitentiae
3151 838 3256 891 sint
3274 837 3652 896 admonentur:

2055 937 2112 984 ιιι
2136 930 2225 1000 qui
2249 929 2523 985 diabolum
2569 938 2778 999 patrem
2804 929 3009 987 habere
3051 941 3347 1001 cmperant,
3399 949 3519 988 cum
3547 936 3650 1003 eis,

2052 1024 2142 1094 qui
2171 1023 2240 1078 de
2269 1023 2540 1093 lapidibus
2587 1026 2974 1093 excitarentur,
3026 1039 3238 1082 rursum
3267 1027 3504 1085 Abrahze
3555 1029 3652 1086 filii

2054 1131 2148 1186 per
2178 1115 2335 1171 fidem
2371 1115 2520 1171 fiant.

2124 1211 2180 1265 ι.
2205 1208 2440 1266 Christus
2465 1220 2638 1266 noster
2655 1223 2882 1267 serrator
2902 1223 2950 1267 et
2971 1213 3149 1282 iudex.
3169 1245 3241 1254 —
3267 1215 3486 1270 Securis
3517 1232 3648 1271 vero

2051 1303 2325 1359 radicibus
2351 1305 2603 1361 arborum
2635 1308 2878 1376 apposita
2919 1316 3142 1362 testatur
3169 1306 3380 1380 (Matth.
3419 1325 3498 1375 ιιι,
3531 1309 3643 1382 10)

2052 1396 2130 1468 (g)
2153 1397 2244 1467 jus
2271 1399 2552 1467 praesentis
2579 1399 2628 1452 in
2660 1398 2877 1454 Christo
2921 1402 3236 1470 petestatis,
3288 1400 3648 1458 infructuosa-

2050 1505 2168 1546 ruin
2199 1491 2452 1546 arborum
2479 1492 2626 1548 caede
2647 1494 3156 1548 et-concrcmatione
3193 1493 3502 1564 significans
3526 1497 3645 1550 inu-

2051 1582 2159 1638 tilis
2187 1582 2422 1652 perfidia:
2446 1583 2714 1640 excidium
2744 1583 2820 1656 (It)
2848 1584 3255 1655 conflagrationi
3282 1586 3468 1653 judicii
3501 1603 3642 1656 pra:-

2051 1674 2244 1745 parari.
2281 1673 2350 1730 Et
2375 1677 2496 1744 quia
2527 1675 2684 1746 Legis
2715 1691 2850 1743 Opus
2874 1677 2936 1747 (i)
2973 1687 3115 1730 esset
3145 1678 3257 1747 jam
3288 1678 3532 1734 inefficax
3566 1679 3632 1734 ad

2049 1769 2319 1833 salutem,
2377 1777 2432 1822 et
2472 1768 2708 1823 Joannes
2781 1769 3114 1838 baptizandis
3165 1770 3222 1822 in
3275 1771 3642 1838 ptenitentiam

350 1861 518 1916 nostri
565 1874 783 1915 sensum
817 1859 1095 1914 evolantes
1122 1875 1134 1912 :
1166 1873 1266 1913 nos
1305 1857 1534 1922 scilicet,
1581 1857 1678 1928 qui
1701 1859 1768 1914 ab
1798 1859 1946 1914 oumi
1979 1869 2025 1928 Β
2054 1862 2270 1917 nuntius
2301 1862 2597 1917 exstitisset
2637 1863 2654 1933 (
2690 1863 3071 1930 prephetarum
3102 1862 3245 1918 enim
3268 1862 3504 1918 officium
3528 1877 3646 1921 erat

348 1966 600 2008 sermone
620 1960 674 2006 et
701 1965 992 2020 congressu
1025 1949 1406 2020 proiihetarum
1452 1950 1532 2021 (d)
1562 1951 1692 2020 ip.is
1729 1951 1952 2021 quibus~

347 2044 471 2101 dam
501 2059 784 2114 corporum
817 2043 1046 2098 saltibus
1067 2041 1450 2099 efferebantur.
1481 2042 1775 2098 Voluntate
1807 2043 1948 2112 vagi,

349 2138 607 2210 operibus
644 2137 881 2204 inutiles,
909 2135 1091 2191 verbis
1119 2135 1359 2205 queruli,
1405 2133 1482 2207 (ε)
1515 2135 1618 2191 fide
1659 2137 1949 2206 peregrini,

353 2248 500 2289 nunc
525 2247 709 2286 sumus
735 2240 1048 2287 sanctorum
1079 2231 1333 2285 alimonia
1369 2237 1425 2284 et
1455 2231 1678 2285 satietas
1721 2229 1952 2300 prophe-

353 2335 529 2380 tarum
555 2323 714 2380 electi
737 2322 901 2378 simul
935 2337 1058 2378 cum
1087 2321 1247 2377 melle
1272 2320 1506 2376 silvestri
1534 2339 1548 2377 :
1580 2320 1950 2377 dulcissimum

353 2432 420 2474 ex
452 2417 607 2472 nobis
626 2416 829 2479 cibum,
859 2431 967 2470 non
988 2430 1057 2470 ex
1080 2415 1331 2469 alveariis
1355 2414 1509 2485 legis,
1533 2413 1629 2470 sed
1655 2429 1720 2469 ex
1747 2413 1954 2469 truncis

351 2509 679 2564 silvestrium
705 2508 962 2562 arborum
984 2505 1285 2576 praebituri.

427 2601 480 2656 5.
523 2597 693 2654 Fih'os
723 2599 942 2653 Abraha
973 2596 1048 2652 vel
1077 2596 1270 2651 diaboli
1307 2597 1431 2668 facit
1472 2596 1602 2666 ﬁdes
1643 2604 1734 2650 aut
1771 2594 1954 2667 inﬁde-

355 2697 494 2752 litas.
524 2723 597 2738 —
626 2694 742 2750 'l‘ali
778 2694 937 2763 igitur
966 2691 1207 2748 Joannes
1261 2690 1448 2746 habitu
1488 2691 1812 2761 praedicans,
1860 2705 1955 2746 ve-

363 2791 574 2846 nientes
601 2789 904 2844 Pbarisseos
927 2795 984 2842 et
1012 2786 1338 2843 Sadducteos
1357 2785 1423 2840 ad
1453 2785 1802 2854 baptismum,
1835 2802 1954 2855 pro-

355 2883 527 2956 genies
555 2887 830 2950 nuncupat
864 2881 1196 2952 viperarum:
1228 2877 1457 2933 fructum
1495 2887 1549 2932 ut
1584 2877 1800 2948 dignum
1826 2892 1957 2947 pm-

355 2974 598 3031 nitentia:
661 2973 860 3029 faciant
905 2982 1128 3040 tnonet,
1188 2987 1323 3027 neve
1399 2970 1670 3026 Abraham
1749 2978 1956 3040 patrem

356 3066 558 3122 habere
582 3081 643 3122 se
667 3067 986 3137 glorientur,
1027 3065 1151 3135 quia
1189 3079 1260 3120 ex
1294 3063 1558 3134 lapidibus
1583 3064 1726 3120 Deus
1767 3072 1957 3134 potens

356 3172 441 3217 est
506 3161 740 3217 Abrahae
788 3160 930 3216 filios
972 3159 1212 3216 excitare
1257 3158 1470 3229 (Matth.
1531 3173 1610 3222 ιιι,
1661 3157 1804 3228 7-9).
1835 3156 1954 3213 Non

2051 1969 2082 2008 a
2115 1953 2347 2023 peccatis
2372 1967 2625 2008 revocare
2646 1995 2660 2017 ,
2691 1952 2893 2008 Christi
2933 1969 3064 2008 vero
3103 1955 3398 2023 proprimn,
3431 1957 3642 2013 salvare

2051 2046 2390 2112 credentes);
2417 2061 2474 2100 se
2503 2045 2721 2116 quidem
2747 2045 3019 2115 baptizare
3046 2047 3099 2101 in
3143 2049 3518 2117 ptenitentiam
3564 2049 3644 2104 di-

2052 2140 2145 2202 cit,
2174 2139 2267 2194 sed
2301 2138 2577 2194 fortiorem
2609 2153 2729 2194 esse
2756 2148 3071 2205 venturum,
3114 2139 3269 2210 cujus
3299 2141 3643 2198 ferendorum

2054 2229 2128 2302 (j)
2155 2232 2645 2303 calceamentorum
2675 2231 2746 2285 sit
2788 2229 3038 2302 indignus
3065 2231 3240 2287 officio
3287 2233 3448 2304 (Ibid.
3477 2236 3538 2289 11
3573 2232 3592 2306 )
3627 2254 3640 2288 ;

2053 2322 2314 2393 apostolis
2333 2320 2777 2379 circumferendae
2807 2323 3200 2391 praedicationis
3234 2324 3460 2394 gloriam
3486 2327 3644 2383 dere-

2053 2413 2322 2484 linquens,
2373 2413 2567 2483 quibus
2612 2413 2872 2483 speciosis
2919 2415 3142 2483 pedibus
3193 2431 3377 2486 pacem
3406 2418 3500 2474 Dei
3531 2428 3649 2476 erat

2055 2504 2293 2562 debitum
2322 2505 2569 2561 nuntiare
2594 2504 2746 2578 (Esa.
2781 2521 2874 2572 ιιι,
2907 2505 2984 2577 7).
3017 2508 3214 2563 Salutis
3243 2508 3406 2578 igitur
3447 2517 3650 2567 nostra

2055 2597 2315 2668 etjudicii
2350 2606 2559 2669 tempus
2589 2598 2834 2668 designat
2878 2598 2931 2654 in
2981 2600 3242 2666 Domino,
3272 2601 3482 2669 dicens,
3532 2603 3638 2658 ltfs

2056 2693 2332 2761 baptizabit
2354 2708 2437 2746 vos
2464 2693 2516 2746 in
2544 2691 2749 2762 Spiritu
2779 2702 2955 2748 sancto
2978 2703 3023 2746 et
3045 2693 3151 2764 igni
3173 2709 3191 2749 .°
3213 2693 3334 2763 quia
3361 2695 3646 2762 baptizatis

2059 2784 2113 2840 in
2135 2783 2336 2854 Spiritu
2363 2792 2570 2848 sancto,
2621 2785 2886 2855 reliquum
2914 2786 2984 2842 sit
3023 2787 3387 2842 consummari
3414 2787 3488 2859 (k)
3524 2789 3648 2858 igne

2052 2876 2260 2949 iudicii.
2289 2875 2340 2930 Η
2347 2876 2500 2930 abens
2524 2877 2853 2932 ventilabrum
2875 2879 2926 2931 in
2949 2895 3126 2944 manu,
3151 2888 3199 2932 et
3220 2879 3456 2952 purgabit
3477 2895 3648 2936 aream

2059 2985 2225 3034 suam,
2255 2977 2303 3022 et
2323 2968 2648 3038 congregabit
2671 2969 2891 3023 triticum
2911 2985 3064 3024 suum
3091 2972 3142 3024 in
3166 2969 3442 3038 horreum;
3471 2971 3646 3042 paleas

2059 3072 2228 3116 autem
2256 3061 2509 3117 comburet
2543 3061 2651 3134 igni
2693 3061 3095 3133 inemstinguibili
3139 3058 3352 3135 (Matth.
3396 3079 3475 3128 ιιι,
3529 3063 3644 3133 I2).

2062 3157 2354 3213 Ventilabri
2378 3172 2511 3226 opus
2537 3166 2640 3219 cst,
2671 3159 2737 3211 ab
2761 3156 3110 3212 infructuosis
3140 3154 3415 3212 fructuosa
3445 3155 3650 3212 discerv

357 3255 498 3311 enim
530 3255 803 3310 successio
829 3255 1007 3310 carnis
1037 3255 1328 3324 quaeritur,
1366 3252 1458 3308 sed
1494 3251 1617 3307 fidei
1648 3251 1954 3308 hmreditas.
1986 3252 2031 3316 C
2063 3263 2212 3304 nere.
2244 3247 2398 3316 Quod
2443 3248 2492 3300 in
2525 3263 2682 3301 manu
2723 3247 2935 3301 Domini
2978 3246 3068 3314 sit,
3117 3247 3400 3302 arbitrium
3449 3247 3653 3303 iudicat

359 3348 598 3418 Dignitas
631 3350 792 3418 igitur
810 3348 1032 3418 originis
1053 3347 1108 3401 in
1135 3359 1358 3415 operum
1382 3345 1627 3401 consistit
1647 3344 1910 3416 exemplis
1939 3361 1951 3397 :

357 3450 414 3497 et
443 3442 708 3511 prosapi-se
735 3441 906 3512 gloria
936 3439 1057 3495 fidei
1086 3439 1385 3494 imitatione
1415 3439 1695 3494 retinetur.
1729 3439 1803 3509 (ί)
1835 3437 1958 3492 Dia-

356 3536 516 3593 bolus
536 3536 789 3601 infidelis,
816 3534 1092 3590 Abraham
1123 3533 1317 3588 lidelis.
1350 3532 1482 3588 Nam
1516 3531 1605 3587 ille
1636 3531 1686 3586 ln
1721 3529 1954 3586 hominis

359 3628 788 3698 transgressione
818 3626 917 3682 fuit
960 3625 1217 3697 perfidus,
1252 3625 1340 3681 hic
1372 3641 1500 3681 vero
1522 3623 1850 3695 justlficatus
1886 3638 1953 3680 ex

361 3720 470 3775 fide
495 3729 598 3776 est.
629 3722 790 3792 Igitur
816 3720 1235 3790 uniuscujusque
1265 3734 1448 3775 mores
1488 3729 1650 3788 atque
1686 3719 1794 3773 vita
1826 3731 1954 3787 pro-

361 3814 711 3884 pinquitatem
738 3813 1072 3884 cognationis
1094 3813 1358 3883 acquirit:
1381 3821 1438 3866 ιιι
1475 3813 1565 3882 qui
1595 3810 1781 3866 fideles
1805 3817 1952 3874 sunt,

361 3906 594 3963 Abraha:
625 3921 862 3978 propago
886 3922 979 3977 per
1008 3906 1170 3963 fidem
1196 3906 1338 3971 sint;
1383 3905 1472 3976 qui
1502 3914 1678 3959 autem
1713 3903 1958 3958 infideles

433 4073 508 4146 (η)
545 4072 629 4128 Ab
658 4071 849 4127 effectu
875 4068 1145 4126 confessio
1169 4068 1256 4123 hic
1284 4066 1641 4137 significatur.

429 4161 506 4237 (b)
546 4159 1063 4237 Gentes__nit_niru_m.
1098 4159 1258 4237 U_ndc_
1296 4158 1431 4237 infra
1463 4172 1583 4237 cap.
1616 4156 1706 4222 I9,
1753 4171 1807 4237 ιι.
1842 4153 1903 4209 II
1937 4172 1950 4209 :

358 4228 730 4305 1η’ρὶνίιηονάὶο
755 4233 890 4305 fibri,
917 4233 1007 4288 sub
1028 4233 1208 4286 vestitu
1228 4229 1451 4286 Joannis
1471 4272 1486 4300 ,
1535 4230 1590 4283 in
1611 4228 1805 4283 camelo
1828 4241 1954 4301 gen-

361 4318 432 4364 tes
460 4307 743 4380 signiﬁcari
773 4304 1155 4359 admonuimus.

437 4395 508 4471 (c)
549 4393 715 4471 Editi,
747 4395 1277 4471 volun_tatis_cingulo.
1299 4395 1356 4471 In
1379 4404 1614 4471 quatuor
1630 4395 1959 4471 mss._exstat

359 4461 714 4535 voluntatisﬁn
733 4461 1248 4536 c-.eteris,uofunt'ate;
1265 4466 1359 4522 sed
1379 4461 1431 4520 in
1455 4466 1602 4520 nullo
1616 4480 1716 4518 vox
1731 4461 1956 4535 cingulo.

437 4563 517 4632 (ά)
561 4561 682 4624 Ειν..
708 4561 853 4629 Lips.
887 4569 942 4614 et
972 4560 1091 4614 Par.
1115 4559 1306 4632 impiis
1328 4557 1640 4632 (quibusdam
1672 4572 1690 4611 :
1723 4554 1855 4610 Bad.
1902 4562 1960 4613 et

362 4629 506 4690 mss.
532 4649 725 4703 magno
754 4647 1022 4687 consensu
1048 4629 1463 4700 refragantibus.

436 4725 510 4794 (ε)
552 4724 607 4778 ln
630 4725 861 4794 vulgatis
890 4723 1219 4794 ac‘plurihns
1242 4734 1372 4776 mss.
1411 4719 1549 4775 sede.
1585 4720 1754 4790 Magis
1786 4720 1964 4791 placet

361 4791 640 4852 cum-mss.
671 4791 824 4849 Golb.
860 4803 914 4849 et
939 4791 1161 4848 Carnut.
1194 4793 1315 4863 ﬁde.

435 4889 501 4962 (Ῑ)
542 4887 652 4943 lloc
685 4884 1002 4962 vocabulum
1033 4886 1234 4962 alia‘ah
1262 4884 1484 4962 Hilario,
1509 4901 1667 4954 quam
1691 4901 1720 4939 a
1745 4885 1961 4942 caeteris

340 4955 639 5024 Pa't'rihus,
667 4961 877 5014 ratione
908 4957 1306 5028 pronuntiatum
1330 4955 1522 5022 fuisse,
1554 4972 1676 5011 cum
1708 4972 1813 5012 non
1842 4974 1962 5013 eon-

361 5041 467 5088 stet
500 5049 562 5086 ex
599 5046 729 5085 mss.
764 5031 814 5083 in
837 5029 1476 5100 quorumvetustissimis
1513 5028 1694 5098 legere
1733 5039 1814 5084 est
1843 5029 1960 5082 dia-

361 5104 545 5167 bulus;
587 5104 637 5156 in
665 5097 982 5172 quibusdam
1010 5098 1238 5164 zabulus,
1267 5097 1320 5152 in
1366 5099 1498 5172 aliis,
1515 5101 1748 5154 diabolus
1776 5115 1793 5165 ;
1859 5100 1962 5155 hoc

365 5171 868 5244 posteriore’inodo
898 5178 1218 5244 constanter
1251 5171 1596 5244 scribendum
1625 5172 1957 5244 curavimus,

357 5239 479 5300 cum
502 5243 774 5299 interdum
798 5241 1063 5310 diabolus,
1093 5243 1290 5313 saepius
1318 5242 1530 5297 zabulus
1582 5243 1637 5298 in
1665 5244 1812 5314 prius
1841 5239 1959 5297 vul-

365 5319 499 5388 gatis
528 5317 838 5372 obtinuerit.

430 5408 506 5480 (α)
545 5405 620 5460 lta
645 5421 757 5480 ms._
781 5405 943 5480 (Sara.
976 5402 1271 5480 cuin_(_3_olb.
1298 5402 1369 5458 At
1396 5404 1518 5480 vim,
1549 5419 1658 5480 non
1682 5405 1794 5477 jus,
1821 5419 1959 5474 prac-

357 5475 600 5534 fcr’t'sma
631 5477 798 5532 editio
831 5477 952 5531 Par.
982 5477 1035 5530 In
1068 5475 1187 5531 aliis
1229 5487 1407 5530 autem
1441 5476 1591 5530 libris
1620 5475 1773 5532 deest
1802 5485 1961 5530 testa-

361 5562 444 5624 tur
463 5553 557 5624 jus
585 5549 851 5624 praesentis
875 5549 926 5601 in
951 5547 1155 5624 Christo
1181 5547 1462 5624 potestatis.
1497 5545 1616 5602 Mox
1641 5562 1708 5602 ex
1741 5546 1808 5603 iis
1842 5545 1964 5618 qui-

357 5617 480 5676 dam
508 5617 605 5691 pro
627 5620 951 5693 signiﬁcans,
987 5618 1184 5672 habent
1213 5617 1494 5689 signiﬁcat.

440 5716 519 5786 (h)
559 5715 657 5770 Ms.
687 5711 1522 5786 Becc.(confractionegquinque
1544 5711 1655 5786 alii,
1679 5714 1970 5786 con/(agra-

378 5781 514 5845 tione
544 5805 561 5842 :
587 5786 746 5842 male.
768 5786 796 5839 \
814 5785 888 5840 ult
909 5781 1142 5840 Hilarius
1161 5781 1426 5848 infideles,
1445 5782 1570 5838 dum
1585 5782 1697 5852 jam
1719 5781 1977 5840 excidun-

384 5871 489 5928 tur,
512 5860 619 5934 igni
643 5873 750 5934 quo
770 5858 823 5916 in
842 5857 1046 5934 judicio
1065 5853 1472 5930 conflagrabunt
1486 5854 1797 5931 praeparari.
1822 5854 1978 5918 Haud

2066 3341 2368 3413 potestatis,
2401 3341 2633 3396 triticum
2664 3355 2836 3403 suum,
2873 3341 3138 3410 perfectos
3165 3341 3374 3396 scilicet
3421 3339 3652 3396 creden-

2065 3434 2196 3488 tium
2223 3435 2450 3498 fructus,
2489 3433 2698 3487 horreis
2739 3432 3117 3498 r'econdentis;
3164 3433 3342 3501 paleas
3401 3448 3554 3499 vero,
3588 3432 3653 3506 (Ι)

2063 3527 2116 3583 id
2144 3539 2245 3593 est,
2283 3527 2550 3582 inutilium
2577 3537 2736 3595 atque
2761 3526 3211 3582 infructuosorum
3237 3526 3512 3584 hominum
3541 3528 3654 3583 ina-

2061 3622 2307 3688 nitatem,
2333 3620 2440 3690 igni
2465 3620 2652 3691 judicii
2681 3619 3097 3675 concremantis.

2134 3716 2189 3770 5.
2237 3713 2509 3768 Hominem
2552 3713 2920 3785 assumptione,
2969 3730 3130 3782 aquas
3179 3714 3384 3768 lavacro
3429 3713 3662 3784 sanctiﬁ-

2061 3810 2212 3863 cavit.
2243 3839 2315 3847 —
2339 3806 2484 3860 Tunc
2509 3807 2636 3860 venit
2677 3807 2828 3859 Jesus
2857 3805 2952 3876 (in)
2981 3824 3010 3857 a
3049 3804 3270 3858 Galilwa
3301 3807 3351 3859 in
3376 3803 3660 3860 Iordanem

2063 3901 2130 3954 ad
2155 3899 2428 3966 Joannem,
2464 3906 2518 3950 ut
2567 3897 2910 3966 baptizaretur
2933 3895 2994 3948 ab
3025 3911 3080 3948 eo
3116 3893 3276 3966 (Ibid.
3335 3895 3422 3967 15)
3451 3912 3466 3961 ;
3495 3904 3550 3950 et
3572 3910 3661 3950 re-

2059 4057 2309 4115 adsimile
2332 4066 2418 4113 est
2438 4055 2589 4121 illud,
2617 4069 2724 4124 quo
2753 4054 2804 4108 in
2837 4053 2968 4123 psal.
2998 4068 3182 4117 cum,
3217 4071 3271 4110 ιι.
3304 4055 3392 4120 II,
3427 4053 3655 4122 primum

2062 4129 2324 4203 praedicat
2360 4127 2595 4183 adventu
2665 4125 2877 4203 Domini
2909 4128 3272 4203 contractam
3305 4135 3360 4180 et
3391 4127 3659 4203 flitritam

2062 4195 2261 4259 diaboli
2314 4208 2668 4269 potestatem;
2724 4195 3031 4269 acdeinde
3084 4196 3337 4266 subjicit,
3387 4195 3663 4251 Pt'trsentis

2063 4268 2394 4346 subjectionis
2439 4268 2730 4326 conditione
2758 4268 2946 4324 ultioni
2989 4277 3035 4322 et
3065 4284 3227 4340 ρωηω
3255 4269 3496 4341 legitima:
3522 4283 3662 4340 prta-

2065 4354 2295 4417 paratur.

2139 4433 2204 4505 (i)
2243 4431 2602 4505 Carnutensls
2621 4430 2790 4486 codex
2821 4445 2942 4505 cum
2969 4429 3123 4488 Colb.
3152 4440 3277 4486 esset
3315 4432 3468 4485 etiam
3496 4429 3661 4501 inem-

2067 4503 2193 4560 σαεξ
2219 4503 2407 4576 Melius
2434 4504 2486 4558 In
2518 4504 2636 4558 aliis
2659 4506 2794 4576 jam.
2833 4503 3062 4576 [sursum
3101 4505 3271 4576 legem
3292 4505 3406 4570 jam
3430 4505 3663 4576 inutilem

1989 4599 2042 4662 Β
2067 4575 2554 4662 atque-ineﬂi‘cacem
2582 4573 2838 4662 praedicat
2857 4573 3100 4662 ilgiglarius
3139 4574 3538 4662 c.ﬂ7,xnum.yi.
3559 4573 3666 4662 μνί-

2065 4646 2247 4716 derint
2274 4648 2440 4701 "OSU'I
2471 4646 2726 4714 temporis
2755 4647 3010 4707 haeretici,
3043 4660 3220 4698 annon
3254 4659 3504 4716 magnum
3559 4657 3660 4714 po-

2067 4714 2157 4775 nat
2185 4717 2474 4774 discrimen
2496 4716 2636 4772 inter
2660 4717 2922 4786 baptisma
2953 4717 3155 4770 Christi
3183 4725 3238 4769 et
3259 4714 3509 4770 Joannis.

2140 4817 2208 4887 (j)
2250 4814 2304 4887 In
2338 4813 2568 4887 vulgatis
2601 4811 2685 4866 hic
2715 4812 2964 4883 adjicitur
2991 4830 3050 4887 ac
3087 4811 3468 4887 solvendorum,
3517 4811 3663 4882 quod

2067 4885 2244 4958 neque
2274 4886 2629 4958 liabentmss.
2663 4901 2836 4958 neque
2862 4885 3549 4958 postulatalatthzeitextus
3573 4891 3665 4938 aut

2067 4954 2257 5014 Hilarii
2308 4955 2574 5026 expositio
2617 4973 2629 5010 :
2675 4957 2872 5024 quippe
2917 4957 3006 5025 qui
3053 4954 3253 5026 Chi-isti
3295 4954 3662 5026 calceamenta

2068 5031 2240 5096 ferre,
2285 5024 2668 5098 interpretatur
2713 5024 2942 5098 gloriam
2984 5025 3382 5098 praedicationis
3425 5024 3659 5098 circum-

2069 5095 2233 5157 ferre.
2270 5099 2378 5155 Nec
2405 5095 2694 5169 quidquam
2727 5095 2908 5164 habet,
2941 5095 3085 5167 quod
3126 5096 3192 5151 ad
3233 5095 3544 5152 eorumdcm
3576 5111 3666 5150 so-

2069 5174 2326 5227 lutionem
2358 5173 2644 5240 pertineat.

2147 5265 2220 5338 (k)
2243 5263 2400 5334 Quia,
2436 5261 2764 5338 utidocetnr
2786 5263 2840 5338 in
2870 5263 3008 5338 psal.
3038 5275 3298 5338 cxvmun.
3325 5260 3396 5338 5‘:
3425 5258 3521 5338 Est
3547 5277 3663 5325 pcr-

2070 5331 2216 5408 fecitc
2260 5331 2553 5408 entundatio
2586 5331 3029 5408 puritatisetiant
3069 5343 3182 5402 post
3229 5331 3468 5402 baptismi
3501 5348 3664 5404 aquas

2066 5404 2360 5477 reposita...
2393 5420 2507 5474 qua:
2523 5405 2714 5476 judicii
2735 5405 2844 5475 igni
2875 5421 2966 5458 nos
2997 5404 3265 5474 decoquat.

2141 5499 2204 5572 (ι)
2245 5498 2359 5572 Non
2415 5503 2592 5572 exstat
2615 5495 2746 5572 illud
2783 5495 2837 5549 id
2863 5505 2936 5550 est
2967 5497 3020 5549 in
3053 5494 3476 5572 mss._Superius
3519 5493 3662 5561 apud

2070 5565 2223 5635 Bad.,
2253 5571 2341 5625 Er.
2367 5579 2420 5624 et
2447 5569 2592 5636 Lips.
2614 5567 2791 5636 legere
2811 5577 2889 5621 est
2918 5565 3314 5631 recondendum,
3343 5567 3459 5620 loco
3486 5583 3664 5620 recon-

2071 5643 2275 5706 dentis;
2297 5650 2352 5697 et
2376 5640 2510 5694 intra
2532 5637 2950 5702 concremandos,
2975 5653 3073 5708 pro
3094 5639 3461 5692 roncremantis
3485 5654 3496 5690 :
3521 5636 3665 5708 quod

2075 5715 2237 5772 etiam
2272 5715 2324 5766 in
2352 5709 3000 5783 postremameditionem
3032 5709 3152 5765 Par.
3186 5720 3513 5764 revocatum.

2152 5785 2248 5860 (m)
2288 5778 2452 5852 Editi,
2481 5782 2533 5840 in
2565 5778 2834 5840 Galitwam
2864 5796 2883 5845 ί
2912 5796 3033 5839 cum
3066 5795 3222 5841 sacro
3255 5790 3402 5847 testu
3429 5780 3668 5848 reniten-

2075 5859 2219 5922 tibus
2248 5869 2382 5915 mss.
