4222 6262
327 277 438 335 929

1237 271 1774 330 COMMENTARIUS
1815 272 1878 328 IN
1917 271 2343 330 MATTIL‘EUM.
2388 272 2538 329 CAP.
2581 272 2672 329 III.

3521 277 3626 337 930

321 395 534 451 dierum
566 406 672 448 non
701 400 849 448 mota
871 389 1102 462 jejunio,
1136 399 1344 445 natura:
1371 404 1483 445 sum
1515 390 1788 446 hominem
1820 389 1917 445 de-
1945 393 1998 452 Α
2025 389 2116 444 bat
2160 389 2377 460 quidem
2406 400 2461 445 et
2512 387 2808 445 ministeria
2849 388 3165 460 angelorum
3213 397 3460 462 prompta
3501 407 3625 450 esse

320 488 559 557 reliquit.
594 485 712 541 Non
743 485 887 540 enim
939 494 1055 539 erat
1082 497 1112 538 a
1144 483 1255 538 Deo
1281 482 1550 546 diabolus.
1577 482 1672 538 sed
1702 497 1729 535 a
1763 497 1925 537 carne

321 579 622 637 vincendos
653 596 666 631 :
695 593 854 648 quam
882 577 1066 646 utique
1117 584 1328 630 tentare
1377 589 1542 630 ausus
1573 589 1679 628 non
1710 573 1922 642 fuisset,

321 674 426 730 nisi
469 673 523 728 in
551 687 613 728 ea
644 685 740 742 per
767 668 1079 725 esuritionis
1107 667 1476 722 inﬁrmitatem
1510 683 1628 739 qua:
1676 677 1802 722 sunt
1827 666 1926 721 ho-

323 765 490 821 minis
532 762 958 833 recognovisset.
1006 762 1177 828 Quam
1234 759 1420 830 utique
1457 760 1510 814 in
1553 774 1620 814 eo
1683 760 1940 815 sentiens

323 857 396 913 ita
422 870 578 912 orsus
606 863 725 911 est:
761 854 823 910 Si
849 854 990 924 [ilius
1037 853 1132 908 Dei
1162 869 1214 906 es
1245 850 1460 925 (Matth.
1495 867 1568 906 Iv.
1603 849 1680 923 5).
1711 851 1925 922 Anceps

323 962 507 1004 sermo
531 957 633 1012 est,
663 948 709 1002 si
755 946 896 1016 [ilius
922 945 1018 1000 Dei
1039 961 1113 999 es.
1143 944 1296 999 Licet
1336 943 1665 999 esurientem
1696 942 1920 1010 videret,

325 1041 677 1112 quadraginta
710 1049 887 1094 tamen
933 1037 1142 1094 dierum
1172 1037 1224 1092 in
1257 1053 1323 1092 eo
1339 1036 1605 1106 jejunium
1639 1030 1926 1106 pertimes-

324 1135 502 1191 cebat.
529 1134 646 1203 Qua
680 1148 861 1188 rerum
896 1133 1105 1187 ratione
1153 1131 1374 1196 indicat,
1424 1139 1546 1200 post
1575 1129 1925 1201 quadraginta

327 1231 538 1287 dierum
568 1228 1065 1292 conversationem,
1093 1226 1288 1297 quibus
1347 1235 1466 1294 post
1517 1227 1820 1294 passionem
1871 1226 1923 1280 in

327 1321 530 1378 sarculo
560 1329 678 1377 erat
703 1328 1159 1386 commoraturus,
1188 1317 1538 1373 esuritionem
1587 1333 1645 1372 se
1676 1317 1926 1372 humana:

327 1417 517 1473 salutis
540 1415 865 1471 habiturum.
892 1414 1009 1482 Quo
1036 1413 1087 1467 in
1117 1421 1382 1482 tempore,
1413 1419 1782 1481 exspectatum
1815 1411 1926 1466 Deo

329 1509 470 1580 patri
519 1522 737 1572 munus,
789 1507 1064 1561 hominem
1119 1519 1278 1574 quem
1326 1513 1696 1574 assumpserat
1741 1517 1928 1573 repor-

329 1601 481 1656 tavit.

400 1695 454 1750 5.
505 1693 644 1760 Quid
682 1693 912 1747 diabolus
969 1690 1159 1746 Christi
1206 1691 1443 1744 deitatem
1497 1688 1788 1758 explorare,
1842 1688 1920 1742 vel

2032 481 2126 537 Dei
2154 481 2287 548 lilio,
2317 497 2495 553 neque
2526 483 2578 537 in
2627 481 2858 552 lapidem
2909 497 3070 552 posse
3123 481 3440 539 ollensionis
3491 485 3628 540 inci-

2027 573 2374 648 dere(Psat.
2422 592 2509 644 xc,
2545 577 2611 631 l2
2646 585 2695 632 et
2728 579 2794 634 15
2821 575 2879 649 ):
2931 571 3130 648 quippe
3174 594 3338 650 super
3387 577 3628 648 aspidem

2027 681 2085 726 et
2129 671 2437 726 basiliscum
2467 671 2891 738 ambulaturum,
2939 681 2994 728 et
3038 673 3367 727 calcaturum
3419 673 3630 728 leonem

2029 771 2082 818 et
2131 763 2447 818 draconem.
2481 764 2554 820 De
2584 763 2666 818 his
2694 765 2838 819 enim
2881 779 3003 834 qua:
3030 764 3081 818 in
3112 779 3172 820 se
3209 763 3351 820 dicta
3381 775 3508 820 sunt
3549 774 3632 820 ta-

2027 856 2142 911 cuit
2172 872 2187 921 ;
2241 856 2337 911 sed
2361 856 2641 927 superiora
2672 856 3045 923 memorando,
3090 856 3204 911 vult
3230 872 3446 927 quoquo
3471 857 3632 914 modo

2028 951 2393 1007 obedientiam
2467 952 2668 1007 elicere
2723 952 2802 1022 (b)
2857 959 3108 1016 tentato;
3180 950 3450 1006 relaturus
3505 952 3631 1008 hinc

2027 1043 2278 1114 gloriam,
2310 1043 2356 1098 si
2384 1044 2483 1099 sibi
2517 1044 2778 1099 Dominus
2829 1044 3148 1112 majestatis,
3184 1041 3311 1097 licet
3355 1058 3453 1113 per
3497 1058 3630 1099 con-

2030 1133 2328 1200 ﬁdentiam,
2358 1135 2645 1205 paruisset.
2673 1133 2778 1190 Sed
2801 1135 2946 1189 nulla
2971 1134 3187 1189 diabolo
3210 1136 3437 1205 contigit
3467 1144 3630 1192 tantae

2029 1226 2230 1284 fraudis
2258 1230 2494 1295 occasio,
2522 1229 2752 1300 idipsum
2807 1229 3036 1284 Domino
3065 1239 3306 1300 tempore
3329 1233 3628 1301 posteriore

2029 1329 2281 1388 testante,
2313 1337 2433 1376 cum
2463 1322 2624 1378 dicit:
2658 1321 2817 1379 Venit
2863 1323 3112 1392 princeps
3144 1323 3300 1393 hujus
3335 1325 3541 1389 saeculi,
3574 1333 3630 1380 et

2029 1427 2136 1467 non
2165 1412 2368 1468 invenit
2394 1414 2444 1467 in
2479 1429 2564 1468 me
2594 1414 2883 1484 quidquam
2915 1413 3107 1484 (Joan.
3142 1431 3250 1480 xw,
3282 1416 3351 1471 5t)
3380 1416 3421 1485 ).
3461 1416 3627 1486 Digna

2030 1503 2190 1574 igitur
2211 1504 2348 1560 hanc
2378 1505 2495 1574 ejus
2525 1506 2876 1575 petulantiam
2923 1506 3133 1560 Domini
3183 1517 3268 1561 est
3298 1516 3482 1562 secuta
3537 1524 3628 1564 re-

2037 1597 2257 1665 sponsio
2313 1613 2326 1648 :
2376 1596 2498 1650 Non
2556 1595 2771 1652 tentabis
2823 1595 2989 1650 Deum
3065 1607 3112 1650 et
3164 1595 3442 1652 Dominum
3489 1607 3631 1654 tuum

2033 1683 2276 1758 (Matth.
2329 1703 2402 1752 1v,
2438 1687 2470 1740 7
2502 1685 2542 1759 ).
2579 1688 2786 1743 Diaboli
2815 1697 3039 1742 conatus
3096 1698 3152 1742 et
3202 1699 3526 1745 lentamenta
3557 1689 3631 1764 (c)

333 1785 630 1858 patientiam
677 1793 830 1838 tentet
876 1782 1132 1854 frangere.
1156 1779 1390 1835 Christus
1413 1779 1555 1834 Deus
1595 1790 1642 1834 et
1684 1779 1932 1834 horno.—
1962 1785 2007 1845 B
2035 1777 2395 1841 contundens,
2433 1787 2488 1832 et
2519 1779 2684 1833 Deum
2711 1795 2770 1834 se
2820 1788 3149 1849 protestatur
3195 1794 3250 1834 et
3306 1781 3629 1839 Dominum:

332 1878 704 1936 Contuendum
738 1879 918 1948 itaque
970 1891 1114 1930 nunc
1161 1875 1292 1929 illud
1341 1883 1444 1940 est,
1493 1873 1688 1942 quibus
1713 1873 1926 1927 tandem

330 1970 844 2043 interrogationibus
896 1983 1027 2022 usus
1053 1967 1143 2022 sit.
1179 1967 1303 2020 Ait:
1360 1965 1422 2020 Si
1466 1964 1635 2037 678
1662 1965 1801 2032 [ilius
1831 1963 1930 2018 Dei

331 2080 406 2131 es,
439 2065 523 2117 dic
555 2073 611 2117 ut
638 2062 833 2133 lapides
859 2062 944 2115 isti
968 2076 1126 2132 panes
1159 2059 1306 2128 fiant.
1343 2058 1528 2112 Fallax
1576 2057 1848 2122 diabolus,
1875 2064 1930 2112 et

333 2159 402 2214 ad
448 2155 834 2212 traducendum
881 2155 1075 2208 artifex
1110 2149 1516 2213 callidissimus,
1545 2163 1705 2219 posse
1749 2148 1928 2202 omnia

331 2248 607 2305 Christum
636 2247 857 2312 sciebat,
888 2254 943 2300 et
971 2243 1322 2299 esuritionem
1354 2243 1407 2296 in
1439 2241 1660 2296 homine
1690 2255 1757 2296 ex
1812 2242 1930 2310 ipso

328 2340 524 2413 jejunii
572 2348 811 2409 tempore
857 2337 1146 2402 sentiebat,
1192 2336 1409 2405 ignarus
1456 2333 1709 2404 quidnam
1756 2332 1929 2388 esuri-

331 2443 501 2492 retur.
563 2433 692 2488 Eam
749 2445 880 2501 ergo
931 2431 983 2484 in
1037 2427 1293 2482 lentando
1336 2426 1698 2482 conditionem
1751 2426 1930 2494 operis

331 2527 638 2600 proposuit,
669 2539 768 2596 per
795 2538 952 2593 quam
985 2529 1040 2576 ct
1067 2523 1117 2575 in
1170 2520 1301 2584 Deo,
1345 2534 1412 2574 ex
1452 2519 1820 2574 demutatione
1849 2517 1930 2571 la-

334 2619 518 2692 pidum
566 2617 618 2672 in
668 2630 856 2686 panes,
885 2614 1138 2668 virtutem
1187 2611 1466 2682 potestatis
1493 2619 1850 2680 agnosceret;
1879 2616 1933 2664 et

334 2713 390 2768 in
436 2709 674 2774 homine,
705 2708 1102 2762 oblectamento
1151 2704 1278 2767 cibi,
1323 2704 1634 2773 patientiam
1683 2702 1760 2774 (a)
1812 2716 1934 2756 esu-

333 2801 842 2862 ritionisilluderet.
876 2801 983 2856 Sed
1015 2800 1272 2854 Dominus
1323 2813 1427 2852 non
1485 2811 1675 2866 panem
1731 2796 1930 2864 potius,

335 2915 498 2970 quam
526 2898 756 2953 salutem
784 2895 1060 2950 hominum
1089 2891 1334 2948 esuriens
1360 2930 1376 2957 ,
1404 2890 1476 2944 ait
1509 2908 1520 2944 :
1574 2887 1698 2942 Non
1722 2889 1772 2942 in
1804 2903 1936 2958 pane

340 2994 452 3048 solo
503 2991 622 3047 vivit
673 2987 1030 3061 homo(lbid.
1085 2985 1165 3055 4)
1217 3001 1228 3038 :
1275 2984 1398 3056 quia
1448 2983 1562 3054 ipse
1608 2998 1713 3037 non
1762 2982 1936 3037 solum

338 3086 524 3151 homo,
555 3083 648 3140 sed
677 3091 732 3139 et
762 3083 923 3147 Deus,
953 3081 1080 3135 licet
1110 3093 1282 3147 usque
1328 3078 1380 3132 in
1433 3076 1745 3132 tentationis
1794 3075 1936 3130 diem

2033 1870 2233 1926 docens
2263 1887 2293 1926 a
2342 1871 2591 1928 ﬁdelibus
2621 1872 2809 1927 abesse
2850 1882 3100 1942 Oportere
3140 1873 3478 1942 jactantiam,
3509 1874 3632 1944 quia

2031 1977 2152 2018 cum
2205 1964 2383 2018 omnia
2414 1963 2690 2032 possibilia
2721 1963 2831 2019 Deo
2862 1966 2987 2031 sint,
3027 1965 3158 2020 nihil
3189 1974 3364 2022 tamen
3409 1967 3462 2021 in
3516 1977 3633 2025 ten-

2031 2055 2294 2110 tationem
2319 2054 2434 2125 ejus
2459 2055 2764 2110 audendum
2808 2057 2896 2111 sit.

2103 2149 2158 2204 5.
2195 2148 2553 2203 Tentationum
2592 2149 2786 2204 Christi
2811 2150 2944 2205 idem
2964 2151 3114 2217 ordo,
3155 2154 3243 2223 qui
3273 2153 3419 2207 Adw.
3451 2152 3634 2208 Honor

2030 2243 2226 2308 saeculi,
2259 2258 2387 2312 opus
2413 2242 2629 2296 diaboli.
2661 2272 2732 2282 —
2756 2241 2861 2298 Sed
2879 2243 2990 2313 jam
3025 2245 3183 2299 tertio
3209 2254 3318 2300 tota
3349 2245 3632 2302 diabolicae

2034 2333 2316 2404 potestatis
2375 2341 2746 2389 commovetur
2793 2335 3034 2390 ambitio.
3111 2338 3418 2392 Constituto
3471 2339 3633 2409 igitur

2019 2427 2264 2496 Domino
2309 2428 2360 2482 in
2401 2436 2583 2482 monte
2626 2429 2863 2493 excelso,
2894 2429 3142 2485 universa
3189 2432 3336 2487 orbis
3365 2441 3632 2490 terrarum

2034 2535 2222 2591 regna,
2262 2535 2556 2591 eorumque
2600 2521 2824 2592 gloriam
2864 2522 3082 2590 obtulit,
3133 2526 3176 2579 si
3225 2526 3388 2582 modo
3437 2528 3636 2584 adora-

2036 2621 2189 2669 retur
2234 2613 2347 2683 ipse
2393 2613 2566 2684 (Ibid.
2619 2616 2652 2670 8
2716 2624 2763 2668 et
2813 2613 2918 2686 9).
2980 2615 3098 2670 Jam
3145 2619 3358 2687 gemina
3407 2635 3636 2690 respon-

2039 2707 2193 2761 sione
2221 2707 2527 2777 opinionem
2579 2707 2900 2778 suspicionis
2927 2719 3254 2764 excesserat.
3284 2707 3419 2766 Cibo
3463 2712 3635 2768 Adam

2037 2800 2353 2868 pellexerat,
2383 2807 2438 2854 et
2480 2798 2549 2854 de
2580 2798 2811 2869 paradisi
2843 2801 3015 2871 gloria
3065 2802 3118 2856 in
3171 2806 3376 2871 peccati
3432 2805 3632 2873 locum,

2046 2891 2100 2947 id
2139 2900 2241 2956 est,
2271 2892 2322 2946 in
2351 2892 2625 2962 regionem
2659 2893 2837 2947 vetita:
2881 2893 3088 2948 arboris
3122 2893 3451 2950 deduxerat:
3481 2897 3640 2952 tertio

2039 2983 2205 3040 divini
2235 2985 2467 3039 nominis
2520 2984 2814 3040 ambitione
2859 2995 3196 3056 corruperat,
3245 2987 3351 3043 diis
3397 2988 3635 3045 futurum

2041 3077 2274 3132 similem
2321 3076 2644 3146 pollicendo.
2677 3077 2838 3146 Igitur
2889 3076 3148 3132 adversus
3195 3079 3480 3135 Dominum
3531 3091 3640 3138 tota

339 3182 463 3237 cibo
487 3179 722 3236 hominis
752 3177 1069 3241 abstineret,
1100 3174 1193 3229 Dei
1221 3183 1400 3227 tamen
1426 3171 1627 3242 Spiritu
1657 3170 1929 3225 alebatur:
1963 3175 2008 3239 ο
2035 3169 2145 3240 jam
2183 3168 2364 3223 saeculi
2394 3178 2660 3238 potestate
2692 3177 2977 3238 pugnatur,
3007 3177 3062 3224 et
3086 3166 3336 3225 Creatori
3377 3187 3476 3227 suo
3517 3189 3642 3244 pos-

338 3271 630 3329 ostendens
678 3286 785 3324 non
833 3266 886 3322 in
937 3282 1076 3338 pane
1111 3265 1211 3320 hoc
1239 3265 1501 3329 solitario,
1531 3262 1625 3319 sed
1657 3261 1710 3316 in
1759 3261 1938 3317 Verbo

342 3364 440 3421 Dei
469 3363 781 3419 alimoniam
812 3359 1129 3415 :elernitatis
1168 3372 1289 3412 esse
1337 3355 1676 3425 sperandam.

339 3507 346 3511 .
414 3461 470 3515 4.
526 3457 774 3513 Diabolus
799 3455 917 3510 silet
941 3469 1053 3525 qum
1084 3460 1263 3506 contra
1291 3466 1346 3504 se
1372 3467 1385 3503 :
1409 3450 1665 3520 jactantia
1692 3447 1936 3503 cavenda.

341 3553 676 3621 -——Sequens
699 3548 863 3604 etiam
895 3545 1248 3615 interrogatio
1279 3542 1399 3598 talis
1439 3550 1542 3607 est,
1582 3557 1701 3596 cum
1733 3556 1852 3594 cum
1885 3541 1940 3594 in

345 3659 616 3703 summum
674 3640 858 3710 templi
904 3637 1250 3693 sustulisset:
1303 3635 1364 3690 Si
1392 3634 1532 3702 [ilius
1566 3633 1658 3687 Dei
1697 3649 1769 3698 es,
1802 3633 1943 3686 mitte

345 3749 398 3794 te
425 3738 682 3800 deorsum,
719 3743 771 3790 et
798 3731 1004 3800 reliqua
1033 3727 1206 3800 (Ibid.
1238 3726 1272 3782 6
1307 3726 1349 3800 ).
1383 3726 1614 3780 Laborat
1646 3725 1943 3779 tentatione

345 3830 636 3888 Dominum
693 3827 760 3882 de
809 3824 1041 3881 excelsis
1094 3821 1160 3876 ad
1209 3820 1462 3876 inleriora
1511 3817 1778 3874 deducere
1827 3836 1839 3870 :
1890 3826 1944 3872 et

346 3920 582 3996 positum
619 3921 675 3974 in
722 3918 904 3987 templi
935 3929 1186 3980 summo,
1239 3912 1290 3966 id
1340 3921 1447 3977 est,
1495 3924 1658 3980 super
1697 3909 1842 3978 leges
1889 3919 1944 3964 et

348 4013 640 4088 prophetas
662 4011 1012 4074 eminentem,
1044 4007 1095 4060 in
1130 4003 1419 4060 humilibus
1466 4001 1764 4057 continere.
1788 4000 1946 4086 Scio:

350 4171 536 4229 quere.
569 4153 700 4229 Cum
742 4147 1182 4229 autem_subji_cit_
1231 4145 1502 4202 hominem
1561 4143 1682 4197 ideo
1733 4152 1941 4229 natura:

351 4215 463 4284 suae
491 4225 825 4288 derelictum,
859 4223 981 4294 quia
1010 4215 1251 4294 diabolus
1301 4232 1330 4271 a
1374 4231 1558 4294 carne,
1593 4230 1697 4294 non
1723 4231 1781 4294 _a
1831 4215 1940 4294 Deo

353 4308 472 4354 erat
499 4286 834 4358 vincendos;
877 4286 1086 4347 ’ἀὶδῡτιθ
1114 4289 1352 4345 declarat
1381 4303 1438 4343 se
1467 4288 1678 4341 virtutis
1705 4286 1940 4340 derelin-

353 4369 567 4439 quentis
595 4367 813 4422 nomine
839 4366 1072 4439 divinam
1119 4360 1282 4416 Verbi
1327 4358 1934 4439 naturamdut‘elligere.

356 4427 526 4498 Simili
557 4439 766 4494 ratione
788 4433 1024 4508 ostendit
1068 4446 1292 4508 numero
1336 4429 1620 4508 superiori,
1663 4427 1936 4508 Christum

353 4497 464 4567 non
517 4519 775 4565 tentatum
825 4506 990 4560 fuisse
1047 4505 1146 4558 nisi
1201 4517 1320 4556 cum
1370 4501 1556 4563 voluit,
1605 4514 1725 4553 cum
1776 4497 1936 4552 nimi-

501 4560 730 4650 Sjiiritus
767 4560 1168 4650 sanctus-hoc
1220 4582 1301 4628 est
1351 4560 1623 4650 Verbum,
1672 4570 1938 4650 hominem
1968 4560 2019 4620 Ι)

355 4667 513 4708 suum
547 4640 778 4705 'diabolo
826 4646 1137 4703 tentandum
1195 4643 1458 4713 permisit,
1501 4651 1556 4713 ut
1614 4641 1664 4693 in
1693 4711 1700 4713 Α
1727 4640 1945 4694 homine

358 4725 684 4779 vinceretur.
715 4720 793 4775 Ita
823 4734 886 4773 ex
918 4719 982 4772 iis
1012 4717 1140 4786 ipsis
1170 4711 1322 4786 locis,
1356 4728 1418 4786 ex
1452 4711 1643 4786 quibus
1690 4711 1941 4765 haeresim

357 4809 512 4850 suam
543 4794 680 4848 tueri
709 4784 1064 4852 conabantur,
1116 4787 1230 4841 sive
1280 4784 1596 4849 Hehionite,
1652 4797 1944 4851 eorumque

359 4874 658 4922 sectatores
688 4863 878 4916 Paulus
904 4859 1172 4915 Samosat.
1201 4867 1361 4926 atque
1390 4854 1665 4926 Photinus,
1691 4853 1780 4924 qui
1809 4854 1938 4906 nihil

359 4936 416 4992 in
465 4936 680 4990 Christo
712 4941 906 5002 pneter
952 4929 1226 5002 hominem
1279 4925 1418 4980 esse
1466 4925 1799 5002 asserebant,
1832 4925 1946 4979 sive

360 5007 567 5071 Ariani,
596 5007 684 5074 qui
713 4997 947 5058 divinam
979 5003 1032 5054 in
1080 5000 1194 5074 ipso
1216 5070 1225 5074 _
1249 5007 1491 5074 naturam
1521 4997 1773 5074 nolebant
1813 5009 1942 5049 con-

361 5079 504 5133 ﬁteri
537 5067 563 5131 ;’
598 5067 664 5131 ex
716 5077 800 5139 iis,
836 5077 1071 5142 inquam,
1129 5069 1259 5142 locis
1302 5067 1545 5142 studiose
1571 5068 1944 5122 demonstrare

363 5151 521 5211 solet,
553 5157 610 5204 et
635 5147 688 5201 in
713 5138 930 5201 Christo
958 5141 1156 5214 aliquid
1186 5153 1378 5210 praeter
1406 5138 1765 5214 hominemne
1785 5152 1945 5207 supra

364 5210 640 5275 hominem
668 5233 808 5281 esse.
832 5225 886 5270 et
919 5215 1020 5267 hoc
1047 5210 1218 5282 ipsum
1260 5226 1379 5282 esse
1412 5212 1599 5266 Deum.
1632 5210 1763 5265 lliuc
1788 5223 1948 5264 nemo

364 5307 474 5347 non
492 5291 632 5346 videt
658 5304 754 5346 cur
781 5280 1105 5356 singularem
1125 5283 1270 5336 illam
1286 5280 1484 5356 Chrisg
1505 5292 1769 5356 naturam,
1786 5295 1946 5356 quam

366 5363 604 5418 divinam
633 5363 747 5431 ipse
779 5349 1047 5431 intelligit,
1073 5371 1174 5431 non
1203 5354 1425 5431 proprio
1444 5350 1540 5431 Dei
1584 5349 1823 5431 nomine,
1853 5349 1949 5404 sed

366 5422 709 5504 generalibus
727 5422 1032 5504 spiritus'et
1058 5426 1253 5504 virtutis
1280 5423 1554 5478 vocabulis
1583 5422 1830 5476 maluerit
1855 5435 1950 5488 ap-

370 5497 590 5574 pellare,
622 5497 834 5574 putant
854 5499 919 5574 ad
935 5497 1310 5574 lia-reticorum
1329 5508 1721 5574 sermonem'se
1741 5506 1955 5574 accom-

368 5561 637 5631 inodaret:
689 5574 847 5629 Certe
871 5570 1069 5623 virtutis
1115 5565 1457 5626 vocabulum,
1501 5564 1587 5618 uhi
1637 5561 1839 5617 Hilario
1888 5561 1954 5616 de

370 5646 590 5702 Christo
641 5660 821 5700 sermo
867 5649 974 5706 est,
1007 5639 1073 5694 ad
1099 5638 1332 5692 divinam
1360 5635 1527 5704 ipsius
1555 5644 1798 5706 naturam
1849 5647 1956 5706 non

372 5717 567 5773 referri
623 5728 908 5785 nusquam
937 5705 1433 5785 animadvertimus.
1474 5707 1568 5785 ADe
1623 5705 1862 5785 ejusdem
1907 5705 1956 5759 vi

373 5803 482 5845 non
511 5776 777 5859 ambiget,
824 5784 914 5856 qui
963 5782 1043 5839 vel
1075 5795 1236 5836 unum
1273 5789 1432 5849 caput
1471 5776 1524 5844 9,
1576 5777 1712 5843 n.7,
1762 5791 1959 5848 expen-

2039 3263 2214 3318 sessio
2241 3262 2398 3332 hujus
2423 3263 2791 3318 universitatis
2829 3262 3054 3318 oilertur
3091 3282 3103 3316 :
3161 3274 3218 3319 ut
3258 3276 3446 3321 tenens
3492 3267 3641 3322 ordi-

2043 3371 2166 3410 nem
2198 3355 2401 3410 fraudis
2422 3355 2679 3425 antiqum,
2717 3371 2876 3424 quem
2919 3370 3094 3427 neque
3148 3355 3315 3429 679
3358 3358 3482 3413 cibo
3533 3359 3645 3428 pel-

2042 3449 2274 3512 lexerat,
2304 3463 2406 3504 nec
2434 3449 2553 3503 loco
2606 3458 2870 3513 moverat,
2903 3464 3047 3504 nunc
3072 3450 3157 3504 vel
3192 3451 3488 3507 ambitione
3520 3467 3645 3507 cor-

2045 3550 2341 3612 rumperet,
2376 3539 2485 3596 Sed
2509 3541 2795 3611 responsio
2817 3540 3031 3595 Domini
3060 3541 3281 3612 dignum
3311 3543 3378 3599 de
3401 3545 3646 3615 superio-

2046 3633 2198 3688 ribus
2246 3632 2472 3704 gradum
2528 3631 2674 3688 fecit.
2738 3633 2830 3686 Ait
2876 3633 3062 3689 enim:
3104 3633 3249 3689 Vade
3309 3635 3388 3707 (ά)
3443 3647 3647 3691 satana.

2047 3724 2312 3794 Scriptum
2337 3734 2410 3779 est
2455 3724 2611 3788 enim,
2665 3723 2944 3778 Dominum
2987 3722 3147 3778 Deum
3179 3733 3322 3778 tuum
3375 3728 3641 3795 adorabis,

2047 3827 2092 3871 et
2130 3817 2210 3870 illi
2235 3817 2332 3870 soli
2357 3819 2540 3870 servies
2566 3817 2584 3885 (
2609 3813 2748 3870 Ibid.
2798 3815 2908 3886 10).
2941 3815 3281 3872 Temeritatis
3313 3828 3476 3874 tanta:
3515 3835 3645 3876 con-

2045 3921 2236 3978 gruum
2281 3908 2483 3963 exitum
2529 3907 2671 3972 tulit,
2703 3921 2823 3961 cum
2871 3917 2923 3961 et
2973 3907 3262 3962 criminum
3315 3925 3536 3965 suorum
3593 3912 3646 3968 in

2045 4011 2228 4057 satana
2255 4016 2451 4056 nomen
2483 3999 2710 4066 audivit,
2742 4010 2798 4055 ct
2825 4000 3113 4056 Dominum
3133 4001 3304 4058 Deum
3335 4017 3489 4058 suum
3519 4005 3650 4062 ado-

2044 4144 2206 4216 derit.
2243 4143 2340 4197 Hic
2361 4157 2522 4216 porro
2550 4143 2702 4216 locus
2731 4142 2798 4197 ad
2840 4143 3211 4198 illustrandam
3245 4145 3486 4216 ejusdem
3515 4145 3644 4205 doc-

2045 4215 2178 4270 toris
2210 4225 2320 4269 tum
2353 4213 2420 4269 de
2453 4214 2703 4284 passione
2733 4225 2843 4269 tum
2883 4215 2950 4270 de
2976 4226 3149 4270 morte
3181 4213 3379 4272 Christi
3427 4229 3646 4276 senten-

2044 4287 2173 4342 tiam
2204 4295 2312 4340 tam
2344 4295 2498 4355 aptus
2523 4285 2672 4340 visus
2721 4295 2825 4351 est,
2855 4294 2915 4340 ut
2963 4301 3087 4342 eum
3115 4303 3223 4343 non
3252 4289 3646 4349 ineonsiderate

2045 4356 2432 4412 transeundum
2461 4355 2795 4431 duxerimus.
2821 4357 2996 4431 Exeo
3025 4360 3224 4431 quippe
3252 4361 3414 4431 liquet
3456 4377 3642 4420 veram

2051 4444 2178 4484 eum
2247 4438 2331 4504 _ct_
2381 4429 2718 4504 corporalem
2787 4429 3642 4504 esuriem’Christo'attribuere,

2044 4500 2290 4574 quamvis
2321 4499 2478 4574 hujus
2501 4501 2787 4574 occasione
2827 4501 3122 4574 spiritalem
3155 4504 3440 4574 quamdam
3499 4499 3640 4574 pra};

2044 4571 2207 4624 dieet.
2235 4569 2301 4642 Ut
2327 4569 2453 4642 quid
2485 4571 2627 4625 enim
2665 4571 2826 4626 homo
2857 4569 2978 4641 post
2998 4573 3263 4642 jejunium
3294 4569 3643 4632 naturae'sua:

2049 4657 2077 4714 a
2111 4642 2220 4714 Deo
2240 4640 2529 4714 derelictus
2555 4649 2658 4706 est,
2704 4642 2808 4698 nisi
2847 4640 2907 4714 ut
2958 4640 3230 4714 pateretur
3278 4661 3398 4714 qua:
3445 4662 3511 4700 ex
3568 4647 3642 4714 ie-

2043 4712 2198 4782 junio
2239 4713 2515 4767 hominum
2558 4721 2748 4767 natura
2807 4713 2912 4781 pati
2941 4713 3079 4769 solet
3099 4716 3131 4783 ft
3175 4712 3473 4783 prmSertim
3519 4712 3642 4772 cum

2049 4783 2308 4851 Spiritalis
2345 4785 2431 4855 illa
2487 4784 2676 4839 salutis
2728 4783 2976 4838 humanae
3028 4785 3196 4839 fames
3245 4802 3420 4855 neque
3475 4788 3641 4843 Deum

2048 4855 2324 4908 dedeceat.
2370 4853 2554 4924 Neque
2610 4869 2739 4926 vero
2800 4855 2902 4926 nisi
2948 4855 3032 4926 ad
3102 4853 3415 4926 corpoream
3462 4862 3639 4915 esuri-

2052 4926 2253 4980 tionem
2303 4926 2555 4994 pertinet,
2587 4924 2730 4996 quod
2759 4925 3126 4982 aitdiabolum
3180 4924 3232 4982 in
3281 4927 3497 4984 Christo
3540 4929 3642 4985 ho-

2047 4998 2193 5052 mine
2221 5013 2310 5068 per
2332 4997 2620 5051 esuritionis
2654 4996 3005 5066 inﬁrmitatem
3051 5015 3109 5053 ea
3132 5015 3248 5070 qua:
3274 5010 3395 5055 sunt
3425 5001 3644 5058 hominis

2052 5083 2448 5136 recognovtsse.

2123 5139 2200 5209 (a)
2233 5139 2292 5209 In
2339 5138 2543 5208 aliquot
2567 5153 2696 5194 mss.
2731 5140 3015 5195 esui-initis.
3066 5141 3162 5197 Hic
3205 5157 3417 5197 rursum
3448 5143 3500 5198 in
3547 5143 3647 5199 hu-

2051 5208 2683 5283 mana_Christi_natura
2740 5225 3058 5280 corpoream
3117 5217 3363 5283 agnoscit
3414 5215 3646 5272 Hilarius

2053 5279 2422 5353 esuritionem,
2455 5281 2540 5353 ita
2579 5296 2786 5353 veram,
2820 5291 2878 5353 ut
2909 5297 3003 5351 per
3049 5279 3175 5336 eani
3215 5285 3484 5353 patientiae
3534 5301 3648 5343 mc-

2052 5349 2216 5421 ritum
2247 5351 2483 5405 obtineat
2511 5351 2705 5405 diaboli
2737 5349 2936 5405 invidia
2967 5353 3207 5421 dignum.

2126 5420 2198 5493 (b)
2229 5424 2466 5487 Quatuor
2495 5437 2634 5496 mss.
2678 5431 2914 5496 tentator.
2956 5420 3076 5488 Mox
3124 5441 3212 5493 per
3255 5427 3641 5496 conﬁdentiam,

2054 5490 2107 5546 id
2154 5490 2255 5557 est,
2313 5502 2370 5546 ut
2397 5506 2576 5547 rerum
2609 5493 2867 5547 Dominus
2897 5510 2909 5546 :
2942 5490 3141 5548 natura}
3176 5490 3365 5551 scilicet
3392 5500 3504 5562 eius
3531 5490 3651 5554 con-

2057 5561 2319 5636 ﬁdentiam
2365 5578 2468 5615 non
2509 5563 2863 5636 ‘oblitus,rqua
2899 5566 2952 5618 in
2990 5570 3340 5636 assumptione
3392 5570 3508 5626 licet
3561 5574 3654 5628 ho-
3704 5596 3711 5605 ι

2059 5634 2211 5707 minis
2241 5649 2343 5707 non
2382 5633 2700 5707 carebat,_ut
2728 5633 2962 5707 loquitur
3005 5637 3057 5691 in
3089 5633 3221 5707 psal.
3252 5655 3358 5707 Liv,
3389 5657 3445 5696 n.
3477 5643 3534 5699 Ξ.

2134 5703 2208 5846 (cf)
2240 5705 2367 5760 Mss.
2395 5701 2581 5770 Carn.,
2614 5701 2982 5772 Rom.,'Colb.
3021 5701 3370 5768 contemnens.

2200 5779 2216 5846 )
2247 5774 2600 5835 Carnutensis
2635 5777 2832 5846 codex,
2861 5779 2988 5837 vade
3013 5791 3148 5838 retro
3177 5793 3293 5846 post
3317 5801 3370 5840 m.

2200 5779 2216 5846 )
2247 5774 2600 5835 Carnutensis
2635 5777 2832 5850 codex,
2861 5779 2988 5837 vade
3013 5791 3148 5838 retro
3177 5793 3293 5854 post
3317 5801 3416 5857 me,
3448 5795 3656 5846 satana.
