4222 6262
693 264 794 334 031

1880 271 2128 331 SANCTI
2160 269 2281 330 HIL

2311 258 2414 329 .l'lll
2454 265 2755 326 EPISCOPI
3827 277 3909 337 93!

690 391 918 448 randum
945 388 997 444 in
1046 387 1264 443 homine
1309 387 1582 459 cognovit.
1635 387 1873 444 Prtebuit
1931 391 2091 445 etiam
2123 390 2282 461 hujus
2311 391 2365 450 Α
2387 387 2610 457 gloriam
2643 385 3071 456 relinquendam,
3095 386 3317 444 dicens:
3348 386 3610 444 Dominum
3633 390 3776 448 Deum
3794 405 3910 451 tuum

691 481 1059 556 responsionis
1099 481 1295 538 eﬁ‘ectu
1327 498 1580 554 magnum
1612 483 1768 538 nobis
1813 484 2070 546 Dominus
2105 500 2289 540 exem-

692 578 838 648 plum
871 594 885 628 :
939 583 997 629 ut
1029 575 1111 646 (a)
1140 583 1447 644 contempta
1479 574 1729 632 humana:
1757 576 2041 648 potestatis
2091 577 2282 648 gloria,

689 681 745 726 ct
775 669 959 724 saeculi
981 669 1274 724 ambitione
1293 669 1611 739 postposita,
1654 670 1829 725 solum
1854 669 2287 727 meminissemus

692 765 860 818 Deum
890 770 946 817 et
976 763 1260 818 Dominum
1287 763 1616 819 adorandum
1647 783 1662 830 ;
1710 765 1836 837 quia
1879 767 2056 822 omnis
2103 766 2286 821 saeculi

689 855 865 911 honor
893 854 1094 910 diaboli
1123 857 1195 910 sit
1237 857 1530 926 negotium.
1587 857 1716 912 Post
1748 858 1883 916 hanc
1913 874 2042 930 ergo
2081 857 2284 916 diaboli

689 948 892 1018 fugam,
910 947 1100 1018 Angeli
1125 945 1665 1004 Cbristoministrant
1691 948 1906 1022 (Matth.
1932 965 2009 1016 tv,
2037 951 2126 1022 11)
2155 967 2170 1018 ;
2197 966 2284 1006 os-

694 1039 981 1096 tendentes
1001 1039 1098 1112 (b).
1117 1056 1146 1095 a
1176 1041 1333 1096 nobis
1358 1042 1503 1097 victo
1527 1043 1842 1110 calcatoque
1868 1042 2066 1098 diaboli
2086 1043 2280 1114 capite,

690 1145 744 1190 et
774 1134 1098 1204 Angelorum
1130 1135 1449 1199 ministeria,
1483 1144 1538 1191 et
1569 1135 1839 1192 Virtutum
1871 1137 1921 1191 in
1949 1151 2048 1193 nos
2092 1138 2285 1193 emiss-

689 1227 821 1282 tium
853 1225 1030 1282 ofﬁcia
1073 1244 1178 1284 non
1227 1227 1496 1282 defutura.

762 1320 814 1376 ϐ.
849 1319 1212 1392 Apostolorum
1259 1324 1488 1394 priorum
1517 1325 1716 1378 uacatio
1765 1323 1892 1394 quid
1932 1323 2180 1395 designet.
2214 1351 2286 1366 ~—

688 1408 817 1466 Cum
856 1413 1082 1466 audisset
1126 1422 1293 1467 autem
1343 1414 1528 1480 Iesus,
1591 1416 1726 1477 quod
1772 1413 2002 1470 Joannes
2067 1414 2287 1469 traditus

687 1512 834 1569 esset,
862 1505 1069 1558 secessit
1096 1505 1150 1558 in
1180 1504 1450 1560 Galilwam
1474 1505 1640 1575 (Ibid.
1673 1505 1786 1578 12).
1815 1506 2098 1562 Ίήηείιιιε
2126 1507 2178 1560 in
2208 1505 2283 1577 (c)

687 1592 1100 1662 Capharnaum,
1151 1607 1206 1652 et
1259 1597 1544 1668 prophetia
1579 1597 1774 1666 Esaize,
1833 1599 1909 1654 rei
1961 1607 2127 1670 gestae
2152 1597 2286 1653 ordo

687 1697 791 1746 est.
845 1689 901 1742 ln
933 1689 1260 1758 piscatorum
1288 1707 1417 1746 vero
1457 1690 1537 1762 (d)
1571 1693 1858 1758 electione,
1901 1708 1969 1748 cx
2009 1692 2284 1746 hominum

2391 480 2652 548 adorabis,
2701 487 2750 534 et
2793 479 2872 534 illi
2906 481 3010 534 soli
3040 481 3224 536 servies
3253 479 3466 552 (Matth.
3494 498 3564 550 tv,
3605 482 3706 554 10).
3732 484 3914 544 Etcum

2390 585 2450 632 se
2479 586 2576 642 per
2603 571 2896 642 praphetas
2925 572 3182 644 populum
3213 573 3467 638 humilem
3496 583 3550 630 et
3585 575 3646 630 ad
3677 578 3815 634 verba
3837 595 3912 636 sua

2392 669 2709 719 trementem
2751 661 2820 734 (ί)
2854 665 3266 734 prmmonuisset
3311 680 3434 722 esse
3477 665 3754 724 eiecturum
3780 669 3914 740 (Etsi.

2391 771 2536 821 mu,
2567 755 2662 826 2);
2695 756 2748 811 in
2777 756 2999 826 spiritus
3049 758 3350 816 humilitate
3393 759 3640 831 perfecta:
3682 762 3917 820 beatitudi-

2391 849 2474 904 nis
2521 853 2700 919 posuit
2744 849 3048 904 exordium.
3091 850 3256 922 Igitur
3313 851 3533 907 humilia
3590 855 3841 922 apirantes,
3875 856 3915 911 id

2389 953 2494 1010 est,
2524 958 2645 998 esse
2673 957 2734 998 se
2763 942 3012 1000 homines
3045 945 3412 1013 recordantes,
3446 947 3498 1000 in
3538 946 3758 1002 cmlcstis
3798 949 3918 1020 regni

2389 1027 2732 1108 possessione
2761 1037 2838 1110 (g)
2867 1039 3170 1106 constituti,
3215 1040 3415 1096 conscii
3455 1041 3554 1097 sibi
3599 1056 3661 1096 ex
3702 1041 3919 1099 sordenti-

2387 1130 2489 1186 bus
2512 1145 2575 1186 ac
2601 1129 2936 1186 tenuissimis
2975 1147 3035 1188 se
3068 1133 3346 1203 principiis
3372 1133 3594 1188 coalitos
3619 1132 3670 1187 in
3695 1134 3814 1189 hanc
3833 1133 3918 1190 lor-

2388 1239 2530 1278 mam
2551 1224 2775 1294 perfecti
2803 1225 3051 1294 corporis
3076 1225 3372 1295 procreari,
3401 1225 3516 1280 etin
3533 1225 3664 1280 hunc
3679 1225 3917 1291 sentiendi,

2387 1316 2702 1381 conluendi,
2747 1315 3045 1386 judicandi,
3092 1317 3284 1388 agendi
3336 1332 3575 1382 sensum,
3619 1317 3720 1373 Deo
3753 1317 3919 1387 proiec-

2389 1415 2501 1462 tum
2530 1407 2894 1475 ministrante,
2945 1409 3240 1478 procedere
3281 1426 3295 1464 :
3349 1407 3485 1464 nihil
3527 1409 3754 1478 cuiquam
3793 1423 3916 1465 suum

2387 1513 2529 1566 esse,
2581 1499 2714 1556 nihil
2768 1501 3072 1571 proprium,
3119 1501 3215 1564 sed
3275 1502 3488 1556 cunctis
3537 1500 3674 1556 dono
3731 1501 3919 1572 parentis

2390 1591 2545 1645 unius
2576 1591 2767 1648 eadem
2795 1603 2850 1646 et
2879 1593 3131 1648 veniendi
3161 1594 3211 1648 in
3246 1594 3414 1648 vitam
3458 1591 3618 1648 tribui
3658 1595 3918 1664 primordia,

2389 1692 2444 1739 et
2480 1685 2664 1740 utendi
2691 1684 2771 1758 (h)
2801 1700 2863 1741 ea
2896 1686 3250 1741 substantiam
3284 1686 3580 1742 ministrari
3609 1703 3622 1741 :
3660 1703 3716 1742 ac
3740 1702 3821 1742 nos
3844 1702 3920 1756 op-

689 1790 805 1835 arte
847 1779 1014 1836 futuri
1045 1799 1232 1838 eorum
1263 1783 1428 1838 ofﬁcii
1457 1800 1592 1854 opus
1617 1786 1895 1856 proditur;
1945 1795 2002 1840 ut
2051 1785 2286 1856 piscibus
2315 1780 2361 1841 Β
2392 1776 2507 1832 limi
2539 1777 2702 1844 illius,
2733 1779 2821 1848 qui
2851 1780 3008 1835 nobis
3029 1781 3099 1835 sit
3126 1780 3227 1835 ista
3258 1780 3507 1852 largitus,
3540 1783 3781 1851 exemplo,
3820 1797 3919 1852 per-

688 1887 720 1926 e
747 1873 906 1938 muri,
956 1874 1028 1928 ita
1081 1875 1392 1930 hominibus
1438 1876 1696 1947 deinceps
1727 1893 1758 1932 e
1787 1878 1987 1932 sarculo
2019 1879 2069 1930 in
2105 1877 2284 1931 locum

687 1957 1044 2034 superiorem,
1078 1966 1128 2021 id
1186 1978 1290 2031 est,
1339 1968 1391 2022 in
1447 1970 1629 2023 lumen
1697 1969 1936 2026 scelestis
1992 1970 2284 2026 habitaculi

690 2057 1088 2126 protralieudis.
1140 2057 1344 2125 Quibus
1375 2069 1428 2115 et
1462 2069 1634 2116 artem
1663 2070 1717 2117 et
1755 2062 1954 2130 patrias
2003 2070 2057 2117 et
2094 2061 2287 2118 domos

689 2149 1138 2220 relinquentibus,
1189 2152 1450 2208 docemur
1501 2151 1782 2210 Christum
1811 2155 2070 2218 secuturi,
2097 2165 2152 2210 et
2186 2170 2287 2210 sae-

685 2246 890 2301 cularis
919 2247 1044 2300 vita:
1072 2245 1451 2314 sollicitudine,
1478 2257 1536 2302 et
1567 2256 1804 2318 paternae
1835 2248 2027 2304 domus
2057 2263 2287 2303 consue-

687 2338 876 2394 tudine
930 2354 1036 2394 non
1075 2340 1269 2396 teucri.
1302 2339 1358 2394 lu
1409 2350 1641 2411 quatuor
1671 2335 1798 2396 vero
1852 2343 2081 2412 primum
2136 2345 2283 2412 Αροφ

688 2429 844 2485 stolis
892 2430 1178 2502 eligendis,
1235 2442 1430 2502 praeter
1477 2448 1656 2488 rerum
1709 2434 1893 2503 ﬁdem,
1937 2433 2059 2506 quia
2105 2445 2159 2489 et
2212 2433 2298 2493 ita

685 2533 896 2594 gestum
949 2536 1071 2593 est,
1131 2526 1432 2581 futurorum
1492 2525 1954 2598 Evangelistarum
2027 2541 2285 2585 numerus

687 2619 1082 2690 praeﬁguntur.
1117 2621 1399 2677 Galilaeam
1445 2624 1605 2693 igitur
1647 2625 1858 2691 circuit,
1915 2632 1973 2680 et
2011 2626 2064 2679 in
2117 2639 2283 2696 syna-

682 2713 834 2782 gogis
857 2713 1106 2784 praedicat
1133 2715 1285 2786 regni
1318 2715 1665 2788 Evangciium
1703 2735 1715 2769 :
1746 2727 1802 2772 et
1854 2717 2096 2771 omnium
2127 2716 2285 2788 sigri—

683 2805 929 2860 tudinum
954 2807 1293 2863 inﬁrmitates
1318 2807 1608 2875 medendo,
1635 2808 1790 2864 iactis
1813 2809 1928 2878 ipse
1955 2825 2012 2865 se
2041 2809 2280 2880 profert:

685 2907 745 2954 ut
768 2915 926 2970 quem
959 2900 1012 2955 itt
1070 2902 1454 2973 prophetarum
1506 2901 1870 2958 voluminibus
1918 2903 2099 2976 legere
2129 2912 2284 2960 erant

683 2993 850 3064 soliti,
881 3004 1206 3066 praesentem
1250 2997 1509 3067 operibus
1551 3006 1961 3052 contueremur.
2065 3030 2068 3032 η

1293 3131 1518 3192 CAPUT
1573 3131 1663 3190 IV.

685 3243 764 3304 De
784 3244 1097 3308 beatitudine
1126 3255 1176 3301 et
1204 3249 1490 3317 prozcepﬁs,
1514 3249 1577 3308 de
1597 3249 2007 3308 reconciliatione
2035 3249 2282 3319 fratrum,

758 3339 823 3393 de
851 3340 1127 3408 adulterio,
1157 3341 1223 3394 de
1251 3341 1402 3400 oculo
1434 3351 1482 3398 et
1511 3357 1670 3398 manu
1713 3344 1966 3411 eruenda,
2019 3345 2083 3398 de
2121 3347 2282 3418 jura.

753 3431 938 3488 mentis
965 3439 1013 3486 et
1044 3433 1386 3503 eleemosyna.

757 3543 808 3596 1.
836 3541 1070 3597 Christus
1108 3544 1161 3597 in
1211 3551 1412 3608 monte,
1467 3543 1612 3613 quid.
1634 3573 1707 3586 —-
1731 3543 2086 3617 Congrcgatis
2117 3547 2284 3618 igitur

677 3633 929 3704 pluribus
955 3635 1153 3703 turbis,
1182 3643 1418 3691 montem
1443 3637 1782 3704 conscendit,
1806 3647 1862 3694 et
1881 3639 2035 3695 docet
2061 3638 2278 3712 (Matth.

683 3742 736 3792 ν,
785 3730 808 3781 1
838 3728 857 3799 )
893 3744 906 3782 :
942 3729 992 3784 in
1028 3740 1264 3799 paternae
1295 3730 1503 3786 scilicet
1532 3730 1833 3801 majestatis
1872 3735 2077 3802 positus
2121 3734 2283 3790 celsi-

679 3817 890 3883 tudine,
921 3820 1163 3876 caelestis
1204 3822 1328 3877 vitm
1357 3833 1626 3892 praecepta
1656 3824 1958 3880 constituit.
1992 3825 2106 3880 Νοη
2135 3827 2281 3882 enim

681 3912 1003 3968 a'teruitatis
1055 3914 1320 3979 instituta,
1353 3914 1458 3969 nisi
1487 3916 1538 3969 in
1567 3915 1872 3971 eteruitate
1905 3918 2132 3986 positus,
2169 3926 2281 3973 trav

677 4003 930 4060 didisset.
960 4005 1203 4076 Denique
1231 4006 1304 4060 ita
1335 4008 1594 4077 scriptum
1621 4017 1706 4063 est
1733 4027 1746 4062 :
1780 4009 1997 4078 Aperuit
2024 4027 2077 4065 os
2109 4028 2278 4078 suum,

679 4106 727 4149 ct
767 4096 975 4151 docebat
1026 4115 1111 4154 eos
1165 4096 1184 4170 (
1230 4096 1370 4151 Ibid.
1405 4097 1502 4171 ‘2).
1540 4098 1800 4154 Locutqu
1884 4119 2006 4156 cum
2072 4103 2279 4174 fuisse,

676 4189 980 4259 promptius
1025 4198 1144 4246 erat
1196 4189 1399 4245 dicere.
1454 4190 1559 4248 Sed
1598 4192 1722 4261 quia
1755 4192 1809 4248 in
1835 4193 2004 4264 gloria
2038 4207 2280 4260 paternae

679 4281 984 4350 maiestatis
1011 4282 1081 4352 (ε)
1108 4282 1401 4348 institerat,
1428 4293 1483 4338 et
1513 4286 1871 4338 aeternitatem
1907 4286 2080 4368 σεο
2117 4288 2280 4344 doce-

677 4371 790 4434 b-it,
825 4371 1025 4427 idcirco
1055 4370 1122 4424 ad
1173 4377 1378 4424 motum
1417 4371 1647 4441 Spiritus
1695 4373 1998 4448 eloquentis
2029 4377 2280 4435 obedissc

680 4456 982 4517 ostenditur
1011 4463 1226 4516 humani
1269 4463 1380 4518 oris
1418 4463 1680 4519 ofﬁcium.

2390 1868 2591 1925 functa:
2619 1870 2672 1924 in
2699 1885 2798 1930 nos
2829 1871 3084 1928 bonitatis
3124 1873 3239 1943 ejus
3263 1887 3390 1929 esse
3431 1873 3650 1938 mmulos
3689 1884 3916 1945 oportere;

2391 1969 2450 2018 ut
2496 1963 2620 2018 boui
2665 1965 2914 2028 omnibus
2959 1967 3148 2034 simus,
3191 1968 3508 2022 communia
3536 1970 3696 2022 omnia
3717 1968 3916 2022 omnibus

2389 2054 2796 2123 existimemus;
2845 2056 2988 2112 nulla
3035 2073 3132 2113 nos
3178 2074 3276 2112 nuc
3322 2059 3602 2124 smcuiaris
3630 2058 3914 2114 l‘astusinso-

2390 2147 2576 2214 lentia,
2612 2164 2712 2205 nec
2732 2165 2892 2221 opum
2916 2150 3202 2221 cupiditas,
3234 2166 3334 2206 nec
3355 2151 3534 2207 inanis
3552 2145 3722 2222 gloriae
3744 2149 3923 2205 ambitio

2389 2253 2700 2314 corrumpat
2730 2259 2743 2296 :
2769 2243 2862 2299 sed
2908 2243 3135 2314 subjecti
3185 2245 3294 2300 Deo
3335 2247 3532 2310 simus,
3565 2255 3616 2301 et
3653 2245 3714 2300 de
3735 2260 3905 2299 cornuto

2389 2335 2552 2390 nione
2581 2335 2792 2390 vivendi
2821 2339 2872 2390 in
2905 2352 3096 2394 omnes
3123 2339 3433 2393 communis
3459 2339 3582 2392 vitae
3605 2337 3832 2393 cbaritate
3864 2344 3924 2390 le-

2388 2442 2634 2494 ueamur,
2689 2445 2941 2500 magnum
2990 2433 3150 2484 etiam
3204 2430 3256 2484 in
3303 2445 3397 2496 eo,
3441 2429 3582 2500 quod
3628 2430 3726 2485 nati
3753 2444 3922 2494 sumus,

2387 2519 2585 2576 divinae
2613 2522 2869 2576 bonitatis
2898 2521 3134 2577 futurum
3160 2522 3465 2594 profectum
3497 2524 3558 2594 (i)
3587 2524 3924 2589 etisﬁmantcs,

2387 2612 2542 2683 cujus
2591 2616 2870 2684 prmmium
2921 2623 3086 2686 atque
3120 2616 3294 2670 honor
3340 2619 3622 2686 praesentis
3649 2616 3757 2671 vitm
3784 2615 3928 2686 operi-

2389 2708 2490 2763 bus
2534 2709 2603 2768 sit
2650 2709 2940 2765 mcrendus
2969 2727 2983 2765 :
3032 2721 3194 2782 atque
3231 2711 3304 2766 ita
3337 2727 3440 2782 per
3470 2713 3606 2768 hanc
3630 2712 3823 2782 spiritus
3854 2710 3930 2763 liu-

2387 2803 2670 2858 militatem
2697 2819 2800 2874 qua
2827 2803 2896 2859 de
2930 2805 3040 2860 Deo
3071 2805 3222 2861 nobis
3252 2804 3658 2860 meminerimus
3685 2814 3733 2859 et
3753 2803 3920 2858 indulta

2385 2897 2588 2963 omnia,
2633 2906 2688 2952 et
2731 2898 2987 2970 deinceps
3016 2898 3224 2970 potiora
3251 2900 3545 2970 speranda,
3575 2899 3808 2954 coriorum
3834 2910 3928 2965 reg-

2386 3005 2514 3044 num
2543 2990 2647 3044 erit
2675 3000 2940 3046 nostrum.

2456 3084 2510 3138 5.
2541 3082 2686 3138 Beati
2729 3086 2908 3151 mites;
2957 3085 3199 3156 quoniam
3228 3085 3328 3153 ipsi
3369 3085 3726 3141 hareditabunt
3759 3092 3927 3138 tonant.

2235 3211 2238 3214 η
2311 3175 2359 3240 C
2393 3175 2609 3248 (Matth.
2639 3193 2692 3242 v,
2725 3175 2806 3248 4).
2836 3176 3054 3232 Milibus
3084 3188 3243 3234 terra:
3274 3178 3644 3234 luereditatcm
3674 3174 3927 3246 pollicetur,

2391 3270 2441 3322 id
2475 3277 2576 3331 est,
2606 3268 2723 3339 ejus
2752 3270 3018 3339 corporis,
3042 3269 3186 3340 quod
3226 3269 3345 3340 ipse
3395 3271 3644 3325 Dominus
3684 3263 3928 3334 assumpsit

2387 3361 2753 3416 habitaculum
2798 3361 2953 3432 (Vid.
2983 3347 3148 3434 infra,
3172 3380 3225 3416 η.
3263 3362 3375 3434 li).
3396 3361 3530 3431 Quit
3558 3377 3645 3432 per
3669 3367 3927 3416 mansuetu-

2385 3454 2567 3510 dinem
2599 3455 2795 3510 mentis
2824 3465 3026 3510 nostra;
3055 3455 3382 3510 habitaverit
3411 3455 3650 3511 Christus
3695 3453 3741 3508 in
3778 3449 3926 3512 nobis,

2387 3561 2486 3602 nos
2514 3563 2730 3618 quoque
2759 3546 2922 3620 θοι
2944 3548 3113 3619 gloria
3135 3549 3425 3606 clariﬁcati
3455 3549 3576 3620 ejus
3597 3545 3803 3617 corporis
3826 3555 3930 3597 ves-

2387 3641 2604 3695 tiemur.

2457 3731 2512 3786 4.
2541 3730 2704 3802 Cujus
2750 3734 2918 3787 luctus
2960 3735 3059 3788 erit
3108 3735 3420 3790 consolatio.
3453 3765 3524 3777 —
3554 3734 3690 3790 Beati
3714 3732 3929 3804 lugeam;

2389 3826 2634 3897 quoniam
2680 3826 2784 3893 ipsi
2830 3828 3234 3882 consolabuntur
3278 3827 3452 3901 (Ibid.
3503 3831 3606 3897 5).
3655 3824 3928 3896 Lugentist

2385 3931 2604 3976 internae
2649 3920 3041 3977 consolationis
3070 3922 3262 3977 solatia
3303 3922 3648 3994 repromittit.
3679 3920 3782 3975 Non
3806 3915 3928 3972 orbi-

2388 4022 2527 4068 tatus
2563 4023 2655 4068 aut
2699 4015 3055 4070 contumelias
3101 4025 3193 4071 aut
3231 4016 3434 4072 damna
3481 4008 3927 4079 mmrentibus,sed

2385 4116 2605 4178 peccata
2636 4117 2816 4166 vetera
2847 4108 3123 4175 ﬂentibus,
3156 4118 3211 4174 et
3231 4111 3522 4170 criminum
3553 4110 3734 4182 quibus
3772 4105 3931 4160 obsor-

2384 4201 2656 4260 descimus
2701 4203 3033 4258 conscientia
3097 4204 3447 4274 atrumuosis,
3504 4203 3618 4258 lucc
3674 4197 3833 4260 sedula
3887 4195 3931 4250 in

2384 4293 2526 4348 coelo
2555 4293 2856 4348 consolatio
2888 4304 3244 4365 praeparatur.

2456 4383 2510 4445 5.
2553 4382 2700 4438 Beati
2728 4385 2816 4456 qui
2844 4387 3073 4441 esuriant
3100 4396 3149 4441 et
3174 4388 3357 4444 sitiunt
3403 4388 3697 4462 justitiam;
3734 4381 3932 4457 quoniam

2383 4477 2485 4548 ipsi
2509 4479 2880 4534 saturabuntur
2919 4480 3082 4552 (Ibid.
3119 4481 3198 4552 6),
3231 4483 3553 4540 Sitietttibus
3600 4492 3651 4538 et
3692 4473 3934 4535 esurienti-

750 4553 805 4606 2.
840 4553 1157 4608 llumilitatis
1183 4569 1354 4608 caussa
1372 4563 1419 4608 et
1443 4558 1731 4624 praemium.
1751 4585 1829 4611 .-..-
1854 4557 1999 4618 Beati
2024 4577 2278 4632 pauperes
2305 4570 2360 4631 Β
2387 4569 2486 4625 bus
2509 4570 2798 4641 justitiam,
2831 4573 3220 4630 beatitudinem
3266 4575 3454 4631 tribuit
3484 4595 3497 4629 :
3544 4574 3830 4646 signiﬁcans
3854 4582 3932 4623 ex-

675 4648 900 4718 spiritu;
923 4649 1164 4718 quoniam
1185 4647 1421 4718 ipsorum
1449 4657 1523 4702 est
1562 4666 1775 4723 regnum
1808 4651 2058 4707 sculorum
2107 4653 2272 4727 (Ibid.

677 4738 756 4814 5).
789 4741 1054 4813 Exemplo
1093 4739 1352 4797 Dominus
1379 4742 1642 4808 docuerat
1671 4743 1924 4813 humana;
1963 4749 2279 4816 ambitionis

749 4923 827 4994 (τι)
862 4920 944 4994 Alli
975 4922 1147 4977 tribus
1176 4935 1306 4977 mss.
1337 4923 1705 4990 contemplata.

755 4992 831 5064 (ὁ)
859 4992 916 5048 In
947 4994 1241 5066 potioribus
1273 5008 1401 5066 mss.
1433 4993 1720 5060 ostendam,
1764 4993 2002 5066 barbara
2057 4997 2278 5066 quidem

681 5063 864 5128 lectio,
892 5065 986 5120 sed
1033 5064 1169 5118 forte
1197 5063 1482 5126 sincerior,
1517 5079 1613 5132 pro
1633 5065 1772 5134 quod
1796 5065 1985 5120 indicio
2009 5063 2105 5121 est.

751 5134 824 5206 (ο)
854 5137 1099 5206 δίείιηεε.
1136 5137 1330 5203 quibus
1367 5135 1544 5206 verbis
1577 5135 1757 5189 obiter
1779 5149 2113 5193 memoratur
2143 5140 2274 5198 illud

677 5203 864 5264 Matth.
893 5224 906 5260 :
938 5205 1139 5281 Relicta
1168 5207 1368 5281 civitate
1396 5203 1661 5281 Nasaretlt
1691 5206 1936 5262 habitavit
1952 5210 2006 5263 in
2022 5209 2271 5281 διψάων.

679 5295 909 5352 nonin.
933 5287 999 5352 ut
1017 5276 1542 5352 adimplereturﬂuod
1571 5276 1868 5352 dictante“
1893 5297 1983 5352 per
2032 5276 2266 5351 Esaiam,

679 5360 785 5406 etc.
816 5350 950 5403 Male
991 5350 1151 5418 igitur
1193 5351 1247 5402 in
1297 5347 1513 5420 Batgct
1547 5349 1821 5420 nonnullis
1851 5347 1982 5406 mss.
2038 5347 2274 5420 proditus

679 5422 743 5482 in
786 5417 1150 5490 Capharnauns
1199 5431 1243 5473 et
1283 5417 1546 5488 propheta:
1585 5417 1780 5474 Esaice.
1828 5421 1939 5476 Nec
1981 5417 2181 5480 (uelitis
2220 5428 2273 5482 in

677 5492 838 5566 editis
860 5493 1263 5566 aliis,transiens
1294 5492 1348 5545 in
1365 5490 1740 5566 Capharauatm
1774 5503 1819 5546 α
1855 5497 2138 5566 praphetse,
2165 5507 2271 5553 etc.

747 5564 836 5634 (ά)
881 5562 939 5618 lu
968 5563 1291 5634 quibusdam
1331 5575 1460 5616 mss.
1491 5560 1781 5634 doctioris.

750 5633 822 5707 (εξ)
869 5634 1152 5707 Becceasis
1195 5633 1411 5707 codex,
1463 5633 1755 5692 instituerat
1800 5652 1821 5690 τ
1877 5635 2102 5693 Rectius
2157 5639 2273 5707 alii,

676 5703 950 5768 institerat,
979 5704 1084 5761 hoc
1115 5713 1230 5770 est,
1273 5705 1471 5776 positus
1502 5713 1634 5772 emt,
1656 5707 1871 5777 ωμμο,
1897 5724 1996 5764 nec
2016 5710 2085 5764 ab
2111 5726 2174 5766 ea
2196 5703 2276 5766 re;

680 5783 898 5828 τωοηι
909 5814 920 5826 .

2378 5145 2537 5202 Coll).
2574 5145 2676 5204 ms.

2389 4672 2596 4718 tensam
2627 4666 2678 4720 itt
2710 4666 2802 4722 Dei
2834 4668 3136 4723 doctrinam
3162 4678 3474 4725 sanctorum
3498 4669 3787 4736 aviditatem
3807 4660 3931 4720 bouis

2387 4759 2639 4830 perlecta:
2671 4761 2722 4815 in
2750 4762 2892 4822 crelo
2917 4763 3186 4824 satietatis
3212 4763 3440 4836 expleri.

2458 4935 2528 5007 (f)
2575 4935 2740 5010 Editi,
2782 4941 3090 5010 prwmonuit
3135 4958 3248 5000 esse
3292 4943 3542 5006 lecturum
3575 4959 3595 4998 .'
3637 4940 3928 5010 corriguntur

2383 5018 2448 5059 ex
2482 5008 2791 5074 potioribus
2805 5026 2936 5067 mss.

2455 5077 2531 5151 (g)
2579 5079 2734 5148 Apud
2769 5083 2886 5143 Par.
2939 5084 3220 5151 constituit,
3272 5087 3481 5141 conscii.
3535 5085 3699 5148 Minus
3742 5080 3859 5137 male
3881 5075 3921 5130 in

2713 5163 2832 5226 post
2857 5157 3141 5219 constituit,
3175 5159 3407 5226 positum
3439 5166 3524 5214 est
3543 5157 3774 5226 conscios.

2451 5219 2532 5304 ((⁸.)
2553 5220 2610 5304 .l."
2633 5219 2877 5304 Yulrgaljs.
2905 5227 3098 5304 eadem.
3127 5219 3344 5284 Reatius
3367 5230 3416 5286 in
3445 5245 3573 5304 mss.
3594 5246 3678 5304 _ea,
3697 5225 3798 5304 scil.
3822 5220 3918 5304 vita.

2453 5291 2518 5364 (i)
2551 5291 2751 5367 Eadem
2782 5297 2857 5367 in
2905 5299 3035 5366 psal.
3067 5313 3255 5360 cxvntt.
3301 5317 3352 5355 n.
3386 5302 3436 5367 1,
3467 5299 3770 5356 lnculentius
3805 5292 3919 5347 edit-

2381 5376 2638 5443 sertm‘tur
2684 5366 2735 5420 itt
2779 5366 2919 5443 hunc
2967 5373 3183 5424 modum
3234 5389 3246 5425 :
3302 5366 3476 5443 Neque
3526 5371 3652 5425 enim
3703 5369 3918 5443 quisque!"

2385 5443 2488 5486 tam
2515 5436 2720 5490 demens
2753 5448 2838 5492 aut
2892 5440 3041 5508 inops
3069 5458 3218 5494 sensu
3249 5454 3344 5506 est,
3385 5434 3436 5496 ut
3464 5444 3516 5495 in
3557 5443 3610 5494 id
3653 5458 3754 5494 cum
3782 5434 3917 5508 nullst

2387 5517 2513 5588 esset
2540 5519 2716 5570 natum
2737 5525 2790 5564 se
2810 5507 3083 5588 existimet,
3128 5526 3178 5588 ut
3200 5530 3400 5566 rursum
3420 5523 3680 5588 postquam
3709 5518 3842 5588 fuit}!
3859 5507 3916 5581 (ἔτ

2387 5579 2563 5633 nullus
2589 5589 2717 5634 esset
2743 5597 2760 5634 :
2783 5597 2897 5635 cum
2919 5583 3029 5636 sine
3048 5582 3202 5638 dubio
3227 5578 3592 5640 meminerimus
3616 5600 3675 5638 ea:
3700 5578 3916 5652 Beime
3999 5644 4008 5652 _

2387 5655 2490 5726 tate
2509 5654 2789 5726 profectum
2818 5670 2922 5726 esse
2944 5656 3080 5726 quod
3111 5667 3260 5711 natus
3299 5669 3390 5721 est,
3415 5673 3502 5710 nec
3525 5655 3580 5708 id
3599 5656 3651 5708 in
3689 5651 3914 5726 bonitatth

2384 5719 2496 5788 ejus
2512 5719 2736 5803 attulit-ia;
2761 5725 2930 5803 cadat,
2955 5719 3018 5779 ἰιι
3042 5727 3094 5780 in
3120 5727 3264 5782 nobis
3303 5719 3395 5785 hoc
3443 5742 3590 5782 suum
3633 5736 3800 5779 mttunt
3841 5725 3915 5786 ςιο

2384 5796 2643 5847 nrtseintur
2664 5796 2941 5851 interimat.
