4222 6262
601 267 708 325 935

1814 265 2060 326 SANCTI
2101 265 2360 324 lllLABll
2399 264 2706 326 EPISCOPI

3807 266 3918 324 9‘56

599 381 748 439 fecti.
782 380 857 455 (a)
893 380 1083 440 Merito
1109 379 1272 452 igitur
1299 379 1376 438 sal
1410 385 1570 438 terrae
1597 383 1896 451 nuncupati
1930 390 2078 450 sunt,
2107 397 2203 452 per
2229 385 2284 446 Α
2309 384 2450 439 intra
2494 398 2554 439 se
2586 391 2795 436 tantum
2824 385 3130 452 receptans,
3161 388 3372 438 certum
3401 380 3622 438 modum
3653 379 3921 438 dimensa:

605 477 858 532 virtutem
911 473 1174 531 doctrina:
1201 475 1428 530 saliendi
1463 475 1624 531 modo
1651 475 1944 530 aeternitati
1972 490 2204 546 corpora
2305 475 2669 532 observantiae
2721 473 3067 540 continebat;
3121 489 3267 530 nunc
3309 481 3492 530 tamen
3521 474 3699 529 fructu
3740 475 3922 542 omni,

607 577 970 626 reservantes.
1032 567 1138 623 Sed
1188 575 1378 623 natura
1421 568 1552 623 salis
1605 582 1820 637 semper
1863 567 2050 622 eadem
2097 575 2202 633 est,

606 676 710 716 nec
736 658 1010 715 immutari
1037 675 1288 732 umquam
1331 667 1527 730 potest.
1561 657 1763 714 Verum
1811 661 1934 729 quia
1979 672 2206 713 conver-

606 755 747 812 sioni
781 755 944 810 homo
969 755 1233 826 subiacet,
1291 763 1347 811 et
1394 755 1545 810 solus
1591 754 1801 822 beatus,
1836 755 1927 826 qui
1974 754 2204 826 (supple,

604 846 712 918 est)
745 862 920 919 usque
949 848 1014 902 ad
1045 848 1204 903 ﬁnem
1248 848 1300 901 in
1334 847 1587 903 omnibus
1635 847 1730 902 Dei
1777 847 2032 918 operibus
2084 862 2206 917 per-

606 941 904 1006 manserit;
955 940 1077 996 ideo
1123 954 1240 1005 eos,
1281 940 1363 994 sal
1407 949 1565 994 terrae
1614 947 1974 1008 nuncupatos,
2020 945 2208 994 monet

606 1031 661 1087 in
695 1031 904 1086 traditae
930 1030 1033 1088 sibi
1059 1031 1344 1102 potestatis
1386 1031 1586 1086 virtute
1623 1030 1936 1101 persistere,
1972 1045 2041 1086 ne
2072 1028 2210 1084 infa-

617 1125 752 1180 tuati
809 1123 943 1178 nihil
991 1123 1206 1187 saliant.
1261 1133 1316 1179 et
1364 1124 1463 1195 ipsi
1517 1139 1679 1180 sensu
1739 1125 1948 1193 accepti
1997 1124 2209 1194 saporis

609 1216 811 1272 amisso
841 1216 1116 1272 vivilicare
1163 1225 1417 1286 corrupta
1464 1231 1570 1272 non
1617 1216 1846 1286 possint,
1879 1226 1934 1271 et
1982 1214 2210 1285 projecti

607 1308 675 1364 de
706 1307 969 1364 Ecclesia:
1016 1309 1421 1379 promptuariis,
1471 1324 1592 1364 cum
1637 1308 1722 1364 his
1771 1323 1908 1379 quos
1939 1308 2205 1374 salierint,

606 1401 839 1471 pedibus
868 1400 1229 1456 incedentium
1266 1407 1632 1471 proterantur.

681 1494 769 1549 11.
824 1493 1012 1548 Mundi
1063 1495 1246 1567 fugant
1295 1493 1546 1547 tenebras.
1577 1521 1651 1532 —
1706 1491 1810 1548 Vos
1864 1491 1985 1546 estis
2035 1491 2210 1545 lumen

605 1586 786 1641 mundi
809 1585 1084 1659 (Matt/LV,
1109 1585 1666 1659 14).Naturaluminis
1692 1585 2057 1650 est,utlucem
2073 1599 2210 1652 quo-

611 1693 849 1749 cumque
903 1677 1315 1734 circumferatur
1359 1678 1594 1745 emittat,
1648 1676 1964 1746 illatumque
2003 1675 2212 1730 aedibus

2308 568 2633 624 adveniente
2658 582 2739 633 se,
2774 565 2857 639 (ά)
2889 582 3056 623 vacua
3083 567 3178 635 sit,
3225 581 3331 624 non
3378 575 3559 622 tamen
3592 566 3774 622 adhuc
3821 581 3925 637 po-

2310 667 2433 716 tens
2483 660 2700 715 luminis
2755 658 3060 715 occulendi.
3115 658 3294 729 Atque
3352 658 3478 716 ideo
3521 659 3633 730 jam
3687 659 3915 714 lucerna

2309 749 2514 806 Christi
2544 766 2652 806 non
2685 749 3028 808 recondenda
3059 750 3160 806 sub
3204 750 3388 806 modio
3427 758 3532 820 est,
3566 765 3745 822 neque
3788 765 3922 820 ope-

2308 843 2546 900 rimento
2571 843 2891 899 occultanda
2918 843 3218 915 Synagogze
3249 861 3260 897 .-
3294 841 3391 899 sed
3422 841 3496 916 (ε)
3541 842 3594 897 in
3622 841 3755 912 ligni
3801 857 3927 912 pas-

2307 937 2463 992 sione
2510 949 2790 1006 suspensa,
2827 936 3006 990 lumen
3048 942 3318 990 mternum
3338 945 3424 990 est
3447 935 3500 989 in
3531 934 3778 990 Ecclesia
3825 933 3924 988 ha-

2310 1014 2605 1084 bitantibus
2652 1028 2962 1098 praabitura.
3018 1027 3136 1082 Pari
3181 1027 3347 1082 etiam
3399 1027 3605 1097 fulgere
3633 1025 3928 1096 apostolos

2314 1128 2500 1174 monet
2529 1118 2730 1173 lumine
2758 1117 2975 1190 (Matth.
3008 1133 3063 1185 ν,
3093 1116 3216 1191 16);
3265 1127 3324 1172 ut
3351 1117 3713 1174 admiratione
3737 1119 3928 1188 operis

2310 1225 2496 1267 eorum
2521 1211 2630 1266 Deo
2662 1209 2779 1266 laus
2807 1209 3186 1282 impertiatur:
3211 1225 3318 1265 non
3341 1209 3485 1282 quod
3515 1211 3583 1266 ab
3607 1210 3929 1266 hominibus

2311 1311 2562 1374 Oporteat
2607 1303 2836 1374 gloriam
2879 1318 3145 1374 quaerere,
3189 1306 3314 1375 quia
3341 1305 3522 1360 omnia
3552 1304 3626 1376 (Ῑ)
3659 1305 3714 1360 ἰη
3743 1304 3927 1360 hono-

2311 1411 2427 1451 rem
2459 1393 2554 1451 Dei
2601 1403 2730 1452 sunt
2773 1395 3017 1466 agenda;
3048 1395 3143 1451 sed
3172 1405 3252 1462 ut,
3286 1395 3756 1452 dissimulantibus
3788 1397 3924 1454 licet

2314 1487 2491 1552 nobis,
2522 1501 2657 1557 opus
2685 1497 2931 1544 nostrum
2958 1486 3042 1543 his
3085 1489 3226 1544 inter
3249 1503 3384 1559 quos
3421 1489 3651 1544 vivimus
3677 1489 3925 1545 eluceat.

2386 1579 2476 1634 M.
2520 1577 2632 1632 Lex
2680 1577 2872 1633 Christi
2924 1581 3234 1649 prwnuntia.
3264 1609 3335 1619 —
3365 1578 3546 1635 Nolite
3572 1591 3759 1651 putare
3792 1597 3928 1649 quo-

2314 1669 2453 1724 niam
2484 1669 2597 1723 veni
2647 1669 2921 1724 dissolvere
2968 1672 3129 1742 legem
3180 1682 3270 1726 aut
3294 1671 3612 1744 prophetas:
3661 1691 3765 1728 non
3808 1674 3928 1730 veni

617 1771 872 1826 tenebras
913 1771 1207 1837 interimat,
1254 1771 1374 1827 luce
1418 1771 1754 1826 dominante.
1788 1769 1951 1842 Igitur
1981 1770 2213 1826 mundus
2244 1769 2290 1828 B
2319 1762 2614 1828 άίεεοίυενε.
2649 1762 2739 1817 sed
2781 1763 3062 1836 adimplere
3104 1763 3270 1836 (Ibid.
3326 1766 3440 1839 17)·
3484 1767 3664 1823 Virtus
3709 1778 3765 1824 et
3824 1783 3930 1839 po-

608 1873 762 1920 extra
793 1864 1158 1933 cognitionem
1191 1863 1284 1918 Dei
1315 1863 1522 1933 positus
1549 1862 1625 1934 (ὁ)
1659 1862 2048 1918 obscurabatur
2069 1863 2214 1933 igno-

611 1959 805 2014 rantis:
837 1957 1116 2012 tenebris:
1149 1955 1235 2011 cui
1275 1971 1369 2025 per
1415 1955 1692 2026 apostolos
1737 1955 1981 2012 scientiae
2031 1956 2213 2011 lumen

614 2051 906 2118 invehitur,
939 2059 994 2106 et
1019 2049 1255 2120 cognitio
1285 2050 1379 2106 Dei
1403 2050 1592 2115 claret,
1617 2058 1673 2105 et
1699 2049 1766 2105 de
1815 2049 1995 2120 parvis
2024 2065 2214 2106 eorum

620 2144 981 2216 corpusculis,
1031 2157 1373 2216 quocumque
1420 2142 1764 2210 incesserint,
1827 2142 1919 2197 lux
1975 2142 2214 2198 tenebris

611 2238 971 2295 ministratur.

694 2332 782 2388 l2.
813 2331 1005 2387 Civitas
1035 2345 1158 2384 caro
1178 2346 1211 2384 a
1241 2329 1446 2384 Christo
1475 2336 1758 2400 assumpta,
1794 2327 1926 2382 cives
1966 2327 2212 2382 homines.

613 2455 687 2468 —
708 2423 832 2480 Non
861 2433 1024 2496 potest
1047 2424 1229 2478 civitas
1248 2422 1491 2478 abscondi
1512 2437 1673 2492 supra
1691 2428 1912 2475 montem
1935 2419 2214 2491 azdiﬁcata,

615 2535 776 2590 neque
807 2516 1092 2572 accendunt
1123 2515 1408 2582 lucernam,
1436 2526 1483 2568 et
1522 2522 1717 2582 ponunt
1737 2529 1866 2581 (eam
1895 2511 1987 2566 sub
2019 2512 2212 2578 modio,

630 2621 688 2668 et
711 2611 916 2682 reliqua
948 2609 1112 2683 (Ibid.
1149 2607 1262 2682 15).
1291 2607 1575 2664 Civitatem
1616 2623 1833 2662 carnem
1863 2621 2022 2678 quam
2051 2606 2215 2679 683

625 2713 996 2776 assumpserat
1019 2713 1295 2773 nuncupat
1323 2721 1334 2757 :
1368 2704 1491 2772 quia
1537 2711 1599 2758 ut
1626 2702 1816 2758 civitas
1845 2719 1914 2758 ex
1956 2704 2217 2757 varietate

612 2812 678 2854 ac
719 2796 1066 2853 multitudine
1105 2797 1357 2853 consistit
1383 2797 1770 2860 habitantium;
1801 2797 1875 2852 ita
1906 2795 1961 2850 in
1993 2809 2079 2863 eo,
2116 2810 2212 2866 per

615 2901 866 2947 naturam
893 2890 1130 2960 suscepti
1161 2890 1428 2960 corporis,
1461 2889 1706 2960 quaadam
1739 2890 1971 2944 universi
1999 2888 2217 2960 generis

615 2982 836 3039 humani
864 2982 1210 3055 congregatio
1236 2983 1565 3038 continetur.
1613 2983 1790 3052 Atque
1830 2981 1904 3036 ita
1931 2988 1986 3036 et
2025 2979 2117 3036 ille
2141 2995 2213 3036 ex

617 3088 804 3134 nostra
855 3079 908 3133 in
956 3094 1014 3134 se
1057 3077 1478 3150 congregatione
1522 3077 1583 3132 lit
1625 3077 1836 3140 civitas,
1885 3083 1941 3131 et
1989 3090 2088 3130 nos
2119 3089 2216 3145 per

2318 1864 2484 1912 testas
2563 1856 2851 1912 verborum
2919 1857 3224 1913 cmlestium
3300 1859 3523 1930 grandia
3599 1861 3650 1914 in
3697 1874 3757 1916 se
3802 1875 3930 1916 mo-

2315 1958 2498 2003 menta
2525 1947 2808 2018 complexa
2847 1959 2994 2005 sunt.
3025 1949 3139 2006 Lex
3166 1950 3311 2006 enim
3339 1965 3567 2021 operum
3596 1951 3759 2021 posita
3800 1962 3917 2020 est,

2316 2047 2372 2096 et
2396 2041 2577 2096 omnia
2604 2041 2658 2096 in
2683 2040 2841 2096 fidem
2869 2055 3082 2108 eorum,
3112 2057 3232 2112 quae
3272 2042 3327 2097 in
3365 2040 3584 2098 Christo
3623 2052 3776 2098 erant
3822 2058 3917 2100 re-

2315 2137 2562 2202 velauda,
2589 2137 2858 2193 conclusit
2882 2154 2894 2190 :
2924 2136 3082 2208 cujus
3107 2146 3163 2193 et
3181 2138 3427 2194 doctrina
3443 2149 3502 2195 et
3519 2141 3698 2209 passio
3717 2139 3930 2209 grande

2316 2240 2372 2284 et
2400 2229 2724 2300 profundum
2753 2238 2837 2286 est
2859 2238 3101 2300 paterna:
3143 2231 3440 2288 voluntatis
3465 2233 3777 2289 arbitrium.
3808 2232 3932 2289 Lex

2315 2328 2495 2376 autem
2524 2320 2628 2376 sub
2649 2321 2954 2377 velamento
2979 2320 3266 2378 verborum
3311 2321 3633 2393 spiritalium
3660 2323 3930 2379 nativita-

2318 2423 2424 2470 tem
2457 2413 2672 2471 Domini
2713 2415 2883 2471 nostri
2931 2415 3062 2472 Iesu
3087 2415 3310 2485 Christi,
3361 2427 3417 2473 et
3457 2418 3928 2489 corporalitatem,

2317 2517 2373 2565 et
2400 2509 2730 2580 passionem,
2761 2518 2818 2566 et
2839 2511 3313 2580 ,resurrectionem
3359 2511 3534 2567 locuta
3566 2522 3651 2567 est
3695 2529 3712 2568 :
3758 2521 3932 2582 atque

2318 2601 2372 2658 id
2423 2605 2494 2658 ita
2537 2603 2648 2674 jam
2674 2613 2800 2660 ante
2831 2614 3072 2676 tempora
3101 2605 3384 2660 saecularia
3423 2605 3479 2660 in
3520 2605 3699 2661 astatis
3725 2615 3936 2663 nostra:

2319 2705 2535 2767 tempus
2575 2711 2698 2753 esse
2723 2697 3066 2768 dispositum,
3101 2697 3357 2768 frequens
3400 2707 3454 2754 et
3504 2697 3823 2768 prophetica
3870 2707 3937 2754 et

2317 2787 2612 2858 apostolica
2659 2790 2954 2845 auctoritas
3005 2796 3108 2845 est.
3156 2787 3319 2858 Igitur
3363 2796 3484 2860 post
3517 2787 3787 2859 jejunium
3815 2789 3938 2846 die-

2316 2896 2436 2936 rum
2459 2881 2813 2954 quadraginta
2830 2925 2846 2949 ,
2873 2891 3090 2938 satanas
3114 2881 3279 2936 tantis
3295 2881 3695 2951 suspicionibus
3711 2882 3935 2952 anxius,

2319 2989 2489 3044 usque
2526 2974 2593 3028 ad
2623 2973 2868 3030 tentandi
2906 2974 3088 3045 erupit
3133 2973 3451 3028 audaciam:
3482 2973 3676 3044 ingens
3705 2975 3759 3029 in
3797 2973 3935 3032 Iesu

2320 3065 2707 3135 pertimescens
2748 3066 2988 3123 cmlestis
3016 3065 3315 3122 molitionis
3341 3079 3622 3120 arcanum.
3654 3064 3733 3138 (g)
3766 3066 3938 3124 Iesus

618 3172 950 3226 consortium
999 3171 1182 3226 carnis
1230 3185 1344 3226 suae
1404 3185 1592 3226 sumus
1646 3167 1882 3224 civitatis
1930 3167 2208 3221 habitatio.
2240 3162 2285 3225 C
2317 3158 2460 3213 enim
2511 3159 2739 3214 Domino
2780 3168 2971 3214 nostro
3012 3173 3211 3214 nomen
3255 3172 3323 3214 ex
3351 3173 3580 3227 corpore
3606 3167 3711 3214 est.
3741 3159 3938 3232 Itaque

614 3261 893 3320 Abscontdi
939 3276 1070 3333 ergo
1114 3261 1224 3332 jam
1277 3277 1384 3316 non
1415 3269 1633 3331 potest:
1667 3260 1788 3330 quia
1834 3258 1887 3313 in
1932 3257 2213 3314 altitudine

614 3353 826 3425 positus
879 3352 1218 3410 celsitudinis
1261 3352 1378 3420 Dei,
1429 3352 1787 3407 admiratione
1828 3365 2054 3420 operum
2085 3364 2214 3406 suo-

612 3464 738 3506 rum
767 3457 822 3504 et
849 3447 1297 3518 contemplandas
1327 3452 1383 3502 et
1407 3444 1784 3530 intelligendus
1811 3443 2059 3499 omnibus
2084 3441 2215 3498 effe-

617 3551 774 3690 ra‘lu;
799 3633 1103 3706 Synagoga,
1129 3630 1356 3685 modium
1384 3629 1646 3685 occultans
1664 3627 1854 3682 lumen.
1871 3624 2108 3682 Christus
2127 3625 2210 3679 lu-

613 3743 788 3784 cerna.
827 3757 900 3768 —
927 3725 1035 3782 Sed
1082 3740 1183 3782 nec
1220 3726 1442 3781 lucerna
1487 3722 1822 3789 accenditur,
1868 3718 2213 3777 recondenda

621 3821 726 3878 sub
756 3819 955 3876 modio.
988 3819 1092 3887 Qui
1134 3819 1278 3874 enim
1307 3819 1519 3874 fructus
1546 3825 1652 3883 est,
1684 3814 1753 3889 (ε)
1783 3815 1970 3889 clauso
1999 3813 2213 3884 impen-

615 3925 730 3970 sam
779 3912 996 3968 luminis
1039 3909 1356 3968 continere?
1405 3909 1606 3965 Verum
1657 3887 1995 3979 Sj'nagogain
2052 3905 2216 3976 digne

613 4006 873 4065 Dominus
896 4005 1078 4064 modio
1099 4003 1472 4077 comparavit:
1505 4018 1626 4075 quae
1674 4009 1959 4072 susceptos
2007 4000 2214 4055 fructus

612 4191 677 4249 In
707 4191 873 4261 prima
919 4190 1067 4251 Par..
1100 4200 1157 4244 ut
1201 4189 1418 4256 quin....
1450 4198 1767 4243 sacramento
1787 4201 1938 4261 aqua;
1973 4185 2209 4261 ignisque

613 4258 1168 4334 perﬁci.ilnipluribus
1199 4275 1329 4334 mss.
1358 4269 1601 4334 alque...
1635 4258 1938 4334 sacramenti
1967 4258 2200 4327 ignisque

616 4328 849 4404 perfecti.
898 4333 980 4386 Ex
1013 4333 1094 4404 Itis
1134 4329 1525 4404 restituendum
1553 4328 1929 4404 conjectamus
1949 4343 2117 4398 aquae,
2146 4335 2205 4380 ut

615 4400 843 4458 Ioannes
869 4401 1102 4470 superius
1143 4401 1285 4455 testis
1312 4409 1407 4464 est,
1454 4401 1782 4454 sacramentis
1823 4400 2052 4470 ignisque
2097 4415 2214 4466 per-

617 4474 755 4546 fecti.
783 4471 966 4541 Neque
997 4470 1134 4546 intra
1165 4469 1878 4546 mediocriterconfirmatur
1901 4469 2215 4538 conjectura

618 4541 803 4602 nostra
836 4559 901 4600 ex
936 4562 991 4598 n.
1036 4543 1130 4608 26,
1161 4541 1248 4596 ubi
1292 4543 1531 4612 baptismi
1567 4551 1613 4596 et
1642 4542 1854 4606 spiritus
1898 4549 2219 4612 sacramenta

2317 3257 2371 3304 et
2394 3249 2564 3322 684
2592 3250 2946 3320 corporalitas
2969 3249 3088 3319 ejus
3116 3258 3169 3303 et
3211 3247 3411 3318 passio,
3438 3249 3692 3303 voluntas
3732 3249 3830 3304 Dei
3872 3258 3936 3306 et

2315 3341 2462 3399 salus
2489 3343 2673 3398 saeculi
2702 3351 2786 3399 est
2811 3360 2824 3396 :
2855 3351 2911 3398 et
2936 3343 3074 3397 ultra
3102 3341 3321 3396 humani
3351 3341 3620 3397 sermonis
3648 3341 3934 3411 eloquium

2317 3445 2420 3502 est,
2452 3437 2616 3492 Deum
2641 3451 2709 3493 ex
2739 3436 2872 3504 Deo,
2902 3435 3100 3492 Filium
3129 3449 3195 3490 ex
3223 3434 3398 3489 Patris
3423 3433 3717 3490 substantia
3748 3443 3926 3504 atque

2314 3529 2452 3584 intra
2491 3529 2667 3586 Patris
2721 3529 3078 3586 substantiam
3125 3527 3538 3594 consistentem,
3579 3527 3806 3598 primum
3858 3527 3926 3584 in

2318 3620 2592 3679 hominem
2621 3634 2992 3694 corporatum,
3021 3621 3222 3679 dehinc
3257 3620 3421 3677 morti
3461 3618 3693 3676 hominis
3725 3620 3930 3676 condi-

2317 3721 2464 3777 tione
2494 3717 2821 3788 subjectum,
2856 3709 3133 3787 postrem'o
3165 3723 3289 3786 post
3315 3714 3553 3771 triduum
3585 3715 3640 3770 in
3667 3716 3837 3772 vitam
3858 3729 3933 3774 ex

2315 3823 2491 3872 morte
2517 3813 2855 3878 redeuntem,
2898 3811 2976 3883 (h)
3019 3810 3381 3866 consociatam
3427 3808 3662 3879 Spiritus
3703 3817 3759 3865 et
3797 3807 3938 3864 sub-

2321 3907 2536 3964 stantiae
2565 3919 2677 3960 suae
2700 3902 2988 3958 aeternitati
3020 3900 3301 3958 materiem
3328 3900 3396 3956 ad
3422 3899 3623 3957 ctelum
3660 3899 3938 3972 assumpti

2318 3997 2561 4070 corporis
2591 3995 2868 4052 retulisse.

2386 4183 2465 4256 (Δ)
2493 4183 2572 4240 Ita
2602 4193 2837 4254 quatuor
2865 4197 2996 4240 mss.
3029 4183 3136 4238 Alii
3168 4183 3367 4256 habent
3395 4193 3615 4239 vacuata
3653 4185 3738 4238 sit.
3783 4183 3935 4242 Male

2316 4254 2493 4312 autem
2522 4258 2575 4310 in
2611 4256 2858 4326 vulgatis,
2886 4256 3138 4310 uacuavit.
3166 4254 3409 4312 Pessime
3437 4271 3568 4312 vero
3607 4256 3767 4326 paulo
3797 4266 3936 4311 ante

2317 4342 2416 4400 pro
2441 4344 2578 4380 nunc
2602 4337 2793 4394 tamen,
2841 4327 3063 4400 Lipsius,
3087 4327 3364 4400 substituit
3409 4344 3546 4381 nunc
3594 4326 3808 4400 tametsi,
3861 4341 3938 4382 ac

2319 4398 2506 4470 postea
2541 4401 2785 4452 voculam
2817 4415 2871 4451 se
2897 4415 2924 4451 a
2952 4399 3129 4470 verbo,
3154 4398 3454 4453 adveniente
3502 4398 3716 4470 virgula
3764 4412 3939 4470 sepaf

2323 4467 2492 4526 ratam
2547 4485 2669 4525 cum
2725 4470 2964 4523 uacuavit
3010 4467 3312 4538 conjunxit,
3359 4483 3485 4524 cum
3536 4469 3805 4524 referatur
3854 4468 3936 4524 ad

2323 4540 2621 4612 Christum,
2654 4540 2807 4611 cujus
2837 4540 3074 4596 adventu
3117 4538 3420 4612 Synagogte
3450 4543 3627 4596 cultus
3658 4540 3838 4595 inanis
3863 4550 3928 4596 et

617 4599 834 4674 rursum
863 4599 1252 4671 memorantur.
1285 4599 1573 4682 Seqttimur
1615 4599 1726 4667 tres
1753 4627 1883 4667 mss.
1935 4611 2039 4666 nisi
2076 4610 2218 4682 quod
2246 4599 2301 4660 D
2327 4599 2690 4682 infructuosus
2713 4599 2966 4666 évaserit.

621 4689 874 4760 ponimus
900 4700 1050 4758 atque
1075 4694 1154 4752 ut,
1185 4685 1274 4739 ubi
1306 4685 1506 4740 habent
1531 4686 1731 4754 atquin.

654 4780 732 4852 (a)
751 4780 805 4833 ln
820 4779 1050 4852 vulgatis
1062 4778 1147 4832 hic
1160 4775 1418 4852 insertum
1432 4785 1572 4840 erat,
1587 4775 1710 4829 dum
1723 4776 1796 4852 ait
1816 4791 1833 4852 ξ
1857 4773 1978 4844 Ipse
1991 4789 2077 4828 vos
2093 4773 2222 4852 bap-

622 4844 796 4905 ti'sabit
827 4844 1026 4919 Spiritu
1039 4857 1215 4903 sancto
1234 4857 1279 4901 et
1305 4849 1412 4919 igni
1442 4864 1460 4902 :
1483 4863 1551 4903 ne
1578 4862 1689 4902 uno
1710 4847 1987 4919 quideme
2016 4844 2217 4899 nostris

619 4937 752 4978 mss.
772 4917 1117 4992 suffragante.
1133 4917 1757 4992 Obiter—observare‘est,
1783 4917 2067 4992 Hilarium,
2094 4929 2216 4992 cum

616 4983 1014 5063 superius,cap.
1041 4993 1097 5058 2,
1125 5007 1177 5045 n.
1202 4992 1258 5055 4,
1279 4990 1600 5063 baptismum
1623 4989 1765 5063 ignis
1785 4988 1853 5041 de
1875 4990 2007 5063 _igne
2029 4983 2221 5063 judicii

619 5057 847 5120 extremi
878 5057 1504 5132 'interpretetur,ialiam
1545 5057 1704 5132 hujus
1741 5058 2005 5132 baptismi
2050 5057 2220 5110 inter-

619 5137 978 5219 pretationem
1009 5127 1114 5217 non
1138 5131 1448 5219 excludere,
1481 5132 1524 5185 si
1555 5127 1772 5219 quidem
1798 5127 2074 5219 apqstolos
2096 5136 2220 5219 anile

615 5198 878 5278 judicium
907 5205 1011 5262 hoc
1054 5205 1193 5276 ignis
1249 5202 1518 5273 baptismo
1570 5198 1846 5271 perfectos
1890 5199 1978 5254 hic
2025 5198 2222 5268 pracdi-

625 5285 737 5333 cat.

693 5347 769 5421 (ὁ)
817 5349 1007 5404 Plures
1054 5363 1184 5403 mss.
1233 5344 1462 5401 obscura:
1506 5342 1790 5400 tenebatur.
1822 5343 1942 5400 Mox
1967 5342 2018 5397 in
2050 5341 2222 5398 tribus

623 5421 780 5480 venit.
815 5436 913 5490 pro
939 5421 1216 5474 invehitur.
1353 5467 1356 5472 .

697 5493 773 5560 (ο)
797 5486 885 5562 Sic
914 5505 1108 5562 magno
1147 5504 1415 5562 consensu
1443 5503 1575 5562 mss.
1595 5486 1673 5562 _id
1700 5496 1812 5562 est,
1859 5486 1999 5562 clam
2028 5494 2084 5540 et
2110 5500 2219 5562 ‘oe-

623 5557 787 5618 culte.
822 5561 899 5618 Ita
933 5557 1028 5620 lib'.
1069 5577 1146 5622 Ill,
1178 5561 1247 5616 de
1272 5560 1426 5616 Trin.
1464 5577 1518 5614 η.
1548 5559 1658 5615 20:
1692 5558 1856 5613 Erant
1897 5557 2138 5626 discipuli
2168 5558 2221 5611 in

626 5632 827 5698 clauso,
881 5642 926 5689 et
971 5642 1163 5688 secreto
1195 5642 1308 5704 post
1354 5633 1643 5704 passionem
1669 5629 1898 5704 Domini
1928 5627 2222 5704 congregati

623 5705 981 5777 consederant.
1012 5704 1083 5760 At
1112 5705 1166 5759 in
1195 5699 1367 5777 prima
1394 5703 1634 5761 editione
1675 5702 1800 5759 Par.
1851 5699 2118 5766 clausam;
2153 5699 2221 5754 in

629 5775 862 5839 cmtcris,
889 5776 1073 5829 clausi.

2404 4681 2474 4753 (θ)
2507 4682 2892 4755 Praeferremus
2933 4697 3054 4738 cum
3083 4681 3328 4750 pluribus
3357 4696 3490 4738 mss.
3515 4683 3570 4737 in
3617 4683 3759 4755 ligno
3804 4699 3943 4751 pas-

2328 4755 2492 4818 sione,
2521 4755 2694 4823 quasi,
2727 4753 2992 4822 passionis
3025 4764 3284 4823 tempore,
3320 4753 3938 4824 nisiexperti'essemns

2330 4825 2533 4880 Hilario
2560 4824 2852 4879 familiares
2873 4840 2994 4881 esse
3020 4824 3325 4895 hujusmodi
3348 4838 3538 4880 vocum
3563 4825 3933 4892 inrersiones,

2330 4905 2390 4950 ut
2411 4897 2554 4968 dicat
2581 4897 2636 4968 in
2659 4896 2786 4968 ligni
2818 4900 3076 4966 passione,
3106 4910 3206 4964 pro
3242 4897 3299 4968 in
3327 4895 3466 4968 ligno
3500 4897 3778 4968 passionis.

2401 4965 2470 5038 (Γ)
2502 4966 2630 5020 Bad.
2664 4965 2784 5022 cum
2818 4965 3219 5038 plurimisqmss.
3248 4967 3305 5021 in
3331 4965 3514 5038 ordine
3553 4968 3608 5020 in
3647 4967 3923 5038 honorent.

2406 5035 2487 5110 (g)
2509 5039 2598 5093 Sic
2625 5035 2862 5107 potiores
2892 5052 3022 5092 mss.
3053 5036 3158 5092 Alii
3184 5052 3313 5110 vero
3346 5055 3358 5091 :
3387 5035 3514 5092 Iesu
3530 5038 3667 5110 enim
3697 5036 3934 5094 Domino

2327 5107 2629 5181 non’nomen
2661 5126 2738 5181 θείς⁸
2753 5125 2963 5181 corpore
2987 5117 3102 5163 est:
3133 5107 3490 5181 adversantur
3529 5109 3611 5163 his
3637 5117 3809 5181 tract_._
3831 5124 3923 5179 ps.

2326 5195 2447 5245 va,
2483 5197 2536 5234 u.
2573 5179 2676 5235 l2:
2707 5178 2860 5234 Iesus
2901 5181 3034 5234 enim
3064 5181 3173 5249 ejus
3223 5180 3465 5248 hominis,
3514 5181 3604 5250 qui
3645 5197 3712 5236 ea:
3749 5178 3936 5237 Maria

2327 5260 2477 5305 natus
2507 5260 2602 5318 est,
2626 5251 2940 5323 nuncupatio
2962 5260 3056 5305 est.

2398 5340 2478 5415 (h)
2491 5339 2698 5415 Clarius
2717 5341 2832 5415 hmo
2855 5343 2925 5396 ita
2944 5341 3330 5415 ordinarentur
3357 5359 3369 5395 :
3392 5344 3653 5398 materiem
3668 5344 3932 5414 assumpti

2326 5412 2557 5482 corporis
2588 5414 2934 5468 consociatam
2959 5413 3234 5468 wternitati
3269 5412 3500 5482 Spiritus
3544 5424 3591 5469 et
3629 5412 3932 5468 substantia

2328 5501 2436 5540 sure
2466 5485 2594 5552 (hoc
2640 5495 2724 5540 est
2769 5484 2964 5539 divinat
3012 5495 3221 5539 natura:
3245 5527 3260 5548 ,
3291 5500 3413 5556 qua:
3441 5486 3551 5540 tilio
3576 5485 3671 5540 Dei
3700 5500 3800 5539 sua
3844 5494 3929 5539 est

2332 5571 2425 5624 per
2439 5557 2847 5626 proprietatem,
2866 5557 3096 5610 humana
3127 5564 3305 5610 autem
3335 5564 3542 5611 tantum
3571 5571 3664 5626 per
3684 5570 3928 5624 assump-

2333 5571 2425 5624 per
2439 5571 2534 5626 pro
2577 5571 2847 5619 rietatem,
2866 5571 3096 5610 numana
3127 5571 3305 5610 autem
3335 5571 3542 5611 tantum
3571 5571 3664 5626 per
3684 5571 3925 5624 assump-

2333 5571 2573 5698 tionentg
2596 5627 2664 5681 ad
2685 5628 2864 5682 caelum
2892 5627 3154 5682 retulisse.
3188 5626 3255 5682 Et
3283 5627 3370 5682 hic
3397 5627 3549 5683 locus
3577 5627 3925 5698 avertit__om-

2330 5713 2454 5770 nem
2477 5696 2860 5770 suspicionem,
2882 5714 3011 5770 qua:
3042 5714 3111 5754 ex
3136 5698 3257 5755 aliis
3281 5698 3412 5770 oriri
3435 5707 3655 5770 posset,
3673 5713 3746 5754 ne
3768 5696 3922 5770 Hila-

2331 5768 2444 5825 rius
2490 5769 2692 5828 Christi
2729 5769 3009 5842 glorilicati
3034 5784 3255 5828 carnem
3297 5768 3552 5830 abolitam
3579 5769 3919 5828 existimarit.
