4222 6262
565 254 672 319 939

1783 245 2028 309 SANCTI
2063 244 2322 307 HILARII
2361 231 2671 308 EPISCOPi

3760 238 3877 303 940

498 431 509 441 κ
565 383 654 433 tur
681 387 697 433 :
723 375 921 429 etcum
949 368 1321 427 fornicationis
1355 378 1522 440 opere
1560 367 1783 439 punitur
1838 368 2158 424 illecebrosa
2185 367 2236 429 Α
2268 366 2602 422 voluntatem
2630 362 2780 435 pacis
2810 360 3037 433 indixit,
3067 373 3256 419 verum
3287 359 3451 419 etiam
3480 364 3693 417 reatum
3715 375 3886 417 coac-

555 468 717 527 'visus
748 465 1167 524 transcurrentis
1192 464 1424 521 aﬁ'ectio.

2268 466 2335 513 tae
2366 446 2429 513 in'
2447 454 2773 512 adulterium
2813 455 2997 510 uxoris
3046 454 3337 526 imposuit,
3370 453 3416 509 si
3446 453 3535 510 alii
3567 469 3635 509 ex
3662 452 3883 510 disces—

641 561 811 634 σεο
846 560 939 615 Si.
969 558 1200 614 Membra
1227 555 1539 612 abscidenda
1559 597 1574 624 ,
1610 556 1881 627 propinqui
1908 553 2168 611 srandali-
2266 551 2435 606 sionis
2458 550 2784 605 necessitate
2807 547 3056 604 nubenda
3087 549 3158 603 sit
3183 566 3195 601 :
3220 545 3302 622 (d)
3327 547 3532 603 nullam
3562 544 3725 602 aliam
3750 562 3888 603 cau-

573 665 770 710 nantes.
825 650 1047 706 Frustra
1074 667 1298 722 corpus,
1331 659 1379 705 et
1433 666 1537 704 non
1580 665 1697 717 εον,
1766 657 2048 705 εωεεεαιην.
2096 675 2170 688 -

576 747 729 818 Quod
754 747 800 801 si
826 745 1008 802 oculus
1039 754 1156 800 tuus
1177 746 1352 800 dexter
1379 744 1699 799 scandalizat
1724 752 1790 808 te,
1818 759 1937 799 erue
1961 759 2096 808 eum,
2122 750 2171 797 et

573 842 772 916 projice
798 838 889 895 abs
915 848 982 906 te,
1010 848 1117 896 etc.
1148 837 1315 909 (Ibid.
1342 838 1459 910 29).
1494 836 1579 893 Fit
1615 837 1941 894 innocentiae
1972 837 2171 908 gradus

568 935 769 995 celsior
793 977 808 1003 ,
836 943 895 1001 et
915 933 1215 1004 profectum
1262 930 1399 989 ﬁdes
1422 931 1609 988 sumit.
1650 930 1850 987 Carere
1887 933 2031 986 enim
2063 946 2172 987 non

571 1029 749 1098 solum
779 1027 1011 1100 propriis
1034 1025 1200 1094 vitiis,
1227 1024 1322 1081 sed
1352 1032 1409 1081 et
1431 1025 1766 1081 extrinsecus
1809 1023 2174 1080 incidentibus

574 1123 951 1181 admonemur.
981 1119 1100 1177 Non
1142 1121 1286 1177 enim
1312 1135 1380 1176 ex
1406 1119 1585 1176 causis
1622 1117 1956 1190 peccantium
2000 1133 2174 1174 mem-

577 1216 823 1284 brorum,
846 1213 1091 1285 corporis
1114 1212 1310 1267 damna
1333 1220 1603 1282 prmccpta
1623 1219 1748 1266 sunt
1773 1228 1788 1265 :
1813 1211 2003 1266 dextro
2031 1210 2175 1267 enim

580 1307 740 1368 Oculo
768 1322 874 1362 non
900 1305 1079 1361 minus
1124 1303 1344 1360 sinister
1388 1313 1618 1360 erraret.
1670 1301 1835 1358 Certe
1884 1317 1979 1373 pes
2013 1315 2178 1358 sensu

581 1399 1038 1470 concupiscentiae
1065 1412 1260 1455 carens
1290 1395 1489 1452 damno
1524 1395 1732 1451 inutilis
1775 1404 1897 1461 est,
1931 1395 1983 1450 in
2017 1410 2178 1465 quem

575 1507 760 1565 pinnae
789 1508 949 1549 causa
986 1490 1063 1564 (a)
1097 1507 1201 1546 non
1236 1490 1456 1546 incidet.
1498 1490 1603 1547 Sed
1645 1491 1767 1561 quia
1796 1490 2016 1546 diversa
2048 1489 2185 1546 iuvi-

579 1604 696 1645 cem
714 1568 975 1654 membra,
991 1601 1190 1658 corpus
1214 1595 1393 1640 tamen
1418 1600 1606 1641 omnes
1630 1583 1793 1641 unum
1815 1599 2034 1652 sumus;
2050 1582 2187 1654 abji-

580 1696 706 1737 cerc
727 1697 757 1736 a
790 1679 1066 1744 nobis,vel
1098 1678 1276 1749 potius
1307 1692 1520 1744 eruere,
1539 1677 1967 1749 propinquitates
1996 1675 2071 1749 (b)
2097 1691 2189 1732 ca-

2268 655 2382 696 sam
2410 641 2690 698 desinendi
2720 656 2750 696 a
2777 642 3032 712 conjugio
3059 640 3443 713 przcscribens,
3467 654 3630 712 quam
3652 655 3780 711 qua:
3800 639 3884 695 vi-

2269 752 2389 794 rum
2417 737 2724 807 prostituta:
2754 736 2937 791 uxoris
2967 737 3227 792 societate
3257 734 3542 805 pollueret.

2341 826 2677 884 25.1urandi
2688 826 3001 883 consuetudo
3031 842 3090 882 ac
3121 826 3395 883 necessitas
3426 823 3740 883 Christianis
3761 825 3889 881 sub-

2275 922 2398 977 lata.
2432 951 2505 962 —
2530 921 2557 975 I
2566 931 2729 976 terum
2755 921 2975 976 audistis
3002 922 3124 992 quia
3144 920 3337 974 dictum
3361 928 3437 979 est
3461 920 3687 993 antiquis
3718 936 3739 975 :
3762 916 3823 973 Ν
3824 936 3894 974 an

2274 1013 2583 1086 periurabis,
2601 1023 2706 1069 etc.
2722 1012 2831 1085 (Ib.
2865 1012 2979 1086 '53).
2995 1013 3106 1068 Lex
3125 1027 3335 1082 pinnam
3356 1023 3607 1083 posuerat
3622 1012 3891 1085 periurio,

2276 1114 2337 1161 ut
2362 1106 2774 1162 fraudulentiam
2799 1105 2875 1179 (ε)
2922 1106 3296 1163 mentientium
3334 1096 3662 1163 sacramenti
3693 1103 3894 1178 religio

2281 1200 2618 1266 contineret;
2638 1188 2922 1270 isimulque
2957 1199 3111 1271 plebs
3140 1199 3289 1255 rudis
3316 1208 3477 1270 atque
3500 1199 3749 1257 insolens
3782 1199 3897 1255 fre-

2281 1301 2537 1365 quentem
2567 1293 2634 1347 de
2685 1293 2798 1349 Deo
2847 1309 2946 1349 suo
2980 1292 3312 1350 mentionem
3341 1292 3568 1351 haberet
3597 1293 3898 1350 familiari-

2283 1391 2393 1441 tate
2417 1384 2657 1456 jnrandi.
2689 1383 2852 1441 Fides
2898 1401 3027 1442 vero
3060 1387 3387 1442 sacramenti
3434 1387 3899 1444 consuetudinem

2284 1489 2548 1546 removet,
2583 1479 2708 1535 vita:
2730 1489 2930 1535 nostra:
2960 1480 3174 1551 negotia
3196 1481 3249 1536 in
3278 1481 3505 1539 veritate
3526 1481 3896 1547 constituens,

2286 1571 2498 1641 abiecto
2521 1570 2741 1627 fallendi
2763 1570 2927 1644 687
2947 1570 3165 1639 affectu,
3195 1571 3604 1644 simplicitatem
3634 1570 3904 1645 loquendi

2290 1661 2655 1733 audiendique
2697 1663 3088 1734 prtcscribens;
3121 1673 3178 1720 ut
3202 1663 3345 1735 quod
3392 1672 3509 1721 erat
3547 1675 3733 1734 esset,
3785 1679 3904 1721 non

580 1772 921 1829 rissimorum
947 1768 1225 1825 nominum
1258 1767 1633 1833 admonemur,
1681 1767 1727 1823 si
1770 1766 1824 1822 in
1847 1767 1954 1823 illis
1975 1765 2178 1837 aliquid
2209 1771 2258 1833 B
2284 1766 2426 1814 esset
2448 1773 2580 1814 vero
2610 1759 2753 1830 quod
2778 1774 2885 1814 non
2912 1767 3068 1814 erat:
3108 1757 3180 1833 (Ῑ)
3206 1758 3330 1831 quia
3362 1759 3505 1814 inter
3541 1769 3625 1816 est
3660 1769 3712 1817 et
3741 1776 3857 1815 non
3881 1800 3901 1828 ,

579 1864 689 1919 tale
716 1875 1005 1919 cernamus
1029 1901 1045 1927 ,
1073 1876 1142 1915 ne
1172 1860 1227 1914 in
1256 1858 1591 1915 consortium
1628 1860 1868 1915 criminis
1895 1874 2084 1915 eorum
2110 1861 2180 1917 de

584 1954 951 2012 familiaritate
993 1952 1277 2007 veniamus
1318 1968 1330 2003 :
1366 1951 1563 2006 rectius
1597 1950 1822 2006 utilibus
1855 1958 1912 2005 et
1949 1951 2185 2007 maxime

586 2046 934 2110 necessariis,
965 2051 1242 2114 tamquam
1267 2041 1408 2097 oculi
1440 2051 1495 2097 et
1522 2041 1675 2113 pedis
1710 2042 1970 2099 membris
1996 2057 2184 2099 caren-

585 2149 684 2205 tes,
717 2154 877 2212 quam
908 2151 1080 2206 usque
1105 2136 1159 2190 in
1183 2135 1497 2191 societatem
1521 2133 1805 2204 gehennre,
1831 2134 2042 2189 vitiosa:
2065 2149 2188 2203 pro-

589 2230 905 2305 pinquitatis
945 2238 1227 2284 teneamur
1265 2225 1481 2282 atl'ectu.
1516 2225 1678 2283 Esset
1722 2234 1905 2282 autem
1952 2226 2188 2284 abscisio

586 2323 951 2380 membrorum
982 2320 1162 2389 utilis,
1193 2320 1238 2374 si
1281 2326 1338 2375 et
1359 2319 1539 2374 cordis
1563 2334 1687 2376 esse
1716 2310 1897 2390 posset
1922 2323 2186 2377 exscctio.

586 2413 722 2472 Cum
752 2415 895 2472 enim
924 2413 998 2485 (ε)
1029 2410 1467 2483 concupiscentia
1493 2411 1798 2469 efﬁcientia:
1817 2424 2189 2486 comparetur,

586 2511 841 2568 damnum
870 2509 1116 2581 corporis
1141 2508 1378 2564 otiosum
1406 2514 1489 2563 est
1515 2548 1531 2574 ,
1558 2507 1751 2563 relicto
1784 2508 2080 2565 voluntatis
2108 2509 2189 2567 in-

588 2603 810 2661 stinctu.

659 2694 751 2749 22.
787 2689 994 2747 Dictum
1024 2699 1097 2746 est
1133 2698 1303 2745 autem
1359 2706 1377 2743 :
1427 2688 1747 2760 Quicumque
1776 2688 2022 2747 dimiserit
2060 2709 2195 2749 uxo-

589 2801 699 2842 rem
727 2800 875 2841 suam
897 2824 913 2851 ,
946 2784 1031 2837 det
1058 2782 1138 2837 illi
1182 2781 1488 2854 repudium,
1521 2786 1625 2836 etc.
1658 2779 1822 2854 (Ibid.
1856 2782 1970 2854 51).
1999 2782 2192 2856 Equi-

592 2883 758 2934 tatem
800 2877 852 2930 in
883 2890 1074 2930 omnes
1102 2874 1424 2938 concilians,
1456 2887 1677 2929 manere
1698 2889 1819 2929 eam
1862 2876 2097 2933 maxime
2136 2879 2192 2934 in

594 2969 969 3041 conjugiorum
995 2981 1125 3036 pace
1159 2964 1418 3036 praecepit
1441 2981 1453 3017 :
1478 2964 1581 3035 legi
1606 2964 1812 3021 addens
1836 2966 1990 3038 plura
2010 3008 2025 3036 ,
2057 2966 2194 3025 nihil

591 3063 836 3120 demens.
878 3060 987 3116 Nec
1026 3075 1155 3115 sane
1184 3060 1453 3129 prolectus
1477 3059 1626 3130 argui
1654 3066 1849 3129 potest.
1891 3059 2026 3116 Nam
2068 3077 2191 3118 cum

2281 1860 2472 1922 patens
2497 1859 2643 1906 esset
2668 1851 2890 1906 materia
2914 1850 3157 1918 fallendi,
3180 1863 3227 1906 et
3250 1849 3390 1923 quod
3402 1852 3541 1906 ultra
3554 1852 3715 1919 est,id
3736 1869 3900 1909 autne

2286 1949 2349 2003 de
2372 1948 2510 2003 malo
2535 1954 2610 2003 est
2638 1947 2803 2022 (Ibid.
2853 1945 2968 2021 37).
3001 1948 3156 2018 Quod
3203 1949 3346 2005 enim
3392 1959 3507 2014 est,
3534 1964 3680 2005 suum
3710 1960 3800 2005 est
3828 1956 3898 2005 ut

2287 2053 2502 2111 semper
2530 2041 2635 2096 sit:
2661 2040 2804 2112 quod
2833 2055 2960 2096 vero
2991 2056 3100 2097 non
3149 2050 3264 2107 est,
3316 2050 3525 2096 natura:
3553 2051 3637 2096 est
3680 2049 3744 2096 ut
3780 2054 3902 2096 non

2290 2132 2378 2187 sit.
2417 2133 2560 2205 Ergo
2589 2136 2642 2188 in
2689 2134 3035 2206 simplicitate
3061 2134 3370 2192 viventibus
3399 2132 3480 2209 (g)
3502 2132 3727 2206 iurandi
3773 2131 3907 2190 reli-

2289 2227 2449 2298 gione
2469 2243 2606 2300 opus
2633 2244 2741 2284 non
2772 2238 2888 2299 est,
2926 2245 3048 2286 cum
3091 2229 3289 2302 quibus
3327 2244 3548 2300 semper
3583 2228 3733 2302 quod
3772 2238 3862 2285 est
3888 2270 3909 2297 ,

2292 2331 2412 2378 est:
2445 2324 2589 2394 quod
2623 2336 2727 2378 non
2753 2365 2769 2391 ,
2815 2338 2924 2381 non
2952 2341 2965 2377 :
2993 2331 3049 2379 et
3079 2338 3175 2395 per
3202 2321 3318 2379 haec
3351 2336 3537 2379 eorum
3585 2329 3645 2377 et
3671 2335 3813 2394 opus
3848 2328 3912 2379 et

2293 2431 2474 2473 sermo
2503 2418 2681 2472 omnis
2712 2420 2766 2473 in
2796 2432 2928 2474 vero
2949 2426 3054 2474 est.

2360 2511 2453 2568 '24.
2483 2511 2787 2566 Iudaeorum
2813 2510 3107 2582 superstitio
3137 2513 3432 2566 damnatur.
3461 2536 3545 2569 —-—.
3573 2504 3767 2580 Neque
3812 2523 3911 2581 per

2293 2601 2474 2658 caelum
2493 2603 2721 2673 jurabis,
2740 2603 2859 2674 quia
2874 2588 3023 2659 sedes
3042 2600 3139 2659 Dei
3160 2614 3255 2672 est,
3287 2611 3342 2658 et
3366 2601 3571 2674 reliqua
3590 2599 3760 2675 (Ibid.
3787 2596 3907 2673 54).

2294 2696 2411 2753 Νοη
2434 2697 2610 2753 solum
2635 2713 2736 2754 nos
2764 2697 2996 2755 reddere
3025 2697 3135 2753 Deo
3163 2705 3503 2753 sacramenta
3532 2711 3642 2752 non
3673 2694 3908 2767 patitur,

2294 2792 2419 2862 quia
2452 2792 2629 2847 omnis
2660 2792 2753 2848 Dei
2788 2792 2985 2849 veritas
3037 2790 3163 2849 dicti
3208 2789 3441 2861 iactique
3483 2787 3658 2845 nostri
3694 2787 3912 2860 simpli-

2295 2884 2458 2939 citate
2485 2883 2767 2939 retinenda
2790 2892 2873 2940 est
2903 2902 2915 2937 :
2945 2883 3043 2940 sed
3076 2882 3514 2954 superstitionem
3545 2878 3912 2937 contumaciae

2294 2977 2497 3033 veteris
2516 2977 2867 3034 condemnat.
2911 2977 3007 3033 His
3033 2977 3176 3032 enim
3219 2976 3617 3033 elementorum
3665 2972 3903 3029 nomini-

2294 3069 2398 3125 bus
2417 3069 2619 3126 Judacis
2649 3079 2768 3126 erat
2793 3071 2982 3142 religio
3008 3070 3227 3141 iurare,
3256 3076 3312 3125 et
3340 3068 3466 3123 coeli
3488 3109 3505 3133 ,
3533 3076 3589 3123 et
3620 3077 3783 3123 terra:
3803 3107 3822 3133 ,
3853 3074 3912 3121 et

591 3158 678 3213 lex
707 3157 1011 3211 libertatem
1066 3152 1229 3209 dandi
1284 3152 1495 3222 repudii
1536 3168 1602 3208 ex
1649 3153 1820 3210 libelli
1867 3155 2193 3214 auctoritate
2216 3160 2261 3225 C
2294 3161 2619 3230 Jerusalem,
2643 3161 2740 3219 sed
2766 3171 2821 3219 et
2840 3162 3032 3233 capitis
3063 3162 3186 3229 sui,
3212 3160 3406 3233 quibus
3433 3157 3487 3215 in
3515 3158 3907 3215 contumeliam

593 3247 899 3315 tribuisset,
943 3259 1087 3301 nunc
1115 3242 1308 3300 marito
1344 3243 1479 3300 ﬁdes
1522 3244 1828 3317 evangelica
1875 3262 1985 3302 non
2011 3247 2183 3305 solum

671 3404 744 3477 (a)
774 3404 832 3459 In
871 3401 1320 3493 mss..nort‘nullis
1365 3400 1630 3493 omittitttr
1676 3402 1938 3493 particula
1963 3420 2184 3493 negans.

594 3471 787 3534 Potest
812 3475 1031 3530 retineri
1052 3515 1068 3539 ,
1107 3479 1166 3525 ut
1195 3475 1274 3526 sic
1303 3471 1654 3526 ratiocinetur
1693 3473 1929 3529 Hilarius
1966 3492 1981 3529 :
2015 3471 2189 3532 Causa

602 3562 779 3622 paena:
807 3555 892 3603 est
920 3551 1197 3622 peccatum
1223 3554 1561 3622 _:.peccat‘t_tm
1598 3551 1778 3599 autem
1812 3559 1916 3599 non
1937 3558 2029 3622 est
2050 3589 2063 3609 ,
2099 3549 2189 3622 ubi

600 3612 708 3677 non
748 3629 829 3673 est
864 3612 1019 3670 mala:
1059 3612 1405 3683 appetitionis
1427 3612 1649 3669 allectus
1677 3632 1690 3670 :
1721 3630 1895 3684 neque
1935 3616 2096 3687 igitur
2135 3621 2191 3675 in

600 3693 747 3748 illam
778 3687 1022 3763 corporis
1070 3698 1274 3763 partem
1317 3699 1507 3763 pinna;
1520 3700 1681 3740 causa
1708 3686 1897 3763 cadet,
1923 3704 2039 3763 cunt
2079 3691 2194 3763 ipsa

601 3763 792 3826 absque
837 3755 1014 3828 aliqua
1051 3756 1377 3828 appetitionis
1426 3755 1615 3823 a/fectu
1644 3758 1808 3810 solum
1848 3759 1900 3811 in
1929 3775 1986 3813 re
2013 3755 2199 3816 habeat

602 3832 940 3891 mim‘sterium
965 3829 1263 3882 necessaria:
1286 3828 1543 3882 servitutis
1562 3868 1577 3893 ,
1618 3836 1677 3883 ut
1705 3830 1937 3896 loquitur
1967 3832 2018 3884 in
2048 3832 2194 3887 Psal.

605 3920 731 3969 cxx,
762 3920 816 3958 η.
863 3902 918 3955 7.
950 3899 1131 3970 Itaque
1161 3900 1281 3970 quia
1308 3912 1399 3969 pes
1422 3908 1513 3953 aut
1538 3898 1844 3968 bujnsmodi
1893 3903 2194 3958 membrum

607 3991 717 4031 non
772 3983 856 4029 est
901 3969 1059 4026 causa
1114 3969 1317 4040 culpm,
1351 3969 1592 4039 adeoque
1634 3986 1733 4025 nec
1766 3985 1971 4039 limum,
2021 3974 2198 4030 inutili

607 4048 807 4102 damno
832 4040 1198 4103 abscindatur,
1230 4051 1543 4114 remanente
1572 4040 1788 4095 interim
1810 4045 2198 4114 concupiscen-

609 4119 703 4173 tia.
731 4116 915 4171 Potest
938 4122 993 4167 et
1022 4110 1254 4185 expungi
1284 4111 1543 4179 pra-dicta
1569 4113 1854 4181 particula,
1878 4130 1942 4169 ac
1968 4110 2063 4185 pes
2091 4115 2199 4171 dici

608 4202 773 4258 parum
800 4200 976 4248 causa,
1005 4182 1298 4258 quotnodo_
1323 4184 1571 4258 superius
1624 4185 1846 4238 membra
1898 4182 2157 4258 peccantia
2179 4228 2195 4254 ,

614 4252 715 4315 hoc
745 4258 996 4327 nimirum
1028 4268 1192 4327 sensu
1223 4270 1237 4306 :
1266 4252 1369 4306 Pes
1391 4293 1406 4317 ,
1436 4255 1487 4306 in
1518 4269 1677 4322 quem
1710 4268 1865 4327 ptem
1896 4252 2196 4327 inﬁigetur,

612 4344 734 4384 cum
761 4324 1211 4395 concupiscentiae
1239 4337 1409 4395 sensu
1428 4335 1636 4395 careat,
1668 4325 1909 4395 adeoque
1936 4324 2049 4383 lucc
2078 4344 2205 4384 cum

615 4400 709 4454 illo
733 4415 836 4452 non
862 4392 1157 4460 reseCetur,
1179 4392 1377 4447 damno
1398 4392 1570 4448 ittutili
1597 4392 1960 4453 abscindetur.

687 4469 759 4541 (b)
796 4466 929 4541 liditi
971 4477 1271 4541 _cum__m_ss.
1305 4480 1411 4517 non
1447 4467 1661 4541 paucis,
1695 4469 2075 4541 carissimorum
2103 4468 2200 4524 ho-

2298 3255 2390 3310 Dei
2433 3253 2517 3329 (It)
2558 3266 2903 3312 sacramento
2932 3255 3339 3317 venerationem
3377 3251 3717 3309 deferebant.
3766 3246 3912 3319 Quid

2296 3411 2399 3467 hoc
2446 3413 2569 3468 loco
2597 3415 2788 3469 volunt
2818 3412 3083 3469 Hilarium
3133 3429 3239 3470 non
3272 3412 3437 3469 modo
3481 3427 3699 3468 uxorem
3742 3411 3913 3467 adul-

2298 3484 2418 3538 terii
2441 3500 2590 3540 ream
2617 3485 2958 3552 dimittendi,
2989 3486 3085 3552 sed
3109 3497 3164 3542 et
3190 3487 3420 3541 alteram
3463 3484 3687 3540 ducendi
3725 3484 3914 3538 licen-

2298 3556 2426 3609 tiam
2456 3558 2722 3625 tribuere,
2763 3557 2908 3612 aliud
2935 3558 2986 3613 ei
3026 3558 3348 3618 attribuunt.
3380 3572 3543 3627 quam
3584 3555 3724 3627 quod
3768 3554 3917 3612 dicit

2297 3637 2388 3680 aut
2418 3630 2602 3695 sentit,
2623 3644 2745 3683 cum
2770 3629 3021 3683 maritum
3048 3630 3235 3684 uxoris
3258 3626 3522 3684 adulterae
3542 3626 3613 3682 ab
3638 3626 3784 3683 Illius
3816 3642 3915 3682 so-

2299 3698 2499 3752 cietate
2528 3699 2810 3753 dumtaxat
2833 3699 3096 3755 abSnlvat.

2375 3767 2450 3841 (c)
2478 3768 2623 3825 Editi
2642 3811 2655 3835 ,
2684 3771 3093 3841 frauduletuiatss
3114 3771 3364 3826 mentium
3390 3788 3403 3823 :
3429 3770 3770 3841 castigantur
3806 3783 3921 3839 ope

2300 3854 2435 3895 mss.

2375 3910 2440 3983 (Ῑ)
2471 3911 2623 3984 Apud
2655 3911 2779 3969 Par.
2809 3913 2897 3982 qui
2938 3930 2955 3967 :
2987 3913 3128 3983 quod
3161 3913 3214 3968 in
3252 3912 3470 3968 modum
3507 3912 3791 3984 particulae
3828 3911 3922 3967 in-

2308 3983 2636 4055 terrogantis
2676 3984 2946 4055 nonnullis
2979 3987 3118 4040 forte
3146 3985 3408 4055 placuerit
3432 4001 3445 4036 :
3469 3983 3526 4038 at
3567 3984 3781 4039 videtur
3808 3996 3920 4055 po-

2305 4052 2415 4107 tius
2444 4052 2677 4108 Hilarius
2703 4054 3005 4124 praadicare
3028 4096 3043 4120 ,
3076 4052 3215 4111 inter
3235 4057 3344 4111 duo
3365 4056 3455 4110 illa
3480 4065 3719 4110 extrema
3756 4052 3831 4110 est
3854 4063 3924 4111 es

2300 4139 2405 4177 non
2437 4135 2621 4192 patere
2648 4128 2938 4181 materiam
2963 4127 3206 4191 fallendi,
3237 4142 3361 4198 qum
3383 4142 3417 4181 ι
3435 4125 3655 4182 Christo
3682 4125 3922 4182 bicorn-

2346 4204 2546 4249 lllﬂllll‘.

2606 4266 2809 4346 aliquot
2836 4286 2999 4346 _mss.
3025 4267 3426 4346 jurandumude
3476 4268 3737 4346 religione.
3782 4265 3921 4346 ῌοιι

2310 4336 2560 4407 displicet
2579 4339 2721 4416 quod
2749 4342 2802 4396 in
2826 4342 2979 4397 Colb.
3001 4336 3221 4416 ferrendi
3248 4339 3432 4416 religio
3451 4355 3472 4394 .°
3499 4351 3558 4396 ut
3578 4336 3921 4416 vocabulum

2312 4423 2440 4476 Opus
2470 4423 2565 4482 per
2588 4410 2804 4466 modum
2838 4409 3072 4469 nominis
3096 4413 3293 4482 adiecti
3332 4409 3432 4481 βω
3457 4412 3743 4467 παραδεῖξαι
3772 4409 3924 4466 etle-

2312 4488 2479 4551 ratur.
2510 4479 2731 4535 Jurantli
2762 4485 3135 4539 necessitatem
3164 4479 3285 4550 hic,
3327 4479 3581 4551 superius
3618 4491 3925 4538 consuetu-

615 4533 829 4625 πιείεάοτι.
865 4533 1735 4625 νενὶιιξρῩξξξίᾼίξξηιιξξλςιξιξθξῃςιυῃι
1756 4624 1759 4625 ί
1779 4539 1935 4625 app.
1970 4542 2200 4625 ct,tzo_n.
2232 4547 2286 4608 1)
2312 4533 2533 4625 dinem,
2582 4533 3581 4625 ista'g;.1.;;aaia.i'ea;;'sagitta;
3626 4533 3922 4610 inmiti.

613 4615 997 4668 carissimorum
1018 4606 1297 4683 nominum.
1334 4604 1485 4683 unde
1509 4608 1641 4683 intra
1673 4622 1790 4683 cap.
1820 4610 1907 4674 18,
1938 4627 1991 4683 η.
2019 4611 2082 4676 4,
2115 4611 2190 4669 hic

2311 4604 2653 4676 Christianis
2672 4604 2678 4606 ”
2697 4604 2903 4681 ξηιῧᾶἲηῖ
2913 4604 2925 4610 ’
2940 4604 3580 4683 'daigi"iaari;rs;‘iaa
3622 4604 3818 4681 ιῖιῖῖἶ
3841 4604 3925 4680 (ἦ

616 4686 733 4750 ἱνεε
760 4684 907 4736 locus
929 4690 1144 4733 mittitur
1174 4676 1258 4729 his
1286 4676 1461 4750 verbis
1495 4695 1508 4730 :
1540 4676 1793 4749 Superius
1820 4683 1871 4734 in
1900 4682 2204 4737 abscinden-

615 4747 695 4809 dis
726 4768 878 4805 manu
901 4751 977 4804 uel
1000 4753 1126 4818 pede
1149 4747 1583 4819 propinquitatum
1612 4747 1856 4805 contineri
1882 4755 2092 4806 nomina
2122 4771 2204 4809 ea:-

616 4826 924 4898 posuintus;
951 4831 1006 4876 et
1037 4818 1173 4898 capi
1193 4818 1281 4898 ιιι,
1317 4818 1472 4898 ηλξό
1494 4863 1511 4898 _,
1545 4821 1866 4898 damnantur
1892 4825 1977 4898 qui
1989 4826 2204 4898 domes-

616 4890 742 4951 ticas
766 4893 1026 4948 nominum
1068 4891 1304 4944 caritates
1335 4890 1594 4945 dilectioni
1623 4893 1712 4945 Dei
1742 4890 2076 4962 pratulerint.
2109 4897 2205 4953 illa

617 4973 795 5021 autem
852 4966 1064 5018 nomina
1113 4964 1387 5015 carissima
1434 4962 1512 5016 sic
1558 4975 1905 5018 recensentur
1952 4967 2002 5018 in
2056 4968 2199 5023 Psal.

618 5053 783 5093 cxvm
808 5075 822 5108 _,
858 5052 912 5088 ιι.
939 5036 971 5088 5
1000 5051 1013 5087 :
1049 5030 1214 5085 Irasci
1242 5031 1349 5085 lucc
1375 5034 1638 5108 carissima
1666 5034 1809 5088 nobis
1843 5038 2050 5091 nomina
2069 5079 2083 5102 ,
2108 5056 2202 5108 pa-

617 5118 697 5164 ter
723 5106 914 5179 scilicet
946 5121 1004 5179 ac
1040 5110 1200 5179 mater
1246 5143 1261 5167 ,
1291 5119 1420 5156 uxor
1445 5115 1491 5179 et
1522 5104 1615 5179 ﬁlii
1647 5121 1748 5158 non
1789 5117 2030 5179 possunt,
2069 5104 2206 5179 quod

617 5196 707 5235 eos
746 5176 1039 5248 prazcipitur
1084 5174 1251 5227 odisse
1274 5213 1290 5240 ,
1320 5181 1423 5248 etc.
1449 5173 1566 5241 Quo
1592 5173 1845 5248 loquendi
1877 5180 2037 5233 modo
2075 5173 2199 5236 cum

620 5245 978 5318 Hieronymus
1027 5259 1315 5319 e_p._xx1x_,
1348 5246 1416 5299 de
1458 5245 1829 5319 tnortegdicat,
1859 5251 1995 5319 quod
2017 5252 2205 5319 fratres

618 5315 850 5384 dividat,
878 5328 925 5371 et
954 5315 1219 5370 Carissima
1260 5315 1391 5369 inter
1416 5332 1469 5370 se
1517 5316 1722 5370 nomina
1766 5315 1987 5374 crudelis
2018 5315 2064 5376 et
2087 5324 2202 5378 dira

619 5392 891 5454 dissociet,
926 5392 1040 5442 hare
1081 5388 1243 5440 verba
1272 5401 1421 5442 seex
1452 5387 1755 5458 prophetali
1796 5391 2047 5448 vaticinio
2084 5411 2201 5450 mu-

618 5472 825 5519 tuatum
845 5474 967 5515 esse
987 5458 1221 5526 subjicit.

691 5536 765 5606 (ε)
809 5532 921 5586 Hoc
950 5539 1059 5596 est,
1093 5543 1217 5582 cum
1255 5527 1581 5606 desiderium
1622 5532 1823 5606 malum
1863 5531 2009 5606 haud
2044 5550 2202 5592 secus

618 5598 907 5680 dainhetur
931 5609 1092 5680 atque
1126 5613 1283 5680 omns.
1334 5598 1427 5653 Hie
1456 5599 1525 5654 de
1542 5605 2003 5680 (concupiscentiae
2041 5608 2201 5663 moti-

622 5677 743 5738 bus,
769 5689 905 5743 quos
926 5674 1109 5740 primo-
1124 5674 1585 5743 primoevocant,
1621 5687 1732 5731 non
1751 5681 1835 5729 est
1853 5690 2049 5731 sermo.

693 5740 860 5814 (d)'ln
894 5742 1064 5796 tribus
1095 5753 1225 5795 mss.
1256 5740 1454 5794 nullam
1480 5741 1692 5798 malitia:
1730 5760 1959 5802 causam.
1997 5749 2097 5815 Qui
2133 5764 2199 5806 ex

2311 4690 2486 4766 "Irim.
2516 4711 2569 4746 n.
2599 4693 2668 4748 26
2695 4706 2749 4749 et
2769 4698 2870 4761 :39,
2902 4697 3040 4752 hanc
3072 4698 3245 4752 Esaiae
3280 4696 3621 4766 prophetiam
3663 4714 3677 4750 :
3722 4694 3794 4750 Et
3818 4696 3924 4764 qui

2302 4762 2487 4842 juraut
2526 4781 2684 4832 super
2706 4774 2929 4842 terram,
2961 4762 3483 4842 jurabuutiu'Déum
3517 4784 3711 4842 verum,
3737 4762 3921 4821 evan-

2310 4835 2858 4907 gelicisternporiltus
2884 4835 3174 4895 convenire
3204 4841 3604 4906 demonstrans,
3630 4838 3924 4907 jurauten—

2314 4913 2430 4981 lunt
2448 4906 2607 4960 etiam
2639 4908 2958 4966 Christianis
2988 4911 3276 4981 aliquando
3300 4913 3445 4979 piunt
3485 4924 3551 4965 ac
3579 4906 3923 4981 laudandum

2315 4976 2506 5051 probat
2534 4995 2547 5051 ξ
2576 4981 2717 5046 quod
2753 4981 2982 5050 amplius
3013 4976 3179 5051 liquet
3219 4976 3401 5037 ex'ltis
3443 4989 3598 5035 tract.
3641 4979 3730 5034 Ps.
3761 4995 3875 5036 un
3899 5021 3920 5046 ,

2315 5061 2370 5127 tt:
2408 5048 2431 5100 1
2473 5048 2762 5127 :_Quisquis
2812 5048 2971 5127 inJeo
3001 5048 3576 5127 jui‘abit_,_sacrantemi
3602 5051 3756 5127 hujus
3786 5052 3922 5127 reli-

2313 5118 2464 5187 gione
2492 5118 2806 5175 laud..bitur.
2843 5124 2976 5177 llinc
3001 5118 3098 5178 ubi
3142 5124 3387 5193 subjicit,
3415 5139 3508 5176 nos
3544 5118 3758 5176 reddere
3800 5121 3919 5178 De.

2313 5203 2635 5264 sacramenta
2672 5209 2773 5246 non
2815 5196 3042 5263 patitur,
3073 5195 3375 5264 intelligere
3403 5201 3488 5248 est
3525 5195 3653 5248 citra
3687 5194 3917 5248 necessi-

2314 5266 2487 5335 tatem.
2520 5259 2742 5335 Frustra
2766 5259 2925 5335 igitur
2952 5265 3225 5322 Scultetns
3251 5259 3357 5320 Ῑιοε
3392 5281 3495 5321 uno
3521 5265 3573 5319 in
3597 5265 3917 5319 .‘liattltmum

2313 5328 2434 5413 loc"
2457 5333 2623 5386 fretus
2650 5328 3105 5413 inter'singularcs
3123 5335 3305 5413 Hilarii
3330 5335 3613 5413 opiniones
3633 5347 3909 5413 recenset,

2301 5405 2655 5471 juramentum
2727 5407 2933 5460 omnino
3009 5405 3319 5462 Christianis
3368 5405 3487 5462 esse
3554 5406 3905 5460 interdictum.

2310 5470 2645 5596 gustatquam
2668 5479 3107 5545 gravissimorum
3133 5480 3374 5536 virorum
3391 5477 3505 5533 lucc
3527 5476 3710 5549 Opinio
3733 5494 3913 5549 quon—

2348 5556 2432 5595 am
2491 5555 2582 5596 tltt.

2348 5556 2432 5595 am
2466 5555 2582 5598 ltltt.

2338 5683 2349 5694 .
2383 5612 2464 5685 (It)
2494 5614 2684 5672 Plures
2728 5635 2860 5674 mss.
2903 5623 3211 5677 sacramenti
3256 5619 3650 5677 minatiouem.
3702 5621 3909 5746 At‘pw

2338 5700 2480 5741 tores
2519 5701 2641 5743 cum
2688 5690 2915 5746 vuluatis
2945 5702 3268 5746 sacramento
3297 5709 3317 5746 :
3345 5690 3539 5746 auibus
3584 5690 3729 5746 latret
3769 5689 3789 5746 i
3832 5690 3905 5745 ud

2311 5689 2480 5761 tiores
2519 5701 2641 5743 cum
2688 5690 2915 5761 vulgatis
2945 5702 3268 5749 sacramento
3297 5709 3317 5747 :
3345 5690 3539 5761 quibus
3584 5690 3729 5746 lavet
3769 5689 3905 5746 illud

2309 5753 2620 5830 Hieronymi
2659 5761 2711 5814 in
2740 5753 2989 5818 eumdem
3017 5762 3195 5821 locum
3223 5805 3237 5831 ,
3280 5753 3458 5818 Iudici
3492 5778 3583 5833 per
3604 5760 3819 5835 angelos
3850 5768 3902 5815 et
