4222 6262
573 345 682 400 955

1781 333 2025 392 SANCTI
2066 333 2322 392 lllLARll
2363 337 2671 396 EPISCOPI

3771 341 3884 399 944

571 460 782 517 occulta
815 457 1026 521 domus,
1058 455 1154 511 sed
1185 454 1363 510 cordis
1392 455 1562 512 nostri
1591 455 1896 512 cubiculum
1930 454 2156 526 ingredi,
2189 453 2235 514 Α
2335 457 2388 511 4.
2415 458 2705 524 Corporum
2729 458 2941 512 claritas
2961 466 3054 511 aut
3087 458 3305 514 tenebra:
3324 467 3529 515 (eterna:
3559 476 3650 527 pro
3679 461 3887 514 diversa

576 562 632 608 et
659 553 842 608 clauso
869 551 1064 604 mentis
1086 555 1289 604 nostrae
1313 557 1529 604 secreto
1559 563 1714 603 orare
1747 547 1812 602 ad
1846 547 2035 612 Deum,
2064 563 2172 602 non

575 629 936 711 multiloqnio,
965 641 1058 696 sed
1086 639 1418 696 conscientia
1452 639 1823 704 admonemur,
1853 640 1975 709 quia
2001 638 2174 694 dicto-

575 753 691 791 rum
723 735 902 790 verbis
941 749 1075 804 opns
1129 749 1291 790 omne
1341 734 1635 803 praecellat.
1668 734 1741 806 (a)
1793 734 1868 788 De
1909 733 2172 788 orationis

579 841 762 887 autem
795 840 1135 887 sacramento
1159 830 1479 886 necessitate
1519 844 1617 884 nos
1645 827 2042 885 commentandi
2070 826 2174 898 Cy-

573 926 798 992 prianus
822 923 904 978 vir
931 933 1130 978 sanctae
1160 924 1435 977 memoria:
1463 921 1731 976 liberavit.
1758 919 2093 991 Quamquam
2119 927 2173 974 et

579 1015 945 1071 Tertullianus
961 1015 1085 1071 hinc
1106 1016 1356 1070 volumen
1379 1014 1714 1084 aptissimum
1741 1013 2050 1083 scripserit:
2075 1011 2171 1067 sed

585 1127 924 1182 consequens
950 1125 1106 1166 error
1127 1108 1382 1175 hominis,
1414 1108 1647 1164 detraxit
1673 1107 1887 1179 scriptis
1917 1105 2171 1177 probabio

580 1204 719 1259 libus
751 1202 1146 1269 auctoritatem,

643 1297 700 1350 2.
733 1295 1029 1366 Jejunantis
1059 1297 1123 1351 sit
1148 1295 1457 1351 conscientia
1477 1312 1632 1367 pura,
1661 1303 1708 1347 et
1737 1294 1868 1348 bona
1894 1309 2072 1364 opera.
2101 1319 2172 1334 -ο

576 1387 704 1443 Cum
733 1399 900 1442 autem
924 1388 1198 1462 jejunatis,
1243 1388 1401 1442 nolite
1427 1388 1539 1457 ﬁeri
1569 1388 1701 1441 sicut
1741 1387 2024 1457 hypocrita:
2053 1386 2171 1441 tris-

569 1493 646 1536 tes
672 1498 692 1536 :
717 1481 1054 1536 exterminant
1081 1486 1217 1535 enim
1248 1482 1404 1550 [acies
1429 1495 1570 1541 suas,
1603 1487 1657 1532 ut
1687 1488 1899 1546 pareant
1942 1476 2167 1531 homini-

572 1574 995 1645 busjejunaules,
1025 1579 1132 1627 etc.
1169 1570 1334 1642 (Ibid.
1364 1570 1431 1625 16
1459 1579 1506 1625 et
1538 1569 1650 1638 l7).
1678 1569 2012 1640 Jejuniorum
2043 1583 2170 1637 pro-

570 1665 769 1722 fectum
801 1665 960 1720 docet
980 1672 1134 1720 extra
1154 1663 1472 1734 jactantiam
1506 1663 1737 1718 confecti
1772 1659 2018 1729 corporis
2048 1674 2170 1715 esse

571 1767 844 1827 Oportere,
890 1770 1063 1824 neque
1088 1755 1155 1809 de
1186 1751 1260 1824 (b)
1303 1753 1510 1822 injuri:c
1542 1753 1903 1808 ostentatione
1932 1750 2168 1805 favorem

2277 549 2472 604 ratione
2514 551 2822 604 animorum.
2850 581 2922 590 —
2943 548 3182 604 Lucerna
3223 553 3458 620 corporis
3495 553 3568 604 tui
3598 562 3670 604 est
3692 552 3888 605 oculus

2277 653 2392 697 tuus
2414 642 2578 715 (Ibid.
2607 641 2722 714 22).
2764 641 3061 698 Conlincns
3092 659 3286 698 sensus
3309 654 3414 698 est.
3450 644 3523 698 De
3563 645 3702 700 oculi
3732 645 3881 698 enim

2277 737 2346 808 (f)
2394 736 2610 790 luminis
2659 736 2840 791 officio
2866 736 3045 791 lumen
3090 735 3269 792 cordis
3315 737 3601 806 espreSSit.
3641 734 3799 804 Quod
3838 735 3890 790 si

2278 828 2506 899 simplex
2539 837 2590 882 et
2621 829 2853 883 lucidum
2881 830 3142 894 manebit;
3173 831 3474 886 claritatem
3500 830 3691 886 mterni
3721 831 3886 885 Iumi-

2277 919 2362 974 nis
2403 919 2616 990 corpori
2659 920 2881 988 tribuet,
2910 929 2966 976 ct
3009 921 3352 991 splendorem
3397 922 3623 992 originis
3655 920 3733 992 (g)
3772 936 3890 978 sua:

2277 1013 2609 1084 corruptioni
2639 1014 2818 1069 carnis
2849 1013 3111 1068 infundet.
3144 1014 3199 1070 Si
3224 1022 3405 1069 autem
3435 1014 3727 1069 obscurum
3755 1029 3888 1084 pec.

2275 1106 2431 1172 catis,
2461 1115 2516 1160 et
2546 1107 2820 1162 voluntate
2847 1107 2951 1172 erit
2982 1122 3248 1177 nequam;
3276 1106 3420 1161 vitiis
3451 1105 3651 1162 mentis
3685 1115 3883 1160 natura

2275 1202 2518 1271 corporis
2547 1200 2864 1270 subjacebit.
2901 1200 2967 1254 Et
3000 1201 3042 1254 si
3089 1199 3292 1265 lumen,
3323 1199 3464 1270 quod
3490 1201 3543 1254 in
3585 1200 3744 1256 nobis
3776 1208 3888 1266 est,

2279 1293 2624 1349 tenebrosum
2652 1293 2752 1357 sit;
2797 1301 3026 1362 quantas
3071 1307 3294 1347 necesse
3335 1300 3420 1347 est
3459 1295 3697 1360 ipsarum
3729 1300 3891 1346 tene-

2276 1384 2399 1440 bras
2428 1399 2548 1440 esse
2571 1384 2910 1439 tenebrarum
2933 1381 3096 1457 (Ibid.
3125 1383 3262 1453 25)?
3291 1384 3411 1454 quia
3434 1381 3545 1450 jam
3574 1383 3888 1456 periculose

2276 1474 2452 1531 soleat
2481 1475 2644 1531 animi
2667 1476 3015 1546 generositati
3045 1484 3273 1530 terrenae
3301 1475 3480 1530 carnis
3509 1476 3702 1530 vitiosa
3726 1476 3888 1546 origo

2276 1567 2562 1634 dominari,
2593 1568 2856 1640 longeque
2885 1568 3056 1639 magis
3099 1577 3315 1638 peccata
3361 1583 3649 1639 corporum
3701 1568 3892 1638 ingra-

2279 1675 2523 1727 vescere,
2578 1660 2624 1716 si
2669 1662 2839 1716 etiam
2881 1660 3265 1730 cupiditatibus
3305 1660 3630 1732 adjuventur
3673 1662 3926 1729 animo:

2276 1769 2394 1808 rtun
2423 1771 2435 1806 :
2464 1768 2529 1808 ex
2557 1752 2823 1825 coque(h)
2847 1753 2962 1808 fieri
2985 1765 3180 1823 prteter
3204 1761 3450 1808 naturam
3471 1768 3624 1808 suam
3647 1770 3888 1824 corpora

578 1850 816 1920 gentium
849 1847 1307 1913 consectandum;
1342 1846 1435 1901 sed
1457 1861 1618 1903 omne
1644 1846 1909 1915 jejunium
1941 1847 1992 1900 in
2020 1859 2176 1900 sanc—
2204 1846 2253 1907 B
2281 1860 2462 1904 n05tra
2496 1849 2803 1914 tenebrosa,
2848 1848 2893 1902 si
2921 1846 2974 1903 in
3003 1849 3110 1904 illis
3137 1850 3396 1905 mentium
3430 1851 3610 1906 lumen
3643 1855 3888 1908 exstinc-

575 1950 646 1996 tae
672 1941 1002 2010 operationis
1029 1941 1225 1996 decore
1253 1940 1584 2010 ponendum.
1620 1939 1806 1994 Oleum
1847 1941 1990 1995 enim
2030 1940 2176 1994 fruc-

573 2043 684 2090 tum
714 2032 1098 2089 misericordia:
1113 2047 1256 2098 esse,
1285 2032 1523 2087 caelestis
1549 2043 1602 2087 et
1625 2032 1971 2102 propheticus
1992 2045 2174 2086 sermo

573 2136 679 2183 est.
718 2129 855 2197 lirgo
896 2125 1150 2180 bonitatis
1180 2124 1434 2194 operibus
1471 2133 1634 2192 caput
1667 2131 1932 2189 nostrum,
1983 2122 2035 2176 id
2067 2133 2169 2188 est,

571 2221 696 2275 vita:
731 2229 929 2273 nosme
959 2229 1153 2272 sensus
1196 2215 1473 2270 ornandus
1503 2225 1616 2280 est;
1648 2215 1770 2283 quia
1816 2214 2174 2285 intelligentia

572 2310 751 2366 omnis
773 2309 826 2364 in
857 2307 1034 2379 capite
1063 2317 1147 2363 est
1178 2323 1190 2360 :
1214 2307 1510 2376 sordesque
1537 2307 1588 2360 in
1613 2307 1746 2361 facie
1774 2306 2076 2372 abluenda),
2104 2321 2173 2362 ne

574 2401 704 2488 quid
721 2400 1044 2456 sithorroris
1066 2413 1132 2453 ex
1154 2398 1318 2460 vitiis,
1340 2397 1432 2452 sed
1459 2397 1626 2466 magis
1642 2397 1809 2466 gratia
1833 2397 2080 2453 candoris
2103 2397 2174 2452 sit

577 2496 632 2550 in
663 2495 738 2566 (c)
762 2507 988 2549 occursu
1020 2509 1032 2545 :
1063 2499 1224 2562 atque
1266 2490 1335 2548 ita
1377 2505 1477 2545 nos
1527 2491 1694 2564 690
1748 2492 1800 2546 in
1827 2491 2170 2561 splendorem
2210 2503 2212 2505 '

582 2587 740 2643 bona:
766 2584 1114 2643 conscientiae
1141 2584 1336 2649 elutos,
1366 2594 1418 2638 et
1449 2584 1501 2638 in
1538 2588 1764 2654 gratiam
1805 2583 2171 2639 misericordis

573 2683 754 2753 cperis
792 2680 1084 2742 delibutos,
1132 2679 1242 2733 Deo
1271 2676 1478 2747 jejunia
1531 2685 1713 2731 nostra
1760 2677 2164 2731 commendent.

575 2773 844 2830 Cancrum
861 2773 1123 2844 fugientes
1151 2772 1202 2826 in
1226 2771 1445 2842 jejuniis
1476 2769 1752 2825 hominum
1782 2771 2168 2826 conscientiam

572 2868 653 2940 (ά)
680 2868 854 2924 unctis
880 2865 1167 2937 capitibus,
1203 2876 1258 2920 et
1306 2863 1517 2919 ridiculi
1551 2863 1720 2934 magis
1746 2863 1969 2930 erimus,
1999 2874 2052 2918 et
2078 2877 2172 2918 co-

571 2960 736 3031 gniti.

640 3055 693 3109 5.
729 3051 832 3108 Ubi
851 3067 939 3106 cor
969 3051 1073 3116 hic,
1098 3049 1167 3104 ibi
1191 3058 1303 3119 post
1329 3049 1460 3103 hanc
1482 3049 1634 3103 vitam
1656 3047 2032 3103 erit.-—Nolite
2060 3053 2171 3103 the-

569 3148 835 3201 saurizare
855 3144 991 3200 vobis
1013 3143 1278 3198 thesauros
1301 3143 1353 3196 in
1381 3151 1536 3206 terra,
1568 3151 1621 3196 et
1640 3143 1846 3210 reliqua
1868 3140 2022 3212 (Ibid.
2055 3140 2168 3214 19).

2281 1950 2391 1995 tum
2424 1939 2514 2005 sit;
2542 1939 2685 2010 quod
2713 1941 2756 1994 si
2786 1955 2880 2009 per
2907 1939 3304 2011 simplicitatem
3336 1941 3563 2012 spiritus
3583 1943 3880 2000 retinueric

2276 2048 2417 2098 mus,
2441 2033 2642 2087 lumine
2666 2046 2766 2086 suo
2789 2046 3012 2088 necesse
3034 2043 3117 2088 est
3146 2045 3200 2088 et
3220 2049 3414 2105 corpus
3446 2035 3721 2090 illuminct.

2346 2125 2400 2180 5.
2437 2124 2544 2179 Deo
2565 2135 2612 2180 et
2637 2127 2826 2181 seculo
2864 2129 3044 2182 serviri
3066 2129 3257 2196 nequit.
3281 2158 3353 2168 —
3375 2128 3542 2184 Nemo
3561 2139 3722 2202 potest
3744 2130 3882 2185 duo-

2280 2217 2374 2271 bus
2409 2219 2629 2274 dominis
2665 2221 2871 2282 servire.
2917 2231 3020 2276 etc.
3049 2221 3212 2290 (Ibid.
3253 2221 3368 2287 24).
3405 2223 3572 2277 Duum
3624 2223 3884 2280 domino-

2275 2329 2392 2368 rum
2425 2313 2639 2368 infidelc
2672 2313 2949 2369 servitium
2988 2321 3088 2383 est,
3128 2330 3228 2370 nec
3272 2331 3367 2386 par
3403 2315 3646 2385 ejusdem
3689 2326 3875 2385 potest

2281 2421 2403 2462 esse
2427 2405 2492 2459 ad
2525 2406 2781 2460 sacculum
2822 2416 2981 2475 atque
3026 2405 3093 2461 ad
3139 2406 3305 2461 Deum
3349 2422 3495 2461 cura.
3527 2405 3586 2462 in
3629 2408 3866 2462 alterum

2273 2497 2415 2552 enim
2450 2513 2672 2552 necesse
2701 2505 2786 2552 est
2819 2498 2997 2552 odium
3027 2501 3117 2564 sit,
3162 2498 3213 2553 in
3238 2500 3464 2554 alterum
3515 2515 3670 2555 amor
3702 2502 3870 2568 :quia

2273 2590 2417 2645 idem
2447 2603 2582 2660 opus
2606 2590 2834 2645 diversa:
2864 2590 3206 2646 dominorum
3239 2607 3344 2645 non
3374 2592 3663 2646 conveniat
3684 2592 3884 2648 volun-

2282 2681 2401 2745 tati,
2432 2696 2528 2734 nec
2559 2696 2825 2751 pauperes
2863 2682 3054 2752 Spiritu
3095 2683 3206 2739 Deo
3249 2684 3525 2754 placentes
3567 2685 3884 2743 ambitiosae

2281 2774 2462 2829 smcnli
2497 2773 2654 2843 hujus
2679 2774 2886 2843 possint
2910 2775 3019 2844 apti
3050 2789 3170 2830 csse
3187 2775 3478 2844 jactantim.

2355 2867 2406 2922 6.
2443 2867 2639 2923 Sa'culi
2667 2876 2958 2936 contemptu
2987 2869 3170 2922 caelum
3192 2885 3352 2922 unum
3393 2869 3615 2940 suspiret
3641 2871 3876 2926 animus.

2273 2989 2344 3000 —
2371 2957 2498 3014 Ideo
2525 2959 2638 3014 dico
2667 2959 2822 3027 vobis,
2868 2977 2929 3015 ne
2973 2960 3199 3031 cogitetis
3227 2961 3280 3015 in
3315 2961 3470 3014 corde
3511 2972 3698 3028 vestro,
3750 2963 3883 3033 quid

2275 3051 2805 3122 manducetismeque
2819 3055 3018 3121 corpori
3041 3061 3224 3115 vestro,
3251 3052 3378 3122 quid
3407 3053 3652 3107 oestiatis.
3683 3051 3879 3108 Nonne

2274 3145 2447 3198 anima
2474 3155 2639 3196 vestra
2669 3143 2834 3213 pluris
2863 3151 2938 3196 est
2965 3159 3118 3213 quam
3147 3158 3281 3205 esca,
3315 3151 3362 3195 et
3391 3159 3579 3210 corpus
3607 3143 3778 3212 pluris
3798 3153 3879 3198 est

571 3238 944 3297 Prmtermissa
973 3237 1133 3308 igitur
1174 3235 1424 3290 humanm
1449 3235 1634 3313 gloriae
1662 3244 1716 3290 et
1743 3235 2033 3304 opulentiae
2060 3235 2167 3290 sol-
2194 3228 2239 3290 C
2271 3254 2425 3309 quam
2465 3237 2814 3291 vestimentum
2847 3234 3013 3307 (Ibid.
3046 3235 3190 3304 25)?
3225 3235 3608 3304 Coulemptum
3658 3239 3873 3303 szeculi,

569 3331 872 3396 licitudine,
921 3345 1136 3385 omnem
1170 3329 1415 3397 placendi
1459 3329 1569 3383 Deo
1605 3344 1790 3385 curam
1820 3328 1960 3383 sumi
1999 3343 2165 3397 Opor-

569 3435 686 3482 tere
714 3425 1047 3479 demonstrat
1077 3441 1090 3476 :
1117 3422 1240 3492 quia
1277 3423 1566 3476 humanam
1595 3421 1806 3476 laudem
1840 3421 1922 3475 vel
1960 3436 2166 3492 corpo-

573 3531 690 3572 rum
720 3515 869 3579 vitia,
901 3513 986 3569 vel
1011 3513 1336 3566 obtrectatio
1359 3511 1710 3566 invidentium
1737 3520 2088 3580 corrumpat;
2113 3521 2168 3567 et

573 3610 664 3666 hic
691 3609 976 3664 thesaurus
1012 3605 1275 3676 pecuniae,
1303 3614 1394 3659 aut
1429 3603 1756 3659 detrimento
1804 3603 1871 3657 sit
1899 3604 2168 3672 periculo-

570 3719 686 3768 sus,
735 3710 827 3757 aut
856 3700 1017 3755 furto.
1053 3696 1321 3753 Caeterum
1374 3698 1489 3752 laus
1531 3697 1770 3754 caelestis
1809 3703 2008 3752 aeterna
2059 3706 2162 3763 est,

573 3812 676 3852 nec
701 3792 1044 3863 subrepentis
1065 3791 1207 3846 furto
1236 3789 1621 3855 subtrahendo,
1653 3805 1752 3846 nec
1782 3789 1927 3844 tinea
1953 3799 2045 3844 aut
2075 3806 2171 3845 ru-

569 3891 750 3962 bigine
787 3887 1003 3944 invidiae
1047 3884 1320 3942 exedenda
1349 3902 1361 3938 :
1390 3883 1554 3938 corde
1598 3893 1784 3938 nostro
1824 3881 2006 3938 sedem
2047 3883 2167 3938 the-

574 3983 720 4038 sauri
747 3990 923 4036 utram
947 3981 1017 4034 sit
1045 3978 1114 4051 (c)
1145 3987 1391 4033 secutum
1424 3975 1697 4039 habituro,
1721 3985 1773 4030 et
1802 3974 2172 4045 intelligentice

573 4083 776 4130 nostra:
806 4072 1006 4127 lumine
1033 4079 1124 4125 aut
1153 4083 1274 4124 cum
1316 4067 1541 4139 pecunia
1565 4065 1824 4122 damnosa
1852 4064 2049 4134 futuro,
2080 4075 2174 4123 aut

572 4182 693 4223 cum
723 4167 833 4222 Deo
859 4163 1209 4235 sempiterno.

615 4329 623 4337 ’
650 4333 726 4403 (α)
749 4331 807 4403 in
837 4327 1102 4403 mss._hic_
1129 4322 1516 4403 dumtaxatﬁt
1553 4322 1764 4376 initium
1794 4319 1988 4403 capitis
2099 4319 2172 4403 [lt

576 4391 667 4458 hic
695 4391 942 4461 Hilarius,
974 4399 1049 4451 ita
1078 4395 1396 4450 Ambrosius
1424 4393 1617 4447 Liteam
1640 4391 1964 4462 exponendo
1993 4391 2169 4446 domi-

574 4475 750 4530 nicam
778 4471 1074 4524 orationem
1108 4464 1472 4534 praetermisit.

650 4542 727 4614 (b)
761 4539 913 4614 Bad,
947 4540 1036 4614 Er.
1079 4532 1136 4592 et
1159 4535 1306 4614 Lips.
1340 4535 1541 4614 inedire.
1587 4533 1658 4588 At
1683 4533 1807 4614 Par.
1836 4549 1958 4589 cum
1990 4532 2164 4614 omni-

2273 3339 2327 3384 ct
2354 3330 2600 3386 ﬁduciam
2630 3329 2930 3383 futurorum
2961 3339 3072 3383 toto
3101 3331 3380 3396 superiore
3406 3330 3569 3402 691
3616 3346 3877 3388 sermone

2274 3433 2622 3493 praeceperat.
2651 3421 2783 3476 Nam
2810 3437 2932 3476 cum
2951 3420 3018 3476 ad
3045 3421 3296 3490 injuriam
3325 3437 3524 3491 pronos
3547 3423 3699 3492 jubet
3717 3437 3868 3489 esse,

2273 3526 2326 3569 et
2355 3516 2420 3569 ad
2452 3514 2708 3569 damnum
2737 3513 3087 3579 voluntarios,
3119 3523 3174 3568 et
3216 3513 3282 3568 ad
3313 3514 3569 3569 ultionem
3595 3515 3871 3584 negligen-

2273 3616 2374 3674 tes,
2394 3615 2449 3662 et
2478 3607 2542 3660 ad
2573 3606 2903 3676 diligendum
2935 3605 2997 3676 (i)
3025 3605 3386 3675 promiscuos,
3412 3615 3468 3662 et
3487 3606 3552 3660 ad
3577 3608 3871 3662 humanam

2275 3699 2498 3770 gloriam
2531 3699 2862 3763 incuriosos;
2904 3696 3219 3753 confirmari
3260 3713 3359 3752 nos
3400 3698 3453 3753 in
3501 3713 3652 3768 spem
3695 3698 3880 3754 bono-

2271 3807 2390 3847 rum
2434 3800 2760 3847 :rternorum
2792 3790 3018 3844 laborat.
3049 3789 3240 3845 Plures
3278 3789 3422 3844 enim
3453 3799 3509 3844 et
3549 3805 3703 3845 amor
3731 3806 3881 3861 pra:-

2272 3886 2530 3950 sentium,
2561 3893 2615 3940 et
2659 3883 2962 3954 desperatio
2991 3881 3296 3938 futurorum
3347 3883 3580 3938 incertos
3607 3881 3739 3938 facit
3771 3900 3787 3938 :
3818 3892 3881 3939 et

2273 3984 2363 4030 aut
2393 3974 2663 4030 illecebris
2691 3974 2854 4044 capit,
2895 3982 2988 4027 aut
3019 3971 3330 4030 infidelitate
3369 3972 3650 4028 confundit
3682 3993 3696 4028 :
3727 3973 3877 4046 Ergo

2274 4084 2498 4138 regnum
2551 4067 2850 4133 ctelorum,
2909 4065 3052 4136 quod
3115 4065 3398 4138 propheta:
3451 4067 3875 4133 nuntiaverunt,

2274 4160 2507 4218 Joannes
2535 4161 2866 4232 praedicavit,
2898 4160 3156 4227 Dominus
3186 4167 3373 4216 noster
3398 4158 3452 4215 in
3480 4174 3542 4215 se
3567 4174 3686 4216 esse
3714 4161 3875 4232 posi-

2279 4321 2347 4377 ad
2375 4319 2560 4376 sedem
2591 4322 2677 4375 vel
2711 4321 2764 4375 in
2808 4320 2916 4374 Deo
2944 4321 3028 4374 vel
3055 4321 3106 4374 in
3134 4320 3357 4390 pecunia
3403 4320 3700 4386 habendam
3747 4336 3874 4376 rec-

2275 4394 2382 4448 tius
2404 4394 2652 4447 reiertur.
2685 4392 2812 4446 Post
2855 4391 2911 4445 in
2939 4390 3128 4446 iisdem
3156 4392 3404 4445 damnoso
3437 4408 3456 4445 :
3489 4393 3589 4448 hoc
3613 4393 3680 4446 ad
3703 4391 3874 4447 intel-

2275 4464 2510 4534 ligentia:
2546 4463 2726 4517 lumen
2759 4463 2948 4534 referri
2987 4463 3335 4534 queat,_quod
3368 4464 3417 4516 in
3451 4464 3675 4532 pecunia
3711 4463 3873 4519 dam-

2272 4532 2488 4597 nosum,
2521 4535 2573 4588 iu
2609 4537 2717 4589 Deo
2745 4533 3132 4603 sempiternum
3165 4532 3400 4588 futurum
3431 4536 3526 4588 sit.

573 4605 675 4701 Ριιέ
706 4605 835 4697 ίῐὶεθο
874 4611 1122 4701 ﬂium”:
1151 4606 1292 4678 (ιιιοά
1331 4607 1586 4661 ηιθιιάοεθ
1628 4605 1885 4675 scriptum
1917 4613 2164 4675 Ρυῑίηηυε
2192 4627 2248 4690 1)
2311 4625 2414 4701 _([)
2441 4623 3098 4701 Vocabulummluminisin
3135 4624 3364 4701 vulgatis
3407 4627 3686 4701 omissum,
3733 4642 3872 4697 sup-

571 4689 694 4744 locn
720 4683 948 4738 incuria’.

650 4755 721 4830 (c)
744 4755 845 4830 llic
890 4751 1079 4830 s_upple
1110 4748 1204 4830 Dei
1241 4748 1576 4830 vocabulum.
1599 4746 1736 4830 .Jahm.
1764 4745 1906 4801 enim
1940 4744 2169 4830 legimus

575 4816 785 4897 capfd,
812 4841 867 4880 n.
899 4823 930 4878 7
959 4816 1080 4897 {eos
1125 4821 1252 4897 uisui
1287 4829 1333 4873 et
1376 4819 1610 4897 occursui
1643 4816 1736 4897 Dei
1778 4833 1886 4871 esse
1913 4827 2163 4897 patentes.

575 4889 877 4969 quibus'per
904 4893 1060 4969 animi
1083 4893 1294 4969 nitorem
1324 4907 1383 4943 ac
1413 4891 1528 4969 vita:
1555 4890 1824 4969 puritatem
1855 4897 2075 4969 potestas
2101 4889 2168 4969 sit

578 4957 870 5025 contuendi.
905 4966 1162 5034 Utroque
1188 4961 1241 5016 in
1282 4962 1399 5015 loco
1421 4957 1637 5034 videtur
1677 4957 1868 5026 respici
1911 4959 2164 5034 parabola

575 5043 869 5110 virginum,
896 5029 1088 5110 quibus
1134 5033 1331 5110 dicitur
1363 5047 1376 5083 :
1411 5029 1541 5084 Ecce
1579 5045 1798 5110 sponsus
1829 5030 1981 5110 venit,
2003 5029 2166 5110 ‘cxite

577 5098 774 5167 obviam
803 5098 867 5162 ei.
895 5098 1126 5160 Rursum
1157 5103 1279 5156 huic
1305 5103 1478 5156 lucem
1509 5098 1718 5155 confert
1744 5098 1875 5152 illud
1907 5114 1972 5152 ex
2001 5105 2157 5152 tract.

577 5199 660 5253 ps.
708 5197 830 5244 cu,
857 5197 911 5232 n.
934 5177 1004 5253 9_:
1053 5174 1118 5228 In
1166 5173 1416 5253 abluenda
1451 5171 1582 5253 facie
1609 5170 1824 5253 nitorem
1849 5185 1992 5238 parte
2033 5185 2158 5253 con:

575 5241 1024 5318 scientite‘exegit,
1075 5262 1137 5298 ne
1164 5242 1286 5313 quid
1324 5245 1377 5318 in
1425 5242 1566 5295 nobis
1606 5241 1887 5318 sordidum,
1935 5257 1999 5318 ne
2035 5241 2160 5318 quid

576 5325 788 5380 oblitum
818 5311 1098 5372 adhaereret
1129 5331 1146 5370 :
1171 5311 1223 5368 in
1263 5315 1430 5385 capite
1461 5328 1577 5385 vero
1607 5311 1862 5385 augendo,
1910 5311 2157 5365 doctrinis

572 5413 667 5450 nos
691 5403 841 5458 atque
868 5387 1102 5460 operibus
1127 5383 1373 5458 spiritalis
1403 5383 1731 5438 institutionis
1773 5385 2019 5452 perfectos
2049 5399 2154 5436 esse

609 5464 834 5521 rtecepit.

569 5481 1111 5606 pnfdfpéfarnutensis
1165 5527 1359 5606 codes,
1402 5527 1616 5606 comptis
1657 5524 1928 5606 capitibus.
1976 5521 2160 5606 Monet

577 5595 932 5676 llicronytnus
959 5601 1236 5676 Christum
1277 5598 1367 5676 hic
1407 5597 1551 5676 loqui
1566 5598 1725 5676 juxta
1755 5596 1908 5648 ritum
1948 5595 2158 5675 provin-

569 5680 664 5730 cia:
692 5666 982 5736 Palestina,
1007 5670 1091 5724 ubi
1135 5667 1309 5722 diebus
1339 5666 1480 5735 [estis
1501 5670 1659 5720 solent
1681 5682 1865 5738 ungere
1891 5666 2078 5734 capita.

647 5743 717 5814 (ε)
745 5744 800 5798 lu
830 5744 1076 5814 vulgatis,
1119 5738 1720 5814 secutusisoltecismus
1762 5751 1922 5806 quem
1969 5749 2154 5814 emen:

574 5805 710 5869 dant'
735 5827 861 5867 mss.
891 5805 1028 5866 A'ntc
1057 5812 1113 5864 in
1136 5806 1406 5865 nonnullis
1427 5817 1621 5874 utrum,
1651 5821 1756 5861 non
1786 5805 1955 5860 utram
1973 5823 1984 5857 :
2004 5805 2147 5875 quod

2273 4696 2485 4768 plenius
2505 4713 2572 4768 es
2598 4711 2729 4752 mss.
2760 4697 2849 4768 Sic
2874 4705 2929 4768 et
2969 4696 3100 4750 inira
3139 4711 3194 4750 n.
3225 4697 3278 4762 7,
3323 4711 3426 4750 non
3452 4697 3770 4764 simpliciter
3797 4696 3871 4752 ex

2273 4767 2442 4835 oculo,
2471 4767 2590 4835 sed,
2619 4784 2681 4823 ex
2706 4767 2837 4821 oculi
2868 4767 3058 4821 lumine
3087 4768 3293 4837 corpori
3314 4783 3509 4838 quoque
3533 4768 3861 4839 splendorem

2269 4841 2563 4908 spopondit.

2471 4859 2563 4892 (ιη.

2297 4859 2693 4984 Ρῖξῖηιιὶιίιιυίυε
2723 4908 2811 4964 hic
2829 4950 2843 4972 ,
2871 4917 3112 4962 veterum
3142 4922 3314 4984 more,
3340 4908 3582 4984 animam
3615 4917 3864 4984 nostram

2268 4979 2473 5051 ειν-’άιι
2500 4992 2556 5035 ut
2583 4997 2648 5035 ex
2679 4991 2868 5051 natura
2906 4996 2999 5032 sua
3027 4980 3312 5051 quamdam
3340 4979 3535 5044 lucem,
3568 4982 3862 5050 quemdam

2268 5049 2631 5124 splendorem.
2661 5051 2748 5124 Sic
2775 5066 2804 5104 a
2830 5049 3092 5124 Gregorio
3126 5049 3255 5105 Naz.
3287 5052 3379 5124 0r.
3409 5067 3516 5124 sui
3545 5049 3666 5124 post
3692 5068 3860 5123 quam

2269 5121 2416 5177 num.
2463 5124 2550 5185 12,
2587 5123 2714 5176 dit-ti
2755 5129 2881 5176 sunt
2923 5121 3096 5190 angeli
3136 5123 3344 5176 secundi
3377 5122 3673 5191 splendores
3702 5121 3865 5190 primi

2263 5195 2551 5265 splendoris
2577 5193 2886 5259 administri,
2914 5207 3061 5246 num.
3099 5193 3188 5259 i5,
3220 5195 3380 5248 homo
3405 5193 3700 5249 secundum
3739 5197 3863 5250 ani-

2265 5283 2406 5319 mam
2439 5265 2649 5338 angelus
2673 5265 2806 5318 alius
2839 5271 3200 5332 nuncupatur.

2334 5357 2412 5428 (It)
2449 5354 2601 5419 Apud
2629 5355 2749 5428 Par.
2785 5355 2980 5428 fuerit:
3006 5363 3278 5424 corrupte.
3318 5353 3452 5409 Tum
3489 5366 3675 5426 prceter
3697 5367 3859 5412 natu-

2268 5425 2573 5490 rain'suam,
2607 5427 2657 5479 id
2688 5425 2791 5489 est,
2817 5425 3046 5494 amplius
3071 5441 3229 5495 quam
3260 5441 3326 5480 ex
3367 5425 3554 5484 natura
3594 5444 3687 5482 sua
3717 5433 3857 5494 sint,

2269 5501 2418 5568 quasi
2481 5505 2672 5567 praeter
2712 5498 2981 5568 naturales
3011 5497 3317 5568 tenebras,
3376 5511 3544 5553 novas
3592 5499 3855 5564 quasdam

2266 5565 2583 5623 contrahant
2607 5567 2872 5623 exstincto
2893 5565 3096 5623 lumine
3119 5569 3410 5633 mentium;
3437 5571 3572 5640 quod
3597 5571 3782 5626 lumen
3811 5573 3856 5627 si

2259 5641 2634 5701 retinuerimus,
2676 5648 2782 5694 etc.

2332 5731 2396 5800 (i)
2422 5731 2533 5785 lloc
2560 5739 2664 5792 est,
2696 5728 2763 5784 ad
2789 5727 3090 5800 diligendus
3118 5732 3323 5786 amicos
3351 5733 3432 5788 vel
3461 5732 3732 5798 inimicos,
3754 5749 3857 5790 seu

2257 5803 2324 5858 ad
2343 5798 2488 5858 bene
2515 5802 2598 5858 vel
2631 5800 2769 5856 male
2795 5799 2896 5855 sibi
2926 5798 3185 5858 facientes
3209 5803 3514 5873 promiscue
3543 5819 3604 5860 se
3626 5805 3851 5862 habere.
