4222 6262
382 241 491 302 945

1309 255 1859 321 COMMENTARIUS
1897 262 1968 320 IN
2005 264 2435 329 MATTIIAEUM.
2473 270 2627 331 CAP.
2677 275 2736 331 V.

3569 288 3677 349 946

381 373 494 463 tum
519 340 941 463 estjprofessus,
976 370 1091 428 vult
1118 371 1237 430 sine
1260 374 1437 447 aliqua
1479 376 1703 435 incertae
1730 379 1978 437 volunta-
2003 386 2058 447 Α
2151 384 2208 441 8.
2238 385 2317 442 De
2330 392 2700 446 resurrectione
2718 392 2954 463 quadam
2982 395 3141 453 dubia
3169 399 3459 461 soluuntur.
3478 435 3549 445 —
3567 406 3676 463 Sed

376 458 448 514 tis
479 460 829 532 ambiguitate
864 465 1071 533 sperari
1105 483 1117 518 :
1145 466 1380 538 alioquin
1418 468 1735 539 justiﬁcatio
1756 486 1842 527 .ex
1876 472 1980 529 ﬁde

375 555 525 611 nulla
571 565 676 625 est,
724 557 770 612 si
810 556 945 613 ﬁdes
988 559 1101 629 ipsa
1149 558 1240 616 ﬁat
1277 562 1548 634 ambigua.
1594 561 1763 634 Igitur
1790 580 1976 622 curam

375 647 582 703 nullam
605 663 727 706 esse
755 650 983 705 vestitus
1012 659 1068 706 et
1095 651 1199 708 cibi
1227 653 1492 726 prrecipit,
1521 654 1711 712 dicens
1748 664 1804 713 et
1832 658 1973 715 escis

377 738 636 804 animam.
669 748 723 795 et
746 741 869 796 cibo
899 756 1098 813 corpus
1124 759 1245 800 esse
1273 746 1585 814 pretiosius.
1963 734 1968 743 ’

446 831 501 886 7.
551 831 722 887 Altior
759 849 940 889 sensus
976 833 1095 888 latet
1142 836 1195 889 in
1238 837 1519 903 pradictis.
1547 870 1619 879 —
1644 839 1714 895 Et
1757 841 1974 912 quidem

373 924 656 998 pulchrum
686 934 791 993 est,
820 929 1165 998 praesentium
1196 944 1379 985 rerum
1410 940 1743 1001 contemptu,
1787 949 1970 991 curam

376 1024 583 1074 tantum
614 1018 811 1075 divinis
860 1020 1025 1078 rebus
1062 1024 1420 1093 impendere:
1453 1027 1547 1083 sed
1586 1028 1751 1084 altius
1791 1045 1972 1085 sermo

373 1108 687 1177 descendit,”
716 1120 770 1168 et
804 1112 856 1167 in
901 1113 1140 1171 caelestis
1181 1115 1313 1172 dicti
1342 1117 1757 1190 intelligentiam
1785 1121 1968 1177 verbis

371 1205 613 1276 subjecta
641 1202 781 1262 ratio
808 1208 1136 1266 extenditur.
1162 1209 1500 1267 Thesaurum
1533 1212 1795 1270 Dominus
1811 1215 1970 1271 condi

364 1296 624 1368 jussit'in
663 1299 825 1368 cmlo,
861 1311 915 1357 et
958 1316 1023 1358 ex
1073 1302 1216 1363 oculi
1257 1304 1462 1361 lumine
1499 1309 1716 1377 corpori
1754 1324 1969 1381 quoque

368 1390 715 1461 splendorem
754 1392 1062 1464 spopondit,
1095 1403 1153 1451 et
1178 1395 1413 1452 dominis
1452 1397 1661 1454 duobus
1692 1402 1964 1458 neminem

368 1481 582 1554 placere
598 1497 759 1554 posse
788 1493 1012 1541 testatus
1039 1494 1124 1542 est
1152 1504 1165 1541 :
1189 1495 1245 1542 et
1268 1499 1387 1558 post
1409 1489 1523 1545 lucc
1549 1491 1625 1546 ait
1655 1507 1667 1545 :
1696 1490 1826 1547 Ideo
1847 1493 1963 1550 dico

367 1574 527 1643 vobis,
561 1591 624 1629 ne
654 1576 890 1649 cogitetis
931 1578 986 1631 in
1026 1578 1182 1633 corde
1210 1589 1397 1645 uestro,
1442 1581 1568 1648 quid
1610 1582 1965 1652 manducetis;

366 1684 527 1738 neque
568 1670 775 1739 corpori
820 1681 1005 1737 uestro,
1036 1671 1161 1742 quid
1205 1673 1455 1728 inductis.
1493 1673 1568 1748 (a)
1600 1676 1734 1743 Quae
1772 1692 1964 1734 conse-

2082 477 2209 549 quia
2259 488 2548 551 corruptus
2594 483 2737 539 circa
2787 485 3091 544 futurorum
3144 504 3329 548 curam
3376 493 3674 552 inﬁdelium

2079 585 2273 629 sensus
2302 583 2407 638 est,
2436 576 2880 634 calumniantium
2900 596 3021 651 quae
3050 582 3100 637 in
3132 593 3528 645 resurrectione
3554 605 3677 647 cor-

2079 682 2271 738 porum
2323 669 2534 739 species
2576 672 2645 726 sit
2690 672 2886 741 futura,
2937 674 3156 749 qute(b)
3206 680 3258 733 in
3314 681 3670 740 substantiam

2077 758 2398 813 aeternitatis
2424 759 2677 817 alimonia
2706 778 2722 828 ;
2751 772 2946 819 etcum
2968 780 3037 820 ex
3066 765 3475 828 difﬁcultatibus
3497 789 3674 843 quies-

2077 849 2283 906 tionum
2327 850 2619 918 inutilium,
2659 856 2907 925 qutedam
2951 861 3273 917 utendarum
3310 867 3662 935 praesentium

2075 943 2407 1014 voluptatum
2450 948 2589 1003 ratio
2614 950 2839 1019 quaesita
2879 959 2983 1019 est,
3032 954 3205 1010 inutili
3239 954 3309 1027 (c)
3341 966 3490 1014 metu
3530 960 3672 1017 circa

2078 1035 2170 1092 Dei
2199 1039 2556 1095 reverentiam
2588 1040 2952 1108 demorantes,
2979 1044 3033 1099 in
3064 1047 3249 1102 saeculi
3270 1049 3460 1118 gaudia
3495 1061 3669 1108 trans-

2073 1138 2234 1194 eunt;
2258 1139 2420 1202 atque
2452 1131 2522 1186 ita
2551 1141 2655 1197 est,
2689 1143 2747 1189 ut
2773 1134 2984 1190 duobus
3004 1136 3239 1195 dominis
3261 1141 3421 1197 unius
3448 1142 3666 1199 inﬁdele

2071 1224 2349 1279 servitium
2381 1226 2451 1280 sit
2482 1244 2495 1278 :
2520 1225 2682 1296 igitur
2707 1244 2773 1284 ex
2798 1242 3010 1284 summo
3034 1232 3253 1302 pietatis
3280 1233 3498 1302 aﬁ'ectu,
3530 1251 3656 1308 gra—

2070 1315 2292 1379 vissimo
2323 1316 2402 1391 (ά)
2453 1318 2766 1376 difﬁdentiae
2806 1322 3044 1391 periculo
3087 1332 3212 1380 ante
3261 1326 3538 1396 praedicto,
3594 1329 3668 1384 ita

2068 1405 2321 1464 admonet
2355 1426 2368 1461 :
2403 1407 2593 1465 Nonne
2630 1412 2802 1466 anima
2832 1414 3001 1484 pluris
3026 1426 3099 1469 est
3129 1433 3280 1488 quam
3308 1435 3446 1483 esca.
3474 1430 3520 1475 et
3548 1437 3667 1476 cor-

2068 1514 2165 1569 pus
2190 1499 2356 1571 pluris
2381 1510 2455 1555 est
2480 1518 2635 1572 quam
2663 1506 3012 1560 vestimentum
3036 1505 3199 1581 (Ibid.
3243 1507 3376 1581 25)?
3408 1511 3464 1567 In
3506 1512 3667 1571 dictis

2066 1590 2164 1647 Dei
2192 1593 2392 1649 veritas
2414 1603 2517 1660 est,
2543 1606 2597 1650 et
2624 1611 2803 1652 rerum
2832 1599 3191 1655 creandarum
3219 1601 3510 1659 efﬁcientia
3541 1621 3661 1660 om-

2066 1683 2151 1738 nis
2177 1685 2227 1739 in
2261 1685 2426 1740 verbo
2453 1696 2557 1741 est.
2592 1686 2669 1741 Ita
2718 1703 2816 1743 nec
2845 1689 2989 1760 quod
3021 1691 3315 1760 spepondit
3350 1694 3659 1765 ambiguum

365 1773 625 1834 qnuntnr,
658 1780 765 1819 non
787 1765 921 1821 satis
943 1766 1401 1836 prepositionibus
1430 1778 1753 1840 congruunt.
1786 1771 1945 1828 Num-
1981 1778 2031 1839 B
2057 1787 2161 1845 est,
2183 1792 2293 1858 nec
2337 1779 2585 1835 inefﬁcax
2614 1781 2779 1853 692
2807 1782 2950 1852 quod
3007 1783 3219 1840 locutus
3260 1792 3363 1840 est.
3393 1786 3536 1843 Nihil
3565 1797 3650 1843 est

362 1857 490 1928 quid
522 1864 576 1912 et
605 1856 765 1912 unius
786 1858 989 1913 domini
1022 1874 1214 1915 servus
1245 1875 1349 1915 non
1378 1862 1547 1931 possit
1574 1864 1715 1918 circa
1746 1875 1956 1922 vestem

360 1961 482 2003 esse
500 1947 787 2021 cibumque
815 1950 1078 2007 sollicitus
1093 1952 1117 2006 ?
1135 1951 1400 2022 Numquid
1426 1968 1523 2024 per
1544 1954 1610 2009 ad
1623 1970 1834 2011 versam
1860 1973 1956 2013 va-

360 2038 659 2096 letudinem
713 2039 964 2097 hebetato
1005 2043 1146 2099 oculi
1174 2042 1379 2100 lumine
1419 2045 1795 2103 obscurabitur
1835 2064 1957 2105 cor-

357 2132 496 2208 pus?
521 2140 616 2187 aut
642 2132 781 2203 quod
808 2135 1049 2206 corporis
1077 2135 1258 2191 lumen
1286 2151 1408 2193 esse
1447 2139 1618 2208 possit
1654 2155 1720 2196 ex
1747 2143 1953 2199 oculo?

353 2223 623 2296 Numquid
665 2227 1027 2285 tltesaurizare
1053 2230 1107 2284 in
1152 2228 1306 2286 caelis
1338 2230 1455 2287 sola
1486 2231 1702 2289 nuditas
1732 2242 1827 2290 aut
1876 2235 1953 2290 fa-

353 2332 472 2374 mes
498 2319 741 2390 poterit?

424 2481 503 2564 (a)
528 2483 585 2564 Id
616 2493 722 2564 est,
754 2486 875 2544 licet
906 2488 958 2543 in
993 2487 1077 2564 his
1107 2505 1119 2541 :
1151 2488 1281 2543 Ideo
1310 2489 1427 2544 dico
1442 2491 1580 2545 vobis
1607 2506 1671 2546 ne
1688 2492 1943 2564 cogitetis,

350 2556 615 2625 particula
643 2558 761 2612 ideo
799 2563 1196 2615 connexionem
1238 2564 1575 2628 superiorum
1604 2578 1725 2617 cum
1749 2556 1947 2618 "subseé

350 2629 643 2698 quentibus
673 2630 878 2702 indicet
905 2648 918 2684 :
951 2638 1130 2686 tamen
1151 2647 1271 2701 quae
1295 2631 1425 2687 illud
1454 2632 1569 2687 ideo
1597 2648 1941 2702 consequun-

352 2706 468 2774 tur_._
487 2700 769 2774 nonsatis
798 2709 1101 2774 congruunt
1128 2718 1249 2774 cum
1292 2703 1357 2758 iis
1385 2718 1505 2774 quae
1531 2700 1867 2774 prmcedu'nt.

426 2770 501 2845 (ὁ)
554 2769 713 2845 Editi,
754 2773 809 2845 in
833 2769 1136 2827 substantia.
1171 2769 1565 2829 Rectins'mvs.
1597 2776 1853 2845 potiores,
1888 2780 1942 2834 in

349 2843 722 2913 substantiam;
772 2844 873 2898 hoc
903 2851 1007 2909 est,
1037 2861 1137 2913 qua
1184 2845 1236 2899 in
1270 2854 1533 2900 aeternum
1561 2843 1775 2901 valeant
1818 2850 1944 2905 sub«

348 2912 544 2968 sistere
580 2922 738 2983 atque
762 2912 1071 2970 conservari
1100 2933 1113 2970 :
1139 2924 1251 2971 tum
1285 2931 1381 2982 pro
1405 2927 1451 2972 et
1486 2934 1626 2983 cum,
1660 2919 1943 2977 mallemus

349 2994 404 3038 ut
433 3000 583 3059 cum;
625 2986 859 3059 maxime
886 2987 1010 3056 quia
1041 2985 1091 3041 in
1119 3003 1222 3042 ms.
1250 2986 1407 3044 Colb.
1441 2998 1563 3059 post
1598 2991 1858 3059 sequitur,
1890 2992 1945 3047 in

353 3057 530 3110 sa‘culi
549 3056 739 3128 gaudia
768 3067 1050 3112 transeant.

425 3128 499 3199 (c)
529 3130 641 3202 line
665 3137 769 3202 est,
792 3144 916 3202 cum
943 3129 1147 3200 abiecta
1177 3130 1492 3186 aeternitatis
1512 3145 1609 3202 spe
1634 3132 1684 3186 in
1717 3132 1865 3188 cultu
1884 3149 1946 3189 ac

2062 1870 2206 1939 quod
2266 1886 2373 1926 non
2416 1872 2467 1926 in
2508 1873 2807 1928 substantia
2860 1890 2955 1929 sua
3006 1884 3062 1931 et
3098 1877 3374 1934 creatione
3413 1878 3484 1951 (c)
3541 1895 3664 1936 cor-

2060 1973 2285 2030 porcum
2313 1960 2381 2015 sit
2409 1979 2421 2015 :
2448 1971 2504 2016 et
2547 1964 2812 2031 omnium,
2840 1964 2955 2021 sive
2996 1966 3049 2020 in
3088 1966 3231 2023 coelo
3257 1968 3371 2025 sive
3403 1970 3456 2025 in
3489 1980 3653 2038 terra,

2057 2049 2174 2105 sive
2223 2051 2514 2108 visibilium
2564 2053 2680 2110 sive
2713 2055 3085 2125 invisibilium,
3119 2058 3385 2116 elementa
3433 2060 3659 2118 formata

2056 2152 2203 2199 sunt.
2236 2143 2371 2200 Nam
2418 2153 2475 2201 et
2513 2148 2813 2203 animarum
2853 2150 3086 2220 species,
3136 2153 3251 2233 sive
3293 2154 3655 2212 obtinentium

2055 2251 2309 2307 corpora,
2340 2238 2457 2294 sive
2476 2239 2797 2310 corporibus
2824 2242 3209 2308 exsulantium,
3245 2244 3314 2318 (ι’)
3335 2259 3654 2317 corpoream

2057 2339 2239 2388 tamen
2290 2342 2499 2388 natum
2550 2347 2665 2389 sum
2715 2334 3073 2391 substantiam
3129 2339 3471 2407 sortiuntur;
3523 2342 3647 2413 quia

2050 2508 2210 2565 sonus
2227 2492 2403 2565 uocis,
2418 2493 2508 2547 sed
2530 2510 2611 2548 res
2637 2493 2951 2550 substantira
2966 2511 3038 2565 ac
3064 2510 3154 2565 per
3179 2494 3514 2551 substantiam
3536 2513 3653 2551 cor—

2052 2564 2333 2631 pulentiva.
2368 2563 2504 2619 Tum
2530 2566 2894 2635 prosequitur,
2922 2564 3044 2620 Non
3063 2563 3200 2620 enim
3225 2567 3335 2620 sine
3363 2567 3652 2623 substantia

2048 2636 2293 2708 constitit.
2314 2635 2449 2706 quod
2478 2636 2541 2690 de
2563 2646 2704 2691 tanta
2728 2637 3008 2708 substantia
3036 2639 3154 2708 fecit
3183 2636 3351 2708 (forte
3366 2637 3519 2708 fuit).
3550 2637 3652 2693 Ni-

2047 2705 2275 2780 hilergo
2306 2705 2519 2780 uacuum
2548 2708 2812 2780 de_pleno,
2842 2706 2973 2762 nihil
2992 2705 3160 2780 inane
3188 2705 3252 2761 de
3275 2707 3444 2762 solido
3468 2705 3487 2762 ὲ
3529 2711 3652 2780 quia

2046 2774 2145 2830 Dei
2174 2774 2339 2832 sermo
2369 2778 2580 2849 spiritus
2601 2775 2699 2833 Dei
2728 2777 2958 2833 Christus
2982 2778 3263 2832 instructus
3288 2786 3398 2849 _est,
3453 2788 3501 2833 et
3522 2774 3552 2845 ,⁷
3590 2790 3650 2834 ut

2052 2848 2332 2920 evidentius
2385 2846 2577 2920 dicam,
2625 2851 2871 2904 sermonis
2909 2864 3098 2920 corpus
3136 2858 3229 2903 est.
3271 2846 3474 2920 Corpus
3513 2851 3650 2904 enim

2051 2919 2288 2990 spiritus,
2314 2919 2405 2974 sed
2435 2936 2624 2986 corpus
2668 2921 2747 2974 sui
2776 2918 3008 2990 generis;
3049 2918 3189 2974 Nam
3215 2928 3264 2973 et
3305 2919 3571 2974 invisibilis
3600 2931 3649 2976 et

2051 2989 2582 3059 incomprehensibilis
2607 2989 2821 3059 spiritus
2843 3006 2862 3043 :
2888 2991 3400 3061 numquiditameniet
3424 2991 3578 3045 inane
3598 3003 3648 3047 et

2051 3074 2341 3134 uacutcures
2371 3061 2533 3134 (forte
2566 3063 2642 3116 rei
2672 3074 2762 3117 aut
2795 3078 2956 3134 uacua
2984 3060 3091 3134 res)
3122 3060 3279 3114 Deus.
3314 3060 3433 3134 Quo
3461 3077 3647 3134 sensu

2026 3129 2441 3196 ~'l‘ertnllianus,
2472 3132 2564 3186 lib.
2595 3134 2662 3186 de
2691 3148 2854 3188 carne
2882 3129 3111 3195 Christi,
3145 3147 3292 3186 num.
3318 3132 3411 3198 12,
3442 3130 3644 3187 dixisse

350 3207 499 3285 metu
542 3199 768 3285 Dei-"ila
806 3200 1273 3285 demorenturg‘ut
1317 3202 1507 3283 cultus
1541 3199 1605 3257 ac
1649 3211 1824 3285 metus
1865 3206 1948 3260 sui
1974 3210 2019 3272 (ζ
2051 3202 2264 3285 videtur
2289 3223 2303 3256 :
2330 3201 2493 3285 Omne
2520 3204 2656 3285 quod
2680 3213 2775 3285 est2
2806 3220 2994 3285 corpus
3020 3213 3091 3285 est
3134 3201 3646 3285 sui_gen.eris.._Nihil

349 3270 549 3345 nullam
575 3270 862 3345 utilitatem
888 3280 1127 3345 sperent.
1155 3270 1398 3345 Dejectus
1427 3274 1562 3327 enim
1601 3276 1949 3342 unusquisque

349 3341 430 3426 Ecl
454 3351 623 3426 motus
672 3343 737 3426 de
772 3342 939 3426 gradu
983 3344 1091 3426 spei
1135 3341 1428 3426 ejusquam
1469 3341 1782 3426 susceperat.
1805 3348 1949 3414 apud

352 3409 664 3486 Creatorem,
708 3409 859 3486 facile
883 3409 1017 3486 jt_tm
1037 3409 1323 3469 declinatur
1342 3417 1409 3470 ad
1437 3409 1646 3470 alterius
1673 3415 1782 3485 spei
1810 3409 1946 3472 auc—

350 3493 534 3545 torem,
564 3492 623 3538 ut
650 3483 895 3549 loquitur
907 3483 1274 3541 Tertullianus
1300 3486 1368 3541 de
1391 3502 1588 3542 resurr.
1613 3483 1789 3542 carnis
1817 3489 1942 3545 m2.

421 3554 501 3628 (d)
532 3554 588 3609 In
608 3555 859 3626 vulgatis.
893 3556 1320 3628 gravissimoque.
1337 3557 1665 3613 Removetur
1686 3561 1942 3628 particula

351 3626 753 3699 supervacanea
798 3626 1119 3699 auctoritate
1148 3626 1249 3683 ms.
1289 3626 1439 3684 Colb.
1470 3629 1655 3699 Neque
1687 3626 1944 3687 audiendi

349 3696 611 3771 quinque
630 3696 738 3771 alii,
769 3698 856 3771 qui
888 3698 1031 3771 hunc
1062 3699 1235 3755 locum
1269 3701 1339 3753 ita
1382 3696 1637 3754 exhibent
1666 3719 1678 3753 :
1707 3701 1863 3771 igitur
1882 3719 1946 3757 ea:

350 3783 552 3842 summa
593 3768 866 3842 impietatis
912 3766 1122 3834 allectis.
1175 3771 1574 3842 gravissimoque
1622 3766 1937 3841 (ti/ﬁdenam,

348 3837 756 3911 pra'dicatio‘ita
789 3839 1048 3895 admonet.
1089 3837 1359 3897 Admonet
1382 3837 1555 3911 porro
1575 3837 1832 3897 Dominus
1873 3858 1941 3899 ex

347 3908 544 4034 all'leetu
569 3908 807 3981 pietatis,
839 3920 959 3981 post
986 3926 1143 3982 quam
1178 3908 1425 3983 prmdixit
1452 3910 1768 3967 difﬁdentia:
1797 3913 1940 3984 peri-

347 3995 412 4034 cu
441 3996 549 4034 nm.

347 3995 549 4034 CIIIIIIII.

418 4050 495 4123 (ε)
524 4051 662 4124 Quid
693 4051 780 4109 hic
816 4068 1129 4124 corporeum
1157 4052 1301 4108 dicat
1344 4052 1575 4108 Hilarius
1604 4095 1618 4116 .
1678 4070 1784 4108 non
1812 4055 1944 4110 satis

350 4122 545 4195 liquet:
571 4123 704 4178 Cum
729 4122 988 4195 tamgniu
1018 4123 1158 4178 Psal.
1190 4140 1372 4189 cxxix,
1410 4142 1439 4178 ιι
1479 4127 1533 4190 5,
1575 4125 1942 4195 explicaturos

347 4193 476 4267 illud
517 4193 738 4249 Joannis
757 4238 772 4262 ,
824 4192 966 4250 Deus
993 4195 1207 4267 spiritus
1234 4205 1327 4261 est,
1359 4195 1625 4263 subjiciat,
1647 4192 1942 4251 'invisibilis

346 4265 541 4319 scilicet
567 4278 613 4321 et
638 4267 887 4320 immensa
917 4265 1068 4334 atque
1088 4267 1224 4320 intra
1244 4283 1298 4320 se
1323 4283 1530 4322 manens
1555 4278 1599 4321 et
1625 4278 1816 4322 aeterna
1847 4285 1943 4322 na-

349 4337 709 4408 tura;giunnit
749 4336 802 4390 id
834 4352 1031 4407 corpus
1059 4352 1184 4392 esse
1207 4379 1222 4403 ,
1253 4340 1396 4408 quod
1442 4338 1808 4394 immensitate
1848 4347 1943 4394 aut

346 4406 643 4480 aiternitate
660 4422 854 4480 carens
870 4406 1008 4480 intra
1027 4422 1086 4461 se
1102 4423 1207 4462 non
1232 4406 1465 4480 maneat.
1484 4409 1718 4480 ldipsum
1743 4410 1941 4465 conﬁr-

347 4492 499 4532 mare
533 4478 744 4534 videtur
788 4479 839 4532 in
872 4478 1013 4532 Psnl.
1056 4494 1238 4545 cxxrv,
1268 4497 1322 4535 n.
1371 4479 1427 4542 6,
1462 4481 1549 4536 ubi
1571 4478 1738 4535 'docet
1768 4481 1936 4536 Deum

345 4549 596 4605 omnibus
623 4550 816 4604 adesse
841 4567 855 4605 :
887 4558 940 4603 et
964 4549 1087 4621 hoc,
1114 4551 1233 4618 quia
1281 4549 1513 4616 Spiritus
1538 4561 1613 4605 est
1652 4554 1823 4605 omnia
1848 4569 1940 4621 pe-

346 4629 556 4675 netrans
589 4630 633 4674 et
656 4622 939 4675 continens.
969 4619 1088 4675 Non
1108 4622 1244 4674 enim
1264 4622 1547 4675 secundum
1567 4639 1659 4676 nos
1688 4619 1936 4689 corpora-

347 4689 412 4744 lis
437 4700 512 4746 est
535 4733 548 4755 ,
602 4701 658 4745 ut
687 4708 804 4745 cum
851 4692 1042 4746 alicubi
1069 4693 1224 4757 adsit,
1281 4692 1411 4747 absit
1435 4692 1664 4757 aliunde,
1694 4704 1799 4748 etc.
1832 4692 1935 4750 Ubi

345 4762 499 4833 vides
526 4762 576 4816 id
609 4766 787 4818 vocari
811 4763 1109 4825 corporale.
1142 4762 1284 4833 quod
1309 4778 1423 4817 cum
1447 4764 1636 4817 alicubi
1663 4763 1818 4829 adsit,
1846 4765 1938 4819 ab-

345 4832 413 4886 sit
440 4832 666 4888 aliunde.
692 4833 830 4888 Cum
860 4833 1020 4903 igitur
1049 4833 1134 4888 hic
1156 4832 1406 4889 asserens
1428 4833 1556 4888 nihil
1587 4851 1691 4887 non
1719 4835 1772 4889 in
1804 4838 1933 4891 sub-

347 4904 541 4957 stantia
580 4914 633 4958 et
661 4905 937 4959 creatione
961 4919 1308 4973 corporeum,
1335 4905 1386 4960 id
1435 4920 1536 4959 una
1569 4905 1775 4961 ratione
1804 4922 1937 4961 con-

345 4974 547 5040 ﬁrmet,
579 4976 699 5045 quia
721 4991 869 5029 omne
892 4977 1029 5047 quod
1047 4986 1274 5030 creatum
1315 4986 1405 5038 est,
1436 4978 1491 5030 in
1540 4977 1716 5047 aliquo
1749 4979 1815 5032 sit
1844 4995 1934 5032 ne-

346 5061 486 5118 cesse
504 5057 615 5110 est;
638 5047 870 5118 nilvctat
884 5046 1524 5118 quomiuusintclligatur
1538 5046 1587 5100 id
1611 5046 1930 5117 Corporeum

347 5116 557 5189 dicere,
587 5117 730 5187 quod
755 5117 806 5171 in
833 5118 1010 5187 aliquo
1039 5124 1269 5189 tantum,
1294 5116 1398 5173 non
1430 5119 1483 5173 in
1524 5120 1670 5173 omni
1691 5116 1939 5189 tempore

345 5198 439 5242 aut
470 5186 589 5241 loco
610 5186 689 5261 sit
709 5229 724 5252 ,
777 5202 872 5242 seu
924 5186 1066 5257 quod
1098 5189 1149 5242 in
1179 5188 1287 5243 alio
1307 5190 1489 5261 aliquo
1512 5229 1528 5257 ,
1560 5205 1667 5244 non
1698 5186 1837 5247 intra
1881 5207 1941 5246 se

346 5268 584 5313 maneat.
619 5258 673 5314 ld
703 5273 919 5328 quoque
959 5273 1279 5328 corporeum
1329 5258 1523 5316 vocare
1575 5263 1767 5329 potuit,
1797 5261 1939 5331 quod

345 5344 467 5403 cum
498 5345 575 5403 ex,
595 5331 836 5403 partibus
864 5331 1325 5403 aut‘qualitatibus
1364 5342 1559 5403 natura
1590 5347 1685 5386 sua
1716 5347 1937 5403 campo.

342 5400 508 5456 situm
538 5402 627 5462 sit,
660 5401 792 5456 nihil
824 5415 929 5457 non
959 5400 1116 5457 habet
1144 5402 1283 5469 quod
1329 5402 1394 5456 ad
1449 5400 1807 5471 integritatem
1846 5400 1933 5459 'sui

342 5472 616 5543 pertineat
649 5491 663 5527 :
712 5488 820 5543 quo
847 5480 1056 5541 spectat
1103 5472 1230 5526 illud
1281 5473 1333 5526 in
1363 5473 1497 5541 psal.
1539 5487 1698 5526 cxxtx
1725 5515 1739 5537 ,
1776 5491 1829 5529 n.
1859 5473 1932 5528 ιιι

346 5542 608 5614 Quidquid
634 5542 968 5617 compositum
997 5543 1369 5617 est...g.._hab_et
1392 5544 1597 5617 initium
1625 5560 1935 5617 quoieorpo-

340 5612 507 5669 ratur
528 5624 586 5670 ut
621 5624 841 5668 maneat.
885 5615 997 5669 Imo
1017 5613 1156 5684 apud
1179 5612 1532 5686 Pltmbadium
1555 5613 1740 5669 Hilarii
1757 5612 1937 5686 mqua-

339 5686 447 5756 lem
480 5699 649 5741 vacuo
688 5693 744 5740 et
773 5687 913 5740 inani
944 5700 1019 5756 ac
1056 5700 1160 5740 non
1194 5685 1354 5756 pleno
1396 5699 1595 5756 corpus
1624 5686 1932 5755 opponitur.

340 5754 461 5826 Ipse
490 5758 635 5815 enim
664 5757 761 5814 Dei
808 5756 950 5814 ﬁlius
974 5755 1044 5812 ab
1082 5756 1175 5812 illo
1195 5753 1444 5813 'vocatur
1490 5753 1588 5812 Dei
1615 5753 1801 5826 sermo,
1832 5775 1935 5813 non

1965 4590 2015 4651 D

2051 3283 2125 3345 est
2150 3274 2495 3345 gtcorporale,
2517 3274 2615 3328 nisi
2635 3275 2773 3345 quod
2786 3292 2885 3329 non
2906 3282 3000 3329 est.
3026 3273 3115 3329 Sic
3133 3283 3187 3328 et
3209 3273 3435 3345 Tullius,
3452 3273 3545 3328 lib.
3568 3289 3642 3340 tv,

2050 3343 2118 3399 de
2149 3344 2372 3400 Finibus
2397 3363 2410 3399 :
2444 3345 2569 3410 Alii,
2589 3343 2735 3417 quasi
2757 3346 2956 3399 nullum
2976 3360 3161 3417 corpus
3185 3344 3251 3398 sit
3275 3343 3499 3417 hominis
3527 3385 3542 3408 ,
3571 3345 3645 3398 ita

2048 3426 2235 3486 praeter
2256 3417 2483 3469 animum
2523 3415 2655 3469 nihil
2682 3426 2862 3471 curant
2888 3434 2901 3471 :
2930 3431 3045 3470 cum
3066 3415 3359 3486 ‘prtesertim
3384 3417 3495 3478 ipse
3517 3431 3645 3485 quo~

2047 3484 2146 3556 quc
2187 3488 2389 3540 animus
2430 3504 2533 3541 non
2560 3488 2711 3541 inane
2741 3488 2911 3542 nescio
2940 3487 3063 3552 quid
3111 3486 3176 3539 sit
3207 3484 3389 3557 (neque
3422 3484 3559 3541 enim
3586 3486 3644 3557 id

2047 3573 2255 3630 possum
2289 3558 2615 3629 intelligere),
2641 3559 2730 3613 sed
2755 3560 2809 3614 in
2829 3559 3050 3630 quodam
3073 3556 3258 3630 genere
3297 3558 3559 3630 corporis.
3582 3556 3641 3612 Id

2046 3627 2262 3682 demum
2308 3627 2627 3699 corporeum
2664 3627 2860 3685 vocare
2905 3629 3054 3695 licet,
3078 3627 3225 3699 quod
3258 3627 3491 3699 nonest
3517 3629 3639 3699 sine
3686 3684 3689 3689 λ

2045 3699 2221 3767 aliqua
2247 3699 2312 3752 ad
2335 3714 2531 3769 corpus
2545 3698 2876 3759 habitudine.
2901 3701 3086 3768 sicque
3112 3698 3334 3769 intelligi
3353 3698 3638 3754 commode

2045 3777 2225 3837 potest
2272 3769 2402 3824 illud
2438 3768 2645 3824 'EVodzi
2681 3770 2822 3840 apud
2853 3768 3208 3839 Augustinum
3246 3768 3403 3839 epist.
3450 3783 3632 3835 CLVIII,

2045 3854 2193 3893 num.
2231 3841 2291 3895 Η
2328 3859 2340 3893 :
2374 3842 2611 3895 Animam
2659 3857 2779 3910 ergo
2805 3842 2943 3893 omni
2971 3855 3184 3910 corpore
3229 3853 3401 3910 carere
3437 3840 3640 3910 penitus

2045 3925 2148 3962 non
2172 3927 2341 3992 posse,
2380 3912 2472 3965 illa
2515 3927 2594 3965 res
2622 3919 2677 3965 ut
2704 3906 2826 3992 puto
2858 3906 3100 3992 ostendit,
3145 3908 3284 3990 quod
3307 3906 3449 3992 solus
3494 3906 3635 3992 Deus

2044 3978 2184 4033 omni
2207 3997 2422 4053 corpore
2449 3996 2650 4053 semper
2682 3978 2836 4036 caret.
2874 3981 2999 4035 Haac
3030 3980 3244 4034 Interim
3274 3991 3416 4034 uotae
3444 3978 3637 4034 subse-

2043 4052 2225 4121 quenti
2254 4052 2529 4121 praemissa
2558 4052 2686 4106 sint.

2114 4120 2187 4203 (ι’)
2218 4118 2444 4178 Difﬁcile
2474 4131 2558 4178 est
2577 4121 2720 4203 hunc
2743 4122 2917 4177 locum
2931 4120 3225 4203 conciliare
3242 4135 3364 4175 cum
3387 4118 3634 4203 pluribus

2042 4191 2180 4257 aliis,
2215 4202 2337 4260 puta
2368 4202 2522 4250 tract.
2559 4192 2693 4262 psal.
2726 4209 2818 4259 ιιι,
2845 4208 2991 4247 num.
3024 4192 3080 4257 7,
3114 4192 3249 4261 psal.
3272 4206 3463 4253 cxvut,
3496 4192 3631 4254 n.8,

2043 4277 2252 4318 necnon
2280 4267 2415 4333 psal.
2441 4280 2624 4329 cxxtx,
2655 4280 2709 4319 u.
2735 4268 2789 4333 4,
2822 4265 2856 4319 5
2886 4273 2939 4317 et
2957 4263 3011 4327 6,
3029 4262 3115 4318 ubi
3138 4262 3312 4317 anima
3344 4276 3450 4316 non
3464 4262 3634 4333 modo

2042 4332 2323 4402 spiritalis.
2352 4336 2446 4391 sed
2470 4345 2525 4391 et
2551 4336 2904 4407 incorporalis
2918 4334 3122 4391 diserte
3145 4333 3426 4407 asset-gitur.
3453 4332 3629 4407 Si‘pr‘o

2041 4420 2365 4477 corpoream,
2401 4408 2579 4477 legere
2603 4403 2794 4463 liceret
2819 4422 3117 4477 congruam,
3175 4404 3310 4477 nihil
3336 4408 3444 4477 iam
3492 4403 3637 4477 difﬁ-

2041 4476 2256 4531 cultatis
2284 4474 2613 4548 superesset.
2638 4477 2745 4535 Sed
2775 4474 3057 4534 lectionem
3076 4476 3354 4532 Claudiani
3375 4474 3630 4548 Mamerti

2042 4562 2163 4625 aevo
2178 4548 2291 4617 jam
2321 4545 2589 4625 receptam
2621 4558 2834 4625 mutare
2863 4550 2984 4616 quis
3005 4548 3111 4625 sibi
3140 4546 3397 4625 arroget?
3427 4545 3629 4600 Verum

2044 4618 2203 4674 aliter
2242 4617 2516 4675 conciliari
2565 4621 2729 4685 valet,
2760 4621 2804 4675 si
2836 4619 3142 4674 attendatnr
3184 4617 3368 4671 Hilarii
3408 4629 3627 4684 scapus.

2045 4688 2161 4743 Non
2184 4690 2326 4745 enim
2346 4690 2397 4745 ei
2418 4707 2598 4746 sermo
2626 4704 2707 4747 est
2727 4692 2797 4745 de
2818 4692 3024 4746 interna
3051 4688 3350 4743 animarum
3381 4687 3633 4740 substan-

2046 4759 2139 4838 tia,
2171 4762 2265 4838 sed
2295 4761 2362 4817 de
2389 4772 2608 4838 externa
2655 4763 2898 4838 quadarn
2914 4772 3006 4815 aut
3036 4759 3192 4838 quasi
3227 4769 3479 4838 cisterna,
3506 4770 3628 4826 quas

2044 4829 2096 4884 in
2123 4832 2339 4888 modum
2365 4829 2683 4888 vestimenti
2715 4842 2805 4885 aut
2831 4831 3100 4886 alimonia:
3127 4829 3193 4883 ad
3233 4829 3396 4881 vitam
3441 4840 3626 4881 earum

2042 4903 2466 4960 conservandam
2513 4904 2835 4974 requiratur.
2885 4900 3396 4974 'I‘otus_quippe__est
3440 4908 3630 4974 contra

2043 4988 2159 5033 eos.
2210 4976 2323 5050 qui
2346 4967 2795 5050 resurrec'titmem
2824 4973 2952 5050 licet
2992 4989 3021 5025 a
3057 4967 3434 5050 Deo_'audiaut,
3466 4967 3630 5050 denea

2046 5040 2252 5122 tamen:
2275 5046 2475 5103 idcirco
2516 5045 2788 5111 diflidunt,
2820 5047 2941 5122 quia
2969 5058 3088 5122 qua;
3114 5041 3368 5096 alimonia
3401 5049 3511 5093 tum
3532 5040 3628 5122 ffu-

2024 5124 2165 5170 tura
2210 5118 2280 5189 sit
2323 5133 2427 5173 non
2448 5114 3248 5189 assequamur.’Primoitaque
3274 5114 3630 5165 resurrectio-

2042 5201 2166 5241 nem
2185 5183 2652 5266 a‘dstruittdequa
2671 5187 2943 5257 ambigere
2963 5183 3190 5266 stulttth
3200 5183 3298 5266 sit,
3325 5191 3439 5266 post
3452 5195 3625 5251 quam

2043 5258 2335 5334 eam__l)eu_s
2360 5268 2417 5314 et
2438 5259 2492 5314 in
2518 5254 2675 5314 dictis
2699 5254 2884 5321 vera'x,
2915 5266 2971 5334 et
2997 5258 3066 5334 in_
3090 5254 3246 5334 factis
3287 5261 3478 5334 potens
3501 5267 3629 5334 spo-

2047 5328 2252 5399 pondit.
2288 5328 2420 5383 Tum
2451 5340 2661 5384 asserta
2688 5326 3352 5399 resurrectionisveritate
3384 5338 3489 5377 non
3521 5326 3624 5377 mi-

2042 5395 2144 5453 nus
2175 5414 2368 5453 vanum
2390 5400 2646 5462 ostendit,
2667 5399 2733 5453 de
2759 5399 3012 5452 alimonia
3035 5395 3319 5463 sollicitum
3341 5407 3482 5458 esse,
3501 5408 3623 5447 cum

2042 5472 2374 5539 experientia
2419 5471 2711 5526 doceamur
2735 5510 2747 5529 .
2780 5468 2911 5522 nihil
2938 5483 2969 5522 a
3010 5469 3121 5522 Deo
3150 5466 3504 5539 semiplenam
3532 5472 3626 5518 aut

2042 5534 2149 5595 non
2177 5541 2466 5612 integrum,
2498 5557 2605 5596 non
2630 5540 2918 5612 formatum
2947 5550 3002 5612 et
3026 5537 3257 5612 quodam
3292 5534 3468 5590 modo
3502 5549 3625 5612 cor:

2041 5603 2320 5690 peratum.
2334 5603 2506 5668 creari
2525 5653 2543 5690 ,_
2571 5610 2666 5666 sed
2693 5611 2873 5665 ortinia
2916 5610 2985 5665 ab
3009 5603 3076 5664 eo
3099 5607 3361 5690 'accipere
3390 5621 3511 5676 qua:
3553 5603 3623 5686 ad

2039 5683 2357 5738 substantia:
2382 5686 2547 5739 semel
2576 5691 2773 5739 creatse
2810 5683 3275 5736 conservationem
3318 5683 3621 5732 necessaria

2042 5752 2168 5809 sint.
2205 5753 2296 5812 lIis
2323 5754 2492 5824 addit,
2524 5755 2687 5811 Deum
2716 5755 2805 5826 qui
2836 5750 3087 5825 promisit
3110 5750 3345 5822 majora,
3387 5747 3621 5806 animam
