4222 6262
578 311 680 369 951

1760 313 2002 372 SANCTI
2037 311 2291 371 HILARII
2329 313 2634 374 EPISCOPI

3771 305 3890 366 952

581 426 681 483 Dei
711 427 1000 498 ambigam,
1021 427 1072 482 in
1103 442 1163 484 se
1186 435 1312 486 ante
1338 443 1444 485 non
1467 429 1703 500 videant,
1736 428 1812 501 (a)
1839 427 2168 486 inﬁdelitatis
2197 428 2253 490 Α
2274 431 2509 501 gentilis,
2565 438 2658 485 aut
2698 444 2798 503 pro
2827 429 3077 500 baptismi
3108 427 3520 484 conservatione
3561 435 3883 498 serpentem

578 519 734 574 trabe
785 521 838 574 in
883 519 1041 575 oculo
1079 527 1352 592 tamquam
1399 522 1452 578 in
1512 524 1706 579 mentis
1733 522 1849 578 acie
1880 521 2170 578 insidente.

580 609 666 664 Fit
695 611 838 664 enim
869 625 1035 680 saepe,
1083 621 1142 667 ut
1171 615 1510 670 assumamus
1541 616 1697 671 nobis
1750 615 2006 686 arguendi
2039 616 2175 672 alios

578 703 978 772 auctoritatem,
1021 708 1141 761 sine
1169 707 1278 763 ullo
1309 711 1543 778 propria:
1565 709 1961 765 emendationis
1986 724 2173 764 exem-

579 797 670 866 plo
695 813 712 861 ;
740 807 794 852 et
822 797 1105 853 medenda:
1145 801 1403 856 cmcitatis
1445 802 1638 856 alienae
1678 802 1992 872 iactantiam
2036 817 2180 873 pra:-

579 887 834 953 feramus,
867 890 968 959 ipsi
989 891 1045 945 in
1073 893 1314 950 tenebris
1343 897 1583 967 corrupti
1615 896 1834 950 luminis
1855 897 2134 952 constituti
2159 914 2172 951 :

580 995 699 1035 cum
725 980 942 1037 difﬁcile
965 999 1286 1056 quemquam
1301 988 1371 1042 sit
1391 1001 1646 1057 prmstare
1669 988 1742 1059 (b)
1763 990 1903 1060 quod
1923 1001 2098 1059 egeat,
2122 999 2173 1046 et

577 1072 836 1143 optimmn
861 1075 930 1128 sit
953 1077 1204 1147 exemplo
1235 1079 1412 1147 potius
1429 1079 1625 1136 docere
1647 1098 1804 1152 quam
1836 1082 2016 1136 dictis.
2037 1082 2176 1138 Cura

579 1185 703 1238 erga
737 1170 967 1239 propria:
993 1172 1296 1229 adhibenda
1328 1183 1411 1230 est
1438 1178 1666 1232 cmcitati
1698 1197 1710 1231 :
1745 1185 1869 1249 quia
1897 1196 1964 1234 ex
1989 1189 2176 1235 natura

579 1275 760 1315 rerum
818 1272 923 1329 est,
958 1279 1064 1320 non
1119 1267 1268 1337 prius
1301 1268 1536 1338 aliquem
1584 1271 1876 1340 purganda:
1921 1272 1987 1326 de
2019 1273 2177 1327 oculo

577 1353 757 1407 fratris
788 1352 1010 1410 festucae
1040 1356 1288 1412 idoneum
1321 1359 1465 1415 effici
1499 1377 1658 1431 posse
1683 1362 1980 1426 doctorem,
2016 1380 2177 1434 quam

579 1443 649 1500 de
673 1447 866 1502 mentis
890 1461 1000 1503 sua:
1025 1448 1228 1506 lumine
1256 1451 1460 1508 trabem
1491 1453 1728 1525 perﬁdia:
1757 1466 2040 1527 gravantes
2063 1457 2178 1524 eje«

581 1537 736 1592 cerit.

1154 1655 1386 1715 CAPUT
1442 1658 1532 1714 Vl.

507 1755 512 1760 ’
583 1759 663 1816 De
690 1766 980 1834 margaritis
1007 1775 1338 1840 anteporcos,
1358 1772 1421 1825 de
1433 1773 1906 1845 pseudOprOpheta,
1935 1775 1998 1830 de
2028 1776 2180 1834 domo

1042 1858 1298 1927 aediﬁcata
1323 1878 1484 1931 supra
1508 1873 1726 1933 petram.

659 1993 712 2046 l.
740 1991 989 2063 Mysteria
1029 1991 1218 2050 Christi
1247 2006 1396 2053 caute
1440 2001 1670 2070 gentibus
1697 2010 1746 2058 et
1779 2003 2033 2060 luereticis
2054 2021 2181 2074 ape-

581 2084 782 2138 rienda.
813 2116 878 2126 -—
904 2084 1084 2141 Nolite
1099 2087 1224 2143 dare
1251 2100 1484 2144 sanctum
1507 2093 1736 2159 canibus,
1766 2111 1926 2166 neque
1945 2097 2184 2152 miseritis

584 2178 894 2248 margaritas
921 2189 1112 2234 uestras
1152 2192 1268 2235 ante
1299 2198 1498 2249 porcos,
1532 2193 1586 2239 et
1613 2185 2049 2257 reliqua(Matth.
2084 2206 2178 2256 vn,

584 2267 661 2338 6).
694 2268 988 2339 Praeceptis
1038 2281 1093 2326 et
1134 2273 1415 2342 promissis
1443 2275 1536 2331 Dei
1579 2276 1713 2332 nihil
1741 2279 2032 2348 pretiosius
2059 2297 2186 2337 san-

583 2360 832 2432 ctiusque
861 2371 966 2430 est,
996 2379 1117 2434 qua:
1157 2367 1507 2422 sanctificatis
1562 2369 1718 2424 nobis
1762 2370 2186 2430 immortalitatis

584 2454 900 2511 thesaurum
934 2457 1254 2528 largiuntur.
1287 2460 1486 2516 Horum
1539 2463 1703 2534 igitur
1739 2477 2076 2522 sacramenta
2099 2479 2183 2524 at-

532 2622 540 2628 .
586 2564 692 2618 que
715 2548 943 2604 virtutes
965 2565 1138 2620 neque
1188 2552 1244 2606 in
1273 2564 1463 2622 gentes
1479 2553 1696 2622 efferre,
1721 2571 1894 2625 neque
1923 2573 2043 2613 cum
2074 2559 2186 2615 ba:-

585 2639 772 2694 reticis
824 2639 1074 2696 conferre
1117 2643 1498 2712 permittimur.
1528 2642 1704 2701 Canes
1744 2648 1910 2712 enim,
1934 2648 2003 2704 de
2029 2649 2183 2704 obla-

588 2731 762 2785 traudi
787 2731 1046 2786 adversus
1070 2733 1237 2788 Deum
1267 2735 1647 2806 rabie,genles
1679 2747 1805 2794 sunt
1833 2751 2178 2811 nuncupatio.

588 2822 881 2878 Porcorum
933 2840 1062 2880 vero
1093 2823 1366 2882 haereticis
1405 2840 1487 2884 est
1517 2846 1751 2886 nomen:
1786 2833 1908 2903 quia
1938 2837 2186 2904 quamvis

585 2918 798 2986 ungula:
824 2917 1000 2973 biﬁda:
1030 2920 1167 2986 sint,
1191 2932 1466 2992 acceptam
1495 2931 1676 2980 tamen
1705 2927 1798 2982 Dei
1824 2929 2186 2999 cognitionem

584 3022 691 3063 non
717 3009 1040 3064 ruminando
1056 3009 1370 3080 disponunt.
1394 3014 1535 3086 Ergo
1556 3025 1611 3071 et
1640 3016 1709 3088 (c)
1736 3023 2186 3088 eoucorporatio-

588 3116 712 3156 nem
746 3101 905 3158 Verbi
935 3102 1051 3169 Dei,
1091 3112 1146 3159 et
1169 3106 1437 3174 passionis
1471 3110 1806 3180 mysterium,
1857 3121 1911 3170 et
1934 3113 2183 3172 virtutem

2280 522 2478 578 veneni
2510 522 2747 578 haeretici
2792 522 3187 592 prmsdturus?
3227 519 3636 576 Consummavit
3676 519 3882 576 deinde

2278 617 2457 672 omnia
2489 617 2747 672 bonitatis
2787 614 3075 688 exemplo,
3111 615 3394 671 universos
3453 615 3655 669 amoris
3703 612 3884 669 mutui

2280 723 2411 777 pace
2457 709 2790 779 conjungens
2817 727 2828 762 :
2860 709 2914 763 in
2943 724 3009 763 eo
3058 709 3190 776 legis
3218 715 3274 762 et
3313 706 3696 777 prophetarum
3727 721 3885 760 man-

2278 799 2401 855 data
2444 801 2799 866 constituens,
2835 809 2893 856 ut
2937 801 3318 856 universorum
3363 800 3415 854 in
3447 813 3547 854 nos
3573 797 3882 854 bonitatem

2278 901 2547 963 optantes,
2571 894 2670 963 ipsi
2693 893 2939 948 omnibus
2960 893 3086 948 boni
3107 893 3295 948 simus.

2350 984 2403 1039 3.
2450 982 2542 1037 Via
2568 984 2682 1038 caeli
2702 985 2925 1056 apaucis
2955 985 3092 1050 trita,
3118 995 3162 1038 et
3191 1001 3218 1038 e
3240 993 3528 1037 contra.-—
3549 981 3752 1036 Intrate
3789 999 3888 1053 per

2279 1086 2544 1146 angustam
2568 1087 2787 1147 portam.
2817 1077 2986 1144 Quam
3017 1065 3120 1130 lata
3138 1087 3183 1132 et
3214 1077 3441 1146 spatiosa
3469 1077 3570 1141 via,
3597 1091 3716 1144 quin
3737 1076 3887 1129 ducit

2279 1172 2348 1225 ad
2387 1171 2724 1240 perditionem
2749 1173 2762 1226 !
2788 1171 3030 1226 Arduum
3065 1170 3116 1224 in
3149 1170 3348 1226 ctBlum
3375 1170 3480 1225 iter
3507 1169 3744 1223 hominis
3771 1176 3885 1234 est,

2280 1273 2335 1318 et
2373 1263 2550 1317 aditus
2589 1275 2848 1334 angustus
2891 1279 2955 1318 ac
3006 1264 3181 1318 tenuis
3213 1281 3226 1316 :
3255 1272 3511 1318 cat-terum
3562 1262 3886 1330 perditionis

2279 1355 2364 1409 via
2392 1354 2498 1408 lata
2537 1365 2641 1409 est.
2677 1355 2823 1408 llanc
2855 1355 3036 1424 plures
3061 1355 3330 1420 obtinent,
3361 1353 3506 1408 illam
3539 1369 3698 1422 porro
3725 1352 3888 1422 pauci

2281 1445 2585 1499 inveniunt.
2646 1444 2838 1500 Paucis
2884 1445 3028 1499 enim
3058 1445 3252 1499 damna
3307 1460 3486 1500 rerum
3533 1444 3891 1513 praesentium

2281 1543 2546 1591 carasunt
2565 1551 2584 1591 :
2606 1535 2803 1606 quibus
2825 1536 3148 1606 cupiditates
3173 1545 3227 1592 et
3247 1535 3412 1590 animi
3434 1536 3652 1590 vincere
3677 1545 3735 1590 et
3764 1551 3898 1590 cor-

2281 1628 2428 1700 poris
2456 1627 2728 1699 frangere,
2759 1639 2813 1684 et
2837 1630 3080 1698 exposita
3114 1629 3240 1683 totis
3264 1627 3452 1683 saeculi
3467 1627 3674 1682 viribus
3699 1627 3894 1682 illece-

2283 1720 2501 1775 brarum
2534 1720 2774 1774 omnium
2807 1719 3070 1776 lenocinia
3116 1720 3416 1790 praeterire,
3449 1719 3743 1773 maximum
3773 1733 3895 1774 cm-

2215 1814 2263 1877 B
2291 1811 2440 1867 lestis
2464 1814 2578 1882 spei
2613 1812 2819 1867 lucrum
2859 1821 2964 1868 est.
3003 1813 3115 1868 Illis
3143 1821 3321 1867 autem
3353 1811 3548 1882 quibus
3577 1812 3749 1866 solum
3785 1811 3895 1866 bo-

2289 1920 2416 1958 num
2473 1913 2556 1960 est
2595 1905 2843 1971 scortari,
2883 1906 3202 1971 comessari,
3245 1904 3473 1970 ambire,
3527 1904 3880 1972 insolescere,

2288 1995 2560 2065 fastidire,
2591 1998 2790 2064 odisse,
2817 1997 3078 2068 diripere,
3097 1998 3360 2069 plurimus
3375 2007 3460 2054 est
3483 1997 3886 2069 frequentatum

2288 2092 2391 2146 iter
2423 2093 2529 2147 tale
2568 2093 2875 2149 comitatus.

2359 2181 2414 2238 4.
2449 2182 2548 2237 Dei
2569 2200 2742 2238 servus
2771 2201 2874 2238 non
2897 2184 3080 2252 verbis,
3115 2184 3204 2240 sed
3231 2184 3380 2255 factis
3406 2183 3902 2254 dignoscitur.—Et

2272 2278 2412 2347 quia
2443 2292 2736 2347 paucorum
2763 2288 2908 2334 esset
2949 2278 3088 2334 viam
3129 2287 3411 2349 angustam
3453 2277 3721 2340 invenire,
3749 2276 3902 2331 frau-

2289 2370 2589 2426 dulentiam
2621 2386 2806 2426 eorum
2847 2371 2937 2440 qui
2988 2385 3106 2426 eam
3149 2385 3209 2426 se
3255 2385 3498 2440 quievere
3525 2370 3900 2426 mentirentur

2288 2469 2532 2536 exponit.
2562 2465 2746 2522 dicens
2771 2485 2783 2520 :
2813 2466 3074 2521 Attendite
3111 2483 3142 2520 a
3171 2467 3654 2539 pseudOpropltetis,
3682 2466 3773 2536 qui
3805 2481 3900 2518 ve-

2288 2561 2431 2614 niunt
2476 2561 2544 2614 ad
2589 2576 2675 2615 vos
2717 2561 2773 2615 in
2806 2561 3111 2615 vestimentis
3166 2564 3354 2625 ovium,
3384 2572 3490 2616 etc.
3533 2559 3728 2629 (lbid.,
3776 2560 3896 2631 15).

2289 2654 2665 2709 Blandimenta
2695 2656 2982 2710 verborum
3029 2665 3084 2710 et
3128 2655 3558 2710 mansuetudinis
3583 2654 3898 2710 simulatio—

2288 2764 2412 2805 nem
2445 2748 2700 2804 admonet
2732 2748 2915 2804 fructu
2954 2749 3289 2820 operationis
3331 2749 3561 2820 expendi
3587 2757 3850 2818 Oportere
3877 2765 3896 2802 :

2288 2851 2348 2896 ut
2377 2857 2485 2895 non
2515 2842 2726 2911 qualem
2763 2842 2885 2912 quis
2924 2857 2983 2897 se
3017 2843 3197 2898 verbis
3222 2844 3442 2910 referat,
3467 2842 3561 2898 sed
3584 2842 3803 2910 qualem
3830 2858 3897 2898 se

2286 2936 2452 2992 rebus
2502 2935 2701 2991 efﬁciat
2753 2945 3104 3006 spectemus;
3159 2937 3282 3006 quia
3352 2937 3405 2991 in
3459 2937 3646 2991 multis
3687 2937 3898 2992 vestitu

2287 3031 2468 3084 ovium
2496 3029 2676 3086 rabies
2701 3030 2881 3100 lupina
2912 3033 3238 3101 contegitur.
3267 3031 3429 3100 Ergo,
3452 3039 3510 3085 ut
3537 3031 3709 3101 spina:
3728 3045 3892 3098 uvas,

2294 3133 2352 3177 nt
2380 3122 2564 3178 tribuli
2613 3122 2746 3178 ﬁcus
2789 3138 2895 3177 non
2946 3131 3229 3193 generant,
3263 3133 3321 3179 et
3350 3133 3408 3176 ut
3435 3123 3632 3193 iniquae
3663 3123 3896 3178 arbores

585 3193 1000 3249 resurrectionis
1055 3210 1161 3250 non
1195 3199 1498 3266 promiscue
1526 3209 1756 3258 tractare
1786 3220 1883 3260 nos
1907 3210 2182 3277 convenit,
2213 3193 2259 3258 C
2291 3217 2440 3273 milia
2485 3231 2643 3286 poma
2676 3232 2782 3271 non
2813 3215 3044 3272 afferunt
3094 3215 3283 3287 (Ibid.,
3317 3218 3442 3287 16):
3475 3217 3549 3272 ita
3579 3233 3648 3273 ne
3678 3218 3730 3272 in
3771 3217 3898 3275 istis

589 3287 1413 3360 nequeimperiteincurioseque
1436 3292 1802 3360 proferrezne
1830 3297 2187 3368 ignorantiam
2288 3309 2504 3381 quidem
2551 3311 2852 3367 consistere
2897 3311 3058 3367 docet
3110 3313 3236 3369 boni
3280 3315 3464 3383 operis
3510 3313 3804 3379 effectum;
3838 3323 3900 3370 et

588 3387 832 3434 nostram
851 3421 868 3446 ,
896 3382 941 3436 si
986 3382 1235 3452 perfectae
1253 3385 1418 3457 697
1437 3387 1681 3443 scientia:
1709 3390 1851 3446 desit
1875 3391 2183 3464 instructio,

2289 3403 2492 3459 idcirco
2527 3420 2717 3459 omnes
2771 3404 3178 3474 cognoscendas
3198 3419 3323 3461 esse
3352 3405 3420 3461 de
3467 3405 3746 3460 fructibus.
3781 3407 3898 3461 Rea

588 3479 868 3540 proterant
920 3487 1081 3544 atque
1129 3477 1474 3544 conculcent,
1509 3485 1565 3533 et
1603 3479 1968 3538 inﬁrmitatem
1995 3485 2046 3539 in
2078 3486 2183 3542 Deo

2286 3512 2450 3567 gnum
2478 3499 2624 3554 enim
2652 3499 2917 3554 caelorum
2958 3499 3069 3554 sola
3098 3491 3382 3553 verborum
3405 3499 3581 3553 ofﬁcia
3621 3513 3724 3554 nou
3747 3498 3894 3553 obtio

591 3566 860 3637 passionis
882 3567 1181 3634 irrideant;
1205 3571 1562 3641 conversique
1585 3573 1635 3626 in
1660 3589 1780 3640 nos,
1799 3577 2187 3635 contradictio-

589 3677 718 3716 num
764 3662 969 3718 aculeis
1008 3663 1351 3742 imperitiam.
1379 3675 1621 3722 nostram
1651 3667 1918 3742 fidemque
1947 3672 2185 3729 disrum-

590 3763 738 3823 pant.

661 3847 716 3901 2.
752 3846 1017 3904 Orationis
1037 3849 1113 3903 vis
1142 3860 1318 3904 contra
1355 3852 1687 3922 imperitiam.
1720 3853 1829 3909 Leo:
1857 3855 2188 3913 caritatis.—

588 3938 695 3996 Sed
723 3940 774 3995 in
808 3939 912 4007 his,
940 3956 1060 4012 qua:
1087 3942 1478 4012 ignorabimus,
1505 3947 1588 3999 via
1610 3946 1766 4002 nobis
1790 3951 2185 4021 ccusequendte

589 4031 832 4087 veritatis
881 4032 1124 4102 aperitur
1156 4049 1356 4103 :quam
1403 4035 1651 4092 obtinere
1700 4039 1750 4092 in
1798 4039 1915 4095 sola
1965 4057 2185 4111 precum

589 4139 742 4180 mora
795 4133 898 4180 est.
931 4124 1002 4180 Ut
1040 4124 1203 4195 igitur
1226 4127 1529 4184 sentiamus
1558 4129 1951 4204 credamusque
1977 4136 2183 4204 omnia,

589 4225 646 4271 et
695 4216 844 4271 nullo
891 4217 1159 4287 ambigua:
1211 4219 1508 4276 voluntatis
1575 4220 1891 4279 differantur
1937 4226 2184 4295 incerto;

592 4307 856 4362 orandum
886 4316 991 4372 est,
1020 4308 1371 4375 quaerendum
1401 4321 1504 4377 est,
1535 4314 1859 4383 pulsandum
1888 4329 1971 4374 est.
1994 4318 2185 4389 (lbid.,

590 4397 645 4467 7)
673 4412 687 4451 :
715 4398 958 4452 oratione
1003 4397 1082 4470 (ct)
1118 4398 1566 4466 misericordiam,
1596 4404 1944 4476 inquisitione
1975 4411 2188 4480 profec-

589 4497 1087 4554 tum,tentamento
1135 4489 1338 4546 aditum
1393 4497 1679 4564 repertori.
1735 4498 1873 4564 Quin
1924 4502 2087 4556 etiam
2117 4503 2185 4557 ad

2288 3597 2420 3644 nent
2439 3606 2452 3642 :
2473 3604 2646 3658 neque
2675 3590 2764 3658 qui
2794 3589 3024 3644 dixerit:
3051 3589 3284 3656 Domine,
3315 3590 3483 3662 698
3512 3588 3744 3656 Domine,
3771 3588 3897 3646 ha:-

2285 3696 2374 3737 res
2407 3681 2546 3735 illius
2574 3680 2676 3736 erit
2703 3679 2837 3753 (1b.,
2858 3681 2973 3741 2-1).
3003 3679 3141 3749 Quid
3170 3681 3314 3736 enim
3355 3683 3533 3737 meriti
3555 3690 3640 3737 est
3661 3682 3898 3738 Domino

2288 3773 2471 3829 dicere
2498 3770 2736 3843 Domine,
2764 3771 3022 3827 Domine?
3050 3772 3319 3844 Numquid
3345 3775 3602 3828 Dominus
3621 3789 3731 3829 non
3763 3775 3896 3842 erit,

2289 3865 2394 3922 uisi
2425 3865 2585 3921 fuerit
2613 3865 2787 3920 dictus
2816 3881 2845 3919 a
2870 3865 3059 3922 nobis?
3095 3865 3164 3920 Et
3194 3881 3315 3936 qua:
3335 3865 3496 3922 ofﬁcii
3519 3869 3783 3922 sanctitas
3809 3878 3901 3924 est

2291 3957 2526 4012 nominis
2560 3957 2932 4027 nuncupatio;
2962 3972 3083 4010 cum
3133 3957 3372 4013 caelestis
3421 3959 3571 4027 regni
3625 3959 3729 4013 iter
3755 3959 3897 4014 obe-

2289 4049 2490 4105 dientia
2519 4051 2696 4120 potius
2741 4048 3061 4116 voluntatis,
3089 4048 3162 4122 (ε)
3186 4064 3292 4105 non
3325 4050 3418 4105 Dei
3450 4050 3781 4121 nuncupatio
3807 4066 3903 4106 re-

2291 4152 2508 4213 pertura
2530 4143 2599 4196 sit
2621 4143 2644 4195 ?

2363 4233 2416 4287 5.
2436 4231 2631 4287 Caelum
2650 4248 2754 4286 non
2776 4232 3089 4286 mirabilibus
3103 4232 3193 4286 sed
3213 4232 3357 4286 bonis
3378 4233 3616 4302 Operibus
3636 4233 3897 4291 redditur.

2291 4325 2521 4381 —Multi
2541 4327 2669 4380 mihi
2685 4327 2852 4383 dicent
2881 4329 2934 4381 in
2968 4327 3060 4382 illa
3089 4329 3191 4395 die,
3215 4311 3438 4382 Domine
3465 4328 3699 4395 Domine,
3721 4347 3903 4386 nonne

2290 4418 2342 4472 in
2361 4428 2448 4472 tuo
2466 4418 2667 4471 nomine
2691 4420 3102 4490 prophetavimus
3115 4421 3140 4474 .9
3154 4430 3208 4474 et
3231 4419 3434 4491 reliqua
3455 4421 3561 4494 (lb.
3576 4422 3690 4491 ἓξ).
3712 4422 3900 4480 Etiam

2293 4527 2437 4566 nunc
2478 4509 3065 4581 pseudoprophetarum
3098 4511 3514 4567 fraudulentiam
3542 4522 3596 4568 et
3638 4512 3904 4583 hypocri-

588 4595 741 4677 §_Pem
771 4581 1364 4677 Oblinendisexemplo
1395 4582 1612 4641 humani
1657 4589 1879 4646 δπθειυε
1902 4591 2183 4649 docemur-
2215 4574 2267 4634 Β
2299 4613 2472 4659 tarum
2520 4605 2896 4660 simulatnenta
2925 4605 3270 4672 condemnat,
3303 4607 3392 4675 qui
3437 4608 3660 4677 gloriam
3692 4607 3794 4662 sibi
3826 4623 3903 4664 ex

588 4673 724 4729 Nam
745 4690 866 4731 cum
897 4690 997 4730 nos
1026 4675 1150 4731 ﬁliis
1177 4675 1379 4746 piscem
1398 4692 1661 4748 panemve
1686 4685 2055 4752 poscentibus,
2080 4703 2188 4744 nou

587 4781 896 4840 serpentem
927 4771 1098 4825 simus
1127 4780 1220 4825 aut
1245 4771 1478 4842 lapidem
1521 4775 1813 4841 reddituri;
1847 4788 2050 4849 quanto
2073 4797 2203 4851 ma-I

589 4862 672 4933 gis
727 4861 888 4916 nobis
927 4864 1167 4931 optimus
1217 4879 1280 4919 ac
1328 4869 1807 4935 praestantissimus
1851 4881 2007 4942 pater
2050 4875 2189 4930 Deus

587 4952 868 5021 orantibus
895 4953 1147 5024 perfectae
1198 4954 1322 5025 ﬁdei
1369 4974 1595 5014 munera
1651 4961 1909 5031 largietur
1940 4963 2126 5033 (Ibid,
2155 4967 2188 5022 9

587 5053 636 5099 et
683 5048 856 5115 seq.);
903 5060 1081 5118 neque
1132 5047 1204 5103 sit
1252 5063 1350 5118 pro
1375 5051 1499 5107 vitae
1555 5053 1678 5109 cibo
1708 5053 1940 5124 lapidem
1971 5058 2186 5116 duritiae

587 5229 758 5304 Deum
785 5245 893 5304 non
919 5226 1114 5304 credit,
1149 5238 1338 5297 peccat
1361 5227 1412 5282 in
1441 5228 1702 5304 Spiritum
1734 5243 2003 5304 sanctum,
2029 5237 2078 5292 id
2106 5247 2191 5294 est

592 5301 647 5374 in
675 5302 874 5374 Christi
914 5300 1286 5374 divinitatem,
1315 5301 1456 5374 quod
1489 5300 1789 5374 peccatum
1821 5306 1967 5363 trabs
1989 5300 2190 5366 inﬁde-

598 5371 768 5428 litatis
798 5373 964 5427 estin
1019 5370 1177 5425 oculo
1231 5373 1445 5426 mentis.

659 5445 740 5515 (a)
769 5444 953 5520 -Editi,‘
987 5441 1205 5495 omissis
1249 5443 1430 5497 verbis
1461 5443 1781 5514 inﬁdelitatis
1812 5449 1976 5516 trabe,
2015 5449 2186 5520 subji-

585 5513 738 5569 ciunt
762 5515 814 5568 in
837 5515 986 5592 oculo
1017 5521 1232 5592 utroque
1260 5529 1272 5564 :
1309 5513 1681 5592 re_stau_r:_mtur
1715 5533 1782 5576 ex
1809 5534 1938 5576 mss.
1964 5513 2030 5576 in
2056 5513 2192 5592 quo-

588 5600 708 5639 rum
741 5586 1015 5640 nonnullis
1037 5583 1191 5638 deest
1220 5597 1326 5637 vox
1355 5585 1698 5654 inﬁdelitatis.

667 5663 742 5742 (b)
774 5660 1281 5742 ln_excusis_,_quod
1308 5665 1501 5742 exigat.
1541 5667 1737 5742 Melius
1783 5671 1836 5725 in
1879 5686 2012 5726 mss.
2056 5673 2196 5742 quod

597 5731 861 5811 (vel_quo)
882 5744 1043 5811 egeat.
1069 5731 1182 5787 Hoc
1205 5741 1290 5788 est
1313 5731 1455 5803 qubd
1485 5739 1684 5796 schola:
1709 5741 1918 5811 dicunt,
1942 5731 2088 5797 nemo
2109 5744 2197 5799 dat

584 5803 724 5868 quod
744 5803 847 5856 non
873 5804 1043 5858 habet.

2296 4698 2446 4754 verbi
2489 4699 2687 4753 virtute
2743 4706 3095 4768 prmsumunt,
3129 4700 3180 4752 in
3211 4698 3472 4756 doctrinae
3501 4702 3807 4770 prophetia,
3838 4712 3905 4758 et

2295 4791 2687 4845 d:emoniorum
2726 4789 2870 4861 fuga,
2890 4798 2945 4845 ct
2974 4789 3274 4845 istiusmodi
3303 4805 3530 4862 Operum
3560 4791 3854 4848 virtutibus
3883 4812 3900 4849 :

2295 4892 2458 4954 atque
2489 4882 2613 4937 hinc
2651 4883 2752 4937 sibi
2807 4898 3028 4954 regnum
3058 4883 3316 4938 caelorum
3348 4883 3695 4954 pollicentur.
3723 4884 3901 4952 Quasi

2292 4987 2425 5028 vero
2451 4988 2638 5028 eorum
2666 4973 2869 5042 aliquid
2903 4974 3177 5043 proprium
3224 4973 3314 5039 sit,
3343 4989 3463 5043 qua:
3489 4976 3780 5042 loquuntur
3799 4986 3903 5032 aut

2293 5063 2519 5132 faciunt,
2553 5072 2609 5120 et
2638 5078 2742 5119 non
2774 5065 2954 5120 omnia
2995 5068 3165 5120 virtus
3210 5065 3303 5120 Dei
3331 5065 3578 5121 invocata
3605 5067 3898 5138 perﬁciat:

2369 5238 2443 5317 (c)
2489 5241 2764 5307 Bad.,Er.
2789 5253 2854 5317 et
2896 5243 3043 5317 Lips.
3085 5246 3572 5317 incorporationem.
3600 5248 3707 5304 Alii
3759 5265 3901 5306 vero

2297 5310 2430 5366 libri
2440 5310 2977 5392 concorporationem.‘
2991 5310 3413 5392 Corporationem
3425 5319 3662 5392 prologo
3675 5323 3728 5376 in
3749 5323 3902 5392 psal-

2298 5398 2413 5438 mos
2447 5401 2502 5439 n.
2528 5387 2582 5447 5,
2615 5385 2648 5439 6
2676 5393 2732 5438 et
2750 5385 2874 5440 alibi
2906 5386 3086 5442 dicere
3106 5388 3247 5443 solet
3270 5385 3522 5444 llilarius.

2372 5453 2454 5526 (ά)
2481 5455 2579 5510 Ms.
2624 5457 2782 5534 Rom.
2835 5459 3207 5534 misericordia,
3224 5460 3568 5534 inquisitione
3611 5467 3902 5534 perfectum

2299 5535 2595 5581 testamento
2616 5525 2814 5580 aditum
2843 5531 3098 5599 reperturi
3125 5546 3145 5595 ;
3171 5525 3428 5588 falsa'veri
3463 5525 3666 5600 specie,
3695 5525 3821 5589 licet
3841 5536 3900 5591 in

2298 5603 2510 5676 caeteris
2556 5601 2924 5676 etiatn_ex_stet
2964 5601 3351 5676 misericordia,
3383 5603 3726 5673 inquisitione,
3775 5623 3904 5676 pro-

2299 5672 2455 5736 fectu,
2488 5684 2551 5723 ac
2577 5669 2772 5724 deinde
2801 5669 2852 5723 iu
2883 5670 3092 5726 duobus
3120 5684 3438 5728 testamento.

2375 5745 2446 5818 (ε)
2475 5748 2613 5802 Editi
2651 5791 2664 5813 ,
2707 5766 2858 5818 quam
2903 5749 3000 5805 Dei
3031 5767 3049 5803 :
3080 5753 3469 5809 reluctantibus
3496 5769 3629 5810 mss.
3655 5753 3900 5814 Rursum

2300 5819 2563 5888 particula
2590 5821 2762 5891 potius
2793 5834 2914 5878 cum
2945 5837 3046 5878 non
3073 5823 3317 5896 jungitur
3360 5824 3498 5886 infra
3523 5841 3573 5886 ο.
3608 5827 3665 5896 8,
3685 5843 3742 5886 n.
3767 5830 3824 5887 8.
