4222 6262
355 302 462 361 9ὸὸ

1272 305 1814 363 COMMENTARIUS
1842 306 1906 362 IN
1958 306 2394 368 MATTHIEUM.
2437 308 2592 368 CAP.
2636 309 2746 368 VII.

3539 315 3642 374 954

348 438 470 481 cum
484 422 747 478 doctrinae
761 421 1040 478 scientiam
1057 422 1444 494 lectioafl‘erat,
1467 425 1544 500 (a)
1560 426 1948 484 daemoniorum
1976 431 2031 491 Α
2054 430 2270 487 efﬁcere
2297 447 2413 503 quae
2452 432 2633 503 jussit,
2675 442 2730 490 et
2762 433 2986 490 credere
3012 447 3134 503 quae
3163 431 3472 511 spopondit.
3501 430 3646 489 Con-

350 518 528 590 fugam
584 517 781 573 Christi
841 532 1037 573 nomen
1092 520 1344 590 exagitet.
1379 521 1455 576 De
1481 530 1669 577 nostro
1691 522 1953 592 igiturest

349 613 506 667 beata
537 612 626 667 illa
657 611 933 666 mternitas
960 614 1316 681 promerenda
1341 615 1844 686 :prtestandnmquc
1867 626 1951 672 est

350 705 552 775 aliquid
579 721 643 760 ex
692 704 942 774 proprio,
990 716 1046 760 ιιι
1089 705 1287 761 bonum
1329 707 1404 781 (ὁ)
1435 710 1696 774 velimus,
1748 711 1948 765 malum

350 811 512 852 omne
533 798 786 861 vitemus,
818 805 1037 866 totoque
1078 796 1271 852 affectu
1311 800 1595 870 praeceptis
1634 801 1948 856 coelestibus

348 891 788 959 obtemperemus
812 905 827 947 :
857 905 920 944 ac
948 889 1146 944 talibus
1167 890 1362 946 ofﬁciis
1389 894 1588 962 cogniti
1617 894 1728 948 Deo
1754 896 1945 960 simus,

347 998 679 1055 agamusque
712 982 892 1052 potius
930 982 1075 1053 quod
1120 983 1254 1052 vult,
1278 1000 1439 1055 quam
1469 984 1545 1058 (c)
1574 987 1718 1057 quad
1771 997 1949 1058 potest

346 1077 642 1148 gloriemur
672 1093 685 1130 :
721 1075 1009 1145 repudians
1055 1091 1150 1132 eos
1197 1091 1260 1132 ac
1299 1079 1595 1148 repellens,
1629 1094 1763 1151 quos
1796 1095 1826 1136 a
1855 1095 1947 1137 co-

347 1169 596 1239 gnitione
619 1182 712 1222 sua
746 1182 909 1238 opera
941 1168 1238 1236 iniquitatis
1264 1170 1580 1225 everterint.

419 1260 472 1314 6.
513 1260 866 1314 Tentationnm
896 1246 1477 1331 progressus.—¥-0ntnis
1504 1257 1623 1335 ergo
1665 1265 1752 1334 qui
1799 1264 1945 1318 audit

345 1352 496 1406 verba
520 1369 652 1417 mea,
684 1363 730 1407 et
777 1353 924 1423 facit,
978 1354 1194 1407 similem
1225 1371 1340 1408 cum
1387 1355 1646 1409 (estimabo
1695 1357 1803 1409 viro
1855 1373 1942 1410 sa-

344 1447 524 1518 pienti,
547 1448 636 1516 qui
661 1448 936 1516 azdi/icavit
990 1448 1197 1502 domum
1251 1465 1397 1503 suam
1444 1467 1597 1521 super
1640 1460 1857 1520 petram,
1889 1459 1944 1506 et

343 1539 548 1608 reliqua
600 1536 788 1607 (Ibid.,
840 1538 956 1610 24).
1000 1539 1200 1594 Sensus
1255 1549 1340 1595 est
1405 1543 1777 1612 superioribus
1816 1543 1944 1613 jun-

343 1638 484 1685 ctus.
514 1629 592 1701 (ά)
620 1629 928 1700 Objurgans
951 1631 1094 1686 enim
1119 1632 1713 1704 pseudoprophetarum
1732 1635 1942 1705 jactan-

344 1725 472 1779 tiam
495 1735 548 1779 et
589 1725 992 1796 hypocritarum
1026 1727 1305 1798 ﬁgmenta,
1357 1745 1452 1799 per
1515 1733 1940 1802 comparationis

2052 528 2336 581 summatis
2379 526 2542 598 igitur
2577 527 2849 594 omnibus,
2883 526 3053 582 turba:
3078 525 3410 580 mirabantur
3437 524 3643 581 doctri-

2053 633 2174 672 nam
2200 619 2356 689 ejus,
2410 637 2515 690 qua
2569 636 2627 676 se
2669 636 2775 675 non
2807 620 3118 676 Scribarum
3166 629 3220 674 et
3247 619 3641 675 Pharisaeorum

2051 725 2204 764 more
2232 711 2508 768 docuisset
2543 712 2733 786 (lbid.,
2761 714 2847 768 28»
2875 724 2921 768 et
2949 714 3064 784 29).
3095 713 3151 767 In
3183 713 3472 770 verborum
3495 713 3641 770 enim

2051 803 2336 860 virtutibus
2366 803 2588 862 effectus
2619 815 2947 877 potestatum
2976 807 3358 864 metiebantur.

2658 941 2886 1000 CAPUT
2925 943 3039 999 VII.

2049 1061 2129 1118 De
2158 1063 2358 1134 leproso
2396 1080 2545 1135 quem
2576 1067 2792 1132 curavit,
2827 1067 2889 1120 de
2916 1082 3073 1139 puero
3103 1065 3296 1121 tribuni
3328 1066 3639 1138 paralytico,

2134 1170 2145 1182 '
2190 1156 2255 1210 de
2279 1172 2428 1211 socru
2458 1155 2627 1222 Petri,
2661 1160 2723 1212 de
2766 1158 3000 1228 plurimis
3029 1170 3076 1213 et
3107 1159 3318 1214 diversis
3340 1162 3496 1215 curis.

2123 1271 2172 1324 1.
2209 1270 2400 1326 Sensus
2454 1272 2760 1343 allegoricus
2811 1275 2885 1327 uit
2930 1274 3152 1328 detrahit
3197 1275 3378 1330 littera:
3420 1277 3639 1330 veritati.

2045 1362 2156 1419 Lex
2166 1365 2280 1434 jam
2302 1365 2592 1419 inutifis.—
2609 1365 2676 1419 Et
2697 1366 3029 1422 descendente
3069 1384 3124 1422 eo
3152 1367 3215 1422 de
3244 1378 3433 1435 monte,
3457 1379 3644 1424 secuta:

2044 1465 2164 1511 sunt
2199 1471 2313 1509 eum
2355 1455 2512 1509 turba:
2554 1457 2745 1511 multaz.
2796 1456 2863 1510 Et
2904 1474 3019 1512 ecce
3065 1458 3297 1529 leprosus
3326 1460 3535 1530 quidam
3561 1476 3645 1514 ve-

2045 1548 2189 1602 niens
2232 1547 2476 1602 adorabat
2515 1565 2628 1603 eum
2664 1550 2868 1616 dicens,
2910 1549 3147 1619 Domine,
3180 1553 3223 1607 si
3267 1553 3360 1617 vis,
3397 1564 3536 1625 potes
3565 1569 3644 1608 me

2043 1642 2315 1707 mundare,
2341 1650 2396 1697 et
2443 1643 2646 1713 reliqua
2679 1641 2893 1715 (Matth.
2917 1660 3031 1711 vm,
3075 1647 3098 1699 1
3134 1655 3180 1700 et
3231 1646 3312 1716 2).
3340 1645 3396 1700 In
3420 1649 3642 1703 exordio

2043 1734 2312 1789 sermonis
2343 1735 2416 1808 (j)
2443 1735 2843 1802 admonuimus,
2885 1755 2951 1792 ne
2979 1739 3101 1808 quis
3132 1738 3270 1793 forte
3299 1741 3642 1796 existimaret

344 1819 647 1889 exemplum
691 1817 945 1888 perfectae
977 1819 1031 1874 in
1083 1835 1142 1875 se
1188 1819 1313 1876 fidei
1367 1821 1640 1878 hominem
1694 1825 1936 1894 exponit,
1968 1829 2016 1889 B
2043 1828 2243 1898 aliquid
2303 1843 2482 1882 rerum
2511 1837 2786 1898 gestarum
2828 1828 2952 1883 fidei
2999 1829 3412 1894 detrahendum,
3459 1833 3504 1885 si
3555 1847 3642 1888 res

342 1911 483 1983 quod
516 1913 582 1978 is,
608 1913 700 1984 qui
732 1915 894 1968 verba
936 1929 1029 1968 sua
1073 1922 1126 1969 et
1155 1915 1337 1970 audiat
1361 1923 1418 1971 et
1445 1915 1627 1982 faciat,
1660 1933 1822 1987 super
1843 1933 1938 1988 pe-

343 2011 480 2070 tram
509 2005 581 2058 sit
609 2005 927 2072 aediﬁcatus,
956 2014 1013 2061 et
1057 2005 1412 2062 fundamento
1464 2008 1644 2064 stabili
1675 2010 1939 2080 ﬁrmoque

343 2098 631 2161 consistat,
661 2098 733 2170 (e)
781 2115 1014 2169 cumque
1042 2099 1392 2156 incidentium
1433 2109 1808 2172 tempestatum
1839 2104 1942 2158 im-

346 2197 475 2257 petu
521 2205 627 2244 non
688 2205 848 2260 posse
895 2191 1160 2258 dissolvi;
1213 2193 1266 2248 in
1325 2204 1478 2263 petra
1524 2210 1583 2250 se
1614 2197 1787 2268 ipsum
1838 2197 1942 2253 Do-

344 2281 524 2337 minus
570 2283 878 2353 significans
910 2326 924 2350 ,
958 2285 1192 2341 validum
1247 2286 1465 2343 aediﬁcii
1514 2289 1937 2345 fundamentum.

347 2373 417 2445 (ί)
444 2371 576 2428 Cum
605 2388 784 2432 autem
808 2378 899 2446 qui
931 2393 998 2432 ex
1034 2393 1094 2434 se
1119 2379 1172 2434 in
1196 2380 1426 2436 sublime
1456 2396 1592 2450 opus
1616 2383 1938 2447 excreverit,

341 2469 548 2522 moveri
598 2484 703 2523 non
756 2471 926 2537 possit
968 2472 1056 2525 vel
1108 2472 1321 2540 pluviis,
1366 2473 1452 2528 vel
1493 2472 1823 2537 ﬂuminibus,
1857 2474 1942 2530 vel

344 2571 504 2613 vcnto
529 2576 543 2627 ;
567 2560 621 2614 in
653 2561 868 2628 pluviis,
909 2561 1228 2618 blandarum
1262 2573 1316 2620 et
1355 2567 1556 2620 sensim
1607 2566 1940 2622 illabentium

345 2654 684 2725 voluptatum
714 2655 996 2712 illecebras
1026 2657 1314 2728 signiﬁcat,
1348 2659 1540 2728 quibus
1599 2659 1828 2728 primum
1882 2660 1944 2714 ﬁ-

353 2747 452 2802 des
488 2748 642 2802 rimis
668 2749 974 2818 patentibus
1006 2749 1378 2805 immadescit:
1410 2760 1530 2820 post
1553 2767 1686 2820 quas
1733 2753 1945 2806 torre‘n-

347 2843 478 2897 tium
513 2857 821 2912 prucursus,
848 2842 900 2898 id
945 2852 1049 2910 est,
1090 2845 1400 2914 graviorum
1444 2845 1794 2916 cupiditatum
1827 2859 1944 2900 m0-

346 2943 434 2990 tns
467 2935 725 2993 incurrit:
754 2945 917 3008 atque
966 2937 1161 2993 eximie
1220 2946 1328 2992 tota
1380 2948 1662 2993 ventorum
1707 2940 1790 2992 vis
1839 2939 1948 2994 cir-

344 3018 715 3084 cumflantium
747 3030 826 3102 (g)
849 3029 1098 3096 desaevit,
1125 3030 1406 3085 universus
1433 3032 1637 3087 scilicet
1664 3031 1945 3087 diabolicae

349 3123 630 3191 potestatis
676 3122 899 3192 spiritus
937 3123 1183 3178 infertur.
1214 3123 1320 3179 Sed
1378 3123 1732 3180 fundamento
1778 3137 1945 3196 petra:

2044 1923 2190 1991 ipsas
2214 1920 2488 1990 profectus
2515 1937 2695 1977 rerum
2724 1924 3168 1991 consequentium
3191 1924 3472 1979 continere
3501 1925 3555 1978 in
3581 1939 3642 1980 se

2043 2014 2383 2067 duceremus.
2408 2012 2552 2067 Nihil
2584 2015 2730 2068 enim
2762 2013 2979 2069 veritati
3007 2011 3264 2079 detrahit,
3285 2015 3642 2070 imitationem

2043 2106 2244 2160 veritas
2287 2117 2598 2161 consecuta.
2647 2105 2786 2161 Toto
2839 2107 2998 2176 igitur
3053 2108 3336 2176 SUperiore
3387 2122 3643 2162 sermone

2047 2198 2305 2253 Dominus
2349 2197 2472 2253 ﬁdei
2525 2206 2794 2268 prmcepta
2820 2197 3134 2264 tradiderat,
3177 2198 3354 2269 legem
3380 2212 3632 2253 excesse-

2045 2298 2150 2356 rat,
2175 2289 2284 2360 jam
2325 2290 2564 2344 inutilem
2596 2299 2760 2360 atque
2787 2289 3120 2344 inefﬁcacem
3138 2288 3450 2344 excedenda
3475 2289 3642 2360 signi-

2047 2384 2232 2438 ficans.
2305 2382 2678 2438 Mandaturum
2721 2383 3124 2438 observantiam
3171 2391 3466 2454 exegerat,
3516 2391 3643 2439 ante

2047 2478 2435 2546 promissorum
2469 2490 2685 2530 suorum
2717 2489 2869 2545 spem
2903 2474 3215 2529 ﬁdissimatn
3241 2476 3637 2546 imperaverat:

2046 2569 2188 2639 quod
2239 2569 2402 2640 igitur
2449 2578 2569 2640 post
2619 2568 2734 2624 base
2775 2569 3008 2638 prirnum
3065 2568 3331 2640 gesserit,
3374 2577 3640 2625 contuen-

2047 2662 2174 2716 dum
2201 2673 2303 2720 est.

2117 2754 2172 2807 2.
2195 2752 2345 2823 Legis
2371 2753 2645 2822 inﬁrmitas
2666 2769 2697 2806 a
2723 2750 2928 2806 Christo
2963 2752 3327 2822 suppletur.—
3355 2750 3523 2807 Adest
3566 2751 3644 2807 le-

2048 2862 2264 2920 prosus,
2315 2846 2595 2902 emundari
2650 2863 2708 2901 se
2759 2855 2933 2913 rogat,
2967 2854 3224 2916 purgatur
3270 2845 3414 2900 verbi
3460 2853 3642 2914 potes-

2049 2947 2159 2994 tate
2185 2938 2259 3010 (k)
2285 2955 2404 2994 cum
2446 2947 2612 3006 tactu,
2640 2939 2856 3010 iubetur
2876 2939 3040 2994 silere
3071 2938 3257 3011 (lbid.,
3288 2940 3322 2994 5
3344 2947 3391 2993 et
3418 2936 3508 3008 4),
3542 2937 3636 2993 sed

2051 3042 2228 3087 tamen
2260 3031 2546 3087 ostendere
2589 3048 2648 3088 se
2700 3033 2966 3087 sacerdoti
2997 3041 3053 3087 ct
3079 3047 3271 3087 munus
3300 3032 3440 3102 quod
3491 3032 3642 3104 Moy-

2050 3137 2137 3178 ses
2167 3124 2217 3178 in
2252 3125 2618 3178 testimonium
2648 3123 2761 3180 ﬁeri
2789 3127 3047 3196 przecepit
3071 3123 3289 3181 offerre.
3311 3125 3526 3180 Curatio
3547 3124 3644 3194 igi-

347 3214 511 3270 homo
562 3215 854 3271 aedificatus
877 3217 1044 3290 699
1065 3217 1297 3284 insistet,
1331 3235 1431 3275 nec
1460 3222 1661 3276 moveri
1700 3221 1819 3276 loco
1847 3236 1944 3276 suo
1974 3219 2019 3283 C
2054 3224 2138 3270 tur
2174 3214 2235 3289 (Ι)
2267 3215 2534 3272 audientis
2563 3229 2616 3270 et
2641 3217 2911 3273 credentis
2941 3217 3116 3271 turba:
3161 3227 3216 3271 et
3260 3231 3379 3271 cum
3411 3215 3643 3270 Domino

348 3308 564 3378 poterit.
579 3307 784 3365 Stultus
812 3326 938 3365 veru
963 3313 1078 3366 haec
1094 3311 1274 3366 audita
1287 3311 1656 3378 dissimulans,
1678 3323 1944 3383 tamquam

263 3463 266 3466 ,
346 3414 512 3468 super
535 3415 752 3456 arenam
797 3416 933 3472 Opus
963 3403 1335 3459 :ediﬁcationis
1376 3404 1724 3474 impenderit,
1753 3404 1948 3461 inﬁde-

347 3492 472 3547 liter
497 3503 622 3560 stat,
661 3494 770 3550 citu
810 3496 1005 3566 pluviis
1034 3497 1380 3553 illabentibus
1403 3497 1485 3569 (h)
1511 3499 1866 3565 subluendus,
1891 3509 1946 3556 et

346 3580 659 3648 fluminibus
701 3595 1108 3665 propellendus,
1157 3607 1210 3650 et
1250 3598 1424 3650 ventis
1475 3595 1826 3664 differendus,
1855 3611 1944 3652 se-

347 3685 584 3741 cundum
640 3696 884 3741 naturam
932 3703 1093 3757 super
1119 3705 1253 3757 quas
1295 3690 1592 3744 mdilicatus
1641 3698 1724 3744 est
1754 3704 1945 3743 arena-

347 3793 494 3844 rum,
527 3793 648 3832 cum
677 3778 1027 3849 gravi'ruinte
1061 3794 1172 3834 sua:
1227 3789 1408 3850 strage
1439 3779 1730 3835 solvendus
1753 3778 1942 3852 (Ibid.,

345 3868 464 3942 εδ).

419 3965 471 4018 7.
520 3963 723 4034 Scopus
761 3964 1142 4035 praedictorum.
1182 3993 1252 4005 —
1278 3965 1452 4034 Atque
1495 3964 1563 4018 ita
1604 3964 1942 4033 superiorum

346 4052 408 4128 (i)
437 4056 899 4124 comparationem
939 4055 1189 4127 exemplo
1239 4056 1498 4111 Dominus
1529 4069 1630 4110 nos
1677 4054 1866 4118 voluit,
1893 4061 1948 4108 et

444 4192 494 4253 a)
519 4191 608 4246 Sic
631 4205 760 4245 mss.
789 4190 858 4247 At
882 4191 1032 4258 editi,
1057 4191 1315 4244 dwmonia
1342 4187 1555 4255 Christi,
1581 4197 1688 4244 etc.

445 4261 498 4333 b)
528 4263 583 4317 In
621 4263 823 4332 aliquot
853 4278 980 4318 mss.
1026 4263 1286 4316 malimus.
1319 4261 1394 4315 lta
1433 4269 1612 4333 autem
1641 4261 1752 4314 vult
1796 4258 1940 4333 llila-

348 4331 460 4387 rius
475 4331 550 4389 de
579 4342 765 4388 nostro
793 4334 1203 4402 promerendam
1239 4332 1647 4391 beatitudinem.
1669 4341 1726 4385 ut
1750 4331 1943 4387 salutis

349 4416 548 4459 nostra:
578 4421 713 4472 opus
744 4406 832 4459 Dei
860 4420 980 4460 esse
1011 4421 1115 4459 non
1138 4412 1314 4474 neget.
1354 4404 1415 4457 Et
1432 4412 1739 4470 competens,
1773 4402 1945 4471 inquit

349 4476 402 4530 in
431 4490 514 4545 ps.
543 4492 706 4539 cxw,
739 4493 791 4529 ιι.
840 4476 907 4530 12
937 4495 948 4529 :
976 4474 1078 4530 Illa
1128 4477 1366 4529 humana:
1396 4474 1718 4528 verecundia:
1748 4478 1946 4545 profes-

347 4544 532 4609 sio’est,
566 4559 620 4600 ut
643 4548 777 4616 quod
803 4564 889 4616 per
917 4548 1166 4616 Spiritum
1213 4545 1311 4599 Dei
1337 4547 1387 4599 in
1413 4556 1599 4598 terram
1637 4555 1826 4598 rectam
1856 4544 1945 4598 de-

2049 3309 2117 3364 de
2150 3320 2337 3364 mente
2386 3312 2653 3366 venientis
2699 3313 2749 3365 in
2791 3311 3006 3381 leproso
3057 3311 3395 3366 ostenditur:
3425 3325 3543 3380 qua:
3564 3310 3646 3364 vi-

2049 3402 2184 3458 tiosa
2212 3402 2331 3459 labe
2358 3405 2606 3474 corporis
2630 3405 3017 3470 contaminata,
3041 3404 3327 3474 auditaque
3354 3404 3504 3473 regni
3532 3418 3645 3460 coe-

2047 3496 2218 3551 lorum
2251 3496 2634 3567 prtedicatione
2662 3499 2836 3552 curari
2890 3513 2950 3552 se
2995 3507 3181 3567 rugat;
3218 3497 3312 3568 (ιη)
3343 3513 3465 3552 cum
3499 3509 3644 3554 tactu

2045 3592 2292 3661 corporis
2336 3591 2612 3657 visitatur,
2644 3591 2806 3646 Verbi
2835 3591 3035 3646 virtute
3064 3602 3302 3657 curatur,
3324 3599 3380 3646 et
3416 3599 3473 3644 ut
3498 3591 3645 3647 salus

2047 3682 2162 3737 haec
2189 3683 2354 3755 700
2380 3699 2485 3739 non
2532 3683 2830 3740 offerretur
2871 3685 3067 3752 potius,
3099 3698 3256 3752 quam
3289 3691 3640 3752 quaereretur,

2045 3775 2318 3828 silentium
2343 3776 2656 3844 imperatur,
2671 3784 2724 3829 et
2740 3773 3028 3829 ostendere
3042 3789 3101 3829 se
3113 3773 3480 3828 sacerdotibus
3491 3773 3645 3842 jube.

2049 3872 2172 3918 tur:
2203 3876 2256 3918 ut
2290 3867 2680 3935 praenuntiatus
2714 3867 2765 3919 in
2806 3866 2925 3935 lege
2965 3864 3118 3919 factis
3145 3871 3199 3920 et
3227 3863 3482 3933 operibus
3526 3878 3646 3918 cer-

2049 3967 2244 4024 natur;
2277 3969 2330 4014 et
2373 3961 2422 4014 in
2469 3975 2575 4030 quo
2616 3960 2701 4014 lex
2748 3957 3162 4022 inﬁrmabatur,
3199 3959 3250 4012 in
3278 3955 3361 4012 eo'
3386 3955 3465 4029 (ιι)
3495 3955 3645 4011 verbi

2048 4051 2220 4107 virtus
2251 4051 2642 4122 intelligeretur
2670 4069 2682 4104 :
2711 4051 2990 4122 pra-mium
3005 4064 3219 4119 quoque
3239 4059 3468 4119 recepta:
3500 4046 3648 4102 salu-

2065 4256 2076 4267 .
2125 4185 2201 4267 lg)
2233 4185 2592 4252 Bad.,Er.ct
2645 4201 2834 4242 omnes
2884 4199 3051 4256 prope
3104 4199 3233 4240 mss.
3287 4186 3639 4243 desteviat..."

2057 4273 2110 4309 ιη
2168 4269 2243 4310 i’f
2313 4299 2325 4312 .

2059 4396 2069 4399 _
2114 4257 2568 4399 [(iiilliivulgatis,
2618 4327 2959 4382 subruendns.
2997 4328 3188 4382 Verius
3233 4327 3286 4381 in
3333 4343 3462 4384 mss.
3521 4329 3644 4384 sub-

2050 4396 2286 4455 luendas.
2317 4399 2432 4453 Non
2456 4400 2596 4454 enim
2624 4400 2816 4453 domus
2842 4400 3033 4468 pluviis
3048 4401 3330 4463 evertitur,
3362 4401 3457 4456 sed
3487 4416 3644 4456 ever-

2048 4474 2188 4540 s_ioni
2221 4480 2571 4540 prmparatur.
2610 4471 2698 4526 Sic
2721 4471 2815 4526 lib.
2850 4487 2886 4524 ιι
2915 4470 2980 4524 de
3007 4471 3158 4526 Trin.
3194 4489 3246 4524 ιι.
3273 4471 3364 4536 22,
3393 4472 3647 4526 laudatur

2050 4537 2462 4599 fundamentum
2497 4558 2597 4595 non
2627 4543 3044 4595 inundationibus
3091 4541 3447 4594 subluendum.
3499 4543 3563 4596 Et
3590 4543 3642 4596 in

347 4603 610 4672 ducendus
634 4603 719 4683 sit,
741 4603 918 4673 id'non
939 4603 1104 4672 meriti
1132 4634 1237 4672 esse
1256 4619 1336 4670 sui
1357 4627 1580 4685 arroget.
1607 4616 1740 4670 Tum
1770 4634 1823 4668 ιι,
1852 4616 1938 4678 15,
1971 4603 2024 4663 ἶ)
2053 4629 2132 4686 ps.
2165 4630 2347 4681 vattt,
2376 4630 2430 4667 ιι.
2467 4613 2502 4667 ’5
2526 4629 2541 4667 :
2569 4611 2703 4666 Sunt
2733 4623 2778 4666 et
2811 4629 2957 4684 aqua:
2991 4628 3259 4666 arenosum
3293 4615 3497 4666 dontum
3525 4611 3646 4666 sub-

349 4690 602 4743 mcritum
626 4705 746 4742 cum
787 4691 956 4759 gloria
1006 4690 1095 4744 Dei
1143 4689 1397 4757 praeclare
1419 4687 1674 4741 cunciliat
1701 4687 1785 4740 his
1815 4703 1938 4759 ver-

348 4759 466 4815 bis:
515 4759 731 4832 Ilnbuit
755 4758 958 4832 quidem
988 4761 1080 4813 hoc
1098 4761 1302 4832 justitia
1333 4759 1651 4813 verecundior
1695 4767 1775 4832 ut!
1795 4758 1945 4832 quid~

347 4832 470 4902 quid
501 4833 636 4884 illud
670 4829 1112 4902 sibibeatiludinis
1143 4839 1330 4902 sperat,
1363 4832 1417 4885 id
1447 4847 1536 4893 pro
1566 4829 1947 4902 magniﬁcentia

349 4901 446 4974 Dei
477 4904 665 4974 potius,
695 4904 816 4971 quia
849 4901 957 4956 Deo
989 4903 1134 4956 beata
1169 4899 1226 4955 ἐι
1265 4913 1455 4956 ceterna
1484 4909 1530 4974 et
1572 4899 1702 4974 bona
1729 4901 1948 4974 tribuere

348 4973 414 5025 sit
438 4971 676 5043 dignum,
705 4991 857 5039 quant
884 4991 976 5041 pro
1005 4974 1185 5027 merito
1217 4979 1331 5027 suo‘
1359 4971 1597 5043 postulet.
1642 4972 1747 5026 Sed
1778 4982 1947 5024 tamen

351 5041 631 5114 pra’ferens
653 5046 895 5099 honorem
923 5056 968 5099 et
999 5041 1397 5098 irrisericordtam
1423 5041 1542 5108 Dei,
1570 5043 1795 5098 merendi
1819 5058 1947 5112 quo-

347 5131 447 5183 que
474 5116 527 5168 id
549 5133 639 5181 per
669 5133 723 5170 se
751 5133 855 5170 non
883 5116 1098 5170 exclusit
1120 5115 1466 5185 ufﬁcium,etc.

425 5187 501 5258 (c)
537 5186 692 5256 Apud
721 5187 844 5241 Par.
868 5187 1006 5258 quod
1039 5191 1263 5257 prodest.
1296 5188 1514 5242 [lectius
1569 5186 1619 5238 in
1651 5187 1770 5241 aliis
1795 5185 1948 5258 libris

352 5265 490 5324 quod
542 5269 732 5328 potest,
764 5259 816 5312 id
862 5268 964 5322 est,
996 5259 1064 5312 de

351 5345 458 5400 que
498 5331 607 5384 ullu
641 5331 834 5384 merito
861 5330 1085 5385 indulta.

424 5400 503 5474 (ά)
536 5402 591 5474 In
625 5402 873 5474 pluribus
888 5417 1018 5474 mss.
1047 5401 1375 5474 subjurgans.

423 5467 498 5597 (le)
527 5473 599 5527 lta
627 5467 808 5527 codex
835 5470 989 5526 Coll).
1036 5467 1157 5526 aliis
1199 5467 1524 5526 faventibus.
1551 5469 1617 5523 At
1659 5468 1817 5534 Bad.,
1855 5467 1946 5549 Er.

449 5547 578 5597 aius.
602 5560 722 5597 cum
752 5543 961 5597 aliuuot
988 5557 1117 5597 mss.
1139 5543 1396 5596 omittunt
1425 5557 1655 5597 eumque.
1676 5555 1736 5592 ac
1771 5554 1946 5597 Droxt-

350 5553 406 5597 et
430 5539 578 5612 Lips.
602 5560 722 5597 cum
752 5543 961 5610 aliquot
988 5557 1117 5597 mss.
1139 5543 1396 5596 omittunt
1425 5557 1655 5610 eumque,
1676 5555 1736 5592 ac
1771 5539 1951 5612 proxi-

351 5611 505 5668 mum
555 5615 778 5669 verbum
831 5615 1124 5668 consistat:
1161 5628 1392 5681 moxque
1443 5614 1734 5678 subjiciunt
1789 5611 1948 5679 possit

351 5685 682 5739 dissolvi.....
738 5685 987 5739 Dominus
1031 5685 1306 5754 signiﬁcat.
1355 5683 1665 5746 Mallcmus,
1713 5683 1949 5754 quodque

353 5757 687 5809 incidentium
714 5753 1085 5824 tempestatum
1115 5755 1316 5821 impetu
1329 5770 1429 5807 non
1461 5753 1618 5823 possit
1641 5753 1870 5808 dissolvi.

426 5825 496 5900 (Ι)
533 5827 698 5898 Editi,
727 5845 842 5886 cum
867 5841 1104 5886 au'ent...
1132 5827 1320 5882 moveri
1351 5842 1452 5882 non
1473 5840 1637 5897 posse.

1109 5268 1371 5328 potestate
1423 5259 1516 5313 Dei
1545 5258 1713 5330 gratis
1743 5267 1798 5312 et
1824 5257 1948 5312 abs-

2049 4691 2261 4743 luentes.

2121 4755 2186 4828 (i)
2233 4756 2376 4811 Editi
2425 4754 2872 4809 conturbationum
2925 4754 3154 4826 exemplo
3201 4754 3548 4824 corriguntur
3572 4768 3640 4809 ex

2053 4829 2352 4901 potioribus
2374 4842 2505 4882 mss.

2124 4901 2194 4970 (j)
2223 4900 2352 4954 Puta
2383 4914 2502 4969 cap.
2535 4896 2602 4960 2,
2636 4896 2861 4970 num.2.

2131 4967 2203 5040 (lt)
2229 4971 2391 5035 Editi,
2435 4967 2722 5023 contactum
2761 4967 2971 5040 jubetur
2994 4969 3158 5023 silere.
3187 4967 3380 5024 Verbis
3407 4983 3642 5040 evange-

2050 5037 2192 5107 licis,
2231 5044 2390 5112 tetigit
2429 5057 2545 5096 eum
2590 5040 2783 5106 dicens,
2818 5037 2966 5106 Volo,
3023 5042 3288 5106 mundare,
3317 5043 3486 5110 magis
3513 5037 3646 5096 con-

2091 5122 2251 5168 rutmt
2271 5131 2403 5169 mss.

2051 5129 2458 5253 grillillsliltimtiiss
2493 5182 2748 5252 potiores.
2785 5184 2888 5238 Alii
2918 5198 3048 5238 vero
3079 5183 3222 5249 libri,
3253 5182 3548 5247 obedientis,
3578 5197 3644 5238 ac

2054 5268 2175 5324 pOst
2198 5256 2417 5310 verbum
2440 5256 2683 5308 venientis
2705 5255 2962 5324 adjiciunt
2993 5256 3246 5312 adoratio.

2126 5325 2222 5397 (τη)
2248 5327 2304 5382 In
2326 5327 2577 5395 vulgatis,
2600 5335 2853 5379 contactu.
2870 5325 3090 5378 Rectius
3121 5327 3170 5378 in
3193 5340 3320 5379 mss.
3344 5340 3458 5377 cum
3474 5333 3637 5397 tactu.

2056 5393 2146 5450 Sic
2193 5400 2335 5452 enim
2381 5393 2439 5449 et
2504 5407 2714 5457 tempus
2768 5406 2984 5450 notatur
3035 5397 3318 5465 impertita:
3371 5394 3639 5462 sanitatis,

2057 5467 2273 5537 quando
2320 5484 2484 5523 carne
2525 5482 2554 5519 a
2589 5465 2766 5519 Verbo
2815 5477 3092 5535 assumpta
3142 5466 3368 5537 populus
3399 5465 3642 5522 visitatus

2057 5536 2235 5602 est,et
2265 5541 2420 5595 Verbi
2453 5539 2621 5591 virtus
2643 5551 2763 5590 cum
2786 5538 3030 5606 corporis
3061 5547 3203 5591 tactu
3223 5536 3639 5606 jungitur,quo-

2056 5610 2218 5663 modo
2271 5614 2517 5681 superius
2568 5609 2619 5662 in
2675 5607 2776 5672 his,
2809 5619 3059 5680 purgatur
3086 5608 3217 5663 vtrbi
3263 5618 3505 5677 potestate
3529 5623 3644 5662 cum

2053 5690 2207 5734 tactu.
3163 5733 3173 5739 .

2092 5749 2203 5875 I.(n)
2243 5745 2578 5875 tlelcsgbulunt
2619 5753 2754 5808 verbi
2797 5752 2948 5809 abest
2977 5767 3007 5808 a
3037 5750 3193 5820 Bad.,
3234 5750 3354 5820 Er.,
3401 5750 3547 5826 Lips.
3590 5757 3646 5807 et

2115 5838 2235 5875 ιιιυο
2405 5857 2417 5870 .

2055 5829 2257 5893 aliquot
2288 5832 2417 5875 lilSS.
