4222 6262
302 314 415 370 957

1221 316 1761 380 COMMENTARIUS
1796 320 1864 379 ιη
1903 308 2332 386 umnam.
2374 325 2530 384 CAP.
2575 328 2709 386 Vill.

3498 324 3602 390 938

308 442 391 487 set
417 429 715 489 otl‘euderet
750 432 1010 489 Dominus
1038 435 1339 506 respondit,
1378 432 1625 507 vulpibus
1659 447 1781 493 esse
1819 437 1897 493 l‘o-
1930 439 1985 500 Α
2010 448 2169 511 caput
2201 436 2344 499 Deus
2390 440 2483 509 sit,
2517 446 2623 499 non
2665 447 2904 515 reperire
2933 446 2985 502 iu
3032 464 3167 518 quos
3216 448 3473 505 collocata
3504 440 3595 504 Dei

308 539 459 591 veas,
482 534 535 580 et
560 525 683 581 ntuli
712 525 1018 581 volucribus
1043 526 1199 583 nidos
1223 528 1560 599 quiescendi,
1585 529 1697 585 ﬁlio
1721 532 1901 587 autent

307 615 568 681 hominis,
619 633 727 689 quo
759 618 984 674 reclinet
1006 631 1167 691 caput
1196 636 1377 688 suum,
1428 622 1606 678 locum
1633 635 1753 679 esse
1783 624 1905 679 nul-

306 709 418 767 lum
453 709 616 782 (Ibid.
652 710 765 783 ευ).
814 711 881 767 Et
929 712 1253 781 discipulum
1299 717 1620 784 postulasse,
1650 716 1767 773 dari
1800 719 1904 774 sibi

308 808 523 871 tempus
552 803 717 872 patris
741 802 1036 872 sepeliendi
1066 822 1078 858 z
1111 805 1215 861 hoc
1245 816 1522 877 negatum,
1553 818 1606 863 et
1640 808 1711 879 pii
1743 819 1904 880 atque

309 893 534 950 humani
584 893 751 951 ofﬁcii
790 896 1010 952 vetitam
1039 898 1352 970 religionem
1390 898 1554 971 (Ibid.
1595 901 1660 957 ει
1709 913 1756 956 et
1784 900 1898 973 22).

308 985 452 1056 Ergo
480 1001 662 1042 rerum
695 997 986 1055 tantarum,
1015 1000 1070 1044 et
1093 999 1199 1045 tam
1228 989 1567 1046 diversarum
1591 993 1728 1048 ratio
1774 1010 1900 1065 pro.

307 1080 506 1136 menda
529 1088 610 1135 est
635 1097 650 1134 :
672 1089 835 1152 atque
873 1081 965 1148 ita,
1006 1092 1065 1137 ut
1101 1084 1394 1139 secundum
1422 1085 1791 1141 cuntinentem
1820 1098 1907 1143 re-

307 1187 428 1227 rum
453 1172 716 1235 ordinem.
750 1185 805 1228 et
827 1174 1176 1245 gravissimas
1202 1177 1447 1241 veritatis
1492 1179 1661 1247 ipsius
1687 1194 1901 1249 causas,

311 1262 585 1319 interioris
604 1260 976 1334 signiﬁcantius
1000 1266 1352 1337 intelligentia
1373 1271 1694 1340 explicetur.

385 1357 549 1430 702
590 1360 642 1412 9.
685 1355 734 1411 F
736 1357 945 1413 idalium
976 1359 1234 1415 electionis
1260 1370 1434 1433 typus.
1464 1361 1713 1420 Ecclesia;
1738 1366 1901 1420 ηανδς,

312 1477 385 1492 --
418 1449 810 1519 Discipulorum
856 1465 1056 1505 nomen
1100 1462 1207 1506 non
1268 1453 1321 1507 in
1362 1453 1647 1511 duodecim
1697 1467 1904 1517 tantum

2006 534 2311 603 cognitione
2332 537 2669 605 requiescat:
2704 538 2939 595 invitatis
2964 541 3212 597 omnibus
3238 553 3295 596 ut
3318 540 3368 597 in
3390 559 3601 610 navem,

2007 625 2078 681 ita
2105 627 2157 681 in
2189 624 2521 694 Ecclesium;
2553 628 2738 701 paucis
2770 640 2915 689 metu
2946 633 3131 700 maris,
3181 632 3229 689 id
3263 645 3347 691 eSt
3394 636 3598 707 swcnﬁ,

2006 722 2293 777 secuturis.

2080 802 2165 869 ll.
2212 813 2358 871 Patri
2378 815 2576 888 inﬁdeli
2605 834 2671 873 an
2688 823 2782 893 jus
2811 819 2863 874 in
2890 820 3053 891 ﬁlium
3074 816 3298 892 ﬁdelem.
3327 852 3400 864 —-
3426 812 3599 879 Adest

2005 916 2128 980 post
2166 906 2283 965 hsce
2323 898 2651 981 discipulus,
2707 930 2814 968 non
2863 914 3200 986 interregans
3246 930 3311 970 an
3354 927 3609 987 sequatur

2008 999 2136 1073 (jam
2167 1003 2311 1059 cnim
2355 1005 2505 1076 sequi
2534 1014 2783 1077 Oportere
2830 1022 2889 1063 se
2917 1006 3189 1080 credidit),
3223 1008 3316 1064 sed
3365 1011 3601 1081 permitti

2004 1094 2105 1151 sibi
2137 1108 2298 1152 orans
2325 1099 2555 1166 sepelire
2603 1108 2829 1171 patrem.
2881 1102 3201 1172 Acecpimns
3232 1102 3283 1157 in
3314 1102 3600 1159 dominica:

2006 1190 2267 1246 orationis
2321 1190 2585 1258 exordio,
2638 1196 2707 1249 ita
2750 1197 2978 1266 primum
3030 1197 3354 1267 precandum
3395 1198 3602 1254 :Patcr

2005 1294 2190 1342 noster
2218 1286 2309 1357 qui
2340 1300 2399 1343 es
2442 1289 2493 1342 in
2522 1288 2674 1345 ctelis
2702 1284 2917 1363 (Matth.
2948 1307 3024 1357 v1,
3053 1286 3134 1361 9).
3169 1293 3306 1362 Ergo
3335 1294 3453 1361 quia
3486 1307 3605 1347 cre-

2005 1377 2181 1434 dentis
2212 1380 2262 1435 in
2290 1380 2550 1451 discipulo
2585 1383 2761 1452 pepuli
2794 1398 3022 1453 persona
3050 1394 3152 1451 est,
3184 1385 3506 1439 admonetur
3535 1393 3595 1441 ut

2007 1471 2306 1527 meminerit
2337 1475 2475 1541 quod
2509 1483 2661 1545 pater
2690 1472 2789 1531 sibi
2818 1473 2895 1548 (ά)
2924 1477 3073 1532 vivus
3105 1478 3157 1531 in
3187 1478 3339 1533 caelis
3367 1487 3469 1532 est.
3499 1475 3598 1533 Se-

312 1541 588 1613 Apostolis
635 1545 836 1599 versari
897 1544 1315 1603 existimandum
1365 1559 1469 1604 est.
1522 1550 1656 1608 Nam
1709 1564 1907 1623 praeter

2011 1565 2096 1636 qui
2124 1575 2300 1622 autem
2328 1564 2488 1641 703
2509 1541 3079 1642 “Dominum‘jubetur,
3112 1574 3232 1643 quia
3263 1583 3317 1627 et
3358 1573 3596 1639 volebat,

313 1635 623 1706 Apostolus,
656 1636 836 1706 plures
860 1635 1025 1693 fuisse
1053 1638 1344 1709 discipulos
1376 1642 1622 1715 legimus.
1660 1648 1735 1702 Ex
1758 1649 1906 1706 omni

2011 1635 2077 1713 ita
2110 1664 2166 1713 ut
2197 1635 2691 1716 morlui'tuorlunm
2737 1635 3020 1734 sepeliant.
3053 1635 3160 1719 Sed
3211 1666 3415 1720 nullum
3458 1635 3605 1721 arbi-

314 1728 474 1799 igitur
505 1728 662 1785 turba
684 1730 932 1799 quzedam
959 1729 1073 1786 ﬁeri
1102 1731 1180 1805 (α)
1204 1734 1425 1803 jubetur
1446 1738 1641 1793 electio
1672 1757 1684 1793 ε
1715 1747 1900 1797 eorum

2011 1759 2124 1805 tror
2168 1750 2401 1807 ofﬁcium
2430 1754 2733 1824 θηβαίων-ἰ
2780 1772 2809 1810 a
2840 1759 3064 1812 mortuis
3110 1773 3288 1825 posse.
3321 1758 3604 1826 Quomodo

313 1820 536 1889 scilicet,
566 1823 654 1904 qui
689 1822 971 1879 Dominum
1018 1839 1113 1893 per
1138 1827 1310 1881 multa
1357 1831 1539 1885 surculi
1573 1831 1733 1901 hujus
1761 1837 1903 1903 peri-

2011 1859 2142 1914 ergo
2174 1844 2367 1899 mortui
2397 1855 2636 1903 mortuos
2680 1848 3011 1904 humabunt?
3041 1849 3277 1904 Primum
3326 1851 3487 1920 igitur
3515 1866 3602 1904 os-

312 1914 433 1969 cula
479 1923 534 1971 et
572 1914 890 1984 jactationes
935 1927 1118 1974 essent
1166 1921 1426 1977 secuturi.
1473 1924 1716 1981 Ecclesia
1763 1931 1907 1987 cuitu

314 2007 487 2064 instar
507 2016 592 2063 est
635 2008 813 2075 navis,
838 2019 893 2064 et
914 2010 1159 2080 plurimis
1180 2015 1314 2069 locis
1337 2015 1408 2070 ita
1443 2026 1751 2087 nuncupata
1778 2031 1861 2076 est
1890 2034 1904 2078 :

315 2114 436 2170 qum
463 2098 814 2155 diversissitni
844 2104 1061 2173 generis
1109 2113 1162 2160 et
1186 2109 1364 2178 gentis
1396 2109 1470 2182 (ὸ)
1520 2120 1743 2167 vectore
1787 2128 1906 2169 sus-

317 2199 501 2260 cepto,
529 2191 765 2262 subjecta
796 2203 880 2248 est
922 2196 1174 2252 omnibus
1217 2208 1272 2254 et
1298 2208 1580 2257 ventorum
1612 2202 1826 2261 ﬂatibus
1852 2210 1908 2261 et

318 2285 486 2339 maris
508 2284 759 2341 motibus.
791 2286 970 2358 Atqu’e
1010 2288 1080 2343 ita
1109 2290 1197 2346 illa
1225 2299 1279 2346 ct
1306 2286 1490 2348 smculi
1518 2304 1577 2351 et
1604 2295 1907 2353 immundo-

317 2388 435 2433 rum
462 2377 744 2446 spirituum
788 2390 1012 2436 vexatur
1047 2382 1373 2442 incursibus.
1416 2386 1713 2458 Propositis
1761 2392 1904 2448 enim

317 2466 680 2537 periculorum
703 2472 944 2527 omnium
969 2476 1223 2541 motibus,
1246 2475 1445 2533 Christi
1470 2492 1683 2545 navem,
1717 2481 1771 2536 id
1799 2486 1904 2549 est.

320 2556 620 2615 Ecclesium
666 2562 953 2619 iutroimus
992 2566 1269 2623 :scieutes
1312 2572 1412 2625 nos
1460 2571 1595 2626 mari
1640 2578 1909 2646 ventoque

313 2649 623 2722 jactandos;
652 2652 723 2710 Ut
749 2656 913 2726 igitur
938 2656 1073 2712 ordo
1105 2660 1300 2730 ιγρίοω
1325 2662 1700 2733 signiﬁcantite
1729 2665 1911 2725 cohae-

320 2751 487 2808 reret,
535 2755 825 2817 possetque
871 2747 1095 2819 intelligi
1149 2750 1386 2808 ﬁdelium
1417 2757 1592 2825 portio
1642 2768 1908 2816 consectis

321 2835 562 2892 dentium
616 2855 842 2907 navem,
889 2852 941 2897 et
974 2842 1270 2899 inﬁdelium
1320 2846 1469 2902 turba
1518 2848 1907 2923 residentiunt;

322 2931 528 2991 Scriba:
552 2944 608 2991 et
631 2934 878 3007 discipuli
910 2945 1140 3007 persona
1168 2941 1527 3015 subiungitur.

397 3028 484 3086 10.
527 3028 711 3084 Scriba
739 3029 918 3086 doctor
939 3033 1089 3105 legis,
1111 3034 1347 3105 inﬁdeles
1367 3039 1657 3095 adumbrat.
1693 3041 1907 3112 Vulpes;

2013 1934 2202 2002 tendit,
2236 1936 2525 2005 perlectam
2551 1937 2605 1993 iu
2635 1956 2694 1994 se
2725 1939 2880 1995 iidem
2913 1930 3056 1995 nulla
3087 1943 3361 1997 smcularis
3389 1942 3443 1997 in
3471 1943 3604 1998 alte-

2010 2032 2128 2083 ram
2158 2024 2321 2084 ofﬁcii
2371 2028 2633 2102 religione
2676 2046 2797 2087 esse
2844 2031 3147 2088 devinctam
3188 2033 3426 2088 :deinde
3455 2034 3598 2089 inter

2010 2106 2220 2178 ﬁdelem
2264 2122 2429 2177 lilium
2462 2133 2778 2195 patremque
2818 2122 3089 2180 inﬁdelem
3131 2126 3218 2195 jus
3263 2127 3468 2196 paterni
3502 2142 3601 2181 no—

2008 2214 2172 2271 minis
2203 2233 2307 2270 nou
2340 2215 2586 2285 relinqui.
2631 2212 2747 2273 Non
2791 2217 2951 2287 igitur
2979 2219 3293 2288 obsequium
3341 2216 3599 2274 humandi

2009 2307 2175 2379 patris
2199 2300 2412 2378 negavit
2440 2326 2453 2362 :
2484 2294 2577 2363 sed
2603 2306 2870 2371 addendo,
2905 2302 3112 2364 Dimitte
3134 2320 3359 2364 mortuos
3387 2311 3605 2381 sepelire

2008 2402 2235 2454 mortuas
2255 2414 2394 2464 suos,
2420 2399 2701 2456 admonuit
2725 2416 2827 2456 non
2847 2399 3131 2458 admisceri
3156 2403 3429 2458 memoriis
3450 2419 3606 2461 sanc-

2010 2499 2187 2546 torum
2220 2496 2459 2549 mortuos
2501 2486 2744 2549 inﬁdeles
2770 2510 2781 2547 :
2811 2500 3052 2550 mortuos
3095 2505 3270 2551 autem
3313 2497 3474 2551 etiam
3508 2512 3603 2553 eos

2010 2592 2162 2648 esse,
2193 2585 2281 2655 qui
2309 2593 2458 2640 citra
2491 2585 2656 2640 Deum
2688 2586 2890 2642 vivant.
2925 2580 2988 2642 Et
3018 2586 3219 2643 idcirco
3249 2598 3429 2643 mutua
3461 2605 3606 2644 mor-

2012 2666 2117 2735 tuis
2144 2675 2317 2733 ofﬁcia
2344 2676 2716 2748 relinquenda,
2742 2686 2803 2735 ut
2829 2680 3023 2734 mortui
3051 2680 3380 2751 Sepeliautur
3403 2697 3432 2735 a
3458 2697 3606 2736 mor-

2011 2773 2163 2828 tuis:
2196 2772 2316 2842 quia
2365 2785 2464 2842 per
2509 2771 2602 2828 Dei
2651 2765 2827 2829 ﬁdem
2856 2762 3007 2829 vivos
3054 2771 3176 2828 vivo
3219 2783 3467 2844 oporteat
3510 2770 3605 2827 ad-

2010 2865 2241 2923 haerere.

2604 2982 2832 3040 CAPUT
2871 2978 3003 3041 Vili.

319 3122 798 3194 "eadopmphem.
879 3095 1127 3183 vager.”
1169 3095 1291 3186 ,τω
1320 3168 1334 3197 ’
1397 3131 1673 3189 mw“.
1704 3095 1711 3097 ‘
2013 3096 2093 3154 De
2107 3098 2391 3210 discipulis
2418 3098 2472 3202 in
2502 3099 2619 3153 navi
2664 3097 3002 3210 eicituntibus
3044 3096 3247 3210 Iesum,
3299 3096 3362 3210 de
3395 3095 3606 3210 ‘dnobus

322 3219 515 3278 Christi
548 3218 705 3273 Deus.
739 3219 928 3276 Omttes
954 3222 1013 3275 in
1032 3218 1316 3277 Ecclesium
1340 3223 1560 3281 inuitati.
1593 3254 1662 3266 --
1695 3226 1762 3283 Et
1791 3202 1910 3299 αἰή-
1937 3202 1984 3268 C

320 3319 443 3375 dem
473 3317 680 3383 Scriba,
712 3316 801 3385 qui
829 3323 914 3371 est
936 3327 1077 3370 unus
1101 3328 1167 3371 ex
1205 3315 1516 3373 doctoribus
1556 3320 1711 3390 legis,
1742 3338 1809 3377 an
1841 3323 1911 3379 sit

320 3423 603 3469 secuturus
630 3410 945 3478 interrogat.
976 3408 1138 3474 Quasi
1184 3418 1314 3463 vero
1342 3409 1460 3480 lege
1483 3420 1587 3465 non
1619 3413 1759 3468 hunc
1787 3428 1910 3473 esse

321 3504 615 3568 Chrismm,
647 3517 806 3574 quem
836 3502 988 3572 sequi
1020 3509 1165 3557 esset
1199 3502 1351 3567 utile.
1385 3504 1772 3561 contineretur.
1807 3505 1912 3579 lgi-

322 3608 410 3654 tur
441 3595 770 3651 inﬁdelitatis
815 3593 1065 3649 allectum
1112 3593 1217 3649 sub
1266 3592 1560 3652 dimdentia
1613 3598 1911 3672 interroga-

323 3690 485 3747 tionis
530 3688 830 3756 expressit:
861 3687 984 3758 quia
1034 3686 1160 3742 ﬁdei
1197 3691 1495 3759 asstnnptio
1526 3706 1632 3761 non
1683 3693 1911 3750 interro-

320 3781 495 3855 ganda
524 3789 627 3845 est,
672 3779 765 3837 sed
796 3779 1089 3850 sequenda.
1120 3779 1191 3836 Ut
1235 3789 1413 3836 autem
1459 3782 1649 3838 eadem
1682 3786 1911 3842 interro;

318 3877 466 3948 gatio
515 3870 845 3929 inﬁdelitatis
893 3881 1041 3928 esset
1101 3872 1288 3943 punita
1342 3874 1583 3943 judicio;
1648 3876 1909 3936 Dominus

318 3966 622 4037 respondit,
655 3966 841 4035 vulpes
863 3964 1060 4019 habere
1081 3964 1287 4032 foveas,
1312 3973 1369 4021 et
1397 3968 1646 4025 volucres
1675 3970 1799 4027 cccli
1826 3972 1911 4027 ni-

319 4061 420 4117 dos
445 4060 639 4132 quibus
665 4060 1028 4128 requiescant,
1080 4058 1314 4114 hominis
1359 4069 1536 4116 autem
1586 4060 1753 4118 lilium
1804 4081 1910 4122 non

322 4153 521 4207 habere
545 4153 635 4207 ubi
665 4161 826 4221 caput
870 4160 1027 4205 suum
1077 4151 1323 4208 reclinet.
1360 4153 1434 4227 (ε)
1469 4154 1666 4227 Vulpes
1691 4165 1775 4213 est
1799 4159 1913 4213 anln

320 4244 428 4321 mal
458 4244 770 4299 insidiosum
791 4285 805 4311 ,
838 4244 979 4299 circa
1007 4243 1290 4300 domorum
1323 4261 1383 4302 se
1410 4248 1665 4304 occulens
1704 4249 1909 4319 foveas,

320 4349 376 4395 et
410 4338 719 4395 domesticis
765 4337 952 4393 avibus
995 4338 1302 4394 insidians:
1332 4349 1495 4412 atque
1543 4341 1648 4399 hoc
1696 4346 1913 4403 nomine

260 4418 265 4423 δ
318 4428 820 4502 pseudoprophetas
869 4428 1164 4499 nuncupari
1215 4431 1419 4502 aliquot
1475 4432 1610 4490 locis
1661 4434 1909 4505 legimus.

317 4524 579 4581 Volucres
606 4529 784 4577 autem
804 4522 927 4577 caeli
946 4537 1092 4592 saepe
1120 4538 1344 4579 numero
1368 4524 1674 4583 immundos
1693 4530 1916 4597 spiritus

318 4615 685 4687 cognominari
732 4612 1036 4669 didicimus.
1088 4614 1180 4670 Dei
1234 4630 1363 4686 ergo
1409 4616 1548 4673 ﬁlius
1590 4592 1912 4689 paucitatem
1942 4592 1991 4656 D

321 4707 663 4782 sequentium
698 4714 987 4773 contuens,
1020 4716 1074 4762 et
1110 4707 1333 4764 doctore
1361 4708 1496 4780 legis
1540 4710 1815 4772 difﬁdente
1843 4732 1911 4772 au

319 4808 639 4873 sequeretur
698 4800 902 4870 ipsum,
954 4795 1245 4870 exprobrat
1292 4800 1772 4874 pseudoprophetis
1793 4822 1914 4865 esse

317 4893 524 4959 foveas,
548 4903 601 4948 et
622 4892 913 4947 immundis
933 4892 1207 4962 spiritibus
1228 4893 1383 4947 nidos
1398 4895 1742 4965 quiescendi;
1764 4902 1906 4971 ψηιά

319 4995 470 5040 extra
516 4986 705 5040 'navcm
733 4985 929 5050 relicti,
978 4985 1161 5053 idest,
1190 4996 1340 5041 extra
1390 4986 1684 5046 Ecclesium
1730 4995 1911 5065 positi,

318 5076 494 5133 ell‘ecti
523 5078 630 5133 sint
661 5077 927 5134 incolatus
970 5078 1594 5152 pseudoprophetarum,
1623 5094 1676 5139 et
1706 5084 1914 5145 habita-

317 5174 396 5229 tio
421 5172 724 5230 daemouum
758 5191 771 5227 :
804 5172 970 5230 ﬁlium
1002 5183 1179 5231 autem
1210 5175 1467 5246 hominis,
1500 5194 1563 5235 se
1595 5183 1805 5243 scilicet
1827 5192 1915 5247 cui

387 5342 462 5420 (ᾳ)
501 5341 557 5397 In
585 5341 840 5420 vulgatis,
873 5342 1090 5420 videtur.
1123 5345 1190 5420 At
1230 5342 1286 5420 in
1327 5357 1460 5420 mss.
1499 5345 1731 5420 jubetnr,
1781 5364 1913 5420 quo.

314 5415 480 5489 modo
509 5421 564 5467 et
585 5414 636 5469 in
665 5429 821 5469 sacro
853 5423 1021 5479 textu.
1042 5416 1203 5489 jussit
1233 5414 1514 5487 discipulos
1530 5432 1651 5472 suos
1678 5419 1751 5474 ire
1770 5414 1911 5478 trans

341 5498 415 5542 ret
420 5504 449 5539 lt
456 5503 525 5543 m.

316 5488 604 5628 {relllinilic
626 5565 683 5612 ut
710 5555 845 5612 infra
868 5571 915 5612 c.
941 5556 1032 5620 2i,
1072 5573 1126 5611 n.
1149 5555 1205 5624 2,
1232 5556 1397 5612 vector
1420 5557 1635 5628 passive
1654 5561 1908 5621 sumitur.

397 5560 444 5625 [ὸ
508 5558 604 5612 Hic
626 5565 683 5612 ut
710 5558 845 5612 infra
868 5571 915 5612 c.
941 5558 1032 5620 2i,
1072 5573 1126 5611 u.
1149 5558 1205 5624 2,
1232 5558 1397 5612 vector
1420 5570 1497 5628 pa:

397 5558 468 5700 (ei
509 5624 883 5700 ni.«s._5ttmtno
908 5643 1198 5693 consensu,
1229 5628 1449 5700 culpis,
1493 5695 1497 5699 ν

391 5696 487 5771 (dt
517 5696 683 5762 Editi,
734 5717 865 5754 unus
894 5701 946 5753 in
991 5700 1133 5754 caelis
1172 5709 1266 5753 est.
1299 5696 1522 5771 Reatins
1566 5715 1698 5756 mss.
1746 5702 1904 5771 virus,

320 5778 446 5842 puta
477 5769 596 5827 loco
645 5771 839 5845 mortui
872 5789 885 5825 :
916 5779 970 5827 et
1000 5771 1123 5845 hoc,
1166 5770 1285 5845 quia
1434 5767 1529 5845 Dei
1574 5773 1726 5843 ﬁdem
1769 5767 1908 5840 vittas

319 5840 431 5902 rivo
460 5852 691 5918 aporteat
718 5841 1002 5915 adhortere,
1029 5842 1084 5901 ut
1113 5840 1250 5902 inira
1273 5840 1573 5918 Subjicitur.

2086 3191 2416 3247 daemoniaci:
2442 3190 2493 3244 in
2521 3199 2654 3243 terra
2685 3187 3084 3257 Gerasenorum,
3107 3187 3172 3243 de
3205 3189 3492 3260 paralytico
3510 3203 3605 3243 cu-

2086 3294 2197 3339 rato
2219 3292 2264 3337 et
2296 3283 2479 3338 lectum
2507 3285 2787 3355 auferente.

2088 3423 2139 3478 l.
2181 3420 2411 3477 Christus
2458 3419 2665 3490 quando
2714 3429 2759 3473 et
2802 3428 2988 3490 quanto
3029 3416 3259 3491 periculo
3305 3418 3525 3475 dormiat
3554 3419 3609 3475 in

2013 3515 2178 3572 nobis.
2210 3544 2281 3555 —
2311 3511 2376 3567 Et
2416 3512 2715 3568 ascendente
2766 3527 2824 3566 eo
2863 3513 2916 3566 in
2970 3496 3277 3580 naviculam,
3311 3514 3466 3567 secuti
3491 3512 3607 3569 sunt

2014 3623 2126 3662 eum
2157 3598 2419 3679 discipuli.
2470 3600 2534 3660 Et
2574 3614 2685 3659 ecce
2713 3612 2981 3677 tempestas
3024 3612 3207 3674 inagna
3255 3609 3392 3675 facta
3436 3615 3509 3661 est
3554 3608 3606 3662 in

2014 3700 2168 3767 mari,
2210 3708 2265 3754 et
2295 3688 2500 3770 reliqua
2550 3692 2777 3769 (Matth.
2810 3704 2925 3761 vni,
2955 3695 3028 3751 εδ
3071 3707 3118 3750 et
3156 3693 3358 3768 καφ).
3408 3696 3606 3752 Navem

2015 3789 2293 3859 discipulis
2331 3786 2674 3859 iutrogrcssis
2713 3794 3004 3855 tempestas
3044 3787 3235 3853 oritur,
3270 3794 3419 3843 mare
3458 3804 3608 3843 com-

2015 3892 2283 3949 movetur,
2311 3881 2621 3951 navigantes
2649 3878 2947 3934 turbantur.
2974 3878 3092 3949 lpse
3114 3892 3243 3932 vero
3262 3894 3454 3934 somno
3478 3895 3607 3934 con-

2015 3974 2222 4047 sopitus
2243 3974 2311 4048 (ε)
2347 3975 2648 4031 titnentium
2674 3982 2818 4027 metu
2838 3973 3122 4035 excitatur,
3157 3983 3340 4028 oratur
3361 3985 3417 4028 ut
3446 3990 3603 4042 opem

2015 4066 2223 4125 aﬂ’erat.
2254 4064 2319 4124 Et
2360 4064 2638 4139 increpitis
2681 4066 2748 4121 iis
2774 4065 2914 4135 quod
2963 4060 3187 4119 modicae
3231 4068 3417 4121 essent
3458 4064 3602 4131 ﬁdei,

2015 4170 2177 4220 vento
2203 4168 2257 4219 et
2292 4161 2430 4218 mari
2455 4158 2897 4233 tranduillitatem
2927 4160 3231 4229 imperavit,
3265 4160 3333 4233 (f)
3364 4177 3482 4217 cum
3511 4160 3605 4216 ad-

2016 4257 2300 4313 miratione
2327 4253 2604 4310 hominum
2650 4254 2933 4327 praeceptis
2971 4252 3088 4323 ejus
3125 4263 3343 4308 ventum
3373 4262 3429 4310 et
3457 4270 3607 4311 mare

2015 4351 2283 4409 obcdissc.
2318 4344 2483 4421 igitur
2515 4349 2809 4406 secundum
2849 4347 2966 4403 haec
2994 4347 3262 4416 ecclesiae,
3292 4346 3431 4405 intra
3474 4365 3607 4421 quas

2014 4447 2238 4503 verbum
2264 4446 2358 4501 Dei
2381 4461 2485 4501 non
2511 4445 2830 4516 vigilaverit,
2853 4442 3122 4512 naufragae.
3144 4454 3270 4499 sunt
3294 4462 3308 4498 :
3338 4459 3442 4500 non
3465 4443 3606 4515 quod

2015 4540 2262 4598 Christus
2286 4541 2338 4595 in
2361 4540 2606 4595 somnum
2638 4540 2908 4595 relaxotur
2928 4580 2940 4603 ,
2983 4541 3079 4595 sed
3103 4539 3245 4608 quod
3268 4554 3459 4594 somno
3488 4552 3614 4595 nos-

2017 4642 2103 4689 tro
2127 4630 2475 4703 consopiatur
2502 4631 2554 4686 in
2587 4632 2762 4687 nobis.
2783 4632 3012 4687 Maxime
3032 4640 3208 4686 autem
3231 4630 3360 4685 illud
3393 4629 3607 4697 accidit,

2013 4733 2126 4780 uta
2152 4724 2260 4780 Deo
2286 4726 2363 4794 (g)
2406 4724 2668 4794 principue
2697 4725 2748 4778 in
2805 4723 3028 4793 periculi
3076 4732 3221 4778 metu
3247 4733 3301 4778 et
3328 4724 3609 4777 vexatione

2016 4831 2314 4887 speremus.
2348 4816 2521 4886 Atque
2547 4816 2749 4870 utinam
2782 4816 2863 4870 vel
2889 4830 3014 4884 Spes
3051 4829 3168 4869 sera
3206 4814 3437 4869 conﬁdat
3481 4828 3604 4869 sese

2020 4909 2316 4982 periculum
2343 4924 2502 4980 posse
2530 4908 2783 4975 evadere,
2816 4907 3014 4963 Christi
3045 4906 3125 4980 (lt)
3152 4908 3290 4961 intra
3322 4923 3381 4962 se
3413 4907 3608 4963 virtute

2016 5003 2290 5076 vigilante.
2323 5002 2643 5073 Perpetuam
2688 5011 2868 5056 autem
2899 4996 3054 5055 nobis
3084 4996 3470 5072 objurgationis
3498 5015 3610 5054 sum.

2018 5097 2446 5154 recordationem
2478 5095 2711 5164 reliquit,
2743 5093 2951 5150 dicens:
2985 5091 3207 5148 Modica:
3227 5094 3370 5164 ﬁdei,
3400 5091 3522 5165 quid
3545 5093 3611 5147 ti—

2016 5192 2144 5248 ntidi
2167 5191 2287 5248 estis
2339 5186 2505 5259 (Ibid.
2534 5187 2665 5260 26)?
2693 5194 2894 5242 metum
2918 5185 3128 5241 scilicet
3161 5195 3401 5239 motuum
3433 5198 3607 5240 smcu-

2094 5354 2167 5427 (e)
2208 5351 2558 5410 Carnuteusis
2586 5349 2757 5406 codex
2779 5356 2900 5403 cum
2921 5362 3032 5403 uno
3056 5346 3207 5403 Colb.
3243 5347 3569 5419 compositus.

2094 5447 2159 5519 If)
2199 5443 2355 5507 Illud,
2377 5442 2891 5519 cumadmiratione
2914 5440 3197 5508 hominum,
3226 5438 3471 5496 eamdem
3502 5439 3615 5513 vim

2016 5511 2179 5574 habet
2209 5533 2289 5580 ac,
2319 5514 2643 5570 mirantibus
2671 5511 3001 5569 hominibus.

2092 5609 2168 5682 (g)
2210 5608 2418 5682 Latinio
2460 5606 2784 5675 coniectanti
2811 5604 3099 5675 legendum
3140 5620 3261 5662 esse
3308 5607 3609 5675 prwsidiunt

2011 5681 2118 5738 non
2146 5681 2504 5750 sull'ragantur
2533 5693 2665 5734 mss.
3242 5698 3245 5701 λ
3492 5700 3495 5705 ›
3606 5696 3609 5703 ι

2105 5773 2187 5846 (h)
2229 5772 2479 5855 Vulgati,
2520 5772 2666 5855 intra
2714 5788 2810 5828 nos
2852 5769 3091 5829 servitute
3132 5771 3371 5845 vigilante
3398 5788 3418 5840 ς
3447 5771 3617 5845 ᾳοττὶς

2030 5855 2227 5920 guntur
2250 5852 2568 5904 auctoritate
2587 5857 2718 5902 mss.
