4222 6262
582 251 694 311 959

1776 255 2021 314 SANCTI
2050 254 2301 312 HILARII
2333 255 2638 320 EPISCOPI

3788 267 3906 326 960

583 367 803 438 larium,
851 384 974 428 cum
1019 371 1214 443 quibus
1242 371 1316 447 (a)
1346 371 1548 431 Christi
1573 372 1702 430 lldes
1742 371 1947 444 vigilet,
1981 370 2186 428 nullum
2215 374 2268 433 Α
2295 377 2574 442 praesentis
2601 376 2874 436 infestam.
2906 381 3072 452 Igitur
3098 392 3160 438 ut
3178 392 3324 440 esset
3353 383 3409 438 in
3435 382 3599 440 rebus
3627 384 3900 456 gerendis

588 475 712 518 esse
743 470 1012 531 oportere.

660 551 717 606 2.
759 552 1016 624 Discipuli
1045 571 1137 610 cur
1154 559 1269 630 jam
1298 557 1558 625 homines,
1605 575 1707 613 non
1732 558 1974 626 discipuli
2012 558 2191 612 dican-

591 650 692 696 tur.
740 673 809 682 --
858 643 1219 716 Consequitur
1249 647 1444 703 deinde
1477 649 1754 705 hominum
1797 650 2082 706 admiratio
2111 650 2192 704 di-

595 733 855 789 centium:
890 735 1074 801 Qualis
1105 739 1195 793 hic
1217 740 1368 794 homo
1390 752 1485 808 est,
1515 744 1652 821 quod
1673 744 1805 797 renti
1834 753 1881 798 et
1909 760 2050 797 mare
2075 742 2194 797 obe-

592 826 742 880 diunt
785 828 832 882 ei
892 827 1055 902 (Ibid.
1095 829 1228 904 27)?
1279 833 1394 888 Non
1425 834 1810 904 discipulorum
1859 835 1948 890 hic
1990 851 2192 902 sermo,

593 920 691 975 sed
733 922 973 992 gentium
1021 935 1122 980 est.
1173 926 1305 981 Nam
1352 943 1474 982 cum
1521 930 1769 1000 superius
1801 937 1858 985 et
1899 929 2195 1000 discipulos

596 1020 802 1068 tantum
833 1031 1023 1071 navem
1055 1017 1330 1086 introisse,
1364 1030 1417 1075 et
1456 1036 1485 1074 a
1513 1021 1793 1091 discipulis
1817 1032 2022 1076 tantum
2047 1021 2196 1076 exci-

601 1113 767 1161 tatum
817 1122 936 1163 esse
978 1109 1236 1176 dixisset;
1271 1127 1414 1168 nunc
1456 1112 1752 1169 admiratos
1801 1129 1921 1169 esse
1946 1113 2197 1169 homines

600 1200 888 1270 signiﬁcat,
922 1202 994 1274 (b)
1023 1202 1333 1259 hominibus
1375 1206 1647 1261 hominem
1678 1205 1841 1278 704Ι
1879 1207 1930 1260 in
1962 1207 2072 1276 ipsa
2099 1203 2196 1260 ad-

603 1293 891 1348 miratione
935 1295 1258 1352 dicentibus.
1289 1297 1406 1365 Qua
1437 1299 1714 1353 nominum
1736 1297 2094 1353 conversione
2116 1299 2201 1352 in-

603 1384 883 1463 telligitur,
929 1387 1108 1442 omnia
1138 1403 1302 1457 opera
1333 1389 1556 1456 Christi,
1605 1405 1900 1460 onmesque
1948 1388 2067 1458 ejus
2094 1389 2201 1442 vir-

606 1486 749 1532 tutes
792 1487 848 1532 ut
891 1477 986 1533 Dei
1030 1494 1152 1534 esse
1199 1480 1491 1535 laudandas
1535 1481 1705 1552 :quia
1754 1480 1949 1551 piaculi
1987 1480 2203 1551 gentilis

605 1570 1003 1641 miserrimique
1047 1575 1247 1628 erroris
1291 1575 1570 1630 stultitiam
1617 1576 1956 1631 demonstrat
1985 1617 1999 1640 ,
2049 1573 2193 1644 quod

606 1674 730 1714 eum
761 1675 828 1716 ex
861 1661 1160 1720 humilitate
1194 1666 1456 1733 passionis
1490 1667 1761 1722 hominem
1789 1667 1966 1738 potius
1992 1682 2197 1722 nuncu-

608 1761 758 1821 pent,
790 1769 952 1824 quam
979 1770 1043 1810 ex
1077 1757 1361 1812 virtutibus
1393 1760 1579 1814 Deum.
1890 1751 1892 1754 ’

681 1847 734 1901 5.
771 1844 842 1900 Et
872 1863 987 1900 cum
1008 1850 1223 1904 venisset
1253 1860 1396 1905 trans
1429 1845 1612 1923 fretum
1636 1854 1691 1906 in
1716 1853 1972 1924 regionem
1997 1851 2212 1907 Gerase-

612 1955 815 2000 norum,
847 1951 1181 1995 occurrerunt
1212 1943 1257 1995 ei
1287 1942 1391 1996 duo
1424 1941 1658 1998 homines
1688 1944 1943 1998 daemonia
1973 1945 2213 2000 habentes

534 2104 545 2113 ‘
613 2030 677 2083 de
717 2034 1058 2086 monumentis
1105 2044 1373 2100 exeuntes,
1408 2037 1683 2104 periculosi
1722 2037 1895 2102 nimis,
1927 2045 1982 2091 et
2012 2037 2214 2106 reliqua

519 2157 522 2159 Α
613 2118 780 2193 (Ibid.
806 2119 921 2192 ‘28).
957 2123 1127 2177 Duum
1159 2124 1436 2181 hominum
1469 2142 1728 2183 occursus
1749 2169 1763 2194 ,
1807 2128 2112 2184 daemonum
2159 2129 2212 2184 in

613 2213 750 2270 duos
793 2215 1040 2272 homines
1085 2218 1243 2289 longa
1281 2221 1574 2290 possessio,
1620 2231 1675 2276 et
1704 2222 2004 2292 periculosa
2035 2230 2213 2278 trans-

614 2309 868 2365 euntibus
925 2312 1030 2374 via,
1081 2321 1137 2368 et
1165 2314 1552 2385 trausfugiendi
1581 2316 1633 2370 in
1663 2331 1858 2387 porcos
1885 2315 2212 2386 deprecatio,

617 2410 673 2456 et
720 2404 961 2473 purgatis
1006 2403 1312 2461 hominibus
1339 2408 1516 2477 gregis
1557 2407 1726 2478 ipsius
1763 2423 1860 2478 per
1890 2423 2131 2478 praeceps
2162 2408 2216 2463 in

618 2512 768 2553 mare
795 2513 972 2564 casus,
1005 2499 1202 2556 dehinc
1244 2510 1520 2572 pastorum
1555 2505 1610 2558 in
1643 2504 1900 2574 oppidum
1934 2503 2054 2575 fuga
2076 2546 2090 2570 ,
2115 2519 2216 2576 po-

621 2595 729 2664 puli
773 2596 840 2651 de
884 2599 1107 2654 civitate
1149 2615 1488 2670 progressus,
1533 2609 1590 2657 et
1631 2616 1696 2657 ne
1735 2601 1926 2656 urbem
1959 2601 2217 2657 Dominus

619 2689 792 2745 adiret
822 2691 1034 2762 legatio,
1071 2704 1122 2748 et
1154 2693 1360 2750 reditus
1390 2696 1506 2764 ejus
1538 2695 1588 2748 in
1623 2697 1872 2765 patriam.
1906 2702 1961 2749 et
1993 2696 2102 2750 illic
2126 2711 2218 2765 pa-

621 2785 830 2857 ralytici
860 2785 912 2841 in
943 2787 1083 2843 lecto
1105 2788 1341 2859 jacentis
1371 2789 1569 2844 oblatio
1590 2831 1603 2854 ,
1635 2799 1690 2844 et
1722 2786 1793 2860 (c)
1826 2805 1924 2858 pro
1952 2787 2071 2842 ﬁdei
2105 2803 2218 2842 me.

622 2880 727 2934 rito
754 2880 806 2935 in
851 2888 1094 2951 tempore
1125 2882 1243 2953 ipso
1282 2890 1622 2952 peccatorum
1664 2884 1939 2948 remissio,
1984 2890 2040 2936 et
2070 2897 2217 2935 mur-

625 2987 749 3026 mur
789 2972 1122 3039 Scribarum,
1178 2983 1233 3030 et
1271 2976 1488 3030 virtutis
1526 2975 1819 3040 conlcssio,
1851 2981 1906 3029 et
1943 2973 2218 3045 paralytici

624 3067 785 3121 etiam
827 3069 928 3122 sub
954 3081 1119 3122 onere
1151 3069 1332 3124 lectuli
1366 3073 1417 3124 in
1439 3068 1660 3123 domum
1692 3067 1929 3134 reditus,
1958 3076 2013 3123 et
2043 3066 2222 3122 homi-

625 3175 752 3212 num
776 3158 1082 3226 admiratio,
1111 3160 1248 3216 ltanc
1272 3161 1471 3216 habent
1495 3176 1734 3215 causam.

695 3252 751 3306 4.
789 3251 1057 3307 Daemones
1084 3271 1111 3308 e
1153 3255 1386 3325 gentibus
1430 3257 1632 3326 expulsi
1666 3254 1931 3310 hwreticos
1972 3255 2213 3308 obtinent.

625 3339 859 3396 Christus
897 3359 928 3396 a
959 3341 1162 3399 ludatis
1202 3348 1502 3416 repudiatus
1535 3363 1656 3402 um
1705 3364 1771 3402 an
1802 3360 2034 3403 caetras.
2059 3377 2128 3390 —-
2160 3348 2215 3402 ln

621 3435 847 3492 exordio
874 3438 1089 3508 generis
1121 3439 1341 3494 humani
1381 3442 1432 3495 in
1477 3449 1587 3494 tres
1617 3440 1717 3496 fuit
1758 3441 1975 3495 humani
2005 3442 2221 3511 generis

622 3526 836 3595 divisio,
864 3529 977 3585 Noe
1004 3533 1213 3587 scilicet
1256 3532 1417 3598 ﬁlios,
1440 3549 1506 3588 ex
1538 3534 1732 3604 quibus
1762 3535 2058 3591 secundum
2092 3550 2218 3604 pro-

625 3620 864 3692 phetiam
896 3621 1144 3690 Genesis,
1174 3623 1300 3680 Scin
1332 3625 1384 3679 in
1419 3625 1816 3695 possessionem
1854 3626 1946 3682 Dei
1980 3626 2221 3681 delectus

624 3722 726 3769 est.
758 3715 924 3770 Extra
957 3716 1145 3772 urbem
1175 3729 1378 3781 autem,
1412 3717 1464 3772 id
1494 3729 1572 3772 e5t
1595 3760 1610 3782 ,
1641 3725 1793 3774 extra
1839 3718 1973 3789 legis
2001 3726 2057 3773 et
2094 3734 2221 3789 pro-

624 3807 911 3879 phetarum
943 3824 1266 3882 synagOgam
1295 3852 1308 3875 ,
1337 3810 1474 3866 duos
1503 3809 1751 3866 homines
1782 3811 1832 3864 in
1864 3812 2227 3866 monumentis

629 3899 906 3956 daemones
933 3901 1250 3957 detinebant
1284 3920 1296 3956 :
1332 3902 1557 3958 duarum
1603 3903 1812 3958 scilicet
1845 3905 2087 3973 gentium
2119 3905 2227 3959 ori-

625 3997 775 4066 gines
801 3997 938 4053 intra
955 3997 1331 4054 defunctorum
1362 3998 1519 4053 sedes
1539 4005 1943 4053 etmortuorum
1973 3999 2227 4069 reliquias

626 4089 990 4158 obsederant,
1051 4091 1351 4147 efﬁcientes
1405 4090 1862 4162 prmtereuntibus
1910 4090 2050 4146 viam
2101 4091 2226 4144 vitane

703 4276 779 4349 (a)
817 4277 924 4333 Sex
952 4293 1080 4349 mss.
1107 4278 1340 4333 Christus
1365 4277 1538 4348 vigilet
1561 4294 1579 4329 :
1613 4291 1718 4349 non
1750 4276 1858 4330 alio
1882 4290 2068 4349 sensu,
2096 4289 2220 4349 cum

630 4347 909 4402 secundum
939 4348 1092 4416 fidem
1138 4360 1364 4401 nostram
1395 4347 1483 4400 aut
1511 4348 1800 4416 vigilantem
1829 4358 1919 4400 aut
1962 4347 2223 4400 dormien-

634 4430 754 4480 tem,
777 4429 831 4473 et
856 4419 994 4472 Dens
1014 4429 1067 4473 et
1091 4419 1340 4473 Christus
1363 4420 1414 4472 in
1439 4419 1592 4472 nobis
1617 4418 1835 4488 vigilent
1857 4427 1911 4473 et
1930 4417 2215 4482 dormiant,

2292 465 2454 549 futuri
2485 469 2646 538 plena
2693 473 2992 540 meditatio,
3026 476 3263 530 venienti
3299 475 3526 530 Domino
3561 475 3666 531 duo
3709 477 3897 531 homi-

2294 577 2389 618 nes
2414 574 2705 620 occurrunt
2733 582 2746 620 :
2779 576 2841 622 ut
2861 583 3090 624 occursu
3117 584 3326 637 eorum,
3351 570 3784 624 concurrentium
3823 568 3900 624 ad

2294 655 2523 711 salutem
2549 658 2798 714 voluntas
2829 661 3175 716 indicaretur.
3201 663 3307 718 Sed
3348 663 3401 716 in
3435 663 3749 718 hominibus
3778 661 3901 719 da-

2297 760 2485 802 n'tones
2515 750 2870 819 proclamant,
2900 767 2997 808 cur
3019 754 3202 810 sedem
3236 754 3488 819 invideat,
3516 769 3616 809 cur
3643 763 3774 808 ante
3811 753 3902 822 ju-

2298 837 2424 892 dicii
2468 849 2681 910 tempus
2721 843 2960 900 infestet.
3010 847 3306 916 Adjacebat
3354 849 3515 902 etiam
3556 847 3637 902 eis
3684 847 3906 903 duobus

2297 931 2536 1000 gentium
2564 936 2777 1004 pepulis
2807 937 2957 1006 plebs
2987 937 3066 1011 (ά)
3092 955 3154 993 ex
3184 939 3309 1000 Sem
3339 955 3541 1010 genere
3566 939 3906 996 Sadducacoa

2301 1038 2443 1088 rum,
2473 1040 2699 1093 quorum
2731 1027 2955 1084 lneresis
2983 1045 3050 1085 ex
3078 1030 3279 1102 Iudaeis
3305 1041 3513 1102 negata:
3545 1033 3910 1091 resurrectio-

2302 1115 2394 1169 nis
2425 1117 2691 1186 piaculum
2719 1133 2823 1176 est.
2849 1121 3100 1178 Videntes
3129 1125 3290 1193 igitur
3313 1124 3591 1179 daemones
3610 1166 3626 1188 ,
3660 1139 3774 1180 non
3802 1124 3908 1180 sibi

2297 1214 2408 1284 jam
2449 1210 2623 1268 locmn
2658 1217 2708 1270 in
2735 1217 2987 1286 gentibus
3023 1216 3324 1286 derelinqui
3347 1257 3360 1281 ,
3391 1229 3447 1271 ut
3476 1220 3711 1286 patiatur
3742 1216 3902 1271 habi-

2305 1316 2420 1362 tare
2451 1323 2511 1362 se
2539 1307 2591 1361 in
2622 1307 2890 1363 haereticis
2914 1309 3274 1378 deprecantur
3307 1327 3319 1362 :
3347 1307 3543 1380 quibus
3574 1310 3856 1378 occupatis
3877 1349 3896 1374 ,

2309 1407 2451 1452 totus
2483 1400 2534 1453 in
2569 1383 2716 1455 mare
2746 1401 2949 1472 impetu
2973 1401 3163 1472 rapido
3193 1417 3291 1470 per
3319 1415 3559 1471 praeceps
3584 1417 3715 1470 grex
3746 1415 3915 1456 coac-

2307 1500 2392 1546 tus
2414 1501 2500 1547 est
2527 1511 2539 1546 :
2574 1494 2624 1547 in
2649 1494 2994 1561 cupiditatem
3022 1495 3229 1550 scilicet
3250 1494 3321 1566 (e)
3352 1497 3670 1550 saecularem
3703 1495 3918 1549 daemo-

2308 1599 2434 1638 num
2471 1584 2873 1654 praecipitantur
2899 1586 3173 1650 instinctu,
3209 1587 3261 1640 in
3283 1586 3437 1654 aquis
3465 1586 3687 1651 multis,
3715 1587 3768 1640 id
3801 1595 3913 1652 est,

2308 1691 2430 1730 cum
2460 1677 2784 1746 reliquarum
2810 1679 3050 1748 gentium
3081 1677 3242 1750 705
3271 1676 3585 1732 infidelitate
3631 1677 3911 1732 morituri.

2238 1769 2286 1829 B
2318 1767 2491 1836 Atque
2509 1768 2669 1822 etiam
2691 1769 2742 1823 in
2762 1769 2864 1822 hoc
2878 1771 3049 1838 typica
3069 1770 3207 1823 ratio
3223 1777 3433 1824 servata
3451 1777 3553 1831 est,
3575 1779 3754 1824 utnon
3777 1769 3920 1825 satis

2317 1869 2461 1914 esset
2481 1859 2684 1916 dixisse
2714 1862 3078 1931 przrcipitatos
3104 1860 3158 1916 in
3182 1875 3350 1924 mare,
3373 1859 3473 1914 nisi
3498 1860 3653 1914 etiam
3676 1861 3920 1916 addere-

2321 1959 2424 2018 tur,
2453 1951 2519 2006 Et
2545 1953 2733 2007 mortui
2759 1967 2875 2006 sunt
2903 1953 2956 2006 in
2985 1954 3132 2022 aquis
3156 1952 3350 2006 multis.
3375 1951 3614 2020 Quorum
3641 1953 3916 2022 principes

2318 2053 2480 2113 atque
2523 2053 2767 2115 pastores
2811 2059 2992 2098 rcrntn
3025 2044 3207 2098 talium
3236 2042 3596 2099 admiratione
3620 2045 3813 2099 turbati
3849 2045 3924 2099 ad

2321 2136 2504 2192 urbem
2539 2136 2782 2200 veniunt,
2805 2146 2857 2191 et
2879 2152 2999 2206 qua:
3021 2145 3170 2206 gesta
3196 2146 3323 2191 sunt
3351 2137 3602 2204 nuntiant
3621 2135 3787 2210 (Ibid.
3815 2136 3914 2203 32,

2319 2228 2434 2300 '55).
2466 2227 2607 2285 Urbs
2634 2228 2722 2283 illa
2752 2227 2957 2284 Judaici
2986 2229 3166 2298 populi
3211 2228 3372 2285 habet
3398 2231 3658 2300 Speciem,
3696 2227 3770 2302 (ί)
3798 2246 3926 2298 quae

2320 2318 2517 2375 Christi
2548 2320 2801 2389 operibus
2829 2318 3024 2373 auditis
3049 2359 3065 2386 ,
3095 2319 3324 2373 Domino
3353 2334 3452 2374 suo
3475 2320 3692 2375 obviam
3722 2322 3925 2392 pergit,

2320 2413 2612 2486 prohibens
2635 2431 2703 2469 ne
2726 2414 2861 2470 lines
2881 2428 3007 2468 suos
3029 2413 3322 2485 urbemque
3342 2415 3720 2486 contingeret;
3746 2431 3931 2486 neque

2321 2507 2462 2562 enim
2490 2507 2778 2578 Evangelia
2809 2505 2886 2581 (g)
2911 2506 2995 2561 lex
3030 2505 3220 2576 recipit
3254 2524 3267 2560 :
3297 2522 3326 2560 a
3353 2522 3455 2577 quia
3489 2507 3834 2576 repudiatus,
3866 2508 3925 2564 in

2321 2602 2589 2657 civitatem
2621 2615 2772 2656 suam
2809 2601 3094 2656 revertitur
3116 2599 3332 2672 (Matth.
3366 2616 3440 2666 rx,
3475 2599 3551 2671 1).
3583 2601 3664 2672 (h)
3706 2601 3818 2657 Deo
3847 2601 3931 2656 ci-

2321 2696 2460 2750 vitas
2485 2695 2721 2750 ﬁdelium
2747 2695 2898 2766 plebs
2942 2704 3044 2750 est.
3095 2695 3151 2750 lu
3180 2694 3320 2750 hanc
3350 2694 3509 2767 igitur
3551 2695 3698 2762 navi,
3744 2693 3798 2750 id
3843 2702 3930 2752 est

2321 2789 2382 2863 (i)
2416 2787 2676 2854 Ecclesia,
2711 2795 2893 2843 vectus
2923 2787 3146 2842 introiit.

2395 2883 2448 2937 5.
2481 2883 2643 2936 Adam
2671 2883 2884 2937 obtinuit
2910 2884 3128 2937 ueniam.
3158 2911 3230 2922 —
3253 2881 3480 2953 Jamque
3520 2882 3574 2936 in
3619 2881 3928 2955 paralytico

2321 2977 2560 3048 gentium
2605 2974 2925 3030 universitas
2955 2974 3182 3030 oﬂ‘ertur
3207 2973 3494 3028 medenda.
3525 2973 3634 3028 Sed
3671 2983 3729 3029 et
3769 2989 3930 3030 cura-

2325 3069 2486 3122 tionis
2509 3068 2676 3137 ipsius
2705 3067 2866 3122 verba
2893 3076 3017 3122 sunt
3037 3065 3358 3122 contuenda.
3394 3065 3511 3120 Non
3537 3065 3739 3121 dicitur
3768 3081 3931 3136 para-

2245 3152 2292 3216 C
2325 3159 2508 3230 lytico,
2545 3159 2721 3214 Sanus
2758 3166 2910 3221 esto;
2955 3174 3061 3212 non
3109 3157 3328 3223 dicitur,
3371 3157 3543 3226 Surge
3585 3166 3635 3212 et
3668 3157 3924 3224 ambula;

2321 3252 2416 3308 sed
2446 3252 2660 3318 dicitur,
2685 3249 2935 3306 Constans
2961 3261 3067 3304 esto
3095 3250 3194 3318 ﬁli,
3214 3251 3425 3304 remissa
3451 3260 3569 3302 sunt
3595 3249 3689 3303 tibi
3711 3263 3932 3320 peccata

2326 3356 2414 3400 tua
2442 3345 2607 3418 (Ibid.
2651 3345 2731 3417 2).
2780 3344 2836 3400 In
2871 3345 3040 3400 Adam
3087 3360 3194 3399 uno
3235 3356 3451 3412 peccata
3492 3344 3754 3398 universis
3789 3359 3932 3412 gen-

2326 3438 2466 3494 tibus
2494 3439 2858 3494 rcmittuntur.
2892 3438 2989 3493 llic
3024 3438 3202 3508 itaque
3233 3435 3450 3506 Angelis
3490 3435 3920 3490 ministrantibus

2324 3531 2594 3588 curandus
2614 3530 2855 3595 olfertur,
2887 3531 2974 3586 hic
3001 3531 3142 3584 filius
3173 3538 3532 3598 nuncupatur,
3557 3529 3626 3602 (j)
3663 3529 3781 3598 quia
3811 3530 3928 3597 pri-

2330 3640 2474 3679 mum
2507 3624 2598 3678 Dei
2627 3638 2762 3694 opus
2791 3633 2873 3678 est
2905 3641 2916 3677 :
2945 3623 3068 3677 huic
3091 3622 3436 3678 remittuntur
3455 3621 3652 3676 anima:
3676 3632 3929 3690 peccata,

2335 3728 2391 3775 et
2437 3717 2766 3787 indulgentia
2814 3718 3000 3787 prima!
3046 3712 3488 3785 transgressionis
3526 3729 3591 3768 ex
3624 3715 3784 3769 venia
3824 3724 3930 3770 est.

2333 3811 2448 3867 Νυη
2482 3813 2624 3867 enim
2660 3811 3009 3881 paralyticum
3043 3823 3294 3880 peccasse
3332 3805 3535 3878 aliquid
3567 3807 3885 3877 accepimus
3921 3826 3932 3860 :

2333 3921 2453 3961 cum
2483 3904 2787 3975 praesertim
2834 3903 2940 3956 alio
2981 3902 3033 3956 in
3077 3903 3194 3957 loco
3227 3900 3369 3955 idem
3413 3899 3675 3954 Dominus
3709 3898 3935 3965 dixerit,

2333 3998 2628 4053 eiecitatem
2657 4011 2686 4049 a
2728 3995 3004 4049 nativitate
3048 4009 3154 4048 non
3193 4008 3257 4047 ex
3306 4001 3524 4058 peccato
3570 3999 3667 4044 aut
3712 3991 3939 4061 proprio

2333 4098 2427 4144 aut
2456 4098 2680 4160 paterno
2711 4086 2877 4143 fuisse
2905 4095 3236 4142 contractam
3267 4082 3454 4154 (Joan.
3480 4099 3532 4138 tx
3550 4123 3565 4149 ,
3588 4082 3670 4154 5).

2328 4273 2582 4355 nimirum
2613 4271 2872 4337 hzeretici,
2903 4283 3061 4339 quam
3088 4281 3210 4324 cum
3235 4263 3466 4336 vulgatis
3491 4261 3930 4334 praecipitatur...

2329 4354 2629 4398 moriturus.
3771 4390 3774 4392 .

2406 4416 2472 4494 ([)
2501 4415 2553 4468 In
2592 4413 2851 4494 vulgatis,
2869 4412 2976 4482 qui.
3003 4411 3192 4465 Melius
3214 4409 3267 4462 in
3291 4421 3422 4462 mss.
3449 4421 3585 4479 gnte,
3609 4405 3733 4461 scil.
3763 4405 3921 4461 urbs.

632 4491 998 4564 uitat-xponitur
1028 4490 1078 4544 in
1123 4491 1258 4564 pstl.
1306 4505 1438 4564 cxx,
1487 4506 1540 4543 n.
1575 4489 1628 4564 9.
1669 4485 1898 4564 :Reetius
1946 4499 2124 4543 tamen
2161 4491 2223 4564 _in
2252 4504 2306 4564 D
2332 4485 2486 4564 Unde
2513 4497 2565 4564 et
2595 4485 2946 4564 m_ox_legitur
2970 4499 3000 4535 a
3025 4499 3154 4564 qua,
3180 4495 3348 4564 nona
3373 4496 3491 4564 quo.

633 4561 752 4616 aliis
783 4561 934 4616 libris
963 4559 1284 4631 eXprinitur
1311 4561 1432 4616 ﬁdei
1460 4560 1775 4616 vocabulum
1810 4569 2035 4630 propter
2061 4560 2228 4614 verba

635 4632 850 4687 modij
869 4633 1010 4702 ﬁdei.

707 4702 782 4775 (b)
825 4703 1020 4760 Vocem
1049 4703 1336 4758 hominibus
1368 4703 1421 4756 in
1449 4703 1682 4773 vulgatis
1720 4703 1976 4757 omissam
2009 4715 2230 4775 revoca-

637 4773 847 4828 tnns'ex
879 4790 1008 4830 mss.
1055 4777 1352 4830 retinentes
1395 4776 1554 4829 simul
1597 4775 2019 4845 subsequentem
2045 4814 2060 4840 ,
2109 4773 2226 4829 scil.

638 4846 911 4909 hominem,
939 4847 1182 4916 quamvis
1207 4846 1258 4900 in
1293 4845 1374 4899 his
1403 4846 1565 4902 desit.

710 4918 783 4988 (c)
819 4917 986 4972 Abest
1015 4934 1108 4987 pro
1134 4917 1255 4986 fidei
1280 4918 1462 4972 merito
1490 4934 1518 4970 a
1548 4918 1720 4972 tribus
1749 4930 1882 4970 mss.

715 5010 794 5084 (d)
836 5010 893 5065 In
936 5011 1139 5084 aliquot
1183 5025 1312 5064 mss.
1367 5026 1670 5084 exhgenere,
1722 5007 2233 5084 omisso_vocal_)_ulo

641 5079 787 5148 Sent,
821 5083 962 5152 quod
992 5079 1212 5136 oinnino
1242 5097 1360 5135 cum
1394 5082 1513 5135 aliis
1536 5080 1687 5134 libris
1712 5079 2074 5152 retinendum.
2111 5079 2234 5134 Vult

639 5151 851 5225 quippei
869 5153 1122 5218 Hilarius,
1145 5155 1382 5223 gentium
1423 5151 2064 5225 inlitlelitatiproximam
2109 5165 2230 5205 esse

642 5223 912 5289 lizrresim,
964 5226 1194 5280 maxime
1231 5241 1348 5294 qum
1393 5223 1841 5278 resurrectionem
1890 5233 2066 5294 negat,
2110 5237 2230 5294 qua:

640 5296 824 5367 populi
856 5296 968 5361 Dei,
1011 5312 1102 5350 seu
1132 5293 1497 5367 generierem
1523 5300 1823 5364 portionem
1845 5293 2103 5367 eorrupit.
2137 5293 2230 5367 llis

641 5363 802 5437 porro
841 5369 1094 5438 explanat
1139 5363 1290 5438 illud,
1323 5366 1447 5420 Erat
1489 5363 1660 5438 autem
1701 5382 1803 5419 non
1836 5364 1985 5435 longe
2021 5364 2085 5418 ab
2126 5363 2232 5438 illis

641 5435 871 5522 (duobus
897 5435 1267 5522 daamoniacis)
1305 5454 1429 5522 gres:
1451 5437 1748 5522 multorum
1772 5452 2061 5522 “porcorum
2095 5451 2114 5489 :
2141 5435 2230 5488 ubi

639 5508 692 5564 in
726 5511 902 5579 porcis
933 5511 1217 5565 hmreticos
1243 5508 1486 5580 intelligit
1511 5508 1597 5564 hic
1626 5516 1682 5564 et
1713 5510 1870 5576 intra,
1905 5517 1960 5561 ut
1986 5518 2040 5561 et
2069 5521 2232 5576 supe-

636 5581 748 5637 rius
773 5596 892 5652 cap.
927 5582 982 5647 6,
1018 5597 1072 5637 n.
1107 5582 1159 5636 l.

710 5673 786 5737 (c)
840 5675 1001 5737 Edili,
1050 5675 1382 5730 smcularium
1428 5691 1448 5728 :
1491 5672 1891 5742 refragantibus
1935 5688 2065 5728 mss.
2113 5687 2232 5726 cum

634 5745 835 5813 quibus
893 5745 1093 5802 deinde
1153 5746 1420 5800 malumus
1473 5745 1930 5816 prmeipitantnr...
1976 5745 2238 5811 morituri,

2407 4555 2486 4629 (g)
2518 4558 2571 4611 In
2604 4549 2848 4629 pluribus
2875 4567 3004 4608 mss.
3031 4549 3395 4629 "desideratur
3423 4551 3540 4615 lex;
3570 4563 3676 4618 quo
3695 4549 3939 4629 nomine

2335 4621 2650 4699 suppresso,
2682 4627 2903 4699 verbum
2935 4624 3117 4699 recipit
3148 4623 3214 4676 ad
3243 4621 3519 4699 ._lu_dai_cunt
3545 4621 3803 4690 populum
3833 4635 3929 4674 re-

2337 4693 2478 4755 ferre
2509 4701 2720 4754 liceret.
2746 4697 2947 4752 Horum
2976 4693 3093 4749 loco
3121 4693 3260 4762 apud
3291 4693 3421 4747 Ball.
3466 4699 3680 4749 exstat.
3713 4707 3938 4760 evange—

2338 4773 2437 4826 lica
2470 4773 2552 4824 lea?
2588 4770 2828 4841 prwcepit
2861 4767 3050 4841 :_apnd
3076 4764 3176 4841 Er.
3210 4764 3517 4841 Evangelica
3541 4763 3625 4817 (ex
3648 4763 3889 4832 principi!
3916 4779 3935 4816 :

2337 4843 2480 4911 apud
2515 4837 2664 4908 Lips.
2699 4839 3039 4911 evangelicum
3068 4838 3229 4906 legem
3258 4837 3501 4911 percepit.

2412 4912 2491 4985 (h)
2543 4904 2706 4974 Editi,
2759 4904 2856 4964 Dei
2899 4910 3074 4985 civitas
3175 4904 3750 4985 non_sn_fl'ragant_ihus
3795 4918 3930 4985 m‘ss.

2337 4975 2566 5054 quorum
2613 4993 2722 5038 tres
2767 4997 2892 5036 mox
2931 4978 3248 5050 subjiciunt,
3292 4979 3344 5031 in
3385 4978 3517 5031 hanc
3561 4977 3718 5047 igitur
3761 4975 3937 5030 sedem

2333 5057 2470 5119 navi,
2501 5065 2605 5110 etc.

2405 5149 2468 5217 (i)
2499 5147 2589 5202 Sic
2621 5147 2802 5217 plures
2846 5161 2976 5200 mss.
3010 5153 3069 5200 ut
3098 5145 3260 5217 etiam
3290 5139 3932 5217 conjectahat_Latinius.

2333 5211 2577 5286 At‘c'diti,
2607 5211 2661 5272 id
2689 5228 2764 5273 est
2794 5217 3096 5272 Ecclesium.
3131 5216 3278 5270 llanc
3307 5211 3486 5267 autem
3520 5211 3766 5286 plurimis
3799 5211 3936 5286 locis

2337 5291 2516 5419 navim
2550 5283 2850 5361 nuncupari
2876 5290 2991 5359 ipse
3024 5288 3257 5342 Hilarius
3287 5285 3554 5356 superiori
3583 5283 3763 5354 capite
3794 5299 3848 5338 n.
3876 5283 3934 5348 9,

2337 5383 2369 5417 ο
2411 5371 2616 5417 servat.
3345 5372 3359 5383 “

2337 5377 2500 5417 UDSCI‘
2510 5377 2616 5417 Val.

2415 5454 2487 5533 (j)
2525 5454 2581 5508 ln
2632 5451 2897 5533 vulgatis,
2946 5449 3326 5533 quit-Dectius
3367 5449 3418 5502 in
3468 5447 3935 5533 potioribus-mss.

2336 5519 2508 5596 quia:
2541 5541 2646 5599 qua
2675 5519 2932 5599 particula
2948 5521 3204 5599 redditur
3225 5521 3364 5599 ratio
3391 5535 3487 5599 cur
3517 5520 3686 5573 Adam
3712 5519 3941 5599 dicatur

2343 5591 2632 5672 liliusAD'ei,
2664 5591 3367 5672 ad__intitationet_nscilicet
3397 5591 3674 5672 Lucina",
3703 5591 3808 5672 _38,
3850 5591 3942 5671 ubi

2345 5672 2439 5744 ait,
2605 5669 2701 5744 fuit
2732 5667 2928 5744 _Henos,
2955 5667 3041 5744 (Lai
3061 5663 3354 5744 fuilHSeth,
3384 5663 3472 5744 qui
3504 5661 3600 5734 fuit
3632 5661 3824 5744 Adam:
3853 5661 3940 5744 qui

2346 5741 2442 5812 fuit
2469 5731 2790 5795 Dei.'Paulo
2815 5731 2940 5794 ante
2967 5731 3125 5805 Badl,
3169 5734 3261 5789 Er.
3295 5745 3350 5789 et
3389 5731 3540 5806 Lips.
3571 5748 3695 5790 eum
3737 5731 3943 5803 aliquot
