4222 6262
285 295 388 354 961

1224 294 1766 354 COMMENTARIUS
1805 297 1872 354 IN
1912 298 2351 360 MATTIIrEUM.
2393 303 2548 361 CAP.
2593 303 2682 361 IX.

3480 307 3587 367 969

356 411 408 468 6.
455 409 710 467 Christum
729 425 839 465 esse
859 409 1224 485 Deum.—(a)
1260 413 1508 471 Veritatis
1533 415 1728 471 deinde
1749 415 1884 471 ordo
1912 417 1964 478 Α
1989 417 2237 472 credetur
2253 419 2334 489 ?);
2379 419 2615 490 alioquin
2660 420 2778 476 laus
2818 420 2885 476 de
2931 436 3041 477 uno
3090 421 3330 488 homine,
3369 437 3476 478 non
3519 424 3586 479 de

284 503 526 557 succedit
570 503 621 556 in
645 501 835 572 gestis,
879 503 1125 570 quamvis
1154 504 1319 559 futuri
1366 506 1577 576 species
1605 506 1886 577 expleatur

281 594 342 652 in
369 592 549 649 dictis.
583 592 760 647 Movet
789 593 1004 650 Seribas
1037 596 1319 650 remissum
1343 596 1411 650 ab
1439 595 1656 653 homine
1695 612 1886 668 pecca-

287 696 399 742 tum
427 684 640 758 (bIatth.
677 701 759 750 lx,
797 683 855 757 3)
886 704 898 738 :
933 685 1206 743 hominem
1245 688 1388 743 enim
1423 698 1627 744 tantum
1662 691 1715 745 in
1756 689 1885 745 Iesu

285 779 507 835 Christo
549 775 962 834 contuebantur.
1004 779 1070 834 Et
1113 782 1399 834 remissum
1445 790 1529 837 est
1565 782 1643 855 (b)
1680 783 1748 836 ab
1793 797 1883 847 eo,

295 871 441 944 quod
468 871 554 926 lex
583 871 766 926 laxare
798 888 902 927 non
933 881 1170 942 poterat;
1207 872 1340 929 lides
1369 874 1514 930 enim
1545 875 1660 930 sola
1687 875 1886 946 justiti-

227 1027 234 1030 _
287 975 392 1022 eat.
450 965 653 1022 Deinde
705 968 1188 1022 murmurationem
1249 983 1435 1023 eorum
1498 970 1754 1024 Dominus
1804 970 1887 1023 in-

290 1057 552 1129 trospicit,
581 1058 653 1129 (c)
679 1057 914 1128 dicitque
939 1057 1094 1115 facile
1122 1075 1243 1115 esse
1271 1059 1381 1114 lilio
1409 1059 1641 1115 hominis
1665 1061 1716 1116 in
1742 1071 1884 1117 terra

293 1160 511 1221 peccata
553 1149 822 1206 dimittere
855 1149 1018 1219 (Ibid.
1047 1151 1082 1205 4
1123 1161 1170 1206 et
1199 1151 1278 1222 5).
1315 1153 1511 1208 Verum
1541 1153 1683 1208 enim
1727 1168 1885 1210 nemo

292 1251 469 1313 potest
499 1241 771 1298 dimittere
813 1253 1050 1312 peccata,
1097 1243 1196 1298 nisi
1234 1244 1386 1300 solus
1417 1245 1558 1301 Dens
1592 1263 1605 1299 :
1639 1261 1767 1317 ergo
1793 1247 1885 1316 qui

291 1333 518 1391 remittit
543 1334 680 1390 Deus
701 1343 802 1390 est.
831 1335 965 1402 Quia
993 1351 1154 1391 nemo
1177 1337 1400 1392 remittit
1427 1337 1530 1393 nisi
1559 1339 1718 1404 Deus,
1746 1339 1886 1394 Dens

293 1429 345 1484 in
375 1429 593 1484 homine
624 1445 847 1486 manens
869 1431 1201 1486 curationem
1235 1430 1436 1486 homini
1462 1433 1751 1501 pnestabat
1785 1450 1797 1485 ε
1832 1440 1886 1488 ει

292 1521 440 1577 nulla
466 1521 514 1576 ei
545 1521 737 1590 agendi
765 1532 819 1576 et
841 1522 1094 1590 loquendi
1115 1530 1235 1577 erat
1255 1521 1567 1588 difﬁcultas,
1589 1525 1676 1578 cui
1698 1524 1886 1579 subest

295 1622 465 1668 totum
490 1627 648 1683 posse
673 1613 817 1684 quod
851 1615 1108 1684 l0quitur.

368 1706 418 1760 7.
473 1705 761 1776 Paralytici
805 1708 1066 1762 curatione
1111 1723 1266 1783 quam
1293 1709 1454 1762 multa
1481 1709 1778 1765 doceantur.
1817 1736 1888 1750 -

1990 511 2232 580 pluribus
2287 512 2585 568 exstitisset
2635 531 2648 567 :
2691 514 2783 570 sed
2825 515 2987 571 delati
3038 517 3147 570 Deo
3190 516 3410 571 honoris
3455 514 3584 571 hinc

1989 617 2148 658 causa
2188 611 2291 669 est,
2336 606 2475 675 quod
2521 615 2758 676 potestas
2800 608 3107 664 hominibus
3130 609 3198 680 (Γ)
3227 625 3290 666 ac
3339 610 3423 664 via
3461 609 3585 665 data

1989 695 2058 749 sit
2085 711 2182 764 per
2208 696 2430 751 verbum
2459 698 2598 767 ejus,
2641 709 2694 755 et
2739 709 3081 770 peccatorum
3125 702 3482 766 remissionis,
3530 711 3586 758 et

1989 800 2274 858 corporum
2308 791 2742 860 resurrectionis,
2772 801 2827 848 et
2856 794 3183 849 reversionis
3209 793 3263 849 in
3291 794 3508 850 caalum.

2614 923 2841 981 CAPUT
2878 925 2969 983 IX.

1988 1031 2068 1090 De
2096 1035 2342 1092 Μαιώωο
2369 1037 2665 1110 publicano,
2699 1040 2762 1094 de
2786 1039 3176 1096 Pharisaeorum
3219 1053 3265 1097 et
3303 1041 3587 1113 discipulo-

2059 1145 2173 1182 rum
2215 1128 2438 1184 Joannis
2471 1133 2676 1204 jejunio
2702 1175 2717 1199 ,
2762 1132 2826 1187 de
2877 1145 3055 1187 assuto
3103 1150 3271 1203 panno
3322 1135 3440 1188 rudi
3465 1177 3480 1198 ,
3526 1136 3590 1188 de

2062 1223 2319 1291 proﬂuvio
2349 1223 2609 1288 mulieris,
2627 1225 2689 1277 de
2714 1223 2827 1294 ﬁlia
2855 1225 3104 1296 principis
3131 1227 3350 1280 excitata
3379 1242 3410 1278 a
3441 1242 3584 1279 mor-

2061 1313 2181 1379 tuis,
2214 1314 2278 1368 de
2297 1317 2492 1370 duobus
2518 1318 2684 1383 ccecis,
2719 1317 2782 1371 de
2810 1317 2969 1384 surdo
2996 1329 3042 1372 et
3075 1328 3232 1373 muta.

2064 1427 2116 1483 1.
2140 1427 2206 1481 Et
2232 1444 2350 1482 cum
2377 1430 2615 1484 transiret
2640 1431 2759 1485 inde
2785 1429 2957 1499 Iesus,
2985 1432 3108 1485 uidit
3134 1432 3389 1487 hominem
3412 1433 3594 1488 seden-

1991 1529 2090 1573 tem
2118 1521 2172 1574 in
2201 1522 2397 1577 teloneo
2424 1521 2728 1576 Matthwum
2768 1525 2995 1588 nomine,
3031 1535 3076 1578 et
3116 1526 3188 1578 ait
3220 1526 3332 1594 illi,
3366 1527 3592 1598 Sequere

1989 1628 2090 1678 me,
2118 1621 2174 1667 et
2195 1613 2398 1684 reliqua
2437 1613 2650 1685 (Matth.
2686 1631 2760 1681 ix,
2787 1615 2868 1684 9).
2903 1615 3210 1670 Mattlneum
3236 1618 3587 1687 publicanum

1992 1704 2270 1759 sedentem
2299 1705 2351 1759 in
2377 1705 2593 1762 teloneo
2617 1710 2769 1776 sequi
2815 1722 2874 1762 se
2895 1707 3066 1776 jubet.
3105 1707 3168 1762 Et
3209 1711 3512 1764 concedens
3539 1711 3591 1764 in

296 1800 464 1854 Porro
482 1806 660 1854 autem
691 1809 745 1853 ut
775 1799 888 1869 ipse
911 1800 987 1871 (τι)
1011 1816 1131 1855 esse
1154 1801 1205 1854 in
1233 1816 1462 1872 corpore
1497 1805 1700 1872 positus
1725 1803 1884 1859 intel-
1917 1809 1963 1869 Β
1991 1796 2206 1851 domum
2235 1797 2540 1851 convivium
2576 1799 2811 1860 instruit,
2837 1807 2891 1852 et
2916 1813 3037 1853 cum
3080 1813 3146 1854 eo
3173 1800 3583 1869 publicanorum

297 1892 388 1962 ligi
420 1900 621 1961 posset,
655 1893 746 1962 qui
787 1902 842 1948 et
876 1894 1072 1949 animis
1117 1904 1332 1964 peccata
1373 1895 1690 1962 dimitteret,
1717 1907 1772 1952 et
1803 1911 1890 1952 re-

293 1987 685 2040 surrectionem
734 1986 1053 2055 corporibus
1101 1994 1410 2057 praestaret;
1452 1990 1560 2052 ait,
1609 1987 1677 2043 Ut
1713 1990 1890 2045 sciatis

297 2077 538 2148 quoniam
567 2077 709 2147 ﬁlius
729 2079 946 2132 hominis
977 2079 1124 2133 habet
1151 2089 1447 2148 potestatem
1476 2083 1529 2133 in
1557 2090 1691 2134 terra
1721 2081 1894 2135 dimit-

299 2180 404 2225 tere
427 2181 652 2242 peccata,
676 2172 750 2225 ait
773 2171 1076 2243 paralytico,
1105 2173 1288 2243 Surge,
1319 2184 1364 2228 et
1386 2175 1507 2228 tolle
1532 2175 1718 2229 lectum
1749 2186 1894 2229 tuum

250 2294 258 2299 -
302 2261 470 2334 (Ibid.
503 2262 579 2334 6).
608 2263 748 2319 Satis
773 2264 947 2319 fuerat
969 2265 1131 2336 706
1159 2266 1376 2331 dixisse,
1404 2265 1572 2338 Surge
1597 2284 1616 2322 :
1639 2269 1736 2323 sed
1769 2270 1892 2340 quia

301 2355 478 2409 omnis
499 2364 614 2410 erat
643 2355 956 2424 perficiendi
986 2359 1166 2426 eperis
1197 2359 1332 2412 ratio
1375 2358 1722 2428 explicanda;
1751 2360 1899 2430 adje-

304 2447 399 2514 cit,
434 2445 578 2502 Tolle
603 2447 787 2502 lectum
815 2459 978 2514 tuum,
1008 2459 1053 2502 et
1081 2451 1206 2504 uade
1240 2452 1293 2504 in
1323 2451 1530 2506 domum
1575 2463 1733 2508 tuam.
1777 2454 1898 2508 Pri-

307 2556 452 2595 mum
492 2541 865 2596 remissionem
911 2541 1094 2596 tribuit
1141 2545 1366 2612 peccati,
1410 2543 1607 2599 dehinc
1646 2547 1898 2601 virtutem

307 2634 720 2689 resurrectionis
750 2633 1008 2699 ostendit,
1038 2642 1148 2688 tum
1192 2636 1500 2692 sublatione
1545 2637 1721 2692 lectuli
1750 2638 1902 2694 iolir-

308 2725 547 2780 mitatem
577 2739 639 2780 ac
664 2725 909 2781 dolorem
941 2728 1257 2797 corporibus
1285 2728 1471 2784 docuit
1499 2728 1773 2785 afuturum
1803 2731 1899 2802 (al.

309 2815 692 2888 abfuturam),
733 2826 1005 2887 postremo
1048 2820 1221 2875 reditu
1267 2821 1319 2875 in
1361 2821 1580 2877 domum
1631 2824 1900 2894 propriam

310 2910 414 2966 iter
442 2911 494 2965 in
524 2909 830 2980 paradisum
860 2913 1206 2968 credentibus
1230 2928 1351 2968 esse
1383 2913 1801 2981 redhibendum,
1835 2930 1903 2971 ex

310 3017 418 3072 quo
447 3000 616 3056 Adam
645 3017 841 3073 parens
868 3004 1240 3060 universorum
1271 3006 1477 3075 peccati
1511 3006 1631 3062 labe
1667 3006 1901 3062 dissolu-

312 3106 398 3152 lllS
426 3107 752 3152 excesserat.

1995 1899 2050 1946 et
2077 1899 2414 1958 peccatorum
2440 1891 2596 1947 turba
2621 1891 2915 1947 discumbit
2942 1911 2957 1946 :
2983 1892 3271 1950 Pharisazis
3297 1893 3594 1965 discipulus

1997 1982 2428 2053 objurgantibus,
2480 1998 2578 2038 cur
2620 1985 2877 2055 magistro
2925 2000 3046 2040 cum
3101 1985 3396 2054 publicanis
3443 1987 3597 2044 cibus

1995 2086 2158 2130 esset.
2185 2076 2391 2142 Quibus
2413 2075 2728 2148 respondet,
2747 2076 2906 2132 Sanis
2926 2077 3137 2132 medico
3162 2093 3297 2147 Opus
3320 2093 3424 2133 non
3453 2093 3593 2146 esse,

1999 2167 2092 2223 sed
2145 2169 2423 2223 curatione
2471 2178 2706 2238 zegrotos
2751 2169 2991 2246 indigere
3039 2187 3051 2221 :
3103 2182 3402 2240 euntesque
3441 2171 3599 2242 jubet

1997 2262 2203 2317 discere
2226 2261 2353 2332 quid
2395 2261 2484 2327 sit,
2521 2261 2933 2317 Misericordiam
2980 2263 3139 2336 707
3190 2263 3270 2337 (g)
3303 2264 3418 2319 volo
3446 2281 3598 2334 quam

2000 2353 2337 2422 sacriﬁcium.

2068 2445 2122 2499 2.
2177 2443 2472 2499 Publicani.
2506 2444 2745 2500 Matt/uri
2791 2448 3009 2501 uacatio.
3041 2446 3202 2502 Salus
3246 2450 3480 2504 omnibus
3511 2466 3602 2505 ne-

2000 2537 2246 2602 cessaria,
2277 2537 2406 2592 nulli
2431 2554 2462 2591 a
2489 2538 2600 2610 lege
2631 2549 2924 2608 prmatatur.
2954 2569 3026 2579 —
3049 2539 3463 2596 Publicanornm
3500 2557 3600 2598 no-

2003 2644 2125 2684 men
2162 2645 2228 2684 es
2271 2630 2378 2685 vita
2414 2640 2519 2699 est,
2565 2631 2657 2702 qui
2695 2631 2893 2687 relictis
2936 2632 3069 2702 legis
3097 2633 3374 2703 operibus,
3411 2649 3604 2704 gerere

2003 2737 2062 2777 se
2113 2739 2211 2778 usu
2264 2726 2538 2780 communi
2586 2735 2642 2780 et
2693 2726 2911 2796 publico
2963 2726 3289 2782 maluerunt.
3344 2727 3486 2798 Ergo
3533 2744 3600 2784 ex

2003 2814 2186 2884 domo,
2219 2816 2269 2871 id
2301 2827 2406 2884 est,
2443 2833 2510 2874 ex
2551 2820 2787 2888 peccatis
2829 2821 3093 2888 corporis,
3142 2819 3449 2875 Matthzeum
3496 2820 3600 2874 Do—

2005 2912 2182 2966 minus
2213 2913 2480 2979 evocavit,
2511 2913 2563 2968 in
2598 2913 2752 2983 cujus
2794 2922 3029 2969 mentem
3069 2913 3347 2985 ingressus
3392 2929 3608 2970 recurru-

2006 3005 2102 3061 bit.
2131 3007 2226 3062 llic
2248 3011 2392 3063 enim
2421 3007 2563 3064 idem
2591 3007 2872 3079 Evangelii
2898 3009 3054 3063 istius
3074 3009 3309 3078 scriptor
3330 3016 3434 3072 est,
3457 3018 3510 3064 et
3532 3008 3604 3065 de

2009 3103 2211 3171 peccati
2255 3103 2338 3158 sui
2386 3102 2547 3158 domo
2591 3103 2800 3166 exiens,
2837 3103 3120 3157 Dominum
3163 3103 3278 3174 ipse
3320 3101 3387 3175 (f.
3422 3103 3473 3156 in
3523 3102 3606 3173 se)

381 3188 433 3245 8.
476 3187 635 3244 Venia
660 3207 834 3245 omnes
860 3201 1024 3263 egent.
1059 3190 1180 3246 Non
1211 3193 1448 3246 miranda
1475 3192 1527 3246 in
1555 3191 1759 3247 Christo
1803 3209 1899 3262 po-
1927 3196 1972 3260 C
2005 3195 2260 3262 suscepit,
2292 3193 2552 3251 interiore
2581 3195 2699 3264 ejus
2727 3194 3058 3250 habitatione
3081 3195 3432 3263 illuminatus,
3459 3196 3595 3250 intra

313 3290 466 3335 testas
496 3280 784 3336 dimittendi
807 3293 1035 3354 peccata.
1068 3314 1139 3324 -—
1177 3283 1415 3338 Videntes
1453 3295 1622 3338 autem
1650 3285 1808 3338 turba:
1839 3285 1904 3337 ti-

313 3383 550 3427 muerunt
577 3371 739 3443 (Ibid.
772 3374 852 3445 8).
894 3374 1040 3444 Opus
1079 3375 1220 3430 istud
1250 3375 1539 3430 admiratio
1572 3375 1749 3445 potius
1777 3390 1906 3431 con-

311 3469 486 3539 sequi,
520 3485 624 3524 non
650 3478 824 3526 metus
847 3470 1029 3524 debuit
1051 3486 1065 3535 ;
1093 3471 1187 3524 sed
1219 3481 1400 3525 manet
1421 3471 1583 3525 etiam
1607 3486 1747 3526 nunc
1771 3471 1906 3526 ordo

312 3562 592 3634 mysterii;
641 3573 697 3617 ut
747 3563 960 3617 veritati
1002 3563 1384 3633 praesentium,
1433 3562 1730 3618 futurorum
1779 3579 1904 3634 Spe-

313 3657 428 3709 cies
451 3654 525 3726 (e)
553 3655 760 3725 adjecta
801 3655 870 3709 sit
899 3655 1161 3710 dictorum
1191 3663 1248 3709 et
1269 3657 1529 3710 factorum
1562 3656 1770 3710 Domini
1803 3656 1907 3710 vir-

313 3754 488 3803 tutem
520 3749 686 3804 turbcc
710 3750 916 3803 timent.
949 3748 1121 3818 Magni
1144 3749 1289 3803 enim
1314 3749 1520 3803 timoris
1545 3763 1632 3804 res
1659 3758 1765 3813 est,
1795 3764 1900 3802 non

315 3839 556 3896 dimissis
581 3856 608 3894 a
633 3840 850 3896 Christo
875 3841 1108 3911 peccatis
1137 3842 1190 3895 in
1224 3849 1452 3896 mortem
1499 3840 1700 3894 resolvi
1737 3857 1749 3894 :
1782 3841 1906 3910 quia

315 3935 496 3990 nullus
521 3935 592 3988 sit
621 3935 672 3988 in
709 3931 924 3990 domum
955 3942 1210 3990 aeternam
1251 3934 1476 3998 reditus,
1505 3934 1550 3988 si
1589 3935 1673 3988 cui
1703 3932 1908 3987 indulta

317 4046 424 4085 non
441 4031 599 4086 fuerit
612 4031 764 4087 venia
779 4031 1120 4086 delictorum.
1144 4030 1209 4084 Et
1229 4029 1694 4098 honoriﬁcauerttnt
1719 4025 1908 4092 Deum,

317 4126 402 4196 qui
430 4135 623 4180 (mttunt
652 4125 789 4179 dedit
818 4134 1110 4194 potestatem
1138 4123 1444 4178 hominibus.
1476 4120 1740 4179 Conclusa
1786 4130 1912 4176 sunt

318 4221 496 4274 omnia
523 4235 622 4274 suo
652 4219 862 4286 ordine,
896 4227 950 4273 et
975 4227 1222 4275 cessante
1247 4218 1356 4287 jam
1395 4216 1789 4286 desperationis
1836 4216 1905 4270 ti-

321 4326 470 4367 more
499 4311 672 4368 honor
702 4313 811 4368 Deo
845 4312 1110 4377 redditur,
1139 4311 1283 4382 quod
1334 4320 1536 4363 tantam
1577 4308 1786 4364 dederit
1818 4308 1914 4362 ho-

320 4405 550 4460 minibus
580 4414 900 4473 potestatem
933 4422 946 4458 :
980 4405 1075 4460 sed
1105 4405 1206 4458 soli
1234 4403 1337 4457 hoc
1363 4401 1584 4456 Christo
1614 4411 1732 4456 erat
1762 4400 1914 4457 debi-

321 4504 464 4562 tum,
495 4495 592 4550 soli
623 4495 690 4551 de
735 4496 1114 4551 communione
1153 4503 1393 4564 paterna:
1437 4492 1764 4547 substantia:
1798 4492 1913 4548 haec

2007 3303 2166 3359 quem
2211 3289 2534 3359 evangelieis
2581 3289 2718 3344 cibis
2768 3290 3146 3360 peccatoribus
3191 3299 3247 3345 et
3295 3289 3596 3360 publicanis

2009 3382 2315 3436 convivium
2343 3381 2507 3437 divite
2533 3384 2686 3452 cepia
2710 3391 3064 3452 prreparatur.
3089 3381 3388 3438 IEmulatie
3409 3381 3608 3438 deinde

2009 3475 2172 3546 agitat
2199 3475 2436 3539 Iudaeos,
2473 3475 2758 3530 Dominum
2791 3476 3090 3546 publicanis
3131 3485 3186 3532 et
3231 3477 3609 3547 peccatoribus

2009 3570 2411 3624 communicare
2441 3567 2606 3639 (Ibid.
2641 3569 2750 3641 ll).
2783 3571 2988 3636 Quibus
3027 3571 3118 3625 ille
3144 3580 3329 3640 operta
3374 3569 3610 3626 inﬁdeli-

2013 3661 2136 3718 tatis
2181 3662 2445 3717 velamine
2484 3662 2643 3718 verba
2694 3663 2826 3732 legis
2871 3663 3224 3733 exprompsit,
3277 3677 3336 3718 se
3380 3663 3604 3733 quidem

2013 3753 2230 3820 :egrotis
2251 3768 2406 3822 opem
2437 3752 2576 3807 ferre
2597 3763 2650 3806 et
2673 3753 2992 3806 medicinam
3018 3753 3300 3822 egentibus
3322 3763 3605 3821 prmstare;

2015 3845 2094 3898 eis
2133 3853 2333 3906 autem,
2367 3844 2456 3914 qui
2494 3859 2552 3898 se
2591 3858 2752 3898 sanos
2792 3843 3201 3910 existimarent,
3249 3845 3611 3900 necessariam

2015 3925 2343 3993 curationem
2387 3938 2585 3992 nullam
2612 3951 2752 3992 esse.
2794 3935 2903 3992 Sed
2930 3945 2990 3990 ut
3018 3935 3401 4006 intelligerent,
3434 3937 3611 3992 nemi-

2017 4047 2140 4087 nem
2191 4047 2413 4090 suorum
2463 4045 2653 4085 sanum
2702 4044 2856 4096 esse;
2907 4029 3191 4084 admonuit
3237 4037 3296 4084 ut
3339 4029 3612 4085 discerent

2016 4123 2143 4194 quid
2169 4131 2272 4188 est,
2306 4123 2717 4177 Misericordiam
2752 4123 2896 4186 volo,
2941 4138 3046 4176 non
3086 4123 3398 4192 sacriﬁcium
3441 4121 3610 4194 (Ibid.

2019 4215 2107 4286 15)
2144 4231 2157 4269 :
2193 4216 2364 4286 legem
2409 4215 2635 4280 scilicet,
2669 4213 3055 4270 sacrificiorum
3097 4215 3478 4271 observatione
3514 4214 3610 4270 de-

2016 4309 2273 4374 vinctam,
2303 4321 2460 4377 opem
2493 4306 2636 4362 ferre
2660 4323 2766 4362 non
2801 4321 2994 4377 posse;
3028 4308 3121 4364 sed
3145 4309 3372 4364 salutem
3400 4310 3618 4364 univer-

2018 4401 2094 4457 sis
2121 4402 2172 4455 in
2210 4401 2593 4457 misericordia:
2635 4401 2961 4473 indulgentia
2997 4403 3284 4459 reservari.
3328 4402 3452 4458 Non
3484 4404 3618 4460 enim

2019 4494 2130 4548 ueni
2149 4495 2320 4565 justas
2340 4509 2538 4559 uocare,
2572 4494 2661 4549 sed
2691 4505 2980 4565 peccatores
3005 4496 3058 4549 in
3089 4496 3457 4566 paenitentiam.
3491 4495 3623 4552 Om-

320 4603 480 4659 agere
505 4598 620 4644 erat
643 4590 924 4645 familiare.
956 4587 1074 4644 Non
1105 4603 1234 4659 ergo
1263 4588 1368 4641 hoc
1403 4585 1546 4640 venit
1577 4585 1630 4640 in
1672 4584 1907 4640 admira-
1937 4601 1991 4661 ι)
2017 4586 2176 4641 nibus
2201 4593 2455 4650 venerat;
2484 4587 2757 4657 quomodo
2795 4602 2925 4658 ergo
2966 4603 3073 4643 non
3104 4604 3163 4643 se
3209 4588 3370 4657 justis
3403 4588 3619 4644 venisse

323 4680 544 4748 tionem,
575 4681 717 4752 quod
749 4691 934 4751 posset
963 4680 1062 4736 ista
1099 4677 1253 4751 (quid
1282 4678 1424 4733 enim
1449 4691 1554 4731 non
1583 4691 1744 4747 posse
1769 4676 1909 4733 Deus

324 4886 457 4944 mss.
482 4869 679 4944 angelis
708 4867 1076 4944 ministrandus
1092 4865 1317 4944 plertur
1339 4879 1358 4918 :
1389 4861 1549 4944 male.
1581 4861 1655 4944 De
1675 4859 1808 4916 Adae
1829 4874 1916 4916 sa-

325 4942 439 5016 lute
456 4935 655 5016 videsrs
682 4951 864 5016 notam
887 4958 917 5010 g
940 4940 1048 4994 col.
1083 4938 1186 5016 647
1219 4936 1375 5016 hujus
1414 4935 1734 5016 editionis."
1804 5003 1835 5016 ,Α
1882 5003 1915 5016 Α

398 5011 475 5086 (a)
507 5011 562 5066 In
596 5013 866 5086 noonullis
887 5003 1025 5065 mss.
1049 5009 1250 5086 ueritati
1282 5003 1301 5060 ί
1329 5022 1433 5086 non
1455 5006 1666 5086 placet.
1695 5003 1916 5086 veritati

329 5076 416 5139 hie
443 5076 501 5137 ut
530 5099 676 5149 saepe
709 5085 841 5137 alias
866 5083 1155 5152 opponitur
1195 5080 1406 5149 species
1453 5078 1613 5132 futuri
1648 5095 1660 5130 :
1696 5083 1764 5152 ut
1789 5076 1917 5130 ordo

326 5156 555 5210 ueritatis
578 5147 716 5208 idem
747 5155 817 5207 sit
845 5147 989 5223 quod
1017 5168 1194 5208 rerum
1219 5147 1346 5223 vere
1371 5162 1640 5223 gestarum
1670 5147 1824 5223 ordo.

403 5227 478 5296 (b)
513 5224 568 5278 In
599 5220 970 5296 vulgatis,—hic
999 5225 1203 5277 omisso
1241 5222 1406 5276 verbo
1443 5220 1778 5276 substantive
1817 5226 1912 5284 est,

329 5295 438 5372 non
460 5295 598 5372 satis
627 5295 1321 5372 patet__lli|arii_§enletttia:_
1480 5361 1515 5372 Α
1702 5360 1735 5372 υ

407 5366 480 5439 (c)
512 5366 569 5420 ln
602 5361 734 5421 mss.
769 5367 946 5431 noun,
983 5366 1181 5428 νεαρ..
1205 5363 1362 5439 Colb.
1394 5372 1447 5417 et
1475 5361 1640 5439 earn.
1669 5361 1806 5439 alius
1833 5367 1916 5412 est

327 5431 770 5514 subsequentium
801 5441 1104 5514 verborum_
1122 5436 1276 5514 ordo,
1308 5443 1455 5514 puta,
1480 5433 1719 5501 dicitque.
1748 5431 1915 5514 Nemo

330 5519 494 5582 potest
511 5503 771 5583 dimittere
801 5519 1025 5583 peccata,
1053 5509 1155 5583 nisi
1167 5508 1324 5583 _so_!us
1367 5503 1550 5583 Deus;
1571 5519 1690 5583 ergo
1716 5503 1805 5583 qui
1831 5516 1913 5582 re-

331 5574 491 5645 inisit,
524 5577 663 5633 Deus
698 5574 810 5655 est."
835 5582 986 5655 facile
1010 5595 1116 5655 es_s_e
1139 5575 1316 5655 (Colb.
1343 5579 1438 5655 est)
1465 5574 1575 5655 ﬁlio
1610 5574 1919 5655 hominisjn

333 5643 482 5706 terra
509 5661 716 5718 peccata
751 5643 1020 5707 dimittere.
1055 5647 1278 5704 Verbum
1317 5647 1452 5700 enim
1483 5643 1575 5698 Dei
1619 5644 1673 5696 in
1717 5643 1920 5697 homine

332 5739 544 5778 manens
558 5763 572 5785 ,
604 5733 708 5777 etc.

405 5792 485 5866 (ά)
517 5793 671 5864 Apud
704 5793 832 5850 Bnd.
867 5803 1010 5850 esset.
1047 5793 1302 5848 Erasmus
1340 5786 1536 5845 deinde
1562 5785 1782 5843 verbum
1819 5801 1924 5841 esse

2017 4679 2184 4735 dicit?
2213 4679 2380 4736 Erant
2409 4693 2540 4752 ergo
2569 4681 2766 4752 quibus
2809 4695 3034 4738 necesse
3074 4696 3181 4738 non
3212 4690 3332 4738 erat
3373 4689 3432 4737 ut
3471 4681 3623 4738 veni-

2021 4869 2142 4932 post
2182 4869 2348 4931 posset
2387 4857 2944 4932 transtulit,_detorta
2982 4859 3227 4915 nonnihil
3267 4859 3456 4915 Hilarii
3491 4874 3620 4916 sen-

2019 4929 2206 4998 tentia,
2235 4949 2337 5005 qua
2369 4934 2484 4988 vult
2509 4948 2538 4986 a
2581 4930 2800 4986 Christo
2830 4929 3094 5005 declarari
3121 4973 3136 4997 ,
3168 4946 3292 5005 eum
3338 4931 3520 4999 ipsum
3557 4934 3620 5005 in

2019 5021 2078 5060 se
2108 5006 2218 5074 jam
2252 5003 2399 5060 cerni
2439 5013 2808 5074 corporatura,
2850 5003 2937 5057 cui
2977 5003 3236 5058 convenit
3277 5009 3496 5073 peccata
3537 5003 3622 5058 di-

2023 5087 2261 5132 tntltere.

2095 5170 2166 5240 (e)
2214 5170 2337 5223 Par.
2379 5183 2500 5224 cum
2542 5183 2646 5223 ms.
2690 5167 2841 5224 Colb.
2884 5167 3112 5222 adtexta.
3159 5163 3487 5240 Concinnius
3532 5164 3626 5222 alii

2020 5238 2698 5312 libri.adjecta,nimirum
2727 5249 2924 5312 pra-ter
2944 5238 3619 5312 praesentiumferitatem.

2023 5311 2228 5365 Deinde
2253 5307 2318 5365 ἰιι
2363 5310 2484 5362 aliis
2525 5313 2686 5363 etiam
2730 5307 2863 5363 edit.
2911 5319 3032 5377 post
3077 5309 3239 5362 verba
3277 5307 3532 5361 dictorum
3576 5317 3625 5361 et

2021 5386 2582 5453 factorumpunetuin
2609 5379 3070 5453 ﬁgebatur_;_ueur_n
3105 5396 3157 5431 n.
3191 5385 3258 5443 ti,
3296 5379 3457 5453 futuri
3497 5392 3622 5453 spe-

2022 5449 2162 5508 ciem
2193 5454 2246 5506 in
2273 5452 2434 5506 dictis
2463 5451 2668 5519 expleri
2699 5449 2839 5503 dicat
2872 5449 3133 5514 Hilarius,
3167 5465 3272 5502 non
3303 5449 3354 5503 in
3388 5449 3565 5504 factis.

2097 5543 2166 5617 (ι’)
2192 5543 2246 5597 In
2281 5540 2670 5617 vplgatisahac
2701 5541 2802 5593 uia.
2838 5539 3004 5617 magis
3030 5541 3206 5617 placet
3244 5555 3375 5617 cum_
3395 5549 3624 5617 quatuor

2027 5610 2157 5671 mss.
2190 5632 2249 5668 ac
2281 5610 2393 5680 via,
2425 5613 2656 5695 maxime
2696 5625 2818 5666 cum
2855 5612 2922 5665 de
2953 5610 3266 5667 reversione
3310 5610 3380 5667 ad
3415 5610 3624 5668 coelum

2027 5702 2155 5744 mox
2185 5700 2365 5741 sermo
2393 5694 2486 5740 ειι.

2102 5775 2182 5852 (g)
2213 5777 2432 5850 Aliquot
2461 5792 2592 5834 mss.
2621 5791 2742 5834 cum
2772 5773 3025 5848 vulgatis,
3051 5774 3226 5830 malle.
