4222 6262
642 319 756 381 065

1837 317 2077 379 SANCTI
2113 318 2371 382 lilLARii
2419 311 2721 386 srtsoort

3855 326 3959 388 οσι

651 435 771 491 ret?
799 433 904 492 Sed
937 447 1095 491 nemo
1126 431 1301 504 justus
1327 446 1397 491 ex
1426 433 1546 505 lege
1572 441 1675 491 est.
1702 433 1950 493 Ostendit
1973 450 2102 506 ergo
2130 434 2243 490 ina-
2270 439 2321 504 Α
2422 444 2474 499 5,
2551 444 2805 514 pmice,”
2853 441 2977 516 ρηω
3018 442 3176 498 vitam
3228 440 3538 513 deprecans,
3587 438 3715 513 legis
3774 446 3955 511 typus.

654 541 779 581 nem
816 526 1035 594 justitiae
1064 539 1187 580 esse
1221 526 1533 595 jactantiam
1568 544 1579 581 :
1611 528 1735 597 quia
1783 526 2061 581 sacriﬁciis
2096 526 2248 581 inﬁr-

651 620 831 676 tnibus
859 618 925 673 ad
952 619 1203 687 salutem,
1229 620 1596 676 misericordia
1619 629 1737 676 erat
1759 622 2026 677 universis
2053 621 2106 676 in
2131 620 2252 691 lege

652 712 841 782 positis
885 714 1211 768 necessaria.
1254 712 1386 768 Nam
1430 716 1474 767 si
1512 713 1717 784 justitia
1764 713 1956 769 fuisset
1995 728 2061 769 ex
2105 713 2248 783 lege,

649 805 802 859 venia
834 819 930 875 per
950 808 1176 875 gratiam
1203 806 1508 863 necessaria
1540 822 1648 863 non
1679 805 1894 862 fuisset.

722 898 775 951 5.
811 896 1048 952 Christus
1077 915 1321 970 sponsus.
1346 898 1503 953 Cibus
1532 900 1665 965 vitw,
1698 914 1798 969 quo
1832 907 2080 970 praesente
2104 911 2251 952 nemo

648 991 827 1045 esurit.
860 1020 933 1031 —
966 989 1111 1045 Tunc
1151 999 1473 1046 accesserunt
1510 991 1580 1046 ad
1606 1008 1721 1046 eum
1759 989 1981 1046 Joannis
2013 987 2256 1060 discipuli

649 1082 893 1149 dicentes,
930 1083 1099 1151 Quare
1126 1100 1219 1139 nos
1245 1093 1291 1138 et
1315 1083 1574 1139 Pharisari
1606 1086 1909 1158 jejunamus
1946 1087 2253 1155 frequenter,

651 1173 896 1244 discipuli
933 1182 1102 1228 autent
1144 1175 1218 1228 tui
1252 1191 1353 1228 non
1385 1164 1629 1248 jejuuant
1655 1174 1820 1247 (Ibid.
1858 1168 1985 1247 l4)?
2023 1172 2254 1245 Jejuno-

655 1266 787 1321 bant
816 1266 1076 1321 Pharistei
1109 1267 1445 1337 etiliscipuli
1477 1266 1720 1333 Joannis,
1765 1273 1822 1322 et
1862 1264 2107 1336 Apostoli
2146 1278 2256 1319 non

652 1359 992 1431 jejunabant.
1020 1362 1127 1417 Sed
1154 1361 1267 1417 istis
1291 1361 1607 1432 spiritaliter
1628 1362 1944 1433 respondet,
1968 1372 2259 1431 sponsum-

656 1469 761 1525 que
790 1470 849 1510 se
872 1454 1096 1511 Joannis
1139 1456 1422 1525 discipulis
1451 1457 1709 1513 ostendit.
1736 1456 1974 1511 Joannes
1997 1455 2142 1510 enim
2173 1469 2259 1511 re—

659 1549 886 1618 positam
918 1548 971 1603 in
997 1548 1216 1603 Christo
1244 1565 1460 1604 omnem
1490 1550 1612 1605 vitae
1653 1564 1804 1620 spent
1850 1547 2167 1619 spopondit;
2205 1554 2259 1602 et

657 1640 826 1709 recipi
850 1653 880 1693 a
912 1639 1138 1694 Domino
1162 1639 1415 1710 discipuli
1446 1639 1566 1710 ejus
1605 1640 1782 1695 adhuc
1832 1654 1900 1696 eo
1935 1639 2260 1709 praedicante

661 1748 770 1788 non
798 1743 1067 1804 poterant.
1103 1732 1283 1803 Usque
1325 1732 1379 1788 in
1421 1749 1545 1790 eum
1576 1734 1723 1790 enim
1760 1734 1846 1790 lex
1879 1741 1935 1789 et
1980 1733 2260 1804 prophetas

2351 566 2424 577 -
2458 535 2585 591 Haec
2614 536 2705 591 illo
2734 537 2999 601 loquente,
3032 550 3149 589 ecce
3185 534 3425 605 princeps
3468 548 3603 587 unus
3627 533 3836 586 accessit
3859 575 3874 597 ,
3909 541 3961 585 et

2352 620 2603 676 adorabat
2649 635 2764 676 eum
2786 660 2802 689 ,
2851 621 3046 685 dicens,
3112 617 3366 682 Domine,
3399 618 3511 689 filia
3531 634 3645 672 mea
3683 617 3842 671 modo
3867 616 3964 671 de-

2355 715 2535 785 functa
2587 723 2688 781 est,
2745 713 2860 768 veni
2911 720 2960 767 et
3005 726 3140 782 pone
3190 726 3403 765 manum
3446 726 3604 781 super
3647 724 3800 776 eam,
3847 714 3958 764 etc.

2355 806 2461 880 (Ib.
2500 806 2608 881 i8).
2656 807 2852 864 Preces
2890 805 3178 877 principis,
3224 802 3362 859 ﬁdes
3389 802 3662 869 mulieris,
3691 800 3871 857 turbae
3907 801 3961 857 in

2353 899 2519 956 domo
2558 908 2886 962 conventus,
2934 907 2989 953 et
3025 910 3296 952 cascorum
3332 894 3498 950 duum
3527 893 3772 961 clamor,
3826 893 3965 948 muti

2355 1003 2413 1051 et
2437 996 2585 1051 surdi
2615 1002 2670 1050 et
2697 991 3015 1048 daemoniaci
3041 990 3263 1057 oblatio,
3298 1004 3365 1045 ex
3389 987 3766 1059 superioribus
3800 986 3966 1042 dictis

2356 1099 2616 1142 connexee
2642 1084 2743 1138 sibi
2773 1081 3145 1152 intelligentia:
3181 1086 3370 1136 tenent
3395 1079 3665 1134 ordinem.
3698 1076 3965 1147 Princeps

2358 1178 2464 1243 hic,
2490 1179 2573 1233 lex
2607 1190 2731 1233 esse
2757 1173 3101 1245 intelligitur;
3132 1190 3254 1245 quas
3290 1172 3576 1229 Dominum
3600 1162 3687 1243 (ei
3710 1178 3837 1226 orat
3868 1184 3967 1240 pro

2360 1271 2547 1342 plebe,
2576 1280 2738 1342 quam
2788 1268 2905 1339 ipsa
2944 1266 3164 1323 Christo
3210 1266 3499 1337 prmdicata
3539 1266 3809 1320 adventus
3844 1263 3970 1334 ejus

2358 1363 2767 1435 exspectatione
2809 1360 3138 1427 nutriverat,
3169 1368 3229 1414 ut
3272 1359 3438 1414 vitam
3469 1366 3699 1413 mortua:
3749 1355 3966 1413 reddat.

2359 1458 2493 1515 Nam
2536 1456 2741 1512 nullum
2772 1455 3068 1525 principem
3114 1451 3410 1509 credidisse
3441 1451 3668 1522 legimus
3699 1466 3714 1503 :
3755 1464 3823 1505 ex
3854 1465 3971 1521 quo

2361 1562 2589 1623 persona
2632 1549 2888 1621 principis
2926 1547 3083 1619 hujus
3110 1546 3318 1602 orantis
3346 1545 3542 1600 merito
3585 1544 3640 1598 in
3670 1552 3858 1613 typum
3893 1543 3973 1598 le-

2361 1647 2442 1718 gis
2463 1646 2755 1716 optabitur.
2783 1642 2880 1698 Cui
2910 1641 3128 1713 quidem
3165 1639 3423 1694 Domintts
3451 1650 3614 1709 opem
3643 1637 3969 1709 spopondit,

2362 1738 2428 1794 ad
2456 1753 2616 1810 quam
2649 1734 3005 1808 praestandam
3039 1733 3313 1804 proiectus
3341 1738 3445 1787 est.
3546 1722 3555 1726 ’

661 1833 813 1889 sunt;
836 1831 913 1890 et,
941 1825 1042 1879 nisi
1072 1825 1189 1895 lege
1213 1825 1381 1891 tinita,
1407 1825 1459 1879 in
1489 1825 1647 1880 iidem
1669 1826 2039 1895 evangelicum
2066 1836 2256 1879 eorum
2286 1827 2334 1890 Β
2432 1829 2485 1886 ϐ.
2547 1830 2780 1886 Salutem
2811 1828 3016 1883 luditis
3055 1834 3290 1897 paratam
3330 1833 3502 1899 gentes
3547 1810 3868 1897 proripiunt.
3899 1850 3975 1865 --

660 1932 823 1972 nento
852 1916 1195 1973 concederet.
1228 1917 1381 1983 Quod
1421 1933 1550 1972 vero
1592 1926 1856 1987 praesente
1894 1931 2100 1987 sponso
2122 1915 2261 1986 jejuo

661 2008 825 2064 nandi
883 2009 1264 2064 necessitatem
1320 2008 1602 2078 diaCiPUliS
1647 2023 1752 2064 non
1808 2023 1930 2064 esse
1972 2006 2266 2078 respondet

659 2100 826 2171 (Ibid.
861 2101 978 2171 i5);
1013 2101 1316 2167 prmsentize
1342 2114 1455 2154 suae
1479 2099 1756 2170 gaudium,
1781 2111 1835 2154 ot
1861 2107 2260 2155 sacramentum

660 2193 832 2247 sancti
864 2193 970 2247 cibi
995 2191 1212 2255 edocet,
1243 2208 1351 2263 quo
1380 2209 1539 2248 nemo
1568 2208 1633 2250 se
1674 2202 1960 2263 praesente,
1994 2193 2048 2249 id
2078 2202 2183 2259 est,
2209 2193 2265 2248 in

667 2297 960 2355 conspectu
988 2284 1183 2339 mentis
1221 2285 1497 2341 Christum
1533 2286 1842 2353 continens,
1874 2285 2262 2358 (a)’indigebit.

662 2377 860 2431 Ahluto
889 2383 1067 2430 autem
1098 2392 1155 2431 se
1179 2376 1516 2447 jejunaturos
1542 2366 1665 2434 esse
1701 2379 1838 2433 dicit
1864 2397 1877 2432 :
1913 2381 2035 2449 quia
2072 2394 2264 2435 omnes

662 2483 769 2521 non
786 2467 1072 2522 credentes
1095 2469 1461 2525 resurrexisse
1483 2468 1778 2532 Christum,
1794 2469 2028 2525 habituri
2048 2485 2155 2525 non
2177 2484 2267 2525 es-

660 2568 783 2615 sent
801 2560 981 2614 cibum
1007 2559 1148 2613 vitat.
1171 2556 1250 2630 (b)
1274 2558 1331 2613 lu
1359 2559 1465 2615 title
1486 2562 1629 2615 enim
1655 2561 2068 2617 resurrectionis
2088 2574 2271 2616 sacra-

664 2662 903 2707 mentum
946 2654 1101 2721 panis
1144 2651 1388 2708 caelestis
1421 2653 1684 2721 accipitur
1717 2674 1730 2709 :
1763 2664 1819 2709 et
1856 2654 2102 2725 quisquis
2146 2656 2267 2712 sine

661 2742 880 2798 Christo
905 2744 1110 2815 e5t,.(c)
1143 2746 1195 2801 itt
1229 2746 1351 2800 vitae
1379 2741 1484 2800 cibi
1506 2747 1712 2817 jejunio
1744 2747 2107 2818 relinquetur.

731 2833 963 2907 7084.
996 2835 1148 2891 Hunc
1174 2836 1340 2892 cibum
1367 2854 1468 2892 non
1491 2840 1706 2909 percipit
1731 2847 1872 2894 uetus
1898 2841 2071 2894 homo.
2103 2866 2173 2881 -ι
2201 2838 2272 2896 Ut

666 2939 845 2982 autem
874 2929 1257 2999 intelligerent,
1274 2947 1378 2984 tton
1400 2945 1559 2999 posse
1583 2932 1685 2986 sibi
1715 2932 1769 2987 in
1793 2932 2071 2988 veteribus
2083 2933 2271 3003 positis

658 3016 898 3090 perfecta
929 3019 1046 3076 hanc
1073 3020 1263 3076 salutis
1288 3032 1632 3079 sacramenta
1661 3025 1951 3092 committi,
1984 3040 2271 3096 compara-

665 3110 827 3167 tionis
869 3114 1051 3182 posuit
1071 3114 1402 3185 exemplum.
1437 3115 1681 3171 Pannum
1723 3118 1909 3174 rudem
1942 3121 2270 3175 vestimento

665 3205 833 3260 veteri
863 3221 967 3260 non
1010 3206 1198 3275 adsui,
1247 3206 1374 3278 quia
1418 3212 1702 3265 vetustatis
1740 3211 2110 3268 inlirmitatem
2156 3207 2336 3272 vir-C

669 3308 755 3354 tus
792 3298 870 3371 (d)
901 3301 1206 3357 adsumenti
1238 3303 1389 3357 rudis
1415 3304 1680 3358 dissolvat
1710 3322 1723 3358 :
1765 3314 1822 3361 et
1847 3305 2029 3361 vinum
2068 3321 2265 3362 novum

664 3389 940 3447 veteribus
979 3395 1187 3449 utribus
1218 3410 1325 3449 non
1354 3395 1600 3461 infundi;
1636 3396 1892 3452 ierventis
1931 3401 2074 3452 enim
2103 3400 2267 3454 musti

659 3485 811 3541 calor
842 3497 991 3542 utres
1014 3495 1226 3543 veteres
1254 3489 1531 3560 abrumpit
1557 3488 1725 3561 (lbid.
1761 3490 1828 3545 16
1859 3500 1904 3545 et
1934 3492 2028 3562 l7)
2063 3508 2075 3544 :
2105 3490 2262 3547 inﬁr-

669 3593 790 3633 mas
834 3577 1092 3634 videlicet
1137 3590 1407 3635 vetustate
1461 3590 1805 3650 peccatorum
1859 3591 1916 3637 et
1963 3585 2172 3638 animas
2211 3592 2267 3639 et

665 3684 918 3740 corpora,
957 3685 1109 3724 nova:
1139 3673 1330 3742 gratia:
1363 3679 1701 3728 sacramenta
1749 3687 1856 3729 non
1886 3688 2104 3744 capere.
2139 3675 2260 3732 Fiet

664 3764 810 3819 enim
856 3765 1094 3819 scissura
1141 3765 1327 3834 pejor,
1370 3763 1649 3835 eil‘usoque
1698 3766 1823 3822 vino
1870 3774 2020 3823 utres
2050 3776 2263 3824 veteres

667 3855 939 3926 peribunt.
970 3855 1180 3927 Duplex
1207 3857 1352 3913 enim
1382 3858 1572 3913 talium
1598 3860 1702 3914 erit
1746 3869 1959 3928 reatus,
1988 3863 2034 3916 si
2065 3873 2267 3932 praeter

664 3959 987 4007 vetustatem
1022 3963 1366 4020 peccatorum
1410 3968 1629 4008 suorum
1662 3954 1914 4011 virtutem
1957 3972 2110 4011 novae
2134 3972 2262 4027 gra-

664 4043 754 4100 ιὶω
783 4060 891 4102 non
935 4046 1281 4102 sustinebunt
1321 4064 1336 4100 :
1388 4054 1551 4119 atque
1593 4048 1716 4103 ideo
1760 4059 1814 4104 et
1859 4050 2165 4107 Pharismos
2209 4061 2267 4108 et

662 4136 959 4208 discipulos
992 4138 1216 4196 Joannis
1256 4154 1394 4195 nova
1440 4155 1548 4197 non
1593 4152 1913 4214 accepturos
1951 4160 2115 4209 esse,
2160 4145 2268 4202 nisi

663 4233 791 4287 novi
823 4230 1036 4287 tierent.

738 4395 816 4465 (a)
844 4391 1105 4472 Sex_tns_s_.
1134 4391 1395 4472 indigebat
1420 4411 1433 4449 :
1462 4394 1605 4472 quod
1632 4411 1739 4472 non
1770 4396 1962 4472 placet.
1993 4398 2122 4455 llaec
2140 4402 2261 4472 qui-

666 4460 807 4539 dct'n'
838 4462 974 4519 nihil
1011 4460 1265 4539 videntur
1299 4460 1495 4539 sonare
1539 4467 1706 4533 aliud,
1747 4460 1871 4534 nisi,
1918 4486 2023 4539 quo
2071 4460 2260 4529 salicto

665 4538 790 4593 cibo
816 4550 982 4590 nemo
1012 4534 1272 4605 indigebit
1303 4536 1520 4591 Christo
1552 4550 1817 4607 praesente
1849 4554 1863 4593 :
1897 4534 1993 4595 sed
2026 4552 2093 4596 ex
2127 4544 2259 4597 sub-

668 4611 825 4665 nexis
864 4609 1033 4680 liquet
1073 4623 1135 4680 ea
1178 4608 1354 4680 potius
1390 4610 1460 4661 ita
1499 4610 1848 4680 intelligenda
1879 4627 1893 4663 :
1920 4626 2032 4677 quo
2070 4624 2262 4669 sancto

2369 1922 2475 1981 Sed
2504 1922 2653 1993 prior
2674 1936 2796 1978 cum
2828 1919 3090 1992 apostolis
3120 1924 3468 1988 peccatorum
3505 1918 3657 1973 turba
3696 1916 3969 1972 salvator.

2370 2015 2437 2070 Et
2465 2028 2587 2069 eum
2617 2014 2848 2082 primum
2874 2010 3194 2069 electionem
3217 2051 3231 2073 ,
3263 2020 3386 2080 quae
3408 2023 3475 2065 ex
3506 2009 3624 2080 lege
3649 2007 3975 2064 destinaba-

2368 2115 2477 2174 tur,
2511 2108 2692 2162 vivere
2729 2106 3059 2175 0portuisset
3089 2119 3103 2157 :
3145 2101 3386 2156 anterior
3415 2109 3596 2155 tamen
3637 2100 3690 2154 in
3719 2098 3979 2154 mulieris

2369 2200 2553 2271 specie
2604 2200 2751 2254 salus
2799 2196 3105 2269 publicanis
3160 2202 3215 2251 et
3274 2194 3649 2265 peccatoribus
3700 2191 3977 2248 redditur.

2372 2294 2499 2351 Haec
2525 2296 2706 2364 itaque
2733 2292 2796 2348 ad
2839 2291 3051 2347 Domini
3082 2290 3461 2363 pretereuntis
3484 2301 3780 2343 occursum
3825 2293 3983 2341 tactu

2368 2387 2539 2443 vestis
2570 2383 2781 2441 Domini
2810 2398 2994 2438 sanam
3022 2396 3082 2438 se
3112 2381 3178 2437 de
3208 2378 3482 2452 proﬂuvio
3519 2378 3802 2449 sanguinis
3832 2378 3987 2432 futuo

2370 2492 2486 2535 ram
2512 2491 2635 2534 esse
2662 2475 2887 2533 conﬁdit
2913 2490 2927 2529 :
2966 2473 3217 2537 sordibus
3241 2472 3452 2529 scilicet
3490 2471 3693 2543 polluta
3723 2471 3985 2543 corporis

2370 2570 2485 2635 sui,
2509 2580 2566 2626 et
2612 2570 2888 2625 interioris
2932 2568 3049 2623 vitii
3097 2563 3453 2621 immunditiis
3493 2564 3757 2620 dissoluta
3781 2605 3799 2631 ,
3832 2558 3990 2618 tirn-

2371 2666 2545 2723 briam
2570 2665 2737 2721 vestis
2767 2678 2863 2734 per
2892 2660 3053 2718 [idem
3083 2660 3304 2717 festinat
3332 2660 3633 2729 attingere,
3659 2657 3869 2712 donum
3900 2659 3987 2713 vi-

2370 2760 2571 2815 delicet
2598 2756 2667 2831 (f)
2691 2755 2923 2828 Spiritus
2960 2753 3173 2819 sancti,
3199 2753 3269 2808 de
3303 2749 3509 2807 Christi
3552 2764 3787 2821 corpore
3812 2750 3988 2805 modo

2372 2851 2602 2908 ilmhria:
2627 2851 2876 2907 exeuntis
2896 2891 2910 2915 ,
2950 2861 3073 2903 cum
3104 2845 3368 2917 apostolis
3392 2851 3717 2901 conversata
3759 2843 3988 2897 contin-

2372 2961 2532 3019 gere;
2568 2947 2732 3017 iitqne
2778 2959 2905 3000 mox
2953 2956 3082 2997 sana
3122 2939 3287 3014 (Ibid.
3315 2938 3434 3011 22).
3486 2936 3563 2992 ita
3602 2936 3765 2992 alteri
3793 2937 3981 3005 salus,

2372 3041 2499 3097 dum
2530 3040 2619 3095 alii
2647 3036 2924 3103 defertur,
2956 3044 3038 3090 est
3083 3031 3313 3089 reddita.
3353 3029 3523 3100 Cujus
3549 3028 3712 3084 Idem
3743 3034 3802 3084 et
3848 3043 3991 3083 con-

2374 3135 2627 3189 stantiam
2683 3121 2941 3187 Dotnimts
2980 3143 3110 3184 mox
3150 3126 3390 3183 laudavit
3419 3143 3434 3177 :
3461 3124 3585 3196 quia
3614 3122 3763 3196 quod
3793 3123 3987 3179 lsraeli

2370 3228 2679 3301 parabatur,
2713 3225 2863 3293 plebs
2891 3221 3130 3295 gentium
3162 3217 3466 3289 occupavit.

2444 3320 2498 3376 7.
2559 3317 2738 3374 Virtus
2758 3316 2948 3372 Christi
2974 3314 3201 3386 inﬁnita.
3224 3338 3297 3357 ο·-
3326 3311 3423 3366 Est
3446 3315 3631 3364 autem
3658 3306 3713 3362 in
3738 3306 3984 3378 sitnplici

2371 3410 2756 3482 intelligentia,
2801 3421 2993 3479 magna
3022 3406 3237 3461 virtutis
3282 3402 3576 3459 dominica:
3620 3397 3921 3455 admiratio
3967 3416 3983 3454 :

2368 3520 2493 3561 cum
2523 3511 2761 3574 potestas
2784 3501 2920 3555 intra
2948 3510 3145 3569 corpus
3167 3509 3391 3551 manens
3417 3494 3579 3549 rebus
3598 3490 3812 3547 caducis
3840 3489 3985 3545 efﬂ-

2370 3598 2621 3654 cientiam
2649 3594 2813 3667 709
2836 3592 3057 3648 adderet
3088 3589 3357 3654 sanitatis,
3383 3597 3437 3642 et
3466 3601 3638 3655 usque
3660 3586 3712 3640 iu
3739 3584 3985 3639 vestium

2370 3689 2613 3745 fimbrias
2637 3687 2882 3758 Operatio
2899 3684 3081 3740 divina
3097 3682 3431 3753 procederet.
3446 3680 3562 3736 Non
3576 3678 3719 3735 enim
3732 3678 3990 3735 divisibi—

2372 3782 2440 3837 iis
2458 3790 2515 3836 et
2528 3776 3033 3850 comprehensibilis
3050 3785 3165 3833 erat
3186 3776 3346 3836 Deus.
3368 3783 3423 3828 ut
3437 3786 3671 3843 corpore
3690 3771 3987 3828 claudere-

2373 3882 2481 3928 tur.
2506 3871 2628 3941 lpse
2654 3873 2799 3927 enim
2828 3870 2968 3925 dona
3012 3869 3065 3922 in
3094 3868 3296 3938 Spiritu
3322 3866 3507 3921 dividit
3531 3880 3546 3931 ;
3577 3872 3843 3921 caeterum
3872 3880 3988 3921 non

2373 3966 2634 4023 dividitur
2658 3965 2710 4020 in
2733 3954 3194 4020 donis.Virtutem
3224 3968 3404 4015 autem
3430 3959 3549 4029 ejus
3574 3958 3713 4013 ﬁdes
3732 3958 3989 4014 ubicum-

2373 4074 2482 4129 que
2503 4057 2853 4127 consequitur
2877 4070 2891 4107 :
2917 4053 3044 4125 quia
3074 4052 3277 4122 ubique
3295 4057 3401 4117 est,
3431 4057 3488 4105 et
3508 4064 3781 4119 nusquam
3804 4050 3988 4106 abest.

2378 4154 2448 4209 Et
2472 4152 2771 4222 assumptio
2792 4147 3038 4219 corporis
3064 4160 3171 4203 non
3194 4154 3440 4201 naturam
3475 4143 3699 4200 Virtutis
3737 4143 3987 4210 inclusit,

2378 4248 2475 4304 sed
2502 4247 2567 4303 ad
2589 4243 3021 4316 redemptionem
3047 4239 3128 4315 (9)
3157 4256 3335 4307 suam,
3366 4239 3710 4311 tmgiiitatem
3726 4240 3992 4309 corporis

2368 4425 2465 4466 mts
2499 4427 2513 4465 :
2545 4410 2657 4464 hoc
2669 4408 2813 4463 enim
2843 4414 2960 4472 est,
2986 4404 3305 4477 relinquetur
3332 4404 3386 4458 in
3407 4403 3619 4477 jejunio
3640 4402 3741 4457 cibi
3766 4401 3914 4458 silc.

2440 4481 2518 4554 (ά)
2548 4480 2638 4537 Sic
2671 4479 2956 4554 Bad.,__Er.
2991 4483 3052 4554 et_
3078 4474 3239 4554 Lips.
3264 4474 3564 4554 faveritibus
3596 4474 3719 4529 Par.
3762 4481 3823 4554 g-t
3851 4490 3990 4554 qua-

2365 4544 2645 4607 tuo‘r’mss.
2676 4551 2729 4606 in
2759 4550 2954 4621 quibus
2985 4548 3263 4615 adsumpti.
3299 4548 3354 4604 in
3377 4545 3498 4600 aliis
3524 4560 3657 4600 mss.
3702 4544 3909 4599 adsuti.

2440 4641 2512 4716 (c)
2569 4641 2708 4697 Editi
2730 4684 2744 4709 ,
2775 4650 2889 4695 orat
2933 4639 3072 4716 plebs
3091 4680 3108 4707 ,
3138 4656 3287 4709 quam
3313 4640 3425 4709 ipsa
3465 4637 3656 4693 Christi
3682 4638 3991 4710 purificatio

665 4681 788 4783 illi?
804 4677 1302 4783 ἷ.²;¹ι¹ιῗ⁵ἐ.ἱῖῗ;ῗῖ,¹ξὲἷί¹¹τ
1326 4694 1589 4748 ντί⁰⁵⁸¹¹⁸ν
1614 4677 1787 4752 edi“
1811 4694 2080 4754 "mm
2098 4700 2264 4741 ηεεηο
2290 4721 2345 4783 ι)
2369 4677 3413 4780 αάὶῖίιεᾶἓῖ’ξιξεΪέἱῆρῖἲέἔῖιὶιιῖἐῖὶιὶἔὲἶ

670 4751 778 4806 alio
804 4752 926 4806 cibo
956 4750 1235 4819 indigebit.

747 4823 820 4894 (b)
852 4820 987 4876 Tres
1017 4836 1145 4874 mss.
1176 4821 1231 4894 in
1259 4821 1434 4894 ﬁdem.
1472 4820 1868 4878 Ettcharistiam
1897 4826 2191 4894 accipimus
2216 4828 2268 4882 in

676 4893 784 4948 ﬁde
803 4892 1245 4960 resurrectionis,
1278 4893 1406 4964 dum
1447 4894 1565 4962 ejus
1604 4897 1952 4964 perceptione
1989 4892 2269 4953 credimus

674 4980 779 5020 nos
805 4979 1000 5035 panem
1030 4968 1233 5029 vivum,
1258 4973 1312 5018 et
1345 4963 1475 5029 vivi,
1505 4980 1609 5018 non
1642 4963 1860 5028 mortui,
1897 4965 2100 5022 Chris’ti
2142 4984 2268 5023 cor-

677 5052 777 5109 pus
801 5038 1068 5109 accipere.
1104 5036 1501 5109 Accipitnusct
1530 5038 1584 5089 in
1623 5036 1782 5109 tidem
1824 5042 2268 5109 resurrectionis,

618 5148 625 5155 .
674 5108 802 5162 dum
829 5122 935 5160 non
959 5106 1134 5160 solum
1163 5120 1355 5174 panem
1390 5108 1589 5163 vivum.
1623 5107 1717 5160 sed
1745 5116 1800 5161 et
1830 5108 2193 5165 vivdicantcnt
2218 5106 2272 5167 in

675 5195 740 5235 ea
770 5178 1033 5232 contineri
1065 5178 1401 5247 proﬁtemur,
1421 5178 1479 5231 in
1507 5193 1610 5247 qua
1635 5177 2055 5236 immortalitatis
2080 5196 2269 5238 semen

676 5250 837 5306 nobis
871 5247 1116 5319 priest-ari
1143 5248 1387 5303 nonnulli
1428 5247 1618 5303 Patres
1655 5266 1761 5306 non
1795 5250 2068 5307 immerito
2101 5254 2272 5310 tradi-

676 5322 893 5393 derunt.
932 5319 1084 5393 Unde
1101 5320 1440 5393 Athanasius
1467 5320 1626 5393 epist.
1659 5321 1715 5383 ὁ,
1744 5321 1811 5376 ad
1846 5322 2037 5392 Serap.
2069 5332 2181 5388 ιρι,
2215 5339 2268 5393 p.

679 5395 805 5457 379,
833 5391 1165 5464 cdit._Paris.
1204 5408 1295 5446 an.
1336 5390 1500 5454 1627,
1529 5391 1804 5464 Christum
1843 5395 1923 5449 sic
1961 5390 2270 5464 loquentem

678 5464 926 5535 inducit:
958 5460 1157 5535 Corpus
1180 5478 1371 5526 meum,
1405 5463 1561 5528 quod
1584 5465 1867 5519 ostenditur
1902 5475 1949 5519 et
1986 5460 2141 5521 datur
2179 5481 2273 5535 pro

680 5534 895 5608 mundo,
918 5534 973 5588 in
1008 5534 1177 5608 cibum
1202 5534 1430 5608 dabitur.
1462 5545 1514 5588 ut
1541 5536 1841 5605 spiritaliter
1881 5537 2151 5608 unicuique
2173 5534 2273 5593 tri-

680 5607 891 5678 buatur,
914 5615 962 5660 et
1001 5605 1091 5673 ﬁat
1109 5606 1337 5678 singulis
1370 5615 1590 5660 tutamen
1626 5605 2151 5678 praeservatioque‘ad
2190 5624 2273 5663 re—

679 5676 1045 5730 surrectionem
1072 5676 1186 5731 vita:
1205 5687 1430 5731 wternte.

756 5743 828 5814 (c)
859 5745 1097 5823 Latinius
1119 5762 1287 5823 eius.
1314 5747 1482 5802 Vatic.
1512 5750 1566 5801 in
1595 5748 1710 5823 uita:
1738 5748 1849 5803 cibo
1867 5750 2102 5823 jejunus,
2130 5746 2278 5806 lilia»

686 5814 755 5867 rii
785 5822 1020 5868 mentem
1050 5816 1250 5871 clarius
1276 5817 1349 5872 ita
1368 5818 1753 5888 expressisset,
1775 5836 1810 5874 α
1835 5814 1947 5875 cibo
1981 5814 2100 5875 citro
2126 5824 2275 5894 jeju-

2452 4810 2520 4878 (f)
2546 4808 2775 4879 Spiritus
2793 4807 2958 4861 sancti
2984 4805 3245 4879 vocabulo
3276 4802 3993 4879 verbidivinitatetusigni:

2382 4874 2532 4935 Ileari
2553 4920 2567 4937 .
2590 4874 2807 4947 liquido
2835 4887 2985 4948 patet
3006 4892 3076 4931 ex
3097 4876 3379 4948 subnexis.
3400 4874 3552 4948 Quid
3569 4874 3717 4928 enim
3756 4874 3848 4927 hic
3880 4874 3986 4928 sibi

2381 4953 2494 5007 vult
2522 4945 2752 5019 Spiritus
2776 4945 2939 5003 suit-ti
2986 4948 3196 5001 domum
3242 4946 3393 5001 modo
3442 4945 3661 5015 βιώτω
3700 4947 4003 5019 exeuntis,

2383 5023 2488 5077 tti~i
2512 5017 2656 5091 quod
2687 5019 2826 5075 infra
2853 5020 3082 5086 operatio
3109 5019 3287 5091 diuina
3319 5032 3479 5084 usque
3503 5019 3556 5069 ist
3605 5020 3825 5071 statim
3857 5017 3985 5086 ﬁm-

2379 5088 2545 5148 brias'
2565 5092 2848 5165 procedens
2867 5131 2881 5153 ,
2897 5107 3009 5165 seu
3027 5088 3211 5165 “quod
3234 5097 3457 5165 potestas
3483 5091 3621 5142 intra
3650 5103 3846 5165 corpus
3873 5103 3985 5165 ἕως

2381 5181 2506 5220 nens
2546 5155 2698 5219 rebus
2723 5161 2934 5216 caducis
2979 5155 3301 5232 eﬂicieutiasu
3342 5160 3537 5214 addet"
3562 5158 3831 5213 uastitatis.

2376 5251 2483 5290 non
2517 5236 2695 5289 minus
2735 5226 3079 5288 mattilesttiitt
3115 5244 3200 5287 est
3246 5229 3470 5285 Virtutis
3520 5245 3718 5285 nomen
3760 5244 3891 5283 mox
3914 5226 3982 5281 ad

2377 5306 2626 5361 eumdem
2646 5305 3003 5373 signiﬁcatum
3025 5302 3254 5358 assumi.
3287 5303 3545 5373 Ilivinitas
3570 5312 3756 5356 autem
3773 5298 3981 5373 Christi

2375 5378 2446 5432 de
2466 5392 2695 5444 corpore
2712 5370 2887 5436 exiit,
2916 5391 3038 5429 eum
3086 5375 3268 5443 seper
3297 5389 3459 5442 opera
3489 5372 3672 5428 divina
3716 5370 3983 5426 manifes-

2379 5450 2528 5502 tavit.
2555 5447 2665 5503 Nec
2691 5448 2961 5501 immerito
2982 5456 3313 5501 memoratur
3339 5447 3525 5501 exisse
3550 5484 3569 5511 ,
3594 5457 3722 5513 qna
3742 5455 3981 5513 corpore

2381 5534 2486 5573 non
2515 5518 2889 5573 claudebatur.

2381 5534 2486 5574 non
2515 5520 2889 5573 claudebatur.

2454 5610 2531 5683 (g)
2556 5608 2689 5663 Illud
2721 5624 2865 5683 suum
2889 5623 2994 5663 non
3026 5607 3093 5661 ad
3120 5608 3419 5683 virtutem)
3446 5605 3543 5683 sed
3566 5605 3634 5661 ad
3663 5618 3861 5666 corpus
3886 5618 3975 5683 τε*

2383 5677 2555 5736 fertur
2576 5700 2589 5734 :
2613 5682 2860 5745 corporis
2887 5687 3067 5734 autem
3090 5679 3354 5734 vocabulo
3374 5677 3653 5733 hominum
3683 5684 3871 5732 natura
3894 5677 3976 5729 in-

2385 5754 2665 5824 telligitur.
2689 5750 3086 5824 Hocigitursibi
3110 5751 3224 5824 vult
3251 5750 3526 5806 hominum
3554 5758 3802 5824 naturam
3822 5746 3976 5802 inﬁr-

2386 5819 2529 5877 mam
2557 5821 2624 5877 ad
2648 5819 3299 5893 eorum'redemptioncm
3320 5819 3632 5893 assumpsit.
