4222 6262
678 314 786 373 967

1889 310 2138 372 SANCTI
2175 308 2429 369 HILARII
2461 309 2762 371 EPISCOPI
3469 258 3475 264 -
3841 320 3924 380 968

677 430 807 486 dum
839 443 898 485 se
927 437 1104 485 tamen
1135 441 1348 500 semper
1383 427 1666 485 exuberat.
1695 429 1765 484 Et
1792 427 1913 500 quia
1948 431 2130 499 plures
2156 443 2277 485 esse
2304 433 2358 492 Α
2453 431 2506 485 5.
2568 429 2634 484 1η
2661 428 2947 499 apostolico
2988 428 3265 484 ministerio
3295 427 3374 483 nil
3407 429 3597 484 uenale.
3626 460 3692 471 —
3721 430 3918 502 Aurum,

679 526 811 581 utile
839 525 928 590 sit,
953 539 1049 594 per
1072 538 1209 594 quos
1235 523 1599 588 ministretur;
1628 524 1804 592 rogari
1822 524 2105 578 Dominum
2127 538 2274 577 mes-

678 617 754 672 sis
775 617 951 688 jubet,
983 616 1116 670 utin
1162 630 1393 670 messem
1437 615 1716 685 operarios
1745 615 1926 686 plures
1958 615 2175 685 ejiciat:
2207 612 2276 667 ad

677 705 1067 777 capessendum
1095 707 1300 763 scilicet
1316 706 1457 778 quod
1477 707 1876 777 praeparabatur
1896 706 2096 762 donum
2114 707 2274 777 711

676 795 910 869 Spiritus
960 801 1166 866 sancti,
1221 815 1519 856 messorum
1575 801 1785 870 copiam
1842 800 1982 856 Deus
2013 809 2275 868 pra:stet:

675 909 776 965 per
797 893 1093 949 orationem
1117 894 1260 949 enim
1289 909 1352 949 ac
1382 907 1598 964 precem
1632 893 1735 948 hoc
1767 893 1923 948 nobis
1954 908 1983 946 a
2019 893 2128 946 Deo
2160 906 2279 944 mu-

679 1002 781 1043 nus
812 985 887 1059 (α)
917 986 1232 1044 eﬁ'unditur.
1261 987 1438 1059 Atque
1467 996 1526 1042 ut
1555 989 1606 1042 in
1638 1003 1872 1043 messem
1905 987 2046 1041 illam
2072 999 2279 1040 messo-

677 1096 767 1136 res
802 1097 1124 1137 numerosos
1152 1097 1218 1136 ex
1259 1077 1361 1136 his
1385 1081 1673 1137 duodecim
1719 1082 1953 1150 primum
2001 1077 2280 1147 Apostolis

679 1172 1056 1229 dili‘undendos
1079 1174 1342 1229 indicaret
1367 1191 1382 1240 ;
1413 1173 1725 1228 convocatis
1751 1172 1856 1226 illis
1882 1171 2031 1227 dedit
2052 1170 2279 1242 ejicien-

679 1269 869 1324 dorum
918 1270 1203 1339 spirituum
1248 1277 1606 1340 potestatem,
1651 1275 1705 1322 et
1747 1265 1924 1320 omnis
1953 1261 2281 1319 inﬁrmitatis

680 1361 982 1417 medendae.
1033 1361 1203 1432 Hujus
1231 1361 1374 1416 enim
1405 1360 1529 1415 doni
1563 1358 1637 1431 (b)
1665 1359 1986 1424 virtutibus,
2034 1363 2282 1427 poterant

679 1466 734 1510 et
761 1455 1012 1510 turbator
1038 1454 1259 1526 expelli,
1292 1462 1348 1510 et
1378 1453 1592 1508 inﬁrma
1620 1453 1821 1507 curari.
1851 1451 1922 1507 Et
1948 1451 2167 1520 dignum
2199 1457 2282 1503 est

678 1555 1074 1619 prreceptorum
1105 1547 1446 1618 singulorum
1473 1544 1886 1616 signiﬁcantiam
1916 1539 2184 1598 contueri.

750 1643 806 1697 3.
830 1641 1102 1712 Prwcepta
1133 1639 1324 1695 Christi
1346 1638 1688 1706 apostolicum
1708 1653 1892 1690 manus
1904 1635 2286 1704 spectantia.—

681 1734 971 1792 Abstinerc
1009 1748 1068 1786 se
1111 1747 1142 1786 a
1173 1732 1278 1786 viis
1318 1730 1556 1802 gentium
1598 1729 1957 1784 admonentur
1981 1724 2145 1798 (Ibid.
2175 1724 2230 1794 5)
2266 1741 2279 1778 :

2380 533 2690 593 argentum,
2730 523 3013 592 pecuniam
3052 522 3332 593 possidere
3366 521 3672 577 inhibentur
3698 525 3742 577 in
3766 529 3916 593 zonis,

2379 624 2432 669 et
2460 629 2640 684 peram
2667 615 2718 667 in
2746 615 2830 668 via
2853 614 3012 678 ferre,
3043 623 3096 668 ct
3123 614 3252 668 duas
3280 614 3495 668 tunicas
3519 625 3568 668 et
3587 614 3921 686 calceamenta,

2379 707 2435 759 et
2463 703 2665 774 virgam
2722 705 2775 760 in
2808 705 3058 759 manibus
3085 719 3397 760 assumere:
3429 713 3484 759 et
3505 703 3692 776 dignus
3719 711 3922 765 mercede

2392 812 2487 852 sua
2513 810 2597 852 est
2625 799 2906 868 operarius
2934 795 3098 870 (Ibid.
3131 797 3163 852 9
3189 807 3237 852 et
3270 797 3385 868 10).
3419 797 3536 851 Non
3564 799 3856 866 invidiosus,
3881 811 3926 856 ut

2380 891 2648 956 arbitror,
2695 890 2985 946 thesaurus
3025 891 3079 946 in
3130 906 3263 945 zona
3315 898 3442 945 est:
3476 899 3532 945 et
3558 891 3678 961 quid
3706 891 3795 946 sibi
3840 897 3928 949 vult

2381 984 2528 1052 auri,
2559 986 2803 1054 argenti,
2829 992 2992 1053 atque
3017 983 3160 1058 mris‘
3182 983 3233 1036 in
3257 997 3397 1036 zona
3423 981 3644 1036 inhibita
3671 985 3927 1052 possessio?

2381 1077 2523 1132 Zona
2555 1087 2638 1131 est
2667 1077 2949 1131 ministerii
2983 1086 3272 1145 apparatus
3297 1117 3314 1142 ,
3348 1087 3404 1131 et
3437 1073 3505 1130 ad
3529 1075 3803 1131 efﬁcaciam
3828 1095 3929 1148 ope-

2382 1171 2456 1224 ris
2484 1169 2817 1239 prtecinctio.
2845 1159 2988 1238 Ergo
3015 1184 3083 1223 ne
3104 1168 3229 1238 quid
3265 1170 3316 1222 in
3347 1169 3648 1223 ministerio
3669 1179 3833 1224 nostro
3859 1187 3930 1226 ve-

2383 1263 2506 1316 nale
2522 1261 2592 1316 sit
2609 1261 2999 1324 admonemur;
3031 1260 3103 1333 (Ῑ)
3126 1277 3301 1332 neque
3335 1260 3439 1315 hoc
3466 1262 3780 1332 aposmlatus
3803 1264 3929 1338 712

2384 1354 2553 1409 nostri
2581 1369 2717 1425 Opus
2766 1357 2856 1409 liat
2887 1355 3036 1420 auri,
3094 1354 3354 1426 argenti,
3402 1355 3634 1425 terisque
3689 1361 3925 1424 possessio.

2388 1448 2498 1501 Nec
2522 1463 2696 1519 peram
2726 1448 2778 1500 in
2811 1447 2912 1513 via,
2944 1461 3128 1501 curam
3175 1447 3391 1502 scilicet
3421 1447 3688 1501 szrcularis
3723 1447 3928 1502 substan-

2385 1541 2471 1596 tiae
2512 1541 2925 1611 relinquendam
2956 1558 2969 1595 :
2997 1541 3120 1611 quia
3168 1539 3350 1594 otnuis
3382 1538 3662 1594 thesaurus
3705 1539 3767 1594 sit
3791 1540 3932 1609 perni-

2385 1635 2566 1689 ciosus
2594 1633 2647 1688 in
2683 1642 2855 1699 terra,
2882 1631 3046 1688 corde
3078 1643 3269 1688 nostro
3295 1632 3409 1686 illic
3430 1631 3639 1698 futuro,
3670 1630 3747 1685 ubi
3771 1632 3931 1686 conda-

2386 1736 2472 1780 tur
2501 1736 2555 1780 ct
2605 1725 2910 1780 thesaurus.
2969 1722 3091 1779 Non
3121 1725 3254 1779 duas
3310 1725 3533 1778 tunicas.
3582 1723 3772 1779 Sufﬁcit
3811 1725 3926 1779 enim

682 1841 792 1880 non
819 1824 963 1896 quod
992 1839 1098 1878 non
1147 1823 1308 1878 etiam
1349 1821 1416 1876 ad
1457 1821 1686 1875 salutem
1715 1818 1956 1890 gentium
1998 1818 2282 1871 millercn-
2313 1817 2361 1876 B
2389 1823 2542 1877 nobis
2572 1823 2740 1877 semel
2774 1821 3019 1878 Christus
3054 1823 3271 1877 indutus
3298 1839 3312 1877 :
3347 1839 3520 1888 neve,
3552 1838 3644 1894 per
3665 1823 3928 1892 pravitatem

683 1926 792 1984 tur,
824 1916 918 1971 sed
951 1926 1009 1969 ut
1033 1930 1198 1984 opere
1233 1924 1287 1969 et
1318 1913 1425 1968 vita
1455 1912 1674 1982 gentilis
1702 1909 2020 1982 ignorantia:
2046 1906 2287 1963 abstine-

682 2020 822 2066 rent.
847 2009 904 2064 ln
929 2009 1177 2064 civitates
1203 2005 1668 2062 Samaritanorum
1701 2004 1848 2057 vetiti
1884 2012 2009 2056 sunt
2036 2001 2284 2056 introire.

682 2097 951 2171 Numquid
974 2114 1080 2154 non
1113 2099 1289 2170 potius
1307 2096 1702 2154 Samaritanam
1727 2095 1842 2165 ipse
1863 2093 2070 2150 curavit
2099 2091 2280 2160 (Joau.

681 2192 784 2265 ψ
815 2192 920 2248 Sed
966 2200 1024 2246 ut
1065 2191 1325 2246 ecclesias
1373 2188 1749 2244 haereticorum
1802 2203 1908 2241 non
1955 2185 2155 2241 adeant
2183 2184 2278 2240 ad-

681 2296 994 2341 monentur.
1024 2282 1168 2338 Nihil
1207 2281 1350 2337 enim
1384 2281 1566 2336 differt
1593 2281 1660 2336 ab
1697 2279 2030 2351 ignoratione
2059 2293 2282 2348 perver-

681 2378 834 2434 sitas.
861 2377 1147 2432 Mittuntur
1165 2375 1360 2431 deinde
1384 2375 1450 2430 ad
1468 2389 1598 2430 oves
1635 2372 1873 2444 perditas
1901 2371 2096 2427 domus
2123 2369 2285 2426 Israel

687 2471 900 2542 (Matth.
937 2487 992 2537 x,
1022 2469 1102 2540 6).
1133 2467 1332 2540 Atquin
1375 2468 1428 2522 in
1457 2481 1578 2522 eum
1609 2463 1766 2537 (Scit.
1796 2464 2096 2534 Christum)
2133 2463 2284 2531 lupo-

683 2581 800 2620 rum
855 2578 920 2620 ac
972 2564 1279 2634 viperarum
1323 2557 1520 2631 linguis
1568 2567 1624 2613 et
1684 2557 1927 2612 faucibus
1972 2558 2281 2611 saevierunt.
2332 2583 2336 2587 ρ

681 2658 789 2716 Sed
819 2658 891 2730 (ε)
923 2657 1189 2728 legislatio
1231 2655 1477 2710 obtinere
1515 2651 1849 2722 privilegium
1890 2648 2160 2719 Evangelii
2190 2647 2285 2702 de-

681 2753 846 2812 bebat
881 2771 892 2807 :
924 2752 1026 2808 hoc
1059 2753 1237 2807 minus
1274 2748 1437 2804 lsrael
1483 2747 1708 2804 sceleris
1748 2746 1832 2800 sui
1875 2741 2283 2800 excusationem

682 2845 999 2914 habiturus,
1026 2859 1134 2915 quo
1159 2843 1281 2916 plus
1305 2840 1610 2898 sedulitatis
1653 2839 1706 2895 in
1747 2836 2114 2893 admonitione
2159 2850 2286 2891 scn-

680 2939 859 2996 sisset.

755 3030 812 3087 4.
875 3029 1119 3105 Perfecta
1161 3031 1217 3084 in
1267 3028 1527 3101 Apostolis
1558 3025 1751 3082 Christi
1787 3025 1977 3100 imago.
2026 3049 2096 3064 ——
2150 3020 2282 3074 Tota

682 3127 878 3184 deinde
907 3127 958 3181 in
987 3125 1264 3196 apostolos
1295 3132 1534 3194 potestas
1559 3121 1773 3176 virtutis
1800 3116 2087 3174 dominica:
2117 3122 2288 3168 trans-

2391 1912 2762 1983 intelligentia:
2808 1925 3007 1969 nostra:
3033 1956 3048 1982 ,
3098 1915 3270 1970 altera
3302 1914 3565 1984 deinceps
3595 1915 3673 1968 vel
3708 1915 3926 1971 haereseos

2385 2005 2473 2060 vel
2505 2005 2638 2076 legis
2687 2014 2838 2061 veste
2890 2007 3200 2062 induamur.
3247 2006 3376 2061 Non
3423 2007 3756 2061 calceamenta.
3792 2007 3926 2062 Num-

2387 2099 2513 2168 quid
2539 2098 2893 2154 humanorum
2919 2101 3117 2171 pedum
3150 2100 3441 2154 inﬁrmitas
3481 2102 3681 2170 patiens
3715 2110 3785 2156 est
3803 2101 3932 2154 nudi-

2388 2193 2556 2247 tatis?
2596 2192 2701 2248 Sed
2723 2194 2783 2247 in
2819 2202 3002 2248 sancta
3035 2203 3209 2259 terra,
3237 2203 3292 2248 et
3343 2204 3679 2264 peccatorum
3705 2196 3933 2264 Spiuisat-

2385 2297 2490 2352 que
2520 2283 2726 2338 aculeis
2751 2300 2857 2339 non
2885 2285 3107 2341 obsessa
3130 2328 3142 2350 ,
3179 2295 3238 2339 ut
3283 2285 3461 2358 Moysi
3506 2286 3696 2340 dictum
3721 2297 3816 2352 est,
3859 2302 3934 2340 nu-

2385 2375 2468 2430 dis
2495 2377 2725 2446 pedibus
2775 2380 2966 2434 staturi
2998 2377 3199 2448 (Exodi
3246 2393 3305 2433 nt
3337 2421 3352 2446 ,
3383 2381 3476 2449 5),
3501 2380 3829 2436 admonemur
3847 2396 3930 2436 non

2384 2468 2550 2522 alium
2579 2468 2852 2540 ingressus
2877 2473 3044 2526 nostri
3079 2470 3297 2537 habere,
3326 2488 3493 2542 quam
3526 2489 3673 2542 quem
3701 2488 3730 2527 a
3753 2471 3929 2528 Christo

2386 2559 2704 2630 accepimus
2729 2603 2744 2627 ,
2772 2572 3106 2633 apparatum.
3143 2563 3323 2632 Neque
3347 2565 3544 2635 virgam
3563 2566 3614 2618 in
3637 2565 3870 2631 manibus,
3893 2563 3934 2619 id

2386 2661 2490 2717 est,
2521 2655 2798 2722 potestatis
2821 2666 3090 2711 extraneae
3113 2671 3219 2711 non
3250 2655 3330 2728 (g)
3361 2657 3549 2730 indigi,
3576 2658 3929 2729 qumrcrejura,

2388 2743 2648 2801 habentes
2677 2748 2880 2818 virgam
2926 2747 2994 2803 de
3025 2749 3214 2808 radice
3253 2749 3452 2815 Jcsse;
3479 2766 3597 2804 nam
3634 2765 3935 2821 quaecumque

2385 2836 2490 2892 alia
2519 2838 2711 2907 fuerit,
2747 2856 2853 2895 non
2876 2842 2978 2897 erit
2999 2840 3200 2897 Christi
3224 2860 3236 2896 :
3266 2844 3519 2900 instrueti
3541 2847 3678 2900 onmi
3700 2846 3935 2915 superiore

2387 2945 2638 2987 sermone
2660 2933 2726 2987 ad
2759 2933 3150 2990 conﬁciendum
3177 2939 3282 2991 iter
3311 2938 3521 3002 saeculi,
3543 2939 3720 3007 gratia,
3755 2938 3933 3002 viatico,

2388 3037 2556 3090 veste,
2588 3027 2957 3085 Calceamento
2984 3072 2998 3097 ,
3034 3040 3301 3100 potestate
3328 3049 3342 3098 ;
3396 3035 3446 3088 in
3480 3033 3561 3089 his
3588 3035 3720 3089 enim
3748 3048 3936 3103 operan-

2391 3126 2491 3183 tcs,
2521 3118 2665 3190 digni
2713 3121 2963 3177 mercede
3007 3132 3190 3179 nostra
3239 3126 3604 3195 reperiemur,
3644 3125 3688 3179 id
3725 3135 3821 3192 est,
3860 3137 3935 3193 per

684 3222 852 3278 fertur
886 3239 899 3276 :
931 3217 1013 3292 (ά)
1042 3229 1097 3275 et
1135 3219 1224 3289 qui
1254 3219 1307 3272 in
1342 3217 1508 3272 Adam
1538 3217 1590 3271 in
1631 3215 1921 3285 imaginem
1953 3220 2010 3268 et
2033 3208 2281 3265 similitu-
2309 3200 2354 3264 C
2387 3212 2579 3268 horum
2607 3215 3006 3272 observantiam
3027 3219 3267 3275 caelestis
3298 3222 3422 3290 Spei
3451 3221 3664 3292 pra‘mia
3687 3218 3932 3288 recepturi.

683 3313 865 3370 dinem
912 3312 1006 3366 Dei
1045 3319 1200 3366 erant
1230 3309 1480 3378 ﬁgurati,
1536 3322 1680 3363 nunc
1731 3304 2026 3378 perfectam
2077 3297 2280 3356 Christi

683 3406 971 3478 imaginem
992 3414 1046 3459 et
1069 3402 1478 3458 similitudinem
1505 3403 1823 3465 sortiuntur,
1848 3398 1980 3454 nihil
2011 3413 2040 3450 a
2069 3393 2278 3451 Domini

684 3499 766 3554 sui
815 3497 1101 3552 virtutibus
1146 3495 1498 3557 diﬁ'erentes;
1548 3502 1602 3548 et
1659 3492 1748 3562 qui
1786 3499 2075 3546 terrestres
2121 3495 2280 3541 antea

684 3599 859 3657 erant,
886 3590 1138 3644 ctelestes
1169 3587 1329 3642 modo
1355 3585 1507 3641 ﬁunt.
1536 3583 1838 3640 Praedicent
1867 3597 2090 3652 regnum
2117 3579 2283 3635 coelo-

684 3699 804 3739 rum
845 3683 1206 3752 propinquare
1233 3677 1394 3751 (Ibid.
1433 3678 1519 3750 7),
1571 3676 1860 3747 imaginem
1887 3674 2097 3730 scilicet
2124 3683 2179 3729 et
2208 3672 2304 3727 si-'

686 3774 1045 3831 militudinem
1072 3774 1166 3829 Dei
1191 3786 1334 3828 nunc
1357 3773 1410 3826 in
1427 3770 1759 3827 consortiqu
1783 3767 2025 3822 veritatis
2047 3764 2280 3831 assumi;

686 3879 747 3926 ut
773 3869 946 3926 sancti
975 3881 1196 3932 omnes,
1237 3867 1329 3937 qui
1367 3864 1492 3921 caeli
1535 3862 1827 3933 nuncnpati
1866 3869 2024 3926 sunt,
2053 3858 2284 3914 Domino

685 3967 1042 4033 conregnent.
1075 3958 1149 4032 (ε)
1183 3957 1436 4013 Inlirmos
1463 3964 1682 4020 curent,
1716 3963 1966 4009 mortuos
1986 3952 2280 4015 suscitent,

687 4053 932 4122 leprOsos
983 4050 1317 4115 emnndent,
1366 4049 1640 4103 daemones
1689 4045 1908 4117 ejiciant
1957 4043 2120 4117 (Ibid.
2179 4041 2280 4114 8);

685 4141 944 4214 quidquid
990 4143 1254 4198 malorum
1301 4141 1434 4195 Adae
1477 4137 1695 4211 corpori
1739 4145 1942 4192 satana:
2000 4135 2286 4190 instinctus

686 4236 963 4298 intulerat,
994 4235 1099 4291 hoc
1119 4250 1333 4290 rursum
1368 4233 1468 4303 ipsi
1498 4233 1565 4289 de
1597 4232 1980 4288 communione
2001 4227 2285 4283 dominica:

687 4328 966 4399 potestatis
994 4326 1305 4382 emnndent.
1341 4325 1405 4380 Et
1429 4335 1487 4380 ut
1515 4341 1582 4379 ex
1612 4334 1746 4390 toto,
1781 4321 2077 4378 secundum
2103 4319 2283 4376 Gene-

686 4420 762 4474 sis
792 4418 1124 4489 prophetiam
1154 4417 1302 4490 (Gen.
1335 4432 1390 4483 t,
1419 4416 1512 4488 26)
1535 4456 1550 4482 ,
1583 4415 1676 4470 Dei
1708 4413 2116 4469 similitudinem
2156 4427 2286 4466 con-

685 4522 1000 4584 sequantur,
1030 4511 1160 4567 dare
1180 4511 1346 4582 gratis
1374 4510 1517 4580 quod
1543 4509 1711 4579 gratis
1740 4515 2068 4578 acceperunt
2091 4507 2285 4577 juben-

686 4614 774 4661 tur

684 4698 922 4770 gratuiti.

685 4905 1016 4962 mulationem
1045 4903 1454 4960 conﬁciebatur.

760 4979 840 5050 (a)
869 4977 1149 5050 Bad..__Er.
1193 4986 1248 5030 et
1278 4975 1424 5044 Lips.
1463 4972 1784 5050 elfundetur,
1805 4972 1905 5026 Alii
1937 4987 2076 5050 vero
2109 4971 2230 5025 libri
2262 5013 2276 5037 ,

685 5043 986 5116 eﬁ'un'ditur.
1015 5047 1113 5104 Hic
1138 5047 1288 5102 locus
1314 5043 1528 5101 rbrsum
1558 5045 1622 5098 ad
1650 5043 2281 5116 contirmationisisacra-

688 5113 925 5176 mentum
952 5129 1125 5187 potest
1143 5117 1354 5174 referri.
1379 5116 1671 5186 Videjnfra
1701 5129 1750 5169 c.
1778 5116 1864 5178 l9,
1892 5131 1945 5167 n.
1973 5116 2026 5179 5,
2052 5114 2137 5167 ubi
2156 5113 2278 5187 Spi-

687 5193 822 5248 ritus
842 5186 1010 5246 sanCti
1030 5191 1228 5246 d0num
1245 5206 1335 5258 per
1359 5188 1730 5260 impositionem
1755 5195 2002 5260 manusct
2024 5186 2278 5256 precatio-

689 5279 803 5317 nem
834 5263 1071 5334 prtestari
1091 5257 1594 5334 declaraturJTum
1637 5260 1841 5312 easdem
1869 5257 2134 5334 editiones
2160 5271 2280 5311 cum

689 5334 812 5389 Par.
834 5329 897 5390 ἐι
923 5349 1052 5388 mss.
1077 5331 1231 5387 Colb.
1256 5340 1310 5387 et
1337 5331 1674 5400 Carn.:atquc
1692 5341 1741 5382 ut
1759 5345 1968 5383 messem
1990 5329 2133 5382 illam
2155 5344 2280 5382 mes.

686 5423 946 5474 surasque;
962 5407 1154 5474 quibus
1177 5404 1466 5471 subjiciunt
1486 5392 1849 5470 duo'przedicti
1877 5416 1975 5453 ms.
2007 5415 2069 5453 ea:
2094 5403 2166 5474 bis
2186 5416 2283 5452 nu-

688 5472 846 5531 mero
867 5472 1130 5530 duodecim
1153 5476 1372 5542 primum
1409 5475 1687 5543 apostolos.
1717 5474 1956 5543 Caeteros
1981 5472 2276 5543 sequimur.

759 5546 836 5621 (b)
865 5548 920 5603 lu
953 5547 1162 5621 duobus
1211 5561 1339 5600 is.
1374 5542 1556 5621 virtute
1606 5553 1858 5621 poterant.
1896 5542 2096 5621 Deinde
2138 5543 2276 5612 apud

687 5614 955 5675 Laiiuium
985 5618 1276 5673 Vaticanus
1329 5616 1518 5679 codex,
1552 5624 1600 5669 et
1657 5617 1864 5670 turbata
1884 5631 1902 5668 :
1952 5614 2090 5668 male
2110 5655 2124 5679 ,
2153 5630 2275 5668 cum

686 5699 924 5760 potestas
955 5690 1008 5744 in
1037 5689 1372 5744 turbatorem
1390 5686 1670 5760 diabolum
1699 5684 2202 5760 datasigniﬁcetur.

694 5756 774 5824 (ο)
803 5760 1038 5836 ,Τψ-οη.
1073 5773 1212 5836 mss._
1257 5775 1285 5836 a
1318 5759 1494 5836 prima
1522 5772 1717 5836 manu,
1748 5757 1843 5836 sed
1873 5757 2044 5836 magis
2073 5756 2273 5836 lectio;

581 5850 612 5892 α
685 5843 785 5888 sec
799 5845 830 5882 u
849 5829 979 5893 uda,
999 5829 1087 5881 sed
1115 5829 1241 5896 legis
1265 5826 1431 5896 lectio,
1455 5827 1599 5898 quod
1615 5826 1888 5918 et'habcnt
1907 5826 1996 5884 alii
2015 5829 2272 5896 quinque.

2455 3305 2509 3359 6.
2566 3305 2628 3360 In
2677 3324 3051 3381 quamcumque
3093 3313 3352 3367 civitatem
3419 3313 3705 3367 introieritis
3750 3313 3934 3364 interra

2381 3406 2497 3466 gate
2525 3398 2640 3468 quis
2667 3400 2718 3452 iu
2745 3416 2803 3452 ius
2839 3400 3025 3472 dignus
3057 3409 3151 3465 est,
3200 3410 3255 3457 et
3309 3403 3526 3473 reliqua
3559 3403 3705 3473 (Ibid.
3733 3399 3826 3471 ll).
3849 3399 3933 3454 Lc-

2385 3491 2470 3544 via
2496 3491 2632 3546 forte
2677 3493 2936 3549 Dominus
2984 3495 3201 3551 dedisse
3253 3497 3538 3566 Apostolis
3563 3504 3792 3568 praecepta
3810 3493 3928 3548 cxis-

2384 3583 2687 3638 timabitur:
2719 3585 2864 3656 quod
2892 3602 2951 3643 se
2991 3603 3160 3659 usque
3189 3588 3255 3642 ad
3297 3591 3507 3644 inunita
3537 3587 3821 3652 introeundi,
3847 3586 3927 3640 ha-

2385 3676 2612 3744 bitandi,
2645 3679 2912 3746 morandi,
2939 3681 3280 3752 exeundique
3323 3683 3678 3738 summiserit.
3713 3681 3816 3735 llaec
3839 3677 3932 3748 qui-

2383 3772 2504 3825 dem
2538 3771 2808 3828 iutellecta
2831 3773 3146 3842 simpliciter
3195 3783 3511 3831 sanctorum
3551 3774 3802 3830 modestia:
3831 3785 3932 3826 con-

2391 3871 2612 3932 gruunt,
2646 3874 2698 3918 ut
2725 3879 2846 3919 cum
2879 3866 3040 3936 digno
3063 3868 3132 3921 sit
3165 3868 3526 3938 hospitalitas,
3563 3883 3688 3923 neve
3709 3882 3794 3937 per
3812 3865 3930 3919 incu-

2385 3956 2518 4010 riam
2554 3967 2647 4011 aut
2699 3957 3054 4028 ignorantiam
3086 3959 3494 4018 cohabitatione
3533 3962 3784 4034 probrosa:
3810 3955 3932 4013 lami-

2385 4045 2470 4100 litc
2519 4049 2840 4116 polluantur.
2877 4051 2992 4108 Sed
3035 4053 3367 4110 introeuntes
3404 4055 3671 4110 civitatem
3710 4053 3769 4108 dc
3801 4051 3931 4119 digno

2379 4137 2531 4208 jubet
2555 4143 2907 4214 interrogare,
2941 4154 3139 4200 etcum
3174 4161 3240 4201 eo
3279 4145 3525 4203 habitare
3563 4161 3718 4217 usque
3742 4143 3798 4198 ad
3826 4155 3926 4212 pro-

2385 4231 2670 4285 fectionem
2696 4249 2709 4288 :
2745 4233 2963 4289 domum
2988 4251 3204 4309 quoque
3231 4237 3298 4292 ab
3338 4237 3723 4296 introeuntibus
3749 4232 3931 4305 paciﬁce

2387 4323 2640 4378 salutari:
2709 4343 2828 4396 qua:
2858 4327 2905 4383 si
2957 4329 3118 4400 digna
3163 4341 3269 4396 est,
3321 4341 3374 4387 et
3401 4335 3552 4403 pacis
3602 4331 3766 4404 (etiam
3791 4323 3932 4397 μιεὶε)

2385 4421 2764 4475 communione
2796 4422 2867 4476 sit
2894 4423 3054 4493 digna
3085 4441 3099 4490 ;
3142 4424 3447 4495 siindigna,
3487 4441 3589 4498 pax
3627 4423 3829 4480 invicem
3855 4431 3928 4472 re-

2387 4519 2650 4564 vertatur:
2676 4512 2765 4582 qui
2797 4523 2976 4570 autem
3016 4529 3122 4571 non
3162 4516 3475 4587 receperint
3523 4531 3635 4582 eos,
3667 4522 3930 4570 sermones-

835 4623 849 4660 :
897 4613 953 4661 ut
998 4607 1071 4662 sit
1123 4603 1329 4660 scilicet
1382 4602 1705 4659 ministratio
1755 4600 1989 4673 gratuita
2039 4598 2279 4681 muneris
2310 4583 2364 4643 D
2388 4617 2493 4673 que
2525 4619 2710 4661 eorum
2733 4623 2747 4673 ;
2773 4608 2855 4663 his
2883 4623 3114 4665 excusso
3139 4583 3336 4681 pedum
3359 4611 3602 4682 pulvere,
3627 4619 3820 4666 πίει-ηπ
3841 4615 3931 4657 ma-

2384 4695 2688 4753 ledictiouis
2716 4701 2920 4758 semina
2945 4703 3293 4774 relinquenda
3323 4702 3492 4774 (Ibid.
3538 4703 3605 4759 £3
3637 4711 3680 4758 et
3702 4698 3798 4771 li).

2458 4901 2539 4973 (d)
2572 4901 2758 4980 [εἷάίιῖιζ
2774 4919 2830 4961 ut
2859 4910 3064 4980 qui.....
3089 4912 3489 4966 sortiantur.....
3521 4912 3677 4980 ﬁant:
3705 4904 3930 4980 reluctan-

2385 4967 2530 5098 gulf
2558 4991 2686 5101 msts.
2714 4967 2852 5033 ‘l‘utn
2871 4967 3008 5038 'ante
3037 4982 3258 5038 verbum
3291 4967 3587 5053 praedicent,
3610 4977 3928 5045 reticeturjl'

2419 5063 2476 5099 en
2503 5064 2565 5101 ur
2595 5065 2625 5100 ιι
2656 5089 2670 5101 .

2419 5063 2565 5101 emur
2595 5063 2670 5101 ιιι.

2454 5140 2530 5223 ie)
2561 5141 2656 5223 Πίςῖ
2684 5142 2865 5223 denuo
2909 5141 3132 5218 supple:
3172 5149 3386 5223 jubetur
3415 5158 3488 5202 ut.
3532 5145 3662 5201 Male
3686 5136 3925 5223 __autemiu

2387 5215 2536 5293 prius
2566 5219 2791 5284 vulgatis
2817 5215 3202 5289 coviseqitentia
3235 5221 3300 5293 ad
3348 5229 3583 5293 sanctos,
3613 5215 3793 5293 quibus
3819 5222 3925 5293 PT?

2387 5283 2838 5364 dicaturregnum
2861 5283 3145 5364 caelorum,
3175 5291 3574 5364 referebantur;
3597 5283 3712 5342 cum
3735 5283 3794 5339 de
3814 5291 3925 5350 PF‘E‘

2387 5353 2718 5413 dicaloribu's
2747 5363 3008 5429 apostolis
3029 5353 3173 5416 dicta
3211 5361 3341 5417 sint.

2461 5447 2530 5522 (ι’)
2565 5449 2748 5506 Plures
2772 5467 2899 5508 mss.
2935 5471 3095 5526 neque
3119 5455 3170 5507 in
3197 5455 3528 5526 apostolatus.

2462 5543 2539 5616 (9)
2574 5545 2727 5613 Apud
2761 5545 2883 5598 Par.
2914 5557 3240 5616 expunctum
3295 5556 3380 5604 est
3430 5545 3733 5602 vocabulum
3773 5534 3918 5606 indigi.

2387 5614 2520 5689 Alia.-
2543 5627 2720 5689 autetn
2750 5614 3018 5672 editiones
3049 5618 3400 5689 praeferentes
3436 5619 3689 5689 potestatis
3734 5618 3920 5689 estsine

2375 5685 2497 5760 fur}?
2522 5703 2623 5740 ηοιι
2652 5688 2834 5760 indigi,
2861 5679 3114 5745 omittunt
3133 5690 3331 5747 deinde
3358 5679 3574 5747 verbum
3593 5698 3819 5756 querere.
3844 5679 3918 5732 Se-

2386 5755 2598 5832 guimur
2629 5755 2781 5815 mssf
2801 5761 2853 5816 in
2884 5777 3112 5832 quorum
3154 5762 3428 5820 nonnullis
3467 5755 3688 5818 habetur
3713 5761 3915 5810 εκωτηιτι

2387 5825 2507 5884 loco
2533 5838 2810 5886 extranea’.
