4222 6262
301 273 409 332 969

1259 278 1802 345 COMMENTARIUS
1843 287 1906 344 IN
1946 286 2379 348 ΜΑΤἸἩᾹΞΙΙΜ.
2420 286 2571 348 CAP.
2615 291 2682 346 Χ.

3493 300 3598 359 970

375 390 428 442 7.
474 387 672 444 Domus
720 390 899 462 digna,
949 389 1222 460 Ecclesia;
1263 397 1448 469 dignus
1492 402 1694 472 hospes,
1747 407 1896 477 cujus
1922 408 1977 468 Α
2001 419 2186 473 centes,
2219 406 2337 461 Pax
2359 406 2480 460 huic
2507 406 2701 461 domui.
2726 405 2868 477 Ergo
2897 421 2997 476 pax
3028 407 3366 466 salutationis
3396 411 3448 467 in
3479 428 3599 468 ver-

301 477 538 536 Christus
569 481 920 537 Imbitator.—
961 484 1088 541 ΙΙωο
1129 504 1233 543 non
1286 492 1634 549 mediocriter
1677 510 1894 550 sensum

297 573 665 646 intelligentia:
707 589 1075 635 commovent.
1105 581 1160 636 Si
1202 583 1346 639 enim
1377 589 1681 643 successuri
1713 587 1897 658 hospi-

296 667 373 724 tio
399 684 507 724 non
537 679 716 738 erunt,
746 671 850 726 nisi
896 682 1022 729 ante
1043 675 1162 745 quis
1205 676 1399 750 dignus
1429 682 1501 736 sit
1532 683 1896 754 interrogave-

296 761 439 829 rint;
465 763 734 834 quomodo
770 765 989 837 indigna
1015 766 1210 824 domus
1238 782 1424 842 postea
1459 777 1798 846 reperietur?
1824 775 1895 832 Et

296 855 569 924 quomodo
617 853 693 929 (a)
725 871 1004 916 sermones
1052 876 1240 917 eorum
1271 878 1378 921 non
1418 865 1621 934 audiet,
1669 879 1722 924 et
1747 869 1894 940 ipsos

295 963 403 1004 non
431 948 678 1018 audiens,
709 961 760 1007 et
808 953 956 1023 ipsos
989 969 1092 1010 non
1133 957 1568 1028 recipiens‘iAut
1618 962 1760 1017 enim
1792 962 1894 1018 hoc

295 1038 351 1094 in
377 1055 444 1095 eo
473 1040 563 1110 qui
598 1040 777 1112 justus
808 1053 892 1099 est
935 1061 1040 1100 non
1083 1057 1164 1102 est
1189 1049 1516 1104 verendum:
1541 1061 1635 1105 aut
1664 1053 1708 1106 si
1748 1053 1891 1108 indi-

293 1148 430 1204 gnus
460 1143 709 1204 repertus
755 1135 845 1202 sit,
880 1153 982 1193 nec
1024 1141 1336 1196 communio
1383 1142 1488 1197 erit
1539 1143 1892 1203 habitationis

295 1226 546 1282 ineunda.
579 1227 638 1282 Et
668 1227 794 1298 quid
818 1229 1180 1302 interrogasse
1200 1234 1509 1304 proderitet
1541 1241 1798 1308 quaesisse
1824 1240 1892 1296 de

293 1317 472 1389 digno,
500 1320 544 1374 si
567 1319 826 1377 adversus
854 1322 1128 1394 indignum
1164 1324 1432 1396 hospitem
1464 1338 1518 1383 et
1545 1330 1890 1388 observantia

292 1411 640 1482 prmcipiatur
679 1422 733 1467 et
781 1415 979 1484 pmoa?
1026 1416 1132 1472 Sed
1176 1418 1392 1473 instruit
1446 1434 1542 1475 eos
1593 1423 1886 1490 Dominus,

292 1518 400 1558 non
432 1505 718 1561 admisceri
765 1522 951 1562 eorum
999 1508 1249 1566 domibus
1296 1527 1360 1566 ac
1415 1513 1886 1581 familiaritatibus,

291 1595 380 1664 qui
406 1595 675 1652 Christum
699 1608 790 1653 attt
807 1599 1157 1668 insectantur,
1184 1605 1532 1660 autnesciunt
1557 1623 1569 1659 :
1605 1618 1658 1662 et
1682 1609 1733 1662 in
1753 1625 1886 1679 qua-

290 1700 521 1758 cumque
546 1689 769 1768 civitate
816 1691 1153 1764 interrogare
1182 1695 1300 1766 quis
1327 1711 1514 1751 eorum
1559 1697 1888 1756 habitatione

291 1779 362 1834 sit
387 1779 597 1851 dignus,
621 1781 674 1837 id
705 1793 824 1849 est,
856 1785 1024 1840 sicubi
1053 1787 1289 1842 Ecclesia
1322 1789 1411 1855 sit,
1435 1799 1488 1844 et
1518 1789 1764 1846 Christus
1796 1792 1890 1848 ha-

291 1871 516 1928 bitator:
551 1889 724 1945 neque
743 1891 1009 1946 quoquam
1034 1878 1158 1933 alibi
1185 1880 1433 1946 transire,
1453 1881 1573 1952 quia
1598 1883 1666 1937 sit
1691 1884 1884 1940 domus

294 1966 478 2038 digna,
511 1968 764 2038 etjustus
793 1969 1026 2040 hospes.‘

363 2060 419 2116 8.
464 2060 567 2127 Qui
593 2079 693 2131 pax
732 2062 873 2117 dicta
913 2065 1092 2119 reverti
1115 2076 1283 2135 queat.
1307 2097 1378 2108 —
1416 2068 1568 2137 Quod
1597 2079 1775 2126 autem
1820 2072 1888 2128 ab

291 2151 690 2208 introeuntibus
713 2154 934 2209 salutari
957 2155 1175 2210 domum
1208 2173 1337 2212 voce
1369 2161 1644 2230 praecepit,
1676 2161 1886 2228 dicens,

291 2241 482 2309 Dicite,
512 2243 631 2299 Pax
655 2245 813 2318 713
833 2246 952 2300 huic
980 2247 1190 2302 domui:
1217 2257 1274 2303 et
1294 2249 1337 2303 si
1370 2250 1530 2321 digna
1563 2253 1758 2308 domus
1787 2269 1887 2310 re-

292 2345 442 2406 perta
469 2338 558 2404 sit,
591 2338 776 2394 venire
801 2354 966 2410 super
988 2356 1106 2396 eam
1140 2357 1324 2412 pacem
1354 2353 1637 2414 oportere;
1667 2346 1712 2400 si
1761 2360 1890 2401 vero

292 2429 530 2502 indigna,
559 2446 743 2502 pacem
768 2433 836 2488 ad
867 2435 1010 2503 ipsos
1044 2435 1238 2490 reverti
1265 2453 1276 2488 :
1303 2435 1397 2491 sed
1419 2436 1464 2490 si
1484 2437 1594 2506 jam
1617 2438 1791 2506 primo
1811 2438 1892 2506 in-

290 2537 478 2594 gressu
509 2523 562 2578 in
593 2524 933 2580 salutationis
963 2525 1138 2581 oflicio
1173 2526 1312 2582 dicta
1343 2543 1442 2597 pax
1473 2537 1584 2594 est;
1618 2529 1892 2600 quomodo

292 2626 479 2686 postea
517 2615 716 2682 veniet,
758 2626 849 2671 aut
871 2617 1143 2686 quomodo
1187 2627 1373 2686 postea
1404 2621 1742 2675 revertetur?
1785 2621 1894 2676 Aut

292 2709 435 2764 enim
453 2708 556 2765 dici
573 2725 676 2778 pax
696 2718 823 2766 ante
839 2726 946 2766 non
968 2711 1172 2776 debuit,
1198 2728 1356 2783 quam
1371 2723 1548 2769 utrum
1569 2715 1728 2786 digna
1751 2725 1896 2772 esset

291 2801 614 2871 probaretur
647 2819 659 2855 :
692 2812 783 2857 aut
812 2804 856 2859 si
904 2803 1059 2874 digna
1107 2803 1204 2859 fuit
1253 2815 1307 2860 et
1357 2806 1581 2862 salutata
1612 2823 1734 2864 cum
1765 2823 1896 2878 pace

292 2903 397 2959 est,
425 2892 661 2948 conditio
691 2904 746 2949 et
773 2905 1010 2951 venturae
1040 2907 1094 2950 et
1121 2912 1416 2954 reversum:
1436 2900 1580 2970 pacis
1595 2916 1698 2956 non
1721 2911 1897 2972 potest

292 2999 362 3040 ex
391 2987 598 3040 ratione
628 2987 990 3057 superioribus
1015 2988 1310 3046 cohaerere.
1329 2991 1459 3059 Qua:
1481 3007 1608 3063 ergo
1629 2993 1894 3049 dictorum

293 3079 364 3134 sit
392 3079 694 3151 proprietas
722 3082 1069 3138 monstranda
1097 3091 1198 3138 est.

366 3171 419 3226 9.
460 3171 766 3228 Judworum
789 3174 943 3243 fidem
968 3177 1318 3246 proﬁtentium
1346 3178 1490 3234 varia
1510 3181 1742 3252 fallacia.
1780 3180 1894 3237 Pax
1921 3188 1966 3252 ί]

291 3267 517 3339 indignis
543 3279 739 3336 optata,
772 3285 874 3324 non
921 3269 1141 3325 data.-—-
1169 3271 1478 3328 Judrcorum
1527 3274 1708 3344 plures
1739 3287 1898 3332 erant

293 3358 480 3427 futuri,
507 3375 734 3431 quorum
763 3369 946 3416 tantus
970 3362 1019 3414 in
1049 3361 1288 3419 favorem
1318 3364 1452 3434 legis
1474 3363 1701 3420 all‘ectus
1721 3377 1888 3434 esset,

293 3461 350 3506 ut
376 3454 621 3523 quamvis
669 3467 766 3522 per
812 3452 1218 3509 admirationem
1266 3470 1488 3525 operum
1533 3457 1585 3510 in
1615 3457 1888 3513 Christum

292 3545 674 3612 credidissent,
697 3555 873 3600 tamen
895 3547 947 3602 in
977 3547 1108 3618 legis
1122 3548 1374 3617 operibus
1405 3561 1766 3617 morarentur;
1801 3553 1889 3608 alii

291 3653 426 3693 vero
451 3637 528 3709 (b)
559 3637 902 3706 explorandae
931 3638 1196 3695 libertatis
1219 3655 1339 3710 qua:
1359 3643 1411 3695 in
1433 3641 1656 3699 Christo
1681 3655 1764 3702 est
1793 3661 1891 3701 cu-

294 3727 450 3796 riosi,
485 3729 743 3784 transisse
766 3745 824 3785 se
849 3730 915 3784 ad
945 3730 1233 3801 Evangelia
1263 3748 1328 3786 ex
1357 3734 1474 3804 lege
1503 3747 1685 3791 essent
1721 3738 1887 3792 simu-

295 3820 495 3876 laturi:
529 3821 680 3876 multi
707 3831 883 3879 autem
915 3825 1076 3879 etiam
1099 3825 1150 3879 in
1185 3825 1434 3881 hmresim
1468 3843 1563 3897 per
1589 3830 1887 3901 intelligen-

293 3913 384 3968 tiae
411 3914 821 3984 perversitatem
851 3915 1280 3971 traducerentur.
1309 3917 1377 3971 Et
1403 3919 1525 3986 quia
1555 3919 1708 3974 istius
1739 3922 1887 3976 modi

294 4022 488 4063 omnes
519 4007 788 4076 fallentes,
812 4020 865 4065 et
883 4010 1226 4066 audientibus
1251 4011 1613 4083 blandientes,
1640 4029 1803 4084 penes
1825 4030 1886 4070 se

295 4116 420 4157 esse
444 4102 727 4158 veritatem
759 4104 1076 4158 catholicam
1102 4104 1470 4169 mentiuntur;
1492 4106 1616 4162 ideo
1640 4110 1888 4180 superius

298 4193 598 4259 admonuit,
625 4194 844 4266 dignum
866 4211 986 4251 cum
1009 4211 1114 4267 quo
1138 4196 1485 4253 habitandum
1510 4199 1580 4254 sit
1608 4216 1730 4256 esse
1743 4217 1892 4272 qua:-

302 4288 564 4342 rendum:
597 4289 721 4356 quia
755 4303 888 4344 vero
915 4304 1010 4358 per
1051 4290 1335 4346 verborum
1361 4289 1625 4347 fallaciam
1652 4275 1894 4352 incidere

303 4380 616 4450 ignorantes
644 4382 695 4435 in
719 4382 872 4436 istius
899 4382 1046 4436 modi
1073 4381 1337 4452 liOSpitem
1362 4385 1799 4456 possent;jdomo
1821 4387 1898 4458 ip-

300 4489 360 4530 sa
389 4492 506 4546 qua!
527 4476 686 4547 digna
719 4477 786 4531 sit
813 4476 977 4543 dicta,
1004 4476 1053 4531 id
1076 4485 1179 4541 est,
1223 4476 1463 4532 Ecclesia
1493 4494 1612 4548 qua:
1632 4481 1894 4537 catholica

297 4568 529 4636 dicitur,
591 4579 750 4626 caute
798 4579 854 4625 et
900 4571 1186 4640 diligenter
1227 4571 1517 4636 utendum;
1557 4573 1930 4629 salutandam.

297 4660 517 4732 quidem
537 4677 660 4717 cum
675 4663 824 4726 pacis
850 4661 1065 4725 affectu,
1092 4662 1186 4717 sed
1203 4662 1274 4716 ita
1300 4673 1357 4717 ιιι
1376 4665 1551 4732 potius
1600 4681 1700 4735 pax
1721 4666 1886 4733 dicta,

1999 499 2081 554 bis
2107 512 2188 555 est
2218 512 2272 555 et
2303 500 2568 555 orationis
2595 514 2847 555 sermone
2877 500 3178 556 tribuenda.
3212 503 3382 558 Porro
3411 513 3595 560 autem

1997 605 2183 662 pacem
2215 593 2508 662 prepriam,
2541 606 2660 662 quae
2681 590 2893 646 viscera
2918 591 3285 648 miserationis
3314 604 3460 661 sunt,
3490 612 3599 651 non

1997 695 2246 754 oportere
2275 685 2326 739 in
2373 700 2493 739 eam
2536 683 2723 740 venire
2752 684 2856 738 nisi
2883 684 3043 755 digna
3066 688 3165 740 sit:
3211 702 3330 756 qua:
3359 688 3403 741 si
3435 689 3598 758 digna

1998 788 2209 846 reperta
2239 792 2344 832 non
2375 778 2559 846 fuerit,
2594 787 2989 834 sacramentum
3015 780 3164 849 pacis
3190 781 3432 838 etelestls
3459 781 3597 837 intra

1997 870 2270 939 propriam
2302 885 2490 926 eorum
2520 872 2909 927 conscientiam
2933 873 3342 928 continendum.

2068 982 2158 1038 10.
2204 982 2556 1039 Habitationis
2603 986 2990 1040 communio.——
3019 985 3075 1039 ln
3127 1001 3224 1042 eos
3255 995 3460 1055 autem,
3503 987 3594 1057 qui

1996 1073 2174 1129 audita
2206 1076 2446 1131 caelestis
2477 1076 2626 1146 regni
2647 1077 3028 1146 praedicatione
3051 1079 3418 1148 apostolorum
3458 1094 3597 1149 prae-

1995 1178 2149 1238 cepta
2173 1170 2502 1240 respuerint,
2556 1185 2777 1240 egressu
2819 1185 3028 1237 eorum,
3054 1181 3110 1225 et
3142 1171 3298 1241 signo
3354 1173 3594 1242 pulveris

1993 1259 2061 1314 de
2092 1260 2317 1330 pedibus
2372 1261 2607 1324 excussi,
2653 1271 2855 1317 aeterna
2899 1263 3209 1318 maledictio
3254 1264 3594 1335 relinquatur

1993 1349 2158 1420 (Ibid.
2185 1353 2295 1424 14).
2321 1352 2512 1409 Nescio
2529 1354 2674 1408 enim
2707 1370 2826 1425 quae
2852 1352 2924 1426 (ε)
2949 1355 3216 1409 insistenti
3243 1353 3296 1408 in
3321 1357 3441 1410 loco
3470 1371 3592 1411 cum

1993 1447 2145 1502 eoin
2199 1462 2306 1517 quo
2362 1448 2617 1503 institerit
2683 1448 2802 1503 loco
2853 1447 3069 1502 videtur
3093 1464 3215 1504 esse
3258 1451 3588 1518 communio,

1991 1547 2048 1594 ct
2091 1539 2152 1594 fit
2193 1539 2334 1595 inter
2381 1555 2474 1595 eos
2504 1540 2750 1612 quaedam
2793 1541 3038 1611 corporis
3077 1543 3286 1612 solique
3329 1544 3591 1613 conjunc-

1991 1631 2086 1687 tio.
2140 1632 2283 1704 Ergo
2322 1649 2482 1688 omne
2538 1633 2731 1688 domus
2784 1633 2925 1687 illius
2966 1633 3418 1705 habitationisque
3470 1649 3595 1705 pec-

1992 1735 2171 1782 catum
2202 1727 2341 1782 intra
2373 1729 2542 1796 ipsam
2569 1742 2800 1782 excusso
2840 1727 3061 1798 pulvere
3089 1728 3283 1797 pedum
3311 1729 3591 1796 relinqui-

1919 1799 1966 1860 Β
1997 1829 2104 1887 tur,
2131 1821 2374 1890 nihilque
2401 1821 2705 1876 sanctitatis
2732 1820 2800 1875 de
2831 1821 3190 1875 insistentium
3216 1822 3590 1890 apostolorum

1989 1913 2232 1982 vestigiis
2259 1922 2535 1968 mutuatur
2558 1931 2570 1966 :
2602 1922 2659 1968 ut
2687 1929 2914 1984 quorum
2945 1915 3094 1968 aditu
3118 1915 3474 1985 ingressuque
3497 1915 3591 1970 de-

1989 2005 2115 2060 licta
2148 2013 2380 2060 terrena:
2408 2004 2631 2075 originis
2677 2004 3014 2068 auferuntur,
3047 2020 3236 2060 eorum
3281 2007 3596 2062 testimonio

1991 2095 2281 2152 infidelitas
2307 2111 2430 2152 cum
2453 2097 2600 2152 omni
2629 2107 2783 2152 terra:
2804 2111 2918 2151 sua:
2939 2097 3156 2166 pulvere
3174 2097 3464 2167 iudicetur.
3491 2098 3595 2153 To-

1993 2189 2255 2244 lerabilius
2299 2191 2354 2242 in
2384 2189 2466 2242 die
2479 2189 2672 2262 judicii
2702 2199 2851 2242 terra:
2897 2189 3246 2243 Sodomorum
3271 2200 3322 2244 et
3369 2190 3594 2245 Gomor-

1992 2283 2247 2338 rhteorum
2270 2284 2385 2348 erit,
2413 2298 2565 2352 quant
2616 2282 2806 2335 civitati
2826 2282 2911 2334 isti
2963 2281 3128 2352 (Ibid.
3163 2282 3284 2355 l5):
3313 2284 3436 2354 quia
3485 2283 3594 2338 illis

1994 2375 2242 2445 ignorato
2263 2373 2478 2428 Christo
2501 2386 2715 2428 errasse
2757 2373 2826 2427 sit
2858 2372 3053 2438 levius,
3082 2373 3165 2427 his
3195 2389 3324 2428 vero
3354 2375 3594 2445 inexpia-

1994 2467 2105 2522 bile
2124 2468 2215 2534 sit,
2243 2475 2336 2521 aut
2361 2466 2710 2536 przedicatum
2737 2481 2844 2520 non
2871 2466 3164 2536 recepisse,
3191 2476 3286 2522 aut
3314 2479 3591 2540 receptum

1996 2576 2104 2617 non
2132 2568 2318 2616 sancte
2342 2575 2518 2630 neque
2547 2558 2811 2614 catholico
2840 2559 3180 2629 praedicasse.

2069 2676 2155 2730 Η.
2201 2675 2464 2747 Serpentis
2495 2672 2769 2743 prudentia
2807 2681 3055 2741 quatenus
3111 2673 3363 2726 imitanda
3415 2690 3596 2729 secun-

1997 2767 2120 2821 dant
2148 2767 2494 2836 quosdam.—
2533 2763 2602 2818 Et
2632 2763 2848 2834 quidem
2896 2764 3076 2833 plures
3107 2763 3228 2830 hos,
3274 2763 3365 2834 qui
3395 2780 3596 2820 vesano

1999 2859 2181 2915 furore
2226 2859 2278 2914 in
2303 2858 2596 2928 Apostolos
2638 2857 2945 2913 destevituri
2976 2867 3179 2923 essent,
3223 2857 3432 2913 futuros
3473 2873 3597 2914 esse

1998 2951 2281 3022 significat,
2335 2966 2458 3006 cum
2502 2966 2569 3006 se
2594 2966 2689 3006 eos
2720 2951 2859 3006 sicut
2889 2966 3017 3007 oves
3043 2952 3096 3006 in
3132 2951 3314 3008 medio
3347 2953 3592 3024 luporum

2000 3045 2074 3098 ait
2104 3045 2337 3108 mittere,
2374 3042 2672 3112 praedicans
2710 3043 2986 3112 simplices
3008 3043 3333 3117 sicut714
3382 3046 3595 3100 colurn-

2002 3139 2118 3203 bas,
2151 3147 2207 3193 et
2237 3136 2534 3207 prudentes
2551 3137 2694 3191 sicut
2714 3146 2996 3206 serpentes
3010 3152 3132 3193 esse
3145 3149 3398 3207 oportere
3426 3138 3590 3211 (Ibid.

2001 3231 2111 3304 16).
2144 3230 2249 3287 Sed
2276 3229 2543 3286 columba:
2593 3229 2916 3299 simplicitas
2947 3231 2999 3285 in
3046 3231 3297 3285 absoluto
3323 3242 3444 3288 est:
3476 3248 3597 3302 qua:

1997 3333 2176 3380 autem
2207 3323 2277 3380 sit
2303 3322 2572 3393 serpentis
2596 3322 2901 3392 prudentia,
2933 3323 3299 3378 contuendum
3341 3333 3442 3379 est.
3490 3323 3596 3380 Ne-

1999 3421 2111 3476 scio
2163 3417 2288 3488 quid
2337 3417 2390 3471 in
2426 3416 2520 3470 illo
2574 3416 2874 3486 prudentia:
2902 3415 3220 3485 consiliique
3244 3424 3440 3480 exstet,
3472 3416 3598 3472 licet

1996 3511 2242 3583 qumdam
2273 3509 2400 3564 hinc
2431 3509 2592 3579 aliqui
2623 3508 2898 3563 memoriae
2929 3506 3008 3580 (Δ)
3036 3508 3429 3573 mandaverint,
3451 3509 3596 3580 quod

1999 3607 2088 3660 ubi
2120 3621 2178 3660 se
2207 3605 2260 3659 in
2293 3618 2482 3658 manus
2514 3601 2793 3657 hominum
2843 3601 3058 3657 venisse
3114 3601 3394 3672 intelligat,
3441 3603 3591 3658 omni

1999 3683 2206 3769 genere
2247 3696 2316 3751 ab
2366 3697 2472 3750 ictu
2503 3703 2663 3764 caput
2683 3691 2985 3755 subtrahat,
3035 3693 3195 3761 idque
3234 3703 3326 3746 aut
3361 3694 3594 3782 collecto

1993 3791 2046 3844 in
2077 3790 2264 3845 orbem
2287 3801 2520 3857 corpore
2550 3793 2819 3853 contegat,
2848 3792 2940 3836 aut
2960 3783 3130 3836 foveae
3152 3783 3460 3853 immergat,
3489 3799 3595 3839 etc-

1988 3883 2149 3953 dique
2207 3890 2413 3951 partem
2488 3877 2750 3946 reliquam
2801 3874 3173 3942 derelinquat:
3227 3888 3436 3943 nosque
3491 3875 3594 3930 hoc

1989 3977 2237 4047 exemplo
2281 3981 2558 4045 oportere,
2592 3973 2636 4023 si
2684 3966 2811 4037 quid
2834 3963 3093 4020 acciderit
3123 3967 3584 4035 persecutionum,

1987 4080 2147 4140 caput
2176 4075 2448 4130 nostrum,
2500 4061 2643 4132 quod
2667 4068 2751 4115 est
2786 4058 3053 4122 Christus,
3086 4057 3371 4126 occulere;
3405 4069 3460 4113 ut
3484 4059 3585 4113 ob-

1992 4163 2114 4217 latis
2164 4157 2320 4214 nobis
2368 4156 2424 4210 in
2455 4165 2648 4208 omnes
2687 4148 2982 4215 cruciatus,
3025 4147 3186 4204 ﬁdem
3212 4148 3281 4204 ab
3308 4163 3375 4210 eo
3401 4163 3592 4220 accep-

1995 4265 2101 4310 tam
2130 4253 2338 4325 jactura
2359 4245 2605 4318 corporis
2633 4241 3085 4301 communiamus.

2069 4388 2156 4442 12.
2201 4384 2308 4441 Sed
2338 4382 2514 4438 omnis
2555 4381 2641 4436 hic
2669 4378 2882 4434 Domini
2929 4377 2997 4433 de
3026 4375 3228 4433 Judaeis
3274 4387 3438 4451 atque
3479 4379 3590 4438 luc-

1997 4479 2181 4535 reticis
2205 4489 2386 4532 sermo
2415 4482 2536 4529 est:
2569 4471 2759 4526 Tradet
2789 4471 2950 4541 frater
2974 4472 3229 4540 fratrem,
3261 4480 3308 4526 et
3349 4481 3493 4540 pater
3518 4474 3585 4540 [ξ-

1997 4571 2146 4638 lium,
2180 4577 2225 4623 et
2249 4570 2512 4637 insurgent
2543 4564 2639 4633 ﬁlii
2678 4565 2731 4618 in
2762 4572 2993 4630 parentes
3037 4560 3198 4632 (Ibid.
3224 4561 3354 4631 21):
3385 4563 3434 4617 id
3484 4573 3598 4630 est,

1999 4661 2259 4717 familiam
2302 4659 2442 4713 inter
2466 4670 2525 4712 se
2554 4654 2623 4729 (e)
2651 4654 2894 4724 ejusdem
2943 4653 3085 4707 modi
3115 4652 3379 4708 dissidere
3429 4654 3587 4724 :quia

299 4773 460 4829 quam
489 4755 612 4812 data
642 4758 730 4812 sit.
761 4755 892 4812 Nam
929 4757 998 4811 ita
1030 4757 1286 4827 praecepit
1319 4774 1331 4809 :
1359 4734 1608 4812 Salutate,
1639 4775 1771 4826 eam,
1805 4761 1885 4814 di-
1912 4734 1966 4795 D
1993 4757 2060 4812 de
2086 4761 2367 4826 parentum
2395 4749 2883 4821 cognalionum‘lne
2913 4743 2981 4816 (Γ)
3027 4743 3334 4799 "ominibus
3359 4785 3374 4810 ν
3407 4746 3593 4816 Pop“li

375 4871 456 4943 (a)
499 4871 553 4926 In
577 4871 748 4927 tribus
790 4886 921 4928 mss.
954 4889 1208 4928 sermones
1254 4885 1432 4925 eorum
1460 4888 1559 4925 non
1587 4874 1821 4941 audiens,
1848 4883 1894 4929 et

302 4944 442 5012 ipsas
472 4960 573 4996 non
601 4945 872 5013 recipiens.

377 5035 451 5106 (b)
495 5036 652 5110 Rom.
703 5052 807 5092 ms.
848 5038 1236 5106 exprobranda}.
1271 5041 1528 5109 Apertum
1559 5047 1640 5095 est
1670 5055 1897 5110 expres-

302 5121 419 5162 sam
446 5122 569 5163 esse
624 5106 764 5162 hanc
795 5110 1116 5164 sententiam
1145 5126 1212 5165 ex
1239 5106 1399 5167 dictis
1428 5112 1580 5168 Pauli
1607 5128 1640 5166 ll
1677 5106 1793 5166 Gal.
1829 5113 1893 5166 ιιι

301 5175 527 5253 Propter
551 5179 963 5253 subintroductos
981 5183 1140 5247 falsos
1164 5184 1371 5251 fratres,
1396 5186 1482 5253 qui
1499 5183 1900 5237 subintroierunt

301 5250 570 5319 explorare
597 5249 874 5303 libertatem
903 5249 1173 5306 nostr-ant.‘
1357 5249 1363 5251 »
1409 5249 1418 5253 ⁷
1704 5259 1709 5263 “

377 5339 450 5410 (ε)
491 5339 612 5395 Par.
638 5355 780 5396 cum.
833 5357 935 5396 ms.
996 5341 1150 5398 Colb.
1196 5345 1473 5399 insistentis
1519 5345 1663 5399 loco:
1708 5344 1900 5400 eodem

303 5423 490 5466 SCIISII.

375 5502 457 5575 (ἀ)
490 5503 564 5587 Ea
592 5504 706 5576 ipsa
737 5505 804 5562 de
830 5517 1082 5632 serpente
1102 5509 1377 5591 memoriae
1409 5507 1760 5577 prodiderunt
1781 5517 1902 5590 post

375 5576 665 5632 teonlulum
726 5577 977 5632 Anttoei.
1037 5581 1190 5632 'l‘om.
1241 5596 1278 5632 ιι
1321 5581 1457 5632 Bibl.
1501 5580 1718 5632 Patrum
1769 5585 1899 5632 edit.

303 5573 665 5645 Thetiphiluin
726 5573 977 5634 Antioch.
1037 5581 1190 5634 Tom.
1241 5596 1278 5635 ιι
1321 5573 1457 5634 Bibl.
1501 5580 1718 5634 Patrum
1769 5573 1899 5634 edit.

305 5645 947 5722 fJolon._Chrysostomus
986 5652 1134 5705 hom.
1176 5667 1381 5714 xxxrv;
1433 5651 1792 5722 Hieronymus
1844 5649 1899 5705 in

306 5715 449 5772 hunc
493 5715 702 5787 locum;
755 5722 1094 5786 Ambrosius,
1121 5722 1212 5777 lib.
1261 5737 1316 5776 ιιι
1360 5722 1427 5776 de
1471 5720 1602 5775 Fide
1627 5715 1722 5786 ,'n.
1757 5722 1897 5787 131;

305 5790 654 5857 Augustinus,
686 5802 878 5863 quaest.
903 5809 1011 5849 xvu
1046 5792 1305 5849 intlatth.
1337 5807 1452 5858 vm,
1485 5801 1540 5849 et
1566 5791 1679 5847 alii.

591 5887 867 5949 PATBOL.
919 5889 1028 5950 IX.

2075 4869 2146 4940 (e)
2187 4863 2728 4940 EditiexceptoPar.
2769 4875 2831 4914 ac
2873 4860 3052 4940 plures
3081 4873 3210 4913 mss.
3251 4859 3592 4940 ejusdemdo—

2002 4931 2139 4996 mus.
2177 4939 2471 5007 Quamdam
2492 4931 2736 4990 veritatis
2764 4932 2999 5001 speciem
3028 4945 3138 5000 pra:
3169 4931 3466 5007 §e_ferunt_,
3497 4950 3591 4988 ne.

2003 5030 2107 5084 que
2148 4999 2584 5084 anteponendum
2615 4999 2942 5084 esset-itum
2977 4999 3587 5084 ntSs._“Colb._etICarn.

2004 5072 2232 5156 e'jusdem
2259 5072 2398 5135 ιῐιοάε
2430 5079 2541 5156 (ubi
2563 5076 2704 5156 apud
2749 5077 2870 5156 Par.
2896 5072 3203 5143 eiusmodi),
3235 5072 3332 5126 nisi
3360 5072 3592 5131 llilarius

2004 5153 2092 5210 hic
2121 5169 2339 5228 sensum
2370 5153 2665 5228 spiritalem
2692 5155 3010 5228 sectaretur.
3168 5222 3179 5228 Δ

2078 5227 2145 5296 (f)
2178 5225 2312 5296 Male
2338 5215 2615 5296 e‘t'ahs_que
2643 5219 2960 5296 auctoritate
2987 5217 3038 5269 in
3064 5222 3335 5296 postrema
3355 5215 3593 5296 editione

2005 5287 2138 5351 Par;
2165 5293 2470 5348 hominibus.
2493 5292 2624 5346 Tum
2656 5290 2707 5344 in
2728 5305 2820 5344 sex
2847 5301 2978 5341 mss.
3010 5287 3189 5356 populi
3217 5287 3452 5356 qua’dam
3477 5291 3595 5343 uni-

2005 5377 2103 5421 tas.
2137 5365 2348 5419 Exinde
2381 5363 2432 5417 in
2471 5362 2718 5432 vulgatis,
2749 5361 3035 5432 indicatur.
3086 5357 3240 5409 Nunc
3267 5360 3438 5432 hostili
3465 5360 3596 5432 int-i-

2005 5454 2112 5492 cem
2139 5436 2279 5501 odio,
2307 5427 2614 5500 diversisque
2637 5430 2902 5503 jndicibus
2921 5469 2934 5489 ,
2965 5427 3116 5479 etiam
3143 5437 3190 5503 et
3218 5430 3419 5503 regibus
3437 5446 3455 5483 :
3480 5431 3590 5503 lec-

2010 5509 2082 5563 tio
2117 5499 2394 5570 mendosa,
2436 5514 2492 5558 et
2522 5499 2824 5572 perturbata
2854 5499 3232 5572 interpunctio.
3267 5500 3594 5572 castigatior

2009 5595 2072 5634 ac
2101 5568 2402 5631 distinctior
2422 5568 2740 5643 exprimitur
2760 5586 2822 5625 es
2855 5585 2986 5623 mss.
3018 5568 3216 5643 Horum
3239 5570 3388 5643 enim
3403 5568 3595 5625 sensus

2009 5658 2126 5707 est:
2156 5646 2406 5716 exemplo
2427 5639 2642 5698 familiae
2666 5645 2893 5716 primum
2923 5639 3242 5716 cognatione
3269 5640 3593 5716 conjuncta},

2008 5728 2130 5792 post
2172 5711 2334 5774 odiis'
2361 5717 2587 5792 di_vis:e,_
2628 5711 2892 5792 indicatur
2925 5712 3171 5792 populus,
3203 5713 3293 5780 qui
3317 5711 3590 5781 quondam

2009 5783 2209 5857 imitus,
2239 5804 2378 5844 nunc
2409 5787 2590 5844 hostili
2618 5785 2742 5842 odio
2771 5783 3014 5839 diversus
3040 5783 3129 5837 sit.

3002 5874 3074 5936 31
