4222 6262
601 309 703 376 971

1786 305 2033 368 SANGTI
2060 300 2320 371 RILARII
2358 307 2664 378 EPISCOPI

3809 331 3924 390 972

603 425 878 502 quondam
898 427 1075 482 unitas
1103 423 1375 480 Iudicatur
1405 435 1550 478 nunc
1568 421 1762 519 hostili
1802 423 2031 479 Invicem
2075 425 2201 481 odio
2228 433 2282 492 Α
2306 435 2430 491 licet
2457 439 2693 508 gentium
2720 480 2734 506 ,
2767 439 2909 512 quod
2937 440 3040 497 erit
3065 439 3336 516 reliquum
3367 441 3555 511 Israel,
3592 439 3655 502 ad
3677 447 3923 519 implen-

605 522 809 579 diversi
838 538 852 584 ;
878 518 1149 588 judicibus
1179 518 1340 574 etiam
1370 526 1424 573 et
1465 517 1685 589 regibus
1711 526 1868 574 terra:
1899 519 2204 576 oﬂ‘erendos

609 614 772 688 (Ibid.
802 611 915 684 18).
947 611 1074 666 dum
1102 620 1430 681 extorquere
1475 620 1568 666 aut
1616 611 1892 667 silentium
1926 623 2202 682 nostrum,

603 715 701 764 aut
730 706 1131 762 eonniventiatn
1176 712 1405 760 tentant.
1457 703 1532 778 (η)
1560 703 1755 760 Testes
1800 705 1945 760 enim
1991 706 2122 776 ipsis
2151 715 2205 762 et

601 799 853 873 gentibus
879 799 1042 854 futuri
1069 818 1084 854 :
1115 813 1223 869 quo
1275 798 1582 853 testimonio
1633 797 1912 854 excusatio
1946 797 2205 868 ignorata:

605 892 903 950 divinitatis
956 889 1242 948 adimenda
1293 892 1365 946 sit
1409 891 1890 962 persequentibus;
1951 891 2205 961 gentibus

602 1001 735 1043 vero
762 985 844 1041 via
872 983 1154 1056 pandenda
1179 982 1439 1039 credendi
1491 982 1792 1049 Christum,
1841 981 2207 1052 pertinacibus

602 1083 747 1138 inter
775 1079 1108 1137 saevientium
1138 1093 1324 1148 poenas
1354 1077 1726 1134 conlessorum
1760 1076 1980 1133 vocibus
2008 1075 2206 1147 praedio

603 1183 800 1233 catum.
874 1174 1172 1229 lnstructos
1229 1172 1391 1244 igitur
1438 1187 1536 1228 nos
1600 1172 1870 1243 serpentis
1925 1170 2206 1242 prudentia

604 1279 792 1326 monet
817 1282 939 1325 esse
966 1275 1239 1339 Oportere.

677 1365 765 1420 15.
811 1365 1036 1437 Serpens
1080 1363 1155 1417 uti
1182 1361 1606 1434 prwdicatoribus
1631 1361 1928 1416 imitandus.
1957 1389 2028 1401 —
2053 1360 2205 1416 Hunc

602 1467 893 1530 antequam
961 1457 1132 1512 Adam
1199 1455 1526 1523 traduceret,
1585 1456 1693 1526 jam
1741 1455 2038 1525 sapientem
2096 1455 2205 1511 Ge.

602 1553 750 1608 nesis
803 1550 1130 1620 nuncupavit
1170 1547 1340 1619 (Gen.
1394 1564 1494 1616 ιιι,
1555 1549 1630 1618 l)
1681 1565 1696 1615 ;
1753 1558 1807 1604 et
1868 1547 2206 1619 prudentiam

604 1645 723 1714 ejus
781 1643 1128 1716 malignantis
1185 1642 1395 1696 consilii
1450 1641 1642 1697 ordine
1697 1640 1905 1697 docuit.
1966 1641 2207 1696 Primum

604 1739 749 1794 enim
799 1739 1038 1793 animum
1096 1751 1260 1792 sexus
1308 1736 1573 1792 mollioris
1616 1751 1902 1806 aggressus
1951 1743 2056 1803 est,
2110 1751 2208 1805 spe

2307 529 2432 585 dum
2464 547 2746 588 numerum
2779 544 3109 604 sanctorum,
3141 536 3321 592 futuro
3364 538 3626 595 claritatis
3650 555 3764 597 suae
3793 541 3900 597 ad-

2309 633 2474 679 ventu
2502 624 2568 698 (ί)
2593 626 2644 680 in
2673 623 2912 682 Ecclesia
2939 627 3337 684 collocandum.

2382 737 2472 794 15.
2516 738 2830 795 Passionum
2862 754 2936 798 est
2989 745 3251 810 solatium,
3293 746 3431 813 quod
3457 762 3550 816 per
3579 764 3666 802 eas
3691 747 3922 805 Domino

2308 831 2760 888 assimilamur.-—
2789 833 2913 888 Non
2958 846 3034 891 est
3078 837 3367 907 discipulus
3411 854 3566 908 super
3588 841 3920 910 magistrum,

2308 939 2400 977 nec
2419 941 2594 980 servus
2621 943 2775 998 super
2801 927 3071 982 dominum
3103 927 3269 1001 (Ibid.
3297 929 3414 1002 24).
3443 931 3669 987 Multum
3700 936 3927 1004 proﬁcit

2307 1015 2374 1072 ad
2402 1018 2701 1076 tolerantiae
2727 1019 3148 1093 assumptiouem
3182 1037 3362 1077 rerum
3391 1021 3792 1079 imminentium
3821 1041 3921 1082 co-

2307 1111 2478 1182 gnitio
2510 1112 2612 1184 lg),
2646 1113 2880 1168 maxime
2907 1115 2950 1169 si
2980 1113 3255 1185 patientia:
3282 1117 3535 1172 voluntas
3556 1132 3922 1187 praesumatur

2309 1203 2581 1274 exemplo.
2617 1199 2878 1262 Dominus
2928 1217 3138 1275 noster,
3179 1208 3362 1264 lumen
3405 1219 3693 1278 aeternum,
3718 1218 3775 1265 et
3805 1211 3920 1268 dux

2308 1297 2670 1365 credentium,
2701 1309 2756 1355 et
2777 1300 3197 1356 immortalitatis
3221 1316 3438 1370 parens,
3489 1301 3772 1372 discipulis
3801 1306 3918 1360 suis

2309 1391 2605 1447 futurarum
2655 1393 2965 1462 passionum
2996 1394 3190 1450 solatia
3236 1404 3362 1450 ante
3409 1396 3707 1468 praemisit:
3738 1413 3807 1451 ue
3855 1412 3920 1453 se

2309 1483 2430 1552 quis
2455 1479 2746 1554 discipulus
2793 1485 3052 1555 magistro
3082 1485 3370 1553 potiorem,
3404 1495 3495 1541 aut
3538 1503 3706 1556 super
3729 1486 3918 1543 domi-

2309 1589 2439 1629 num
2466 1590 2588 1630 esse
2618 1591 2808 1632 servus
2859 1578 3217 1634 existimaret.
3258 1577 3316 1634 Si
3337 1579 3480 1634 enim
3507 1580 3920 1651 patri-familias

2311 1677 2751 1738 cognomentum,
2796 1685 2891 1740 per
2919 1668 3206 1738 invidiam,
3235 1670 3500 1726 daemonis
3549 1673 3919 1739 addiderunt;

2313 1773 2514 1832 quanto
2538 1765 2705 1834 magis
2726 1764 2780 1819 in
2805 1763 3133 1820 domesticos
3167 1765 3488 1836 ejus._omnia
3517 1767 3838 1839 injuriarum
3862 1776 3923 1823 et

604 1833 798 1932 deinde
845 1832 1050 1899 illexit,
1100 1830 1547 1932 communionem
1609 1830 2213 1932 imtuortalitalismspo-
2241 1841 2288 1905 Β
2315 1830 2757 1911 éomumelia'mm
2788 1872 2987 1928 genera
3009 1830 3750 1932 perlicientv(lb.25)?‘5edea
3773 1860 3916 1916 nihil

601 1924 823 1994 pandit:
871 1933 927 1979 et
955 1939 1053 1995 per
1100 1923 1217 1978 litec
1263 1931 1410 1978 tanta
1436 1925 1654 1993 prtemia
1683 1965 1696 1988 ,
1722 1939 1857 1994 opus
1885 1923 2099 1978 consilii
2147 1932 2202 1978 et

601 2016 895 2071 voluntatis
923 2029 1036 2070 sum
1063 2017 1248 2086 gessit.
1280 2016 1400 2070 Pari
1430 2016 1592 2086 igitur
1633 2017 2064 2085 Opportunitate,
2120 2016 2201 2068 in-

605 2117 878 2180 trospecta
910 2108 1335 2179 uniuscujusque
1375 2117 1427 2162 et
1456 2118 1643 2162 natura
1673 2119 1727 2163 et
1750 2108 2048 2175 voluntate,
2081 2123 2202 2163 ver-

603 2203 798 2259 borum
825 2202 1128 2258 adhibenda
1154 2201 1440 2273 prudentia
1466 2211 1569 2256 est.
1601 2203 1736 2272 Spes
1766 2201 2030 2257 bonorum
2061 2200 2204 2256 Iutu-

603 2313 788 2353 rorutn
835 2297 1147 2363 revelanda,
1197 2306 1250 2351 et
1286 2294 1360 2368 (b)
1411 2297 1490 2351 sic
1529 2297 1772 2351 coelestia
1802 2297 2052 2366 perfecta:
2078 2295 2204 2352 ﬁdei

603 2393 826 2462 praemia
870 2390 1228 2462 proferenda:
1272 2400 1331 2445 ut
1354 2391 1498 2462 quod
1529 2391 1617 2445 ille
1646 2392 1900 2446 mentitus
1936 2399 2019 2445 est
2047 2431 2061 2451 .
2098 2403 2202 2445 nos

605 2486 964 2556 praedicemus
991 2500 1056 2540 ex
1089 2499 1240 2552 vero,
1275 2484 1571 2540 secundum
1613 2485 1964 2554 sponsionem
1995 2483 2086 2538 Dei
2111 2498 2208 2538 an-

602 2579 740 2650 gelis
780 2578 986 2633 similes
1018 2576 1228 2631 futuros
1275 2591 1396 2632 esse
1420 2577 1509 2646 qui
1541 2575 1827 2630 crederent
1853 2592 1864 2628 :
1900 2585 1956 2628 ut
1986 2583 2203 2628 mentes

607 2671 844 2743 plebium
874 2669 1063 2726 faciles
1091 2681 1146 2725 et
1165 2670 1462 2732 absolutas,
1487 2666 2048 2723 circumsaevientibus
2074 2667 2206 2722 licet

608 2773 666 2821 et
691 2766 832 2836 lupis
857 2774 912 2820 et
940 2764 1230 2829 haereticis,
1267 2763 1550 2833 promissis
1582 2777 1870 2831 regnorum
1900 2762 2206 2817 ctelestium

606 2873 954 2929 occupemus,
986 2865 1042 2912 et
1071 2871 1250 2912 rerum
1281 2854 1440 2910 (idem
1475 2854 1744 2924 serpentis
1771 2853 2082 2925 prudentia,
2114 2869 2208 2911 co-

620 2951 814 3009 lumba:
845 2949 1193 3020 simplicitate
1221 2946 1518 3003 tradamus.

680 3046 768 3103 M.
812 3044 995 3100 Gentes
1039 3044 1244 3114 quando
1289 3041 1598 3107 crediturw,
1647 3041 1856 3110 quando
1917 3039 2211 3094 Judaei.—

610 3137 793 3197 Monet
831 3141 994 3194 etiam
1049 3137 1259 3192 traditis
1299 3135 1491 3190 abesse
1543 3145 1797 3205 oportere
1828 3133 1992 3206 715
2024 3147 2207 3186 curam

2308 1964 2406 2005 nos
2429 1959 2685 2018 terreant,
2705 1953 2892 2022 gloriae
2929 1952 3048 2007 loco
3078 1954 3252 2022 potius
3281 1955 3677 2024 amplectentes,
3713 1955 3760 2010 si
3794 1955 3910 2011 Do-

2307 2043 2456 2098 mino
2485 2053 2672 2098 nostro
2694 2044 2777 2099 vel
2797 2045 3105 2114 passionum
3126 2045 3524 2101 conditionibus
3541 2046 3906 2117 adusquemur.

2381 2160 2469 2215 16.
2510 2158 2703 2214 Judicii
2723 2162 2807 2215 die
2821 2161 3024 2217 occulta
3051 2162 3429 2232 prodentur.—
3454 2163 3606 2217 Nihil
3633 2173 3711 2218 est
3737 2165 3921 2219 occul-

2310 2263 2435 2317 tum,
2468 2254 2604 2322 quod
2642 2270 2749 2309 non
2796 2255 3106 2310 revelabitur
3131 2253 3298 2327 (Ibid.
3341 2255 3457 2325 26).
3489 2256 3646 2311 Di'em
3703 2256 3918 2312 scilicet

2307 2347 2496 2419 judicii
2535 2347 2814 2414 ostendit,
2863 2365 2985 2418 qua:
3031 2350 3333 2404 abstrusam
3373 2349 3670 2404 voluntatis
3711 2357 3920 2406 nostra

2311 2439 2703 2495 conscientiam
2729 2439 2956 2510 prodet:
2989 2449 3044 2495 et
3071 2455 3133 2495 ea
3163 2456 3284 2509 quas
3319 2455 3461 2497 nunc
3487 2443 3702 2496 occulta
3725 2444 3922 2498 existi-

2312 2545 2542 2600 mamus,
2574 2533 2692 2588 luce
2714 2533 3039 2603 cognitionis
3071 2534 3304 2604 publieae
3343 2534 3579 2605 detegat.
3613 2523 3786 2604 Igitur
3807 2549 3920 2592 non

2313 2626 2489 2680 minas
2515 2668 2529 2690 ,
2561 2640 2668 2681 non
2710 2625 2932 2680 consilia
2959 2667 2974 2689 ,
3022 2642 3129 2681 non
3181 2635 3478 2696 potestates
3527 2627 3920 2684 insectantium

2314 2730 2502 2776 mouet
2541 2733 2664 2776 esse
2703 2719 3024 2776 metuendus
3055 2738 3068 2773 :
3103 2721 3224 2790 quia
3251 2720 3368 2776 dies
3392 2719 3578 2790 iudicii
3615 2721 3766 2776 nulla
3797 2721 3920 2778 lure

2313 2812 2482 2869 fuisse
2510 2821 2673 2884 atque
2700 2812 2875 2867 inania
2902 2812 3189 2868 revelabit.

2390 2947 2473 3005 l7.
2516 2947 2615 3002 Dei
2654 2949 2877 3020 cognitio
2924 2959 3217 3004 constanter
3264 2947 3657 3021 ingerenda.—
3690 2947 3757 3003 Et
3783 2943 3924 3022 quod

2315 3043 2432 3097 dico
2457 3041 2593 3097 vobis
2624 3041 2677 3096 in
2707 3040 2943 3105 tenebris,
2970 3042 3124 3096 dicite
3150 3041 3204 3095 in
3231 3041 3422 3094 lumine
3440 3058 3458 3095 :
3486 3052 3531 3095 et
3553 3043 3694 3114 quod
3716 3043 3769 3095 in
3796 3058 3927 3096 aure

2315 3135 2528 3199 auditis,
2579 3134 2850 3204 praedicata
2879 3149 3031 3206 super
3063 3141 3191 3186 tecta
3221 3130 3384 3204 (Ibid.
3409 3131 3520 3204 Ἦ).
3546 3131 3663 3187 Νοιι
3691 3131 3925 3204 legimus

611 3230 1006 3300 responsionis,
1037 3229 1133 3284 sed
1175 3227 1599 3298 exspectandum
1625 3227 1802 3296 potius
1824 3227 1952 3296 quid
1983 3224 2215 3296 Spiritus
2239 3240 2285 3304 (ς
2321 3229 2607 3284 Dominum
2652 3227 2869 3282 solitum
2918 3223 3085 3281 fuisse
3123 3225 3375 3279 noctibus
3434 3225 3817 3291 sermocinari,
3871 3235 3928 3281 et

611 3324 708 3380 Dei
727 3332 979 3392 suggerat
1019 3320 1236 3392 (Matth.
1265 3337 1320 3384 χ,
1355 3320 1482 3389 19);
1530 3321 1653 3390 quia
1696 3319 1831 3376 ﬁdes
1878 3329 2063 3374 nostra
2093 3335 2211 3373 omo

611 3418 770 3472 nibus
800 3413 1084 3485 praeceptis
1105 3413 1299 3467 divinae
1325 3411 1617 3466 voluntatis
1644 3411 1870 3476 intenta,
1911 3412 1986 3481 (c)
2028 3411 2094 3464 ad
2125 3426 2218 3467 re-

615 3508 926 3580 sponsionis
966 3505 1242 3560 scientiam
1275 3505 1606 3560 instruetur:
1649 3505 1702 3558 in
1729 3504 1981 3572 exemplo
2002 3504 2212 3558 baben-

615 3615 700 3659 tes
723 3601 1019 3664 Abraham,
1051 3599 1138 3653 cui
1170 3597 1439 3668 postulato
1460 3596 1526 3652 ad
1551 3595 1784 3650 hostiam
1815 3595 1960 3650 Isaac
1987 3611 2093 3650 non
2117 3595 2212 3652 de-

617 3694 720 3750 fuit
745 3693 890 3748 aries
918 3691 986 3747 ad
1014 3690 1287 3745 victimam
1321 3687 1477 3758 (Gen.
1517 3702 1654 3752 xxtt,
1681 3684 1792 3758 15).
1823 3686 1901 3741 Ex
1931 3701 2034 3740 una
2063 3686 2219 3742 dein-

617 3789 686 3844 de
715 3787 768 3842 in
798 3785 932 3840 duas
972 3783 1134 3838 urbes
1163 3783 1338 3852 fugam
1370 3780 1562 3836 suadet
1591 3780 1810 3850 (Matth.
1844 3796 1897 3845 χ,
1928 3779 2044 3852 25).
2076 3781 2214 3849 Quia

615 3878 933 3952 praedicatio
955 3879 1075 3946 ejus
1104 3875 1336 3946 primum
1367 3890 1396 3928 a
1437 3873 1619 3928 Judwa
1648 3872 1876 3943 etl'ugata
1908 3875 2100 3928 transit
2143 3874 2218 3931 ad

619 3973 902 4037 Graeciam,
929 3969 1128 4025 dehinc
1154 3966 1383 4022 diversis
1412 3966 1546 4020 intra
1568 3965 1791 4021 Graeciae
1818 3966 1980 4022 nrbes
2001 3977 2220 4037 aposto-

617 4067 794 4122 lorum
833 4064 1175 4136 passiOnibus
1227 4060 1308 4134 (d)
1351 4060 1588 4130 fatigata,
1639 4061 1799 4116 tertio
1840 4061 1891 4115 in
1944 4063 2216 4118 universis

624 4158 877 4231 gentibus
905 4157 1244 4212 demoratur.
1272 4153 1378 4208 Sed
1419 4165 1478 4206 ιιι
1507 4151 1845 4216 ostenderet,
1875 4164 2068 4222 gentes
2097 4154 2222 4216 qui-

621 4260 742 4313 dem
774 4254 1138 4324 apostolorum
1171 4245 1538 4317 prmdieatioui
1584 4243 1919 4309 crediturus,
1954 4259 2138 4324 verum
2159 4255 2220 4300 ut

625 4346 696 4422 (e)
727 4345 991 4415 reliquum
1025 4339 1189 4395 Israel
1219 4338 1490 4400 crederet,
1520 4350 1639 4391 esse
1667 4337 1922 4390 adventui
1947 4352 2044 4391 suo
2073 4337 2224 4392 dehi-

624 4453 735 4497 tum
757 4457 771 4506 ;
801 4440 895 4505 ait,
924 4433 1044 4491 Non
1065 4429 1474 4486 consummabitis
1500 4430 1724 4484 ciritates
1745 4429 1931 4496 Israel,
1959 4429 2120 4484 donec
2146 4445 2224 4484 ue-

624 4532 733 4587 niat
761 4527 901 4600 ﬁlius
930 4525 1151 4581 hominis
1181 4515 1480 4595 (Ibidem):
1514 4529 1635 4590 post
1676 4519 2066 4588 plenitudinem
2119 4521 2225 4576 Sci—

697 4654 777 4727 (a)
810 4652 900 4707 Sic
929 4661 1060 4727 mss.
1103 4641 1370 4727 potiores.
1400 4641 1476 4727 {tt-
1490 4637 1641 4727 editi,
1663 4645 1813 4727 testes
1828 4647 1888 4727 let
1920 4638 2065 4727 ipsis.
2094 4636 2224 4727 Ver:
2250 4641 2301 4700 D

626 4709 900 4783 huin'sunt
955 4709 1208 4773 reticetttr
1258 4723 1377 4778 post
1401 4709 1585 4780 futuri,
1630 4709 1773 4763 sicut
1794 4716 1848 4763 et
1873 4716 2028 4764 antea
2053 4719 2222 4763 monet

631 4800 712 4853 vel
738 4811 900 4849 sermo
930 4800 1024 4864 est.
1058 4795 1178 4864 post
1203 4783 1515 4864 oferendos.
1810 4859 1819 4864 Δ
1897 4851 1908 4862 .

700 4867 779 4939 (ιν)
849 4856 1166 4939 [articulant
1225 4857 1298 4911 sic
1345 4856 2027 4939 adjecimps-auetoritatc
2057 4866 2218 4939 (mss.

628 4922 817 4999 Ro‘m'.,
848 4935 1000 4990 Colh.
1025 4942 1076 4987 et
1099 4931 1289 4988 Carm,
1309 4922 1553 4996 quimox
1582 4923 1702 4978 loco
1729 4922 1877 4976 verbi
1893 4922 2222 4992 proferenda,

639 5012 842 5066 habent
867 5000 1224 5071 promerenda.
1295 5069 1302 5071 _
1540 5063 1552 5071 ι
1647 5064 1657 5071 _
1741 5062 1777 5071 _
1867 5061 1885 5071 _
1944 5062 1956 5071 ,
2182 5061 2186 5066 ,

707 5061 780 5153 (c)
808 5061 976 5153 Editi,
988 5069 1454 5153 adresponsion‘em
1479 5061 2083 5153 scientiajuprmlerimus
2104 5061 2224 5153 cum

632 5133 1103 5219 tribulsﬁprtndictis
1143 5133 1276 5196 titss.
1321 5139 1388 5192 ad
1419 5133 1763 5219 responsionis
1803 5134 2086 5219 scientiam”
2121 5136 2222 5211 hoc

633 5203 990 5282 Est—.wt—tt‘sciat
1020 5215 1144 5285 quid
1166 5214 1267 5267 sibi
1298 5203 1732 5285 respondendum
1772 5205 1859 5259 sit.
1897 5203 2098 5285 Deinde
2125 5205 2220 5259 sex

633 5278 766 5352 mss.
793 5278 1107 5348 auctoritate
1135 5285 1316 5340 liceret
1346 5278 1608 5359 reponere
1732 5278 1961 5357 exemplo
2011 5278 2220 5359 habens,

636 5347 741 5437 (In;
755 5347 1018 5424 habentes,
1050 5357 1192 5429 quod
1221 5370 1346 5411 cum
1374 5347 1765 5407 sincerioribus
1785 5347 2017 5403 retinere
2052 5347 2222 5402 malu-

637 5455 789 5578 m?!)
819 5505 1030 5576 Lipsius
1057 5515 1120 5556 ac
1149 5508 1414 5578 post-eum
1442 5494 1562 5548 Par.
1591 5496 1772 5563 fugata
1806 5507 1824 5543 :
1853 5489 2036 5578 contra
2067 5488 2224 5544 fidem

639 5561 1185 5637 vcietl'um'libroruni.
1217 5569 1311 5623 llic
1338 5582 1498 5636 porro
1531 5561 1744 5642 ρσιιιὶιιι·
1772 5577 1965 5642 nomen
1989 5564 2227 5642 abstrac-

638 5632 874 5720 ipwro
903 5655 1174 5702 concreto.
1200 5632 1670 5720 .prwdictttio.'loco
1700 5632 1942 5720 vocabuli
1975 5632 2229 5702 prtedica—

637 5707 792 5782 tores:
813 5720 1010 5787 quibus
1033 5723 1086 5769 et
1103 5707 1220 5782 pati
1241 5707 1525 5787 otiatigari
1553 5707 1826 5787 convenit.

713 5772 792 5860 (ev),
811 5772 1249 5860 SIS._C:trll.'§um
1293 5772 1728 5860 Cpll)‘.,‘reliquus
1757 5772 1955 5838 Israel;
1984 5789 2110 5830 mox
2131 5787 2226 5828 au-

638 5847 780 5924 tem;
795 5857 926 5925 quod
947 5854 1040 5908 erit
1067 5852 1298 5905 relictum
1324 5847 1510 5902 Israel.

2320 3319 2618 3376 doctrinam
2645 3319 2698 3374 in
2730 3317 2968 3373 tenebris
3001 3315 3307 3372 tradidisse.
3337 3309 3440 3375 Sed
3466 3317 3588 3388 quia
3613 3317 3794 3373 omnis
3811 3315 3928 3373 Scr-

2321 3428 2409 3468 mo
2437 3413 2557 3482 ejus
2580 3411 2888 3467 carnalibus
2917 3409 3154 3466 tenebrze
3183 3420 3331 3476 sunt,
3361 3419 3416 3465 et
3436 3411 3657 3466 verbum
3689 3412 3807 3481 ejus
3837 3413 3924 3466 in-

2321 3504 2569 3558 ﬁdelibus
2588 3519 2690 3558 nox
2717 3512 2834 3568 est;
2864 3499 2941 3574 (lt)
2969 3511 3023 3558 et
3053 3502 3244 3573 cuique
3264 3500 3406 3572 quod
3437 3517 3467 3556 a
3498 3517 3558 3557 se
3579 3498 3777 3556 dictum
3803 3512 3917 3570 est,

2317 3595 2482 3668 716
2509 3611 2628 3650 cum
2653 3596 2899 3651 libertate
2929 3594 3126 3649 [idei'et
3159 3589 3518 3649 confessionis
3552 3603 3633 3650 est
3677 3589 3922 3664 loquen-

2319 3687 2447 3742 dum
2472 3703 2486 3752 ;
2512 3687 2719 3741 idcirco
2751 3703 2869 3757 quin
2897 3686 2947 3739 in
2983 3683 3222 3740 tenebris
3267 3680 3406 3740 dicta
3438 3695 3580 3748 sunt,
3629 3683 3928 3755 pra-dicari

2315 3778 2477 3848 jussit
2513 3779 2566 3832 in
2598 3777 2817 3844 lumine,
2865 3787 2917 3832 et
2955 3793 3073 3847 qum
3121 3787 3333 3831 secreto
3379 3777 3586 3830 attriutu
3631 3777 3927 3831 co'tutnissa

2321 3882 2465 3939 sunt,
2497 3889 2652 3936 super
2683 3881 2832 3938 tecta,
2876 3871 2929 3926 id
2955 3881 3055 3938 est,
3085 3869 3152 3944 (i)
3197 3873 3433 3937 excelsa,
3474 3881 3530 3924 ut
3580 3867 3928 3942 loquentium

2322 3967 2591 4036 prteconio
2637 3964 2944 4018 audiantur.
2989 3964 3313 4018 Coustanter
3353 3959 3928 4032 enim‘DeiiugcrentTa

2321 4057 2556 4127 cognitio
2577 4065 2680 4120 est,
2706 4067 2760 4110 et
2783 4055 3100 4126 profundum
3121 4055 3379 4110 doctrinae
3397 4056 3722 4126 evangelicae
3743 4073 3933 4114 secre-

2325 4158 2435 4203 tum
2455 4149 2657 4203 lumine
2675 4147 3076 4217 prmdicationis
3097 4146 3404 4218 apostblicze
3421 4147 3790 4203 revelandutn:
3815 4164 3930 4207 non

2328 4242 2576 4297 timentes
2604 4255 2717 4302 eos.
2759 4241 2954 4311 quibus
2983 4257 3101 4295 cum
3126 4243 3194 4295 sit
3227 4241 3440 4295 licentia
3482 4242 3561 4316 (ᾖ
3593 4241 3647 4296 in
3670 4259 3928 4312 corpora,

2327 4343 2505 4389 tamen
2541 4333 2592 4388 in
2622 4334 2856 4388 animam
2881 4335 2969 4406 jus
3000 4335 3204 4390 nullum
3232 4343 3315 4390 est
3356 4332 3518 4406 (Ibid.
3554 4335 3677 4408 28);
3723 4335 3819 4392 sed
3853 4337 3926 4392 ti-

2326 4436 2534 4482 mentes
2566 4427 2744 4497 potius
2768 4425 2955 4495 Deum,
2989 4427 3072 4483 cui
3101 4426 3387 4497 perdendae
3411 4427 3466 4482 in
3505 4427 3755 4500 gebenna
3773 4440 3832 4485 et
3860 4447 3926 4486 a-

2328 4521 2486 4575 nimae
2515 4527 2570 4574 et
2606 4520 2848 4589 corporis
2877 4521 2948 4574 sit
2975 4528 3236 4590 potestas.

2337 4709 2348 4720 θ
2499 4635 2663 4718 Editi,
2688 4637 2740 4691 in
2775 4636 3062 4692 Ecclesium
3099 4639 3504 4721 convocandum.
3532 4609 3756 4708 Aliquot
3791 4655 3934 4698 mss.

2337 4723 2385 4760 m
2466 4709 2648 4760 celesta
2693 4710 3095 4760 convocandum.
3128 4709 3319 4760 Verius
3361 4712 3540 4760 Rom.-
3585 4709 3731 4760 Vat--
3761 4707 3930 4760 Coll)-

2330 4709 2385 4762 in
2411 4707 2648 4761 Ecclesia
2693 4710 3095 4762 convocandum.
3128 4709 3319 4765 Verius
3361 4712 3540 4774 Rom.,
3585 4707 3732 4776 vae,
3761 4707 3930 4768 Coll).

2331 4786 2388 4834 et
2407 4779 2570 4834 Carn.
2607 4779 2659 4832 in
2708 4778 2944 4833 Ecclesia
2993 4781 3352 4834 collocandum
3393 4784 3475 4836 vel
3521 4782 3932 4840 conlocandum.

2330 4849 2626 4922 Convoeari
2675 4855 2873 4922 quippe
2921 4855 3082 4907 etiam
3145 4853 3210 4907 ad
3265 4854 3506 4908 inlidelcs
3556 4855 3823 4922 pertinet:
3875 4867 3935 4912 at

2332 4921 2582 4975 collocari
2616 4921 2665 4975 in
2698 4921 2910 4976 Christi
2949 4938 3178 4992 corpore
3203 4925 3343 4993 quod
3393 4935 3476 4980 est
3515 4923 3784 4988 Ecclesia,
3815 4942 3931 4984 non

2334 4994 2587 5046 convenit
2633 4993 2731 5046 nisi
2777 4994 3044 5066 ﬁdelibus.
3094 4994 3185 5048 Sic
3213 5009 3334 5064 cap.
3363 4997 3416 5060 7,
3447 5012 3591 5049 num.
3630 4995 3716 5060 11,
3743 4997 3932 5066 legere

2337 5073 2420 5136 est
2445 5079 2632 5136 omnes
2667 5066 2717 5116 in
2753 5065 3048 5118 Ecclesium
3083 5066 3322 5127 invitari,
3352 5081 3550 5136 pauws
3581 5069 3807 5120 intrare.

2395 5134 2469 5204 (ῃ)
2505 5134 2559 5209 lu
2612 5149 2706 5209 sex
2751 5151 2892 5209 mss._
2917 5136 3253 5203 continuatio,
3287 5134 3507 5192 maxime
3549 5138 3592 5190 si
3633 5139 3927 5209 sapientia.

2326 5201 2460 5260 Ttttn
2505 5208 2555 5258 in
2585 5206 2776 5273 tribus,
2809 5207 3069 5275 uoluptas.

2402 5300 2480 5374 (Ιι)
2514 5302 2669 5374 Editi.
2698 5300 2879 5372 Itaque
2905 5303 2957 5355 id
2977 5301 3113 5370 quod
3144 5320 3174 5354 (ι
3206 5319 3259 5356 se
3287 5303 3480 5356 dictum
3509 5314 3602 5365 est,
3626 5321 3742 5356 cmn
3773 5305 3935 5360 liber-

2329 5381 2430 5426 tate
2455 5373 2572 5439 ]idei
2602 5373 2706 5426 vult
2735 5389 2840 5427 esse
2872 5374 3181 5442 loquendum
3203 5393 3221 5426 :
3251 5377 3580 5444 castigantur
3606 5389 3670 5426 ex
3703 5389 3834 5428 mss.

2405 5464 2465 5537 (i)
2501 5465 2638 5538 Bad.
2665 5476 2718 5519 et
2740 5466 2831 5520 Er.
2852 5467 3107 5538 excelsum
3138 5465 3393 5538 loquenda
3421 5476 3472 5518 ut
3503 5469 3791 5538 prafconio,
3817 5479 3930 5523 etc.

2333 5535 2476 5610 hips.
2524 5545 2579 5590 et
2619 5536 2736 5610 Par.
2772 5552 2892 5610 cum
2926 5553 3025 5610 ms.
3065 5535 3296 5610 Torum,
3340 5538 3536 5594 excelso
3585 5537 3934 5610 loquentium.

2332 5607 2573 5680 Quatuor
2601 5608 2712 5671 alii,
2740 5609 2816 5680 in
2864 5609 3062 5663 excelso
3092 5609 3430 5680 (canentium.
3473 5607 3722 5674 (larunt,
3753 5609 3932 5667 Vatic.

2334 5689 2388 5732 et
2417 5679 2566 5732 tlolb.
2599 5679 2893 5749 sequimur.

2410 5770 2426 5841 (
2437 5768 3050 5846 ⁸ἢ,(Ξοιὺςετιὶηιιξηιξοιιιιι
3072 5771 3194 5828 cum
3215 5771 3376 5828 Rom.
3412 5770 3466 5826 in
3491 5771 3730 5842 corpore,
3761 5782 3936 5828 tamen

2337 5842 2391 5895 in
2418 5843 2590 5904 anima
2617 5841 2731 5912 ejus
2761 5841 2905 5896 nulla
2932 5851 3026 5897 est.
