4222 6262
586 373 694 430 975

1796 356 2041 416 SANCTI
2082 353 2338 413 lllLARll
2367 351 2666 414 EPISCOPI

3787 347 3916 406 976
3977 310 3992 368 ¹

597 492 826 548 liberam
858 484 1153 542 conﬁtendi
1202 482 1296 540 Dei
1337 481 1542 538 habere
1581 479 1940 537 constantiam
1967 495 1980 545 ;
2031 477 2192 533 etiam
2221 477 2270 534 A
2298 474 2475 530 versio
2501 481 2869 544 peccatorum.
2891 469 2962 526 Et
2982 469 3143 540 hujus
3170 465 3387 540 quidem
3412 463 3503 523 teli
3526 466 3735 522 nomine
3766 465 3903 521 novi

595 583 960 639 conditionem
1002 595 1106 650 qua
1152 587 1464 634 teneremur
1513 573 1734 644 adjecit,
1769 581 2090 643 negaturum
2134 585 2196 624 se

595 690 718 731 eum
765 671 909 727 Patri
937 672 988 725 in
1035 670 1212 735 caelis,
1246 669 1336 740 qui
1379 683 1438 723 se
1479 665 1790 722 hominibus
1837 665 1888 718 in
1923 672 2064 719 terra
2095 677 2194 716 ne-

592 773 776 837 gasset
803 761 965 837 (Ibid.
991 761 1086 827 32)
1120 780 1132 815 :
1163 776 1285 816 eum
1331 773 1494 831 porro
1516 799 1529 824 ,
1563 757 1655 828 qui
1701 756 1984 812 confessus
2013 768 2194 808 coram

593 855 904 911 hominibus
928 869 988 910 se
1007 854 1215 918 fuisset,
1239 868 1268 907 a
1290 866 1349 908 se
1377 851 1428 906 in
1456 849 1610 906 ctelis
1631 846 2034 911 confitendum;
2059 860 2194 915 qua-

595 949 784 1020 lesque
838 961 937 1002 nos
990 945 1223 1000 nominis
1281 944 1364 1000 sui
1421 953 1586 998 teStes
1647 939 1953 996 hominibus
2006 937 2197 992 fuisse-

597 1055 741 1106 mus,
799 1037 892 1093 tali
937 1051 1037 1092 nos
1093 1035 1234 1108 apud
1267 1035 1433 1090 Deum
1469 1041 1678 1104 patrem
1726 1029 2036 1087 testimonio
2081 1027 2198 1098 ejus

601 1149 814 1190 ιιειιιοε.

665 1228 757 1282 9.2.
792 1227 1110 1295 Qumstioncs
1141 1226 1299 1282 varia:
1333 1231 1716 1297 proponuntur.
1748 1251 1820 1263 ——-
1852 1217 2029 1274 Nolite
2061 1215 2198 1270 arbi-

592 1322 718 1375 trari
745 1321 987 1390 quoniam
1011 1321 1122 1374 veni
1161 1335 1337 1389 pacem
1362 1318 1560 1371 mittere
1599 1317 1653 1369 in
1679 1325 1886 1369 terram.
1923 1309 2046 1365 Non
2088 1308 2200 1363 veni

592 1430 770 1485 pacem
803 1413 1020 1475 mittere,
1049 1412 1139 1466 sed
1160 1410 1412 1482 gladium.
1448 1409 1614 1480 718
1633 1406 1763 1460 Veni
1790 1405 1928 1460 enim
1955 1415 2200 1472 separare

597 1506 764 1574 [ilium
792 1505 1036 1558 adversus
1066 1513 1282 1575 patrem,
1325 1511 1370 1554 et
1400 1501 1560 1570 ﬁliam
1599 1498 1838 1551 adversus
1883 1504 2117 1558 matrem,
2154 1501 2200 1546 et

593 1614 782 1651 nurum
816 1598 1056 1651 adversus
1089 1611 1292 1650 socrum
1323 1609 1491 1656 suam,
1541 1601 1588 1645 et
1637 1589 1832 1644 inimici
1861 1588 2084 1642 hominis
2107 1586 2202 1641 do-

595 1689 793 1743 mestlci
821 1691 930 1759 ejus
961 1686 1126 1759 (Ibid.
1158 1685 1374 1755 54—56).
1403 1685 1532 1752 Qua:
1563 1683 1664 1738 ista
1691 1681 1884 1736 divisio
1908 1679 2033 1735 est?
2056 1679 2201 1733 loter

597 1781 772 1852 prima
799 1785 943 1835 cnim
969 1780 1104 1850 legis
1152 1786 1417 1848 praecepta
1447 1775 1754 1843 accepimus
1799 1790 1810 1825 :
1846 1771 2064 1826 Honora
2108 1786 2203 1842 pa-

2302 565 2580 635 Evangelii
2636 563 3076 634 prmdicationem
3127 559 3476 630 appellatam,
3534 557 3787 628 frequens
3841 557 3902 610 in

2303 657 2579 728 prOphetis
2600 655 2891 710 auctoritas
2917 662 3018 710 est.
3054 653 3147 707 Dei
3175 653 3339 724 igitur
3367 650 3594 707 verbum
3619 663 3904 719 nuneupa-

2303 759 2412 806 tum
2458 751 2865 808 meminerimus
2895 749 2948 804 in
2980 747 3158 820 gladio
3201 765 3214 800 :
3254 746 3348 818 qui
3381 745 3594 818 gladius
3624 745 3828 800 missus
3855 743 3910 798 in

2303 855 2500 900 terram
2531 853 2633 908 est,
2669 843 2720 898 id
2748 852 2852 908 est,
2883 839 3198 911 prmdicatio
3220 839 3340 910 ejus
3369 839 3648 894 hominum
3683 836 3757 909 (c)
3788 852 3914 892 cor-

2305 935 2529 1006 poribus
2561 935 2757 991 infusa.
2792 934 2891 990 llic
2914 933 3078 1004 igitur
3113 933 3353 1003 qttinque
3382 931 3692 986 habitantes
3723 930 3776 984 in
3804 943 3915 983 una

2301 1031 2464 1087 domo
2487 1029 2700 1096 dividit,
2744 1037 2799 1084 et
2840 1026 3032 1083 dividit
3061 1036 3169 1081 tres
3209 1026 3260 1080 in
3293 1024 3452 1090 duos,
3483 1033 3540 1078 et
3576 1023 3718 1078 duos
3747 1037 3916 1093 super

2303 1133 2434 1181 tres.
2461 1123 2567 1182 Sed
2601 1124 2699 1178 tria
2727 1131 2931 1178 tantum
2958 1122 3011 1176 in
3035 1120 3257 1175 homine
3285 1119 3609 1189 reperimus,
3639 1117 3691 1172 id
3715 1126 3826 1183 est,
3858 1127 3916 1172 et

2302 1232 2499 1287 corpus
2540 1225 2595 1271 et
2648 1215 2884 1270 animam
2933 1222 2989 1269 et
3027 1213 3380 1268 voluntatem.
3426 1211 3559 1267 Nam
3603 1219 3662 1265 ut
3689 1210 3912 1281 corpori

2303 1310 2482 1364 anima
2505 1308 2626 1364 data
2660 1317 2764 1374 est,
2811 1309 2882 1362 ita
2909 1315 2964 1362 ct
2993 1314 3232 1376 potestas
3259 1305 3474 1376 utrique
3505 1304 3694 1361 utendi
3745 1319 3807 1360 se
3854 1311 3916 1358 ut

2303 1404 2466 1460 vellet
2496 1402 2700 1456 indulta
2730 1410 2816 1457 est
2861 1420 2875 1456 :
2921 1412 3086 1471 atque
3123 1398 3191 1454 ob
3224 1399 3274 1452 id
3300 1398 3383 1453 lex
3414 1396 3603 1468 est(d)
3634 1396 3913 1468 proposita

2306 1495 2593 1551 voluntati.
2618 1493 2724 1549 Sed
2758 1493 2861 1548 hoc
2906 1492 2958 1548 in
3009 1493 3116 1546 illis
3153 1490 3600 1560 deprehenditur,
3629 1491 3721 1562 qui
3753 1490 3916 1561 primi

2305 1603 2335 1642 a
2370 1589 2478 1642 Deo
2513 1585 2726 1657 ﬁgurati
2771 1594 2918 1652 sunt,
2963 1584 3016 1639 in
3046 1583 3244 1654 quibus
3282 1591 3477 1654 empta:
3501 1582 3730 1654 originis
3760 1590 3919 1638 ortus

2305 1681 2526 1738 elleetus
2569 1680 2732 1752 719
2773 1687 2890 1743 est,
2943 1692 3048 1733 non
3084 1676 3360 1731 traductus
3407 1675 3648 1730 aliunde.
3692 1675 3803 1731 Sed
3844 1690 3916 1730 ex

2309 1783 2532 1846 peccato
2557 1783 2720 1843 atque
2741 1770 3057 1826 inﬁdelitate
3078 1769 3238 1838 primi
3264 1768 3526 1839 parentis,
3554 1768 3916 1838 sequentibus

598 1881 724 1926 trem
764 1881 909 1926 tuum
951 1880 996 1924 et
1034 1878 1247 1924 matrem
1287 1878 1428 1920 luant
1458 1865 1657 1935 (Exod.
1692 1880 1793 1928 xx,
1835 1861 1947 1933 1‘2).
1986 1863 2050 1917 Et
2087 1863 2201 1931 ipse
2231 1869 2278 1928 Β
2307 1868 2745 1940 generationibus
2768 1865 2933 1936 capit
2966 1878 3088 1919 esse
3121 1862 3369 1932 corporis
3410 1861 3579 1917 nostri
3607 1870 3755 1930 ρςιιοι-
3780 1875 3918 1930 ροσ-

599 1967 857 2021 Dominus
887 1966 962 2019 ait
991 1981 1004 2016 :
1039 1962 1226 2018 Pacem
1257 1977 1419 2016 meam
1461 1960 1527 2012 do
1557 1959 1715 2024 vobis,
1750 1973 1925 2020 pacem
1967 1956 2199 2026 relinquo

601 2059 744 2114 vobis
775 2057 958 2129 (Joan.
1011 2072 1123 2121 xlv,
1164 2055 1278 2123 27).
1312 2052 1450 2120 Quid
1495 2051 1596 2107 sibi
1639 2049 1753 2104 vult
1784 2048 1981 2104 missus
2027 2046 2202 2116 potius

601 2150 810 2222 gladius
835 2149 887 2203 in
936 2157 1155 2210 terram,
1188 2156 1242 2202 et
1264 2152 1544 2214 separatus
1574 2157 1604 2195 a
1628 2149 1779 2211 patre
1810 2139 1975 2205 ﬁlius,
1999 2148 2054 2192 et
2095 2137 2200 2190 ﬁlia

602 2261 632 2300 a
662 2254 852 2309 matre,
900 2250 954 2298 et
994 2253 1162 2312 nurus
1189 2238 1454 2292 adversus
1484 2250 1723 2298 socrum,
1753 2241 1808 2287 et
1839 2231 2071 2286 hominis
2103 2229 2203 2284 do.

603 2338 814 2394 mestiei
842 2335 960 2405 ejus
982 2334 1220 2389 inimici?
1244 2333 1408 2402 Igitur
1429 2329 1506 2402 (ιι)
1537 2327 1735 2384 exinde
1767 2325 1976 2397 publica
2017 2332 2203 2379 auctu-

601 2432 734 2488 ritas
761 2429 1018 2500 impietati
1050 2426 1374 2497 proferetur.
1402 2423 1613 2493 Ubique
1637 2420 1782 2486 odia,
1806 2419 2006 2489 ubique
2038 2417 2198 2483 bella,

602 2535 658 2581 et
687 2523 894 2595 gladius
927 2519 1136 2576 Domini
1171 2519 1312 2573 inter
1354 2526 1558 2586 patrem
1587 2522 1642 2570 et
1673 2513 1862 2576 ﬁlium,
1891 2520 1949 2566 et
1978 2511 2117 2564 inter
2139 2509 2200 2562 ﬁ-

602 2617 728 2672 liam
762 2623 1097 2682 matremque
1117 2609 1438 2665 desmviens.
1481 2607 1546 2661 Et
1571 2607 1624 2660 in
1653 2605 1797 2660 Luca
1839 2602 2052 2674 quidem
2076 2600 2204 2655 talis

605 2708 672 2764 de
696 2707 798 2764 hoc
826 2720 1006 2761 sermo
1026 2713 1110 2759 est
1138 2719 1150 2755 :
1183 2701 1354 2756 Erunt
1383 2700 1517 2754 enim
1551 2715 1616 2753 ea:
1639 2698 1733 2752 hoc
1761 2697 1982 2767 quinque
2016 2695 2069 2747 in
2099 2709 2204 2747 una

603 2803 754 2856 domo
785 2800 958 2864 divisi,
995 2797 1068 2869 (b)
1116 2805 1214 2850 tres
1244 2796 1297 2848 in
1336 2795 1490 2859 duos,
1518 2801 1564 2847 et
1608 2792 1710 2847 duo
1739 2807 1894 2862 super
1935 2799 2036 2844 tres
2072 2790 2204 2842 divi-

604 2897 788 2950 dentur
813 2891 964 2965 (an.
996 2906 1092 2955 xu,
1122 2889 1240 2959 5‘2).
1269 2885 1537 2957 Numquid
1571 2901 1677 2941 non
1711 2887 1764 2940 in
1814 2884 2072 2954 majorem
2106 2899 2204 2936 nu-

603 3001 813 3043 merum
839 2992 1014 3055 potest
1042 2981 1345 3052 agnationis
1363 2979 1679 3034 domestica:
1706 2976 1906 3032 familia
1935 2975 2203 3031 diffundi?

517 3088 528 3098 ’
603 3083 710 3137 Aut
738 3077 1056 3149 praescripto
1092 3072 1348 3143 temporis
1371 3072 1769 3134 continebatur,
1801 3077 1860 3124 ut
1889 3085 1954 3125 ex
1991 3067 2096 3124 hoc
2118 3083 2205 3122 es-

607 3179 730 3226 sent
755 3169 992 3240 quinque
1033 3174 1237 3221 tantum
1274 3165 1326 3218 in
1357 3163 1520 3218 domo
1551 3177 1676 3226 una,
1710 3160 1979 3232 iidemque
2003 3159 2203 3214 divisi?

2302 1970 2504 2025 catum,
2540 1969 2712 2013 mater
2739 1957 2934 2011 animae
2965 1953 3286 2017 inﬁdelitas;
3317 1952 3386 2007 ab
3419 1952 3504 2006 his
3527 1952 3664 2006 enim
3697 1952 3769 2021 (ε)
3796 1966 3896 2006 or-

2305 2065 2417 2109 tum
2451 2069 2546 2124 per
2576 2049 3063 2122 transgressionem
3104 2045 3261 2116 primi
3299 2045 3541 2115 parentis
3577 2043 3907 2114 accepimus.

2303 2148 2436 2204 Nam
2465 2147 2712 2203 voluntas
2737 2144 3028 2215 unicuique
3046 2141 3153 2198 'sua
3178 2141 3414 2211 adjacet.
3449 2141 3590 2211 Ergo
3612 2139 3724 2211 jam
3748 2139 3916 2194 unius

2305 2241 2514 2297 domus.
2539 2239 2773 2310 quinque
2816 2246 2977 2293 sunt:
3011 2245 3164 2307 pater
3196 2233 3444 2304 corporis
3467 2242 3769 2303 peccatum,
3799 2247 3920 2286 ma-

2307 2345 2390 2392 ter
2415 2335 2609 2390 anima:
2654 2333 2964 2398 infidelitas,
2994 2338 3050 2386 et
3086 2329 3158 2401 (Ῑ)
3185 2328 3450 2384 accedens
3495 2327 3790 2382 voluntatis
3822 2341 3914 2381 ar—

2309 2427 2550 2491 bitrium,
2591 2426 2734 2497 quod
2763 2435 2932 2480 totum
2966 2423 3240 2478 hominem
3271 2421 3501 2493 quodam
3524 2420 3763 2490 conjugii
3802 2421 3911 2475 sibi

2301 2519 2423 2590 jure
2453 2519 2742 2589 distringit.
2798 2517 2934 2573 Huic
2979 2516 3268 2572 infidelitas
3311 2530 3498 2570 socrus
3541 2522 3649 2580 est,
3683 2514 3760 2586 (g)
3790 2529 3918 2584 qua:

2307 2629 2410 2668 nos
2439 2630 2502 2668 ex
2535 2630 2595 2668 ea
2634 2623 2811 2679 natos,
2845 2619 3005 2680 atque
3043 2626 3075 2665 a
3119 2609 3227 2665 fide
3262 2621 3516 2679 metuque
3548 2608 3643 2664 Dei
3673 2609 3920 2679 peregri-

2307 2715 2499 2762 nantes
2528 2707 2819 2776 accipiens,
2862 2715 2922 2760 ut
2961 2705 3100 2760 inter
3142 2703 3512 2759 inﬁdelitatem
3543 2704 3624 2774 (li)
3666 2704 3920 2774 volupta—

2307 2807 2525 2868 temque
2551 2811 2851 2868 possessos,
2871 2805 2926 2852 et
2954 2796 3008 2850 in
3033 2794 3366 2866 ignoratione
3388 2794 3483 2850 Dei
3503 2803 3559 2850 et
3589 2794 3644 2848 in
3665 2795 3916 2850 omnium

2320 2888 2574 2943 vitiorum
2607 2887 2970 2942 oblectatione
2999 2885 3260 2941 detineat.

2378 2983 2469 3037 Ἡ.
2502 2981 2925 3054 Regenerationis
2951 2979 3184 3048 effectus.
3215 2978 3656 3052 Concupiscentite
3683 2981 3825 3035 lucta
3861 2981 3919 3036 in

2307 3075 2636 3147 regeneratis.
2686 3102 2760 3115 --
2807 3072 2942 3128 Cum
2999 3087 3127 3144 ergo
3167 3073 3484 3128 innovamur
3541 3073 3795 3143 baptismi
3841 3074 3921 3128 Ia-

2307 3182 2472 3222 vacro
2522 3181 2618 3236 per
2666 3165 2728 3236 (i)
2777 3164 2927 3220 verbi
2974 3165 3247 3231 virtutem,
3302 3164 3371 3219 ab
3428 3164 3656 3236 originis
3707 3174 3920 3220 nostra:

609 3263 754 3333 Ergo
781 3261 868 3331 qui
899 3260 968 3314 sit
995 3258 1206 3330 gladius
1234 3258 1286 3312 iu
1325 3265 1489 3318 terra,
1518 3269 1636 3325 qua:
1684 3253 1986 3324 proprietas
2027 3251 2204 3306 nomi-
2230 3250 2275 3312 C
2308 3260 2548 3331 peccatis
2574 3268 2734 3328 atque
2761 3258 3072 3314 auctoribus
3097 3274 3444 3330 separamur;
3468 3259 3741 3329 recisique
3783 3273 3922 3329 qua-

607 3369 760 3418 num,
789 3359 844 3407 et
887 3351 939 3404 in
983 3364 1209 3405 numero
1238 3348 1475 3418 quinque
1510 3362 1631 3416 qua:
1656 3347 1812 3410 ratio,
1843 3356 1898 3400 et
1932 3343 2206 3415 quomodo

613 3458 725 3501 tres
749 3445 802 3498 in
843 3442 1000 3509 duos,
1049 3451 1105 3498 et
1146 3441 1255 3496 duo
1297 3456 1460 3510 super
1501 3449 1611 3494 tres
1657 3438 1956 3504 dividendi,
1980 3447 2037 3494 et
2076 3453 2208 3509 qua—

609 3548 768 3593 tenus
808 3533 1011 3588 homini
1049 3530 1334 3587 domestici
1373 3531 1491 3600 ejus
1544 3529 1784 3596 inimici,
1842 3530 2207 3586 contuendum

615 3639 719 3686 est.

680 3722 774 3777 2'5.
819 3717 994 3774 Gladii
1034 3725 1242 3772 natura.
1267 3713 1366 3770 Dei
1392 3713 1597 3770 verbum
1636 3709 1914 3786 signiﬁcat.
1948 3711 2016 3769 In
2043 3714 2210 3770 Adam

611 3825 731 3891 ante
755 3823 1019 3888 peccatum
1042 3813 1160 3878 tria,
1188 3813 1240 3865 in
1263 3812 1480 3882 posteris
1507 3811 1750 3883 quinque.
1781 3843 1851 3852 —
1880 3812 1945 3867 Et
1974 3813 2214 3883 singula-

610 3929 731 3972 rum
762 3911 982 3985 quidem
1012 3924 1218 3974 rerum,
1264 3919 1318 3964 et
1344 3909 1610 3963 universa:
1635 3908 1947 3977 quaestionis
1977 3907 2209 3977 primum

613 4017 805 4065 natura
827 4015 910 4062 est
935 4002 1247 4075 explicanda
1281 4020 1293 4055 :
1329 4017 1429 4057 nec
1449 4001 1622 4057 minus
1652 3999 2060 4073 intelligentiam
2088 4016 2213 4057 nos-

616 4110 754 4156 tram
798 4113 990 4154 sensus
1038 4106 1094 4151 et
1143 4093 1388 4165 superior
1439 4101 1494 4148 et
1536 4107 1873 4162 consequens
1914 4093 2209 4161 adjuvabit.

616 4190 840 4246 Gladius
877 4189 1105 4243 telorum
1133 4186 1374 4240 omnium
1418 4184 1581 4240 telum
1613 4185 1980 4241 acutissimum
2022 4195 2125 4253 est,
2155 4189 2210 4243 in

615 4297 724 4352 quo
751 4281 820 4335 sit
839 4279 928 4349 jus
959 4276 1263 4349 potestatis,
1288 4285 1343 4332 et
1367 4275 1555 4345 judicii
1579 4279 1857 4343 severitas,
1887 4288 1942 4334 et
1970 4277 2212 4334 animad-

688 4437 768 4509 (a)
795 4439 851 4493 In
877 4437 1046 4493 tribus
1075 4449 1206 4493 mss.
1231 4434 1561 4490 extendenda:
1577 4437 1796 4506 publica:
1821 4440 2072 4509 impietati
2091 4459 2213 4498 auc-

619 4513 799 4566 toritas
826 4513 1134 4581 proferetur.

695 4581 768 4651 (b)
797 4579 996 4637 Omnes
1019 4593 1146 4634 mss.
1175 4587 1506 4651 constanter,
1535 4587 1636 4634 tres
1664 4579 1718 4633 in
1747 4581 1850 4636 duo
1877 4599 1894 4638 :
1920 4591 2029 4638 tum
2057 4600 2123 4640 ex
2152 4585 2217 4640 iis

619 4650 716 4711 sex
750 4650 921 4708 etiam
968 4658 1279 4706 constanter
1308 4650 1527 4713 habent,
1562 4660 1606 4705 et
1624 4651 1724 4704 duo
1771 4670 1860 4720 per
1895 4665 2019 4710 tres.
2051 4655 2219 4710 pani-

2311 3354 2433 3408 dant
2458 3352 2772 3408 exsectione
2796 3351 2958 3422 gladii
2991 3352 3106 3418 Dei,
3155 3367 3185 3406 a
3228 3351 3395 3421 patris
3425 3360 3481 3406 et
3527 3351 3716 3406 matris
3751 3351 3924 3407 allec-

2313 3446 2552 3501 tionihus
2581 3444 2907 3500 dissidemus
2949 3462 2960 3496 :
2989 3453 3044 3500 et
3066 3453 3304 3500 veterem
3340 3459 3464 3499 eum
3490 3445 3720 3514 peccatis
3746 3453 3921 3514 atque

2313 3537 2632 3594 inﬁdelitate
2669 3553 2764 3592 sua
2815 3537 3086 3592 hominem
3127 3547 3412 3604 exuentes,
3452 3546 3505 3592 et
3534 3551 3624 3607 per
3647 3537 3915 3607 Spiritum

2313 3634 2487 3688 anima
2513 3641 2568 3688 et
2589 3647 2817 3702 corpore
2852 3622 3123 3712 innovati,
3158 3646 3380 3688 necesse
3400 3642 3486 3687 est
3517 3640 3573 3686 ιιι
3597 3631 3820 3702 ingeniti
3847 3640 3910 3687 et

2314 3729 2513 3784 vetusti
2542 3728 2722 3796 eperis
2751 3725 3197 3782 consuetudinem
3221 3724 3518 3780 oderimus.
3549 3725 3617 3779 Et
3639 3725 3765 3796 quia
3793 3739 3925 3780 cor-

2317 3835 2418 3892 pus
2448 3821 2620 3890 ipsum
2652 3834 2746 3890 per
2786 3818 2947 3873 fidem
2995 3817 3394 3881 mortiﬁcatum,
3426 3817 3477 3872 in
3509 3825 3760 3872 naturam
3804 3816 3929 3871 ani-

2320 3930 2444 3978 mm,
2477 3928 2597 3985 qua:
2645 3927 2712 3967 ex
2755 3910 2940 3966 afflatu
2989 3911 3083 3967 Dei
3128 3910 3277 3965 venit
3332 3911 3602 3980 (quamvis
3653 3909 3709 3964 id
3741 3909 3922 3980 ipsum

2318 4005 2495 4060 adhuc
2523 4005 2574 4059 in
2600 4005 2824 4059 materia
2852 4017 2948 4058 sua
2965 4003 3186 4073 exstet),
3206 4001 3428 4066 evadat;
3455 4003 3579 4072 quia
3609 4003 3926 4059 communio

2316 4099 2446 4172 ipsis
2469 4099 2696 4154 invicem
2727 4097 3047 4153 concilietur
3072 4113 3138 4152 ex
3161 4096 3326 4152 verbo
3351 4113 3365 4150 :
3397 4095 3600 4152 idcirco
3616 4098 3729 4167 jam
3756 4079 3925 4154 unum

2317 4204 2476 4263 atque
2508 4193 2646 4248 idem
2678 4207 2798 4246 cum
2824 4194 3003 4246 anima
3030 4191 3176 4246 velle
3215 4191 3384 4260 coepit
3426 4189 3591 4257 efﬁci,
3623 4191 3833 4247 scilicet
3864 4201 3933 4248 ut

2317 4285 2408 4341 illa
2433 4295 2516 4340 est
2543 4283 2820 4355 spiritalis,
2841 4283 3032 4356 quibus
3055 4282 3136 4356 (j)
3161 4282 3678 4339 libertasvoluntatis
3702 4298 3735 4338 ιι
3755 4297 3930 4340 socru

2318 4445 2600 4570 innocetiués
2621 4443 2942 4516 honestaeque
2961 4444 3247 4511 constituit,
3274 4453 3333 4500 ut
3359 4443 3584 4502 habetur
3607 4444 3660 4499 in
3691 4443 3831 4516 psal.
3866 4461 3926 4512 ιι,

2325 4533 2474 4570 num.
2581 4560 2592 4570 .

2325 4533 2474 4660 “(2).
2689 4586 2782 4644 Er.
2817 4595 2873 4642 et
2894 4596 3124 4657 quatuor
3152 4603 3283 4643 mss.
3319 4600 3552 4644 mortem.
3581 4587 3814 4660 Rectius
3836 4587 3929 4660 alii

2324 4658 2468 4725 libri,
2501 4671 2691 4724 artant,
2741 4675 2772 4712 ιι
2821 4672 3044 4726 peccato
3089 4660 3208 4717 scil.
3239 4668 3296 4714 et
3347 4659 3685 4714 infidelitate.
3721 4658 3929 4716 Deinde

890 4731 944 4777 et
975 4738 1129 4794 super
1171 4737 1346 4792 graece
1375 4721 1566 4777 eodem
1611 4724 1876 4780 vocabulo
1923 4729 2008 4780 ἐπὶ
2036 4730 2215 4798 οιρινξ-
2240 4755 2296 4816 D
2327 4721 2704 4816 nam‘voluntas
2735 4721 2958 4816 perinde
2985 4740 3066 4786 est
3097 4747 3160 4812 ac
3187 4740 3432 4799 pra'terea
3461 4731 3718 4784 voluntas.

626 4807 866 4852 muutur.

692 4867 766 4939 (c)
791 4867 862 4920 Ita
889 4880 1023 4939 mss.
1053 4878 1165 4939 uno
1187 4861 1340 4920 Colb.
1368 4875 1594 4939 excepto
1645 4865 2071 4939 iuterpolationis
2120 4884 2213 4923 sn-

621 4937 827 5007 Specto,
859 4937 945 5010 ubi
980 4937 1159 5010 habet,
1175 4937 1471 5010 corporibus
1499 4938 1575 5010 vel
1592 4940 1644 4992 in
1669 4937 1906 4992 cordibus
1928 4941 2126 5010 infusa.
2148 4944 2216 4996 At

625 5006 750 5066 Par.
799 5009 1036 5063 cordibus
1067 5008 1258 5077 infusa.
1299 5006 1410 5060 Hoc
1455 5009 1634 5078 igitur.
1691 5010 1822 5063 Alize
1867 5006 1995 5064 vero
2025 5011 2218 5065 editio-

624 5096 742 5152 nes,
795 5078 1210 5152 prwdtcationem
1239 5080 1349 5151 ejus
1393 5079 1654 5152 hominum
1692 5080 2211 5152 cordibusinfusam.

629 5151 743 5207 Hoc
766 5149 942 5224 igitur.
975 5149 1100 5204 Ηωο
1127 5149 1285 5218 porro
1325 5149 1485 5204 verba
1508 5151 1861 5224 respondent,
1892 5151 2020 5215 illis,
2047 5155 2132 5222 qui
2162 5155 2216 5208 in

626 5220 817 5277 terram
845 5223 1136 5274 missusest.
1187 5224 1258 5276 At
1321 5235 1452 5274 vero
1506 5220 1736 5275 Hilarius
1778 5223 1865 5277 ubi
1913 5220 2102 5277 terram
2160 5226 2212 5279 itt

628 5292 922 5364 Scripturis
952 5291 1172 5364 reperit,
1214 5306 1281 5364 eo
1317 5292 1533 5364 nomine
1574 5306 1770 5363 corpus
1794 5295 1934 5364 quod
1975 5294 2043 5349 de
2069 5306 2214 5350 terra

627 5377 900 5434 sumptum
939 5371 1022 5417 est
1061 5363 1199 5416 solet
1239 5363 1558 5433 intelligere,
1599 5373 1654 5416 ut
1702 5375 1844 5434 patet
1881 5381 1944 5420 ex
1990 5381 2112 5435 cap.
2158 5365 2214 5430 4,

630 5453 686 5491 ιι.
716 5437 771 5500 5,
832 5445 887 5489 et
927 5449 991 5488 ex
1049 5441 1207 5487 tract.
1255 5436 1388 5503 psal.
1444 5449 1630 5498 cxvut,
1675 5452 1729 5488 ιι.
1783 5438 1813 5489 7
1849 5446 1902 5491 ct
1946 5436 2000 5502 8,
2059 5455 2113 5491 ιι.
2162 5437 2218 5504 9,

630 5523 692 5561 ac
716 5505 958 5575 pluribus
983 5504 1102 5558 aliis
1128 5504 1281 5559 locis.
1316 5508 1385 5559 At
1409 5515 1608 5561 terram
1640 5521 1904 5578 nusquam
1931 5522 2024 5561 cor
2047 5509 2219 5564 inter-

632 5587 896 5648 pretatur.

702 5649 782 5715 (d)
831 5647 888 5701 ln
918 5645 1168 5719 vulgatis,
1211 5648 1508 5719 praeposita.
1557 5646 1722 5716 Magis
1758 5649 2079 5719 placetcum
2124 5650 2224 5705 ali—

629 5729 761 5790 quot
791 5732 920 5790 mss.
945 5717 1234 5790 proposita.
1257 5717 1335 5770 Ad
1361 5718 1462 5790 hoe
1486 5727 1664 5790 autem
1698 5717 1780 5774 lex
1812 5724 2082 5790 proposita
2115 5730 2218 5787 est,

631 5785 753 5852 quia
807 5786 894 5851 qui
936 5801 1028 5838 nos
1084 5802 1174 5853 per
1215 5785 1609 5840 benevolentiam
1661 5785 1866 5845 utenda?
1896 5785 2222 5847 beatitudinis

629 5869 734 5910 siue
764 5863 997 5919 creasset,
1027 5859 1308 5922 profectum
1337 5858 1481 5910 uobis
1519 5859 1588 5910 ad
1619 5859 1672 5911 id
1703 5877 1794 5928 per
1835 5863 2069 5915 meritum
2102 5864 2218 5916 vitm

2393 4802 2462 4873 (f)
2516 4801 2978 4873 Editi,incideus.
3022 4801 3262 4873 Aliquot
3310 4817 3442 4856 mss.
3492 4801 3754 4856 incedens.
3819 4801 3931 4857 Po-

2321 4871 2520 4937 tiores,
2565 4872 2829 4926 accedens.
2862 4871 3085 4928 Accedit
3127 4883 3306 4928 autem
3359 4873 3630 4938 voluntas,
3684 4884 3746 4927 ιιι
3796 4889 3926 4929 cum

2321 4954 2543 5015 peccato
2563 4985 2577 5009 ,
2609 4943 2954 5009 inlidelitate,
2979 4947 3208 5015 corpore
3237 4944 3482 4998 etauima
3512 4943 3641 4998 ﬁant
3659 4944 3926 5015 quinque.

2396 5013 2566 5088 (θλιιι
2621 5015 2845 5088 vulgatis
2867 5054 2881 5077 ,
2918 5013 3125 5088 omisso
3167 5015 3393 5088 relativo
3431 5029 3568 5085 qua,
3602 5013 3930 5088 corrumpi-

2321 5084 2648 5140 tur”llilarii
2695 5084 2986 5150 sententia,
3018 5101 3120 5154 qua
3165 5085 3278 5140 vult
3333 5084 3450 5140 nos
3480 5101 3547 5139 ex
3601 5084 3933 5144 inﬁdelitate

2323 5167 2477 5228 natos
2518 5174 2546 5210 a
2587 5156 2876 5211 voluntatis
2923 5156 3172 5211 libertate
3218 5158 3272 5210 in
3313 5155 3580 5228 quoddam
3609 5157 3932 5228 conjugintn

2321 5227 2489 5296 accipi
2515 5269 2528 5288 ,
2561 5229 2746 5296 sicque
2771 5228 3032 5281 voluntati
3055 5241 3272 5281 socrum
3302 5241 3425 5282 esse
3451 5227 3826 5283 infidelitatem

2397 5298 2473 5370 (Ιι)
2503 5299 2748 5368 Quinque
2780 5313 2914 5352 mss.
2938 5298 3347 5369 voluntatemque
3371 5316 3384 5351 :
3406 5299 3568 5370 male.
3597 5296 3788 5353 Eidem
3815 5298 3933 5356 fere

2323 5370 2403 5492 ἴςὶ
2434 5370 2715 5494 sullnacent
2741 5379 2898 5424 antea
2919 5379 3206 5439 peccatum,
3231 5379 3352 5440 post
3375 5369 3644 5424 oblectatio
3659 5372 3932 5437 vitiorum,

2350 5454 2416 5494 nc
2441 5457 2500 5494 vo
2527 5451 2696 5494 antas.

2350 5454 2416 5494 nc
2441 5451 2696 5508 voluptas.

2402 5510 2466 5583 (i)
2500 5512 2648 5581 Apud
2676 5510 2836 5577 Bad.,
2863 5511 2983 5577 Er.,
3015 5511 3165 5583 Lips.
3195 5519 3250 5568 et
3289 5512 3341 5567 in
3367 5510 3580 5583 aliquot
3611 5525 3747 5567 mss.
3783 5510 3937 5568 desi-

2328 5581 2710 5654 deraturverbi
2749 5581 3136 5654 vocabulum:
3189 5585 3333 5654 quod
3383 5581 3505 5639 cum
3555 5582 3680 5638 Par.
3733 5593 3790 5638 et
3813 5598 3939 5639 me-

2327 5653 2554 5708 lioribus
2597 5669 2728 5709 mss.
2782 5653 3122 5710 retinendum
3176 5653 3298 5710 esse
3346 5655 3516 5724 liquet
3561 5671 3626 5709 ex
3675 5654 3934 5724 proxima

2327 5728 2732 5807 cmnparatione
2763 5727 2946 5796 gladii.
2978 5725 3100 5780 Mox
3130 5727 3242 5782 sola
3271 5726 3436 5782 editio
3456 5725 3577 5781 Par.
3599 5726 3796 5796 sicque,
3828 5739 3935 5796 pro

2328 5809 2590 5865 reetsiquc.

2399 5867 2478 5937 (j)
2504 5867 2557 5922 ltl
2581 5877 2682 5934 est,
2709 5868 2903 5926 anima:
2933 5878 2988 5925 et
3013 5869 3226 5940 corpori
3244 5868 3410 5927 verbo
3450 5867 3562 5939 jam
3593 5867 3928 5924 conciliatis.
