4222 6262
393 242 496 300 977

1321 247 1868 305 COMMENTARIUS
1894 247 1962 305 ΙΝ
1993 247 2430 309 MATTIUEUM.
2466 251 2619 309 CAP.
2657 255 2747 311 XI.

3582 262 3686 318 978

333 353 338 358 ’
391 377 506 429 sua,
563 363 615 418 id
665 373 771 426 est,
819 365 888 417 ab
941 364 1256 421 infidelitate
1311 365 1503 433 divisa,
1533 367 1617 438 jus
1647 382 1802 422 suum
1826 382 1987 423 omne
2014 371 2068 431 Α
2092 365 2240 423 fusus
2271 370 2341 439 (ῃ
2371 369 2422 424 in
2446 384 2545 425 nos
2573 372 2662 425 sit.
2697 373 2871 442 Atque
2921 373 2992 428 ita
3021 375 3111 446 qui
3148 376 3422 446 apostolos
3452 378 3642 448 recipit
3672 422 3687 449 ,

389 454 647 510 concedit
673 475 685 508 :
713 466 768 510 ιιι
791 456 933 526 quod
965 466 1082 512 erat
1123 457 1346 513 libertas
1387 458 1704 525 voluntatis,
1727 458 1985 529 deinceps

385 549 582 604 animae
612 549 684 605 sit
725 555 980 620 potestas.
1020 550 1210 620 Fitque
1234 553 1413 622 gravis
1452 552 1506 606 in
1551 550 1714 607 domo
1741 567 1845 606 una
1876 551 2013 606 dis-’

386 642 592 708 sensio,
642 649 698 697 et
739 641 1036 698 dnmesﬁca
1080 657 1220 697 novo
1268 643 1471 698 homini
1515 655 1673 699 erunt
1720 644 1932 699 inimica
1969 663 1981 698 :

386 731 511 802 quia
535 733 625 787 ille
653 747 752 803 per
782 732 1006 788 verbum
1049 734 1142 789 Dei
1185 733 1390 789 divisus
1420 736 1488 791 ab
1517 735 1649 802 illis,
1683 751 1904 791 manere
1931 745 1986 791 et

386 825 614 882 interior
640 835 696 883 et
723 827 961 882 exterior
983 827 1227 900 (subaud.
1253 828 1459 899 homo),
1493 827 1544 884 id
1573 837 1676 894 est,
1709 837 1762 882 et
1789 843 1984 897 corpus

385 927 440 972 et
460 918 656 984 anima,
694 917 746 972 in
794 918 1018 988 spiritus
1073 921 1314 976 novitate
1350 920 1602 990 gaudebit
1645 938 1659 974 :
1705 934 1768 975 ea
1829 935 1981 986 vero,

384 1026 506 1082 qua:
538 1009 614 1083 (a)
646 1011 880 1083 ingenita
930 1021 986 1068 et
1018 1027 1048 1067 a
1089 1016 1320 1084 quadam
1369 1015 1631 1084 prosapia:
1669 1013 1986 1085 antiquitate

383 1104 635 1172 deducta,
667 1107 970 1162 consistere
998 1107 1052 1162 in
1082 1107 1168 1165 bis
1188 1109 1384 1179 quibus
1406 1109 1673 1165 oblectata
1705 1118 1829 1164 sunt
1850 1124 1982 1165 con-

383 1198 681 1267 cupiscent.
711 1198 777 1253 Et
805 1201 961 1270 origo
986 1202 1165 1256 carnis
1190 1212 1247 1258 et
1282 1202 1436 1273 origo
1464 1204 1658 1257 anima:
1680 1212 1734 1256 ct
1763 1202 1984 1258 libertas

384 1293 669 1362 patestatis
695 1293 746 1346 in
771 1293 909 1348 duos
929 1293 1258 1360 dividentur,
1282 1300 1514 1352 animam
1546 1295 1752 1351 scilicet
1789 1304 1843 1350 et
1863 1312 1985 1350 cor-

380 1400 482 1456 pus
515 1385 753 1442 hominis
779 1387 904 1442 novi
927 1429 942 1452 ,
981 1387 1056 1459 (b)
1088 1404 1210 1459 qua:
1244 1404 1407 1444 unum
1446 1397 1608 1459 atque
1655 1387 1795 1443 idem
1847 1387 1984 1444 velle

380 1489 664 1547 coeperunt
711 1495 724 1532 :
777 1478 1042 1550 divisique
1089 1491 1200 1535 tres
1239 1480 1448 1536 duobus
1496 1479 1886 1549 subjacebunt,
1927 1480 1979 1534 in

380 1571 720 1627 dominatum
757 1586 945 1628 eorum
991 1571 1060 1628 de
1099 1572 1332 1642 Spiritus
1374 1573 1611 1642 novitate
1660 1572 1978 1642 potioribus.

381 1663 446 1719 Et
479 1664 677 1720 idcirco
699 1665 799 1730 illi,
827 1665 918 1735 qui
938 1665 1264 1722 domesticas
1300 1666 1574 1720 nominum
1600 1664 1980 1738 (c)charitates

2089 459 2360 517 Christum
2390 464 2612 534 recipit;
2643 469 2734 535 qui
2769 482 2895 522 vero
2926 468 3200 523 Christum
3234 469 3444 540 recipit,
3479 481 3683 542 patrem

2089 552 2258 608 Deum
2287 555 2477 625 recipit
2511 574 2524 610 :
2575 558 2698 626 quia
2743 573 2848 614 non
2872 559 3014 614 aliud
3063 561 3116 614 in
3147 561 3405 631 apostolis
3450 563 3639 633 recipit
3669 605 3686 630 ,

2087 660 2246 714 quam
2269 647 2413 717 quod
2441 648 2492 702 in
2522 647 2735 704 Christo
2759 659 2871 714 est,
2900 651 3146 721 nequein
3161 649 3379 708 Christo
3411 653 3552 708 aliud
3571 663 3685 721 est,

2085 753 2244 809 quam
2267 739 2410 810 quod
2464 739 2517 794 in
2550 741 2659 797 Deo
2685 751 2794 798 est:
2826 758 3024 815 perque
3053 746 3194 800 hunc
3216 746 3461 802 ordinem
3487 749 3688 818 gratia-

2087 847 2205 887 rum
2226 874 2240 897 ,
2273 848 2377 888 non
2403 834 2546 888 aliud
2569 844 2650 889 est
2674 837 2947 906 apostolos
2977 838 3264 907 recepisse,
3290 854 3447 908 quam
3480 840 3680 905 Deum;

2086 923 2208 994 quia
2257 935 2311 979 et
2342 925 2393 978 in
2422 925 2528 980 illis
2548 924 2793 982 Christus
2813 969 2828 993 ,
2860 937 2914 984 et
2937 929 2989 983 in
3033 927 3247 984 Christo
3284 930 3425 986 Deus
3453 931 3680 986 habitet.

2158 1013 2248 1067 28.
2298 1012 2485 1069 Plures
2535 1001 2898 1087 consequendae
2933 1020 3236 1075 aeternitatis
3274 1023 3587 1078 occasiones.
3613 1052 3687 1063 —

2088 1104 2190 1171 Qui
2207 1107 2384 1176 recipit
2405 1109 2704 1180 prophetam
2745 1109 2799 1163 in
2829 1111 3034 1164 nomine
3061 1112 3352 1183 prophetia,
3399 1116 3680 1168 mercedem

2087 1198 2352 1267 praphetie
2378 1199 2590 1270 accipiet
2639 1199 2799 1272 (Ibid.
2833 1200 2948 1270 41).
2975 1201 3077 1270 Qui
3109 1203 3421 1274 prOphetam
3450 1205 3678 1275 recipit,

2086 1287 2415 1345 habitantem
2464 1293 2655 1364 recipit
2705 1293 2758 1348 in
2809 1295 3107 1365 propheta:
3163 1294 3328 1367 ﬁtque
3397 1296 3679 1368 prOphetzc

2086 1383 2338 1438 mercede
2363 1383 2576 1454 dignus,
2611 1389 2927 1457 prophetam
2977 1392 3252 1458 pr0phcta:
3299 1390 3516 1446 nomine
3542 1392 3681 1446 reci-

2085 1475 2258 1544 piens.
2292 1475 2395 1531 Par
2419 1492 2632 1548 qquue
2657 1481 2928 1548 recepisse
2963 1481 3169 1551 justum
3212 1497 3421 1538 merces
3450 1483 3675 1554 deputa-

2085 1579 2203 1636 tur,
2234 1570 2397 1640 ﬁtque
2421 1569 2598 1639 justus
2620 1587 2688 1626 ex
2719 1572 2924 1628 honore
2949 1575 3196 1642 justiti-.13.
3231 1576 3308 1628 Ac
3328 1576 3406 1630 sic
3426 1591 3680 1630 consum-

2083 1661 2479 1733 maturjustitia
2502 1679 2570 1719 ex
2599 1663 2725 1732 ﬁde,
2751 1676 2803 1720 et
2826 1666 3130 1722 mercedem
3153 1669 3383 1737 acquirit
3412 1668 3669 1735 ofﬁcium,

379 1757 650 1813 dilectioni
684 1759 802 1829 ejus
847 1759 1206 1830 praetulerint,
1250 1760 1413 1832 720
1454 1759 1752 1814 futurorum
1801 1758 1970 1814 bono-
2000 1754 2048 1815 B
2074 1756 2255 1826 plures
2280 1757 2672 1826 conscquendsc
2697 1760 3010 1813 aeternitatis
3053 1759 3364 1815 occasiones
3415 1761 3524 1815 Deo
3565 1760 3674 1814 lar-

379 1865 496 1905 rum
527 1849 730 1921 indigni
753 1861 913 1906 erunt
941 1850 1274 1906 haereditate.

447 1943 539 1999 ‘25.
590 1942 760 2011 Crux,
815 1953 1190 1998 sacramentum
1248 1943 1393 2010 ﬁdei.
1437 1973 1510 1984 —-
1561 1943 1739 2014 Pergit
1779 1941 1973 1998 deinde

377 2037 569 2093 eodem
600 2047 990 2109 praeceptorum
1039 2045 1096 2091 ct
1135 2035 1504 2105 intelligentiae
1545 2035 1795 2091 decursu.
1839 2033 1972 2089 Nam

379 2141 566 2204 postea
588 2145 745 2202 quam
790 2130 1142 2200 relinquenda
1186 2131 1363 2185 omnia
1395 2145 1512 2199 qua:
1554 2131 1605 2183 in
1646 2128 1847 2184 saeculo
1875 2142 1969 2183 ca-

378 2223 593 2281 rissima
643 2231 770 2278 sunt
818 2225 1206 2293 imperaverat;
1254 2222 1483 2291 adjecit,
1519 2221 1622 2289 Qui
1649 2237 1754 2275 non
1784 2221 1973 2289 accipit

377 2333 578 2371 crucem
625 2333 802 2383 suam,
858 2326 906 2370 et
949 2316 1177 2387 sequitur
1221 2330 1332 2378 me,
1384 2330 1486 2367 non
1530 2322 1604 2367 est
1665 2330 1744 2367 me
1789 2313 1972 2384 dignus

381 2408 544 2482 (Ibid.
575 2407 666 2481 '58)
699 2426 712 2463 :
742 2409 865 2480 quia
891 2409 982 2479 qui
1007 2407 1206 2463 Christi
1237 2417 1381 2471 sunt,
1431 2403 1815 2460 cruciﬁxerunt
1852 2420 1973 2460 cor-

376 2518 478 2576 pus
503 2519 625 2558 cum
676 2503 819 2557 vitiis
855 2511 912 2558 et
954 2500 1433 2571 concupiscentiis.
1487 2498 1555 2554 Et
1603 2497 1851 2568 indignus
1889 2506 1974 2553 est

378 2594 593 2651 Christo
614 2637 629 2660 ,
659 2594 753 2666 qui
783 2608 889 2649 non
916 2607 1133 2648 crucem
1161 2606 1314 2647 suam
1341 2633 1354 2656 ,
1385 2590 1439 2645 in
1467 2605 1568 2660 qua
1591 2590 1968 2660 compatimur,

377 2689 795 2755 commorimur,
828 2687 1260 2758 consepclimur,
1309 2685 1782 2754 conresurgimus,
1831 2687 1973 2740 acci-

378 2782 554 2852 piens,
590 2779 872 2834 Dominum
897 2779 968 2834 sit
993 2788 1230 2846 secutus,
1264 2777 1318 2832 in
1346 2775 1451 2832 hoc
1477 2784 1819 2832 sacramento
1846 2775 1969 2832 ﬁdei

383 2874 606 2944 spiritus
639 2877 878 2927 novitate
901 2873 1157 2927 victurus.

447 2967 539 3022 26.
566 2967 783 3022 Mortem
825 2967 981 3037 infert
1007 2965 1171 3031 vitiis,
1223 2965 1400 3019 mortis
1443 2964 1614 3034 aufert
1661 2975 1874 3019 metum.
1900 2994 1970 3005 —

381 3059 484 3126 Qui
510 3060 756 3114 invenerit
776 3058 999 3112 animant
1019 3073 1166 3111 suam
1192 3099 1206 3122 ,
1245 3058 1422 3126 perdet
1449 3055 1636 3120 illam;
1667 3065 1716 3111 et
1738 3056 1827 3126 qui
1853 3071 1971 3127 per-

2076 1848 2260 1917 giente
2291 1864 2304 1900 :
2333 1848 2613 1918 quandoin
2633 1850 2944 1920 recipiendo
2967 1850 3116 1919 justo
3146 1859 3201 1905 et
3231 1850 3491 1920 propheta
3510 1893 3525 1916 ,
3558 1853 3674 1922 ipse

2078 1942 2394 1996 reverentitn
2423 1939 2646 1997 affectus
2673 1952 2726 1998 et
2754 1943 2887 2013 justi
2918 1942 3178 2000 honorem
3229 1944 3456 2016 accipiat
3477 1954 3532 2002 et
3552 1960 3678 2016 pro-

2077 2033 2274 2104 phetzn.

2147 2125 2237 2181 29.
2274 2125 2585 2198 Obsequium
2606 2128 2700 2182 sub
2741 2129 3005 2200 religionis
3029 2129 3273 2198 Opinione
3286 2128 3515 2183 delatum
3536 2129 3676 2183 indi-

2075 2233 2205 2288 gno,
2237 2218 2468 2273 mercede
2497 2235 2597 2272 non
2623 2221 2916 2290 fraudatur.
2946 2251 3018 2260 —
3061 2217 3127 2273 Et
3149 2222 3453 2289 quicumque
3494 2230 3671 2291 potum

2077 2311 2270 2364 dederit
2306 2312 2396 2365 uni
2420 2328 2483 2366 ex
2511 2312 2735 2366 minimis
2781 2313 2867 2367 isti
2915 2314 3122 2367 calicem
3155 2331 3300 2385 aqute
3337 2315 3576 2387 frigidm,
3623 2322 3678 2370 et

2078 2402 2282 2472 reliqua
2315 2400 2477 2474 (Ibid.
2505 2403 2621 2474 42).
2653 2402 2770 2458 Non
2801 2405 2960 2460 inane
2991 2419 3111 2460 esse
3137 2405 3296 2461 bona:
3323 2406 3672 2463 conscientia:

2076 2508 2212 2564 opus
2258 2493 2476 2561 docuit,
2520 2510 2697 2566 neque
2739 2511 2890 2566 spem
2933 2497 3060 2554 ﬁdei
3101 2499 3292 2555 alienae
3346 2499 3676 2556 inﬁdelitatis

2077 2584 2306 2641 crimine
2334 2585 2599 2642 laborare.
2627 2588 2786 2660 721
2817 2589 3112 2646 Providens
3131 2592 3276 2646 enim
3316 2593 3500 2663 plures
3530 2594 3675 2648 futu-

2077 2696 2168 2736 ros
2200 2690 2403 2736 tantum
2424 2683 2759 2752 apostolatus
2787 2685 3006 2742 nomine
3037 2686 3337 2756 gloriosos,
3369 2688 3514 2742 omni
3544 2703 3674 2743 vero

2078 2773 2203 2829 vita:
2231 2789 2342 2830 suae
2373 2791 2538 2845 opere
2566 2777 2978 2848 improbabiles,
3020 2779 3348 2852 eosdemque
3367 2781 3458 2836 diu
3489 2781 3673 2837 fallere

2076 2865 2277 2937 diuque
2304 2868 2552 2933 mentiri,
2595 2877 2771 2924 tamen
2823 2870 3170 2942 obsequium,
3220 2873 3364 2942 quod
3393 2873 3524 2942 ipsis
3571 2875 3672 2929 sub

2077 2955 2354 3026 religionis
2382 2956 2636 3025 Opinione
2682 2956 2916 3012 delatum
2946 2959 3043 3026 sit,
3081 2959 3331 3016 mercede
3371 2961 3551 3031 operis
3589 2961 3669 3015 sui

2076 3052 2299 3121 speique
2325 3067 2429 3105 non
2461 3051 2692 3107 fraudat.
2725 3051 2858 3108 Nam
2907 3053 3033 3109 licet
3061 3054 3164 3124 ipsi
3197 3054 3404 3110 minimi
3449 3064 3666 3122 essent,

377 3154 564 3208 diderit
635 3153 861 3207 animam
918 3167 1066 3205 suam
1133 3158 1341 3220 prOpter
1393 3165 1507 3215 me,
1583 3149 1800 3202 inveniet
1859 3145 2044 3208 eamC
2077 3141 2131 3197 id
2178 3150 2288 3207 est,
2325 3153 2666 3213 peccatorum
2712 3145 2952 3200 omnium
2996 3147 3166 3201 ultimi
3211 3148 3518 3218 (minimum
3554 3163 3673 3203 om-

377 3245 537 3317 (Ibid.
579 3237 693 3316 59).
725 3243 887 3298 Verbi
934 3243 1142 3299 scilicet
1182 3252 1478 3320 potcState,
1521 3251 1577 3298 et
1623 3253 1864 3297 veterum
1888 3241 1968 3296 di-

379 3340 586 3396 visione
603 3340 684 3410 (ά)
709 3339 982 3406 vitiorum,
1015 3335 1257 3408 proﬁciet
1287 3337 1494 3392 lucrum
1521 3335 1715 3392 animus
1740 3335 1793 3390 in
1822 3351 1969 3391 mor—

379 3443 484 3490 tem
505 3476 518 3498 ,
550 3443 605 3489 ct
634 3433 889 3489 damnum
922 3433 974 3486 in
1004 3433 1253 3487 salutem.
1287 3431 1428 3502 Ergo
1453 3429 1790 3499 suscipienda
1821 3443 1968 3483 mors

375 3527 532 3582 estin
559 3525 797 3580 novitate
815 3524 940 3579 vitae
959 3565 974 3591 ,
999 3533 1054 3580 et
1080 3523 1227 3578 cruci
1256 3523 1472 3578 Domini
1494 3521 1812 3592 conligenda
1841 3529 1969 3576 sunt

376 3619 536 3673 vitia:
565 3628 619 3673 et
649 3617 902 3673 adversus
932 3627 1348 3686 persequentes,
1371 3598 1692 3686 contemptu
1730 3630 1965 3683 praesen-

380 3709 815 3780 tium,gloriosaa
867 3707 1226 3764 confessionis
1277 3706 1554 3763 retinenda
1602 3706 1824 3762 libertas
1848 3713 1967 3770 est,

375 3811 433 3860 ct
455 3802 771 3857 damnosum
799 3801 993 3856 anima:
1045 3801 1251 3855 lucrum
1283 3798 1692 3870 refugiendum:
1735 3800 1968 3853 scientes

373 3895 621 3965 cuiquam
651 3895 739 3963 jus
762 3893 816 3948 in
863 3890 1099 3948 animam
1129 3905 1236 3947 non
1268 3891 1530 3962 relinqui,
1564 3901 1617 3945 et
1644 3890 1968 3947 detrimento

372 3988 554 4046 brevis
575 3988 724 4056 vitae,
753 3987 928 4043 faenus
958 3985 1377 4042 immortalitatis
1406 3985 1630 4055 acquiri.
1868 4053 1874 4059 η

443 4079 538 4134 ‘27.
571 4076 808 4133 Christus
834 4078 921 4146 qui
941 4077 1216 4131 mediator.
1246 4104 1318 4116 -—-
1362 4076 1464 4140 Qui
1513 4075 1694 4146 recipit
1719 4091 1806 4131 vos
1832 4116 1846 4140 ,
1891 4092 1970 4130 me

373 4172 581 4243 recipit:
626 4181 673 4225 et
705 4173 790 4242 qui
834 4187 914 4224 me
940 4171 1155 4239 recipit,
1197 4169 1383 4240 recipit
1431 4184 1544 4222 eum
1585 4169 1672 4237 qui
1700 4184 1780 4222 me
1832 4168 1971 4221 misit

380 4265 557 4337 (Ibid.
605 4262 724 4336 40).
772 4263 1050 4320 Universis
1089 4261 1348 4318 doctrina:
1393 4261 1640 4318 aﬁ‘ectum
1685 4272 1739 4317 et
1771 4275 1972 4331 praece-

377 4369 587 4431 ptorum
619 4357 957 4413 sedulitatem
1004 4355 1280 4426 impendit.
1313 4355 1380 4410 Et
1413 4355 1503 4426 qui
1527 4350 1830 4427 periculum
1861 4369 1969 4409 non

375 4453 746 4522 recipientium
799 4449 1074 4521 apostolos
1130 4449 1338 4504 excussi
1371 4449 1605 4518 pulveris
1660 4447 1969 4504 testimonio

2081 3236 2227 3292 nium
2258 3247 2437 3292 autem
2479 3247 2598 3305 est,
2627 3254 2737 3310 quo
2784 3239 2962 3295 minus
3013 3241 3142 3295 nihil
3193 3241 3338 3296 aliud
3368 3243 3508 3311 est),
3563 3257 3668 3296 non

2073 3330 2252 3384 inania
2297 3339 2474 3386 tamen
2515 3332 2570 3385 in
2611 3349 2706 3388 eos
2750 3334 2916 3389 etiam
2946 3335 3120 3401 levia,
3167 3353 3288 3407 quae
3331 3337 3433 3392 sub
3458 3336 3669 3407 frigida:

2073 3439 2226 3494 aqua:
2262 3425 2480 3480 nomine
2527 3425 2811 3496 designat,
2848 3426 3026 3484 ofﬁcia
3074 3443 3196 3484 esse
3241 3431 3507 3486 decernit.
3548 3431 3667 3485 Non

2072 3517 2216 3572 enim
2247 3518 2482 3587 peccatis
2530 3517 2795 3584 hominis,
2829 3520 2924 3576 sed
2968 3521 3219 3592 discipuli
3245 3523 3448 3578 nomini
3497 3524 3670 3578 honor

2073 3612 2345 3682 praestitus
2376 3619 2479 3667 est.
2505 3615 2681 3682 Atque
2713 3613 2786 3667 ita
2810 3613 3132 3682 probitatem
3160 3617 3503 3685 obsequentis
3523 3657 3537 3680 ,
3569 3615 3666 3670 fal-

2073 3705 2233 3759 lentis
2249 3704 2318 3759 de
2335 3720 2394 3760 se
2417 3704 2610 3774 probra
2638 3721 2744 3760 non
2769 3706 2970 3762 laedunt
2987 3726 2999 3761 :
3017 3723 3140 3762 cum
3182 3708 3486 3764 mercedem
3511 3725 3666 3764 suam

2072 3797 2249 3853 dantis
2272 3798 2378 3854 ﬁde
2399 3838 2415 3866 ,
2441 3814 2548 3854 non
2592 3800 2918 3854 assumentis
2965 3800 3251 3855 mendacio
3278 3811 3666 3871 consequatur.

2685 3890 2913 3947 CAPUT
2939 3890 3031 3946 XI.

2069 3982 2301 4038 Joannes
2355 3984 2419 4037 de
2457 3998 2656 4037 carcere
2704 3982 2772 4035 ad
2817 3980 2999 4036 Jesum
3061 3985 3244 4052 mittit,
3296 3996 3342 4040 et
3402 3985 3554 4042 Jesus
3603 3989 3668 4044 de

2141 4072 2344 4128 Joanne
2393 4073 2462 4128 ad
2494 4073 2667 4128 turbas
2708 4073 2953 4145 loquitur.
2984 4072 3118 4130 Item
3162 4078 3416 4150 confessio
3440 4066 3578 4135 Jesu
3595 4081 3666 4134 ad

2143 4168 2376 4224 Patrem.

2145 4263 2197 4316 1.
2245 4260 2473 4315 Joannes
2529 4260 2788 4316 Christum
2849 4279 2951 4318 non
3005 4264 3280 4332 ignoravit.
3324 4296 3398 4306 —
3436 4265 3668 4325 Joannes

2070 4368 2188 4407 cum
2234 4353 2463 4408 audisset
2499 4353 2574 4426 (g)
2604 4354 2659 4408 in
2686 4370 2888 4410 carcere
2911 4371 3065 4427 Opera
3105 4354 3332 4426 Christi,
3365 4361 3571 4416 ntittens
3595 4361 3666 4416 ad

2071 4463 2187 4502 eum
2212 4446 2494 4519 discipulos
2523 4463 2674 4514 suos,
2700 4449 2772 4502 ait
2805 4449 2886 4503 illi
2917 4465 2934 4503 :
2964 4448 3041 4504 Tu
3069 4467 3122 4505 es
3170 4455 3257 4522 qui
3285 4464 3524 4510 uenturus
3572 4473 3658 4524 es,

373 4543 785 4608 denuntiasset,
835 4540 1209 4613 recipientium
1272 4541 1524 4596 meritum
1567 4540 1705 4596 ultra
1743 4540 1970 4611 gratiam
1994 4531 2048 4594 D
2075 4556 2143 4594 an
2181 4540 2342 4594 aliaat
2386 4550 2733 4611 exspectamus
2764 4541 2977 4613 (Matth.
3009 4559 3100 4610 xi,
3136 4543 3172 4597 2
3215 4555 3261 4598 et
3289 4545 3386 4616 5)?
3433 4546 3668 4605 Joannes

374 4637 448 4710 (e)
500 4637 697 4705 Sperati
739 4635 898 4691 ofﬁcii
944 4634 1320 4691 commendat:
1350 4633 1615 4704 docetque
1645 4635 1697 4688 in
1720 4649 1780 4690 se
1805 4635 1969 4690 etiam

373 4729 687 4787 mediatoris
719 4728 953 4784 officium
973 4769 988 4795 ,
1035 4729 1124 4798 qui
1155 4741 1276 4782 cum
1317 4726 1386 4781 sit
1440 4736 1690 4795 receptus
1720 4743 1748 4780 a
1778 4727 1933 4785 nobis
1953 4771 1968 4796 ,

369 4831 532 4894 atque
553 4822 644 4878 ille
671 4819 943 4892 profectus
969 4835 1035 4876 ex
1070 4819 1180 4875 Deo
1209 4819 1300 4888 sit,
1327 4818 1467 4875 Deus
1495 4834 1589 4890 per
1615 4819 1766 4876 illum
1804 4829 1972 4879 trans-

442 4969 522 5042 (a)
555 4971 608 5026 ln
653 4978 884 5040 quatuor
912 4983 1045 5024 mss.
1094 4968 1244 5042 inita.
1292 4966 1407 5023 Non
1437 4967 1768 5042 displiceret
1795 4969 1970 5025 insita.

374 5039 471 5096 llic
499 5039 628 5098 vero
660 5039 884 5112 ingenita
913 5039 1208 5112 (quomodo
1239 5053 1400 5112 supra
1428 5041 1667 5112 ingeniti)
1716 5041 1860 5097 idem
1889 5053 1976 5098 est

371 5112 515 5184 quod
545 5109 733 5168 innasci
752 5130 771 5169 :
801 5127 908 5183 quo
925 5109 1155 5167 nomine
1175 5109 1463 5168 inﬁdelitas
1485 5109 1549 5168 'ct
1575 5109 1850 5184 peccatum
1880 5130 1977 5172 seu

372 5183 620 5252 voluptas
649 5184 970 5239 indicantur.

447 5255 908 5328 (b)Colbertinus
951 5253 1125 5328 codex
1159 5271 1173 5308 :
1206 5255 1330 5320 quia
1394 5271 1553 5310 unum
1605 5272 1619 5309 :
1675 5255 1976 5328 faventibus

373 5326 645 5396 aliquibus
693 5328 845 5390 aliis,
879 5326 930 5379 in
972 5326 1164 5395 quibus
1190 5333 1368 5380 exstat
1414 5343 1517 5396 qua
1556 5344 1734 5382 unum.
1759 5327 1972 5390 Anima,

374 5412 574 5468 corpus
594 5407 647 5452 et
667 5399 917 5482 vqluntas
937 5396 1048 5479 jam
1077 5397 1141 5482 ad
1169 5396 1306 5451 duos
1325 5396 1688 5482 Leducuntur,
1712 5398 1985 5482 cumani-

376 5466 485 5524 [ηαξ
509 5485 666 5524 suum
708 5466 798 5540 jus
833 5466 1000 5523 cessit
1028 5469 1296 5522 voluntas.
1325 5466 1460 5521 Tum
1510 5484 1639 5540 vero
1668 5469 1980 5534 inﬁdelitas,

376 5550 681 5611 peccatum,
710 5537 769 5595 et
808 5541 1054 5594 voluntas
1083 5554 1112 5591 a
1144 5552 1372 5608 corpore
1414 5548 1468 5592 et
1515 5537 1690 5611 anima
1733 5540 1985 5594 dividun-

383 5609 492 5678 iur,
522 5613 715 5684 eisque
742 5612 1047 5684 subjacent,
1067 5623 1186 5664 cum
1212 5623 1310 5679 per
1326 5611 1583 5684 virtutem
1613 5609 1844 5682 Spiritus
1873 5611 1989 5668 ani-

383 5699 471 5740 ma
505 5693 560 5738 et
587 5679 786 5754 carpas
814 5679 894 5739 eis
925 5682 1195 5752 imperant
1222 5695 1283 5754 ac
1309 5679 1674 5754 dominantur:

380 5757 436 5829 ε
468 5753 542 5827 (e)
574 5753 697 5812 Hoc
713 5765 818 5822 est,
853 5767 1096 5810 amorem
1142 5753 1329 5823 patris,
1360 5753 1570 5824 matris,
1602 5754 1868 5828 conjugis,
1911 5755 1988 5811 uti

2079 4632 2328 4688 detentus
2369 4632 2422 4687 in
2447 4648 2666 4688 carcere
2700 4635 2980 4690 Dominum
3030 4636 3284 4706 ignorat?
3311 4647 3367 4694 et
3406 4641 3670 4711 propheta

2081 4735 2262 4781 tantus
2284 4725 2452 4780 Deum
2481 4739 2635 4780 suum
2658 4726 2865 4782 nescit?
2896 4728 3094 4798 Atquin
3123 4738 3405 4786 venturum
3435 4741 3494 4788 ut
3514 4735 3674 4805 praei—

2083 4829 2167 4875 tor
2191 4818 2486 4887 nuntiavit,
2515 4819 2902 4882 consistentem
2934 4828 2990 4875 ut
3017 4822 3278 4892 propheta
3304 4827 3554 4896 agnovit,
3577 4827 3673 4884 ad-

2079 4971 2188 5043 jam
2217 4971 2703 5045 observatumcap.
2734 4970 2790 5036 4,
2825 4987 2881 5045 n.
2907 4971 2996 5045 l9,
3031 4973 3143 5036 ubi,
3176 4973 3315 5029 sicut
3361 4983 3417 5029 et
3443 4974 3495 5028 in
3537 4976 3675 5045 psal.

2083 5042 2268 5118 cxvin,
2296 5059 2352 5098 n.
2385 5042 2548 5118 5,__ad
2575 5042 2806 5098 litteram
2830 5043 3100 5100 intellecta
3133 5056 3280 5113 sunt,
3303 5061 3422 5116 quas
3451 5042 3675 5118 bic'spi-

2081 5115 2310 5186 ritaliter
2328 5114 2686 5186 explicantur.

2158 5185 2411 5256 (d)Par.’
2439 5195 2561 5255 post.
2606 5185 2845 5255 Lipsium
2871 5226 2888 5253 ,
2944 5187 3282 5241 dimissione:
3326 5186 3504 5242 minus
3545 5202 3676 5242 cnn-

2082 5264 2341 5380 gruer‘ttsr
2360 5271 2482 5312 cum
2505 5257 2876 5328 superioribus
2896 5297 2912 5325 ,
2934 5267 2989 5314 et
3012 5267 3210 5328 praeter
3234 5269 3476 5314 veterum
3508 5258 3676 5315 libro-

2084 5343 2203 5380 rum
2253 5343 2266 5380 I
2309 5341 2415 5380 em.

2084 5343 2203 5383 rum
2233 5341 2415 5380 ltuem.

2161 5397 2541 5472 (e)Beccensis
2592 5398 2797 5465 codex,
2830 5400 2998 5472 parati
3042 5399 3216 5472 Ofﬁcii.
3267 5398 3379 5456 Hac
3419 5401 3675 5472 loquendi

2090 5469 2302 5525 ratiOne
2331 5470 2549 5540 gratiam
2575 5479 2835 5538 speratam
2861 5471 3022 5540 ofﬁcio
3049 5469 3349 5540 intelligere
3371 5484 3473 5528 est.

2165 5542 2235 5612 (f)
2269 5539 2377 5594 Etsi
2408 5541 2459 5592 in
2489 5539 2729 5609 pluribus
2759 5539 2897 5596 mss.
2921 5551 3094 5596 exstat
3126 5542 3181 5595 in
3209 5539 3380 5600 nobis:
3430 5544 3673 5599 retinen-

2091 5611 2221 5683 dum
2252 5619 2432 5683 tamen
2473 5611 2883 5683 innosﬁconstat
2928 5627 2993 5667 ex
3038 5628 3158 5683 cap.
3215 5614 3284 5668 1‘2
3310 5654 3326 5678 ,
3358 5629 3414 5669 n.
3447 5615 3514 5670 l2
3539 5656 3554 5680 ,
3585 5617 3676 5672 tibi

2097 5681 2239 5758 idem
2267 5680 2578 5758 hiematuris
2607 5682 2841 5758 ofﬁcium
2868 5683 3057 5758 eadem
3101 5680 3311 5758 ratione
3355 5686 3672 5758 explicatur.

2091 5809 2099 5826 ,
2164 5753 2240 5826 (g)
2270 5752 2398 5810 Mss.
2428 5752 2602 5811 Vatic.
2626 5761 2681 5809 et
2707 5754 2832 5812 Bec.
2871 5756 2924 5811 in
2946 5755 3182 5810 vinculis.
